  <div class='ocr_page' id='page_1' title='image "/cluster/home/n/w/nwhite01/storage/ocr_20150623/93/pst.000005712991/471.png"; bbox 0 0 3886 6306; ppageno 0'>
   <div class='ocr_carea' id='block_1_1' title="bbox 417 344 526 415">
    <p class='ocr_par' dir='ltr' id='par_1_1' title="bbox 417 344 526 415">
     <span class='ocr_line' id='line_1_1' title="bbox 417 344 526 415; baseline -0.064 -1"><span class='ocrx_word' id='word_1_1' title='bbox 417 344 526 415; x_wconf 79' lang='lat'><strong>919</strong></span> 
     </span>
    </p>
   </div>
   <div class='ocr_carea' id='block_1_2' title="bbox 1615 346 2499 410">
    <p class='ocr_par' dir='ltr' id='par_1_2' title="bbox 1615 346 2499 410">
     <span class='ocr_line' id='line_1_2' title="bbox 1615 346 2499 410; baseline 0.005 -4"><span class='ocrx_word' id='word_1_2' title='bbox 1615 346 1946 406; x_wconf 79' lang='lat' dir='ltr'><strong>HESYCHI</strong></span> <span class='ocrx_word' id='word_1_3' title='bbox 1953 347 1980 404; x_wconf 94' lang='grc' dir='ltr'>Ι</span> <span class='ocrx_word' id='word_1_4' title='bbox 2024 346 2499 410; x_wconf 82' lang='lat' dir='ltr'><strong>PRESBYTERI</strong></span> 
     </span>
    </p>
   </div>
   <div class='ocr_carea' id='block_1_3' title="bbox 3598 351 3718 416">
    <p class='ocr_par' dir='ltr' id='par_1_3' title="bbox 3598 351 3718 416">
     <span class='ocr_line' id='line_1_3' title="bbox 3598 351 3718 416; baseline 0 -2"><span class='ocrx_word' id='word_1_5' title='bbox 3598 351 3718 416; x_wconf 77' lang='lat'><strong>920</strong></span> 
     </span>
    </p>
   </div>
   <div class='ocr_carea' id='block_1_4' title="bbox 420 453 3715 537">
    <p class='ocr_par' dir='ltr' id='par_1_4' title="bbox 420 453 3715 537">
     <span class='ocr_line' id='line_1_4' title="bbox 420 453 3715 537; baseline 0.001 -23"><span class='ocrx_word' id='word_1_6' title='bbox 420 458 584 529; x_wconf 75' lang='lat' dir='ltr'><strong>Moysi</strong></span> <span class='ocrx_word' id='word_1_7' title='bbox 617 455 863 512; x_wconf 81' lang='lat' dir='ltr'><strong>sederunt</strong></span> <span class='ocrx_word' id='word_1_8' title='bbox 896 455 1094 512; x_wconf 79' lang='lat' dir='ltr'><strong>Scriba:</strong></span> <span class='ocrx_word' id='word_1_9' title='bbox 1110 464 1158 510; x_wconf 80' lang='grc' dir='ltr'>ει</span> <span class='ocrx_word' id='word_1_10' title='bbox 1193 454 1469 510; x_wconf 76' lang='lat' dir='ltr'><strong>Pharisaei.</strong></span> <span class='ocrx_word' id='word_1_11' title='bbox 1515 453 1709 508; x_wconf 89' lang='lat' dir='ltr'><strong>Omnia</strong></span> <span class='ocrx_word' id='word_1_12' title='bbox 1757 471 2004 524; x_wconf 69' lang='lat' dir='ltr'><strong>qna’cnn-</strong></span> <span class='ocrx_word' id='word_1_13' title='bbox 2035 463 2076 514; x_wconf 77' lang='grc' dir='ltr'>Α</span> <span class='ocrx_word' id='word_1_14' title='bbox 2109 459 2361 525; x_wconf 75' lang='lat' dir='ltr'><strong>medelis,</strong></span> <span class='ocrx_word' id='word_1_15' title='bbox 2393 461 2523 537; x_wconf 73' lang='lat' dir='ltr'><strong>quia</strong></span> <span class='ocrx_word' id='word_1_16' title='bbox 2551 459 2918 517; x_wconf 86' lang='lat' dir='ltr'><strong>abominabile</strong></span> <span class='ocrx_word' id='word_1_17' title='bbox 2950 471 3056 516; x_wconf 89' lang='lat' dir='ltr'><strong>est.</strong></span> <span class='ocrx_word' id='word_1_18' title='bbox 3093 460 3272 517; x_wconf 79' lang='lat' dir='ltr'><strong>Nolite</strong></span> <span class='ocrx_word' id='word_1_19' title='bbox 3315 465 3715 519; x_wconf 68' lang='lat' dir='ltr'><strong>contaminare</strong></span> 
     </span>
    </p>
   </div>
   <div class='ocr_carea' id='block_1_5' title="bbox 419 549 2000 622">
    <p class='ocr_par' dir='ltr' id='par_1_5' title="bbox 419 549 2000 622">
     <span class='ocr_line' id='line_1_5' title="bbox 419 549 2000 622; baseline -0.001 -17"><span class='ocrx_word' id='word_1_20' title='bbox 419 568 521 622; x_wconf 85' lang='lat' dir='ltr'><strong>que</strong></span> <span class='ocrx_word' id='word_1_21' title='bbox 553 551 732 606; x_wconf 77' lang='lat' dir='ltr'><strong>dicunt</strong></span> <span class='ocrx_word' id='word_1_22' title='bbox 760 552 922 616; x_wconf 81' lang='lat' dir='ltr'><strong>vobis,</strong></span> <span class='ocrx_word' id='word_1_23' title='bbox 958 549 1117 618; x_wconf 76' lang='lat' dir='ltr'><strong>facite</strong></span> <span class='ocrx_word' id='word_1_24' title='bbox 1137 560 1186 602; x_wconf 79' lang='lat' dir='ltr'><strong>et</strong></span> <span class='ocrx_word' id='word_1_25' title='bbox 1209 551 1494 614; x_wconf 80' lang='lat' dir='ltr'><strong>custodite;</strong></span> <span class='ocrx_word' id='word_1_26' title='bbox 1515 557 1796 604; x_wconf 76' lang='lat' dir='ltr'><strong>secundum</strong></span> <span class='ocrx_word' id='word_1_27' title='bbox 1825 561 2000 605; x_wconf 84' lang='lat' dir='ltr'><strong>autem</strong></span> 
     </span>
    </p>
   </div>
   <div class='ocr_carea' id='block_1_6' title="bbox 420 643 1262 714">
    <p class='ocr_par' dir='ltr' id='par_1_6' title="bbox 420 643 1262 714">
     <span class='ocr_line' id='line_1_6' title="bbox 420 643 1262 714; baseline -0.001 -18"><span class='ocrx_word' id='word_1_28' title='bbox 420 659 581 714; x_wconf 81' lang='lat' dir='ltr'><strong><em>opera</em></strong></span> <span class='ocrx_word' id='word_1_29' title='bbox 613 659 793 696; x_wconf 85' lang='lat' dir='ltr'><strong>eorum</strong></span> <span class='ocrx_word' id='word_1_30' title='bbox 816 643 976 696; x_wconf 83' lang='lat' dir='ltr'><strong>nolite</strong></span> <span class='ocrx_word' id='word_1_31' title='bbox 997 643 1170 712; x_wconf 77' lang='lat' dir='ltr'><strong>facere</strong></span> <span class='ocrx_word' id='word_1_32' title='bbox 1183 643 1262 695; x_wconf 79' lang='grc'><strong>⁵⁸.</strong></span> 
     </span>
    </p>
   </div>
   <div class='ocr_carea' id='block_1_7' title="bbox 497 730 2000 802">
    <p class='ocr_par' dir='ltr' id='par_1_7' title="bbox 497 730 2000 802">
     <span class='ocr_line' id='line_1_7' title="bbox 497 730 2000 802; baseline 0.001 -16"><span class='ocrx_word' id='word_1_33' title='bbox 497 730 656 786; x_wconf 79' lang='lat' dir='ltr'><strong>Vens.</strong></span> <span class='ocrx_word' id='word_1_34' title='bbox 677 733 766 796; x_wconf 75' lang='lat'><strong>57,</strong></span> <span class='ocrx_word' id='word_1_35' title='bbox 793 733 881 786; x_wconf 79' lang='grc'><strong>58.</strong></span> <span class='ocrx_word' id='word_1_36' title='bbox 916 751 934 782; x_wconf 76' lang='grc' dir='ltr'><strong>ι</strong></span> <span class='ocrx_word' id='word_1_37' title='bbox 971 732 1034 785; x_wconf 74' lang='grc' dir='ltr'><strong>δι.</strong></span> <span class='ocrx_word' id='word_1_38' title='bbox 1061 731 1314 786; x_wconf 80' lang='lat' dir='ltr'><strong>ceciderit</strong></span> <span class='ocrx_word' id='word_1_39' title='bbox 1341 748 1510 802; x_wconf 83' lang='lat' dir='ltr'><strong>super</strong></span> <span class='ocrx_word' id='word_1_40' title='bbox 1543 743 1864 798; x_wconf 86' lang='lat' dir='ltr'><strong>sementem,</strong></span> <span class='ocrx_word' id='word_1_41' title='bbox 1889 751 2000 790; x_wconf 84' lang='lat' dir='ltr'><strong>non</strong></span> 
     </span>
    </p>
   </div>
   <div class='ocr_carea' id='block_1_8' title="bbox 420 822 1998 894">
    <p class='ocr_par' dir='ltr' id='par_1_8' title="bbox 420 822 1998 894">
     <span class='ocr_line' id='line_1_8' title="bbox 420 822 1998 894; baseline 0.001 -16"><span class='ocrx_word' id='word_1_42' title='bbox 420 823 618 894; x_wconf 88' lang='lat' dir='ltr'><strong>polluit</strong></span> <span class='ocrx_word' id='word_1_43' title='bbox 647 839 789 878; x_wconf 87' lang='lat' dir='ltr'><strong>eam.</strong></span> <span class='ocrx_word' id='word_1_44' title='bbox 846 822 938 878; x_wconf 86' lang='lat' dir='ltr'><strong>Sin</strong></span> <span class='ocrx_word' id='word_1_45' title='bbox 970 831 1153 877; x_wconf 86' lang='lat' dir='ltr'><strong>autem</strong></span> <span class='ocrx_word' id='word_1_46' title='bbox 1193 824 1462 894; x_wconf 84' lang='lat' dir='ltr'><strong>quispiam</strong></span> <span class='ocrx_word' id='word_1_47' title='bbox 1505 841 1647 894; x_wconf 80' lang='lat' dir='ltr'><strong>aqua</strong></span> <span class='ocrx_word' id='word_1_48' title='bbox 1700 837 1998 882; x_wconf 76' lang='lat' dir='ltr'><strong>sementem</strong></span> 
     </span>
    </p>
   </div>
   <div class='ocr_carea' id='block_1_9' title="bbox 422 915 1999 986">
    <p class='ocr_par' dir='ltr' id='par_1_9' title="bbox 422 915 1999 986">
     <span class='ocr_line' id='line_1_9' title="bbox 422 915 1999 986; baseline 0.005 -20"><span class='ocrx_word' id='word_1_49' title='bbox 422 915 800 984; x_wconf 86' lang='lat' dir='ltr'><strong>perfuderitet</strong></span> <span class='ocrx_word' id='word_1_50' title='bbox 837 923 1028 986; x_wconf 81' lang='lat' dir='ltr'><strong>postea</strong></span> <span class='ocrx_word' id='word_1_51' title='bbox 1077 916 1380 971; x_wconf 83' lang='lat' dir='ltr'><strong>morticinis</strong></span> <span class='ocrx_word' id='word_1_52' title='bbox 1411 926 1548 972; x_wconf 85' lang='lat' dir='ltr'><strong>tacta</strong></span> <span class='ocrx_word' id='word_1_53' title='bbox 1601 918 1788 984; x_wconf 76' lang='lat' dir='ltr'><strong>fuerit,</strong></span> <span class='ocrx_word' id='word_1_54' title='bbox 1854 919 1999 974; x_wconf 78' lang='lat' dir='ltr'><strong>illico</strong></span> 
     </span>
    </p>
   </div>
   <div class='ocr_carea' id='block_1_10' title="bbox 423 1007 772 1074">
    <p class='ocr_par' dir='ltr' id='par_1_10' title="bbox 423 1007 772 1074">
     <span class='ocr_line' id='line_1_10' title="bbox 423 1007 772 1074; baseline -0.006 -16"><span class='ocrx_word' id='word_1_55' title='bbox 423 1007 711 1074; x_wconf 84' lang='lat' dir='ltr'><strong>polluetur.</strong></span> <span class='ocrx_word' id='word_1_56' title='bbox 753 1025 772 1056; x_wconf 71' lang='grc' dir='ltr'><strong>ι</strong></span> 
     </span>
    </p>
   </div>
   <div class='ocr_carea' id='block_1_11' title="bbox 491 1096 1997 1172">
    <p class='ocr_par' dir='ltr' id='par_1_11' title="bbox 491 1096 1997 1172">
     <span class='ocr_line' id='line_1_11' title="bbox 491 1096 1997 1172; baseline 0.005 -22"><span class='ocrx_word' id='word_1_57' title='bbox 491 1096 634 1150; x_wconf 84' lang='lat' dir='ltr'><strong>Nihil</strong></span> <span class='ocrx_word' id='word_1_58' title='bbox 663 1097 1028 1155; x_wconf 82' lang='lat' dir='ltr'><strong>indiscussnm</strong></span> <span class='ocrx_word' id='word_1_59' title='bbox 1066 1099 1320 1169; x_wconf 85' lang='lat' dir='ltr'><strong>relinquit</strong></span> <span class='ocrx_word' id='word_1_60' title='bbox 1357 1101 1650 1172; x_wconf 83' lang='lat' dir='ltr'><strong>legislator,</strong></span> <span class='ocrx_word' id='word_1_61' title='bbox 1683 1104 1780 1157; x_wconf 87' lang='lat' dir='ltr'><strong>sed</strong></span> <span class='ocrx_word' id='word_1_62' title='bbox 1813 1105 1997 1158; x_wconf 81' lang='lat' dir='ltr'><strong>omnia</strong></span> 
     </span>
    </p>
   </div>
   <div class='ocr_carea' id='block_1_12' title="bbox 422 1189 1998 1266">
    <p class='ocr_par' dir='ltr' id='par_1_12' title="bbox 422 1189 1998 1266">
     <span class='ocr_line' id='line_1_12' title="bbox 422 1189 1998 1266; baseline 0.005 -24"><span class='ocrx_word' id='word_1_63' title='bbox 422 1189 476 1242; x_wconf 93' lang='lat' dir='ltr'><strong>in</strong></span> <span class='ocrx_word' id='word_1_64' title='bbox 515 1189 868 1260; x_wconf 84' lang='lat' dir='ltr'><strong>subsequenti</strong></span> <span class='ocrx_word' id='word_1_65' title='bbox 895 1193 1139 1258; x_wconf 79' lang='lat' dir='ltr'><strong>discutit,</strong></span> <span class='ocrx_word' id='word_1_66' title='bbox 1173 1193 1564 1264; x_wconf 79' lang='lat' dir='ltr'><strong>perfectionem</strong></span> <span class='ocrx_word' id='word_1_67' title='bbox 1609 1195 1744 1265; x_wconf 81' lang='lat' dir='ltr'><strong>legis</strong></span> <span class='ocrx_word' id='word_1_68' title='bbox 1780 1198 1998 1266; x_wconf 89' lang='lat' dir='ltr'><strong>spirita-</strong></span> 
     </span>
    </p>
   </div>
   <div class='ocr_carea' id='block_1_13' title="bbox 421 1283 1994 1356">
    <p class='ocr_par' dir='ltr' id='par_1_13' title="bbox 421 1283 1994 1356">
     <span class='ocr_line' id='line_1_13' title="bbox 421 1283 1994 1356; baseline 0.005 -19"><span class='ocrx_word' id='word_1_69' title='bbox 421 1283 524 1338; x_wconf 89' lang='lat' dir='ltr'><strong>lem</strong></span> <span class='ocrx_word' id='word_1_70' title='bbox 555 1283 786 1353; x_wconf 89' lang='lat' dir='ltr'><strong>probare</strong></span> <span class='ocrx_word' id='word_1_71' title='bbox 824 1285 1162 1349; x_wconf 87' lang='lat' dir='ltr'><strong>desiderans,</strong></span> <span class='ocrx_word' id='word_1_72' title='bbox 1214 1287 1314 1341; x_wconf 89' lang='lat' dir='ltr'><strong>etsi</strong></span> <span class='ocrx_word' id='word_1_73' title='bbox 1359 1287 1675 1356; x_wconf 87' lang='lat' dir='ltr'><strong>imperfecta</strong></span> <span class='ocrx_word' id='word_1_74' title='bbox 1710 1289 1790 1343; x_wconf 88' lang='lat' dir='ltr'><strong>eis</strong></span> <span class='ocrx_word' id='word_1_75' title='bbox 1847 1292 1994 1346; x_wconf 84' lang='lat' dir='ltr'><strong>vide-</strong></span> 
     </span>
    </p>
   </div>
   <div class='ocr_carea' id='block_1_14' title="bbox 420 1375 1998 1444">
    <p class='ocr_par' dir='ltr' id='par_1_14' title="bbox 420 1375 1998 1444">
     <span class='ocr_line' id='line_1_14' title="bbox 420 1375 1998 1444; baseline 0.004 -16"><span class='ocrx_word' id='word_1_76' title='bbox 420 1375 580 1430; x_wconf 82' lang='lat' dir='ltr'><strong>batur</strong></span> <span class='ocrx_word' id='word_1_77' title='bbox 606 1377 825 1444; x_wconf 84' lang='lat' dir='ltr'><strong>quando</strong></span> <span class='ocrx_word' id='word_1_78' title='bbox 858 1375 1026 1429; x_wconf 86' lang='lat' dir='ltr'><strong>solam</strong></span> <span class='ocrx_word' id='word_1_79' title='bbox 1056 1376 1408 1430; x_wconf 86' lang='lat' dir='ltr'><strong>intuebantur</strong></span> <span class='ocrx_word' id='word_1_80' title='bbox 1444 1379 1700 1432; x_wconf 84' lang='lat' dir='ltr'><strong>litteram.</strong></span> <span class='ocrx_word' id='word_1_81' title='bbox 1732 1380 1998 1434; x_wconf 63' lang='lat' dir='ltr'><strong>Diti‘eren-</strong></span> 
     </span>
    </p>
   </div>
   <div class='ocr_carea' id='block_1_15' title="bbox 423 1466 1996 1542">
    <p class='ocr_par' dir='ltr' id='par_1_15' title="bbox 423 1466 1996 1542">
     <span class='ocr_line' id='line_1_15' title="bbox 423 1466 1996 1542; baseline 0.004 -22"><span class='ocrx_word' id='word_1_82' title='bbox 423 1467 553 1520; x_wconf 87' lang='lat' dir='ltr'><strong>tiam</strong></span> <span class='ocrx_word' id='word_1_83' title='bbox 614 1466 904 1537; x_wconf 81' lang='lat' dir='ltr'><strong>igiturhic</strong></span> <span class='ocrx_word' id='word_1_84' title='bbox 961 1467 1282 1528; x_wconf 71' lang='lat' dir='ltr'><strong>infidelium.</strong></span> <span class='ocrx_word' id='word_1_85' title='bbox 1314 1470 1406 1538; x_wconf 88' lang='lat' dir='ltr'><strong>qui</strong></span> <span class='ocrx_word' id='word_1_86' title='bbox 1453 1471 1684 1524; x_wconf 78' lang='lat' dir='ltr'><strong>necdum</strong></span> <span class='ocrx_word' id='word_1_87' title='bbox 1742 1472 1996 1542; x_wconf 78' lang='lat' dir='ltr'><strong>baptizati</strong></span> 
     </span>
    </p>
   </div>
   <div class='ocr_carea' id='block_1_16' title="bbox 419 1559 1996 1634">
    <p class='ocr_par' dir='ltr' id='par_1_16' title="bbox 419 1559 1996 1634">
     <span class='ocr_line' id='line_1_16' title="bbox 419 1559 1996 1634; baseline 0.004 -21"><span class='ocrx_word' id='word_1_88' title='bbox 419 1568 550 1613; x_wconf 86' lang='lat' dir='ltr'><strong>sunt</strong></span> <span class='ocrx_word' id='word_1_89' title='bbox 574 1559 817 1628; x_wconf 76' lang='lat' dir='ltr'><strong>exponit,</strong></span> <span class='ocrx_word' id='word_1_90' title='bbox 852 1569 908 1613; x_wconf 86' lang='lat' dir='ltr'><strong>et</strong></span> <span class='ocrx_word' id='word_1_91' title='bbox 935 1575 1123 1614; x_wconf 81' lang='lat' dir='ltr'><strong>semen</strong></span> <span class='ocrx_word' id='word_1_92' title='bbox 1174 1571 1435 1630; x_wconf 75' lang='lat' dir='ltr'><strong>utrosque</strong></span> <span class='ocrx_word' id='word_1_93' title='bbox 1485 1563 1742 1632; x_wconf 85' lang='lat' dir='ltr'><strong>appellat,</strong></span> <span class='ocrx_word' id='word_1_94' title='bbox 1807 1573 1996 1634; x_wconf 87' lang='lat' dir='ltr'><strong>utpote</strong></span> 
     </span>
    </p>
   </div>
   <div class='ocr_carea' id='block_1_17' title="bbox 418 1651 1996 1726">
    <p class='ocr_par' dir='ltr' id='par_1_17' title="bbox 418 1651 1996 1726">
     <span class='ocr_line' id='line_1_17' title="bbox 418 1651 1996 1726; baseline 0.005 -22"><span class='ocrx_word' id='word_1_95' title='bbox 418 1651 510 1720; x_wconf 90' lang='lat' dir='ltr'><strong>qui</strong></span> <span class='ocrx_word' id='word_1_96' title='bbox 563 1661 922 1719; x_wconf 76' lang='lat' dir='ltr'><strong>susceperunt</strong></span> <span class='ocrx_word' id='word_1_97' title='bbox 979 1653 1126 1721; x_wconf 82' lang='lat' dir='ltr'><strong>regni</strong></span> <span class='ocrx_word' id='word_1_98' title='bbox 1162 1653 1626 1722; x_wconf 65' lang='lat' dir='ltr'><strong>praedicationem.</strong></span> <span class='ocrx_word' id='word_1_99' title='bbox 1673 1653 1745 1707; x_wconf 86' lang='lat' dir='ltr'><strong>De</strong></span> <span class='ocrx_word' id='word_1_100' title='bbox 1799 1657 1996 1726; x_wconf 85' lang='lat' dir='ltr'><strong>quibus</strong></span> 
     </span>
    </p>
   </div>
   <div class='ocr_carea' id='block_1_18' title="bbox 2103 551 3715 625">
    <p class='ocr_par' dir='ltr' id='par_1_18' title="bbox 2103 551 3715 625">
     <span class='ocr_line' id='line_1_18' title="bbox 2103 551 3715 625; baseline 0.004 -23"><span class='ocrx_word' id='word_1_101' title='bbox 2103 551 2314 605; x_wconf 72' lang='lat' dir='ltr'><strong>anit‘nas</strong></span> <span class='ocrx_word' id='word_1_102' title='bbox 2367 561 2604 618; x_wconf 86' lang='lat' dir='ltr'><strong>vestras,</strong></span> <span class='ocrx_word' id='word_1_103' title='bbox 2663 569 2766 608; x_wconf 87' lang='lat' dir='ltr'><strong>nec</strong></span> <span class='ocrx_word' id='word_1_104' title='bbox 2798 554 3031 625; x_wconf 79' lang='lat' dir='ltr'><strong>tangatis</strong></span> <span class='ocrx_word' id='word_1_105' title='bbox 3061 553 3361 624; x_wconf 80' lang='lat' dir='ltr'><strong>quidquam</strong></span> <span class='ocrx_word' id='word_1_106' title='bbox 3401 569 3610 609; x_wconf 84' lang='lat' dir='ltr'><strong>eorum</strong></span> <span class='ocrx_word' id='word_1_107' title='bbox 3639 571 3715 611; x_wconf 76' lang='lat' dir='ltr'><strong>ne</strong></span> 
     </span>
    </p>
   </div>
   <div class='ocr_carea' id='block_1_19' title="bbox 2105 642 2592 698">
    <p class='ocr_par' dir='ltr' id='par_1_19' title="bbox 2105 642 2592 698">
     <span class='ocr_line' id='line_1_19' title="bbox 2105 642 2592 698; baseline 0 -4"><span class='ocrx_word' id='word_1_108' title='bbox 2105 642 2371 698; x_wconf 82' lang='lat' dir='ltr'><strong>immundi</strong></span> <span class='ocrx_word' id='word_1_109' title='bbox 2397 644 2534 698; x_wconf 88' lang='lat' dir='ltr'><strong>sitis.</strong></span> <span class='ocrx_word' id='word_1_110' title='bbox 2575 663 2592 694; x_wconf 75' lang='grc' dir='ltr'><strong>ι</strong></span> 
     </span>
    </p>
   </div>
   <div class='ocr_carea' id='block_1_20' title="bbox 2171 733 3712 807">
    <p class='ocr_par' dir='ltr' id='par_1_20' title="bbox 2171 733 3712 807">
     <span class='ocr_line' id='line_1_20' title="bbox 2171 733 3712 807; baseline 0.002 -19"><span class='ocrx_word' id='word_1_111' title='bbox 2171 733 2292 789; x_wconf 71' lang='lat' dir='ltr'><strong>iam</strong></span> <span class='ocrx_word' id='word_1_112' title='bbox 2333 745 2387 788; x_wconf 89' lang='lat' dir='ltr'><strong>et</strong></span> <span class='ocrx_word' id='word_1_113' title='bbox 2420 737 2533 790; x_wconf 63' lang='lat' dir='ltr'><strong>haec</strong></span> <span class='ocrx_word' id='word_1_114' title='bbox 2578 736 2836 805; x_wconf 83' lang='lat' dir='ltr'><strong>superius</strong></span> <span class='ocrx_word' id='word_1_115' title='bbox 2888 735 3158 807; x_wconf 72' lang='lat' dir='ltr'><strong>legislator</strong></span> <span class='ocrx_word' id='word_1_116' title='bbox 3201 735 3484 806; x_wconf 70' lang='lat' dir='ltr'><strong>exposuit.</strong></span> <span class='ocrx_word' id='word_1_117' title='bbox 3541 733 3712 791; x_wconf 71' lang='lat' dir='ltr'><strong>Nunc</strong></span> 
     </span>
    </p>
   </div>
   <div class='ocr_carea' id='block_1_21' title="bbox 2101 819 3710 898">
    <p class='ocr_par' dir='ltr' id='par_1_21' title="bbox 2101 819 3710 898">
     <span class='ocr_line' id='line_1_21' title="bbox 2101 819 3710 898; baseline 0.003 -20"><span class='ocrx_word' id='word_1_118' title='bbox 2101 819 2281 880; x_wconf 81' lang='lat' dir='ltr'><strong>aute&#39;m</strong></span> <span class='ocrx_word' id='word_1_119' title='bbox 2317 827 2443 881; x_wconf 88' lang='lat' dir='ltr'><strong>ideo</strong></span> <span class='ocrx_word' id='word_1_120' title='bbox 2492 829 2713 898; x_wconf 81' lang='lat' dir='ltr'><strong>repetit,</strong></span> <span class='ocrx_word' id='word_1_121' title='bbox 2760 838 2818 881; x_wconf 91' lang='grc' dir='ltr'><strong>ιιι</strong></span> <span class='ocrx_word' id='word_1_122' title='bbox 2871 827 3144 898; x_wconf 80' lang='lat' dir='ltr'><strong>frequenti</strong></span> <span class='ocrx_word' id='word_1_123' title='bbox 3194 827 3576 883; x_wconf 81' lang='lat' dir='ltr'><strong>meditatione</strong></span> <span class='ocrx_word' id='word_1_124' title='bbox 3637 831 3710 883; x_wconf 83' lang='lat' dir='ltr'><strong>ad</strong></span> 
     </span>
    </p>
   </div>
   <div class='ocr_carea' id='block_1_22' title="bbox 2103 920 3707 992">
    <p class='ocr_par' dir='ltr' id='par_1_22' title="bbox 2103 920 3707 992">
     <span class='ocr_line' id='line_1_22' title="bbox 2103 920 3707 992; baseline 0.004 -20"><span class='ocrx_word' id='word_1_125' title='bbox 2103 920 2520 977; x_wconf 80' lang='lat' dir='ltr'><strong>custodiendam</strong></span> <span class='ocrx_word' id='word_1_126' title='bbox 2553 921 2726 992; x_wconf 77' lang='lat' dir='ltr'><strong>legem</strong></span> <span class='ocrx_word' id='word_1_127' title='bbox 2758 933 2979 978; x_wconf 81' lang='lat' dir='ltr'><strong>moveat</strong></span> <span class='ocrx_word' id='word_1_128' title='bbox 3023 923 3358 978; x_wconf 75' lang='lat' dir='ltr'><strong>auditorem.</strong></span> <span class='ocrx_word' id='word_1_129' title='bbox 3409 921 3707 989; x_wconf 83' lang='lat' dir='ltr'><strong>Quamob-</strong></span> 
     </span>
    </p>
   </div>
   <div class='ocr_carea' id='block_1_23' title="bbox 2102 1011 3706 1084">
    <p class='ocr_par' dir='ltr' id='par_1_23' title="bbox 2102 1011 3706 1084">
     <span class='ocr_line' id='line_1_23' title="bbox 2102 1011 3706 1084; baseline 0.005 -22"><span class='ocrx_word' id='word_1_130' title='bbox 2102 1025 2216 1063; x_wconf 88' lang='lat' dir='ltr'><strong>rem</strong></span> <span class='ocrx_word' id='word_1_131' title='bbox 2249 1019 2302 1064; x_wconf 86' lang='lat' dir='ltr'><strong>et</strong></span> <span class='ocrx_word' id='word_1_132' title='bbox 2323 1026 2352 1064; x_wconf 88' lang='lat' dir='ltr'><strong>a</strong></span> <span class='ocrx_word' id='word_1_133' title='bbox 2381 1011 2539 1066; x_wconf 87' lang='lat' dir='ltr'><strong>nobis</strong></span> <span class='ocrx_word' id='word_1_134' title='bbox 2572 1012 2978 1082; x_wconf 85' lang='lat' dir='ltr'><strong>recapitulanda</strong></span> <span class='ocrx_word' id='word_1_135' title='bbox 3011 1025 3158 1078; x_wconf 85' lang='lat' dir='ltr'><strong>sunt,</strong></span> <span class='ocrx_word' id='word_1_136' title='bbox 3185 1015 3313 1083; x_wconf 84' lang='lat' dir='ltr'><strong>quia</strong></span> <span class='ocrx_word' id='word_1_137' title='bbox 3342 1023 3399 1068; x_wconf 86' lang='lat' dir='ltr'><strong>et</strong></span> <span class='ocrx_word' id='word_1_138' title='bbox 3429 1015 3706 1084; x_wconf 74' lang='lat' dir='ltr'><strong>quiddam</strong></span> 
     </span>
    </p>
   </div>
   <div class='ocr_carea' id='block_1_24' title="bbox 2101 1102 3708 1172">
    <p class='ocr_par' dir='ltr' id='par_1_24' title="bbox 2101 1102 3708 1172">
     <span class='ocr_line' id='line_1_24' title="bbox 2101 1102 3708 1172; baseline 0.002 -16"><span class='ocrx_word' id='word_1_139' title='bbox 2101 1103 2228 1156; x_wconf 85' lang='lat' dir='ltr'><strong>novi</strong></span> <span class='ocrx_word' id='word_1_140' title='bbox 2261 1102 2472 1157; x_wconf 83' lang='lat' dir='ltr'><strong>addidit</strong></span> <span class='ocrx_word' id='word_1_141' title='bbox 2525 1105 2782 1172; x_wconf 75' lang='lat' dir='ltr'><strong>prtesenti</strong></span> <span class='ocrx_word' id='word_1_142' title='bbox 2827 1103 3118 1168; x_wconf 89' lang='lat' dir='ltr'><strong>sanctioni,</strong></span> <span class='ocrx_word' id='word_1_143' title='bbox 3184 1106 3566 1160; x_wconf 78' lang='lat' dir='ltr'><strong>necessariam</strong></span> <span class='ocrx_word' id='word_1_144' title='bbox 3622 1106 3708 1160; x_wconf 83' lang='lat' dir='ltr'><strong>eis</strong></span> 
     </span>
    </p>
   </div>
   <div class='ocr_carea' id='block_1_25' title="bbox 2100 1194 3710 1270">
    <p class='ocr_par' dir='ltr' id='par_1_25' title="bbox 2100 1194 3710 1270">
     <span class='ocr_line' id='line_1_25' title="bbox 2100 1194 3710 1270; baseline 0 -20"><span class='ocrx_word' id='word_1_145' title='bbox 2100 1195 2367 1264; x_wconf 84' lang='lat' dir='ltr'><strong>adjiciens</strong></span> <span class='ocrx_word' id='word_1_146' title='bbox 2393 1194 2664 1249; x_wconf 84' lang='lat' dir='ltr'><strong>actionem</strong></span> <span class='ocrx_word' id='word_1_147' title='bbox 2695 1194 3082 1250; x_wconf 87' lang='lat' dir='ltr'><strong>meditationis.</strong></span> <span class='ocrx_word' id='word_1_148' title='bbox 3113 1195 3248 1262; x_wconf 73' lang='lat' dir='ltr'><strong>Qua:</strong></span> <span class='ocrx_word' id='word_1_149' title='bbox 3293 1205 3523 1266; x_wconf 81' lang='lat' dir='ltr'><strong>reptant</strong></span> <span class='ocrx_word' id='word_1_150' title='bbox 3567 1213 3710 1270; x_wconf 78' lang='lat' dir='ltr'><strong>ergo</strong></span> 
     </span>
    </p>
   </div>
   <div class='ocr_carea' id='block_1_26' title="bbox 2100 1285 3704 1358">
    <p class='ocr_par' dir='ltr' id='par_1_26' title="bbox 2100 1285 3704 1358">
     <span class='ocr_line' id='line_1_26' title="bbox 2100 1285 3704 1358; baseline -0.001 -17"><span class='ocrx_word' id='word_1_151' title='bbox 2100 1301 2266 1356; x_wconf 85' lang='lat' dir='ltr'><strong>super</strong></span> <span class='ocrx_word' id='word_1_152' title='bbox 2299 1295 2522 1350; x_wconf 83' lang='lat' dir='ltr'><strong>terram,</strong></span> <span class='ocrx_word' id='word_1_153' title='bbox 2554 1285 2610 1338; x_wconf 89' lang='lat' dir='ltr'><strong>hi</strong></span> <span class='ocrx_word' id='word_1_154' title='bbox 2663 1294 2792 1339; x_wconf 90' lang='lat' dir='ltr'><strong>sunt</strong></span> <span class='ocrx_word' id='word_1_155' title='bbox 2819 1285 2911 1354; x_wconf 86' lang='lat' dir='ltr'><strong>qui</strong></span> <span class='ocrx_word' id='word_1_156' title='bbox 2954 1295 3166 1339; x_wconf 77' lang='lat' dir='ltr'><strong>terrena</strong></span> <span class='ocrx_word' id='word_1_157' title='bbox 3197 1286 3422 1356; x_wconf 84' lang='lat' dir='ltr'><strong>sapiunt</strong></span> <span class='ocrx_word' id='word_1_158' title='bbox 3449 1305 3465 1340; x_wconf 95' lang='lat'><strong>:</strong></span> <span class='ocrx_word' id='word_1_159' title='bbox 3515 1296 3575 1342; x_wconf 89' lang='lat' dir='ltr'><strong>et</strong></span> <span class='ocrx_word' id='word_1_160' title='bbox 3607 1289 3704 1358; x_wconf 81' lang='lat' dir='ltr'><strong>qui</strong></span> 
     </span>
    </p>
   </div>
   <div class='ocr_carea' id='block_1_27' title="bbox 2100 1377 3706 1449">
    <p class='ocr_par' dir='ltr' id='par_1_27' title="bbox 2100 1377 3706 1449">
     <span class='ocr_line' id='line_1_27' title="bbox 2100 1377 3706 1449; baseline 0.002 -17"><span class='ocrx_word' id='word_1_161' title='bbox 2100 1377 2386 1432; x_wconf 85' lang='lat' dir='ltr'><strong>lutulentis</strong></span> <span class='ocrx_word' id='word_1_162' title='bbox 2421 1386 2726 1447; x_wconf 88' lang='lat' dir='ltr'><strong>pascuntur</strong></span> <span class='ocrx_word' id='word_1_163' title='bbox 2753 1379 3083 1440; x_wconf 82' lang='lat' dir='ltr'><strong>actionibus,</strong></span> <span class='ocrx_word' id='word_1_164' title='bbox 3136 1394 3305 1448; x_wconf 86' lang='lat' dir='ltr'><strong>super</strong></span> <span class='ocrx_word' id='word_1_165' title='bbox 3331 1389 3558 1449; x_wconf 85' lang='lat' dir='ltr'><strong>pectus,</strong></span> <span class='ocrx_word' id='word_1_166' title='bbox 3581 1382 3706 1436; x_wconf 80' lang='lat' dir='ltr'><strong>sive</strong></span> 
     </span>
    </p>
   </div>
   <div class='ocr_carea' id='block_1_28' title="bbox 2100 1467 3704 1542">
    <p class='ocr_par' dir='ltr' id='par_1_28' title="bbox 2100 1467 3704 1542">
     <span class='ocr_line' id='line_1_28' title="bbox 2100 1467 3704 1542; baseline 0.002 -20"><span class='ocrx_word' id='word_1_167' title='bbox 2100 1484 2266 1537; x_wconf 84' lang='lat' dir='ltr'><strong>super</strong></span> <span class='ocrx_word' id='word_1_168' title='bbox 2308 1476 2554 1520; x_wconf 84' lang='lat' dir='ltr'><strong>ventrem</strong></span> <span class='ocrx_word' id='word_1_169' title='bbox 2603 1467 2854 1522; x_wconf 89' lang='lat' dir='ltr'><strong>similiter</strong></span> <span class='ocrx_word' id='word_1_170' title='bbox 2906 1469 3250 1538; x_wconf 81' lang='lat' dir='ltr'><strong>gradiuntur,</strong></span> <span class='ocrx_word' id='word_1_171' title='bbox 3287 1471 3704 1542; x_wconf 68' lang='lat' dir='ltr'><strong>gastrimargiz</strong></span> 
     </span>
    </p>
   </div>
   <div class='ocr_carea' id='block_1_29' title="bbox 2099 1558 3703 1635">
    <p class='ocr_par' dir='ltr' id='par_1_29' title="bbox 2099 1558 3703 1635">
     <span class='ocr_line' id='line_1_29' title="bbox 2099 1558 3703 1635; baseline 0.004 -21"><span class='ocrx_word' id='word_1_172' title='bbox 2099 1574 2323 1629; x_wconf 85' lang='lat' dir='ltr'><strong>operam</strong></span> <span class='ocrx_word' id='word_1_173' title='bbox 2364 1559 2578 1614; x_wconf 86' lang='lat' dir='ltr'><strong>dantes.</strong></span> <span class='ocrx_word' id='word_1_174' title='bbox 2636 1558 2692 1612; x_wconf 90' lang='lat' dir='ltr'><strong>In</strong></span> <span class='ocrx_word' id='word_1_175' title='bbox 2729 1569 2966 1629; x_wconf 89' lang='lat' dir='ltr'><strong>quatuor</strong></span> <span class='ocrx_word' id='word_1_176' title='bbox 3013 1563 3338 1631; x_wconf 83' lang='lat' dir='ltr'><strong>gradiuntur</strong></span> <span class='ocrx_word' id='word_1_177' title='bbox 3377 1579 3559 1635; x_wconf 84' lang='lat' dir='ltr'><strong>super</strong></span> <span class='ocrx_word' id='word_1_178' title='bbox 3588 1575 3703 1620; x_wconf 83' lang='lat' dir='ltr'><strong>ter-</strong></span> 
     </span>
    </p>
   </div>
   <div class='ocr_carea' id='block_1_30' title="bbox 2099 1649 3697 1721">
    <p class='ocr_par' dir='ltr' id='par_1_30' title="bbox 2099 1649 3697 1721">
     <span class='ocr_line' id='line_1_30' title="bbox 2099 1649 3697 1721; baseline 0.003 -17"><span class='ocrx_word' id='word_1_179' title='bbox 2099 1667 2213 1704; x_wconf 87' lang='lat' dir='ltr'><strong>ram</strong></span> <span class='ocrx_word' id='word_1_180' title='bbox 2240 1693 2254 1716; x_wconf 94' lang='lat'><strong>,</strong></span> <span class='ocrx_word' id='word_1_181' title='bbox 2307 1651 2401 1720; x_wconf 92' lang='lat' dir='ltr'><strong>qui</strong></span> <span class='ocrx_word' id='word_1_182' title='bbox 2452 1649 2837 1720; x_wconf 69' lang='lat' dir='ltr'><strong>praedicatione</strong></span> <span class='ocrx_word' id='word_1_183' title='bbox 2884 1651 3321 1721; x_wconf 82' lang='lat' dir='ltr'><strong>evangelicorum</strong></span> <span class='ocrx_word' id='word_1_184' title='bbox 3367 1652 3652 1708; x_wconf 86' lang='lat' dir='ltr'><strong>librorum</strong></span> <span class='ocrx_word' id='word_1_185' title='bbox 3683 1699 3697 1718; x_wconf 90' lang='lat'><strong>,</strong></span> 
     </span>
    </p>
   </div>
   <div class='ocr_carea' id='block_1_31' title="bbox 2099 1738 3696 1812">
    <p class='ocr_par' dir='ltr' id='par_1_31' title="bbox 2099 1738 3696 1812">
     <span class='ocr_line' id='line_1_31' title="bbox 2099 1738 3696 1812; baseline -0.001 -17"><span class='ocrx_word' id='word_1_186' title='bbox 2099 1757 2198 1812; x_wconf 78' lang='lat' dir='ltr'><strong>pro</strong></span> <span class='ocrx_word' id='word_1_187' title='bbox 2231 1756 2298 1796; x_wconf 89' lang='lat' dir='ltr'><strong>eo</strong></span> <span class='ocrx_word' id='word_1_188' title='bbox 2327 1740 2472 1810; x_wconf 89' lang='lat' dir='ltr'><strong>quod</strong></span> <span class='ocrx_word' id='word_1_189' title='bbox 2511 1739 2659 1794; x_wconf 88' lang='lat' dir='ltr'><strong>salus</strong></span> <span class='ocrx_word' id='word_1_190' title='bbox 2699 1738 2750 1792; x_wconf 93' lang='lat' dir='ltr'><strong>in</strong></span> <span class='ocrx_word' id='word_1_191' title='bbox 2786 1738 2866 1792; x_wconf 88' lang='lat' dir='ltr'><strong>eis</strong></span> <span class='ocrx_word' id='word_1_192' title='bbox 2915 1747 3271 1808; x_wconf 73' lang='lat' dir='ltr'><strong>peccatorum</strong></span> <span class='ocrx_word' id='word_1_193' title='bbox 3331 1740 3696 1809; x_wconf 59' lang='lat' dir='ltr'><strong>prmtlicatur.</strong></span> 
     </span>
    </p>
   </div>
   <div class='ocr_carea' id='block_1_32' title="bbox 2095 1829 3696 1901">
    <p class='ocr_par' dir='ltr' id='par_1_32' title="bbox 2095 1829 3696 1901">
     <span class='ocr_line' id='line_1_32' title="bbox 2095 1829 3696 1901; baseline -0.004 -11"><span class='ocrx_word' id='word_1_194' title='bbox 2095 1835 2400 1890; x_wconf 78' lang='lat' dir='ltr'><strong>abutuntur</strong></span> <span class='ocrx_word' id='word_1_195' title='bbox 2435 1831 2489 1886; x_wconf 87' lang='lat' dir='ltr'><strong>in</strong></span> <span class='ocrx_word' id='word_1_196' title='bbox 2519 1831 2857 1886; x_wconf 76' lang='lat' dir='ltr'><strong>luxuriosam</strong></span> <span class='ocrx_word' id='word_1_197' title='bbox 2907 1830 3102 1884; x_wconf 74' lang='lat' dir='ltr'><strong>vitam:</strong></span> <span class='ocrx_word' id='word_1_198' title='bbox 3131 1845 3239 1885; x_wconf 83' lang='lat' dir='ltr'><strong>non</strong></span> <span class='ocrx_word' id='word_1_199' title='bbox 3288 1829 3696 1901; x_wconf 80' lang='lat' dir='ltr'><strong>intelligentes,</strong></span> 
     </span>
    </p>
   </div>
   <div class='ocr_carea' id='block_1_33' title="bbox 2093 1922 3697 1996">
    <p class='ocr_par' dir='ltr' id='par_1_33' title="bbox 2093 1922 3697 1996">
     <span class='ocr_line' id='line_1_33' title="bbox 2093 1922 3697 1996; baseline -0.001 -16"><span class='ocrx_word' id='word_1_200' title='bbox 2093 1927 2220 1996; x_wconf 85' lang='lat' dir='ltr'><strong>quia</strong></span> <span class='ocrx_word' id='word_1_201' title='bbox 2247 1933 2586 1996; x_wconf 88' lang='lat' dir='ltr'><strong>peccatores,</strong></span> <span class='ocrx_word' id='word_1_202' title='bbox 2619 1937 2727 1976; x_wconf 89' lang='lat' dir='ltr'><strong>non</strong></span> <span class='ocrx_word' id='word_1_203' title='bbox 2760 1929 2821 1974; x_wconf 91' lang='grc' dir='ltr'><strong>ιιι</strong></span> <span class='ocrx_word' id='word_1_204' title='bbox 2844 1931 3102 1975; x_wconf 87' lang='lat' dir='ltr'><strong>maneant</strong></span> <span class='ocrx_word' id='word_1_205' title='bbox 3133 1930 3478 1990; x_wconf 88' lang='lat' dir='ltr'><strong>peccatores,</strong></span> <span class='ocrx_word' id='word_1_206' title='bbox 3512 1922 3613 1978; x_wconf 82' lang='lat' dir='ltr'><strong>sed</strong></span> <span class='ocrx_word' id='word_1_207' title='bbox 3639 1933 3697 1978; x_wconf 89' lang='lat' dir='ltr'><strong>ut</strong></span> 
     </span>
    </p>
   </div>
   <div class='ocr_carea' id='block_1_34' title="bbox 2093 2014 3704 2088">
    <p class='ocr_par' dir='ltr' id='par_1_34' title="bbox 2093 2014 3704 2088">
     <span class='ocr_line' id='line_1_34' title="bbox 2093 2014 3704 2088; baseline -0.002 -15"><span class='ocrx_word' id='word_1_208' title='bbox 2093 2025 2310 2073; x_wconf 77' lang='lat' dir='ltr'><strong>c-ssent</strong></span> <span class='ocrx_word' id='word_1_209' title='bbox 2341 2033 2372 2071; x_wconf 87' lang='lat' dir='ltr'><strong>a</strong></span> <span class='ocrx_word' id='word_1_210' title='bbox 2403 2015 2664 2088; x_wconf 86' lang='lat' dir='ltr'><strong>peccatis,</strong></span> <span class='ocrx_word' id='word_1_211' title='bbox 2696 2023 2952 2084; x_wconf 75' lang='lat' dir='ltr'><strong>provocat</strong></span> <span class='ocrx_word' id='word_1_212' title='bbox 2976 2014 3317 2083; x_wconf 81' lang='lat' dir='ltr'><strong>praedicatio.</strong></span> <span class='ocrx_word' id='word_1_213' title='bbox 3349 2014 3462 2069; x_wconf 87' lang='lat' dir='ltr'><strong>Sed</strong></span> <span class='ocrx_word' id='word_1_214' title='bbox 3491 2015 3579 2070; x_wconf 87' lang='lat' dir='ltr'><strong>eis</strong></span> <span class='ocrx_word' id='word_1_215' title='bbox 3601 2015 3704 2084; x_wconf 80' lang='lat' dir='ltr'><strong>qui</strong></span> 
     </span>
    </p>
   </div>
   <div class='ocr_carea' id='block_1_35' title="bbox 2093 2104 3702 2180">
    <p class='ocr_par' dir='ltr' id='par_1_35' title="bbox 2093 2104 3702 2180">
     <span class='ocr_line' id='line_1_35' title="bbox 2093 2104 3702 2180; baseline -0.004 -16"><span class='ocrx_word' id='word_1_216' title='bbox 2093 2111 2148 2164; x_wconf 89' lang='lat' dir='ltr'><strong>in</strong></span> <span class='ocrx_word' id='word_1_217' title='bbox 2173 2119 2410 2180; x_wconf 83' lang='lat' dir='ltr'><strong>quatuor</strong></span> <span class='ocrx_word' id='word_1_218' title='bbox 2461 2105 2760 2172; x_wconf 82' lang='lat' dir='ltr'><strong>ambulant,</strong></span> <span class='ocrx_word' id='word_1_219' title='bbox 2825 2104 3053 2169; x_wconf 87' lang='lat' dir='ltr'><strong>addidit,</strong></span> <span class='ocrx_word' id='word_1_220' title='bbox 3117 2114 3175 2159; x_wconf 86' lang='lat' dir='ltr'><strong>et</strong></span> <span class='ocrx_word' id='word_1_221' title='bbox 3215 2107 3424 2160; x_wconf 89' lang='lat' dir='ltr'><strong>multos</strong></span> <span class='ocrx_word' id='word_1_222' title='bbox 3480 2105 3702 2160; x_wconf 61' lang='lat' dir='ltr'><strong>habent,</strong></span> 
     </span>
    </p>
   </div>
   <div class='ocr_carea' id='block_1_36' title="bbox 2092 2196 3692 2273">
    <p class='ocr_par' dir='ltr' id='par_1_36' title="bbox 2092 2196 3692 2273">
     <span class='ocr_line' id='line_1_36' title="bbox 2092 2196 3692 2273; baseline -0.004 -17"><span class='ocrx_word' id='word_1_223' title='bbox 2092 2202 2281 2273; x_wconf 88' lang='lat' dir='ltr'><strong>pedes,</strong></span> <span class='ocrx_word' id='word_1_224' title='bbox 2313 2200 2630 2262; x_wconf 86' lang='lat' dir='ltr'><strong>ostendens,</strong></span> <span class='ocrx_word' id='word_1_225' title='bbox 2659 2198 2784 2268; x_wconf 88' lang='lat' dir='ltr'><strong>quia</strong></span> <span class='ocrx_word' id='word_1_226' title='bbox 2817 2198 2945 2252; x_wconf 87' lang='lat' dir='ltr'><strong>licet</strong></span> <span class='ocrx_word' id='word_1_227' title='bbox 2977 2197 3022 2252; x_wconf 88' lang='lat' dir='ltr'><strong>si</strong></span> <span class='ocrx_word' id='word_1_228' title='bbox 3059 2213 3168 2252; x_wconf 91' lang='lat' dir='ltr'><strong>non</strong></span> <span class='ocrx_word' id='word_1_229' title='bbox 3193 2196 3372 2251; x_wconf 88' lang='lat' dir='ltr'><strong>solum</strong></span> <span class='ocrx_word' id='word_1_230' title='bbox 3401 2212 3477 2251; x_wconf 73' lang='lat' dir='ltr'><strong>ex.</strong></span> <span class='ocrx_word' id='word_1_231' title='bbox 3519 2212 3692 2251; x_wconf 71' lang='lat' dir='ltr'><strong>evan-</strong></span> 
     </span>
    </p>
   </div>
   <div class='ocr_carea' id='block_1_37' title="bbox 2092 2287 3686 2364">
    <p class='ocr_par' dir='ltr' id='par_1_37' title="bbox 2092 2287 3686 2364">
     <span class='ocr_line' id='line_1_37' title="bbox 2092 2287 3686 2364; baseline -0.005 -16"><span class='ocrx_word' id='word_1_232' title='bbox 2092 2294 2284 2364; x_wconf 84' lang='lat' dir='ltr'><strong>gelicis</strong></span> <span class='ocrx_word' id='word_1_233' title='bbox 2306 2291 2481 2355; x_wconf 84' lang='lat' dir='ltr'><strong>libris,</strong></span> <span class='ocrx_word' id='word_1_234' title='bbox 2515 2292 2608 2346; x_wconf 90' lang='lat' dir='ltr'><strong>sed</strong></span> <span class='ocrx_word' id='word_1_235' title='bbox 2641 2305 2714 2345; x_wconf 76' lang='lat' dir='ltr'><strong>e1</strong></span> <span class='ocrx_word' id='word_1_236' title='bbox 2731 2290 2855 2345; x_wconf 84' lang='lat' dir='ltr'><strong>aliis</strong></span> <span class='ocrx_word' id='word_1_237' title='bbox 2871 2289 3192 2360; x_wconf 83' lang='lat' dir='ltr'><strong>Scripturis,</strong></span> <span class='ocrx_word' id='word_1_238' title='bbox 3221 2296 3390 2358; x_wconf 86' lang='lat' dir='ltr'><strong>atque</strong></span> <span class='ocrx_word' id='word_1_239' title='bbox 3410 2303 3480 2342; x_wconf 80' lang='lat' dir='ltr'><strong>ex</strong></span> <span class='ocrx_word' id='word_1_240' title='bbox 3511 2287 3686 2350; x_wconf 76' lang='lat' dir='ltr'><strong>varia,</strong></span> 
     </span>
    </p>
   </div>
   <div class='ocr_carea' id='block_1_38' title="bbox 2092 2379 3688 2456">
    <p class='ocr_par' dir='ltr' id='par_1_38' title="bbox 2092 2379 3688 2456">
     <span class='ocr_line' id='line_1_38' title="bbox 2092 2379 3688 2456; baseline -0.006 -15"><span class='ocrx_word' id='word_1_241' title='bbox 2092 2389 2236 2441; x_wconf 84' lang='lat' dir='ltr'><strong>sicut</strong></span> <span class='ocrx_word' id='word_1_242' title='bbox 2266 2383 2649 2455; x_wconf 86' lang='lat' dir='ltr'><strong>ipsisvidetur,</strong></span> <span class='ocrx_word' id='word_1_243' title='bbox 2681 2381 2930 2456; x_wconf 83' lang='lat' dir='ltr'><strong>doctrina</strong></span> <span class='ocrx_word' id='word_1_244' title='bbox 2953 2382 3056 2436; x_wconf 87' lang='lat' dir='ltr'><strong>hoc</strong></span> <span class='ocrx_word' id='word_1_245' title='bbox 3081 2379 3688 2449; x_wconf 83' lang='lat' dir='ltr'><strong>confirmarecupiunt,</strong></span> 
     </span>
    </p>
   </div>
   <div class='ocr_carea' id='block_1_39' title="bbox 2091 2470 3690 2535">
    <p class='ocr_par' dir='ltr' id='par_1_39' title="bbox 2091 2470 3690 2535">
     <span class='ocr_line' id='line_1_39' title="bbox 2091 2470 3690 2535; baseline -0.004 -4"><span class='ocrx_word' id='word_1_246' title='bbox 2091 2486 2253 2531; x_wconf 83' lang='lat' dir='ltr'><strong>erunt</strong></span> <span class='ocrx_word' id='word_1_247' title='bbox 2279 2484 2334 2529; x_wconf 92' lang='lat' dir='ltr'><strong>et</strong></span> <span class='ocrx_word' id='word_1_248' title='bbox 2364 2475 2445 2530; x_wconf 87' lang='lat' dir='ltr'><strong>sic</strong></span> <span class='ocrx_word' id='word_1_249' title='bbox 2477 2471 2768 2528; x_wconf 88' lang='lat' dir='ltr'><strong>immundi.</strong></span> <span class='ocrx_word' id='word_1_250' title='bbox 2792 2471 2859 2527; x_wconf 85' lang='lat' dir='ltr'><strong>Et</strong></span> <span class='ocrx_word' id='word_1_251' title='bbox 2889 2483 2950 2526; x_wconf 91' lang='lat' dir='ltr'><strong>ut</strong></span> <span class='ocrx_word' id='word_1_252' title='bbox 2979 2470 3220 2528; x_wconf 88' lang='lat' dir='ltr'><strong>breviter</strong></span> <span class='ocrx_word' id='word_1_253' title='bbox 3246 2470 3490 2535; x_wconf 83' lang='lat' dir='ltr'><strong>dicatur,</strong></span> <span class='ocrx_word' id='word_1_254' title='bbox 3519 2486 3690 2524; x_wconf 76' lang='lat' dir='ltr'><strong>omne</strong></span> 
     </span>
    </p>
   </div>
   <div class='ocr_carea' id='block_1_40' title="bbox 2090 2563 3687 2638">
    <p class='ocr_par' dir='ltr' id='par_1_40' title="bbox 2090 2563 3687 2638">
     <span class='ocr_line' id='line_1_40' title="bbox 2090 2563 3687 2638; baseline -0.004 -16"><span class='ocrx_word' id='word_1_255' title='bbox 2090 2569 2233 2638; x_wconf 86' lang='lat' dir='ltr'><strong>quod</strong></span> <span class='ocrx_word' id='word_1_256' title='bbox 2299 2576 2480 2637; x_wconf 84' lang='lat' dir='ltr'><strong>reptat</strong></span> <span class='ocrx_word' id='word_1_257' title='bbox 2535 2581 2700 2636; x_wconf 84' lang='lat' dir='ltr'><strong>super</strong></span> <span class='ocrx_word' id='word_1_258' title='bbox 2755 2575 2976 2628; x_wconf 81' lang='lat' dir='ltr'><strong>terram,</strong></span> <span class='ocrx_word' id='word_1_259' title='bbox 3031 2564 3082 2617; x_wconf 89' lang='lat' dir='ltr'><strong>id</strong></span> <span class='ocrx_word' id='word_1_260' title='bbox 3151 2573 3255 2628; x_wconf 84' lang='lat' dir='ltr'><strong>est,</strong></span> <span class='ocrx_word' id='word_1_261' title='bbox 3305 2563 3398 2632; x_wconf 90' lang='lat' dir='ltr'><strong>qui</strong></span> <span class='ocrx_word' id='word_1_262' title='bbox 3462 2571 3687 2616; x_wconf 82' lang='lat' dir='ltr'><strong>terrena</strong></span> 
     </span>
    </p>
   </div>
   <div class='ocr_carea' id='block_1_41' title="bbox 2090 2655 3686 2729">
    <p class='ocr_par' dir='ltr' id='par_1_41' title="bbox 2090 2655 3686 2729">
     <span class='ocr_line' id='line_1_41' title="bbox 2090 2655 3686 2729; baseline -0.005 -14"><span class='ocrx_word' id='word_1_263' title='bbox 2090 2662 2331 2729; x_wconf 86' lang='lat' dir='ltr'><strong>sapiunt,</strong></span> <span class='ocrx_word' id='word_1_264' title='bbox 2366 2659 2642 2714; x_wconf 88' lang='lat' dir='ltr'><strong>declinare</strong></span> <span class='ocrx_word' id='word_1_265' title='bbox 2666 2672 2770 2713; x_wconf 90' lang='lat' dir='ltr'><strong>nos</strong></span> <span class='ocrx_word' id='word_1_266' title='bbox 2803 2665 3020 2726; x_wconf 86' lang='lat' dir='ltr'><strong>oportet</strong></span> <span class='ocrx_word' id='word_1_267' title='bbox 3065 2665 3122 2710; x_wconf 90' lang='lat' dir='ltr'><strong>et</strong></span> <span class='ocrx_word' id='word_1_268' title='bbox 3169 2655 3453 2725; x_wconf 81' lang='lat' dir='ltr'><strong>refugere,</strong></span> <span class='ocrx_word' id='word_1_269' title='bbox 3496 2655 3686 2708; x_wconf 84' lang='lat' dir='ltr'><strong>scien-</strong></span> 
     </span>
    </p>
   </div>
   <div class='ocr_carea' id='block_1_42' title="bbox 2089 2745 3685 2822">
    <p class='ocr_par' dir='ltr' id='par_1_42' title="bbox 2089 2745 3685 2822">
     <span class='ocr_line' id='line_1_42' title="bbox 2089 2745 3685 2822; baseline -0.006 -16"><span class='ocrx_word' id='word_1_270' title='bbox 2089 2764 2192 2816; x_wconf 88' lang='lat' dir='ltr'><strong>tes,</strong></span> <span class='ocrx_word' id='word_1_271' title='bbox 2227 2751 2354 2822; x_wconf 88' lang='lat' dir='ltr'><strong>quia</strong></span> <span class='ocrx_word' id='word_1_272' title='bbox 2386 2765 2575 2804; x_wconf 89' lang='lat' dir='ltr'><strong>eorum</strong></span> <span class='ocrx_word' id='word_1_273' title='bbox 2615 2746 3042 2803; x_wconf 83' lang='lat' dir='ltr'><strong>communicatio</strong></span> <span class='ocrx_word' id='word_1_274' title='bbox 3082 2745 3297 2817; x_wconf 88' lang='lat' dir='ltr'><strong>polluit,</strong></span> <span class='ocrx_word' id='word_1_275' title='bbox 3329 2754 3389 2799; x_wconf 91' lang='lat' dir='ltr'><strong>et</strong></span> <span class='ocrx_word' id='word_1_276' title='bbox 3423 2745 3685 2802; x_wconf 62' lang='lat' dir='ltr'><strong>similiux</strong></span> 
     </span>
    </p>
   </div>
   <div class='ocr_carea' id='block_1_43' title="bbox 2089 2839 3461 2912">
    <p class='ocr_par' dir='ltr' id='par_1_43' title="bbox 2089 2839 3461 2912">
     <span class='ocr_line' id='line_1_43' title="bbox 2089 2839 3461 2912; baseline -0.008 -13"><span class='ocrx_word' id='word_1_277' title='bbox 2089 2843 2407 2900; x_wconf 89' lang='lat' dir='ltr'><strong>inunundus</strong></span> <span class='ocrx_word' id='word_1_278' title='bbox 2426 2851 2506 2896; x_wconf 89' lang='lat' dir='ltr'><strong>est</strong></span> <span class='ocrx_word' id='word_1_279' title='bbox 2537 2855 2725 2912; x_wconf 82' lang='lat' dir='ltr'><strong>agens,</strong></span> <span class='ocrx_word' id='word_1_280' title='bbox 2761 2839 3054 2911; x_wconf 76' lang='lat' dir='ltr'><strong>agentique</strong></span> <span class='ocrx_word' id='word_1_281' title='bbox 3096 2851 3461 2892; x_wconf 84' lang='lat' dir='ltr'><strong>concurrens.</strong></span> 
     </span>
    </p>
   </div>
   <div class='ocr_carea' id='block_1_44' title="bbox 423 1741 1991 1814">
    <p class='ocr_par' dir='ltr' id='par_1_44' title="bbox 423 1741 1991 1814">
     <span class='ocr_line' id='line_1_44' title="bbox 423 1741 1991 1814; baseline 0.006 -21"><span class='ocrx_word' id='word_1_282' title='bbox 423 1741 684 1798; x_wconf 82' lang='lat' dir='ltr'><strong>Dominus</strong></span> <span class='ocrx_word' id='word_1_283' title='bbox 733 1743 1042 1812; x_wconf 76' lang='lat' dir='ltr'><strong>paraboiam</strong></span> <span class='ocrx_word' id='word_1_284' title='bbox 1085 1743 1308 1797; x_wconf 78' lang='lat' dir='ltr'><strong>seminis</strong></span> <span class='ocrx_word' id='word_1_285' title='bbox 1353 1761 1686 1814; x_wconf 83' lang='lat' dir='ltr'><strong>proponens.</strong></span> <span class='ocrx_word' id='word_1_286' title='bbox 1745 1747 1991 1802; x_wconf 89' lang='lat' dir='ltr'><strong>dicebat:</strong></span> 
     </span>
    </p>
   </div>
   <div class='ocr_carea' id='block_1_45' title="bbox 415 1833 1991 1909">
    <p class='ocr_par' dir='ltr' id='par_1_45' title="bbox 415 1833 1991 1909">
     <span class='ocr_line' id='line_1_45' title="bbox 415 1833 1991 1909; baseline 0.004 -21"><span class='ocrx_word' id='word_1_287' title='bbox 415 1833 624 1888; x_wconf 85' lang='lat' dir='ltr'><strong>Bonum</strong></span> <span class='ocrx_word' id='word_1_288' title='bbox 647 1851 842 1900; x_wconf 82' lang='lat' dir='ltr'><strong>semen,</strong></span> <span class='ocrx_word' id='word_1_289' title='bbox 871 1836 971 1904; x_wconf 67' lang='grc' dir='ltr'><strong>βίἰί</strong></span> <span class='ocrx_word' id='word_1_290' title='bbox 1007 1845 1134 1890; x_wconf 74' lang='lat' dir='ltr'><strong>sunt</strong></span> <span class='ocrx_word' id='word_1_291' title='bbox 1168 1839 1330 1907; x_wconf 81' lang='lat' dir='ltr'><strong>regni,</strong></span> <span class='ocrx_word' id='word_1_292' title='bbox 1364 1839 1462 1891; x_wconf 26' lang='lat' dir='ltr'><strong>sed:</strong></span> <span class='ocrx_word' id='word_1_293' title='bbox 1487 1854 1662 1892; x_wconf 74' lang='lat' dir='ltr'><strong>semen</strong></span> <span class='ocrx_word' id='word_1_294' title='bbox 1697 1841 1834 1909; x_wconf 77' lang='lat' dir='ltr'><strong>quod</strong></span> <span class='ocrx_word' id='word_1_295' title='bbox 1874 1857 1991 1894; x_wconf 79' lang='lat' dir='ltr'><strong>nec—</strong></span> 
     </span>
    </p>
   </div>
   <div class='ocr_carea' id='block_1_46' title="bbox 417 1927 1987 2001">
    <p class='ocr_par' dir='ltr' id='par_1_46' title="bbox 417 1927 1987 2001">
     <span class='ocr_line' id='line_1_46' title="bbox 417 1927 1987 2001; baseline 0.005 -23"><span class='ocrx_word' id='word_1_296' title='bbox 417 1927 544 1979; x_wconf 76' lang='lat' dir='ltr'><strong>dum</strong></span> <span class='ocrx_word' id='word_1_297' title='bbox 579 1927 897 1980; x_wconf 82' lang='lat' dir='ltr'><strong>seminatnm</strong></span> <span class='ocrx_word' id='word_1_298' title='bbox 928 1929 1090 1994; x_wconf 81' lang='lat' dir='ltr'><strong>est&quot;,</strong></span> <span class='ocrx_word' id='word_1_299' title='bbox 1126 1929 1272 1982; x_wconf 80' lang='lat' dir='ltr'><strong>unde</strong></span> <span class='ocrx_word' id='word_1_300' title='bbox 1291 1929 1644 2001; x_wconf 75' lang='lat' dir='ltr'><strong>Septuaginta</strong></span> <span class='ocrx_word' id='word_1_301' title='bbox 1677 1931 1987 1986; x_wconf 79' lang='lat' dir='ltr'><strong>ediderunt:</strong></span> 
     </span>
    </p>
   </div>
   <div class='ocr_carea' id='block_1_47' title="bbox 417 2011 1989 2094">
    <p class='ocr_par' dir='ltr' id='par_1_47' title="bbox 417 2011 1989 2094">
     <span class='ocr_line' id='line_1_47' title="bbox 417 2011 1989 2094; baseline 0.006 -25"><span class='ocrx_word' id='word_1_302' title='bbox 417 2016 607 2071; x_wconf 83' lang='lat' dir='ltr'><strong>Semen</strong></span> <span class='ocrx_word' id='word_1_303' title='bbox 635 2021 863 2076; x_wconf 84' lang='lat' dir='ltr'><strong>sativum</strong></span> <span class='ocrx_word' id='word_1_304' title='bbox 898 2011 1038 2090; x_wconf 70' lang='grc' dir='ltr'>τιεὶὸιι</span> <span class='ocrx_word' id='word_1_305' title='bbox 1081 2021 1452 2087; x_wconf 82' lang='lat' dir='ltr'><strong>seminabitnr,</strong></span> <span class='ocrx_word' id='word_1_306' title='bbox 1487 2023 1542 2076; x_wconf 84' lang='lat' dir='ltr'><strong>id</strong></span> <span class='ocrx_word' id='word_1_307' title='bbox 1564 2033 1659 2088; x_wconf 80' lang='lat' dir='ltr'><strong>est,</strong></span> <span class='ocrx_word' id='word_1_308' title='bbox 1703 2027 1842 2094; x_wconf 82' lang='lat' dir='ltr'><strong>quod</strong></span> <span class='ocrx_word' id='word_1_309' title='bbox 1873 2042 1989 2078; x_wconf 82' lang='lat' dir='ltr'><strong>nec-</strong></span> 
     </span>
    </p>
   </div>
   <div class='ocr_carea' id='block_1_48' title="bbox 417 2109 1992 2180">
    <p class='ocr_par' dir='ltr' id='par_1_48' title="bbox 417 2109 1992 2180">
     <span class='ocr_line' id='line_1_48' title="bbox 417 2109 1992 2180; baseline 0.004 -17"><span class='ocrx_word' id='word_1_310' title='bbox 417 2111 541 2164; x_wconf 77' lang='lat' dir='ltr'><strong>dum</strong></span> <span class='ocrx_word' id='word_1_311' title='bbox 567 2109 888 2163; x_wconf 81' lang='lat' dir='ltr'><strong>seminatum</strong></span> <span class='ocrx_word' id='word_1_312' title='bbox 921 2120 1018 2176; x_wconf 83' lang='lat' dir='ltr'><strong>est,</strong></span> <span class='ocrx_word' id='word_1_313' title='bbox 1075 2111 1456 2166; x_wconf 89' lang='lat' dir='ltr'><strong>seminandutn</strong></span> <span class='ocrx_word' id='word_1_314' title='bbox 1499 2123 1680 2169; x_wconf 90' lang='lat' dir='ltr'><strong>autem</strong></span> <span class='ocrx_word' id='word_1_315' title='bbox 1735 2127 1838 2180; x_wconf 85' lang='lat' dir='ltr'><strong>est,</strong></span> <span class='ocrx_word' id='word_1_316' title='bbox 1872 2117 1992 2170; x_wconf 81' lang='lat' dir='ltr'><strong>illos</strong></span> 
     </span>
    </p>
   </div>
   <div class='ocr_carea' id='block_1_49' title="bbox 415 2198 1987 2274">
    <p class='ocr_par' dir='ltr' id='par_1_49' title="bbox 415 2198 1987 2274">
     <span class='ocr_line' id='line_1_49' title="bbox 415 2198 1987 2274; baseline 0.007 -23"><span class='ocrx_word' id='word_1_317' title='bbox 415 2198 509 2268; x_wconf 84' lang='lat' dir='ltr'><strong>qui</strong></span> <span class='ocrx_word' id='word_1_318' title='bbox 544 2201 775 2256; x_wconf 87' lang='lat' dir='ltr'><strong>necdum</strong></span> <span class='ocrx_word' id='word_1_319' title='bbox 810 2201 1067 2272; x_wconf 83' lang='lat' dir='ltr'><strong>baptizati</strong></span> <span class='ocrx_word' id='word_1_320' title='bbox 1099 2212 1246 2270; x_wconf 89' lang='lat' dir='ltr'><strong>stmt,</strong></span> <span class='ocrx_word' id='word_1_321' title='bbox 1287 2203 1595 2274; x_wconf 82' lang='lat' dir='ltr'><strong>baptizandi</strong></span> <span class='ocrx_word' id='word_1_322' title='bbox 1623 2217 1803 2262; x_wconf 84' lang='lat' dir='ltr'><strong>autem</strong></span> <span class='ocrx_word' id='word_1_323' title='bbox 1841 2219 1987 2271; x_wconf 87' lang='lat' dir='ltr'><strong>sunt,</strong></span> 
     </span>
    </p>
   </div>
   <div class='ocr_carea' id='block_1_50' title="bbox 416 2293 1986 2368">
    <p class='ocr_par' dir='ltr' id='par_1_50' title="bbox 416 2293 1986 2368">
     <span class='ocr_line' id='line_1_50' title="bbox 416 2293 1986 2368; baseline 0.005 -24"><span class='ocrx_word' id='word_1_324' title='bbox 416 2302 562 2347; x_wconf 87' lang='lat' dir='ltr'><strong>recte</strong></span> <span class='ocrx_word' id='word_1_325' title='bbox 601 2293 912 2363; x_wconf 77' lang='lat' dir='ltr'><strong>appellavit,</strong></span> <span class='ocrx_word' id='word_1_326' title='bbox 961 2311 1126 2362; x_wconf 85' lang='lat' dir='ltr'><strong>super</strong></span> <span class='ocrx_word' id='word_1_327' title='bbox 1173 2296 1272 2351; x_wconf 88' lang='lat' dir='ltr'><strong>hos</strong></span> <span class='ocrx_word' id='word_1_328' title='bbox 1320 2297 1364 2351; x_wconf 91' lang='lat' dir='ltr'><strong>si</strong></span> <span class='ocrx_word' id='word_1_329' title='bbox 1419 2297 1548 2368; x_wconf 89' lang='lat' dir='ltr'><strong>quid</strong></span> <span class='ocrx_word' id='word_1_330' title='bbox 1605 2299 1986 2368; x_wconf 68' lang='lat' dir='ltr'><strong>[it-tedicturum</strong></span> 
     </span>
    </p>
   </div>
   <div class='ocr_carea' id='block_1_51' title="bbox 414 2385 1988 2462">
    <p class='ocr_par' dir='ltr' id='par_1_51' title="bbox 414 2385 1988 2462">
     <span class='ocr_line' id='line_1_51' title="bbox 414 2385 1988 2462; baseline 0.004 -22"><span class='ocrx_word' id='word_1_331' title='bbox 414 2385 826 2442; x_wconf 87' lang='lat' dir='ltr'><strong>morticinorum</strong></span> <span class='ocrx_word' id='word_1_332' title='bbox 863 2389 1041 2454; x_wconf 81' lang='lat' dir='ltr'><strong>cadat,</strong></span> <span class='ocrx_word' id='word_1_333' title='bbox 1085 2389 1208 2458; x_wconf 85' lang='lat' dir='ltr'><strong>quia</strong></span> <span class='ocrx_word' id='word_1_334' title='bbox 1266 2390 1498 2444; x_wconf 88' lang='lat' dir='ltr'><strong>necdum</strong></span> <span class='ocrx_word' id='word_1_335' title='bbox 1529 2391 1794 2446; x_wconf 87' lang='lat' dir='ltr'><strong>cautelam</strong></span> <span class='ocrx_word' id='word_1_336' title='bbox 1847 2410 1988 2462; x_wconf 73' lang='lat' dir='ltr'><strong>mys-</strong></span> 
     </span>
    </p>
   </div>
   <div class='ocr_carea' id='block_1_52' title="bbox 415 2477 1984 2553">
    <p class='ocr_par' dir='ltr' id='par_1_52' title="bbox 415 2477 1984 2553">
     <span class='ocr_line' id='line_1_52' title="bbox 415 2477 1984 2553; baseline 0.003 -23"><span class='ocrx_word' id='word_1_337' title='bbox 415 2477 674 2532; x_wconf 84' lang='lat' dir='ltr'><strong>teriorum</strong></span> <span class='ocrx_word' id='word_1_338' title='bbox 703 2489 1054 2549; x_wconf 87' lang='lat' dir='ltr'><strong>acceperunt,</strong></span> <span class='ocrx_word' id='word_1_339' title='bbox 1093 2494 1195 2534; x_wconf 87' lang='lat' dir='ltr'><strong>nec</strong></span> <span class='ocrx_word' id='word_1_340' title='bbox 1226 2481 1488 2551; x_wconf 82' lang='lat' dir='ltr'><strong>integram</strong></span> <span class='ocrx_word' id='word_1_341' title='bbox 1524 2480 1618 2534; x_wconf 83' lang='lat' dir='ltr'><strong>Dei</strong></span> <span class='ocrx_word' id='word_1_342' title='bbox 1652 2483 1984 2553; x_wconf 80' lang='lat' dir='ltr'><strong>agnitionem</strong></span> 
     </span>
    </p>
   </div>
   <div class='ocr_carea' id='block_1_53' title="bbox 412 2572 1986 2646">
    <p class='ocr_par' dir='ltr' id='par_1_53' title="bbox 412 2572 1986 2646">
     <span class='ocr_line' id='line_1_53' title="bbox 412 2572 1986 2646; baseline 0.003 -23"><span class='ocrx_word' id='word_1_343' title='bbox 412 2572 884 2639; x_wconf 84' lang='lat' dir='ltr'><strong>conquisiverunt,</strong></span> <span class='ocrx_word' id='word_1_344' title='bbox 925 2589 1047 2642; x_wconf 73' lang='lat' dir='ltr'><strong>qua:</strong></span> <span class='ocrx_word' id='word_1_345' title='bbox 1067 2573 1189 2627; x_wconf 86' lang='lat' dir='ltr'><strong>illos</strong></span> <span class='ocrx_word' id='word_1_346' title='bbox 1225 2574 1396 2637; x_wconf 83' lang='lat' dir='ltr'><strong>possit</strong></span> <span class='ocrx_word' id='word_1_347' title='bbox 1422 2589 1702 2630; x_wconf 88' lang='lat' dir='ltr'><strong>removere</strong></span> <span class='ocrx_word' id='word_1_348' title='bbox 1731 2589 1760 2627; x_wconf 88' lang='lat' dir='ltr'><strong>a</strong></span> <span class='ocrx_word' id='word_1_349' title='bbox 1795 2590 1986 2646; x_wconf 85' lang='lat' dir='ltr'><strong>super-</strong></span> 
     </span>
    </p>
   </div>
   <div class='ocr_carea' id='block_1_54' title="bbox 411 2659 1985 2734">
    <p class='ocr_par' dir='ltr' id='par_1_54' title="bbox 411 2659 1985 2734">
     <span class='ocr_line' id='line_1_54' title="bbox 411 2659 1985 2734; baseline 0.006 -22"><span class='ocrx_word' id='word_1_350' title='bbox 411 2659 762 2714; x_wconf 75' lang='lat' dir='ltr'><strong>venientibus</strong></span> <span class='ocrx_word' id='word_1_351' title='bbox 815 2676 878 2716; x_wconf 75' lang='lat' dir='ltr'><strong>es</strong></span> <span class='ocrx_word' id='word_1_352' title='bbox 937 2661 1262 2734; x_wconf 79' lang='lat' dir='ltr'><strong>negligentia</strong></span> <span class='ocrx_word' id='word_1_353' title='bbox 1317 2665 1574 2734; x_wconf 86' lang='lat' dir='ltr'><strong>peccatis,</strong></span> <span class='ocrx_word' id='word_1_354' title='bbox 1627 2666 1814 2720; x_wconf 86' lang='lat' dir='ltr'><strong>mundi</strong></span> <span class='ocrx_word' id='word_1_355' title='bbox 1863 2683 1985 2722; x_wconf 87' lang='lat' dir='ltr'><strong>esse</strong></span> 
     </span>
    </p>
   </div>
   <div class='ocr_carea' id='block_1_55' title="bbox 409 2751 1981 2828">
    <p class='ocr_par' dir='ltr' id='par_1_55' title="bbox 409 2751 1981 2828">
     <span class='ocr_line' id='line_1_55' title="bbox 409 2751 1981 2828; baseline 0.006 -25"><span class='ocrx_word' id='word_1_356' title='bbox 409 2751 689 2818; x_wconf 84' lang='lat' dir='ltr'><strong>dicuntur,</strong></span> <span class='ocrx_word' id='word_1_357' title='bbox 725 2762 950 2822; x_wconf 82' lang='lat' dir='ltr'><strong>propter</strong></span> <span class='ocrx_word' id='word_1_358' title='bbox 999 2753 1316 2823; x_wconf 67' lang='lat' dir='ltr'><strong>praedictam</strong></span> <span class='ocrx_word' id='word_1_359' title='bbox 1355 2771 1574 2810; x_wconf 86' lang='lat' dir='ltr'><strong>causam</strong></span> <span class='ocrx_word' id='word_1_360' title='bbox 1610 2757 1774 2810; x_wconf 82' lang='lat' dir='ltr'><strong>venia</strong></span> <span class='ocrx_word' id='word_1_361' title='bbox 1816 2758 1981 2828; x_wconf 84' lang='lat' dir='ltr'><strong>digni.</strong></span> 
     </span>
    </p>
   </div>
   <div class='ocr_carea' id='block_1_56' title="bbox 410 2840 1985 2918">
    <p class='ocr_par' dir='ltr' id='par_1_56' title="bbox 410 2840 1985 2918">
     <span class='ocr_line' id='line_1_56' title="bbox 410 2840 1985 2918; baseline 0.004 -24"><span class='ocrx_word' id='word_1_362' title='bbox 410 2840 586 2910; x_wconf 82' lang='lat' dir='ltr'><strong>Super</strong></span> <span class='ocrx_word' id='word_1_363' title='bbox 613 2856 750 2910; x_wconf 87' lang='lat' dir='ltr'><strong>quos</strong></span> <span class='ocrx_word' id='word_1_364' title='bbox 777 2857 906 2897; x_wconf 85' lang='lat' dir='ltr'><strong>vero</strong></span> <span class='ocrx_word' id='word_1_365' title='bbox 960 2844 1078 2896; x_wconf 84' lang='lat' dir='ltr'><strong>fusa</strong></span> <span class='ocrx_word' id='word_1_366' title='bbox 1131 2844 1294 2898; x_wconf 83' lang='lat' dir='ltr'><strong>fuerit</strong></span> <span class='ocrx_word' id='word_1_367' title='bbox 1348 2861 1506 2913; x_wconf 85' lang='lat' dir='ltr'><strong>aqua,</strong></span> <span class='ocrx_word' id='word_1_368' title='bbox 1542 2846 1796 2901; x_wconf 77' lang='lat' dir='ltr'><strong>videlicet</strong></span> <span class='ocrx_word' id='word_1_369' title='bbox 1854 2847 1985 2918; x_wconf 85' lang='lat' dir='ltr'><strong>bap-</strong></span> 
     </span>
    </p>
   </div>
   <div class='ocr_carea' id='block_1_57' title="bbox 409 2926 3683 3003">
    <p class='ocr_par' dir='ltr' id='par_1_57' title="bbox 409 2926 3683 3003">
     <span class='ocr_line' id='line_1_57' title="bbox 409 2926 3683 3003; baseline -0.003 -15"><span class='ocrx_word' id='word_1_370' title='bbox 409 2931 665 3000; x_wconf 81' lang='lat' dir='ltr'><strong>tismatis,</strong></span> <span class='ocrx_word' id='word_1_371' title='bbox 698 2933 754 2988; x_wconf 90' lang='lat' dir='ltr'><strong>bi</strong></span> <span class='ocrx_word' id='word_1_372' title='bbox 791 2935 1103 2988; x_wconf 85' lang='lat' dir='ltr'><strong>necessario</strong></span> <span class='ocrx_word' id='word_1_373' title='bbox 1140 2937 1404 2990; x_wconf 75' lang='lat' dir='ltr'><strong>immundi</strong></span> <span class='ocrx_word' id='word_1_374' title='bbox 1439 2936 1596 3003; x_wconf 77' lang='lat' dir='ltr'><strong>liunt,</strong></span> <span class='ocrx_word' id='word_1_375' title='bbox 1633 2939 1675 2992; x_wconf 90' lang='lat' dir='ltr'><strong>si</strong></span> <span class='ocrx_word' id='word_1_376' title='bbox 1723 2953 1889 2992; x_wconf 87' lang='lat' dir='ltr'><strong>unmn</strong></span> <span class='ocrx_word' id='word_1_377' title='bbox 1919 2956 1984 2993; x_wconf 77' lang='lat' dir='ltr'><strong>cx</strong></span> <span class='ocrx_word' id='word_1_378' title='bbox 2161 2937 2322 2991; x_wconf 76' lang='lat' dir='ltr'><strong>Vens.</strong></span> <span class='ocrx_word' id='word_1_379' title='bbox 2353 2935 2442 2998; x_wconf 73' lang='grc'><strong>44,</strong></span> <span class='ocrx_word' id='word_1_380' title='bbox 2479 2933 2568 2988; x_wconf 71' lang='grc'><strong>45.</strong></span> <span class='ocrx_word' id='word_1_381' title='bbox 2607 2951 2626 2984; x_wconf 79' lang='grc' dir='ltr'><strong>ι</strong></span> <span class='ocrx_word' id='word_1_382' title='bbox 2653 2933 2766 3003; x_wconf 84' lang='lat' dir='ltr'><strong>Ego</strong></span> <span class='ocrx_word' id='word_1_383' title='bbox 2788 2931 2932 2985; x_wconf 85' lang='lat' dir='ltr'><strong>enim</strong></span> <span class='ocrx_word' id='word_1_384' title='bbox 2951 2945 3070 2985; x_wconf 89' lang='lat' dir='ltr'><strong>sum</strong></span> <span class='ocrx_word' id='word_1_385' title='bbox 3086 2927 3352 2982; x_wconf 87' lang='lat' dir='ltr'><strong>Dominus</strong></span> <span class='ocrx_word' id='word_1_386' title='bbox 3381 2926 3533 2980; x_wconf 84' lang='lat' dir='ltr'><strong>Deus</strong></span> <span class='ocrx_word' id='word_1_387' title='bbox 3585 2940 3683 2978; x_wconf 54' lang='lat' dir='ltr'><strong>ve.</strong></span> 
     </span>
    </p>
   </div>
   <div class='ocr_carea' id='block_1_58' title="bbox 407 3023 3684 3100">
    <p class='ocr_par' dir='ltr' id='par_1_58' title="bbox 407 3023 3684 3100">
     <span class='ocr_line' id='line_1_58' title="bbox 407 3023 3684 3100; baseline -0.002 -22"><span class='ocrx_word' id='word_1_388' title='bbox 407 3025 516 3088; x_wconf 90' lang='lat' dir='ltr'><strong>his,</strong></span> <span class='ocrx_word' id='word_1_389' title='bbox 544 3039 664 3094; x_wconf 77' lang='lat' dir='ltr'><strong>quae</strong></span> <span class='ocrx_word' id='word_1_390' title='bbox 697 3027 982 3080; x_wconf 85' lang='lat' dir='ltr'><strong>morticina</strong></span> <span class='ocrx_word' id='word_1_391' title='bbox 1007 3037 1154 3088; x_wconf 76' lang='lat' dir='ltr'><strong>sunt,</strong></span> <span class='ocrx_word' id='word_1_392' title='bbox 1185 3042 1350 3098; x_wconf 85' lang='lat' dir='ltr'><strong>super</strong></span> <span class='ocrx_word' id='word_1_393' title='bbox 1369 3044 1464 3082; x_wconf 86' lang='lat' dir='ltr'><strong>eos</strong></span> <span class='ocrx_word' id='word_1_394' title='bbox 1499 3029 1780 3084; x_wconf 79' lang='lat' dir='ltr'><strong>inciderit:</strong></span> <span class='ocrx_word' id='word_1_395' title='bbox 1818 3047 1982 3100; x_wconf 89' lang='lat' dir='ltr'><strong>opor-</strong></span> <span class='ocrx_word' id='word_1_396' title='bbox 2087 3039 2220 3083; x_wconf 89' lang='lat' dir='ltr'><strong>ster.</strong></span> <span class='ocrx_word' id='word_1_397' title='bbox 2251 3027 2438 3084; x_wconf 88' lang='lat' dir='ltr'><strong>Sancti</strong></span> <span class='ocrx_word' id='word_1_398' title='bbox 2477 3035 2670 3089; x_wconf 87' lang='lat' dir='ltr'><strong>estote,</strong></span> <span class='ocrx_word' id='word_1_399' title='bbox 2711 3023 2970 3094; x_wconf 86' lang='lat' dir='ltr'><strong>quoniam</strong></span> <span class='ocrx_word' id='word_1_400' title='bbox 3002 3030 3058 3076; x_wconf 88' lang='lat' dir='ltr'><strong>et</strong></span> <span class='ocrx_word' id='word_1_401' title='bbox 3111 3037 3214 3091; x_wconf 86' lang='lat' dir='ltr'><strong>ego</strong></span> <span class='ocrx_word' id='word_1_402' title='bbox 3253 3029 3481 3074; x_wconf 84' lang='lat' dir='ltr'><strong>sanctus</strong></span> <span class='ocrx_word' id='word_1_403' title='bbox 3533 3035 3684 3075; x_wconf 81' lang='lat' dir='ltr'><strong>sum.</strong></span> 
     </span>
    </p>
   </div>
   <div class='ocr_carea' id='block_1_59' title="bbox 411 3111 3684 3190">
    <p class='ocr_par' dir='ltr' id='par_1_59' title="bbox 411 3111 3684 3190">
     <span class='ocr_line' id='line_1_59' title="bbox 411 3111 3684 3190; baseline -0.001 -22"><span class='ocrx_word' id='word_1_404' title='bbox 411 3122 592 3168; x_wconf 87' lang='lat' dir='ltr'><strong>t-uerat</strong></span> <span class='ocrx_word' id='word_1_405' title='bbox 619 3115 823 3186; x_wconf 86' lang='lat' dir='ltr'><strong>quippe</strong></span> <span class='ocrx_word' id='word_1_406' title='bbox 857 3117 990 3170; x_wconf 89' lang='lat' dir='ltr'><strong>tanti</strong></span> <span class='ocrx_word' id='word_1_407' title='bbox 1020 3117 1464 3188; x_wconf 75' lang='lat' dir='ltr'><strong>participatione,</strong></span> <span class='ocrx_word' id='word_1_408' title='bbox 1506 3120 1649 3173; x_wconf 83' lang='lat' dir='ltr'><strong>dona</strong></span> <span class='ocrx_word' id='word_1_409' title='bbox 1681 3119 1746 3173; x_wconf 90' lang='lat' dir='ltr'><strong>ad</strong></span> <span class='ocrx_word' id='word_1_410' title='bbox 1795 3136 1981 3174; x_wconf 78' lang='lat' dir='ltr'><strong>eorum</strong></span> <span class='ocrx_word' id='word_1_411' title='bbox 2013 3129 2056 3184; x_wconf 74' lang='grc' dir='ltr'>ο</span> <span class='ocrx_word' id='word_1_412' title='bbox 2088 3121 2164 3175; x_wconf 86' lang='lat' dir='ltr'><strong>Ne</strong></span> <span class='ocrx_word' id='word_1_413' title='bbox 2196 3119 2450 3190; x_wconf 81' lang='lat' dir='ltr'><strong>polluatis</strong></span> <span class='ocrx_word' id='word_1_414' title='bbox 2483 3118 2695 3172; x_wconf 88' lang='lat' dir='ltr'><strong>animas</strong></span> <span class='ocrx_word' id='word_1_415' title='bbox 2746 3123 2955 3170; x_wconf 84' lang='lat' dir='ltr'><strong>vestras</strong></span> <span class='ocrx_word' id='word_1_416' title='bbox 2994 3116 3048 3168; x_wconf 91' lang='lat' dir='ltr'><strong>in</strong></span> <span class='ocrx_word' id='word_1_417' title='bbox 3073 3113 3224 3169; x_wconf 89' lang='lat' dir='ltr'><strong>omni</strong></span> <span class='ocrx_word' id='word_1_418' title='bbox 3277 3111 3482 3181; x_wconf 87' lang='lat' dir='ltr'><strong>rcptili,</strong></span> <span class='ocrx_word' id='word_1_419' title='bbox 3534 3112 3684 3180; x_wconf 83' lang='lat' dir='ltr'><strong>quod</strong></span> 
     </span>
    </p>
   </div>
   <div class='ocr_carea' id='block_1_60' title="bbox 407 3204 3687 3281">
    <p class='ocr_par' dir='ltr' id='par_1_60' title="bbox 407 3204 3687 3281">
     <span class='ocr_line' id='line_1_60' title="bbox 407 3204 3687 3281; baseline -0.001 -22"><span class='ocrx_word' id='word_1_420' title='bbox 407 3207 688 3276; x_wconf 88' lang='lat' dir='ltr'><strong>pertinere</strong></span> <span class='ocrx_word' id='word_1_421' title='bbox 717 3207 1040 3263; x_wconf 87' lang='lat' dir='ltr'><strong>custodiam.</strong></span> <span class='ocrx_word' id='word_1_422' title='bbox 1101 3207 1291 3262; x_wconf 83' lang='lat' dir='ltr'><strong>Terret</strong></span> <span class='ocrx_word' id='word_1_423' title='bbox 1350 3210 1512 3280; x_wconf 73' lang='lat' dir='ltr'><strong>igitur</strong></span> <span class='ocrx_word' id='word_1_424' title='bbox 1567 3210 1707 3266; x_wconf 82' lang='lat' dir='ltr'><strong>Dcus</strong></span> <span class='ocrx_word' id='word_1_425' title='bbox 1755 3212 1980 3281; x_wconf 80' lang='lat' dir='ltr'><strong>Spiritus</strong></span> <span class='ocrx_word' id='word_1_426' title='bbox 2087 3223 2338 3269; x_wconf 83' lang='lat' dir='ltr'><strong>movetur</strong></span> <span class='ocrx_word' id='word_1_427' title='bbox 2373 3226 2542 3280; x_wconf 87' lang='lat' dir='ltr'><strong>super</strong></span> <span class='ocrx_word' id='word_1_428' title='bbox 2565 3220 2788 3265; x_wconf 84' lang='lat' dir='ltr'><strong>terram.</strong></span> <span class='ocrx_word' id='word_1_429' title='bbox 2825 3210 2936 3277; x_wconf 81' lang='lat' dir='ltr'><strong>Ego</strong></span> <span class='ocrx_word' id='word_1_430' title='bbox 2961 3207 3225 3262; x_wconf 86' lang='lat' dir='ltr'><strong>Dominus</strong></span> <span class='ocrx_word' id='word_1_431' title='bbox 3257 3207 3349 3275; x_wconf 89' lang='lat' dir='ltr'><strong>qui</strong></span> <span class='ocrx_word' id='word_1_432' title='bbox 3383 3204 3554 3258; x_wconf 74' lang='lat' dir='ltr'><strong>eduxi</strong></span> <span class='ocrx_word' id='word_1_433' title='bbox 3589 3219 3687 3257; x_wconf 83' lang='lat' dir='ltr'><strong>vos</strong></span> 
     </span>
    </p>
   </div>
   <div class='ocr_carea' id='block_1_61' title="bbox 407 3293 3682 3372">
    <p class='ocr_par' dir='ltr' id='par_1_61' title="bbox 407 3293 3682 3372">
     <span class='ocr_line' id='line_1_61' title="bbox 407 3293 3682 3372; baseline -0.001 -23"><span class='ocrx_word' id='word_1_434' title='bbox 407 3309 505 3350; x_wconf 82' lang='lat' dir='ltr'><strong>eos</strong></span> <span class='ocrx_word' id='word_1_435' title='bbox 547 3296 638 3366; x_wconf 89' lang='lat' dir='ltr'><strong>qui</strong></span> <span class='ocrx_word' id='word_1_436' title='bbox 689 3295 818 3351; x_wconf 89' lang='lat' dir='ltr'><strong>olim</strong></span> <span class='ocrx_word' id='word_1_437' title='bbox 882 3309 1248 3369; x_wconf 81' lang='lat' dir='ltr'><strong>perceperunt</strong></span> <span class='ocrx_word' id='word_1_438' title='bbox 1291 3301 1578 3370; x_wconf 83' lang='lat' dir='ltr'><strong>baptisma,</strong></span> <span class='ocrx_word' id='word_1_439' title='bbox 1639 3311 1698 3356; x_wconf 83' lang='lat' dir='ltr'><strong>ut</strong></span> <span class='ocrx_word' id='word_1_440' title='bbox 1747 3315 1853 3355; x_wconf 85' lang='lat' dir='ltr'><strong>non</strong></span> <span class='ocrx_word' id='word_1_441' title='bbox 1916 3320 1978 3356; x_wconf 76' lang='lat' dir='ltr'><strong>cx</strong></span> <span class='ocrx_word' id='word_1_442' title='bbox 2085 3304 2154 3359; x_wconf 87' lang='lat' dir='ltr'><strong>de</strong></span> <span class='ocrx_word' id='word_1_443' title='bbox 2189 3313 2335 3358; x_wconf 85' lang='lat' dir='ltr'><strong>terra.</strong></span> <span class='ocrx_word' id='word_1_444' title='bbox 2361 3301 2876 3372; x_wconf 60' lang='lat' dir='ltr'><strong>Egyplimtessem</strong></span> <span class='ocrx_word' id='word_1_445' title='bbox 2901 3297 3054 3353; x_wconf 85' lang='lat' dir='ltr'><strong>vobis</strong></span> <span class='ocrx_word' id='word_1_446' title='bbox 3085 3296 3247 3350; x_wconf 85' lang='lat' dir='ltr'><strong>Deus.</strong></span> <span class='ocrx_word' id='word_1_447' title='bbox 3280 3293 3467 3347; x_wconf 80' lang='lat' dir='ltr'><strong>Sancti</strong></span> <span class='ocrx_word' id='word_1_448' title='bbox 3500 3293 3682 3354; x_wconf 77' lang='lat' dir='ltr'><strong>erilis,</strong></span> 
     </span>
    </p>
   </div>
   <div class='ocr_carea' id='block_1_62' title="bbox 407 3387 2922 3466">
    <p class='ocr_par' dir='ltr' id='par_1_62' title="bbox 407 3387 2922 3466">
     <span class='ocr_line' id='line_1_62' title="bbox 407 3387 2922 3466; baseline 0.001 -26"><span class='ocrx_word' id='word_1_449' title='bbox 407 3387 732 3458; x_wconf 85' lang='lat' dir='ltr'><strong>negligentia</strong></span> <span class='ocrx_word' id='word_1_450' title='bbox 762 3395 1054 3458; x_wconf 86' lang='lat' dir='ltr'><strong>peccantes</strong></span> <span class='ocrx_word' id='word_1_451' title='bbox 1095 3389 1360 3445; x_wconf 86' lang='lat' dir='ltr'><strong>immundi</strong></span> <span class='ocrx_word' id='word_1_452' title='bbox 1405 3389 1556 3444; x_wconf 83' lang='lat' dir='ltr'><strong>ﬂant.</strong></span> <span class='ocrx_word' id='word_1_453' title='bbox 2087 3398 2213 3466; x_wconf 74' lang='lat' dir='ltr'><strong>quia</strong></span> <span class='ocrx_word' id='word_1_454' title='bbox 2252 3406 2308 3450; x_wconf 85' lang='lat' dir='ltr'><strong>et</strong></span> <span class='ocrx_word' id='word_1_455' title='bbox 2333 3411 2434 3466; x_wconf 80' lang='lat' dir='ltr'><strong>ego</strong></span> <span class='ocrx_word' id='word_1_456' title='bbox 2466 3403 2690 3448; x_wconf 87' lang='lat' dir='ltr'><strong>sanctus</strong></span> <span class='ocrx_word' id='word_1_457' title='bbox 2719 3407 2862 3446; x_wconf 86' lang='lat' dir='ltr'><strong>sum.</strong></span> <span class='ocrx_word' id='word_1_458' title='bbox 2899 3411 2922 3441; x_wconf 81' lang='grc' dir='ltr'><strong>ι</strong></span> 
     </span>
    </p>
   </div>
   <div class='ocr_carea' id='block_1_63' title="bbox 486 3479 1985 3557">
    <p class='ocr_par' dir='ltr' id='par_1_63' title="bbox 486 3479 1985 3557">
     <span class='ocr_line' id='line_1_63' title="bbox 486 3479 1985 3557; baseline 0.005 -24"><span class='ocrx_word' id='word_1_459' title='bbox 486 3479 638 3534; x_wconf 70' lang='lat' dir='ltr'><strong>Vens.</strong></span> <span class='ocrx_word' id='word_1_460' title='bbox 679 3479 766 3545; x_wconf 80' lang='grc'><strong>59,</strong></span> <span class='ocrx_word' id='word_1_461' title='bbox 799 3481 889 3534; x_wconf 79' lang='grc'><strong>40.</strong></span> <span class='ocrx_word' id='word_1_462' title='bbox 927 3499 945 3532; x_wconf 80' lang='grc' dir='ltr'><strong>ι</strong></span> <span class='ocrx_word' id='word_1_463' title='bbox 977 3479 1034 3534; x_wconf 88' lang='lat' dir='ltr'><strong>Si</strong></span> <span class='ocrx_word' id='word_1_464' title='bbox 1059 3491 1334 3536; x_wconf 88' lang='lat' dir='ltr'><strong>mortuum</strong></span> <span class='ocrx_word' id='word_1_465' title='bbox 1363 3483 1528 3538; x_wconf 74' lang='lat' dir='ltr'><strong>fuerit</strong></span> <span class='ocrx_word' id='word_1_466' title='bbox 1575 3487 1794 3550; x_wconf 86' lang='lat' dir='ltr'><strong>animal,</strong></span> <span class='ocrx_word' id='word_1_467' title='bbox 1835 3489 1985 3557; x_wconf 81' lang='lat' dir='ltr'><strong>quod</strong></span> 
     </span>
    </p>
   </div>
   <div class='ocr_carea' id='block_1_64' title="bbox 407 3571 1976 3650">
    <p class='ocr_par' dir='ltr' id='par_1_64' title="bbox 407 3571 1976 3650">
     <span class='ocr_line' id='line_1_64' title="bbox 407 3571 1976 3650; baseline 0.005 -25"><span class='ocrx_word' id='word_1_468' title='bbox 407 3572 533 3626; x_wconf 81' lang='lat' dir='ltr'><strong>licet</strong></span> <span class='ocrx_word' id='word_1_469' title='bbox 569 3571 724 3628; x_wconf 80' lang='lat' dir='ltr'><strong>vobis</strong></span> <span class='ocrx_word' id='word_1_470' title='bbox 773 3573 1076 3639; x_wconf 88' lang='lat' dir='ltr'><strong>comedere,</strong></span> <span class='ocrx_word' id='word_1_471' title='bbox 1110 3576 1203 3645; x_wconf 83' lang='lat' dir='ltr'><strong>qui</strong></span> <span class='ocrx_word' id='word_1_472' title='bbox 1259 3577 1492 3631; x_wconf 79' lang='lat' dir='ltr'><strong>cadaver</strong></span> <span class='ocrx_word' id='word_1_473' title='bbox 1553 3579 1670 3647; x_wconf 79' lang='lat' dir='ltr'><strong>ejus</strong></span> <span class='ocrx_word' id='word_1_474' title='bbox 1720 3580 1976 3650; x_wconf 71' lang='lat' dir='ltr'><strong>tetigerit,</strong></span> 
     </span>
    </p>
   </div>
   <div class='ocr_carea' id='block_1_65' title="bbox 405 3663 1978 3738">
    <p class='ocr_par' dir='ltr' id='par_1_65' title="bbox 405 3663 1978 3738">
     <span class='ocr_line' id='line_1_65' title="bbox 405 3663 1978 3738; baseline 0.004 -22"><span class='ocrx_word' id='word_1_475' title='bbox 405 3663 722 3718; x_wconf 85' lang='lat' dir='ltr'><strong>immundus</strong></span> <span class='ocrx_word' id='word_1_476' title='bbox 751 3663 858 3718; x_wconf 89' lang='lat' dir='ltr'><strong>erit</strong></span> <span class='ocrx_word' id='word_1_477' title='bbox 889 3679 1063 3735; x_wconf 86' lang='lat' dir='ltr'><strong>usque</strong></span> <span class='ocrx_word' id='word_1_478' title='bbox 1085 3666 1149 3720; x_wconf 89' lang='lat' dir='ltr'><strong>ad</strong></span> <span class='ocrx_word' id='word_1_479' title='bbox 1185 3682 1488 3736; x_wconf 79' lang='lat' dir='ltr'><strong>vesperam.</strong></span> <span class='ocrx_word' id='word_1_480' title='bbox 1519 3668 1583 3722; x_wconf 86' lang='lat' dir='ltr'><strong>Et</strong></span> <span class='ocrx_word' id='word_1_481' title='bbox 1607 3669 1696 3738; x_wconf 89' lang='lat' dir='ltr'><strong>qui</strong></span> <span class='ocrx_word' id='word_1_482' title='bbox 1725 3671 1978 3724; x_wconf 77' lang='lat' dir='ltr'><strong>comede-</strong></span> 
     </span>
    </p>
   </div>
   <div class='ocr_carea' id='block_1_66' title="bbox 405 3757 1978 3830">
    <p class='ocr_par' dir='ltr' id='par_1_66' title="bbox 405 3757 1978 3830">
     <span class='ocr_line' id='line_1_66' title="bbox 405 3757 1978 3830; baseline 0.005 -22"><span class='ocrx_word' id='word_1_483' title='bbox 405 3759 476 3810; x_wconf 84' lang='lat' dir='ltr'><strong>rit</strong></span> <span class='ocrx_word' id='word_1_484' title='bbox 509 3771 572 3811; x_wconf 76' lang='lat' dir='ltr'><strong>ex</strong></span> <span class='ocrx_word' id='word_1_485' title='bbox 604 3772 670 3812; x_wconf 87' lang='lat' dir='ltr'><strong>eo</strong></span> <span class='ocrx_word' id='word_1_486' title='bbox 688 3757 986 3828; x_wconf 86' lang='lat' dir='ltr'><strong>quidpiam,</strong></span> <span class='ocrx_word' id='word_1_487' title='bbox 1023 3769 1186 3830; x_wconf 89' lang='lat' dir='ltr'><strong>atque</strong></span> <span class='ocrx_word' id='word_1_488' title='bbox 1225 3762 1544 3830; x_wconf 81' lang='lat' dir='ltr'><strong>portaverit,</strong></span> <span class='ocrx_word' id='word_1_489' title='bbox 1579 3763 1778 3816; x_wconf 84' lang='lat' dir='ltr'><strong>lavabit</strong></span> <span class='ocrx_word' id='word_1_490' title='bbox 1812 3764 1978 3817; x_wconf 80' lang='lat' dir='ltr'><strong>vesti-</strong></span> 
     </span>
    </p>
   </div>
   <div class='ocr_carea' id='block_1_67' title="bbox 405 3851 1974 3926">
    <p class='ocr_par' dir='ltr' id='par_1_67' title="bbox 405 3851 1974 3926">
     <span class='ocr_line' id='line_1_67' title="bbox 405 3851 1974 3926; baseline 0.002 -22"><span class='ocrx_word' id='word_1_491' title='bbox 405 3859 590 3904; x_wconf 87' lang='lat' dir='ltr'><strong>menta</strong></span> <span class='ocrx_word' id='word_1_492' title='bbox 615 3865 732 3916; x_wconf 84' lang='lat' dir='ltr'><strong>sua,</strong></span> <span class='ocrx_word' id='word_1_493' title='bbox 764 3861 819 3906; x_wconf 91' lang='lat' dir='ltr'><strong>et</strong></span> <span class='ocrx_word' id='word_1_494' title='bbox 853 3851 1167 3906; x_wconf 85' lang='lat' dir='ltr'><strong>immundus</strong></span> <span class='ocrx_word' id='word_1_495' title='bbox 1196 3855 1298 3907; x_wconf 90' lang='lat' dir='ltr'><strong>erit</strong></span> <span class='ocrx_word' id='word_1_496' title='bbox 1325 3871 1494 3924; x_wconf 89' lang='lat' dir='ltr'><strong>usque</strong></span> <span class='ocrx_word' id='word_1_497' title='bbox 1519 3856 1585 3909; x_wconf 90' lang='lat' dir='ltr'><strong>ad</strong></span> <span class='ocrx_word' id='word_1_498' title='bbox 1617 3871 1918 3926; x_wconf 85' lang='lat' dir='ltr'><strong>vesperam.</strong></span> <span class='ocrx_word' id='word_1_499' title='bbox 1958 3878 1974 3907; x_wconf 75' lang='grc' dir='ltr'><strong>ι</strong></span> 
     </span>
    </p>
   </div>
   <div class='ocr_carea' id='block_1_68' title="bbox 2157 3474 3682 3555">
    <p class='ocr_par' dir='ltr' id='par_1_68' title="bbox 2157 3474 3682 3555">
     <span class='ocr_line' id='line_1_68' title="bbox 2157 3474 3682 3555; baseline -0.011 -14"><span class='ocrx_word' id='word_1_500' title='bbox 2157 3486 2396 3541; x_wconf 86' lang='lat' dir='ltr'><strong>Omnino</strong></span> <span class='ocrx_word' id='word_1_501' title='bbox 2427 3483 2682 3555; x_wconf 89' lang='lat' dir='ltr'><strong>prohibet</strong></span> <span class='ocrx_word' id='word_1_502' title='bbox 2711 3496 2832 3536; x_wconf 88' lang='lat' dir='ltr'><strong>esse</strong></span> <span class='ocrx_word' id='word_1_503' title='bbox 2862 3495 2963 3534; x_wconf 89' lang='lat' dir='ltr'><strong>nos</strong></span> <span class='ocrx_word' id='word_1_504' title='bbox 2995 3478 3174 3534; x_wconf 86' lang='lat' dir='ltr'><strong>socios</strong></span> <span class='ocrx_word' id='word_1_505' title='bbox 3204 3491 3392 3531; x_wconf 87' lang='lat' dir='ltr'><strong>eorum</strong></span> <span class='ocrx_word' id='word_1_506' title='bbox 3435 3474 3530 3542; x_wconf 89' lang='lat' dir='ltr'><strong>qui</strong></span> <span class='ocrx_word' id='word_1_507' title='bbox 3572 3484 3682 3528; x_wconf 86' lang='lat' dir='ltr'><strong>ter-</strong></span> 
     </span>
    </p>
   </div>
   <div class='ocr_carea' id='block_1_69' title="bbox 2089 3567 3682 3647">
    <p class='ocr_par' dir='ltr' id='par_1_69' title="bbox 2089 3567 3682 3647">
     <span class='ocr_line' id='line_1_69' title="bbox 2089 3567 3682 3647; baseline -0.01 -14"><span class='ocrx_word' id='word_1_508' title='bbox 2089 3593 2216 3633; x_wconf 89' lang='lat' dir='ltr'><strong>rena</strong></span> <span class='ocrx_word' id='word_1_509' title='bbox 2248 3577 2462 3647; x_wconf 90' lang='lat' dir='ltr'><strong>sapiunt</strong></span> <span class='ocrx_word' id='word_1_510' title='bbox 2489 3595 2501 3628; x_wconf 92' lang='lat'><strong>:</strong></span> <span class='ocrx_word' id='word_1_511' title='bbox 2533 3590 2637 3629; x_wconf 87' lang='lat' dir='ltr'><strong>nec</strong></span> <span class='ocrx_word' id='word_1_512' title='bbox 2661 3575 2704 3628; x_wconf 90' lang='lat' dir='ltr'><strong>si</strong></span> <span class='ocrx_word' id='word_1_513' title='bbox 2729 3581 2980 3642; x_wconf 75' lang='lat' dir='ltr'><strong>potentes</strong></span> <span class='ocrx_word' id='word_1_514' title='bbox 3000 3569 3380 3640; x_wconf 68' lang='lat' dir='ltr'><strong>quidantsint,</strong></span> <span class='ocrx_word' id='word_1_515' title='bbox 3395 3583 3504 3620; x_wconf 85' lang='lat' dir='ltr'><strong>nec</strong></span> <span class='ocrx_word' id='word_1_516' title='bbox 3532 3567 3578 3620; x_wconf 87' lang='lat' dir='ltr'><strong>si</strong></span> <span class='ocrx_word' id='word_1_517' title='bbox 3601 3567 3682 3635; x_wconf 83' lang='lat' dir='ltr'><strong>ju-</strong></span> 
     </span>
    </p>
   </div>
   <div class='ocr_carea' id='block_1_70' title="bbox 2087 3659 3682 3736">
    <p class='ocr_par' dir='ltr' id='par_1_70' title="bbox 2087 3659 3682 3736">
     <span class='ocr_line' id='line_1_70' title="bbox 2087 3659 3682 3736; baseline -0.007 -13"><span class='ocrx_word' id='word_1_518' title='bbox 2087 3671 2290 3724; x_wconf 85' lang='lat' dir='ltr'><strong>stitiam</strong></span> <span class='ocrx_word' id='word_1_519' title='bbox 2318 3676 2416 3723; x_wconf 87' lang='lat' dir='ltr'><strong>aut.</strong></span> <span class='ocrx_word' id='word_1_520' title='bbox 2429 3665 2749 3736; x_wconf 85' lang='lat' dir='ltr'><strong>sapientiam</strong></span> <span class='ocrx_word' id='word_1_521' title='bbox 2777 3664 3002 3734; x_wconf 82' lang='lat' dir='ltr'><strong>ﬁngant,</strong></span> <span class='ocrx_word' id='word_1_522' title='bbox 3022 3677 3124 3716; x_wconf 89' lang='lat' dir='ltr'><strong>nec</strong></span> <span class='ocrx_word' id='word_1_523' title='bbox 3146 3661 3190 3716; x_wconf 91' lang='lat' dir='ltr'><strong>si</strong></span> <span class='ocrx_word' id='word_1_524' title='bbox 3210 3659 3352 3716; x_wconf 85' lang='lat' dir='ltr'><strong>forte</strong></span> <span class='ocrx_word' id='word_1_525' title='bbox 3369 3659 3682 3716; x_wconf 84' lang='lat' dir='ltr'><strong>sacerdotio</strong></span> 
     </span>
    </p>
   </div>
   <div class='ocr_carea' id='block_1_71' title="bbox 2089 3751 3680 3832">
    <p class='ocr_par' dir='ltr' id='par_1_71' title="bbox 2089 3751 3680 3832">
     <span class='ocr_line' id='line_1_71' title="bbox 2089 3751 3680 3832; baseline -0.008 -18"><span class='ocrx_word' id='word_1_526' title='bbox 2089 3765 2180 3817; x_wconf 87' lang='lat' dir='ltr'><strong>vel</strong></span> <span class='ocrx_word' id='word_1_527' title='bbox 2220 3760 2534 3832; x_wconf 85' lang='lat' dir='ltr'><strong>aliqualibet</strong></span> <span class='ocrx_word' id='word_1_528' title='bbox 2563 3757 2892 3813; x_wconf 82' lang='lat' dir='ltr'><strong>amiciantur</strong></span> <span class='ocrx_word' id='word_1_529' title='bbox 2919 3753 3212 3823; x_wconf 82' lang='lat' dir='ltr'><strong>dignitate.</strong></span> <span class='ocrx_word' id='word_1_530' title='bbox 3240 3751 3397 3806; x_wconf 76' lang='lat' dir='ltr'><strong>Unde</strong></span> <span class='ocrx_word' id='word_1_531' title='bbox 3435 3751 3680 3806; x_wconf 72' lang='lat' dir='ltr'><strong>breviter</strong></span> 
     </span>
    </p>
   </div>
   <div class='ocr_carea' id='block_1_72' title="bbox 2087 3851 3674 3923">
    <p class='ocr_par' dir='ltr' id='par_1_72' title="bbox 2087 3851 3674 3923">
     <span class='ocr_line' id='line_1_72' title="bbox 2087 3851 3674 3923; baseline -0.009 -12"><span class='ocrx_word' id='word_1_532' title='bbox 2087 3857 2330 3911; x_wconf 88' lang='lat' dir='ltr'><strong>omnium</strong></span> <span class='ocrx_word' id='word_1_533' title='bbox 2384 3851 2695 3923; x_wconf 87' lang='lat' dir='ltr'><strong>repentium</strong></span> <span class='ocrx_word' id='word_1_534' title='bbox 2721 3865 2844 3918; x_wconf 71' lang='lat' dir='ltr'><strong>qua:</strong></span> <span class='ocrx_word' id='word_1_535' title='bbox 2899 3861 3065 3916; x_wconf 86' lang='lat' dir='ltr'><strong>super</strong></span> <span class='ocrx_word' id='word_1_536' title='bbox 3111 3855 3312 3900; x_wconf 85' lang='lat' dir='ltr'><strong>terram</strong></span> <span class='ocrx_word' id='word_1_537' title='bbox 3360 3852 3674 3903; x_wconf 80' lang='lat' dir='ltr'><strong>moventur.</strong></span> 
     </span>
    </p>
   </div>
   <div class='ocr_carea' id='block_1_73' title="bbox 474 3939 1979 4018">
    <p class='ocr_par' dir='ltr' id='par_1_73' title="bbox 474 3939 1979 4018">
     <span class='ocr_line' id='line_1_73' title="bbox 474 3939 1979 4018; baseline 0.005 -24"><span class='ocrx_word' id='word_1_538' title='bbox 474 3939 941 4006; x_wconf 79' lang='lat' dir='ltr'><strong>Quemadmodum</strong></span> <span class='ocrx_word' id='word_1_539' title='bbox 980 3953 1299 4014; x_wconf 85' lang='lat' dir='ltr'><strong>peccatores</strong></span> <span class='ocrx_word' id='word_1_540' title='bbox 1335 3945 1718 4016; x_wconf 81' lang='lat' dir='ltr'><strong>permanentes</strong></span> <span class='ocrx_word' id='word_1_541' title='bbox 1757 3948 1811 4001; x_wconf 91' lang='lat' dir='ltr'><strong>in</strong></span> <span class='ocrx_word' id='word_1_542' title='bbox 1853 3965 1979 4018; x_wconf 89' lang='lat' dir='ltr'><strong>pec-</strong></span> 
     </span>
    </p>
   </div>
   <div class='ocr_carea' id='block_1_74' title="bbox 405 4032 1980 4108">
    <p class='ocr_par' dir='ltr' id='par_1_74' title="bbox 405 4032 1980 4108">
     <span class='ocr_line' id='line_1_74' title="bbox 405 4032 1980 4108; baseline 0.005 -22"><span class='ocrx_word' id='word_1_543' title='bbox 405 4032 561 4100; x_wconf 86' lang='lat' dir='ltr'><strong>catis,</strong></span> <span class='ocrx_word' id='word_1_544' title='bbox 584 4033 931 4090; x_wconf 89' lang='lat' dir='ltr'><strong>abominandi</strong></span> <span class='ocrx_word' id='word_1_545' title='bbox 963 4047 1109 4102; x_wconf 90' lang='lat' dir='ltr'><strong>sunl,</strong></span> <span class='ocrx_word' id='word_1_546' title='bbox 1142 4053 1483 4108; x_wconf 84' lang='lat' dir='ltr'><strong>nequaquam</strong></span> <span class='ocrx_word' id='word_1_547' title='bbox 1505 4049 1687 4094; x_wconf 87' lang='lat' dir='ltr'><strong>autem</strong></span> <span class='ocrx_word' id='word_1_548' title='bbox 1719 4043 1980 4096; x_wconf 86' lang='lat' dir='ltr'><strong>receden-</strong></span> 
     </span>
    </p>
   </div>
   <div class='ocr_carea' id='block_1_75' title="bbox 415 4129 1981 4199">
    <p class='ocr_par' dir='ltr' id='par_1_75' title="bbox 415 4129 1981 4199">
     <span class='ocr_line' id='line_1_75' title="bbox 415 4129 1981 4199; baseline 0.006 -20"><span class='ocrx_word' id='word_1_549' title='bbox 415 4135 496 4180; x_wconf 87' lang='lat' dir='ltr'><strong>tes</strong></span> <span class='ocrx_word' id='word_1_550' title='bbox 527 4141 591 4180; x_wconf 87' lang='lat' dir='ltr'><strong>ac</strong></span> <span class='ocrx_word' id='word_1_551' title='bbox 635 4129 998 4197; x_wconf 72' lang='lat' dir='ltr'><strong>pmnitentes:</strong></span> <span class='ocrx_word' id='word_1_552' title='bbox 1035 4129 1108 4184; x_wconf 85' lang='lat' dir='ltr'><strong>ita</strong></span> <span class='ocrx_word' id='word_1_553' title='bbox 1141 4131 1305 4199; x_wconf 87' lang='lat' dir='ltr'><strong>justis</strong></span> <span class='ocrx_word' id='word_1_554' title='bbox 1335 4133 1480 4186; x_wconf 91' lang='lat' dir='ltr'><strong>omni</strong></span> <span class='ocrx_word' id='word_1_555' title='bbox 1531 4132 1716 4187; x_wconf 80' lang='lat' dir='ltr'><strong>studio‘</strong></span> <span class='ocrx_word' id='word_1_556' title='bbox 1743 4147 1981 4188; x_wconf 85' lang='lat' dir='ltr'><strong>concur—</strong></span> 
     </span>
    </p>
   </div>
   <div class='ocr_carea' id='block_1_76' title="bbox 409 4219 1981 4291">
    <p class='ocr_par' dir='ltr' id='par_1_76' title="bbox 409 4219 1981 4291">
     <span class='ocr_line' id='line_1_76' title="bbox 409 4219 1981 4291; baseline 0.006 -20"><span class='ocrx_word' id='word_1_557' title='bbox 409 4219 638 4272; x_wconf 88' lang='lat' dir='ltr'><strong>rendum</strong></span> <span class='ocrx_word' id='word_1_558' title='bbox 670 4229 770 4282; x_wconf 91' lang='lat' dir='ltr'><strong>est,</strong></span> <span class='ocrx_word' id='word_1_559' title='bbox 825 4221 1124 4276; x_wconf 87' lang='lat' dir='ltr'><strong>scientibus</strong></span> <span class='ocrx_word' id='word_1_560' title='bbox 1155 4223 1314 4276; x_wconf 88' lang='lat' dir='ltr'><strong>nobis</strong></span> <span class='ocrx_word' id='word_1_561' title='bbox 1355 4224 1478 4291; x_wconf 87' lang='lat' dir='ltr'><strong>quia</strong></span> <span class='ocrx_word' id='word_1_562' title='bbox 1510 4239 1579 4277; x_wconf 78' lang='lat' dir='ltr'><strong>ex</strong></span> <span class='ocrx_word' id='word_1_563' title='bbox 1611 4225 1692 4278; x_wconf 88' lang='lat' dir='ltr'><strong>eis</strong></span> <span class='ocrx_word' id='word_1_564' title='bbox 1741 4227 1981 4280; x_wconf 74' lang='lat' dir='ltr'><strong>sanctifi-</strong></span> 
     </span>
    </p>
   </div>
   <div class='ocr_carea' id='block_1_77' title="bbox 405 4311 1979 4386">
    <p class='ocr_par' dir='ltr' id='par_1_77' title="bbox 405 4311 1979 4386">
     <span class='ocr_line' id='line_1_77' title="bbox 405 4311 1979 4386; baseline 0.003 -21"><span class='ocrx_word' id='word_1_565' title='bbox 405 4325 614 4366; x_wconf 91' lang='lat' dir='ltr'><strong>camur.</strong></span> <span class='ocrx_word' id='word_1_566' title='bbox 677 4311 736 4363; x_wconf 84' lang='lat' dir='ltr'><strong>Si</strong></span> <span class='ocrx_word' id='word_1_567' title='bbox 795 4320 976 4365; x_wconf 87' lang='lat' dir='ltr'><strong>autem</strong></span> <span class='ocrx_word' id='word_1_568' title='bbox 1036 4313 1234 4366; x_wconf 91' lang='lat' dir='ltr'><strong>mortui</strong></span> <span class='ocrx_word' id='word_1_569' title='bbox 1291 4313 1494 4366; x_wconf 86' lang='lat' dir='ltr'><strong>fuerint</strong></span> <span class='ocrx_word' id='word_1_570' title='bbox 1569 4315 1716 4383; x_wconf 87' lang='lat' dir='ltr'><strong>gravi</strong></span> <span class='ocrx_word' id='word_1_571' title='bbox 1773 4317 1979 4386; x_wconf 83' lang='lat' dir='ltr'><strong>peccati</strong></span> 
     </span>
    </p>
   </div>
   <div class='ocr_carea' id='block_1_78' title="bbox 408 4402 1979 4472">
    <p class='ocr_par' dir='ltr' id='par_1_78' title="bbox 408 4402 1979 4472">
     <span class='ocr_line' id='line_1_78' title="bbox 408 4402 1979 4472; baseline 0.001 -16"><span class='ocrx_word' id='word_1_572' title='bbox 408 4411 602 4466; x_wconf 79' lang='lat' dir='ltr'><strong>morte,</strong></span> <span class='ocrx_word' id='word_1_573' title='bbox 637 4417 746 4456; x_wconf 90' lang='lat' dir='ltr'><strong>non</strong></span> <span class='ocrx_word' id='word_1_574' title='bbox 791 4403 1056 4456; x_wconf 87' lang='lat' dir='ltr'><strong>debemus</strong></span> <span class='ocrx_word' id='word_1_575' title='bbox 1108 4411 1330 4472; x_wconf 81' lang='lat' dir='ltr'><strong>tangere</strong></span> <span class='ocrx_word' id='word_1_576' title='bbox 1376 4402 1589 4456; x_wconf 88' lang='lat' dir='ltr'><strong>illorutn</strong></span> <span class='ocrx_word' id='word_1_577' title='bbox 1643 4405 1828 4470; x_wconf 87' lang='lat' dir='ltr'><strong>vitam,</strong></span> <span class='ocrx_word' id='word_1_578' title='bbox 1878 4424 1979 4461; x_wconf 82' lang='lat' dir='ltr'><strong>nee</strong></span> 
     </span>
    </p>
   </div>
   <div class='ocr_carea' id='block_1_79' title="bbox 2087 3936 3676 4011">
    <p class='ocr_par' dir='ltr' id='par_1_79' title="bbox 2087 3936 3676 4011">
     <span class='ocr_line' id='line_1_79' title="bbox 2087 3936 3676 4011; baseline -0.011 -9"><span class='ocrx_word' id='word_1_579' title='bbox 2087 3950 2422 4004; x_wconf 83' lang='lat' dir='ltr'><strong>mentionem</strong></span> <span class='ocrx_word' id='word_1_580' title='bbox 2444 3945 2590 4004; x_wconf 84' lang='lat' dir='ltr'><strong>fecit,</strong></span> <span class='ocrx_word' id='word_1_581' title='bbox 2607 3957 2728 3996; x_wconf 84' lang='lat' dir='ltr'><strong>non</strong></span> <span class='ocrx_word' id='word_1_582' title='bbox 2750 3940 3068 4011; x_wconf 84' lang='lat' dir='ltr'><strong>simpliciter</strong></span> <span class='ocrx_word' id='word_1_583' title='bbox 3084 3940 3188 3992; x_wconf 87' lang='lat' dir='ltr'><strong>hoc</strong></span> <span class='ocrx_word' id='word_1_584' title='bbox 3215 3936 3360 4006; x_wconf 89' lang='lat' dir='ltr'><strong>quod</strong></span> <span class='ocrx_word' id='word_1_585' title='bbox 3377 3944 3465 3990; x_wconf 87' lang='lat' dir='ltr'><strong>est</strong></span> <span class='ocrx_word' id='word_1_586' title='bbox 3485 3949 3676 4002; x_wconf 74' lang='lat' dir='ltr'><strong>repere</strong></span> 
     </span>
    </p>
   </div>
   <div class='ocr_carea' id='block_1_80' title="bbox 2089 4027 3674 4110">
    <p class='ocr_par' dir='ltr' id='par_1_80' title="bbox 2089 4027 3674 4110">
     <span class='ocr_line' id='line_1_80' title="bbox 2089 4027 3674 4110; baseline -0.011 -15"><span class='ocrx_word' id='word_1_587' title='bbox 2089 4054 2378 4110; x_wconf 86' lang='lat' dir='ltr'><strong>respuens,</strong></span> <span class='ocrx_word' id='word_1_588' title='bbox 2413 4037 2508 4092; x_wconf 85' lang='lat' dir='ltr'><strong>sed</strong></span> <span class='ocrx_word' id='word_1_589' title='bbox 2543 4049 2709 4104; x_wconf 89' lang='lat' dir='ltr'><strong>super</strong></span> <span class='ocrx_word' id='word_1_590' title='bbox 2736 4043 2936 4088; x_wconf 88' lang='lat' dir='ltr'><strong>terram</strong></span> <span class='ocrx_word' id='word_1_591' title='bbox 2972 4046 3200 4100; x_wconf 86' lang='lat' dir='ltr'><strong>repere;</strong></span> <span class='ocrx_word' id='word_1_592' title='bbox 3234 4045 3360 4082; x_wconf 88' lang='lat' dir='ltr'><strong>nam</strong></span> <span class='ocrx_word' id='word_1_593' title='bbox 3395 4027 3674 4082; x_wconf 75' lang='lat' dir='ltr'><strong>humiliari</strong></span> 
     </span>
    </p>
   </div>
   <div class='ocr_carea' id='block_1_81' title="bbox 2087 4117 3675 4204">
    <p class='ocr_par' dir='ltr' id='par_1_81' title="bbox 2087 4117 3675 4204">
     <span class='ocr_line' id='line_1_81' title="bbox 2087 4117 3675 4204; baseline -0.011 -17"><span class='ocrx_word' id='word_1_594' title='bbox 2087 4133 2304 4204; x_wconf 86' lang='lat' dir='ltr'><strong>quidem</strong></span> <span class='ocrx_word' id='word_1_595' title='bbox 2362 4131 2566 4183; x_wconf 89' lang='lat' dir='ltr'><strong>bonum</strong></span> <span class='ocrx_word' id='word_1_596' title='bbox 2621 4136 2736 4191; x_wconf 89' lang='lat' dir='ltr'><strong>est,</strong></span> <span class='ocrx_word' id='word_1_597' title='bbox 2799 4134 2856 4177; x_wconf 92' lang='lat' dir='ltr'><strong>ut</strong></span> <span class='ocrx_word' id='word_1_598' title='bbox 2920 4133 3102 4176; x_wconf 86' lang='lat' dir='ltr'><strong>autem</strong></span> <span class='ocrx_word' id='word_1_599' title='bbox 3126 4121 3195 4175; x_wconf 90' lang='lat' dir='ltr'><strong>ad</strong></span> <span class='ocrx_word' id='word_1_600' title='bbox 3259 4129 3542 4172; x_wconf 85' lang='lat' dir='ltr'><strong>terrenam</strong></span> <span class='ocrx_word' id='word_1_601' title='bbox 3580 4117 3675 4172; x_wconf 84' lang='lat' dir='ltr'><strong>de-</strong></span> 
     </span>
    </p>
   </div>
   <div class='ocr_carea' id='block_1_82' title="bbox 2087 4209 3674 4290">
    <p class='ocr_par' dir='ltr' id='par_1_82' title="bbox 2087 4209 3674 4290">
     <span class='ocr_line' id='line_1_82' title="bbox 2087 4209 3674 4290; baseline -0.014 -10"><span class='ocrx_word' id='word_1_602' title='bbox 2087 4226 2322 4280; x_wconf 87' lang='lat' dir='ltr'><strong>clinetur</strong></span> <span class='ocrx_word' id='word_1_603' title='bbox 2370 4218 2692 4290; x_wconf 82' lang='lat' dir='ltr'><strong>sapientiam</strong></span> <span class='ocrx_word' id='word_1_604' title='bbox 2713 4259 2728 4282; x_wconf 94' lang='lat'><strong>,</strong></span> <span class='ocrx_word' id='word_1_605' title='bbox 2756 4230 2865 4268; x_wconf 89' lang='lat' dir='ltr'><strong>non</strong></span> <span class='ocrx_word' id='word_1_606' title='bbox 2898 4222 2984 4268; x_wconf 86' lang='lat' dir='ltr'><strong>est</strong></span> <span class='ocrx_word' id='word_1_607' title='bbox 3028 4215 3252 4274; x_wconf 86' lang='lat' dir='ltr'><strong>bonum,</strong></span> <span class='ocrx_word' id='word_1_608' title='bbox 3281 4225 3387 4269; x_wconf 89' lang='lat' dir='ltr'><strong>nec</strong></span> <span class='ocrx_word' id='word_1_609' title='bbox 3417 4209 3572 4264; x_wconf 88' lang='lat' dir='ltr'><strong>utilis</strong></span> <span class='ocrx_word' id='word_1_610' title='bbox 3593 4213 3674 4263; x_wconf 81' lang='lat' dir='ltr'><strong>est</strong></span> 
     </span>
    </p>
   </div>
   <div class='ocr_carea' id='block_1_83' title="bbox 2086 4305 3567 4379">
    <p class='ocr_par' dir='ltr' id='par_1_83' title="bbox 2086 4305 3567 4379">
     <span class='ocr_line' id='line_1_83' title="bbox 2086 4305 3567 4379; baseline -0.01 -6"><span class='ocrx_word' id='word_1_611' title='bbox 2086 4318 2374 4373; x_wconf 88' lang='lat' dir='ltr'><strong>animabus</strong></span> <span class='ocrx_word' id='word_1_612' title='bbox 2403 4315 2522 4368; x_wconf 85' lang='lat' dir='ltr'><strong>talis</strong></span> <span class='ocrx_word' id='word_1_613' title='bbox 2548 4311 2850 4375; x_wconf 88' lang='lat' dir='ltr'><strong>humilitas,</strong></span> <span class='ocrx_word' id='word_1_614' title='bbox 2872 4325 2903 4364; x_wconf 87' lang='lat' dir='ltr'><strong>a</strong></span> <span class='ocrx_word' id='word_1_615' title='bbox 2931 4324 3038 4379; x_wconf 88' lang='lat' dir='ltr'><strong>qua</strong></span> <span class='ocrx_word' id='word_1_616' title='bbox 3070 4309 3306 4362; x_wconf 89' lang='lat' dir='ltr'><strong>liberare</strong></span> <span class='ocrx_word' id='word_1_617' title='bbox 3337 4305 3567 4360; x_wconf 89' lang='lat' dir='ltr'><strong>volens:</strong></span> 
     </span>
    </p>
   </div>
   <div class='ocr_carea' id='block_1_84' title="bbox 2159 4396 3671 4483">
    <p class='ocr_par' dir='ltr' id='par_1_84' title="bbox 2159 4396 3671 4483">
     <span class='ocr_line' id='line_1_84' title="bbox 2159 4396 3671 4483; baseline -0.012 -17"><span class='ocrx_word' id='word_1_618' title='bbox 2159 4412 2271 4483; x_wconf 85' lang='lat' dir='ltr'><strong>Ego</strong></span> <span class='ocrx_word' id='word_1_619' title='bbox 2291 4427 2427 4471; x_wconf 85' lang='lat' dir='ltr'><strong>sum,</strong></span> <span class='ocrx_word' id='word_1_620' title='bbox 2463 4406 2660 4475; x_wconf 89' lang='lat' dir='ltr'><strong>inquit,</strong></span> <span class='ocrx_word' id='word_1_621' title='bbox 2693 4403 2948 4458; x_wconf 84' lang='lat' dir='ltr'><strong>Dominus</strong></span> <span class='ocrx_word' id='word_1_622' title='bbox 2981 4401 3118 4456; x_wconf 85' lang='lat' dir='ltr'><strong>Dens</strong></span> <span class='ocrx_word' id='word_1_623' title='bbox 3151 4408 3339 4454; x_wconf 75' lang='lat' dir='ltr'><strong>vester.</strong></span> <span class='ocrx_word' id='word_1_624' title='bbox 3381 4396 3440 4452; x_wconf 89' lang='lat' dir='ltr'><strong>Id</strong></span> <span class='ocrx_word' id='word_1_625' title='bbox 3469 4406 3576 4462; x_wconf 81' lang='lat' dir='ltr'><strong>est,</strong></span> <span class='ocrx_word' id='word_1_626' title='bbox 3606 4397 3671 4450; x_wconf 83' lang='lat' dir='ltr'><strong>ad</strong></span> 
     </span>
    </p>
   </div>
   <div class='ocr_carea' id='block_1_85' title="bbox 407 4489 3670 4572">
    <p class='ocr_par' dir='ltr' id='par_1_85' title="bbox 407 4489 3670 4572">
     <span class='ocr_line' id='line_1_85' title="bbox 407 4489 3670 4572; baseline -0.002 -26"><span class='ocrx_word' id='word_1_627' title='bbox 407 4507 600 4548; x_wconf 87' lang='lat' dir='ltr'><strong>eorum</strong></span> <span class='ocrx_word' id='word_1_628' title='bbox 633 4493 1064 4547; x_wconf 80' lang='lat' dir='ltr'><strong>conversationis</strong></span> <span class='ocrx_word' id='word_1_629' title='bbox 1094 4507 1213 4546; x_wconf 84' lang='lat' dir='ltr'><strong>csse</strong></span> <span class='ocrx_word' id='word_1_630' title='bbox 1243 4495 1555 4564; x_wconf 85' lang='lat' dir='ltr'><strong>participes,</strong></span> <span class='ocrx_word' id='word_1_631' title='bbox 1579 4497 1812 4551; x_wconf 85' lang='lat' dir='ltr'><strong>scientes</strong></span> <span class='ocrx_word' id='word_1_632' title='bbox 1838 4501 1982 4568; x_wconf 84' lang='lat' dir='ltr'><strong>quod</strong></span> <span class='ocrx_word' id='word_1_633' title='bbox 2021 4491 2061 4542; x_wconf 76' lang='grc' dir='ltr'><strong>Ι)</strong></span> <span class='ocrx_word' id='word_1_634' title='bbox 2087 4505 2244 4572; x_wconf 83' lang='lat' dir='ltr'><strong>cujus</strong></span> <span class='ocrx_word' id='word_1_635' title='bbox 2263 4501 2552 4572; x_wconf 77' lang='lat' dir='ltr'><strong>imaginem</strong></span> <span class='ocrx_word' id='word_1_636' title='bbox 2573 4497 2704 4551; x_wconf 82' lang='lat' dir='ltr'><strong>facti</strong></span> <span class='ocrx_word' id='word_1_637' title='bbox 2732 4497 2884 4560; x_wconf 88' lang='lat' dir='ltr'><strong>estis,</strong></span> <span class='ocrx_word' id='word_1_638' title='bbox 2916 4503 2980 4547; x_wconf 91' lang='lat' dir='ltr'><strong>ut</strong></span> <span class='ocrx_word' id='word_1_639' title='bbox 3001 4492 3243 4549; x_wconf 67' lang='lat' dir='ltr'><strong>cmlestia</strong></span> <span class='ocrx_word' id='word_1_640' title='bbox 3273 4489 3526 4560; x_wconf 82' lang='lat' dir='ltr'><strong>sapiatis,</strong></span> <span class='ocrx_word' id='word_1_641' title='bbox 3547 4503 3670 4545; x_wconf 84' lang='lat' dir='ltr'><strong>eum</strong></span> 
     </span>
    </p>
   </div>
   <div class='ocr_carea' id='block_1_86' title="bbox 408 4583 1980 4660">
    <p class='ocr_par' dir='ltr' id='par_1_86' title="bbox 408 4583 1980 4660">
     <span class='ocr_line' id='line_1_86' title="bbox 408 4583 1980 4660; baseline 0.004 -23"><span class='ocrx_word' id='word_1_642' title='bbox 408 4585 455 4638; x_wconf 80' lang='lat' dir='ltr'><strong>si</strong></span> <span class='ocrx_word' id='word_1_643' title='bbox 482 4584 604 4653; x_wconf 88' lang='lat' dir='ltr'><strong>quis</strong></span> <span class='ocrx_word' id='word_1_644' title='bbox 655 4583 914 4654; x_wconf 81' lang='lat' dir='ltr'><strong>tetigerit,</strong></span> <span class='ocrx_word' id='word_1_645' title='bbox 949 4584 1258 4639; x_wconf 84' lang='lat' dir='ltr'><strong>immundus</strong></span> <span class='ocrx_word' id='word_1_646' title='bbox 1313 4585 1436 4650; x_wconf 87' lang='lat' dir='ltr'><strong>erit,</strong></span> <span class='ocrx_word' id='word_1_647' title='bbox 1489 4602 1771 4660; x_wconf 86' lang='lat' dir='ltr'><strong>usquequo</strong></span> <span class='ocrx_word' id='word_1_648' title='bbox 1818 4593 1980 4645; x_wconf 84' lang='lat' dir='ltr'><strong>etiam</strong></span> 
     </span>
    </p>
   </div>
   <div class='ocr_carea' id='block_1_87' title="bbox 409 4677 1982 4748">
    <p class='ocr_par' dir='ltr' id='par_1_87' title="bbox 409 4677 1982 4748">
     <span class='ocr_line' id='line_1_87' title="bbox 409 4677 1982 4748; baseline 0.004 -15"><span class='ocrx_word' id='word_1_649' title='bbox 409 4679 528 4748; x_wconf 87' lang='lat' dir='ltr'><strong>ipse</strong></span> <span class='ocrx_word' id='word_1_650' title='bbox 561 4677 844 4748; x_wconf 71' lang='lat' dir='ltr'><strong>poeniteat.</strong></span> <span class='ocrx_word' id='word_1_651' title='bbox 875 4677 979 4732; x_wconf 88' lang='lat' dir='ltr'><strong>Sed</strong></span> <span class='ocrx_word' id='word_1_652' title='bbox 1019 4689 1072 4732; x_wconf 89' lang='lat' dir='ltr'><strong>et</strong></span> <span class='ocrx_word' id='word_1_653' title='bbox 1115 4679 1204 4748; x_wconf 91' lang='lat' dir='ltr'><strong>qui</strong></span> <span class='ocrx_word' id='word_1_654' title='bbox 1239 4680 1535 4734; x_wconf 76' lang='lat' dir='ltr'><strong>comederit</strong></span> <span class='ocrx_word' id='word_1_655' title='bbox 1566 4683 1632 4734; x_wconf 88' lang='lat' dir='ltr'><strong>de</strong></span> <span class='ocrx_word' id='word_1_656' title='bbox 1683 4685 1982 4740; x_wconf 82' lang='lat' dir='ltr'><strong>morticinis</strong></span> 
     </span>
    </p>
   </div>
   <div class='ocr_carea' id='block_1_88' title="bbox 408 4771 1982 4843">
    <p class='ocr_par' dir='ltr' id='par_1_88' title="bbox 408 4771 1982 4843">
     <span class='ocr_line' id='line_1_88' title="bbox 408 4771 1982 4843; baseline 0.004 -17"><span class='ocrx_word' id='word_1_657' title='bbox 408 4784 621 4838; x_wconf 86' lang='lat' dir='ltr'><strong>eorum,</strong></span> <span class='ocrx_word' id='word_1_658' title='bbox 651 4771 704 4827; x_wconf 91' lang='lat' dir='ltr'><strong>id</strong></span> <span class='ocrx_word' id='word_1_659' title='bbox 727 4781 830 4838; x_wconf 88' lang='lat' dir='ltr'><strong>est,</strong></span> <span class='ocrx_word' id='word_1_660' title='bbox 865 4771 956 4842; x_wconf 88' lang='lat' dir='ltr'><strong>qui</strong></span> <span class='ocrx_word' id='word_1_661' title='bbox 991 4787 1086 4826; x_wconf 78' lang='lat' dir='ltr'><strong>eos</strong></span> <span class='ocrx_word' id='word_1_662' title='bbox 1139 4772 1464 4839; x_wconf 74' lang='lat' dir='ltr'><strong>defenderit,</strong></span> <span class='ocrx_word' id='word_1_663' title='bbox 1499 4776 1653 4843; x_wconf 84' lang='lat' dir='ltr'><strong>quasi</strong></span> <span class='ocrx_word' id='word_1_664' title='bbox 1685 4775 1982 4833; x_wconf 86' lang='lat' dir='ltr'><strong>advocatus</strong></span> 
     </span>
    </p>
   </div>
   <div class='ocr_carea' id='block_1_89' title="bbox 409 4864 1978 4939">
    <p class='ocr_par' dir='ltr' id='par_1_89' title="bbox 409 4864 1978 4939">
     <span class='ocr_line' id='line_1_89' title="bbox 409 4864 1978 4939; baseline 0.004 -21"><span class='ocrx_word' id='word_1_665' title='bbox 409 4871 759 4934; x_wconf 88' lang='lat' dir='ltr'><strong>peccatorum</strong></span> <span class='ocrx_word' id='word_1_666' title='bbox 808 4864 1072 4934; x_wconf 85' lang='lat' dir='ltr'><strong>ipsorum,</strong></span> <span class='ocrx_word' id='word_1_667' title='bbox 1112 4864 1194 4918; x_wconf 83' lang='lat' dir='ltr'><strong>vel</strong></span> <span class='ocrx_word' id='word_1_668' title='bbox 1240 4865 1548 4931; x_wconf 73' lang='lat' dir='ltr'><strong>auxiliator,</strong></span> <span class='ocrx_word' id='word_1_669' title='bbox 1582 4878 1635 4921; x_wconf 84' lang='lat' dir='ltr'><strong>ct</strong></span> <span class='ocrx_word' id='word_1_670' title='bbox 1690 4880 1978 4939; x_wconf 82' lang='lat' dir='ltr'><strong>propterea</strong></span> 
     </span>
    </p>
   </div>
   <div class='ocr_carea' id='block_1_90' title="bbox 409 4957 1985 5030">
    <p class='ocr_par' dir='ltr' id='par_1_90' title="bbox 409 4957 1985 5030">
     <span class='ocr_line' id='line_1_90' title="bbox 409 4957 1985 5030; baseline 0.003 -15"><span class='ocrx_word' id='word_1_671' title='bbox 409 4957 624 5015; x_wconf 75' lang='lat' dir='ltr'><strong>litorum</strong></span> <span class='ocrx_word' id='word_1_672' title='bbox 661 4959 714 5010; x_wconf 91' lang='lat' dir='ltr'><strong>in</strong></span> <span class='ocrx_word' id='word_1_673' title='bbox 771 4972 830 5012; x_wconf 87' lang='lat' dir='ltr'><strong>se</strong></span> <span class='ocrx_word' id='word_1_674' title='bbox 879 4967 1103 5027; x_wconf 87' lang='lat' dir='ltr'><strong>peccata</strong></span> <span class='ocrx_word' id='word_1_675' title='bbox 1149 4959 1477 5030; x_wconf 82' lang='lat' dir='ltr'><strong>suscipiens,</strong></span> <span class='ocrx_word' id='word_1_676' title='bbox 1536 4975 1760 5018; x_wconf 76' lang='lat' dir='ltr'><strong>necesse</strong></span> <span class='ocrx_word' id='word_1_677' title='bbox 1819 4965 1985 5019; x_wconf 66' lang='lat' dir='ltr'><strong>habet</strong></span> 
     </span>
    </p>
   </div>
   <div class='ocr_carea' id='block_1_91' title="bbox 409 5049 1983 5122">
    <p class='ocr_par' dir='ltr' id='par_1_91' title="bbox 409 5049 1983 5122">
     <span class='ocr_line' id='line_1_91' title="bbox 409 5049 1983 5122; baseline 0.003 -21"><span class='ocrx_word' id='word_1_678' title='bbox 409 5049 592 5104; x_wconf 79' lang='lat' dir='ltr'><strong>lavare</strong></span> <span class='ocrx_word' id='word_1_679' title='bbox 629 5051 954 5106; x_wconf 75' lang='lat' dir='ltr'><strong>vestimenta</strong></span> <span class='ocrx_word' id='word_1_680' title='bbox 1009 5060 1131 5113; x_wconf 82' lang='lat' dir='ltr'><strong>sua,</strong></span> <span class='ocrx_word' id='word_1_681' title='bbox 1162 5049 1413 5105; x_wconf 81' lang='lat' dir='ltr'><strong>videlicet</strong></span> <span class='ocrx_word' id='word_1_682' title='bbox 1459 5053 1724 5118; x_wconf 85' lang='lat' dir='ltr'><strong>actiones,</strong></span> <span class='ocrx_word' id='word_1_683' title='bbox 1771 5055 1894 5122; x_wconf 88' lang='lat' dir='ltr'><strong>quia</strong></span> <span class='ocrx_word' id='word_1_684' title='bbox 1929 5065 1983 5106; x_wconf 75' lang='lat' dir='ltr'><strong>et</strong></span> 
     </span>
    </p>
   </div>
   <div class='ocr_carea' id='block_1_92' title="bbox 411 5139 1984 5213">
    <p class='ocr_par' dir='ltr' id='par_1_92' title="bbox 411 5139 1984 5213">
     <span class='ocr_line' id='line_1_92' title="bbox 411 5139 1984 5213; baseline 0.003 -20"><span class='ocrx_word' id='word_1_685' title='bbox 411 5139 728 5210; x_wconf 34' lang='lat' dir='ltr'><strong>ipse-usque</strong></span> <span class='ocrx_word' id='word_1_686' title='bbox 759 5141 825 5195; x_wconf 91' lang='lat' dir='ltr'><strong>ad</strong></span> <span class='ocrx_word' id='word_1_687' title='bbox 858 5155 1170 5209; x_wconf 81' lang='lat' dir='ltr'><strong>vesperum,</strong></span> <span class='ocrx_word' id='word_1_688' title='bbox 1203 5141 1254 5194; x_wconf 91' lang='lat' dir='ltr'><strong>id</strong></span> <span class='ocrx_word' id='word_1_689' title='bbox 1281 5151 1386 5204; x_wconf 85' lang='lat' dir='ltr'><strong>est,</strong></span> <span class='ocrx_word' id='word_1_690' title='bbox 1424 5155 1596 5210; x_wconf 88' lang='lat' dir='ltr'><strong>usque</strong></span> <span class='ocrx_word' id='word_1_691' title='bbox 1635 5144 1765 5210; x_wconf 86' lang='lat' dir='ltr'><strong>dum</strong></span> <span class='ocrx_word' id='word_1_692' title='bbox 1810 5146 1984 5213; x_wconf 78' lang='lat' dir='ltr'><strong>pomi-</strong></span> 
     </span>
    </p>
   </div>
   <div class='ocr_carea' id='block_1_93' title="bbox 413 5230 1040 5297">
    <p class='ocr_par' dir='ltr' id='par_1_93' title="bbox 413 5230 1040 5297">
     <span class='ocr_line' id='line_1_93' title="bbox 413 5230 1040 5297; baseline 0.006 -15"><span class='ocrx_word' id='word_1_693' title='bbox 413 5237 540 5297; x_wconf 87' lang='lat' dir='ltr'><strong>tcat,</strong></span> <span class='ocrx_word' id='word_1_694' title='bbox 573 5231 888 5286; x_wconf 81' lang='lat' dir='ltr'><strong>immundus</strong></span> <span class='ocrx_word' id='word_1_695' title='bbox 917 5230 1040 5286; x_wconf 84' lang='lat' dir='ltr'><strong>erit.</strong></span> 
     </span>
    </p>
   </div>
   <div class='ocr_carea' id='block_1_94' title="bbox 487 5320 1979 5397">
    <p class='ocr_par' dir='ltr' id='par_1_94' title="bbox 487 5320 1979 5397">
     <span class='ocr_line' id='line_1_94' title="bbox 487 5320 1979 5397; baseline 0.004 -21"><span class='ocrx_word' id='word_1_696' title='bbox 487 5320 647 5378; x_wconf 68' lang='lat' dir='ltr'><strong>Vens.</strong></span> <span class='ocrx_word' id='word_1_697' title='bbox 687 5322 878 5376; x_wconf 62' lang='lat'><strong>&quot;-45.</strong></span> <span class='ocrx_word' id='word_1_698' title='bbox 923 5342 942 5375; x_wconf 79' lang='grc' dir='ltr'><strong>ι</strong></span> <span class='ocrx_word' id='word_1_699' title='bbox 969 5321 1144 5379; x_wconf 83' lang='lat' dir='ltr'><strong>Omne</strong></span> <span class='ocrx_word' id='word_1_700' title='bbox 1170 5323 1317 5397; x_wconf 80' lang='lat' dir='ltr'><strong>quod</strong></span> <span class='ocrx_word' id='word_1_701' title='bbox 1350 5333 1528 5394; x_wconf 85' lang='lat' dir='ltr'><strong>reptat</strong></span> <span class='ocrx_word' id='word_1_702' title='bbox 1557 5341 1720 5395; x_wconf 88' lang='lat' dir='ltr'><strong>super</strong></span> <span class='ocrx_word' id='word_1_703' title='bbox 1757 5337 1979 5389; x_wconf 82' lang='lat' dir='ltr'><strong>terram.</strong></span> 
     </span>
    </p>
   </div>
   <div class='ocr_carea' id='block_1_95' title="bbox 412 5415 1982 5484">
    <p class='ocr_par' dir='ltr' id='par_1_95' title="bbox 412 5415 1982 5484">
     <span class='ocr_line' id='line_1_95' title="bbox 412 5415 1982 5484; baseline 0.004 -16"><span class='ocrx_word' id='word_1_704' title='bbox 412 5415 776 5476; x_wconf 74' lang='lat' dir='ltr'><strong>abominabile</strong></span> <span class='ocrx_word' id='word_1_705' title='bbox 803 5415 926 5481; x_wconf 89' lang='lat' dir='ltr'><strong>erit,</strong></span> <span class='ocrx_word' id='word_1_706' title='bbox 957 5429 1059 5470; x_wconf 89' lang='lat' dir='ltr'><strong>nec</strong></span> <span class='ocrx_word' id='word_1_707' title='bbox 1110 5425 1424 5471; x_wconf 86' lang='lat' dir='ltr'><strong>assumetur</strong></span> <span class='ocrx_word' id='word_1_708' title='bbox 1459 5417 1511 5470; x_wconf 91' lang='lat' dir='ltr'><strong>in</strong></span> <span class='ocrx_word' id='word_1_709' title='bbox 1569 5417 1773 5472; x_wconf 83' lang='lat' dir='ltr'><strong>cilutm.</strong></span> <span class='ocrx_word' id='word_1_710' title='bbox 1807 5421 1982 5484; x_wconf 70' lang='lat' dir='ltr'><strong>Quid-</strong></span> 
     </span>
    </p>
   </div>
   <div class='ocr_carea' id='block_1_96' title="bbox 413 5506 1986 5580">
    <p class='ocr_par' dir='ltr' id='par_1_96' title="bbox 413 5506 1986 5580">
     <span class='ocr_line' id='line_1_96' title="bbox 413 5506 1986 5580; baseline 0.006 -25"><span class='ocrx_word' id='word_1_711' title='bbox 413 5507 540 5575; x_wconf 75' lang='lat' dir='ltr'><strong>quid</strong></span> <span class='ocrx_word' id='word_1_712' title='bbox 567 5506 941 5578; x_wconf 84' lang='lat' dir='ltr'><strong>quadrupedis</strong></span> <span class='ocrx_word' id='word_1_713' title='bbox 969 5521 1132 5578; x_wconf 89' lang='lat' dir='ltr'><strong>super</strong></span> <span class='ocrx_word' id='word_1_714' title='bbox 1154 5515 1343 5578; x_wconf 86' lang='lat' dir='ltr'><strong>pectus</strong></span> <span class='ocrx_word' id='word_1_715' title='bbox 1392 5507 1655 5580; x_wconf 85' lang='lat' dir='ltr'><strong>graditur,</strong></span> <span class='ocrx_word' id='word_1_716' title='bbox 1701 5520 1756 5564; x_wconf 89' lang='lat' dir='ltr'><strong>et</strong></span> <span class='ocrx_word' id='word_1_717' title='bbox 1784 5511 1986 5565; x_wconf 81' lang='lat' dir='ltr'><strong>multos</strong></span> 
     </span>
    </p>
   </div>
   <div class='ocr_carea' id='block_1_97' title="bbox 416 5593 1986 5666">
    <p class='ocr_par' dir='ltr' id='par_1_97' title="bbox 416 5593 1986 5666">
     <span class='ocr_line' id='line_1_97' title="bbox 416 5593 1986 5666; baseline 0.003 -16"><span class='ocrx_word' id='word_1_718' title='bbox 416 5593 578 5659; x_wconf 76' lang='lat' dir='ltr'><strong>habet</strong></span> <span class='ocrx_word' id='word_1_719' title='bbox 598 5594 783 5665; x_wconf 83' lang='lat' dir='ltr'><strong>pedes.</strong></span> <span class='ocrx_word' id='word_1_720' title='bbox 811 5593 926 5648; x_wconf 85' lang='lat' dir='ltr'><strong>sive</strong></span> <span class='ocrx_word' id='word_1_721' title='bbox 957 5611 1120 5666; x_wconf 89' lang='lat' dir='ltr'><strong>super</strong></span> <span class='ocrx_word' id='word_1_722' title='bbox 1157 5597 1382 5651; x_wconf 89' lang='lat' dir='ltr'><strong>humum</strong></span> <span class='ocrx_word' id='word_1_723' title='bbox 1437 5598 1692 5664; x_wconf 86' lang='lat' dir='ltr'><strong>trahitur,</strong></span> <span class='ocrx_word' id='word_1_724' title='bbox 1726 5615 1833 5653; x_wconf 90' lang='lat' dir='ltr'><strong>non</strong></span> <span class='ocrx_word' id='word_1_725' title='bbox 1894 5619 1986 5654; x_wconf 84' lang='lat' dir='ltr'><strong>co-</strong></span> 
     </span>
    </p>
   </div>
   <div class='ocr_carea' id='block_1_98' title="bbox 511 5775 1798 5847">
    <p class='ocr_par' dir='ltr' id='par_1_98' title="bbox 511 5775 1798 5847">
     <span class='ocr_line' id='line_1_98' title="bbox 511 5775 1798 5847; baseline 0.008 -20"><span class='ocrx_word' id='word_1_726' title='bbox 511 5779 556 5821; x_wconf 72' lang='grc' dir='ltr'><em>υ</em></span> <span class='ocrx_word' id='word_1_727' title='bbox 588 5775 754 5841; x_wconf 62' lang='lat' dir='ltr'><strong>Matth</strong></span> <span class='ocrx_word' id='word_1_728' title='bbox 807 5791 959 5838; x_wconf 59' lang='grc' dir='ltr'>χχιιι,</span> <span class='ocrx_word' id='word_1_729' title='bbox 990 5777 1043 5836; x_wconf 73' lang='lat'><strong>2,</strong></span> <span class='ocrx_word' id='word_1_730' title='bbox 1078 5779 1128 5830; x_wconf 78' lang='lat'><strong>3.</strong></span> <span class='ocrx_word' id='word_1_731' title='bbox 1237 5781 1280 5810; x_wconf 85' lang='grc'><strong>³⁷</strong></span> <span class='ocrx_word' id='word_1_732' title='bbox 1314 5780 1477 5835; x_wconf 71' lang='lat' dir='ltr'><strong>Matth</strong></span> <span class='ocrx_word' id='word_1_733' title='bbox 1537 5795 1656 5847; x_wconf 67' lang='lat' dir='ltr'><strong>vin,</strong></span> <span class='ocrx_word' id='word_1_734' title='bbox 1703 5781 1798 5842; x_wconf 67' lang='lat'><strong>58..</strong></span> 
     </span>
    </p>
   </div>
   <div class='ocr_carea' id='block_1_99' title="bbox 2083 4579 3663 4665">
    <p class='ocr_par' dir='ltr' id='par_1_99' title="bbox 2083 4579 3663 4665">
     <span class='ocr_line' id='line_1_99' title="bbox 2083 4579 3663 4665; baseline -0.008 -17"><span class='ocrx_word' id='word_1_735' title='bbox 2083 4596 2174 4665; x_wconf 90' lang='lat' dir='ltr'><strong>qui</strong></span> <span class='ocrx_word' id='word_1_736' title='bbox 2214 4595 2269 4648; x_wconf 84' lang='lat' dir='ltr'><strong>in</strong></span> <span class='ocrx_word' id='word_1_737' title='bbox 2297 4593 2450 4648; x_wconf 81' lang='lat' dir='ltr'><strong>caelis</strong></span> <span class='ocrx_word' id='word_1_738' title='bbox 2497 4589 2704 4645; x_wconf 87' lang='lat' dir='ltr'><strong>habitat</strong></span> <span class='ocrx_word' id='word_1_739' title='bbox 2735 4588 3054 4643; x_wconf 81' lang='lat' dir='ltr'><strong>imitantes:</strong></span> <span class='ocrx_word' id='word_1_740' title='bbox 3084 4593 3308 4654; x_wconf 82' lang='lat' dir='ltr'><strong>propter</strong></span> <span class='ocrx_word' id='word_1_741' title='bbox 3349 4579 3500 4652; x_wconf 82' lang='lat' dir='ltr'><strong>quod</strong></span> <span class='ocrx_word' id='word_1_742' title='bbox 3541 4581 3663 4636; x_wconf 84' lang='lat' dir='ltr'><strong>sub-</strong></span> 
     </span>
    </p>
   </div>
   <div class='ocr_carea' id='block_1_100' title="bbox 2082 4685 2248 4742">
    <p class='ocr_par' dir='ltr' id='par_1_100' title="bbox 2082 4685 2248 4742">
     <span class='ocr_line' id='line_1_100' title="bbox 2082 4685 2248 4742; baseline -0.006 0"><span class='ocrx_word' id='word_1_743' title='bbox 2082 4685 2248 4742; x_wconf 82' lang='lat' dir='ltr'><strong>didit:</strong></span> 
     </span>
    </p>
   </div>
   <div class='ocr_carea' id='block_1_101' title="bbox 2151 4767 3643 4842">
    <p class='ocr_par' dir='ltr' id='par_1_101' title="bbox 2151 4767 3643 4842">
     <span class='ocr_line' id='line_1_101' title="bbox 2151 4767 3643 4842; baseline -0.007 -12"><span class='ocrx_word' id='word_1_744' title='bbox 2151 4777 2334 4830; x_wconf 78' lang='lat' dir='ltr'><strong>Sancti</strong></span> <span class='ocrx_word' id='word_1_745' title='bbox 2363 4775 2530 4839; x_wconf 81' lang='lat' dir='ltr'><strong>eritis,</strong></span> <span class='ocrx_word' id='word_1_746' title='bbox 2565 4773 2686 4842; x_wconf 84' lang='lat' dir='ltr'><strong>quia</strong></span> <span class='ocrx_word' id='word_1_747' title='bbox 2717 4780 2932 4825; x_wconf 84' lang='lat' dir='ltr'><strong>sanctus</strong></span> <span class='ocrx_word' id='word_1_748' title='bbox 2954 4787 3090 4824; x_wconf 80' lang='lat' dir='ltr'><strong>sum.</strong></span> <span class='ocrx_word' id='word_1_749' title='bbox 3113 4768 3216 4836; x_wconf 84' lang='lat' dir='ltr'><strong>Qui</strong></span> <span class='ocrx_word' id='word_1_750' title='bbox 3242 4783 3354 4824; x_wconf 86' lang='lat' dir='ltr'><strong>non</strong></span> <span class='ocrx_word' id='word_1_751' title='bbox 3373 4769 3480 4822; x_wconf 88' lang='lat' dir='ltr'><strong>hoc</strong></span> <span class='ocrx_word' id='word_1_752' title='bbox 3505 4767 3643 4821; x_wconf 83' lang='lat' dir='ltr'><strong>adde</strong></span> 
     </span>
    </p>
   </div>
   <div class='ocr_carea' id='block_1_102' title="bbox 2084 4860 3670 4938">
    <p class='ocr_par' dir='ltr' id='par_1_102' title="bbox 2084 4860 3670 4938">
     <span class='ocr_line' id='line_1_102' title="bbox 2084 4860 3670 4938; baseline -0.006 -16"><span class='ocrx_word' id='word_1_753' title='bbox 2084 4879 2183 4935; x_wconf 85' lang='lat' dir='ltr'><strong>ret,</strong></span> <span class='ocrx_word' id='word_1_754' title='bbox 2211 4884 2388 4938; x_wconf 86' lang='lat' dir='ltr'><strong>neque</strong></span> <span class='ocrx_word' id='word_1_755' title='bbox 2421 4866 2724 4936; x_wconf 88' lang='lat' dir='ltr'><strong>duplicaret</strong></span> <span class='ocrx_word' id='word_1_756' title='bbox 2757 4865 2811 4918; x_wconf 91' lang='lat' dir='ltr'><strong>in</strong></span> <span class='ocrx_word' id='word_1_757' title='bbox 2831 4864 2990 4918; x_wconf 82' lang='lat' dir='ltr'><strong>nobis</strong></span> <span class='ocrx_word' id='word_1_758' title='bbox 3011 4863 3526 4923; x_wconf 65' lang='lat' dir='ltr'><strong>mortificationem,</strong></span> <span class='ocrx_word' id='word_1_759' title='bbox 3567 4860 3670 4913; x_wconf 87' lang='lat' dir='ltr'><strong>nisi</strong></span> 
     </span>
    </p>
   </div>
   <div class='ocr_carea' id='block_1_103' title="bbox 2087 4954 3660 5030">
    <p class='ocr_par' dir='ltr' id='par_1_103' title="bbox 2087 4954 3660 5030">
     <span class='ocr_line' id='line_1_103' title="bbox 2087 4954 3660 5030; baseline -0.006 -15"><span class='ocrx_word' id='word_1_760' title='bbox 2087 4963 2207 5028; x_wconf 77' lang='lat' dir='ltr'><strong>ejus</strong></span> <span class='ocrx_word' id='word_1_761' title='bbox 2227 4972 2476 5016; x_wconf 56' lang='lat' dir='ltr'><strong>emensus</strong></span> <span class='ocrx_word' id='word_1_762' title='bbox 2503 4959 2794 5030; x_wconf 86' lang='lat' dir='ltr'><strong>participes</strong></span> <span class='ocrx_word' id='word_1_763' title='bbox 2846 4967 2903 5012; x_wconf 87' lang='lat' dir='ltr'><strong>et</strong></span> <span class='ocrx_word' id='word_1_764' title='bbox 2938 4965 3224 5012; x_wconf 86' lang='lat' dir='ltr'><strong>consortes</strong></span> <span class='ocrx_word' id='word_1_765' title='bbox 3273 4956 3396 5024; x_wconf 87' lang='lat' dir='ltr'><strong>ejus</strong></span> <span class='ocrx_word' id='word_1_766' title='bbox 3429 4954 3660 5009; x_wconf 80' lang='lat' dir='ltr'><strong>sanctiﬁ-</strong></span> 
     </span>
    </p>
   </div>
   <div class='ocr_carea' id='block_1_104' title="bbox 2087 5046 3664 5118">
    <p class='ocr_par' dir='ltr' id='par_1_104' title="bbox 2087 5046 3664 5118">
     <span class='ocr_line' id='line_1_104' title="bbox 2087 5046 3664 5118; baseline -0.006 -10"><span class='ocrx_word' id='word_1_767' title='bbox 2087 5053 2316 5109; x_wconf 79' lang='lat' dir='ltr'><strong>cationis</strong></span> <span class='ocrx_word' id='word_1_768' title='bbox 2359 5053 2566 5116; x_wconf 71' lang='lat' dir='ltr'><strong>eﬂ‘ecti,</strong></span> <span class='ocrx_word' id='word_1_769' title='bbox 2619 5049 2895 5106; x_wconf 88' lang='lat' dir='ltr'><strong>custodire</strong></span> <span class='ocrx_word' id='word_1_770' title='bbox 2928 5062 3048 5104; x_wconf 81' lang='lat' dir='ltr'><strong>eam</strong></span> <span class='ocrx_word' id='word_1_771' title='bbox 3097 5063 3195 5118; x_wconf 87' lang='lat' dir='ltr'><strong>per</strong></span> <span class='ocrx_word' id='word_1_772' title='bbox 3241 5046 3664 5118; x_wconf 86' lang='lat' dir='ltr'><strong>philosophiam.</strong></span> 
     </span>
    </p>
   </div>
   <div class='ocr_carea' id='block_1_105' title="bbox 2085 5137 3674 5210">
    <p class='ocr_par' dir='ltr' id='par_1_105' title="bbox 2085 5137 3674 5210">
     <span class='ocr_line' id='line_1_105' title="bbox 2085 5137 3674 5210; baseline -0.007 -12"><span class='ocrx_word' id='word_1_773' title='bbox 2085 5155 2138 5198; x_wconf 84' lang='lat' dir='ltr'><strong>et</strong></span> <span class='ocrx_word' id='word_1_774' title='bbox 2172 5154 2412 5199; x_wconf 84' lang='lat' dir='ltr'><strong>sanctam</strong></span> <span class='ocrx_word' id='word_1_775' title='bbox 2449 5142 2920 5200; x_wconf 79' lang='lat' dir='ltr'><strong>conversationem</strong></span> <span class='ocrx_word' id='word_1_776' title='bbox 2951 5156 3089 5210; x_wconf 89' lang='lat' dir='ltr'><strong>opus</strong></span> <span class='ocrx_word' id='word_1_777' title='bbox 3123 5139 3449 5193; x_wconf 84' lang='lat' dir='ltr'><strong>haberemus</strong></span> <span class='ocrx_word' id='word_1_778' title='bbox 3483 5153 3500 5189; x_wconf 92' lang='lat'><strong>:</strong></span> <span class='ocrx_word' id='word_1_779' title='bbox 3531 5137 3674 5190; x_wconf 78' lang='lat' dir='ltr'><strong>unde</strong></span> 
     </span>
    </p>
   </div>
   <div class='ocr_carea' id='block_1_106' title="bbox 2086 5237 2192 5290">
    <p class='ocr_par' dir='ltr' id='par_1_106' title="bbox 2086 5237 2192 5290">
     <span class='ocr_line' id='line_1_106' title="bbox 2086 5237 2192 5290; baseline 0.019 -2"><span class='ocrx_word' id='word_1_780' title='bbox 2086 5237 2192 5290; x_wconf 85' lang='lat' dir='ltr'><strong>ait:</strong></span> 
     </span>
    </p>
   </div>
   <div class='ocr_carea' id='block_1_107' title="bbox 2156 5322 3666 5397">
    <p class='ocr_par' dir='ltr' id='par_1_107' title="bbox 2156 5322 3666 5397">
     <span class='ocr_line' id='line_1_107' title="bbox 2156 5322 3666 5397; baseline -0.007 -15"><span class='ocrx_word' id='word_1_781' title='bbox 2156 5326 2236 5382; x_wconf 85' lang='lat' dir='ltr'><strong>Ne</strong></span> <span class='ocrx_word' id='word_1_782' title='bbox 2255 5327 2502 5397; x_wconf 65' lang='lat' dir='ltr'><strong>pennatis</strong></span> <span class='ocrx_word' id='word_1_783' title='bbox 2531 5328 2740 5380; x_wconf 82' lang='lat' dir='ltr'><strong>animos</strong></span> <span class='ocrx_word' id='word_1_784' title='bbox 2767 5334 2981 5378; x_wconf 64' lang='lat' dir='ltr'><strong>rastros.</strong></span> <span class='ocrx_word' id='word_1_785' title='bbox 3011 5323 3253 5377; x_wconf 81' lang='lat' dir='ltr'><strong>Primum</strong></span> <span class='ocrx_word' id='word_1_786' title='bbox 3279 5323 3522 5391; x_wconf 88' lang='lat' dir='ltr'><strong>quidem,</strong></span> <span class='ocrx_word' id='word_1_787' title='bbox 3546 5322 3666 5390; x_wconf 72' lang='lat' dir='ltr'><strong>quia</strong></span> 
     </span>
    </p>
   </div>
   <div class='ocr_carea' id='block_1_108' title="bbox 2087 5413 3662 5486">
    <p class='ocr_par' dir='ltr' id='par_1_108' title="bbox 2087 5413 3662 5486">
     <span class='ocr_line' id='line_1_108' title="bbox 2087 5413 3662 5486; baseline -0.008 -10"><span class='ocrx_word' id='word_1_788' title='bbox 2087 5422 2348 5476; x_wconf 88' lang='lat' dir='ltr'><strong>donatum</strong></span> <span class='ocrx_word' id='word_1_789' title='bbox 2394 5430 2480 5474; x_wconf 84' lang='lat' dir='ltr'><strong>est</strong></span> <span class='ocrx_word' id='word_1_790' title='bbox 2527 5418 2742 5481; x_wconf 68' lang='lat' dir='ltr'><strong>animm,</strong></span> <span class='ocrx_word' id='word_1_791' title='bbox 2791 5431 2914 5470; x_wconf 90' lang='lat' dir='ltr'><strong>esse</strong></span> <span class='ocrx_word' id='word_1_792' title='bbox 2962 5415 3028 5469; x_wconf 88' lang='lat' dir='ltr'><strong>ad</strong></span> <span class='ocrx_word' id='word_1_793' title='bbox 3085 5413 3373 5486; x_wconf 82' lang='lat' dir='ltr'><strong>imaginem</strong></span> <span class='ocrx_word' id='word_1_794' title='bbox 3430 5413 3560 5467; x_wconf 89' lang='lat' dir='ltr'><strong>Dei:</strong></span> <span class='ocrx_word' id='word_1_795' title='bbox 3614 5423 3662 5464; x_wconf 79' lang='lat' dir='ltr'><strong>ct</strong></span> 
     </span>
    </p>
   </div>
   <div class='ocr_carea' id='block_1_109' title="bbox 2086 5503 3660 5572">
    <p class='ocr_par' dir='ltr' id='par_1_109' title="bbox 2086 5503 3660 5572">
     <span class='ocr_line' id='line_1_109' title="bbox 2086 5503 3660 5572; baseline -0.007 -5"><span class='ocrx_word' id='word_1_796' title='bbox 2086 5513 2325 5566; x_wconf 73' lang='lat' dir='ltr'><strong>maxime</strong></span> <span class='ocrx_word' id='word_1_797' title='bbox 2361 5511 2417 5564; x_wconf 90' lang='lat' dir='ltr'><strong>in</strong></span> <span class='ocrx_word' id='word_1_798' title='bbox 2449 5525 2512 5564; x_wconf 87' lang='lat' dir='ltr'><strong>ea</strong></span> <span class='ocrx_word' id='word_1_799' title='bbox 2561 5523 2680 5564; x_wconf 87' lang='lat' dir='ltr'><strong>esse</strong></span> <span class='ocrx_word' id='word_1_800' title='bbox 2741 5506 3228 5563; x_wconf 83' lang='lat' dir='ltr'><strong>sanetiticationem</strong></span> <span class='ocrx_word' id='word_1_801' title='bbox 3283 5503 3424 5570; x_wconf 89' lang='lat' dir='ltr'><strong>vult,</strong></span> <span class='ocrx_word' id='word_1_802' title='bbox 3477 5512 3660 5572; x_wconf 82' lang='lat' dir='ltr'><strong>utpote</strong></span> 
     </span>
    </p>
   </div>
   <div class='ocr_carea' id='block_1_110' title="bbox 2090 5592 3661 5674">
    <p class='ocr_par' dir='ltr' id='par_1_110' title="bbox 2090 5592 3661 5674">
     <span class='ocr_line' id='line_1_110' title="bbox 2090 5592 3661 5674; baseline -0.001 -18"><span class='ocrx_word' id='word_1_803' title='bbox 2090 5621 2209 5674; x_wconf 82' lang='lat' dir='ltr'><strong>qua-</strong></span> <span class='ocrx_word' id='word_1_804' title='bbox 2241 5601 2602 5673; x_wconf 89' lang='lat' dir='ltr'><strong>principatum</strong></span> <span class='ocrx_word' id='word_1_805' title='bbox 2632 5617 2797 5670; x_wconf 85' lang='lat' dir='ltr'><strong>super</strong></span> <span class='ocrx_word' id='word_1_806' title='bbox 2827 5614 2990 5655; x_wconf 89' lang='lat' dir='ltr'><strong>omne</strong></span> <span class='ocrx_word' id='word_1_807' title='bbox 3021 5596 3220 5654; x_wconf 83' lang='lat' dir='ltr'><strong>animal</strong></span> <span class='ocrx_word' id='word_1_808' title='bbox 3252 5605 3425 5651; x_wconf 83' lang='lat' dir='ltr'><strong>tenet.</strong></span> <span class='ocrx_word' id='word_1_809' title='bbox 3458 5592 3661 5654; x_wconf 69' lang='lat' dir='ltr'><strong>Deinde</strong></span> 
     </span>
    </p>
   </div>
  </div>
