3886 6306
197 281 337 347 921

1374 293 1456 353 IN
1490 294 1929 358 LEVITICUM.
1965 322 2030 332 -
2071 298 2217 356 LIB.
2254 297 2370 357 III.

3397 305 3500 370 922

197 396 482 451 ostendit.
515 395 875 466 pollutionem
901 413 1062 467 quam
1085 397 1211 457 odio
1242 402 1426 467 habet,
1463 422 1572 460 non
1601 424 1720 475 esse
1754 411 1820 462 de
1851 415 1902 469 Α.
1925 409 1992 463 de
2024 409 2221 479 quibus
2253 408 2551 475 dubitatur,
2572 424 2806 480 quorum
2836 409 3229 467 dubitationem
3254 413 3500 472 docerqu

199 486 469 541 mortuis
491 487 836 556 corporibus,
870 499 963 544 aut
992 491 1127 548 cibis
1152 492 1467 562 immundis,
1496 499 1816 568 corporibus

199 578 377 635 sicut
410 579 628 648 quidam
661 589 854 648 putant
877 580 1091 650 factam,
1136 586 1230 639 sed
1286 602 1428 653 eam,
1461 606 1583 658 quae
1611 592 1814 647 anima-

200 671 335 726 bus
368 687 439 728 ex
468 673 776 728 actionibus
802 675 958 729 malis
991 678 1193 731 evenit.
1235 678 1428 734 Dieens
1483 693 1663 737 autem
1703 700 1812 738 non

206 772 490 833 oportere
517 765 570 818 in
607 766 817 821 cunctis
852 767 1136 836 reptilibus
1186 787 1306 838 qua:
1336 783 1623 827 moventur
1651 790 1815 844 super

208 865 460 921 terram,
512 857 722 913 animas
752 866 969 913 nostras
994 860 1181 931 pollui,
1232 865 1455 919 omnino
1494 876 1812 936 competen-

210 953 313 997 ter
344 944 589 999 addidit:

298 1030 422 1101 Ego
465 1033 721 1087 Dominus
751 1036 839 1105 qui
873 1036 1030 1089 eduxi
1064 1054 1151 1090 vos
1189 1039 1253 1093 de
1283 1047 1424 1092 terra
1466 1040 1702 1111 .Egypti,
1755 1054 1810 1098 ut

212 1137 397 1175 essem
424 1124 564 1178 vobis
595 1125 649 1177 iu
669 1124 853 1179 Deum.
875 1127 980 1181 Per
1008 1126 1322 1198 Egyptum,
1347 1129 1559 1202 Egypti
1581 1134 1810 1188 demon-

213 1222 416 1268 strans
448 1216 607 1281 mala,
646 1226 701 1271 et
738 1217 919 1271 omnia
951 1234 1113 1288 opera
1145 1222 1514 1278 tenebrarum.
1545 1225 1810 1297 AZgyptus

213 1304 380 1359 enim
441 1308 853 1362 contenebratio
899 1308 1305 1379 interpretatur.
1330 1312 1539 1379 Quibus
1591 1318 1633 1370 si
1687 1320 1810 1387 quis

215 1410 358 1448 vere
382 1411 571 1451 carere
621 1398 873 1463 voluerit,
923 1408 977 1453 et
1026 1416 1149 1454 cum
1199 1402 1289 1471 qui
1345 1420 1471 1459 vere
1505 1414 1589 1459 est
1640 1407 1806 1474 Deus,

214 1486 433 1541 habere
461 1503 620 1542 suum
653 1488 840 1554 Deum,
867 1505 978 1544 non
1010 1491 1183 1546 solum
1234 1493 1586 1550 idololatriam
1617 1514 1808 1556 cavere

215 1578 410 1645 debet,
459 1580 552 1634 sed
581 1580 624 1635 si
666 1598 794 1636 vere
818 1583 866 1637 ei
892 1584 1175 1640 adhaerere
1218 1587 1508 1654 desiderat,
1558 1593 1683 1661 quia
1720 1593 1808 1650 ille

216 1679 450 1724 sanctus
467 1680 570 1732 est.
602 1672 720 1743 ipse
743 1689 959 1744 quoque
985 1677 1397 1733 sanctimoniam
1421 1681 1658 1749 studeat,
1690 1685 1805 1741 sine

218 1775 334 1828 qua
368 1776 533 1814 nemo
567 1762 771 1818 videbit
809 1767 996 1819 lteum.

292 1869 457 1927 Vens.
486 1873 576 1938 16,
614 1877 700 1929 47,
746 1893 763 1926 ι
801 1876 907 1931 Ista
948 1885 1032 1933 est
1055 1878 1140 1932 lex
1169 1880 1530 1938 animantium
1564 1895 1618 1940 et
1653 1890 1806 1942 volu-

215 1979 399 2030 crum,
428 1974 484 2019 et
526 1969 707 2024 omnis
749 1973 943 2026 animo:
996 1972 1231 2027 viventis
1296 1992 1417 2043 quae
1458 1989 1708 2034 movetur
1747 1981 1803 2036 in

215 2071 363 2123 aqua
417 2067 472 2113 et
511 2067 691 2129 reptat
734 2063 788 2115 in
839 2070 1003 2126 terra,
1055 2075 1115 2120 ut
1156 2066 1499 2122 differentias
1542 2072 1803 2126 noveritis

216 2148 411 2201 mundi
444 2159 499 2202 et
524 2152 808 2217 immundi,
851 2163 906 2208 et
948 2155 1135 2211 sciatis
1188 2157 1321 2227 quid
1374 2159 1660 2216 comedere
1709 2172 1803 2218 aut

216 2237 355 2306 quid
387 2255 643 2309 reSpuere
674 2243 939 2301 debeatis.
967 2265 985 2297 ι

296 2327 763 2399 Recapitulatione
811 2352 961 2392 more
1009 2353 1108 2393 suo
1137 2355 1284 2401 nunc
1319 2342 1483 2398 etiam
1528 2344 1802 2415 legislator

217 2419 416 2483 utitur,
456 2431 515 2475 ut
544 2423 725 2478 norint
754 2425 1017 2496 legentes,
1051 2429 1120 2483 de
1155 2432 1354 2502 quibus
1375 2435 1487 2503 jam
1530 2434 1613 2489 lex
1644 2436 1796 2501 dixit,

218 2517 276 2563 et
296 2509 455 2564 facile
472 2526 535 2564 ea
560 2524 991 2581 pcrscrutentur.
1015 2518 1168 2585 Quod
1190 2532 1373 2576 autem
1404 2540 1552 2579 nunc
1571 2526 1797 2590 addidit,

216 2602 540 2658 admirabile
564 2607 846 2677 omnisque
873 2609 1094 2678 plenum
1117 2613 1433 2681 juvaminis,
1468 2620 1797 2674 notandum-

215 2709 326 2762 que
356 2703 471 2748 est:
519 2697 785 2765 prolatam
816 2701 1020 2770 quippe
1042 2702 1177 2756 dixit
1237 2706 1407 2775 legem
1441 2708 1797 2764 dinumeratis

217 2784 583 2840 animalibus:
620 2803 724 2842 nec
749 2790 923 2843 solum
959 2801 1017 2846 ut
1051 2805 1270 2862 separet
1314 2796 1456 2851 inter
1489 2800 1688 2853 munda
1743 2811 1797 2854 et

216 2873 520 2940 immunda,
553 2877 646 2930 sed
689 2885 749 2931 ut
787 2879 960 2933 sciant
994 2880 1085 2935 filii
1126 2883 1311 2950 Israel,
1345 2887 1427 2940 vel
1471 2902 1797 2959 cognoscant

217 2965 366 3018 inter
404 2967 748 3022 viviticantes
795 2986 880 3038 ea,
911 2989 1032 3042 quae
1060 2977 1442 3033 comeduntur.
1498 2978 1636 3051 Ergo
1683 2998 1794 3037 non

1918 499 2333 568 compescimus,
2377 501 2597 569 quando
2638 502 2772 573 legis
2826 503 3087 558 doctrinae
3118 505 3498 563 convenientia

1917 591 2198 645 docemus.

2301 750 2305 763 ι
2515 686 2744 742 CAPUT
2786 686 2901 741 xu.

1990 771 2148 829 Vens.
2186 774 2300 831 1-5.
2345 797 2363 828 ι
2405 777 2642 835 Locutus
2692 789 2775 834 est
2828 779 3089 834 Dominus
3152 781 3219 835 ad
3272 782 3493 855 Moysen

1914 863 2130 919 dicens:
2170 866 2417 937 Loquere
2447 869 2572 924 ﬁliis
2615 869 2797 931 Israel,
2833 881 2890 925 et
2918 870 3065 925 dices
3098 872 3165 926 ad
3196 888 3322 928 eos:
3377 874 3495 927 Mu-

1914 957 2013 1010 lier
2043 957 2085 1010 si
2109 968 2361 1028 suscepto
2384 961 2593 1014 semine
2616 961 2887 1030 pepererit
2910 963 3230 1027 masculum,
3256 965 3492 1018 immun-

1912 1048 1979 1102 da
2030 1050 2134 1103 erit
2200 1061 2408 1120 septem
2458 1053 2684 1118 diebus,
2744 1054 2899 1123 juxta
2954 1054 3069 1108 dies
3130 1057 3491 1124 separatiouis

1915 1149 2229 1196 menstrna’.
2294 1142 2390 1197 Die
2456 1155 2650 1198 octavo
2705 1145 3126 1199 circumcide-tur
3169 1146 3486 1201 infantulus.

1912 1233 2030 1302 Ipsa
2062 1250 2190 1287 vero
2214 1234 2430 1305 triginta
2464 1236 2658 1290 diebus
2697 1237 2940 1290 manebit
2968 1231 3020 1290 in
3055 1239 3316 1306 sanguine
3340 1239 3489 1306 puri-

1911 1323 2180 1378 ficationis
2216 1341 2348 1379 suae.
2385 1326 2560 1380 Omne
2610 1335 2857 1379 sanetum
2891 1342 3001 1381 non
3049 1336 3250 1394 tanget,
3285 1336 3341 1381 et
3386 1344 3488 1383 nec

1912 1416 2246 1488 ingredietur
2303 1418 2707 1483 sanctuarium,
2765 1417 2940 1472 donec
2994 1418 3322 1487 impleantur
3371 1419 3488 1473 dies

1910 1512 2246 1584 purgationis
2291 1513 2430 1579 ejus.
2490 1512 2584 1565 Sin
2640 1521 2823 1566 autem
2877 1512 3134 1565 feminam
3189 1514 3482 1582 pepererit,

1910 1604 2188 1659 immunda
2229 1604 2335 1658 erit
2384 1604 2596 1658 duabus
2627 1604 3086 1667 hebdomadibus,
3121 1604 3273 1672 juxta
3318 1605 3483 1658 ritum

1909 1694 2083 1748 ﬂuxus
2116 1694 2401 1748 menstrui.
2438 1694 2501 1746 Et
2539 1693 2819 1761 sexaginta
2854 1701 2905 1745 et
2936 1709 3026 1747 sex
3059 1693 3252 1748 diebus
3301 1709 3485 1748 tuane-

1864 1774 1878 1792 ’
1908 1784 1987 1839 bit
2020 1785 2074 1837 in
2104 1786 2367 1855 sanguine
2404 1784 2801 1854 purificatiouis
2829 1800 2962 1838 suae.
3002 1804 3020 1834 ι

1979 1874 2265 1930 Manifesta
2323 1884 2407 1929 est
2477 1874 2805 1945 legislatoris
2864 1873 3126 1939 intentio,
3199 1874 3482 1944 antiquum

1906 1966 2119 2036 generis
2157 1967 2375 2019 humani
2410 1965 2767 2036 significantis
2791 1980 3099 2027 excessum,
3156 1974 3317 2035 atque
3362 1965 3493 2019 ideo

1905 2072 1970 2110 ex
2006 2056 2262 2110 omnibus
2291 2055 2376 2111 bis
2397 2055 2648 2110 Conferre
2672 2055 2829 2110 nobis
2871 2054 3164 2118 desiderat,
3197 2064 3256 2108 ut
3312 2055 3482 2107 evite-

1904 2163 2025 2201 mus
2063 2148 2354 2202 sazculares
2377 2163 2486 2212 res,
2521 2156 2578 2201 et
2609 2146 2852 2201 actiones
2884 2146 3086 2207 carnis,
3108 2153 3293 2213 utpote
3321 2143 3482 2198 nobis

1904 2256 2014 2295 non
2044 2242 2183 2295 bene
2226 2241 2529 2295 valentibus
2560 2238 2843 2310 proﬂigare
2873 2237 3310 2302 sanctimoniam,
3363 2236 3482 2289 sine

1902 2349 2006 2404 qua
2041 2348 2204 2387 nemo
2242 2332 2448 2386 videbit
2478 2333 2668 2386 Deum.
2702 2330 2835 2385 Nam
2863 2330 3099 2384 mundus
3133 2327 3482 2397 quidem'per

1902 2427 2146 2495 scipsum
2186 2425 2364 2480 bonus
2394 2432 2498 2490 est,
2562 2434 2741 2479 ortum
2792 2423 2920 2477 solis
2978 2436 3225 2484 cernere,
3269 2420 3478 2484 lunam,

1901 2518 2191 2588 stellasque
2238 2518 2443 2574 'ccnlum
2504 2523 2853 2579 coronantes,
2905 2523 3103 2567 terram
3163 2512 3476 2575 distentam,

1901 2610 2155 2664 diffusum
2194 2625 2362 2673 mare,
2385 2617 2439 2662 ut
2463 2625 2530 2662 ex
2564 2607 2647 2660 his
2682 2608 2937 2660 omnibus
2965 2604 3228 2673 sapientia
3257 2602 3479 2672 colligat

1901 2711 1989 2756 tur
2048 2709 2103 2755 et
2162 2701 2485 2770 conjiciatur
2533 2698 2777 2769 ()pificis.
2835 2697 3096 2751 Similiter
3153 2704 3208 2748 et
3277 2707 3479 2762 corpus

1898 2792 2103 2846 bonum
2142 2800 2245 2858 est,
2280 2801 2333 2846 et
2362 2792 2527 2846 nimis
2562 2792 2765 2846 bonum
2803 2788 2947 2859 quod
2985 2786 3224 2841 nobisin
3263 2785 3478 2838 virtuti-

1897 2885 2000 2939 bus
2028 2885 2345 2939 collaborat.
2391 2884 2566 2937 [labet
2598 2882 2741 2936 enim
2771 2881 3194 2935 instrumentum
3227 2877 3291 2932 ad
3315 2877 3477 2948 glori-

1898 2978 2171 3032 ficandum
2231 2976 2422 3042 Deum,
2470 2975 2731 3045 linguam,
2791 2972 3034 3039 aliosque
3071 2970 3162 3039 qui
3205 2970 3258 3022 in
3317 2967 3477 3022 nobis

215 3056 327 3111 cibi
367 3073 468 3112 nos
506 3061 740 3115 mundos
796 3065 1031 3120 reddunt
1072 3084 1173 3122 nec
1227 3070 1494 3139 polluant,
1550 3075 1643 3127 sed
1692 3091 1793 3130 nos
1820 3071 1860 3125 C
1896 3081 2258 3133 suntsensus,
2282 3084 2380 3139 per
2399 3082 2537 3137 quos
2557 3064 2912 3135 respicientes
2934 3072 3238 3118 creaturam
3263 3061 3472 3125 mundi,

216 3147 333 3215 eos,
366 3149 634 3219 siquidem
664 3168 765 3208 nos
798 3157 1138 3213 vivificamus
1159 3176 1221 3213 ea
1271 3165 1790 3230 qutecomeduntur.

215 3240 286 3298 Et
309 3244 763 3310 quemadmodum
813 3251 990 3304 omnis
1021 3252 1174 3305 cibus
1200 3254 1395 3319 bonus,
1433 3265 1480 3309 et
1506 3258 1794 3328 nifzilreji-

214 3333 452 3388 ciendum
489 3348 583 3398 est,
619 3339 756 3407 quod
788 3356 905 3396 cum
935 3343 1232 3411 gratiarum
1251 3348 1456 3400 actione
1485 3349 1787 3417 percipitur,

211 3426 575 3494 sanctiﬁcatur
609 3430 746 3484 enim
799 3448 892 3499 per
935 3443 1147 3491 verbum
1205 3436 1324 3499 Dei,
1360 3438 1503 3492 sicut
1530 3439 1605 3493 ait
1654 3440 1793 3494 Pau—

213 3515 329 3574 lus.
361 3525 408 3569 et
454 3520 816 3574 orationem”
849 3538 860 3574 :
893 3524 972 3579 sic
1015 3541 1076 3578 ea
1126 3543 1244 3594 qua:
1292 3530 1678 3592 comeduutnr,
1728 3547 1790 3586 ea

215 3607 466 3661 videlicet
521 3626 641 3679 qua:
678 3614 927 3667 nutriunt
958 3616 1215 3682 animum,
1265 3618 1317 3672 id
1345 3630 1448 3684 est,
1485 3622 1653 3676 bonas
1698 3639 1791 3677 ac-

219 3697 415 3766 tiones,
455 3716 554 3755 nos
591 3704 944 3770 vivificamus,
999 3707 1043 3760 si
1100 3709 1239 3763 bene
1289 3711 1370 3765 eis
1405 3722 1643 3768 utamur.
1692 3715 1789 3768 Sin

216 3799 398 3844 autem
452 3793 612 3857 male,
669 3798 1164 3863 nonvivilicamus,
1220 3802 1315 3854 sed
1375 3803 1787 3859 mortiﬁcamus.

214 3881 313 3945 Qui
345 3882 488 3937 enim
534 3900 598 3938 ex
636 3886 921 3955 iniquitate
965 3890 1092 3944 facit
1141 3893 1562 3963 elremosynam,
1602 3897 1790 3953 morti-

217 3978 338 4027 ticat
369 3975 487 4043 ejus
521 3976 802 4042 virtutem,
838 3981 953 4036 sive
986 3984 1305 4052 potentiam.
1362 3984 1425 4039 Et
1455 3987 1598 4055 quia
1654 3989 1789 4046 cibis

215 4064 506 4129 abstinent,
544 4082 644 4136 per
696 4069 934 4139 linguam
973 4089 1100 4127 tero
1155 4074 1415 4130 fratribus
1469 4077 1785 4145 detrahunt,

214 4158 280 4211 de
307 4157 502 4225 quibus
530 4156 697 4215 David
725 4161 891 4219 dicit:
923 4165 1026 4230 Qui
1058 4166 1309 4221 devorant
1350 4169 1548 4238 plebem
1592 4188 1783 4236 meam,

212 4247 341 4301 sicut
370 4265 540 4303 escam
583 4252 736 4319 panis
754 4253 831 4318 ⁸⁹;
876 4257 1204 4312 mortificant
1261 4259 1320 4312 hi
1373 4259 1781 4327 abstinentiam,

215 4348 426 4409 propter
452 4343 595 4410 quod
628 4343 977 4401 beatitudinis
1011 4357 1115 4411 est,
1153 4365 1312 4404 nosse
1356 4334 1667 4407 discernere
1701 4370 1783 4407 tn-

1897 3178 2167 3232 omncque
2195 3162 2314 3231 ejus
2346 3158 2618 3223 solatium,
2675 3173 2772 3226 per
2810 3156 2927 3210 lucc
2967 3154 3116 3209 aliud
3172 3154 3471 3217 intuentes,

1895 3255 2220 3324 conjicimus
2256 3261 2310 3306 et
2335 3266 2400 3304 ex
2434 3251 2521 3303 bis
2552 3265 2672 3318 quae
2704 3246 2842 3302 facta
2874 3257 3022 3311 sunt,
3071 3261 3133 3300 ea
3178 3260 3299 3313 qua:
3347 3251 3475 3297 sunt

1893 3344 2208 3399 invisibilia.
2243 3342 2348 3396 Sed
2384 3341 2507 3412 quia
2540 3348 2594 3394 et
2615 3339 2813 3393 sreculo
2844 3346 2900 3391 et
2949 3351 3112 3391 carne
3138 3336 3274 3388 uale
3312 3333 3475 3388 simul

1894 3437 1976 3492 usi
2005 3436 2317 3499 sumus,-ita
2345 3442 2404 3487 ut
2438 3432 2698 3486 Dominus
2722 3431 2787 3485 de
2805 3429 3008 3483 mundo
3038 3428 3275 3481 diceret:
3311 3424 3472 3477 Mun-

1892 3531 1987 3582 dus
2025 3530 2080 3580 in
2106 3528 2337 3597 maligno
2388 3527 2589 3595 positus
2616 3533 2692 3578 est
2713 3524 2791 3586 ⁶⁰;
2824 3521 3025 3591 Paulus
3053 3528 3233 3573 auth
3265 3537 3276 3571 :
3315 3518 3471 3571 Video

1890 3621 2051 3674 aliam
2085 3619 2247 3688 legem
2274 3620 2328 3670 in
2357 3618 2597 3670 membris
2618 3616 2764 3680 meis,
2800 3620 3174 3682 repugnantem
3205 3610 3305 3680 legi
3327 3624 3471 3661 men-

1891 3712 1956 3764 tis
2011 3710 2241 3773 mere“;
2294 3717 2345 3761 et
2380 3722 2618 3760 rursus:
2667 3705 2777 3774 Ego
2824 3715 3000 3756 autem
3048 3700 3279 3753 carnalis
3331 3715 3467 3760 sum,

1888 3803 2214 3854 venundatus
2268 3800 2360 3852 sub
2416 3797 2729 3868 peccato“;
2785 3804 2839 3850 et
2884 3808 3073 3847 rursus
3115 3810 3130 3846 :
3182 3791 3466 3860 Manifesta

1889 3902 2066 3946 autent
2088 3901 2209 3944 sunt
2235 3907 2393 3959 opera
2428 3890 2602 3943 carnis
2622 3904 2640 3940 :
2670 3903 2787 3957 qua:
2826 3896 2946 3940 sunt
2968 3884 3269 3957 farnicatio,
3313 3881 3470 3935 adul-

1889 3986 2044 4047 teria,
2077 3982 2437 4046 immunditia,
2472 3992 2521 4034 et
2548 3996 2664 4047 qua:
2694 3980 2773 4032 Itis
2797 3978 2996 4031 similia
3037 3976 3242 4038 sunt”,
3290 3974 3356 4027 ab
3384 3974 3468 4027 his

1887 4075 1973 4128 lex
1997 4090 2096 4131 nos
2127 4073 2358 4129 liberare
2388 4079 2639 4135 conatur,
2679 4078 2734 4123 et
2768 4068 2834 4122 de
2868 4068 2971 4121 iiac
3020 4082 3076 4119 re
3111 4064 3280 4117 multa
3333 4062 3469 4115 scri-

1887 4168 2018 4222 bere
2048 4182 2158 4219 non
2187 4175 2365 4219 cessat
2399 4163 2708 4233 amigmata,
2753 4160 2893 4214 sicut
2924 4166 2980 4212 et
3027 4172 3175 4210 nunc
3224 4169 3469 4207 eorumn-

1886 4261 1980 4314 nia
2026 4268 2080 4313 et
2111 4257 2386 4328 specialia.
2414 4255 2640 4310 Intende
2679 4253 2877 4322 quibus
2924 4249 3104 4305 verbis
3131 4248 3196 4301 ad
3250 4245 3467 4315 Moysen

1893 4350 2156 4406 Dominus
2209 4350 2426 4404 locutus
2476 4355 2558 4401 est
2588 4387 2603 4411 ,
2641 4354 2700 4400 ut
2753 4344 2843 4398 ille
2904 4342 3029 4397 ﬁliis
3075 4339 3232 4394 Israel
3275 4336 3463 4391 eadem

217 4441 292 4486 ter
320 4433 648 4489 viviticantia
681 4451 766 4501 ea,
802 4452 923 4506 quae
974 4442 1357 4507 comeduutur,
1403 4445 1680 4510 animalia,
1731 4456 1786 4499 et
1822 4423 1860 4474 υ
1891 4444 2054 4499 verba
2087 4442 2440 4496 ministraret.
2465 4438 2723 4493 Faciebat
2747 4445 2930 4490 autem
2968 4435 3071 4488 hoc
3098 4448 3206 4486 non
3241 4430 3460 4489 frustra,

214 4538 274 4575 ea
312 4538 431 4590 qua:
468 4539 581 4578 non
613 4527 998 4594 comeduutur,
1020 4529 1072 4583 id
1097 4541 1201 4596 est,
1235 4531 1377 4591 inter
1407 4550 1499 4589 eos
1522 4536 1613 4604 qui
1644 4534 1784 4590 bene

213 4614 347 4671 bona
406 4625 594 4685 agunt,
630 4626 687 4672 et
738 4620 911 4673 malas
964 4621 1230 4677 actiones.
1277 4624 1404 4680 [haec
1451 4635 1581 4683 sunt
1636 4626 1783 4681 enim

213 4707 456 4762 animalia
478 4725 599 4778 qua;
649 4725 758 4765 non
801 4713 1188 4782 comeduntur,
1248 4727 1302 4772 et
1361 4719 1622 4776 discernit
1672 4740 1780 4777 non

213 4794 378 4851 solum
407 4797 607 4863 sciens,
633 4799 727 4853 sed
763 4801 852 4869 qui
878 4802 1162 4869 scientiam
1186 4807 1343 4859 conti:
1361 4818 1475 4861 mat
1502 4812 1777 4879 operibus.

213 4886 355 4953 Quod
396 4891 550 4957 pauci
582 4892 634 4944 in
669 4892 774 4946 hoc
809 4896 1033 4949 student
1062 4897 1283 4961 saeculo,
1315 4898 1496 4952 multis
1526 4917 1647 4956 eam
1685 4916 1785 4971 per

215 4978 359 5030 dolos
410 4979 802 5048 inficientibus,
855 4986 1150 5056 multisque
1198 4987 1634 5056 adulterantihus
1687 5009 1782 5062 per

217 5066 536 5136 hypocrisin,
570 5083 628 5126 ut
657 5075 878 5142 quidam
916 5076 1028 5145 jam
1059 5078 1330 5144 dubitent,
1364 5080 1526 5133 etiam
1559 5082 1611 5134 in
1643 5085 1781 5137 vet-is

218 5156 382 5221 bonis,
425 5174 546 5227 qua:
582 5164 691 5217 sint
723 5167 1079 5233 comedenda,
1111 5184 1232 5239 quae
1275 5185 1385 5223 non
1422 5171 1777 5238 comedenda,

218 5253 426 5313 propter
451 5248 592 5314 quod
624 5250 732 5304 ait:

279 5337 378 5390 Ista
407 5348 484 5390 est
519 5338 621 5392 lex.
657 5340 773 5394 Non
804 5346 977 5400 solum
1002 5348 1368 5409 discernendi.
1419 5351 1513 5405 sed
1565 5351 1771 5406 sciendi

217 5429 339 5489 filios
373 5427 558 5483 Israel.
612 5430 1030 5501 Cognoscuntur
1068 5450 1271 5508 autem,
1312 5442 1391 5496 vel
1428 5443 1678 5496 sciuntur
1708 5460 1769 5495 ca

293 5653 334 5682 ⁵⁵
357 5652 375 5705 1
402 5652 541 5706 Tim.
581 5672 665 5719 ιγι
687 5656 738 5709 εί.

240 5715 247 5722 ⁸
288 5656 334 5725 1⁵
357 5656 375 5705 1
402 5656 541 5725 Tim.
581 5656 738 5719 ινιιί.
818 5656 862 5687 ⁸⁹
896 5657 1036 5712 l’sal.
1062 5676 1155 5725 tu,

217 5716 255 5745 ω
284 5724 438 5781 Exod.
466 5740 554 5791 xx,
590 5716 669 5780 l9:

1336 5662 1605 5719 “Uouit.
1643 5680 1692 5729 v,
1733 5664 1815 5721 19.

1889 4537 1984 4592 sed
2029 4535 2205 4603 palam
2240 4534 2641 4593 demonstrans,
2688 4528 2832 4597 quod
2889 4526 3003 4595 ipse
3029 4524 3247 4595 quidem
3300 4519 3462 4589 Moysi

1886 4628 2219 4699 loqueretur,
2251 4625 2399 4678 utad
2428 4621 2831 4691 intelligendam
2872 4620 3126 4673 virtutem
3165 4614 3299 4683 legis
3344 4613 3463 4666 ido-

1886 4731 2025 4770 neo:
2067 4715 2277 4783 Moyses
2323 4721 2504 4765 autem
2575 4710 2796 4778 pepulo,
2851 4715 2912 4761 ut
2952 4707 3077 4774 quia
3125 4719 3234 4757 non
3288 4708 3459 4754 totum

1886 4805 2156 4876 capiebat,
2203 4816 2305 4854 nec
2356 4799 2598 4866 spiritale
2656 4796 2931 4862 suscipere
2961 4793 3313 4851 mandatum,
3359 4805 3462 4843 nec

1886 4895 1995 4950 Deo
2020 4894 2273 4962 loquente
2303 4889 2493 4942 audire
2517 4888 2715 4955 legem,
2757 4884 3073 4939 sublimiora
3124 4889 3459 4934 narrantem.

1889 4985 2027 5039 lliuc
2063 4983 2208 5037 enim
2240 4980 2385 5052 quod
2414 4981 2537 5049 ipso
2557 4977 2669 5034 Deo
2692 4978 2865 5049 legem
2888 4975 3070 5042 dante,
3113 4974 3367 5028 dicebant
3393 4973 3460 5029 ad

1883 5079 2133 5149 Moysen:
2165 5077 2398 5145 Loquere
2427 5084 2481 5129 tu
2505 5073 2668 5137 nobis,
2704 5083 2754 5127 et
2783 5071 3094 5126 audiemus:
3126 5084 3229 5122 non
3275 5067 3461 5133 loqua-

1886 5179 1971 5220 tur
2000 5165 2145 5219 nobis
2187 5164 2464 5227 Dominus,
2518 5179 2582 5216 ne
2635 5163 2768 5232 forte
2809 5158 3196 5214 moriamur“.
3248 5154 3352 5209 Sed
3406 5164 3461 5208 et

1887 5253 2163 5307 humiliter
2191 5267 2309 5305 eam
2332 5260 2494 5319 atque
2518 5248 2820 5303 secundum
2861 5247 3153 5300 humanam
3188 5243 3460 5314 possibili-

1885 5355 2069 5409 tatem,
2117 5343 2336 5397 homine
2362 5342 2613 5396 videlicet
2638 5340 2903 5401 tradente,
2930 5325 3252 5407 suscipiunt,
3296 5343 3355 5389 ut
3391 5334 3459 5389 ad

1882 5437 2129 5507 spiritum
2178 5435 2435 5503 paulatim
2477 5433 2826 5487 ascendatur.
2869 5429 2971 5483 Per
3002 5429 3238 5484 litteram
3295 5426 3457 5496 igitur

2524 5654 2566 5683 δ’
2598 5650 2727 5704 ibid.
2774 5652 2858 5705 14.
2972 5651 3014 5681 ⁸³
3044 5651 3215 5706 (ietlat.
3246 5663 3308 5713 γλ
3358 5645 3438 5697 ηδ-

1897 5664 1939 5693 “
1975 5660 2130 5718 litin.
2173 5675 2266 5717 κει,
2319 5655 2409 5709 ‘23.
