3886 6306
477 295 584 364 923

483 427 675 471 semen
705 410 1014 482 suscipiens
1042 419 1127 464 est
1151 409 1369 475 mulier,
1402 424 1526 479 qua:
1563 409 1665 466 viri
1698 410 1941 480 concipit
1995 425 2062 464 ex
2093 413 2138 472 Α
2167 416 2350 462 autent
2401 398 2598 462 diebus
2631 405 2708 461 ait
2761 415 2994 461 matrem
3045 419 3167 460 esse
3225 401 3604 457 immundam

485 505 720 564 semine.
753 503 908 560 lianc
932 512 1140 572 septem
1174 501 1371 556 diebus
1401 517 1522 557 esse
1549 503 1884 558 immundam
1927 503 2078 580 dicit,

485 605 545 654 et
569 596 958 667 quamobrem?
987 595 1236 650 videlicet
1257 594 1386 664 quia
1421 603 1573 650 sator
1606 595 1922 650 immundus
1970 605 2077 668 est,

492 696 685 758 utpote
740 687 916 740 haeres
943 685 1137 750 Adam,
1171 684 1265 754 qui
1298 700 1396 748 per
1431 687 1922 754 transgressionem
1977 685 2081 737 im-

489 779 730 834 mundus
759 777 934 832 factus
955 817 968 839 ,
995 786 1160 845 atque
1197 778 1268 830 ita
1318 775 1444 830 Eva:
1469 777 1684 842 mistus,
1723 792 1884 830 omne
1908 791 2081 846 genus

489 869 792 924 humanum
844 867 973 922 fecit
1009 866 1380 921 immundum.
1412 869 1617 936 Aperte
1661 877 1843 921 autem
1881 868 1985 922 hoc
2023 867 2078 921 in

489 971 643 1010 sacra
674 953 956 1022 Scriptura
1000 953 1291 1023 legitur“,
1325 955 1469 1022 quod
1510 965 1800 1024 postquam
1838 955 1972 1008 exiit
2011 955 2078 1008 de

490 1047 766 1116 paradiso,
804 1045 1088 1098 mulierem
1126 1062 1280 1099 suam
1311 1046 1480 1100 Adam
1505 1046 1780 1114 cognovit,
1809 1055 1971 1114 atque
2004 1045 2077 1098 ita

489 1137 681 1192 deduci
707 1137 1193 1204 ctepitltumanum
1225 1153 1416 1208 genus.
1453 1139 1672 1207 Septem
1728 1148 1909 1192 autent
1963 1139 2079 1193 dies

490 1225 618 1280 ideo
670 1225 955 1279 mulieretn
1017 1241 1138 1279 esse
1210 1227 1470 1296 pracepit
1527 1227 1902 1295 immundam,
1950 1229 2077 1298 quia

489 1299 686 1380 Adam,
709 1333 804 1384 per
837 1316 994 1384 cujus
1017 1332 1202 1371 semen
1224 1319 1468 1388 suscepit
1495 1320 1920 1386 immunditiam,
1951 1337 2078 1376 eum

492 1424 696 1478 genere
719 1409 882 1460 vitam
920 1417 1162 1463 nostram
1195 1410 1406 1478 polluit.
1465 1411 1685 1480 Septem
1725 1413 1934 1468 dierum
1973 1430 2078 1468 nu-

493 1516 678 1553 merus
716 1499 984 1569 signiﬁcat
1033 1517 1130 1570 per
1175 1517 1339 1571 quem
1401 1511 1648 1573 tempora
1693 1505 2074 1560 revolvuntur.

493 1591 726 1660 Propter
751 1592 894 1660 quod
952 1592 1115 1646 etiam
1148 1595 1268 1662 ejus
1301 1596 1519 1665 requies
1566 1597 1802 1666 septima
1829 1598 1966 1664 dies,
2021 1599 2074 1652 id

495 1693 603 1748 est,
675 1683 1012 1752 intelligibile
1077 1695 1330 1752 speratur
1399 1687 1719 1742 Sabbatum.
1793 1687 2074 1754 Quomodo

495 1785 677 1827 autem
721 1783 964 1828 nostram
1001 1775 1192 1844 polluit
1222 1777 1428 1830 vitam?
1454 1777 1724 1834 luduceus
1748 1780 1793 1834 ei
1821 1780 2080 1835 maledic—

499 1867 702 1919 tionem
733 1875 787 1920 et
824 1866 1160 1922 transferens
1190 1869 1257 1922 ad
1283 1869 1582 1936 miseriam,
1618 1886 1736 1925 eam
1768 1889 1931 1942 quam
1961 1881 2081 1928 s‘or—

497 1957 584 2010 titi
613 1957 892 2012 fueramus
931 1958 1000 2012 ab
1043 1957 1201 2013 initio
1243 1961 1664 2016 beatitudinem.
1706 1963 1860 2028 Quod
1907 1964 2080 2018 mani-

496 2048 697 2103 festum
728 2059 810 2104 est
839 2064 902 2103 ex
935 2049 1042 2116 bis,
1073 2066 1194 2121 qme
1227 2052 1367 2108 Deus
1397 2054 1464 2108 ad
1506 2055 1674 2109 Adam
1707 2056 1875 2112 dicit:
1916 2055 2082 2111 Male-

495 2143 636 2197 dicta
699 2151 840 2197 terra
895 2144 951 2197 in
1004 2146 1245 2213 operibus
1294 2149 1707 2218 tuis,,spinas,
1766 2159 1814 2203 et
1864 2149 2080 2204 tributos

496 2235 814 2304 germinabit
863 2235 958 2290 tibi
979 2237 1059 2290 9'.
1124 2237 1418 2308 Propterea
1484 2249 1540 2294 et
1596 2256 1748 2296 nunc
1807 2241 2082 2312 Iegislator

495 2327 634 2383 dixit
662 2346 676 2382 :

569 2420 874 2476 Secundum
902 2420 1015 2475 dies
1046 2423 1398 2490 separationis
1449 2433 1730 2479 menstrua:
1760 2441 1779 2476 :
1809 2426 1896 2480 vel
1941 2427 2083 2482 sicut

427 2578 438 2590 ι
497 2508 888 2583 Septuaginta:
923 2509 1225 2567 Secundum
1261 2515 1371 2568 dies
1417 2516 1751 2590 purgationis
1801 2527 2084 2572 menstrua:

497 2603 773 2658 immunda
802 2605 920 2658 erit.
948 2604 1088 2670 Quid
1135 2615 1316 2660 autem
1341 2607 1447 2663 hoc
1479 2606 1570 2673 sit,
1613 2608 1705 2662 alii
1755 2609 2084 2680 interpretes

497 2691 716 2761 planius
778 2695 1120 2750 ediderunt:
1166 2697 1528 2768 Symmachus
1581 2699 1804 2769 quidem
1869 2701 2079 2769 dicens,

497 2785 786 2838 secundum
843 2787 954 2840 dies
1013 2789 1406 2856 separationis,
1465 2790 1784 2860 aﬂlictionis;
1821 2784 1823 2787 ’
1857 2791 2072 2862 Apuila,

497 2877 848 2944 separationis
883 2918 898 2942 ,
954 2881 1220 2944 miserim;
1271 2881 1649 2953 Theodolion,
1704 2889 2082 2960 separationis,

497 2967 694 3022 doloris
741 2969 877 3038 ejus.
925 2969 1143 3026 Miseria
1185 2982 1390 3036 autem,
1445 2983 1501 3030 et
1547 2977 1788 3034 alllictto.
1824 2989 1880 3032 et
1930 2979 2085 3035 dolor

498 3067 635 3114 tmte
681 3075 804 3114 esse
850 3062 1037 3131 coepit,
1093 3074 1378 3134 postquam
1427 3057 1711 3136 Separatns
1770 3085 1800 3125 a
1833 3071 2084 3141 paradiso

499 3151 695 3217 Adam,
738 3161 979 3206 nostram
1011 3155 1242 3209 sortitus
1261 3166 1346 3212 est
1392 3159 1589 3228 vitam,_
1607 3161 1734 3230 quia
1784 3162 1839 3216 itt
1885 3163 2084 3220 sudore

499 3241 681 3296 vultus
710 3244 999 3298 comedere
1032 3262 1228 3316 panem
1281 3251 1634 3306 condemnati
1683 3267 1893 3309 sumus.
1946 3254 2086 3312 lluic

500 3335 683 3389 sensui
714 3335 1016 3404 planiorem
1086 3345 1141 3392 et
1185 3340 1596 3396 indubitabilem
1638 3343 1846 3400 addidit
1890 3347 2086 3416 proba-

501 3426 731 3492 tionem,
760 3442 882 3481 cum
919 3428 1087 3484 dicit:

573 3515 670 3570 Die
709 3527 893 3585 octavo
937 3521 1339 3574 circumcidetur
1393 3523 1716 3593 infantulus.
1763 3525 1888 3581 Dies
1937 3525 2083 3582 enim

497 3615 744 3674 octavus,
770 3609 1027 3678 quoniam
1047 3597 1296 3680 septimae
1319 3613 1424 3668 diei
1450 3657 1464 3680 ,
1489 3631 1611 3685 qua:
1637 3615 1813 3687 imago
1840 3625 1924 3672 est
1944 3634 2084 3687 pra:-

498 3699 670 3752 sentis
705 3699 847 3766 vitae,
877 3701 1141 3769 succedit,
1169 3702 1392 3774 figuram
1421 3709 1559 3776 gerit
1586 3707 1754 3762 futuri
1773 3708 1953 3763 saeculi
1981 3751 1995 3775 ,
2029 3709 2084 3764 in

495 3801 604 3854 quo
647 3801 870 3840 carnem
901 3790 1154 3859 praeputii
1206 3791 1653 3848 circumcidimus
1674 3836 1688 3860 ,
1713 3811 1878 3865 opera
1903 3797 2084 3852 carnis

495 3879 678 3932 omnia
695 3879 1058 3950 deponentes:
1077 3892 1204 3938 tunc
1227 3883 1429 3954 quippe
1448 3902 1554 3940 non
1575 3887 1750 3941 solum
1769 3903 1877 3942 non
1899 3904 2087 3957 pecca-

500 3967 627 4032 turi,
651 3969 744 4022 sed
767 3983 870 4024 nec
899 3972 1215 4038 comesturi,
1245 3985 1336 4028 aut
1369 3974 1612 4042 bibituri,
1639 3985 1731 4030 attt
1752 3977 1972 4047 nupturi
1992 3994 2086 4032 su-

496 4074 638 4114 mus.
662 4057 878 4116 Erimus
914 4071 1096 4117 autem
1125 4065 1516 4134 proculdubio.
1533 4068 1676 4124 sicut
1700 4070 1774 4124 ait
1796 4071 2078 4134 Dominus,

494 4163 560 4202 ex
587 4152 1010 4220 corruptibilibus
1049 4157 1500 4228 incorruptibiles,
1533 4160 1676 4215 sicut
1722 4163 1897 4232 angeli
1925 4164 1997 4216 "':
2028 4173 2084 4219 et

495 4239 682 4294 mundi
751 4241 927 4296 modis
993 4245 1269 4310 omnibus,
1314 4262 1380 4300 ex
1433 4248 1732 4304 it‘mnundis
1792 4251 2076 4308 eilicimur.

493 4329 801 4384 Seminatur
844 4333 1026 4403 igitur,
1054 4335 1130 4388 ait
1176 4337 1396 4402 Paulus,
1461 4339 1516 4392 in
1553 4342 1890 4410 corruptione
1909 4345 1990 4410 ‘3;
2034 4347 2078 4399 si

495 4420 660 4489 igitur
699 4425 752 4474 in
791 4428 1146 4492 corruptione
1206 4428 1511 4482 seminatur
1568 4447 1769 4501 corpus
1814 4434 2068 4503 animale,
2107 4466 2148 4518 υ

494 4509 668 4580 surgit
699 4525 900 4582 corpus
918 4514 1194 4583 spiritale;
1229 4533 1358 4589 ergo
1385 4519 1480 4594 _hic
1500 4529 1584 4574 est
1603 4521 1797 4577 modus
1852 4536 2074 4595 propter

493 4617 656 4671 quem
682 4601 945 4659 infantem
969 4617 1162 4662 octavo
1197 4609 1284 4664 die
1320 4611 1475 4682 jubet
1531 4613 1870 4670 circumcidi.
1901 4617 2066 4673 lncir-

493 4695 796 4750 cumcisum
822 4706 1006 4754 autem
1043 4701 1225 4771 perire
1281 4703 1348 4759 de
1399 4706 1603 4776 populo
1657 4722 1758 4762 suo
1807 4711 2068 4777 ostendit,

490 4785 619 4855 quia
644 4794 771 4842 ante
797 4788 1292 4861 circumcisionem,
1321 4795 1738 4853 abominabilem
1767 4799 1931 4856 habet
1950 4817 2070 4856 car-

485 4891 616 4932 nem
648 4886 704 4933 et
739 4877 1099 4949 immundam,
1139 4893 1362 4957 propter
1411 4903 1607 4943 causas
1635 4889 1888 4945 videlicet
1934 4906 2072 4960 quas

491 4970 746 5040 superius
769 4972 1026 5030 diximus.
1054 4975 1350 5032 Mundatur
1393 4988 1575 5038 autem
1630 4997 1730 5051 per
1781 4983 2072 5038 circumci—

490 5057 724 5126 sionem,
759 5078 884 5130 qua:
919 5063 1212 5134 imaginem
1257 5069 1398 5138 gerit
1449 5074 1869 5128 resurrectionis
1925 5090 2072 5128 mor-

493 5158 728 5206 tuorum.
746 5150 878 5207 Illud
905 5164 1088 5210 autem
1118 5157 1284 5212 nitnis
1308 5163 1784 5230 quzerendumest,
1806 5167 2071 5236 quamob—

497 5254 616 5295 rem
679 5242 1000 5301 circumcidi
1063 5247 1151 5303 lex
1222 5251 1566 5320 praecipiens,
1634 5255 1806 5322 ipsius
1851 5257 2068 5326 quidem

492 5329 892 5388 immunditiam
917 5347 1079 5404 tacet,
1118 5349 1346 5394 matrem
1375 5351 1554 5396 autem
1590 5344 1924 5400 immundam
1947 5364 2068 5402 esse

493 5417 646 5484 dicit,
689 5435 860 5489 usque
887 5425 953 5479 ad
973 5425 1122 5481 diem
1173 5427 1226 5483 in
1253 5446 1362 5500 quo
1399 5431 1579 5488 infans
1615 5433 2062 5492 circumciditur:

493 5517 683 5563 octavo
745 5511 945 5582 quippe
997 5520 1254 5589 praecepit
1319 5523 1406 5578 dic
1463 5523 1802 5591 circumcidi,
1859 5538 2064 5596 septem

565 5701 608 5733 “
657 5702 798 5760 Gen.
829 5723 902 5775 tv,
939 5712 981 5766 l.
1080 5716 1123 5746 εδ
1154 5715 1292 5770 Gen.
1328 5734 1406 5786 ιιι,
1450 5719 1532 5785 l7,
1581 5719 1660 5774 l8.

1739 5722 1780 5752 ⁸⁷
1812 5719 2000 5777 Matth.
2036 5742 2167 5793 xm,
2200 5729 2284 5783 δυ-

1675 296 2038 356 IIESYCHII
2078 294 2555 355 PRESBYTER!
3722 282 3803 346 θέι

3713 406 3799 455 Act

2185 501 2328 554 forte
2365 500 2492 570 quia
2516 498 2901 554 inobedientiae
2923 513 3088 554 causa
3119 495 3230 550 Eva
3282 493 3538 550 seducta
3573 495 3796 553 exstilil.

2185 593 2549 668 transgressio
2575 602 2781 660 autem,
2815 593 2932 646 sive
2964 591 3337 648 inobedientia
3375 589 3798 644 immunditia

2183 686 2343 740 nobis
2413 685 2744 754 sordemquc
2799 684 3093 750 contraxit,
3151 683 3278 737 ideo
3337 682 3454 736 hoc
3529 676 3690 750 quod
3733 697 3800 735 est

2183 775 2438 844 amplius,
2481 774 2760 844 legislator
2785 773 2842 827 in
2903 774 3186 828 mulierem
3225 773 3558 828 convertit.
3600 772 3710 826 Sed
3757 789 3798 826 ει

2181 867 2534 936 quaerendum
2575 877 2661 921 est
2714 883 2812 922 cur
2856 867 3020 934 hujus
3051 867 3124 920 rei
3156 867 3357 938 gratia,
3408 866 3477 918 in
3541 867 3796 938 sanguine

2181 956 2585 1026 purificationis
2613 971 2727 1010 sua}
2757 971 2980 1010 manere
3006 957 3292 1010 mulierem
3333 955 3654 1026 praecepit,
3703 974 3794 1010 non

2181 1049 2444 1117 sanguine
2473 1048 2717 1114 sordido,
2743 1047 2838 1102 sed
2883 1049 2936 1102 in
2986 1049 3252 1119 sanguine
3293 1049 3560 1111 mundo,
3607 1047 3664 1101 id
3709 1061 3791 1115 est,

2182 1133 2577 1207 purificationis
2621 1138 2766 1208 ejus,
2818 1139 2960 1193 sicut
3008 1139 3062 1192 in
3113 1139 3217 1205 his,
3275 1154 3407 1208 qua:
3446 1151 3786 1208 sequuntur,

2180 1230 2512 1285 ostenditur.

2254 1319 2382 1374 Iltrc
2407 1337 2560 1374 omne
2587 1331 2830 1374 sanctum
2865 1337 2966 1374 non
3026 1322 3218 1392 tangit,
3263 1317 3422 1375 et‘in
3487 1327 3790 1377 sane-tumis

2181 1429 2280 1466 non
2320 1414 2615 1482 ingreditur
2653 1429 2818 1483 usque
2843 1413 2969 1466 dum
2996 1414 3367 1481 compleantur
3395 1416 3524 1468 dies
3553 1416 3790 1484 pnriﬁre—

2178 1501 2333 1554 tionis
2371 1500 2506 1570 ejus.
2539 1501 2594 1554 Si
2621 1517 2750 1571 ergo
2779 1501 2831 1554 in
2867 1501 3130 1572 sanguine
3173 1502 3390 1557 mundo
3427 1505 3673 1574 triginta
3702 1515 3790 1558 tres

2178 1592 2296 1647 dies
2319 1599 2376 1646 et
2410 1607 2573 1646 omne
2605 1602 2853 1647 sanctum
2891 1609 3001 1647 non
3035 1594 3226 1664 tangit,
3269 1605 3325 1650 et
3363 1596 3424 1649 in
3483 1598 3790 1651 sanctuarii)

2178 1699 2286 1737 non
2317 1684 2643 1756 ingreditur,
2691 1683 2836 1738 unde
2882 1684 3195 1754 lmjusmodi
3250 1702 3528 1754 causam,
3577 1689 3692 1742 nisi
3735 1705 3785 1742 ex

2111 1764 2152 1818 Β
2182 1775 2393 1829 dierum
2425 1776 2864 1846 perscrutatione
2889 1777 3270 1846 reperiemus?
3299 1777 3576 1848 Triginta
3602 1782 3786 1851 quippe

2182 1875 2238 1921 et
2259 1876 2370 1922 tres
2393 1867 2510 1920 dies
2544 1868 2666 1921 ideo
2692 1869 2933 1933 tradidit,
2963 1877 3018 1922 ut
3059 1869 3291 1937 adjectis
3322 1879 3592 1940 septem,
3619 1876 3785 1926 cuncti

2181 1957 2536 2030 quadraginta
2598 1958 2750 2014 fiant.
2803 1959 2964 2014 Aliud
3017 1975 3148 2030 ergo
3204 1975 3307 2030 per
3371 1962 3495 2018 hoc
3523 1963 3788 2034 legislator

2181 2051 2474 2123 signiﬁcat.
2511 2051 2652 2119 Quia
2679 2069 2810 2122 ergo
2843 2053 2897 2106 in
2933 2053 3125 2108 diebus
3155 2054 3546 2126 quadraginta
3592 2073 3788 2111 mascu-

2181 2145 2268 2198 lus
2306 2145 2512 2200 dicitur
2551 2144 2732 2199 infans
2776 2145 3021 2212 formari,
3051 2147 3161 2200 duo
3205 2147 3325 2202 haec.
3381 2163 3496 2217 per
3547 2165 3639 2214 ea,
3686 2167 3784 2220 qua:

2182 2237 2324 2293 dicta
2355 2245 2485 2291 sunt
2503 2237 2836 2306 probantur:
2875 2237 2928 2292 id
2962 2249 3066 2303 est,
3099 2238 3226 2307 quia
3257 2238 3382 2308 ipse
3411 2241 3654 2310 quidem
3681 2243 3783 2296 sub-

2183 2329 2393 2385 stantia
2440 2329 2660 2400 generis
2713 2329 2942 2384 humani
2991 2330 3194 2384 munda
3241 2338 3349 2397 est,
3421 2333 3586 2387 sicut
3633 2349 3663 2387 ι
3699 2333 3784 2387 lim

2183 2431 2391 2476 creata:
2437 2420 2627 2476 Omnia
2671 2422 2842 2487 enim,
2895 2437 3012 2490 quia
3047 2422 3170 2492 fecit
3207 2421 3375 2488 Dens,
3431 2437 3602 2478 eram
3656 2427 3784 2479 valde

2185 2513 2320 2568 bona
2337 2515 2380 2546 °’
2403 2557 2416 2580 ,
2447 2521 2504 2568 et
2543 2513 2716 2568 multo
2751 2512 2924 2584 magis
2950 2513 3136 2590 homo.
3166 2513 3408 2584 Propter
3451 2519 3612 2586 quod
3645 2519 3713 2571 ait
3742 2520 3783 2570 in

2184 2606 2450 2674 sanguine
2532 2605 2770 2670 mundo,
2835 2605 2949 2660 sive
3021 2604 3440 2675 puriﬁcationis
3509 2610 3782 2664 mulierem

2185 2699 2394 2753 sedere.
2419 2697 2557 2764 Quia
2583 2705 2766 2752 autem
2789 2712 2889 2768 per
2911 2697 3320 2753 successionem
3345 2697 3493 2754 Adae
3525 2709 3784 2769 transgre-

2185 2790 2385 2846 dientis
2423 2790 2586 2845 ltesus
2619 2799 2722 2856 est,
2763 2788 3074 2844 necessarie
3109 2803 3229 2858 quae
3277 2804 3484 2845 semen
3535 2790 3781 2861 suSrepit,

2185 2893 2238 2938 et
2265 2883 2537 2952 concepit,
2563 2897 2726 2938 omne
2765 2889 3016 2937 sanctum
3049 2897 3159 2934 non
3195 2882 3394 2952 tangit,
3450 2893 3512 2938 et
3558 2884 3618 2937 in
3649 2899 3786 2938 sauc-

2187 2975 2363 3029 tuario
2387 2991 2497 3030 non
2520 2974 2872 3045 ingredietur,
2899 2988 3072 3043 usque
3094 2972 3221 3028 dum
3248 2976 3666 3044 compleantur
3689 2976 3787 3028 dies

2111 3099 2154 3158 C
2188 3066 2584 3137 purificationis
2630 3067 2782 3136 ejus:
2825 3066 2877 3121 id
2914 3073 3018 3132 est,
3062 3081 3237 3136 usque
3267 3066 3403 3119 dum
3464 3069 3785 3138 complent.

2188 3165 2276 3212 tur
2304 3159 2420 3213 dies
2447 3159 2828 3229 quadraginta,
2857 3158 2910 3212 in
2941 3159 3139 3228 quibus
3172 3172 3311 3228 puer
3338 3159 3654 3214 formatur.
3686 3160 3786 3228 Ipsa

2186 3247 2388 3318 quippe
2436 3247 2614 3318 imago
2667 3248 2783 3314 Dei,
2843 3249 3124 3303 tnundatio
3165 3258 3249 3304 est
3292 3259 3520 3304 natura:
3574 3263 3786 3309 nostrze.

2187 3337 2433 3406 quamvis
2457 3337 2621 3391 fuerit
2655 3337 2956 3392 sordidata.
2996 3337 3135 3410 Ergo
3171 3355 3531 3409 nequaquam
3589 3341 3785 3412 ingredi

2187 3429 2241 3482 in
2277 3429 2608 3494 sanctuario,
2638 3445 2742 3484 nec
2770 3445 2934 3484 omne
2959 3439 3207 3484 sanctum
3239 3439 3474 3500 tangere
3533 3433 3785 3502 ιιι-ευριπιιί

2188 3521 2488 3587 fueramus,
2551 3521 2659 3576 nisi
2707 3522 2885 3592 imago
2954 3521 3046 3576 Dei
3115 3521 3283 3578 semel
3339 3521 3558 3578 donata
3615 3537 3786 3578 nostro

2189 3615 2396 3682 generi,
2451 3621 2768 3668 sanctorum
2823 3614 2982 3669 nobis
3041 3613 3391 3684 praestitisset
3452 3615 3779 3686 ingressum.

2189 3703 2417 3773 Propter
2469 3721 2631 3775 quam
2675 3705 2992 3760 salvandam
3034 3706 3148 3775 ipse
3182 3721 3405 3775 quoque
3463 3707 3779 3760 incarnatus

2187 3803 2270 3848 est
2297 3793 2580 3861 Dominus,
2621 3810 2775 3850 suam
2811 3795 3102 3866 imaginem
3163 3797 3378 3850 salvare
3413 3797 3643 3852 volens.
3689 3799 3778 3851 Sed

2187 3884 2240 3938 in
2299 3885 2658 3956 quadraginta
2717 3885 2912 3941 diebus
2961 3887 3030 3940 ad
3075 3887 3274 3942 coelum
3343 3903 3473 3940 eam
3540 3889 3774 3948 sustulit,

2185 3977 2486 4031 secundmn
2509 3979 2653 4048 quod
2678 3994 2799 4034 eam
2826 3979 3110 4037 hominem
3163 3979 3466 4050 plasmatis,
3506 3981 3562 4034 in
3630 3982 3775 4034 vulta

2185 4069 2372 4135 donat,
2404 4077 2459 4122 et
2485 4079 2617 4125 tunc
2651 4071 2717 4124 ad
2749 4087 2939 4126 verum
2987 4072 3363 4126 sanctuarium
3425 4082 3635 4128 natura
3690 4088 3775 4127 no-

2186 4173 2298 4216 stra
2326 4162 2644 4233 ingreditur.
2679 4165 2882 4232 Aperte
2919 4172 3098 4218 autem
3127 4163 3247 4219 lucc
3269 4165 3580 4233 probantur
3603 4183 3770 4236 pereat

2183 4267 2305 4320 qua:
2359 4253 2427 4306 de
2470 4267 2670 4322 genere
2729 4251 2973 4308 femineo
3029 4255 3376 4310 sauciuntur.
3438 4254 3588 4322 Quia
3638 4258 3770 4311 enim

2183 4345 2514 4416 octogesima
2542 4345 2631 4400 die
2662 4345 2884 4400 formari
2928 4347 2987 4400 in
3032 4356 3188 4400 utero
3233 4346 3454 4402 feminae.
3493 4348 3767 4408 dicuntur,

2182 4437 2518 4490 tantumdem
2549 4452 2840 4492 numerum
2871 4438 2939 4492 ad
2964 4438 3343 4507 impletionem
3379 4438 3604 4493 dierum
3631 4442 3768 4509 puri-

2181 4527 2451 4582 ﬁcationis
2476 4541 2687 4596 earum,
2723 4543 2844 4598 quae
2872 4541 3063 4583 semen
3089 4527 3428 4598 suscipiunt,
3489 4533 3765 4600 pneccpit,

2180 4620 2258 4674 ait
2287 4619 2435 4674 enim
2474 4619 2583 4674 sic:

2250 4710 2309 4767 Si
2359 4712 2606 4778 feminam
2635 4713 2858 4782 peperit,
2912 4713 3187 4768 immunda
3215 4714 3310 4766 erit
3331 4713 3538 4766 duabus
3577 4714 3764 4766 hebdo-

2179 4805 2420 4858 madibus
2449 4822 2459 4856 :
2486 4805 2644 4876 juxta
2678 4807 2840 4858 ritum
2885 4807 3062 4875 ﬂuxus
3122 4810 3395 4862 menstrui.

2247 4892 2312 4950 Et
2368 4913 2492 4950 cum
2545 4903 2761 4966 Oportet
2807 4900 3220 4968 quatuordecim
3276 4901 3494 4965 dicere,
3529 4917 3646 4956 non
3695 4903 3761 4958 sit

2174 4983 2350 5048 dicit,
2403 4985 2500 5040 sed
2568 4985 2784 5041 duabus
2844 4987 3300 5047 hebdomadibus.
3356 4989 3512 5056 juxta
3585 4992 3750 5045 ritu

2173 5074 2350 5132 ﬂuxus
2389 5077 2678 5130 menstrui.
2702 5079 2933 5148 Propter
2957 5081 3103 5149 quod”
3132 5080 3199 5134 ad
3231 5081 3381 5136 illum
3438 5097 3543 5136 nos
3597 5093 3761 5138 trans.
3834 5091 3835 5096 ‘

2181 5165 2348 5220 mittit
2402 5183 2646 5231 sensum,
2705 5169 2759 5224 id
2790 5179 2892 5236 est,
2920 5179 2980 5225 ut
3039 5171 3094 5225 in
3146 5183 3353 5244 septem
3401 5174 3632 5244 quidem
3663 5177 3758 5230 die-

2177 5257 2280 5312 bus
2325 5275 2446 5314 esse
2473 5261 2768 5316 humanam
2817 5263 2981 5316 vitam
3011 5281 3023 5316 :
3049 5263 3228 5320 fluxus
3269 5276 3447 5319 autem
3499 5267 3755 5322 menstrui

2176 5349 2522 5405 amictionem
2573 5353 2711 5421 ejus,
2759 5363 2816 5408 et
2875 5353 3144 5420 dolorem,
3171 5366 3227 5411 et
3275 5357 3554 5413 miseriam
3603 5359 3751 5414 intel-

2174 5441 2425 5512 ligamus.
2449 5442 2590 5497 Dixit
2629 5453 2808 5498 autem
2848 5445 3061 5500 duabus
3109 5447 3547 5504 hebdomadibus
3595 5461 3748 5510 recte,

2177 5525 2299 5600 quia
2357 5533 2523 5602 duplo
2585 5550 2757 5603 genus
2807 5535 3072 5590 muliebre
3133 5537 3418 5591 multatum
3496 5541 3751 5606 est:quia

2365 5732 2406 5758 ”"
2435 5731 2598 5784 lCor.
2636 5746 2722 5796 xv,
2757 5732 2842 5784 xiii.
2925 5734 2968 5765 ⁵³³
2995 5732 3129 5788 Gen.
3170 5751 3207 5798 I,
3231 5735 3322 5788 5i.
