3886 6306
400 1440 407 1443 .
497 1399 772 1452 versarios
839 1400 1172 1463 immolabat,

497 301 604 367 927

1692 306 2055 368 HESYCHII
2098 306 2576 367 PRESBYTERI

3712 304 3800 368 923

493 426 619 483 quae
674 411 774 467 sibi
827 411 1094 479 exhiberi,
1147 421 1202 467 et
1238 411 1446 481 nuptiis
1483 427 1719 482 sponsae,
1757 425 1943 485 utpote
1984 414 2072 469 cui
2104 422 2146 474 Α
2175 412 2276 479 dit,
2327 414 2422 469 sed
2480 423 2534 470 et
2574 429 2736 469 sanos
2781 414 2836 468 iu
2879 414 3090 468 fervore
3139 410 3531 482 egritudinis,
3582 416 3641 461 et
3673 422 3799 462 seu

495 504 791 559 favendum
833 516 971 571 erat,
1020 520 1143 559 cum
1192 505 1337 559 domi
1388 505 1766 574 susciperetur
1793 549 1807 572 ,
1846 515 2082 576 optaret.

497 594 603 648 Sed
665 593 917 649 Christus
975 611 1085 648 non
1144 594 1254 649 ita:
1315 611 1442 650 nam
1503 598 1771 652 exsistens
1812 596 2081 663 Verbum,

496 686 820 741 festivitates
859 686 1098 755 implicat
1120 685 1355 754 eloquio.
1391 687 1455 741 Et
1490 686 1581 741 alii
1618 687 1836 756 quidem
1861 687 2081 751 vitulos,

495 787 593 832 aut
631 779 797 832 boves
844 820 858 839 .
913 787 1006 831 aut
1057 793 1205 843 Oves,
1259 780 1475 845 arietes,
1528 780 1725 844 hircos,
1773 789 1827 833 et
1870 796 2080 847 capras,

498 877 758 935 turtures,
792 879 884 923 aut
911 870 1221 923 columbas:
1263 872 1351 940 qui
1400 881 1579 925 autem
1623 872 1737 927 hare
1766 888 1876 925 non
1915 871 2087 928 habe-

494 956 650 1021 bant,
683 957 945 1022 crustula,
982 964 1036 1010 et
1057 958 1265 1025 lagana,
1328 969 1383 1013 et
1423 961 1658 1015 similam
1691 977 1788 1030 pro
1818 963 2085 1016 saeritieio

492 1047 563 1099 ad
615 1048 979 1102 sanctuarium
1046 1049 1370 1103 oll‘erebaut.
1430 1051 1547 1119 Ipse
1596 1061 1777 1106 autem
1819 1054 2081 1119 doctrina,

496 1129 638 1186 sicut
666 1134 975 1200 oportebat,
1023 1134 1227 1188 hostias
1271 1137 1532 1191 variabat.
1576 1137 1642 1191 Et
1676 1154 1821 1192 nunc
1844 1140 2083 1208 quidem,

496 1221 641 1275 sicut
691 1222 919 1276 vitulmn
974 1226 1246 1278 novellum
1336 1242 1539 1280 cornua
1604 1229 1969 1297 profcreutem
2032 1245 2087 1286 et

494 1315 748 1383 ungulas,
804 1332 903 1385 per
966 1318 1290 1387 theologiam
1353 1318 1590 1373 Verbum
1642 1322 1929 1385 ventilans,
1986 1325 2081 1377 ad-

1250 1418 1397 1455 nunc
1444 1414 1627 1457 autem
1674 1421 1775 1475 pro
1837 1407 2083 1463 columba

499 1491 875 1544 niediatoriam
950 1493 1251 1546 doctrinam
1314 1496 1656 1563 explanabat.
1715 1506 1771 1551 et
1815 1514 1914 1567 pro
1970 1502 2081 1569 pari

502 1586 772 1631 turturum
835 1581 979 1651 leges
1011 1580 1285 1635 indicebat
1350 1585 1546 1638 anima:
1611 1587 2084 1655 contemplationis

495 1674 556 1719 et
599 1667 881 1721 castitatis.
944 1668 1071 1722 Erat
1117 1680 1296 1723 autem
1346 1671 1460 1738 ipse
1527 1672 1670 1727 aries
1726 1676 1792 1729 ad
1875 1677 2085 1730 sacriﬁ-

496 1758 641 1810 cium
668 1773 936 1812 coronans
967 1760 1213 1813 laudibus
1241 1761 1438 1827 justos,
1472 1773 1525 1816 et
1554 1765 1734 1819 hircos
1770 1777 2083 1834 peccatores
2120 1749 2158 1801 Β

494 1865 561 1903 ex
602 1866 787 1904 errore
835 1852 1135 1907 venientes.
1193 1853 1288 1906 llis
1323 1868 1450 1922 ergo
1484 1867 1537 1910 et
1587 1872 1686 1910 nos
1729 1857 2080 1915 festivitatem

495 1948 774 1996 ornemus,
857 1934 976 2002 ipso
1060 1935 1112 1987 in
1178 1937 1448 1990 sacriﬁcio
1518 1939 1774 2000 cultrum,
1843 1942 2079 2011 linguam

494 2015 749 2069 videlicet
809 2018 1062 2084 praesenti
1109 2020 1349 2072 materiae
1427 2021 1517 2089 qui
1591 2021 1909 2089 immolavit,
1958 2025 2079 2077 talia

493 2114 753 2175 tantaque
801 2116 1106 2161 mutuante.
1165 2108 1257 2162 Est
1294 2119 1475 2164 autem
1524 2111 1644 2167 hzec
1700 2113 1871 2182 lepra,
1918 2131 2080 2185 quam

493 2195 704 2267 Moyses
744 2198 1019 2268 lcgislator
1057 2202 1352 2270 proposuit,
1411 2204 1669 2272 plurimas
1732 2207 1851 2275 ejus
1899 2209 2081 2277 profc-

492 2304 620 2341 rcns
652 2291 885 2359 species,
912 2292 1260 2361 multiplicem
1284 2293 1447 2362 hujus
1479 2297 1794 2353 varietatem
1816 2300 2083 2368 passionis

492 2398 791 2451 exponens.
828 2400 930 2439 nec
964 2386 1137 2439 solum
1169 2385 1372 2455 Icpram
1400 2403 1517 2457 quae
1544 2388 1595 2441 in
1634 2390 1872 2455 homine,
1906 2393 1997 2447 sed
2030 2403 2083 2447 et

491 2490 613 2540 qua:
645 2475 698 2527 in
736 2475 894 2545 lignis
927 2485 983 2530 et
1019 2478 1072 2529 in
1093 2479 1260 2546 petris
1288 2488 1392 2542 est,
1423 2489 1593 2534 trama
1618 2497 1854 2552 quoque,
1889 2493 1942 2538 et
1972 2494 2083 2538 sta-

492 2565 661 2626 mine,
681 2574 736 2618 et
764 2565 1013 2633 pellibus,
1041 2568 1091 2619 in
1120 2568 1316 2635 quilms
1353 2572 1566 2639 operari
1596 2583 1791 2641 potest,
1815 2575 1909 2629 sed
1943 2586 1994 2630 et
2029 2577 2080 2630 in

491 2652 653 2704 domo
704 2651 938 2720 integra.
988 2653 1349 2725 similiterque
1390 2659 1739 2713 accedentem
1818 2663 2079 2725 vestibus,

490 2757 614 2796 cum
680 2742 734 2795 in
784 2744 933 2797 nulla
990 2744 1091 2798 alia
1117 2746 1220 2800 hoc
1274 2749 1599 2803 custodisset
1642 2752 1980 2821 aegritudine,
2027 2763 2086 2809 ut

492 2835 655 2888 etiam
709 2834 974 2905 pigriores
1024 2836 1347 2906 intelligant,
1382 2840 1744 2910 legislaturem
1808 2843 2082 2914 quidpiam

490 2926 776 2980 sublimius
807 2927 1025 2989 intueri,
1083 2937 1244 2997 atque
1278 2930 1539 2996 divinius,
1586 2933 1885 3004 meliusque
1922 2951 2082 3005 quam

489 3018 682 3072 litterae
744 3019 924 3087 prodit
985 3030 1259 3086 aspectus.
1325 3021 1430 3075 Sed
1519 3032 1575 3076 et
1629 3040 1751 3078 cum
1816 3028 2082 3084 sacerdoti

2189 507 2676 575 comprehensione
2706 507 2973 576 passionis
2999 506 3263 561 ostendit.
3312 502 3427 557 Sed
3462 512 3703 570 tempus
3731 512 3799 554 est

2181 583 2295 666 jam
2333 598 2400 652 ad
2426 598 2589 652 verba
2614 598 2746 668 legis
2781 614 3025 667 pergere,
3059 597 3175 665 ipsa
3205 594 3353 649 enim
3391 593 3569 647 nobis
3600 591 3675 645 ad
3702 593 3797 646 sin-

2192 685 2314 753 gula
2344 685 2504 755 plane
2535 686 2793 740 exhibent
2838 702 3050 741 causas.
3078 685 3482 743 Verumtamen
3518 682 3795 737 auditores

2189 777 2320 831 illud
2352 787 2511 831 antea
2543 787 2937 843 contestamur,
2970 787 3028 833 ut
3052 778 3098 831 is
3126 778 3220 847 qui
3252 777 3477 831 discere
3497 775 3792 835 desiderat.

2188 869 2412 923 minime
2447 870 2815 936 indoctorum,
2852 872 2993 926 sicut
3024 885 3123 940 ego
3150 885 3295 932 Sum,
3324 868 3481 922 dicta
3511 867 3792 937 despic'at.

2188 960 2374 1030 Neque
2404 963 2550 1016 enim
2585 963 2801 1033 propria
2831 962 3065 1017 dicimus
3098 974 3158 1018 ut
3183 962 3413 1016 fallaces
3445 976 3791 1020 accusemur.

2189 1054 2393 1123 quippe
2421 1055 2621 1123 quibus
2649 1070 2815 1124 parva
2852 1055 2922 1108 de
2966 1054 3191 1124 proprio
3234 1050 3794 1109 ministrautur:Dt-i

2187 1153 2369 1199 autem
2398 1156 2499 1211 est,
2532 1147 2622 1215 qui
2649 1146 2740 1201 ubi
2786 1147 2901 1200 vult
2933 1146 3183 1215 inspirat,
3234 1155 3289 1201 et
3318 1146 3415 1215 qui
3468 1145 3689 1213 pueris,
3722 1146 3791 1197 vel

2190 1238 2356 1308 pigris
2385 1240 2717 1303 hominibus,
2754 1239 3025 1309 nimisque
3054 1238 3346 1307 imperitis.
3390 1240 3623 1308 majora
3665 1252 3789 1304 sap:

2187 1346 2348 1399 quam
2381 1332 2663 1401 prophetis
2691 1330 2915 1383 revelat.
2940 1329 3094 1395 Quod
3123 1328 3488 1383 manifestum
3523 1336 3619 1382 est
3649 1343 3715 1382 ex
3736 1342 3789 1379 ee

2187 1425 2329 1491 quod
2360 1425 2593 1493 populus
2615 1424 2705 1478 ille
2734 1422 2920 1477 Iesum
2940 1438 3098 1491 super
3122 1422 3342 1475 asinum
3357 1422 3665 1476 sedentem
3688 1421 3787 1473 Ial-

2187 1515 2344 1574 daus.
2374 1531 2562 1570 vocem
2610 1515 2814 1580 emisit,
2840 1531 2960 1584 ([11:13
2997 1513 3231 1582 amplius
3266 1512 3425 1566 omni
3467 1512 3786 1581 prophetia

2191 1609 2317 1661 tuba
2350 1607 2582 1661 notanda
2615 1607 2708 1660 sit.
2739 1607 2935 1676 Legem
2965 1614 3148 1659 autem
3178 1603 3453 1658 Ecclesiis
3484 1604 3543 1656 in
3573 1603 3787 1671 mystica

2189 1696 2491 1750 ministerio
2533 1697 2696 1749 latam
2749 1696 2902 1749 scitis
2950 1710 3046 1748 vos
3098 1694 3190 1763 qui
3224 1694 3457 1750 servitis
3498 1694 3785 1764 mysteriis.

2185 1788 2536 1855 quamobrem
2563 1802 2671 1840 non
2706 1795 2921 1856 oportet
2962 1785 3315 1855 profanorum
3354 1800 3534 1839 aures
3582 1788 3785 1839 onerari

2186 1878 2385 1935 verbis.
2414 1893 2647 1946 quorum
2677 1877 2962 1946 prophetis
2993 1892 3120 1945 pars
3153 1891 3259 1929 non
3287 1876 3489 1929 omnia
3516 1876 3781 1945 capienti-

2184 1970 2303 2028 bus.
2329 1969 2532 2024 credita
2553 1981 2631 2023 esr
2652 1990 2668 2022 ς
2696 1969 2749 2021 in
2781 1984 2890 2037 quo
2914 1978 2971 2022 et
2999 1984 3099 2038 ego
3122 1966 3286 2021 nimis
3316 1966 3603 2032 admiror,
3627 1977 3685 2022 et
3707 1983 3788 2037 pro

2185 2077 2379 2131 magno
2398 2061 2657 2115 miraculo
2677 2060 2820 2129 quod
2843 2059 3063 2122 accidit,
3092 2055 3303 2113 habeo:
3330 2059 3467 2125 quia
3497 2060 3653 2128 quod
3682 2075 3788 2128 pro-

2188 2154 2403 2223 phetica
2438 2169 2689 2223 vox,qute
2715 2160 2841 2207 ante
2862 2152 3061 2206 multas
3084 2151 3479 2221 generationes
3504 2152 3784 2220 pradicas

2184 2254 2286 2310 est,
2311 2246 2497 2309 latuit,
2522 2244 2751 2311 populus
2774 2245 3023 2299 indoctus
3044 2245 3303 2311 ostendit,
3318 2254 3373 2299 et
3387 2244 3515 2314 ipse
3530 2245 3785 2314 reliquom

2184 2338 2507 2408 iaspiratum
2532 2337 2911 2406 creditumque
2933 2338 3228 2407 capitulum
3264 2346 3372 2399 est,
3397 2338 3480 2392 ita
3503 2346 3570 2392 ut
3590 2339 3788 2393 dicatur

2184 2440 2238 2485 et
2267 2445 2295 2483 a
2324 2430 2482 2484 nobis
2508 2429 2731 2499 aliquid,
2762 2429 2907 2498 quod
2929 2429 3152 2499 quidem
3202 2429 3435 2484 auribus
3478 2430 3785 2484 auditom

2184 2520 2384 2591 prosit,
2426 2521 2659 2575 necdum
2708 2531 2892 2576 autem
2930 2521 3000 2575 ab
3044 2521 3419 2576 anterioribus
3496 2522 3787 2583 dictum,si

2187 2614 2329 2667 Deus
2376 2613 2562 2676 donet,
2618 2621 2676 2667 ut
2694 2613 2932 2668 libenter
2976 2613 3305 2683 suscipiatur
3355 2614 3468 2667 ειη
3518 2615 3638 2684 ipso
3667 2612 3789 2687 ait

2184 2705 2425 2765 vivimus.
2455 2722 2721 2758 movemur
2757 2717 2804 2759 et
2837 2721 3015 2759 sumus
3036 2706 3110 2768 7’;
3137 2706 3280 2759 sicut
3311 2706 3790 2775 praecepitl‘aulus

2185 2798 2349 2851 etiam
2383 2812 2484 2851 nos
2508 2797 2710 2862 dicere,
2743 2805 2967 2853 ettanto
2985 2797 3153 2868 magis
3197 2804 3428 2867 quanto,
3458 2806 3530 2851 ut
3581 2798 3786 2869 guber-

2186 2899 2347 2944 netur
2424 2888 2607 2960 lingua
2671 2898 2856 2944 nostra
2914 2890 2981 2944 de
3017 2890 3175 2952 caelo,
3212 2905 3339 2944 cum
3390 2890 3574 2945 nimis
3635 2890 3791 2944 simus

2187 2981 2410 3046 indocti,
2450 2995 2589 3049 Opus
2635 2980 2922 3034 habemus.
2976 2979 3051 3034 Ita
3075 2996 3132 3032 se
3158 2980 3322 3034 habet
3382 2980 3532 3049 legis
3578 2980 3789 3049 leprosi,

490 3071 791 3162 servaverit
838 3109 1225 3163 discretionem
1256 3129 1269 3164 :
1307 3126 1408 3164 nec
1438 3111 1581 3166 hanc
1621 3122 1780 3179 tacet,
1831 3115 1926 3169 sed
1958 3133 2080 3185 qua:
2107 3106 2149 3162 C
2186 3088 2307 3144 qua:
2326 3072 2394 3128 ab
2413 3088 2533 3143 ipso
2559 3073 2669 3128 Deo
2697 3072 2765 3127 ad
2794 3071 3012 3143 maysen
3038 3072 3180 3126 dm“
3198 3083 3302 3138 es"
3332 3071 3551 3126 hucra'

490 3200 556 3252 al
615 3198 756 3253 hanc
811 3208 937 3253 sunt
980 3201 1308 3265 necessaria,
1355 3217 1454 3270 per
1505 3203 1751 3258 ordinem
1802 3205 2079 3271 describit,

492 3298 551 3341 ut
604 3298 709 3341 tam
771 3288 947 3358 ipsum
1001 3289 1292 3345 constituat
1341 3292 1584 3357 modum,
1632 3310 1740 3362 quo
1787 3296 1972 3350 volens
2017 3297 2083 3353 de

490 3380 577 3433 his
628 3379 871 3447 judicare
920 3381 1133 3445 debeat,
1182 3397 1343 3451 quam
1395 3383 1598 3454 absque
1647 3386 1951 3451 inimicitia,
2000 3390 2082 3444 vel

489 3470 670 3538 gratiae
721 3471 1031 3540 suspicione
1092 3472 1144 3525 in
1201 3473 1406 3541 judicio
1443 3490 1764 3531 conservare
1807 3493 1953 3541 eum,
1994 3480 2081 3549 qui

489 3563 731 3617 incidere
787 3564 944 3618 facile
997 3564 1047 3617 in
1103 3565 1415 3634 lmjusmodi
1461 3577 1671 3637 poterat
1724 3570 2084 3626 existimatio-

486 3670 635 3715 nem,
677 3664 731 3710 et
780 3656 927 3709 hunc
974 3657 1192 3725 quidem
1240 3674 1337 3727 per
1404 3657 1743 3714 inimicitiam
1826 3661 2082 3725 retinere,

487 3748 651 3801 alium
713 3758 895 3803 autem
955 3750 1139 3820 gratiae
1178 3766 1342 3804 causa
1398 3766 1426 3805 a
1478 3753 1731 3822 passione
1789 3755 2083 3817 resolvere,

486 3848 543 3892 ct
599 3840 851 3895 amicitite
905 3842 1269 3910 suspicionem
1318 3843 1467 3908 dare,
1526 3844 1625 3897 nisi
1668 3845 1807 3899 forte
1870 3847 2085 3917 planam

487 3932 554 3984 de
608 3932 687 3985 eis
737 3933 1286 4003 protulisset.lcgcm,
1341 3952 1476 4004 quos
1520 3948 1795 4006 oporteret
1846 3942 2084 4008 separari

487 4038 515 4075 a
551 4022 918 4087 tabernaculo,
960 4033 1147 4093 utpote
1208 4025 1297 4092 qui
1335 4026 1524 4080 morbo
1566 4037 1903 4082 tenerentur.
1938 4028 2089 4095 Quos

488 4119 669 4166 autem
738 4129 927 4168 rursus
999 4116 1348 4169 nmndatosa
1394 4117 1666 4185 passione,
1723 4117 1943 4185 suscipi,
1998 4120 2089 4186 qui

488 4206 649 4257 etiam
689 4220 759 4259 ne
808 4205 926 4274 ipso
988 4206 1141 4259 initio
1177 4205 1317 4260 inter
1354 4205 1619 4274 leprosos,
1671 4216 1726 4260 ut
1773 4209 1839 4261 de
1895 4208 2092 4277 quibus

485 4295 687 4350 frustra
755 4297 993 4365 suspirio
1067 4296 1247 4349 habita
1314 4295 1422 4359 sit,
1482 4299 1833 4366 computandi
1887 4311 2090 4365 essent,

489 4387 707 4454 quando
761 4388 829 4440 de
884 4402 950 4440 eo
979 4403 1098 4439 esse
1149 4387 1481 4441 dubietatem
1533 4389 1647 4456 lege
1719 4406 1935 4459 quoque
1983 4392 2087 4445 lata

490 4477 779 4546 contingit.
825 4478 892 4531 Et
934 4476 1098 4530 nimis
1142 4479 1635 4547 obstupescendum
1681 4488 1781 4543 est,
1826 4485 2090 4552 quemad-

488 4568 707 4621 modum
746 4585 869 4621 emn
926 4569 1022 4637 qui
1061 4569 1112 4622 in
1153 4577 1308 4639 parte
1350 4571 1599 4640 corporis
1650 4572 1857 4640 Icpram
1903 4575 2085 4639 habet,

487 4661 636 4727 ejicit
684 4661 751 4714 de
784 4661 1153 4721 tabernaculo.
1208 4670 1263 4715 et
1302 4676 1479 4731 paena:
1530 4663 1731 4726 subdit,
1770 4679 1896 4718 eum
1960 4683 2091 4721 vero

485 4751 577 4822 qui
623 4760 735 4806 toto
781 4746 1007 4821 corpore
1061 4755 1279 4821 patitur,
1324 4753 1588 4807 mundum
1628 4753 1779 4819 dicit,
1810 4765 1864 4810 et
1909 4772 2094 4825 quem.

487 4844 779 4897 admodum
845 4844 889 4896 si
954 4844 1089 4897 nihil
1134 4844 1359 4898 omnino
1412 4860 1605 4914 passus
1657 4847 1750 4911 sit,
1827 4850 2090 4917 prmcepit

485 4939 738 4993 omnibus
793 4938 1110 5006 permisceri
1183 4938 1535 5008 prmjudicare
1567 4979 1582 5001 ,
1625 4940 1893 5011 siquidem
1944 4952 2093 5009 quo-‘

488 5031 785 5085 dammodo
832 5045 927 5085 eos
957 5030 1050 5099 qui
1104 5046 1170 5083 ex
1202 5041 1357 5097 parte
1400 5031 1596 5101 leprosi
1646 5041 1794 5093 sunt,
1871 5032 2086 5085 videtur

486 5129 541 5175 et
564 5124 793 5178 Suadere
822 5123 887 5177 ad
925 5137 1032 5175 non
1069 5122 1357 5183 orandum.
1391 5132 1449 5175 ut
1482 5122 1549 5176 ab
1577 5122 1801 5177 instanti
1848 5124 2083 5177 liberen-

488 5223 575 5266 tur
602 5214 878 5283 passione,
910 5213 1003 5266 sed
1060 5212 1229 5282 magis
1285 5221 1344 5266 ut
1388 5212 1665 5282 dcpascat,
1733 5215 2081 5285 exundetque

488 5307 666 5374 passio
692 5323 790 5376 per
814 5306 1125 5359 universum
1158 5319 1377 5371 corpus,
1408 5320 1530 5357 nam
1567 5304 1696 5358 illud
1722 5305 1939 5373 quidem
1968 5305 2078 5359 dis-

489 5399 796 5464 citptationc
816 5396 981 5450 multa
1001 5403 1144 5466 eget,
1179 5404 1232 5448 et
1268 5394 1331 5448 ad
1366 5394 1906 5464 districtionemlcgis
1930 5396 2077 5465 Cogit

492 5489 829 5543 sacerdotem
876 5488 1230 5557 iudicantem.
1290 5486 1439 5539 Istud
1483 5494 1664 5539 autem
1716 5484 2070 5554 inculpabilus

490 5578 817 5642 rust0dit,et
846 5577 1031 5631 beatos
1061 5594 1123 5629 ex
1169 5575 1517 5629 u‘mltitudiuc
1546 5575 1907 5643 periculorum
1943 5575 2066 5628 rcd-

596 5757 639 5789 "
672 5759 772 5813 Act
833 5775 959 5824 .\\'Il,
992 5759 1085 5813 ‘28.

2750 3230 2980 3287 CAPUT
3032 3229 3170 3285 XIII.

2262 3367 2419 3423 Vens.
2456 3368 2651 3421 1-17.:
2680 3367 2920 3422 Locutus
2951 3376 3035 3421 est
3055 3366 3320 3420 Dominus
3357 3367 3428 3421 ad
3465 3365 3703 3438 Moysen
3743 3381 3790 3423 ct

2187 3461 2395 3525 Aaron,
2423 3461 2643 3515 dicens:
2680 3459 2850 3513 Ilomo
2882 3460 2937 3512 in
2961 3459 3118 3527 cujus
3147 3474 3311 3511 carne
3358 3469 3420 3512 et
3470 3470 3613 3515 cute
3648 3471 3791 3515 ortus

2197 3552 2362 3605 fuerit
2394 3551 2641 3606 diversus
2670 3549 2840 3614 color,
2872 3551 2987 3604 sive
3019 3549 3257 3619 pustula,
3289 3558 3389 3602 aut
3411 3553 3581 3621 quasi
3610 3552 3791 3608 lucens

2189 3642 2487 3712 quippiam,
2518 3642 2567 3695 id
2592 3650 2697 3707 est,
2744 3641 2895 3712 plaga
2937 3641 3121 3711 Ieprar,
3164 3641 3475 3695 adducetur
3509 3644 3584 3697 ad
3625 3645 3789 3699 Aaron

2190 3734 2548 3796 sacerdotem,
2568 3734 2649 3788 vel
2671 3734 2734 3787 ad
2759 3733 3227 3821 unumquemlibet
3271 3733 3520 3788 filiorum
3543 3736 3687 3805 ejus.
3702 3735 3786 3802 Qui

2191 3844 2315 3880 cum
2348 3827 2548 3880 viderit
2578 3827 2781 3894 lcpram
2814 3826 2869 3879 in
2924 3834 3068 3888 cute,
3104 3835 3158 3880 et
3188 3825 3325 3894 pilos
3354 3824 3413 3878 in
3440 3827 3641 3881 album
3682 3844 3788 3881 mu-

2193 3932 2330 3975 tatus
2352 3920 2610 3982 colorem,
2644 3919 2922 3989 ipsamque
2960 3904 3194 3988 speciem
3243 3918 3412 3985 lepra}
3445 3920 3786 3975 humiliorem

2193 4019 2317 4064 cute
2350 4019 2405 4063 et
2428 4024 2594 4063 carne
2607 4009 2833 4078 reliqua,
2857 4008 3008 4078 plaga
3030 4008 3191 4077 lepra:
3206 4016 3308 4073 est,
3333 4018 3392 4061 ct
3412 4009 3481 4062 ad
3508 4011 3785 4064 arbitrium

2193 4103 2311 4171 ejus
2355 4101 2713 4171 separabitur.
2766 4099 2860 4153 Sin
2917 4109 3110 4154 autan
3146 4100 3335 4153 lucens
3376 4098 3560 4155 fuerit
3593 4103 3785 4157 candor

2198 4200 2249 4249 in
2286 4205 2431 4258 cute,
2463 4208 2565 4247 nec
2587 4193 2844 4246 humilior
2872 4206 3039 4246 carne
3082 4178 3312 4260 reliqua,
3359 4201 3420 4244 et
3466 4192 3570 4263 pili
3606 4193 3783 4247 coloris

2196 4288 2432 4359 pristini,
2468 4285 2854 4341 recludeteum
2906 4284 3161 4338 sacerdos
3208 4291 3420 4352 septem
3478 4285 3703 4347 diebus,
3737 4294 3782 4337 et

2196 4378 2561 4435 considerabit
2595 4377 2681 4431 die
2700 4376 2955 4445 septimo.
3014 4375 3140 4429 Etsi
3192 4375 3416 4444 quidem
3454 4375 3617 4445 lepra
3657 4378 3780 4430 ultra

2194 4487 2300 4525 non
2334 4469 2586 4533 creverit,
2607 4482 2709 4522 nec
2740 4466 3017 4521 transierit
3040 4466 3092 4520 in
3116 4475 3240 4520 cute
3264 4466 3478 4535 priores
3502 4469 3777 4527 terminos.

2190 4579 2380 4618 rursus
2425 4560 2666 4616 includet
2700 4575 2827 4614 eum
2887 4568 3094 4628 septem
3156 4558 3349 4612 diebus
3397 4559 3553 4617 aliis.
3612 4571 3670 4614 et
3708 4560 3779 4613 die

2190 4656 2421 4726 septimo
2446 4652 2904 4722 contemplabitur
2970 4669 2983 4705 :
3013 4652 3058 4705 si
3092 4650 3377 4705 obscurior
3409 4649 3583 4706 fuerit
3618 4652 3772 4722 lepra,

2190 4761 2239 4803 ct
2270 4765 2377 4802 non
2407 4746 2639 4803 creverit
2672 4745 2724 4797 in
2754 4752 2900 4807 cute,
2936 4742 3224 4797 mundabit
3258 4757 3381 4796 eum
3421 4761 3435 4796 :
3478 4745 3618 4812 quia
3674 4758 3775 4797 sm.

2193 4843 2309 4894 bies
2339 4837 2769 4906 cst.lavabitque
2799 4836 2963 4890 homo
2996 4836 3320 4890 vestimenta
3366 4851 3489 4901 sua,
3546 4848 3609 4891 et
3633 4853 3775 4892 mur-.-

2190 4935 2292 4987 dus
2324 4934 2447 4986 erit.
2489 4930 2642 4997 Quod
2663 4928 2705 4984 si
2738 4937 3027 4998 postquam
3048 4944 3077 4981 a
3106 4927 3388 4981 sacerdote
3412 4928 3569 4984 visus
3600 4941 3707 4995 est,
3731 4941 3775 4981 ct

2192 5025 2436 5078 redditus
2465 5021 2766 5083 munditite.
2803 5020 3002 5074 iterum
3025 5019 3175 5090 lepra
3199 5019 3453 5084 creverit,
3481 5020 3776 5077 adducetur

2189 5118 2252 5169 ad
2278 5130 2425 5179 eum,
2454 5124 2505 5168 et
2540 5111 2895 5167 immunditia:
2946 5110 3417 5165 condemnabitur.
3440 5111 3610 5182 Plaga
3632 5113 3775 5184 lepra

2189 5210 2231 5261 si
2277 5208 2442 5262 fuerit
2490 5206 2542 5259 in
2591 5205 2834 5266 homine,
2879 5204 3182 5259 adducetur
3213 5204 3278 5259 ad
3324 5205 3700 5267 sacerdotem.
3730 5215 3774 5257 et

2188 5300 2393 5352 videbit
2416 5313 2565 5353 eum.
2601 5296 2847 5365 Cumque
2878 5295 3027 5349 color
3059 5295 3214 5348 albus
3237 5294 3289 5347 in
3322 5301 3450 5348 cute
3493 5295 3688 5359 fuerit,
3726 5304 3771 5345 et

2186 5391 2502 5456 capillorum
2531 5387 2756 5442 mutarit
2785 5395 3084 5455 aspectum,
3120 5384 3236 5454 ipsa
3254 5398 3478 5454 quoque
3508 5400 3643 5441 caro
3664 5384 3769 5438 vita

2182 5480 2513 5550 apparuerit,
2540 5479 2686 5549 lepra
2708 5475 3075 5530 vetustissima
3091 5474 3453 5544 iudicabitur,
3475 5484 3644 5544 atque
3664 5474 3769 5527 ine-

2180 5578 2266 5629 lzta
2283 5571 2411 5626 cuti.
2431 5568 2830 5626 Contamiuabit
2855 5582 2978 5623 eum
3004 5565 3278 5631 sacerdos,
3301 5572 3355 5620 et
3373 5580 3490 5621 non
3512 5564 3766 5629 recludet.
