3886 6306
57 232 229 291 ΕΞΩ

1290 240 1372 301 ΙΝ
1411 242 1847 305 LEVITICUM.
1887 270 1950 283 --
1984 247 2133 308 LIB.
2178 247 2275 308 IV.

3324 253 3429 320 930

55 341 260 409 quia
297 344 591 415 perspicue
614 345 953 405 immunditia
988 360 1090 405 est.
1121 351 1218 407 Sin
1240 363 1423 409 autem
1446 353 1742 411 emeruerit
1775 362 1813 415 Α
1846 356 2110 427 pluribus,
2136 358 2229 414 sed
2253 357 2413 413 etiam
2437 359 2659 413 omnino
2682 359 2745 413 ad
2771 358 3272 430 interpretationem
3296 380 3427 424 cau-

58 433 470 492 discurrens
492 439 639 509 lepra
674 440 725 494 in
745 451 886 508 cute,
916 452 971 498 et
990 446 1495 517 operueritpmnem
1520 464 1740 503 carnem

60 539 108 579 a
185 529 413 598 capite
449 547 622 601 usque
670 534 737 589 ad
785 536 986 603 pedes,
1040 537 1306 609 quidquid
1359 541 1461 595 sub
1518 552 1739 611 aspectu

61 619 430 674 oculorum
459 623 622 688 cadit,
655 626 1020 682 considerabit
1046 645 1169 684 eum
1197 632 1468 696 sacerdos,
1499 641 1552 687 et
1568 635 1740 689 teneri

66 708 299 778 lepra
332 715 689 770 mundissima
709 717 995 786 judicabit,
1021 735 1088 775 eo
1117 723 1262 791 quod
1307 723 1486 780 omnis
1523 724 1578 778 in
1610 740 1741 779 can-

68 800 339 856 durem
366 820 522 860 versa
553 806 644 871 sit,
672 816 727 862 et
748 809 952 865 idcirco
974 812 1137 866 homu
1153 815 1387 869 mundus
1405 815 1531 870 erit.
1555 815 1739 882 Quan-

71 893 177 946 do
210 910 375 950 vero
402 913 531 954 caro
550 900 810 955 vivensin
836 918 900 957 ea
922 907 1256 974 apparuerit,
1285 914 1412 963 tunc
1441 910 1740 966 sacerdotis

66 984 356 1055 judicio
402 991 695 1059 polluetur,
743 1005 798 1048 et
823 994 965 1050 inter
1009 997 1320 1054 immundos
1374 1004 1735 1071 reputabitur;

77 1092 264 1133 caro
312 1080 461 1135 enim
493 1085 636 1148 viva,
672 1085 715 1138 si
746 1085 894 1155 lepra
931 1099 1267 1159 aspergatur,
1313 1091 1594 1149 immunda
1631 1103 1733 1150 est.

74 1166 304 1233 Quod
330 1171 375 1224 si
401 1188 615 1227 rursum
654 1191 811 1230 versa
849 1176 1015 1232 fuerit
1069 1180 1126 1234 in
1174 1181 1438 1247 alborem,
1479 1194 1536 1238 et
1564 1194 1735 1240 totum

69 1260 429 1331 .hominem
467 1268 762 1334 operuerit,
798 1271 1327 1351 considerahikeum
1368 1278 1641 1340 sacerdos,
1680 1288 1736 1333 et

80 1352 415 1406 mundum
446 1368 569 1408 esse
609 1357 888 1413 decernet.
915 1379 933 1411 ι

184 1439 348 1494 Item
376 1444 676 1498 secundum
711 1446 1065 1519 Septuaginta
1100 1460 1341 1505 textum:

191 1547 217 1579 ι
311 1530 383 1583 Et
426 1530 640 1586 locutus
672 1542 756 1588 est
798 1534 1059 1591 Dominus
1113 1539 1181 1592 ad
1217 1539 1432 1610 Moysen
1472 1551 1528 1596 et
1553 1543 1732 1598 Aaron

88 1620 334 1677 dicens
367 1640 380 1675 :
409 1622 621 1677 Homini
654 1625 743 1680 cui
766 1625 907 1680 facta
930 1626 1093 1684 fuerit
1119 1631 1173 1683 in
1215 1633 1463 1700 pellicula
1486 1637 1733 1705 corporis

1847 450 1915 505 tis
1943 466 2144 522 egens:
2186 468 2349 522 quam.
2375 468 2482 506 non
2505 462 2683 507 tamen
2713 461 2876 508 totam
2907 455 3064 510 nobis
3088 456 3153 511 ad
3188 458 3428 515 medium

1846 542 2070 596 deduxit
2110 544 2292 609 lectio,
2332 544 2427 598 sed
2463 556 2624 613 prout
2655 546 2871 601 auditus
2901 547 3225 617 suscipiens,
3251 565 3426 618 quan-

1846 638 1959 684 tum
1996 631 2251 696 habeant,
2298 641 2352 687 et
2375 634 2582 703 reliqua
2631 636 2870 690 veritatis
2899 636 3139 705 conjicit,
3166 648 3222 692 et
3245 640 3312 693 ad
3338 654 3427 695 se-

1845 721 2138 789 metipsum
2166 722 2369 793 colligit
2394 733 2652 779 mentem.
2686 724 2875 795 Neque
2901 727 3046 780 enim
3082 743 3244 796 parva
3275 745 3424 798 quaa—

1844 805 1976 860 libet
1995 807 2251 862 discenda
2283 820 2428 874 sunt,
2464 811 2557 864 sed
2605 827 2833 880 quorum
2873 827 2902 864 a
2931 811 3039 866 Deo
3065 816 3424 882 prtestolauda

1842 897 1914 953 sit
1940 900 2190 964 scientia,
2223 901 2317 969 qui
2341 902 2542 956 nullius
2576 903 2768 956 horum
2806 903 3012 957 invidet
3032 906 3423 975 cognitionem,

1840 999 1896 1044 et
1931 990 2025 1059 qui
2055 1006 2233 1060 neque
2263 1008 2350 1069 ea,
2375 1009 2494 1062 qua:
2528 993 2752 1062 petitur,
2787 994 3010 1064 indiget.
3039 994 3153 1049 Hoc
3184 996 3423 1051 enimait

1837 1079 2076 1138 Iacobus
2113 1084 2182 1150 ⁷³,
2224 1085 2316 1154 qui
2356 1085 2567 1138 Domini
2618 1087 2786 1140 frater
2824 1095 2907 1139 est
2957 1087 3279 1156 appellatus,
3320 1090 3420 1142 im-

1839 1171 2179 1239 properantis
2209 1186 2331 1227 esse
2360 1173 2661 1242 proprium,
2696 1183 2919 1242 propter
2965 1177 3106 1243 quod
3144 1175 3200 1229 in
3244 1176 3418 1245 ipsum

1837 1260 2175 1317 confidentes
2203 1303 2218 1326 ,
2257 1264 2526 1331 simulque
2567 1264 2622 1317 in
2656 1265 2834 1329 nobis;
2876 1265 3027 1318 dabit
3054 1265 3197 1318 enim
3222 1266 3274 1318 in
3313 1266 3418 1330 bis,

1836 1368 1956 1420 quce
2007 1353 2235 1407 dicenda
2280 1362 2426 1419 sunt,
2473 1355 2722 1424 gratiam.
2773 1356 3280 1424 Interpretationem
3335 1355 3415 1408 ius

1836 1444 2121 1498 choemus.
2140 1444 2555 1499 Ostenditenim
2583 1461 2785 1505 sermo.
2817 1462 2881 1500 ex
2907 1457 3061 1516 parte
3092 1448 3314 1516 quidem
3341 1447 3427 1501 le—

1838 1551 2057 1604 prosum
2086 1534 2334 1592 Judaaum
2367 1540 2649 1608 pupulum,
2693 1548 2882 1608 utpote
2928 1539 2984 1592 in
3035 1549 3189 1609 parte
3236 1548 3420 1594 trans-

1834 1644 2139 1696 gressorem
2172 1630 2325 1700 legis,
2367 1641 2590 1700 propter
2610 1632 2754 1702 quod
2773 1648 2896 1687 eum
2917 1632 3190 1697 sacerdos,
3216 1641 3277 1686 ut
3315 1632 3419 1685 im-

87 1714 253 1783 ejus
289 1714 519 1770 cicatrix
558 1716 1007 1791 signiﬁcationis,
1056 1722 1370 1793 τηλαυγὴς,
1412 1734 1508 1779 aut
1552 1725 1726 1795 αὔγαι-
1763 1720 1802 1774 Β
1834 1720 2119 1784 mundum,
2154 1721 2378 1791 expellit
2414 1739 2427 1775 :
2472 1732 2583 1776 toto
2613 1732 2793 1776 autem
2840 1738 3070 1792 corpore
3117 1723 3418 1792 leprosum,

92 1819 272 1871 σμα,
303 1814 361 1858 et
398 1803 536 1859 facta
565 1805 729 1860 fuerit
759 1808 814 1861 in
854 1809 1104 1877 pellicula
1145 1814 1389 1881 corporis
1427 1816 1547 1883 ejus
1581 1819 1729 1871 cicao

91 1892 228 1946 trix
287 1895 358 1948 ad
411 1897 680 1951 maculam
758 1899 940 1969 leprae,
1011 1912 1067 1957 et
1136 1907 1349 1961 venerit
1417 1908 1484 1962 ad
1543 1911 1721 1965 Aaron

96 1984 521 2052 sacerdotem,
597 1996 691 2042 aut
751 2008 917 2047 unum
1000 1994 1233 2051 ﬁliorum
1282 1999 1402 2067 ejus
1469 2003 1721 2057 sacerdo-

96 2084 266 2140 tem,
303 2084 360 2128 et
384 2076 579 2131 viderit
605 2082 857 2136 sacerdos
906 2085 1171 2139 maculam
1229 2087 1283 2139 in
1327 2089 1574 2157 pellicula
1604 2107 1724 2145 cor-

92 2170 308 2238 poris,
368 2179 424 2225 et
474 2173 643 2243 pilum
690 2177 745 2231 in
783 2181 993 2235 macula
1046 2185 1336 2238 mutaverit
1391 2187 1629 2251 album,.
1669 2198 1724 2244 et

96 2269 397 2329 aspectus
449 2266 677 2321 macula:
722 2269 1067 2347 humiliora
1120 2275 1374 2344 pellicula
1450 2280 1718 2347 corporis,

96 2351 352 2405 macula
387 2353 536 2423 lepra
569 2364 689 2409 est:
721 2367 776 2412 et
820 2346 1028 2415 videbit
1065 2365 1340 2430 sacerdos,
1381 2375 1436 2421 et
1457 2346 1723 2422 contami-

100 2442 293 2531 nabit
322 2458 471 2497 eum.
502 2444 556 2499 Si
580 2456 758 2502 autem
798 2450 1063 2522 αΰγασμα
1090 2456 1275 2511 album
1302 2458 1467 2515 fuerit
1513 2461 1568 2515 in
1608 2464 1722 2531 pel-

100 2529 298 2585 licula
326 2534 573 2622 corporis
606 2538 744 2605 ejus,
774 2548 830 2594 et
853 2540 1110 2597 humilior
1135 2560 1248 2599 non
1279 2545 1443 2602 luerit
1471 2529 1722 2620 aspectus

105 2622 162 2689 ej
173 2638 250 2677 us
269 2639 299 2676 a
315 2624 586 2693 pellicula,
609 2638 665 2683 et
679 2629 822 2699 pilus
846 2634 966 2701 ejus
985 2650 1092 2689 non
1113 2649 1476 2696 commutatus
1488 2643 1652 2698 fuerit
1667 2645 1722 2698 in

104 2712 316 2769 album
342 2715 536 2784 pilum,
567 2718 682 2788 ipsa
712 2731 792 2776 est
823 2723 1077 2779 obscura.
1104 2726 1722 2799 Etseparabitsacerdos

107 2806 403 2861 maculam
426 2818 635 2879 septem
666 2812 880 2876 diebus,
912 2825 966 2870 et
989 2818 1187 2874 videbit
1214 2824 1465 2879 sacerdos
1496 2829 1722 2895 septima

107 2896 241 2962 die,
271 2907 330 2953 et
358 2914 488 2955 ecce
522 2904 735 2957 macula
768 2919 1052 2974 permanet
1083 2919 1272 2967 contra
1317 2929 1465 2983 eum,
1495 2932 1600 2972 non
1627 2919 1719 2974 de—

110 2989 283 3045 cidet
305 2993 519 3047 macula
558 2994 612 3048 in
647 2996 917 3064 pellicula.
946 3001 1009 3053 Et
1028 3004 1300 3071 separabit
1319 3021 1441 3061 eum
1472 3011 1723 3065 sacerdos

1830 1810 2107 1878 gentilem,
2139 1812 2231 1879 qui
2266 1821 2430 1865 totam
2483 1813 2875 1883 transgreditur
2901 1813 3097 1884 legem.
3131 1811 3419 1867 Verumta-

1832 1915 1954 1952 men
1985 1901 2247 1954 mundum
2280 1917 2405 1956 eum
2429 1903 2682 1957 sacerdos
2715 1903 2943 1972 judicat,
2976 1904 3099 1973 quia
3131 1903 3262 1973 legis
3283 1902 3418 1973 jugo

1832 1992 2107 2060 subjectus
2128 2008 2236 2046 non
2261 1992 2385 2046 fuit.
2415 1992 2638 2063 Oportet
2654 2004 2852 2058 autem,
2873 2004 2931 2049 ut
2962 2004 3142 2049 tamen
3160 1995 3419 2061 arbitror,

1829 2084 1983 2152 prius
2001 2085 2193 2140 litterae
2216 2086 2506 2140 decurrere
2525 2086 2945 2155 expositionem.
2979 2087 3068 2142 Sic
3084 2088 3230 2141 enim
3251 2089 3415 2157 spiri-

1832 2178 1993 2233 talem
2033 2178 2364 2233 intellectum
2404 2180 2546 2234 ultro
2574 2180 2926 2250 semetipsum
2956 2181 3292 2252 ingerentem
3326 2197 3415 2235 re-

1828 2270 2104 2338 periemus
2130 2270 2448 2327 :deliciente
2472 2272 2614 2326 circa
2636 2287 2847 2339 causas,
2873 2282 2927 2327 et
2965 2289 3138 2342 usque
3158 2274 3225 2328 ad
3252 2273 3415 2328 linem

1832 2376 2054 2415 sensum
2090 2378 2250 2417 suum
2292 2378 2547 2417 exserere
2575 2379 2683 2418 non
2708 2364 2922 2417 valente
2953 2364 3156 2426 littera,
3183 2363 3325 2417 sicut
3357 2363 3415 2415 in

1829 2454 2085 2521 praesenti
2110 2455 2511 2525 cegnoseimus.
2549 2455 2655 2509 Sed
2684 2454 2918 2524 primum
2956 2454 3078 2524 quis
3118 2454 3190 2509 sit
3210 2454 3302 2523 qui
3329 2452 3412 2507 le-

1828 2559 1949 2614 gem
1975 2543 2100 2610 fert,
2127 2556 2182 2598 et
2203 2546 2269 2600 ad
2291 2561 2451 2615 quem
2480 2545 2738 2615 proferat.
2768 2546 3129 2601 attendamus.

1901 2636 2128 2690 Locutus
2145 2648 2218 2692 est
2239 2637 2494 2691 Dominus
2533 2640 2603 2690 ad
2624 2638 2838 2707 Moysen
2860 2646 2909 2691 et
2946 2638 3144 2692 Aaron.
3180 2638 3413 2704 Quando

1830 2724 2069 2794 loquitur
2092 2728 2251 2789 Deus,
2273 2725 2471 2794 duplex
2496 2734 2581 2780 est
2606 2725 2779 2779 fidelis
2804 2727 3040 2781 auditus.
3072 2726 3215 2781 sicut
3245 2726 3413 2782 David

1830 2818 2092 2887 propheta
2121 2820 2198 2871 ait
2226 2837 2240 2871 :
2268 2815 2440 2871 Semel
2467 2818 2667 2872 locutus
2697 2827 2768 2872 est
2803 2817 2956 2880 Deus,
2987 2819 3090 2871 duo
3116 2819 3225 2871 [nec
3253 2820 3414 2873 audi-

1828 2912 1879 2965 υἱ
1905 2911 1970 2977 ⁷⁸,
2024 2910 2259 2965 litteram
2289 2911 2556 2971 videlicet,
2590 2920 2645 2964 et
2670 2909 2936 2979 spiritum.
2978 2908 3114 2980 Ergo
3160 2911 3411 2981 spiritus,

1832 3011 1891 3057 ut
1928 3003 2227 3058 sublimiori
2273 3002 2484 3073 Moysi:
2538 3002 2769 3057 litteram
2811 3008 3023 3068 autem,
3057 3010 3115 3056 ut
3165 3003 3413 3072 subjecto

106 3089 346 3150 septem
371 3083 564 3140 diebus
593 3089 855 3151 secundo,
874 3098 930 3144 et
962 3091 1164 3148 videbit
1199 3098 1456 3153 sacerdos
1492 3103 1724 3171 septima
1753 3109 1797 3169 (ζ
1831 3097 2007 3149 Aaron
2040 3095 2297 3164 loquitur;
2326 3095 2450 3164 ‘l'lia
2493 3094 2637 3149 enim
2688 3093 2936 3147 sublimis
2962 3102 3078 3147 θ¹³³ί
3106 3093 3332 3165 Μοῖδεὲι
3356 3103 3414 3150 ei

110 3171 205 3225 die
275 3180 537 3240 secundo,
596 3184 649 3230 et
681 3191 809 3232 ecce
860 3180 1092 3237 obscura
1131 3186 1351 3246 macula
1398 3187 1564 3258 lepra:
1615 3206 1725 3246 non

106 3262 340 3321 decidit
373 3267 426 3320 in
461 3267 733 3337 pellicula.
755 3269 819 3325 Et
863 3272 1155 3329 mundabit
1182 3291 1308 3332 eum
1333 3281 1588 3336 sacerdos
1608 3323 1621 3347 ,
1652 3282 1726 3337 si-

108 3356 415 3427 gniﬁcatio
441 3359 589 3413 enim
615 3369 720 3429 est,
749 3371 803 3416 et
830 3361 1024 3420 lavans
1049 3366 1373 3423 vestimenta
1396 3370 1535 3438 ejus,
1567 3387 1727 3425 mun-

110 3449 224 3504 dus
254 3449 386 3503 erit.
419 3449 475 3503 Si
496 3461 677 3505 autem
726 3465 1062 3511 commutata
1092 3458 1297 3513 decidit
1319 3460 1640 3530 significatio
1668 3464 1724 3516 in

113 3541 409 3609 pellicula,
445 3552 730 3612 postquam
752 3546 952 3601 viderit
978 3563 1106 3602 eum
1137 3552 1413 3617 sacerdos,
1444 3560 1501 3606 ut
1531 3569 1723 3608 emun-

114 3632 218 3685 det
265 3631 439 3698 illum,
469 3642 526 3686 et
542 3634 814 3691 videbitur
849 3639 1093 3694 secundo
1124 3643 1414 3706 sacerdoti,
1442 3651 1497 3697 et
1523 3644 1725 3699 videbit

121 3725 414 3790 sacerdos,
446 3733 642 3782 etecce
662 3728 1197 3802 deciditsigniflcatio
1227 3735 1281 3805 in
1312 3735 1472 3804 pelle,
1504 3743 1558 3790 et
1589 3751 1720 3790 con-

123 3816 420 3871 taminabit
448 3833 571 3872 eum
602 3821 871 3885 sacerdos,
911 3815 1057 3892 lepra
1091 3834 1194 3879 est.
1223 3825 1290 3879 Et
1320 3826 1529 3881 macula
1557 3828 1720 3896 leprae

122 3906 169 3960 si
204 3906 374 3961 fuerit
411 3907 480 3962 ad
503 3911 682 3964 Aaron
720 3913 1081 3982 sacerdotem,
1110 3924 1167 3970 et
1206 3916 1408 3971 videbit
1439 3920 1716 3985 sacerdos,

124 4009 185 4052 et
208 4014 343 4054 ecce
380 3999 610 4054 cicatrix
639 4001 758 4056 alba
782 4004 836 4056 in
867 4005 1027 4073 pelle,
1061 4014 1119 4061 et
1136 4006 1254 4062 hrec
1283 4008 1513 4062 mutabit
1546 4004 1716 4077 pilum

123 4092 312 4146 album
365 4107 396 4146 a
445 4106 580 4145 sano
617 4094 799 4147 carius
834 4095 989 4151 vivae.
1009 4096 1064 4151 Si
1103 4098 1534 4165 fueritcicatrix,
1567 4100 1716 4169 lepra

125 4185 435 4240 inveterata
491 4193 576 4238 est
625 4184 679 4240 in
721 4189 860 4257 pelle
923 4191 1167 4261 corporis
1213 4191 1355 4261 ejus.
1408 4193 1476 4246 Et
1524 4203 1717 4247 conta-

126 4276 362 4331 minabit
401 4290 528 4330 eum
565 4279 840 4343 sacerdos,
885 4289 940 4334 et
980 4282 1255 4350 separabit
1302 4298 1427 4337 eum
1471 4284 1564 4353 qui
1609 4285 1712 4338 im-

126 4370 369 4425 mundus
448 4378 550 4425 est.
619 4368 676 4426 Si
741 4382 924 4427 autem
999 4374 1200 4428 florens
1271 4375 1571 4429 eﬂloruerit
1652 4376 1708 4430 in

1830 3197 2115 3256 propterea
2139 3185 2334 3255 dignus
2359 3186 2554 3255 spiritu
2583 3202 2597 3240 :
2626 3184 2877 3239 subditus
2903 3192 3083 3239 autem
3124 3186 3326 3252 Aaron,
3355 3194 3414 3242 et

1830 3285 1990 3345 aptus
2012 3276 2218 3330 auditui
2247 3276 2450 3345 populi,
2471 3275 2678 3346 egentis
2702 3275 2903 3340 littera,
2923 3274 3041 3344 ipso
3064 3276 3176 3330 Deo
3192 3277 3412 3335 dicente

1827 3366 1894 3420 de
1921 3369 2098 3421 Aaron
2125 3366 2192 3421 ad
2221 3366 2433 3438 Moysen
2466 3384 2479 3420 :
2520 3366 2640 3436 Ipse
2663 3365 2906 3436 loquetur
2942 3367 3014 3420 ad
3048 3368 3322 3435 pupulum,
3348 3374 3402 3419 et

1826 3457 1937 3523 ipse
1951 3458 2050 3511 erit
2068 3474 2123 3510 os
2147 3467 2315 3520 tuum,
2335 3467 2391 3510 tu
2413 3467 2590 3511 autem
2613 3458 2660 3511 ei
2683 3458 2786 3510 eris
2806 3457 2861 3510 in
2886 3458 2986 3520 his,
3006 3474 3122 3528 qua:
3143 3460 3212 3511 ad
3238 3460 3408 3514 Deum

1825 3549 2081 3616 pertinent
2122 3549 2187 3602 ⁷⁵.
2221 3547 2359 3618 Ergo
2404 3548 2547 3616 quod
2572 3556 2688 3602 erat
2733 3547 2867 3618 legis
2893 3548 3170 3615 excelsus,
3205 3549 3310 3606 hoc
3334 3550 3404 3605 ad

1825 3640 2044 3711 Moysen
2072 3640 2376 3707 dicebatur,
2410 3641 2527 3710 ipse
2556 3640 2757 3710 quippe
2787 3640 3023 3694 habebat
3047 3655 3130 3704 ea,
3176 3656 3298 3710 quae
3337 3642 3408 3696 ad

1824 3730 1993 3785 Deum
2023 3730 2389 3800 pertinebant.
2413 3730 2465 3785 id
2495 3740 2598 3793 est,
2623 3745 2685 3783 ea
2703 3745 2825 3799 quae
2845 3738 2973 3783 sunt
2987 3730 3230 3799 spiritus.
3250 3730 3406 3796 Quod

1821 3832 2000 3877 autem
2014 3830 2130 3877 erat
2154 3823 2478 3891 subjectum,
2505 3830 2557 3877 et
2579 3822 2856 3880 humilius.
2881 3823 2982 3877 hoc
2998 3823 3063 3877 ad
3082 3822 3407 3894 Aaron,ipse

1820 3915 1968 3968 enim
1998 3913 2195 3985 Moysis
2220 3923 2339 3968 erat
2364 3929 2427 3969 os
2452 3914 2518 3969 ad
2563 3914 2850 3983 populum,
2889 3914 3059 3985 legem
3100 3917 3405 3970 secundum

1818 4007 2054 4061 litteram
2080 4006 2453 4076 accipientem,
2481 4021 2643 4076 quam
2668 4014 2724 4060 et
2751 4005 2976 4075 primam
3004 4020 3105 4060 nos
3133 4020 3406 4074 exponere

1818 4091 2190 4162 promisimus.
2218 4092 2405 4160 Lepra:
2425 4106 2554 4160 ergo
2569 4089 2798 4159 species,
2816 4097 2910 4143 aut
2930 4088 3092 4147 nimis
3108 4096 3200 4142 aut
3227 4091 3407 4145 mode-

1818 4193 1933 4237 rate
1961 4183 2189 4238 obscura
2218 4191 2320 4246 est,
2349 4192 2405 4237 et
2431 4181 2830 4253 quodammodo
2870 4180 3214 4244 obumbrata,
3240 4188 3297 4235 et
3321 4180 3406 4234 in-

1820 4276 1975 4330 terim
2003 4277 2215 4351 occulta
2250 4276 2353 4330 sub
2387 4276 2545 4345 pelle,
2584 4273 2817 4329 necdum
2852 4273 3245 4328 effervescente
3282 4288 3405 4342 pas-

1818 4366 1989 4431 sione,
2004 4367 2357 4436 quamobrem
2376 4375 2431 4419 et
2449 4364 2614 4419 nimia
2633 4364 2840 4435 indiget
2859 4363 3270 4419 deliberatione.
3286 4362 3405 4418 Alia

124 4462 267 4527 pelle
311 4464 483 4533 lepra,
520 4477 577 4520 et
613 4468 891 4537 Operuerit
926 4480 1143 4520 omnem
1176 4466 1370 4535 pellem
1403 4467 1649 4531 maculae,
1678 4484 1708 4520 a
1742 4442 1788 4499 θ
1813 4467 1995 4512 autem
2042 4459 2251 4528 Species
2299 4459 2417 4527 eius
2473 4465 2576 4523 est,
2638 4472 2761 4526 (Ιιιω
2818 4455 2983 4510 nimis
3032 4455 3177 4511 Clara
3217 4463 3321 4520 θεῖ,
3349 4464 3407 4510 ει

125 4556 306 4622 capite
335 4572 509 4626 usque
526 4559 594 4613 ad
632 4560 820 4628 pedes,
860 4574 956 4628 per
986 4566 1158 4611 totum
1190 4559 1363 4611 visum
1391 4559 1709 4625 sacerdotis,

128 4657 184 4700 et
209 4649 411 4703 videbit
449 4652 720 4714 sacerdos,
750 4660 805 4706 et
840 4666 969 4706 ecce
997 4649 1280 4718 cooperuit
1308 4648 1456 4720 lepra
1493 4665 1710 4705 omnem

132 4738 323 4804 pell~m
363 4739 630 4808 corporis.
654 4741 714 4794 Et
736 4740 1019 4795 mundabit
1049 4755 1173 4793 eum
1199 4740 1454 4794 sacerdos
1472 4756 1502 4794 a
1525 4755 1713 4794 macu-

130 4827 200 4892 la,
230 4830 350 4898 quia
389 4839 556 4885 totam
589 4833 944 4886 commutavit
972 4832 1027 4885 in
1064 4831 1210 4894 albo,
1246 4831 1483 4885 mundus
1513 4840 1614 4885 est.
1649 4832 1716 4885 Et

129 4935 451 4992 quacunque
480 4923 568 4977 die
597 4926 913 4993 apparuerit
939 4924 992 4976 in
1020 4938 1086 4976 eo
1121 4937 1322 4990 corpus
1346 4921 1551 4985 vivum,
1581 4938 1715 4977 con-

134 5012 431 5066 taminahit.
496 5015 562 5069 Et
610 5016 818 5071 videbit
854 5015 1109 5069 sacerdos
1149 5027 1348 5081 corpus
1375 5027 1589 5077 sanum,
1615 5014 1716 5065 im-

137 5104 365 5157 mundus
408 5114 514 5170 est,
559 5108 703 5177 lepra
728 5121 831 5162 est.
874 5104 931 5160 Si
978 5114 1159 5159 autem
1201 5104 1511 5159 restitutum
1551 5103 1716 5158 fuerit

133 5208 329 5263 corpus
363 5210 578 5260 sanum,
604 5207 659 5251 rt
689 5207 1084 5253 commutatum
1128 5196 1290 5250 fuerit
1320 5196 1375 5249 in
1420 5195 1626 5256 album,
1661 5203 1716 5264 et

138 5287 315 5343 veniet
348 5289 415 5343 ad
466 5290 828 5355 sacerdotem,
871 5289 1148 5345 etvidebit
1188 5303 1312 5343 eum
1347 5287 1624 5349 sacerdos,
1655 5295 1708 5340 rt

139 5391 261 5433 ecce
286 5387 619 5435 commutata
637 5388 724 5433 est
740 5382 947 5435 macula
965 5381 1084 5450 ejus
1112 5381 1166 5434 in
1195 5380 1398 5442 album,
1423 5376 1710 5431 nmndabit

142 5473 385 5529 sacerdos
419 5473 711 5533 maculam,
742 5480 796 5525 et
824 5475 1057 5527 mundus
1086 5474 1211 5527 erit.
1251 5491 1270 5523 ι

209 5564 477 5619 Profunda
502 5571 604 5626 est,
627 5562 767 5617 sicut
784 5563 982 5625 cernis,
1003 5564 1110 5629 lex,
1133 5574 1187 5618 et
1207 5579 1313 5616 non
1339 5561 1511 5615 solum
1535 5560 1714 5615 verbis

210 5720 384 5778 "Jac.
417 5739 456 5788 ι,
491 5723 541 5787 ὅ,
576 5721 631 5775 6.
736 5717 780 5747 τδ
805 5716 944 5773 Psal.
970 5734 1077 5787 ut,
1117 5719 1198 5773 l2.

1300 5718 1347 5751 ’⁷⁸
1410 5714 1575 5769 Exsd.
1612 5730 1683 5779 tv,
1716 5716 1800 5769 l6.

1814 4550 1973 4604 valde
2018 4549 2328 4618 perspicua.
2374 4547 2447 4602 ita
2496 4557 2557 4602 ut
2606 4548 2833 4617 simplex
2864 4548 2954 4611 sit,
2999 4557 3053 4602 et
3093 4557 3280 4617 aperta
3311 4562 3405 4602 co-

1817 4642 2010 4713 guilio.
2063 4641 2135 4694 Ex
2184 4642 2270 4696 his
2323 4642 2551 4709 primam
2606 4639 2846 4708 speciem
2900 4639 3257 4710 Septuaginta
3310 4655 3401 4694 se-

1818 4735 2057 4788 cundum
2121 4748 2260 4802 quos
2332 4747 2471 4801 pene
2533 4740 2679 4784 totus
2723 4731 2812 4783 hic
2851 4746 3048 4785 sensus
3093 4731 3400 4786 secundum

1820 4826 2056 4880 litteram
2093 4822 2402 4892 exponitur,
2448 4820 2755 4874 cicatricem
2800 4818 3217 4889 significationis
3247 4829 3399 4875 recte

1816 4912 2246 4984 appellaverunt,
2284 4909 2337 4964 id
2377 4916 2484 4972 est,
2516 4906 2849 4972 cicatricem,
2886 4907 3195 4977 passionem
3228 4908 3400 4979 signi-

1816 5008 2089 5060 ﬁcantem.
2147 5001 2206 5056 ln
2255 5001 2392 5056 duas
2431 5006 2614 5053 autem
2664 5007 2850 5069 partes
2891 5000 3052 5064 hanc,
3103 4999 3156 5054 id
3209 5009 3311 5065 est,
3342 5000 3399 5056 in

1815 5099 1980 5154 nimis
2011 5094 2385 5160 dubitabilem,
2417 5101 2471 5148 et
2512 5092 2567 5146 in
2594 5094 2776 5148 minus
2804 5093 3158 5149 dubitandam
3191 5093 3395 5150 divise-

1818 5200 1963 5245 runt.
2011 5187 2089 5243 Ex
2130 5187 2330 5259 quibus
2366 5200 2531 5241 unam
2563 5184 2864 5255 τηλαυγὴν,
2900 5184 3060 5239 aliam
3090 5194 3273 5240 autem
3301 5200 3397 5257 ap-

1816 5284 2157 5352 pellaverunt
2209 5278 2802 5350 αὗγασμαοτη),αυγὴν
2833 5278 3094 5348 quidem,
3150 5279 3275 5349 quia
3327 5279 3396 5335 de

1817 5377 1975 5445 longe
2000 5375 2281 5430 videatur:
2321 5370 2583 5441 αὔγασμα
2605 5379 2806 5436 autem,
2841 5369 2965 5440 quia
3006 5369 3169 5426 nimis
3195 5370 3396 5426 obscu-

1821 5484 1879 5522 ra
1908 5475 2010 5531 est,
2055 5480 2384 5537 parvamque
2430 5463 2594 5519 habet
2626 5463 2894 5533 passionis
2941 5462 3390 5530 insinuationem,

1823 5569 1878 5614 et
1943 5560 2085 5613 hanc
2128 5556 2520 5619 dubitabilcm,
2584 5566 2644 5611 ut
2714 5555 2942 5627 proximi
3003 5555 3395 5627 disceptatione
