3886 6306
526 289 590 354 31
1683 282 2045 344 HESYCHII
2097 284 2574 347 PRESBYTERI

3697 293 3792 355 (εἶξε

488 409 665 475 egeat,
718 407 990 472 quatenus
1038 404 1096 453 et
1125 396 1247 453 luce
1274 392 1548 465 passionis
1578 392 1638 448 hi
1677 394 1770 463 qui
1795 394 2066 464 judicant,
2099 400 2143 455 Δ
2173 396 2358 461 solvit,
2397 407 2451 452 et
2494 397 2588 467 qui
2618 396 2815 453 debeat
2855 414 2885 453 a
2918 399 3037 471 lege
3077 400 3277 455 mereri
3306 400 3791 467 misericordiam,

489 494 635 549 sicut
662 491 714 545 hi
742 490 834 559 qui
871 488 1080 559 lapides
1110 485 1409 556 inspiciunt
1443 483 1734 554 pretiosos,
1760 492 1978 554 egeant.
2010 481 2067 536 In

490 585 596 638 hac
636 582 952 652 frequenter
1000 579 1158 649 jubet
1203 575 1541 632 sacerdotem
1603 574 1975 639 considerare,
2015 581 2072 628 et

491 690 602 729 non
633 673 855 727 credere
895 668 1336 733 obvenientibus,
1369 668 1484 722 sive
1509 668 1926 722 occurrentibus
1957 667 2069 737 pri-

490 781 594 818 mae
636 762 971 833 probationis
1015 760 1350 830 aspectibus.
1402 758 1509 814 Sed
1537 767 1593 813 et
1629 759 1676 814 si
1706 758 2072 814 consideratio

492 853 758 907 cicatricis
799 851 1029 905 necdum
1082 858 1342 919 appareat
1391 849 1650 904 humilior
1694 849 1857 919 pelle,
1891 863 2073 918 neque

492 946 548 999 in
594 946 712 998 loco
760 943 900 1012 pilus
946 950 1316 997 commutatus
1356 957 1386 995 a
1418 940 1673 1011 passione
1703 941 1858 996 albus
1897 940 2073 996 factus

490 1035 673 1092 fuerit.
700 1042 905 1102 septem
938 1041 1121 1087 tamen
1149 1032 1265 1086 dies
1293 1032 1634 1101 separabitur
1658 1031 1725 1085 ad
1755 1031 1913 1085 aliam
1941 1046 2074 1085 con-

490 1126 897 1188 siderationem,
928 1134 984 1178 et
1016 1139 1207 1178 rursus
1240 1123 1374 1177 alios
1403 1132 1613 1193 septem
1650 1123 1768 1178 dies
1795 1144 1807 1178 :
1843 1123 2073 1178 forsitan

490 1215 634 1271 enim
672 1214 1062 1268 effervescente
1104 1228 1202 1282 per
1250 1222 1466 1282 tempus
1505 1211 1791 1282 passione,
1839 1212 2073 1267 manife-

491 1307 624 1361 stior
660 1306 883 1359 morbus
927 1302 1178 1358 efﬁcitur.
1210 1303 1574 1358 Permanente
1620 1312 1801 1357 autem
1842 1305 2073 1375 obscura

492 1398 769 1461 cicatrice,
817 1405 874 1451 et
916 1396 1063 1449 nulla
1094 1396 1233 1450 facta
1284 1395 1341 1449 in
1370 1395 1512 1466 pelle
1536 1395 1962 1465 permutatione,
1996 1394 2075 1449 si-

492 1491 897 1562 gnificationem
925 1489 1081 1554 dixit,
1122 1504 1233 1542 non
1267 1498 1449 1542 autem
1471 1490 1679 1558 lepram
1704 1488 2071 1553 manifestam,

493 1600 616 1638 cum
657 1599 762 1651 qua
809 1581 1264 1653 signiﬁcationem
1313 1595 1427 1634 non
1465 1579 1726 1642 subdidit,
1759 1579 2076 1634 custodiens

493 1691 610 1728 eam
638 1675 719 1727 his
749 1674 838 1743 qui
866 1674 1164 1727 secundum
1204 1671 1456 1741 spiritum
1492 1669 1768 1739 accipiunt
1799 1670 1993 1741 legem,
2021 1678 2076 1724 et

2174 487 2433 557 punitur:
2462 503 2698 559 cumque
2724 490 2923 562 dignus
2948 500 3096 546 esset
3120 493 3330 547 auxilio
3367 501 3620 562 prOpter
3652 494 3796 548 infir-

2172 577 2441 644 mitatem,
2490 580 2595 635 hoc
2622 590 2793 646 caret,
2821 583 3220 654 subjiciturqne
3249 601 3437 639 noue.
3470 585 3591 650 Qui
3618 588 3671 640 si
3712 603 3797 655 po-

2176 669 2368 724 tuisset
2416 672 2693 737 resistere,
2733 690 3011 744 nunquam
3042 676 3091 730 ei
3126 677 3531 746 praevaluissct
3563 678 3798 732 infirmi-

2176 768 2296 815 tas:
2336 762 2540 832 quique
2582 766 2940 834 reprehendit
2984 778 3264 831 naturam,
3312 771 3495 839 cujus
3541 786 3678 823 esse
3723 788 3797 823 ar-

2173 852 2409 908 bitratur
2438 856 2792 911 accedentem
2828 860 3158 925 molestiam,
3185 870 3240 914 et
3290 877 3409 914 non
3454 861 3795 915 intentionis

2174 951 2271 998 aut
2308 944 2608 1002 voluntatis
2652 963 2786 1003 suae.
2838 949 2978 1015 Quid
3022 951 3169 1004 enim
3208 962 3432 1019 ageret,
3490 963 3563 1005 ut
3596 954 3657 1005 ia
3703 956 3797 1008 huc

2173 1049 2286 1089 non
2339 1036 2605 1094 incideret
2676 1041 2905 1096 morbo?
2956 1041 3064 1097 Sed
3111 1043 3190 1097 ait
3238 1045 3541 1113 quispiam
3598 1052 3795 1114 peccati

2174 1123 2497 1189 vindictam,
2545 1127 2630 1181 vel
2688 1144 2906 1198 pennam
2951 1144 3074 1185 esse
3121 1133 3267 1187 hanc
3324 1136 3679 1203 passionem
3708 1155 3723 1189 :
3751 1150 3798 1190 et

2174 1212 2411 1282 primum
2455 1215 2676 1285 quidem
2710 1217 3014 1284 Mariam",
3043 1222 3244 1277 deinde
3274 1223 3484 1279 Oxiam
3509 1227 3562 1257 '”
3606 1243 3799 1296 propo-

2174 1302 2259 1356 nit
2284 1320 2300 1357 :
2331 1320 2564 1372 quorum
2591 1307 2679 1361 illa
2702 1309 2921 1377 quidem
2957 1311 3110 1366 fratri
3146 1314 3429 1381 detraxit;
3454 1318 3562 1371 ille
3589 1330 3807 1387 autem.

2174 1395 2306 1451 dum
2352 1407 2501 1453 esset
2542 1415 2659 1466 rex,
2714 1402 3001 1458 incensum
3050 1406 3258 1463 inferre
3304 1414 3699 1480 praesumpsit
3747 1416 3791 1466 in

2175 1488 2412 1544 sanctis:
2473 1491 2605 1546 solis
2655 1494 2880 1564 .quippe
2935 1497 3040 1551 hoc
3099 1501 3512 1556 sacerdotibus
3586 1505 3789 1568 licebat,

2175 1589 2340 1651 atque
2356 1581 2480 1638 ideo
2502 1599 2610 1638 non
2638 1585 2927 1643 difl'erente
2954 1588 3066 1644 Deo
3089 1606 3309 1660 pinnam
3334 1609 3583 1659 eorum,
3608 1596 3790 1666 leprosi

2177 1671 2363 1727 effecti
2414 1684 2563 1729 sunt.
2619 1677 2762 1748 Ergo
2817 1682 3125 1750 oportebat,
3185 1694 3246 1739 ut
3293 1688 3406 1740 hoc
3462 1699 3679 1757 aperte
3719 1691 3788 1743 lex

492 1766 583 1833 qui
645 1765 788 1833 quod
854 1764 1036 1816 minus
1090 1771 1193 1824 est,
1252 1761 1338 1815 vel
1383 1759 1573 1830 magis,
1604 1759 1758 1822 latet,
1811 1757 2074 1823 revelare,
2112 1776 2153 1832 Β
2179 1760 2387 1817 diceret
2414 1765 2482 1820 ad
2505 1767 2875 1822 excusandum
2911 1769 3299 1841 legislaturem,
3329 1787 3549 1831 contra
3588 1780 3788 1847 eosqui

492 1866 654 1925 atque
695 1856 895 1909 addere
948 1862 1180 1924 possunt
1204 1849 1641 1920 contemplativis
1664 1847 2077 1918 interpretatioo

493 1950 655 2003 nibus
683 1948 929 2019 spiritus.
958 1945 1348 1999 Verumtamen
1378 1956 1492 1996 non
1522 1941 1728 1995 malum
1750 1954 1873 1994 esse
1912 1939 2079 1993 nimis

493 2040 942 2109 significationem
1005 2033 1548 2090 manifestaverunt:
1612 2046 1738 2085 nam
1805 2030 2079 2101 quomodo

492 2130 785 2183 mundatus
837 2135 955 2180 erat
1018 2123 1295 2188 sacerdos,
1343 2122 1398 2176 id
1451 2129 1556 2186 est,
1585 2121 1877 2177 habentem
1915 2133 2079 2173 mun-

491 2223 618 2276 dum
652 2220 1092 2281 denuntiaturus,
1144 2214 1237 2284 qui
1279 2227 1625 2283 nequaquam
1675 2210 1841 2281 hujus
1867 2217 2074 2282 egeret,

392 2297 395 2301 1
492 2313 538 2366 si
577 2327 642 2365 ex
690 2319 803 2363 toto
838 2308 1031 2363 fuisset
1058 2304 1194 2358 liber
1225 2303 1248 2355 ?
1295 2303 1527 2372 Propter
1552 2300 1698 2370 quod
1724 2316 1844 2355 eam
1876 2300 2078 2354 obscu-

491 2420 606 2457 ram
655 2400 968 2473 appellavit,
1006 2414 1110 2452 nec
1150 2410 1343 2451 rursus
1373 2395 1520 2448 inter
1553 2393 1756 2447 munda
1784 2402 1909 2463 post
1932 2391 2079 2462 judi-

492 2495 635 2549 cium
679 2496 722 2548 si
764 2493 901 2547 mala
924 2490 1139 2553 fuisset,
1191 2486 1475 2557 cujusdam
1518 2484 1793 2555 passionis
1830 2483 1969 2537 facta
1996 2489 2081 2536 est

491 2584 838 2657 signiﬁcatio.
885 2583 940 2635 Si
979 2589 1163 2635 autem
1205 2579 1285 2633 sic
1333 2578 1544 2632 habens
1590 2576 1841 2631 incidens
1870 2574 2078 2645 signifi-

492 2679 634 2734 catio
687 2677 742 2729 in
790 2674 1059 2744 pellicula,
1108 2672 1164 2725 id
1195 2681 1299 2734 est,
1332 2669 1379 2722 si
1423 2668 1596 2723 effusa
1645 2667 1830 2729 fuerit,
1869 2674 1925 2721 et
1956 2667 2078 2736 plus

492 2786 654 2841 quam
700 2768 852 2838 prius
902 2766 1063 2819 latior
1117 2764 1173 2817 in
1220 2761 1474 2832 pellicula
1505 2758 1850 2830 processerit,
1881 2767 1939 2812 et
1966 2772 2077 2811 non

493 2863 812 2915 immutatus
856 2856 1018 2911 fuerit
1068 2855 1231 2924 pilus,
1284 2855 1391 2907 hoc
1434 2851 1707 2907 enim'hic
1744 2866 1854 2905 non
1888 2864 2078 2919 repre-

491 2947 703 3013 hendit,
744 2944 935 3015 polluit
977 2957 1104 2997 eum
1150 2942 1426 3008 sacerdos,
1471 2941 1676 3010 lepram
1715 2954 1836 2994 esse
1866 2938 2078 3009 passio-

492 3055 617 3093 nem
651 3037 924 3106 judicans,
961 3034 1131 3105 ipsius
1169 3033 1387 3102 quidem
1429 3032 1739 3102 cognitione
1768 3030 2073 3095 dubitabili,

2179 1869 2305 1907 eum
2352 1864 2546 1924 putant
2593 1857 2795 1928 injuste
2817 1860 2886 1914 de
2914 1861 3143 1931 Ieprosis
3169 1866 3421 1932 sancire,
3460 1876 3533 1922 et
3570 1886 3685 1925 non
3717 1888 3791 1924 Su-

2179 1945 2291 2000 lum
2332 1947 2438 2002 hoc
2477 1949 2546 2003 de
2593 1950 2847 2020 leprosis,
2893 1952 2991 2007 sed
3022 1963 3077 2008 et
3109 1954 3177 2009 de
3220 1955 3312 2009 his
3332 1958 3435 2026 qui
3471 1960 3791 2015 vulneratos

2194 2038 2398 2093 habent
2444 2041 2639 2096 oculos
2684 2057 2781 2096 seu
2834 2044 3084 2108 auditus,
3130 2056 3226 2102 aut
3270 2050 3535 2118 reliquos
3586 2067 3787 2114 sensus

2180 2129 2417 2200 aliisque
2461 2131 2713 2198 infirmis,
2748 2143 2803 2188 et
2848 2135 3154 2206 paralyticis
3202 2139 3614 2196 aestimabitur.
3652 2143 3786 2208 Quod

2180 2219 2545 2274 manifestum
2574 2228 2660 2275 est
2684 2237 2747 2275 ex
2787 2238 2855 2277 eo
2884 2226 3031 2293 quod
3065 2226 3319 2296 discipuli
3353 2245 3582 2286 cmcum
3609 2249 3639 2285 a
3668 2236 3789 2286 nati-

2179 2310 2349 2365 vitate
2386 2311 2660 2377 videntes,
2697 2311 2987 2368 Dominum
3036 2315 3454 2389 interrogantes
3484 2322 3780 2377 dicebant:

2177 2400 2368 2467 Rabbi,
2418 2403 2535 2473 quis
2564 2406 2822 2471 peccauit,
2861 2407 2965 2473 hic,
3007 2418 3101 2461 aut
3135 2421 3386 2477 parentes
3415 2415 3567 2483 ejus,
3609 2426 3667 2468 at
3698 2433 3787 2469 ar-

2180 2509 2271 2547 cus
2303 2497 2701 2550 nasceretur"?
2734 2494 2816 2550 Tu
2849 2509 3031 2553 autem
3057 2501 3193 2555 mihi
3223 2518 3337 2558 non
3371 2506 3599 2562 relidas
3639 2510 3783 2563 Chri-

2180 2584 2245 2636 sti
2302 2587 2724 2656 responsionem
2780 2590 2977 2646 scienti
3039 2594 3259 2663 quidem
3287 2636 3304 2662 ,
3359 2599 3467 2653 sed
3516 2606 3785 2670 qunmodo

2179 2676 2334 2730 multi
2371 2678 2609 2735 habeant
2635 2681 2705 2735 de
2731 2683 3096 2752 passionibus,
3129 2702 3252 2756 quae
3295 2691 3471 2745 nobis
3498 2696 3783 2758 eveniant,

2178 2771 2467 2837 qumrenti.
2512 2771 2620 2827 Sed
2657 2783 2714 2829 et
2742 2775 2861 2846 ipse
2912 2779 3179 2836 Dominus
3218 2800 3233 2836 :
3284 2783 3669 2843 Dimittuntur
3702 2794 3784 2843 tibi

2178 2873 2416 2932 peccata,
2470 2866 2662 2922 volens
2721 2868 2931 2939 erigere
2977 2873 3361 2941 paralyticum,
3414 2878 3594 2932 dixit.
3646 2881 3786 2934 Sicut

2178 2971 2310 3025 ergo
2340 2955 2450 3011 Deo
2487 2958 2736 3027 odibiles,
2769 2962 2934 3017 etiam
2964 2964 3064 3020 hos
3087 2966 3157 3021 de
3189 2969 3559 3027 tabernaculo
3601 2978 3789 3045 expelli

2179 3048 2486 3116 oportebat,
2517 3058 2574 3103 et
2600 3050 2869 3118 iniustitia
2898 3054 3034 3109 levis
3061 3067 3370 3124 putaretur,
3402 3062 3453 3115 si
3492 3064 3590 3117 alii
3626 3067 3785 3121 simul

493 3138 683 3199 αἱροίθ
736 3129 969 3182 Obscura
1018 3125 1315 3178 ειδίείεηιθ
1376 3123 1651 3222 είθδῑιξξεθ·
1706 3123 1842 3222 Allia
1893 3131 2073 3222 al'f‘e'f'
2104 3120 2146 3176 (ἶ
2180 3136 2507 3206 injustitiam
2556 3141 2889 3209 potirentur.
2937 3144 2993 3199 Si
3025 3120 3208 3203 autem
3243 3120 3407 3215 dicis,
3442 3156 3582 3222 quia
3612 3120 3789 3211 enini;

494 3218 814 3275 exsistente,
861 3225 916 3269 et
955 3214 1190 3268 similem
1219 3212 1472 3265 mittente
1496 3211 1669 3281 pilum
1697 3210 1845 3281 pelli,
1886 3210 2079 3279 polluit

492 3308 642 3363 hunc
670 3306 945 3372 sacerdos,
970 3314 1027 3359 et
1051 3302 1394 3358 immundum
1423 3302 1546 3372 ejici
1578 3302 1840 3371 praecipit,
1862 3300 2076 3355 etiamsi

493 3398 658 3454 fuerit
690 3415 817 3469 pars
865 3396 1134 3452 cicatricis
1173 3409 1327 3460 sana,
1378 3402 1434 3449 et
1471 3408 1694 3448 carnem
1746 3394 1951 3447 habens
1998 3393 2079 3447 vi-

490 3500 730 3553 ventem,
785 3489 839 3544 id
869 3497 974 3553 est,
1008 3488 1111 3542 sub
1144 3487 1401 3557 passione
1444 3486 1608 3554 lepra:
1647 3498 1758 3539 non
1809 3483 2080 3538 constitu-

489 3595 623 3641 tam.
663 3585 834 3654 Cujns
866 3591 1048 3637 autem
1080 3581 1157 3637 rei
1193 3581 1400 3636 causa?

562 3673 698 3739 Quia
731 3673 899 3741 lepra,
921 3670 1115 3740 inquit,
1143 3671 1432 3723 inveterata
1451 3677 1546 3722 est.
1577 3667 1968 3723 Admirandum
1996 3674 2081 3721 est

493 3765 618 3828 hoc,
664 3763 1003 3832 nimiamque
1042 3760 1372 3831 imperitiam
1418 3760 1505 3815 vel
1554 3759 1725 3829 magis
1777 3759 2079 3828 reprehen-

491 3860 702 3912 sionem
754 3854 909 3924 legali
957 3854 1211 3923 ingerens
1258 3852 1476 3915 litterae,
1524 3850 1672 3905 unde
1703 3850 1852 3904 enim
1890 3850 2081 3905 debuit

490 3945 747 4001 sanabilis
793 3945 1045 3998 arbitrari
1094 3944 1299 4013 passio,
1332 3943 1388 3997 id
1418 3950 1521 4008 est,
1567 3957 1637 3996 ex
1662 3941 1788 3996 vivo
1825 3954 2077 4010 corpore,

490 4039 719 4107 vivaque
744 4047 943 4093 carne:
975 4036 1127 4091 illinc
1151 4035 1295 4089 illam
1326 4035 1499 4106 magis
1528 4034 1807 4104 desperat,
1842 4033 2078 4103 lepram-

489 4145 594 4199 que
638 4129 995 4184 inveteratam
1030 4126 1162 4182 dicit
1195 4126 1356 4193 Deus,
1404 4126 1458 4181 id
1489 4134 1593 4189 est,
1629 4141 1741 4180 non
1776 4124 2077 4179 sanabilem

489 4239 585 4275 Scll
611 4221 702 4276 diu
742 4228 1078 4280 manentem,
1118 4226 1174 4271 et
1202 4217 1358 4287 quasi
1392 4217 1660 4285 passionis
1697 4223 2075 4270 senescentem

488 4314 630 4366 loco.
665 4312 738 4365 De
771 4312 874 4365 hac
905 4325 962 4365 re
1008 4324 1201 4363 rursus
1233 4311 1338 4364 hoc
1365 4310 1514 4378 quod
1548 4307 1801 4376 sequitur
1828 4307 2078 4363 invenies

486 4402 814 4455 obscurius:
847 4400 971 4468 quia
1034 4413 1157 4452 eum
1191 4399 1283 4467 qui
1342 4407 1455 4453 toto
1509 4398 1759 4467 leprosus
1817 4406 1901 4452 est
1953 4414 2076 4452 cor-
2160 4422 2167 4425 -

489 4506 642 4560 pore,
683 4499 739 4543 et
761 4504 790 4542 a
822 4489 1050 4558 pedihns
1091 4502 1261 4557 usque
1287 4488 1354 4542 ad
1384 4495 1548 4557 caput
1573 4496 1798 4557 opertus
1852 4489 2069 4554 morbo,
2106 4471 2148 4527 υ

488 4582 691 4637 munda
725 4580 894 4634 teneri
943 4580 1114 4650 lepra,
1161 4579 1262 4634 hoc
1283 4579 1350 4635 de
1382 4595 1449 4634 eo
1483 4579 1764 4650 judicante
1794 4580 2076 4636 sacerdote

485 4673 622 4729 vult.

554 4762 614 4819 Si
649 4771 825 4817 autem
854 4762 911 4816 in
946 4778 1005 4816 eo
1046 4762 1210 4816 visum
1243 4762 1401 4834 fuerit
1441 4762 1731 4832 aliquando
1769 4783 1959 4837 corpus
1990 4769 2072 4820 vi-

481 4873 624 4920 vens,
649 4865 850 4911 revocat
870 4855 1113 4909 sacerdos
1127 4854 1389 4924 judicium
1416 4871 1571 4908 suum
1601 4871 1619 4909 :
1646 4865 1693 4909 et
1719 4859 1904 4926 polluit
1927 4874 2067 4912 eum.

485 4948 544 5003 Si
582 4958 761 5003 autem
801 4956 1094 5001 remutatus
1129 4948 1286 5017 fuerit
1332 4949 1389 5000 ir.
1437 4947 1616 5001 album
1649 4989 1665 5013 ,
1704 4959 1751 5002 et
1783 4961 1892 5005 tota
1912 4950 2068 5021 pellis

484 5039 553 5092 ad
597 5040 893 5108 passionem
941 5037 1102 5105 lepra:
1142 5037 1406 5091 translata
1456 5036 1636 5107 fuerit.
1682 5043 1903 5094 mundat
1948 5059 2068 5095 eum

482 5130 746 5188 sacerdos,
793 5129 876 5182 cui
921 5128 1169 5198 judicare
1206 5137 1524 5196 praceptum
1573 5138 1669 5182 est.
1719 5131 1772 5184 Si
1804 5140 1986 5186 autem
2016 5141 2069 5187 et

456 5217 601 5272 -haec
647 5227 793 5273 recte
827 5220 972 5273 dicta
1022 5227 1172 5283 sunt,
1228 5218 1481 5287 quamvis
1532 5220 1637 5274 hoc
1675 5236 1841 5276 nemo
1883 5223 2062 5277 dicat:

482 5324 646 5376 quam
683 5316 864 5363 tamen
921 5309 1350 5363 satisfactionem
1394 5310 1462 5363 ad
1494 5310 1653 5363 aliam
1699 5312 1840 5368 hanc
1885 5331 2068 5384 reprc-

487 5400 808 5454 hensionem
842 5400 1215 5469 reperiemus?
1241 5398 1379 5464 Quia
1408 5400 1659 5470 leprosus
1678 5418 1787 5457 non
1815 5406 2063 5461 volunta-

486 5490 578 5545 riae
623 5491 913 5561 passionis,
961 5492 1055 5546 sed
1101 5507 1264 5561 quam
1318 5492 1522 5547 invitus
1571 5495 1821 5561 sustinet,
1872 5513 2063 5567 paruas

552 5704 596 5738 ἐ
622 5704 782 5760 Num.
814 5722 908 5772 xu,
941 5706 1006 5759 l0
1033 5721 1183 5777 seqq.

2184 3226 2348 3281 modo
2370 3226 2425 3279 in
2455 3227 2540 3282 his
2570 3231 2922 3298 passionibus
2947 3248 3170 3305 peccata
3206 3242 3551 3311 puniuntur,
3586 3263 3715 3301 nam
3740 3261 3787 3301 et

2181 3331 2307 3371 eum
2343 3319 2439 3389 qui
2469 3320 2673 3392 ﬂuxum
2703 3325 2931 3381 seminis
2954 3330 3179 3397 patitur,
3205 3348 3236 3385 a
3264 3334 3643 3394 tabernaculo
3674 3359 3789 3411 pru-

2182 3406 2353 3472 hibet,
2387 3418 2443 3462 et
2464 3425 2584 3465 eam
2618 3428 2741 3481 quae
2765 3412 2970 3470 fluxum
2998 3419 3203 3487 patitur
3227 3425 3524 3494 sanguinis
3544 3466 3563 3490 ,
3602 3406 3785 3484 verum

2179 3500 2400 3569 quidem
2437 3502 2596 3568 dicis,
2624 3507 2721 3560 sed
2752 3522 2861 3561 non
2889 3509 2994 3564 hoc
3024 3519 3131 3565 tam
3161 3515 3470 3571 satisfactio
3491 3528 3601 3579 est.
3630 3538 3784 3590 quam

2180 3603 2370 3643 rursus
2411 3591 2517 3644 alia
2583 3594 2870 3663 scriptoris
2927 3602 3239 3666 accusatio,
3288 3605 3383 3673 qui
3424 3612 3786 3666 necessitates

2179 3690 2390 3738 naturae
2438 3685 2809 3751 condemnat,
2862 3706 3000 3757 quas
3040 3692 3329 3749 defensare
3377 3698 3681 3766 debuerat,
3731 3718 3781 3760 ut

2179 3789 2290 3828 non
2316 3773 2588 3832 factorem.
2608 3777 2664 3832 in
2693 3782 3037 3838 naturalibus
3065 3787 3529 3847 accusationibus
3552 3794 3781 3863 injuria-

2179 3873 2283 3919 ret.
2316 3866 2683 3932 Quamobrem
2717 3876 3025 3930 necessaria
3054 3879 3213 3933 nobis
3242 3889 3327 3934 est
3376 3890 3779 3957 contemplatio

2178 3954 2332 4046 legis,
2387 3966 2442 4012 et
2492 3959 2615 4013 vitii
2678 3962 2943 4031 spiritalis
2995 3965 3414 4039 interpretatio.
3468 3954 3777 4049 mentisque

2178 4047 2399 4102 oculum
2449 4058 2666 4120 oportet
2721 4054 2878 4109 oculo
2918 4057 3100 4113 carnis
3148 4076 3517 4130 praeponere,
3570 4079 3636 4122 ut
3686 4047 3777 4123 hoc

2179 4139 2401 4207 quidem
2449 4140 2522 4195 ad
2562 4141 2982 4214 intelligentiam
3020 4162 3210 4203 eorum
3255 4167 3380 4220 quae
3427 4158 3773 4224 sanciantur,

2179 4233 2273 4287 illo
2317 4251 2449 4290 vero
2494 4247 2713 4292 utamur
2758 4240 2827 4296 ad
2857 4242 3167 4314 legendum.
3218 4246 3383 4320 Legis
3416 4267 3556 4323 ergo
3589 4272 3772 4312 rursus

2179 4334 2518 4393 proponatur
2546 4326 2767 4383 littera.‘

2254 4415 2479 4471 Locutus
2518 4425 2595 4472 est
2626 4419 2881 4476 Dominus
2908 4425 2982 4478 ad
3017 4428 3231 4495 Moysen
3257 4440 3305 4483 et
3336 4430 3526 4488 Aaron
3565 4437 3766 4493 diem:

2181 4509 2348 4563 "omo
2392 4511 2447 4564 iu
2473 4511 2625 4579 cuius
2652 4529 2813 4568 carne
2835 4524 2883 4569 et
2906 4525 3023 4570 cule
3046 4528 3191 4573 ortus
3221 4522 3379 4590 fuerit
3411 4526 3658 4582 diversus
3687 4548 3764 4583 co-

2179 4603 2278 4668 lor,
2301 4604 2408 4658 sive
2444 4606 2681 4673 pustula,
2717 4618 2811 4660 aut
2855 4611 3009 4679 quasi
3040 4611 3218 4668 lucens
3258 4616 3564 4686 quidpiam,
3595 4624 3649 4675 ia
3677 4635 3761 4685 est,

2176 4693 2336 4762 plaga
2386 4694 2563 4764 lxprte,
2623 4698 2916 4752 adducetur
2974 4703 3047 4755 ad
3096 4703 3275 4757 Aaron
3313 4711 3763 4778 mcerdotesr,rrl

2175 4798 2339 4834 unum
2368 4783 2643 4846 quemlibet
2664 4784 2895 4853 ﬁliorum
2918 4789 3052 4858 ejus.
3079 4790 3183 4854 Qui
3208 4809 3327 4847 cum
3354 4796 3550 4852 viderit
3578 4801 3761 4870 lepram

2102 4944 2111 4949 ί
2172 4874 2227 4925 in
2267 4884 2399 4941 cule,
2435 4886 2484 4929 et
2510 4875 2641 4945 pilos
2667 4878 2723 4930 in
2748 4878 2930 4933 album
2956 4890 3184 4938 mutatos
3210 4885 3458 4954 colorem,
3498 4890 3762 4960 ipsamque

2170 4962 2393 5026 speciem
2414 4962 2574 5033 lepra:
2602 4966 2933 5021 humiliorem
2949 4981 3067 5024 cule
3094 4984 3145 5025 et
3176 4991 3336 5029 carne
3354 4978 3585 5048 reliqua.
3612 4987 3756 5049 pler

2172 5049 2330 5119 lepra'
2371 5062 2466 5115 est,
2502 5064 2551 5107 et
2578 5057 2649 5109 ad
2681 5056 2963 5112 arbitrium
3002 5061 3117 5130 ejus
3141 5067 3501 5132 separabitur.
3545 5069 3756 5141 Simpli-
3848 5072 3849 5091 ‘

2170 5142 2325 5208 citer,
2353 5158 2447 5197 seu
2478 5147 2806 5213 generaliter
2834 5150 3112 5207 hominem
3141 5156 3326 5212 divina
3354 5159 3648 5232 Scriptura
3673 5182 3755 5233 ap-

2169 5229 2337 5298 pellat
2365 5246 2512 5296 eum,
2554 5233 2645 5300 qui
2676 5235 2772 5288 Dei
2802 5236 3115 5307 imaginem,
3147 5251 3204 5297 et
3236 5256 3440 5301 nostra:
3471 5229 3750 5307 conservet

2168 5329 2379 5375 natura:
2409 5320 2747 5389 dignitatem.
2800 5326 3030 5397 Pr0pter
3059 5334 3204 5401 quod
3235 5337 3364 5391 audi
3397 5338 3746 5410 Sapientem:

2169 5410 2419 5482 Magnum
2437 5422 2520 5467 cst
2547 5412 2725 5482 homo,
2747 5419 3040 5486 pretiosum
3062 5424 3142 5477 vir
3162 5426 3477 5484 misericors
3494 5474 3511 5499 ,
3548 5434 3598 5487 in
3628 5434 3748 5487 Pro—

2168 5504 2372 5560 verbiis
2401 5505 2695 5562 dicentem.
2738 5509 3021 5568 llominem
3066 5531 3198 5573 vero
3235 5519 3478 5591 aliquem
3502 5536 3745 5596 peccato-

1286 5710 1330 5741 "7
1379 5711 1421 5764 11
1455 5712 1627 5766 Parui.
1664 5729 1807 5782 xxvr,
1844 5716 1928 5772 l9.
2008 5719 2049 5749 ⁷³⁵
2082 5719 2239 5775 Joan.
2277 5723 2403 5785 me.
