3886 6306
72 301 215 364 933

76 425 252 476 rem,
293 406 451 479 quasi
474 405 614 461 male
647 404 938 459 formatum
966 401 1234 456 numisma
1271 399 1549 464 describit,
1578 396 1718 468 quod

78 500 383 571 exprimit
420 500 474 553 in
528 496 806 568 parabolis
859 495 1158 559 Dominus,
1200 493 1419 547 dicens:
1476 486 1718 545 Hominis

82 596 406 664 cujusdam
446 593 622 647 divitis
664 591 846 645 uberes
892 591 1092 660 fructus
1120 604 1246 659 ager
1275 588 1475 649 attulit,
1500 596 1545 638 et
1575 586 1719 655 rogi-

88 688 268 741 tabat
304 688 450 739 intra
492 701 549 738 se
583 685 758 738 dicens
782 698 800 735 :
836 681 978 748 Quid
1020 681 1239 750 faciam,
1280 680 1404 749 quia
1436 695 1535 731 non
1557 677 1718 729 habeo

90 792 217 846 quo
249 792 561 846 congregem
603 775 803 843 fructus
845 772 1021 825 meos?
1050 770 1117 823 Et
1150 770 1324 822 dixit:
1355 765 1467 820 Hoc
1497 768 1713 836 faciam,

95 869 400 920 dcstruam
427 866 614 919 horrea
644 882 782 926 mea,
808 872 856 917 et
889 861 1095 930 majora
1116 860 1332 932 faciant,
1368 868 1415 911 et
1441 858 1567 911 illuc
1593 874 1716 909 con-

98 958 357 1029 gregabe
381 958 578 1023 omnia,
610 952 728 1026 qua?
758 964 886 1008 nata
928 963 1048 1009 sunt
1085 954 1232 1016 mihi,
1264 961 1311 1005 et
1336 950 1470 1004 bona
1498 967 1635 1014 mea,
1670 959 1719 1002 et

99 1051 302 1103 dicam
332 1050 527 1103 animm
565 1065 694 1104 metu
717 1066 733 1102 :
760 1050 974 1115 Anima,
1002 1047 1159 1101 habes
1188 1047 1355 1101 multa
1382 1046 1514 1099 bona
1546 1046 1717 1114 posita

102 1145 171 1195 in
198 1160 376 1195 annos
414 1142 692 1212 plurimos,
746 1143 1024 1212 requiesce,
1077 1140 1306 1205 comede,
1351 1138 1481 1204 bibe,
1529 1139 1715 1205 epula-

109 1235 296 1290 τετυ.
341 1234 411 1288 Et
440 1250 666 1289 rursus:
706 1233 875 1286 Homo
906 1233 1122 1303 quidam
1158 1230 1498 1285 descendebat
1534 1229 1598 1282 ab
1624 1229 1718 1282 Je-

108 1327 364 1380 rusalem
389 1328 445 1378 in
474 1324 704 1390 Iericho,
733 1334 783 1378 et
811 1325 992 1378 incidit
1021 1324 1077 1376 in
1103 1322 1332 1376 latrones
1367 1337 1384 1374 :
1433 1322 1523 1392 qui
1559 1322 1718 1374 etiam

111 1417 558 1486 despoliaverunt
615 1432 755 1481 eum,
814 1424 860 1468 et
915 1413 1088 1484 plagis
1152 1413 1406 1482 impositis
1454 1413 1716 1473 abierunt,

112 1508 378 1560 semivivo
442 1507 703 1560 relicto".
769 1504 827 1558 In
888 1513 1122 1573 utroque
1175 1512 1357 1557 autem
1429 1516 1717 1572 personam

116 1598 364 1667 suscipit
407 1597 733 1668 peccatoris.
776 1596 932 1663 Quod
964 1604 1144 1650 autem
1170 1595 1224 1648 in
1259 1594 1362 1648 Job
1403 1595 1721 1648 continetur

120 1689 385 1755 historia,
429 1689 566 1742 nihil
613 1689 790 1744 oberit
838 1687 1077 1742 nostris:
1121 1687 1247 1757 quia
1292 1686 1480 1740 dicens
1519 1699 1721 1739 secum

121 1782 268 1835 dum
299 1780 655 1849 Septuaginta
681 1798 695 1831 :
732 1778 898 1833 Homo
923 1779 1142 1850 quidam
1166 1787 1279 1832 erat
1300 1776 1353 1830 in
1388 1788 1528 1830 terra
1561 1776 1719 1828 Ausi-

124 1873 265 1937 tide,
301 1872 444 1925 illico
473 1871 777 1941 subjunxit.
808 1871 893 1923 cui
918 1886 1105 1924 nomen
1136 1878 1251 1923 erat
1286 1868 1461 1923 Job”.
1493 1868 1720 1921 Addita-

129 1972 322 2017 mento
361 1964 559 2033 quippe
588 1962 845 2028 nominis,
890 1959 1310 2032 insigniﬁcatum
1343 1975 1468 2014 eum
1498 1957 1591 2028 qui
1626 1958 1719 2012 de-

126 2054 495 2120 scribebatur,
548 2054 772 2108 minime
821 2052 1131 2121 dereliquit.
1178 2050 1340 2105 Pellis
1373 2058 1575 2114 autem,
1624 2063 1719 2101 seu

128 2148 278 2201 cutis
299 2148 538 2214 nomine,
562 2163 710 2203 nunc
735 2130 1161 2216 uniuscujusque
1195 2157 1342 2210 caro,
1368 2160 1515 2198 nunc
1540 2152 1718 2195 autem

130 2242 261 2307 ejus
291 2238 605 2309 designatur
637 2238 908 2307 cognatio.
948 2236 1176 2307 Propter
1206 2236 1350 2306 quod
1380 2235 1431 2288 in
1457 2234 1598 2287 libro
1623 2233 1721 2287 Iob

133 2346 208 2384 ex
252 2347 483 2400 persona
523 2331 720 2385 diaboli
750 2328 1093 2399 decipientis,
1127 2344 1189 2383 ea
1220 2343 1338 2398 qua:
1364 2327 1482 2381 viro
1510 2326 1583 2379 illi
1611 2325 1721 2378 lor-

138 2422 356 2476 tissimo
401 2430 703 2476 evenerunt
749 2431 897 2488 tunc,
928 2420 1149 2490 quando
1182 2436 1305 2474 cum
1339 2419 1442 2472 alia
1470 2419 1722 2473 substan-

137 2515 239 2580 tia,
285 2514 444 2581 ﬁlios,
501 2514 740 2585 ﬁliasque
766 2515 909 2584 ejus,
954 2514 1175 2568 domum
1208 2527 1372 2581 super
1402 2527 1497 2566 eos
1533 2510 1721 2579 sepul—

142 2613 281 2658 tura:
324 2605 443 2659 vice
495 2620 792 2675 congerens
843 2596 1182 2673 disperdidit,
1239 2603 1474 2657 dicitur:
1524 2600 1721 2654 Pellem

137 2709 240 2761 pro
268 2692 420 2761 pelle,
458 2702 506 2745 et
539 2700 723 2744 cuncta
756 2707 873 2760 qua:
900 2690 1052 2744 habet
1087 2692 1258 2754 homo,
1292 2689 1436 2742 dabit
1473 2704 1568 2757 pro
1599 2687 1721 2740 ani-

140 2801 233 2837 ma
282 2784 473 2837 sua“:
512 2783 564 2837 id
602 2791 706 2848 est,
738 2782 933 2851 pellem
976 2783 1199 2851 quidem
1239 2782 1579 2851 cognationis
1626 2795 1723 2850 per

144 2874 283 2926 tilios
311 2872 566 2941 perdidit,
594 2871 689 2925 sed
715 2881 900 2925 tamen
929 2871 1125 2926 sullicit
1149 2871 1218 2936 ei,
1245 2871 1388 2939 quod
1422 2871 1575 2938 pellis
1600 2885 1722 2923 car-

145 2956 235 3018 nis
265 2963 378 3030 ejus
401 2963 548 3017 salva
581 2969 686 3027 est,
716 2961 1049 3030 minimeque
1076 2957 1481 3030 corrumpitur."
1497 2958 1724 3028 Propter

144 3056 292 3125 quod
317 3054 589 3109 subdidit:
627 3053 874 3123 Alioquin
904 3054 1048 3106 mitte
1071 3069 1286 3106 manum
1314 3062 1461 3111 tuam
1490 3060 1538 3105 et
1571 3061 1725 3121 tange

147 3166 208 3200 us
242 3145 369 3215 ejus,
408 3156 455 3199 et
494 3162 729 3210 carnem,
784 3153 832 3198 et
874 3155 995 3197 tunc
1045 3144 1237 3197 videbis
1278 3144 1415 3213 quod
1455 3143 1510 3195 in
1538 3143 1728 3212 faciem

148 3239 418 3293 benedicat
446 3236 560 3291 tibi.
596 3236 752 3302 Quod
781 3245 962 3291 autem
998 3246 1180 3290 nostra
1209 3235 1373 3289 editio
1405 3236 1569 3289 habet
1607 3253 1620 3289 :

224 3330 385 3383 Homo
412 3331 466 3381 in
498 3328 650 3397 cujus
680 3344 840 3380 carne
900 3336 948 3380 et
973 3336 1091 3380 cute
1122 3336 1266 3380 ortus
1306 3327 1464 3397 fuerit
1499 3328 1729 3379 diversus

152 3425 311 3485 color,
363 3424 468 3476 sive
507 3421 743 3488 pustula,
793 3429 887 3473 aut
927 3421 1079 3490 quasi
1125 3419 1300 3472 lucens
1348 3420 1639 3490 quidpiam,
1676 3419 1732 3471 id

153 3525 227 3569 est
267 3515 421 3585 plaga
458 3514 638 3583 [αρν-ιιι,
680 3511 1035 3583 Septuaginta
1072 3511 1504 3565 transtulerunt:
1546 3510 1732 3563 Homi-

155 3607 211 3658 ni
245 3607 286 3658 si
328 3605 411 3657 cui
438 3606 577 3675 facta
609 3604 767 3674 fuerit
806 3604 862 3655 in
896 3600 1145 3672 pellicula
1193 3603 1425 3671 corporis
1447 3602 1560 3671 ejus
1591 3602 1732 3654 cica—

157 3698 262 3750 tria:
286 3697 687 3766 signiﬁcationis
727 3710 1006 3764 apparens.
1035 3692 1268 3748 Cicatrix
1296 3692 1730 3764 signiﬁcationis,

153 3795 433 3855 peccatum
474 3785 758 3855 signiﬁcat,
815 3800 881 3839 ex
928 3784 1014 3838 bis
1053 3800 1172 3853 quae
1214 3792 1499 3853 apparent,
1554 3783 1733 3837 mani-

156 3876 377 3942 festans,
414 3877 558 3945 quod
589 3876 860 3930 occultum
890 3883 992 3941 est,
1020 3883 1074 3928 et
1100 3875 1274 3928 latens
1300 3874 1496 3928 anima:
1517 3875 1730 3929 vitium.

158 3968 234 4021 Ac
269 3966 463 4020 deinde
492 3965 803 4020 cicatricem
850 3966 991 4018 hanc
1014 3964 1233 4033 quidem
1261 3964 1560 4034 τηλαυγήν,
1590 3965 1731 4016 illam

157 4068 332 4114 autem
357 4059 648 4127 appellavit
676 4056 966 4129 αῠγαςμαε
998 4059 1126 4128 quia
1158 4066 1442 4126 peccatum
1474 4057 1578 4110 hoc
1606 4057 1731 4126 qui-

160 4151 280 4204 dem
315 4159 501 4219 aperte
534 4164 597 4203 ex
643 4163 723 4212 se,
759 4158 814 4203 et
843 4150 960 4203 sine
989 4150 1170 4218 aliqua
1213 4147 1605 4219 dijudicatione
1636 4148 1733 4201 de-

162 4260 413 4314 nuntiant
468 4260 569 4330 ipsi
595 4268 776 4314 motus
795 4261 1009 4316 animae.
1038 4260 1164 4316 llaec
1195 4269 1398 4326 autem,
1429 4261 1734 4316 necessaria

162 4351 380 4415 habent,
413 4360 564 4406 extra
594 4352 737 4420 quod
768 4352 944 4405 lucem
984 4352 1286 4420 peccatoris
1318 4350 1443 4421 quis
1486 4350 1651 4417 videt,
1681 4359 1736 4405 et

163 4445 642 4499 considerationem
663 4444 963 4513 judicantis
991 4444 1149 4513 quale
1183 4444 1274 4510 sit,
1306 4452 1489 4498 utrum
1547 4459 1734 4497 verum

166 4552 229 4590 an
263 4537 473 4591 falsum.
509 4536 564 4590 Si
592 4552 721 4608 ergo
742 4536 1034 4607 peccatori,
1064 4536 1205 4590 sicut
1234 4536 1474 4605 praedicti
1503 4535 1736 4606 Septua-

165 4627 304 4699 ginta
339 4628 528 4695 edunt,
559 4629 784 4683 cicatrix
813 4628 1228 4698 signiﬁcationis
1251 4628 1305 4681 in
1335 4629 1584 4697 pellicula
1612 4643 1735 4682 cor-

166 4723 306 4792 poris
332 4723 411 4788 ﬁt,
434 4723 686 4778 videlicet
714 4731 995 4793 peccatum
1026 4723 1079 4776 in
1097 4737 1282 4788 carne,
1306 4723 1450 4792 quod
1472 4723 1738 4794 signiﬁci-t

168 4816 394 4869 animam
421 4830 637 4885 quoque
666 4815 900 4885 compati
941 4815 1189 4883 corpori:
1218 4822 1303 4868 est
1324 4824 1503 4869 autem
1534 4814 1737 4883 τηλαυ-

166 4911 265 4980 γής
313 4910 434 4975 hoc,
482 4919 578 4965 aut
627 4909 912 4980 αὕγασμα,
972 4909 1023 4963 id
1053 4916 1154 4972 est,
1194 4915 1289 4961 aut
1318 4908 1482 4962 nimis
1515 4911 1743 4979 manife-

167 5013 326 5065 stum,
364 5011 458 5057 aut
485 5002 827 5074 inspicientis
849 5016 1016 5071 egens
1046 4998 1443 5067 disceptatione
1474 5018 1487 5051 :
1531 5002 1610 5057 sic
1634 4990 1747 5059 hoc
1841 4987 1991 5049 ham,
2019 4990 2081 5036 θι

169 5095 221 5148 in
267 5097 531 5150 maculam
564 5096 729 5165 lepra:
758 5094 1068 5150 habebitur.
1107 5092 1335 5160 Lepram
1373 5101 1555 5145 autem
1589 5093 1749 5148 intel-

169 5183 382 5255 ligimns
409 5185 538 5254 legis
563 5185 1054 5256 transgressionem
1083 5199 1096 5237 :
1139 5181 1265 5250 quia
1294 5180 1748 5249 quemadmodum

172 5278 431 5345 leprosus,
460 5275 587 5329 dum
614 5284 757 5328 totus
784 5274 852 5329 sit
879 5289 1065 5335 sanus,
1090 5288 1152 5327 ex
1181 5279 1334 5341 parte
1358 5271 1536 5341 aliqua
1559 5274 1740 5343 lepro-

173 5383 261 5423 sus
310 5367 511 5429 lactus,
563 5365 700 5419 nihil
743 5367 965 5435 juvatur
1004 5380 1067 5417 ex
1105 5364 1279 5417 salute
1339 5364 1566 5418 minime
1614 5366 1740 5420 lacti

175 5458 364 5529 leprosi
411 5456 674 5526 corporis,
722 5458 816 5511 sed
860 5466 1172 5512 removetur
1212 5472 1241 5509 a
1275 5456 1650 5517 tabernaculo,
1685 5468 1745 5513 ut

174 5548 523 5615 immundus;
574 5548 652 5603 sic
706 5554 761 5601 et
804 5546 894 5615 qui
960 5545 1092 5616 legis
1137 5553 1407 5615 prmcepta
1454 5560 1521 5599 ex
1566 5545 1745 5615 aliqua

245 5679 308 5711 ⁷⁸·
338 5678 472 5733 Luc.
512 5696 607 5743 χιι,
661 5677 851 5733 16-19.
940 5679 982 5708 τ’
1013 5677 1140 5732 an.
1174 5696 1226 5739 κ,
1265 5679 1352 5732 50.

179 5743 219 5776 ⁸⁸
250 5748 401 5804 Rom.
437 5766 496 5817 ιι,
532 5752 613 5804 16η
693 5751 738 5781 ⁸⁸
765 5750 784 5801 ι
815 5750 943 5803 Cor.
977 5764 1067 5814 vn,
1110 5749 1189 5801 I7.

1269 294 1353 354 ΙΝ
1400 289 1846 355 LEVITICUM.
1873 316 1940 326 —
1981 290 2127 350 LIB.
2168 290 2271 352 IV.

1468 5680 1511 5711 ⁸³
1540 5681 1641 5735 Job
1672 5699 1707 5745 ι,
1738 5682 1786 5736 l.

3297 290 3406 357 934

1751 401 1792 455 Α
1827 397 2219 469 transgreditur
2259 403 2431 465 parte,
2479 394 2618 450 nihil
2659 410 2723 450 ex
2755 397 2998 452 custodia
3042 399 3277 453 mandati
3309 400 3404 469 ju-

1821 499 1977 542 vatur
2004 489 2265 543 alterius:
2299 486 2400 551 Qui
2426 486 2571 540 enim
2617 497 2782 541 totam
2813 488 2976 559 legem
3006 490 3249 556 custodit,
3284 505 3406 558 pec-

1821 586 1902 629 cat
1932 591 2104 630 autem
2134 578 2189 629 in
2216 568 2339 640 uno,
2377 575 2552 643 factus
2581 584 2654 629 est
2677 577 2911 630 omnium
2950 594 3067 630 reus
3083 574 3153 629 “.

1890 690 1990 741 llic
2008 689 2076 741 ad
2108 688 2286 740 Aaron
2324 687 2643 740 sacerdotem
2676 689 2988 753 adducetur,
3033 696 3126 740 aut
3151 689 3222 743 ad
3244 702 3407 740 unum

1820 779 2095 848 quemlibet
2125 778 2358 847 ﬁliorum
2388 778 2524 845 ejus.
2568 778 2690 833 Filii
2729 787 2909 831 autem
2946 779 3245 833 sacerdotis
3276 786 3409 831 sunt

1821 871 2033 941 cognati
2056 872 2175 940 ejus
2202 870 2503 924 secundum
2534 869 2805 938 spiritum,
2836 884 2864 923 a
2889 886 2997 938 quo
3021 876 3077 922 et
3108 868 3403 923 sacerdotii

1820 956 2022 1015 habent
2057 961 2397 1031 dignitatem.
2446 958 2589 1013 Sunt
2616 969 2798 1014 autem
2838 960 2913 1025 bi,
2953 960 3007 1013 in
3032 961 3233 1028 quibus
3273 976 3404 1029 per-

1820 1034 1960 1105 fecta
2007 1062 2091 1106 est
2172 1053 2444 1121 plenaque
2486 1051 2855 1121 philosophia,
2907 1060 2967 1105 ut
3013 1061 3067 1106 et
3089 1052 3407 1106 discernere

1821 1147 2030 1214 possint
2059 1145 2331 1209 sublimia,
2369 1152 2424 1198 et
2454 1144 2651 1198 animae
2685 1143 2933 1212 judicare
2967 1153 3147 1198 motus
3174 1144 3407 1199 abscon-

1821 1235 1986 1289 ditos.
2042 1233 2148 1288 Sed
2176 1233 2451 1303 quomodo
2477 1232 2762 1301 iudicant?

1893 1344 2073 1398 Vident
2124 1344 2328 1411 lepram
2359 1344 2412 1395 in
2457 1350 2592 1405 cute,
2626 1348 2674 1395 et
2702 1340 2870 1407 pilum
2906 1342 3038 1410 ejus,
3069 1342 3114 1395 si
3144 1342 3195 1394 in
3229 1340 3409 1394 album

1821 1447 2054 1491 mutatus
2095 1438 2272 1506 fuerit,
2322 1453 2387 1488 ac
2428 1437 2599 1502 ipsam
2635 1433 2856 1502 speciem
2894 1433 3051 1501 lepra:
3078 1432 3410 1486 humiliorem

1823 1538 1957 1591 cute,
2012 1535 2061 1580 et
2113 1542 2273 1579 carne
2306 1524 2533 1593 reliqua.
2574 1521 2678 1575 Per
2725 1521 2863 1591 pilos
2909 1530 3091 1574 autem
3136 1520 3409 1589 signiﬁcat

1824 1614 2184 1686 cogitationes
2228 1612 2428 1682 quibus
2473 1618 2702 1665 ornatur
2743 1609 2946 1674 anima,
2985 1624 3247 1677 mensque
3277 1622 3410 1661 con-

1824 1704 2025 1772 tegitur
2077 1719 2200 1758 cum
2244 1702 2465 1757 easdem
2508 1700 2624 1770 ipsa
2676 1699 2850 1769 pariat
2879 1698 3277 1769 cogitationes:
3308 1698 3409 1753 sibi

1827 1810 1951 1847 nam
2000 1803 2053 1847 et
2085 1801 2247 1863 caput
2292 1793 2518 1862 capillos
2564 1801 2807 1862 generat,
2852 1800 2909 1844 et
2955 1799 3183 1844 ornatur
3212 1807 3277 1844 ex
3308 1791 3408 1853 eis,

1827 1895 1892 1935 ac
1914 1882 2133 1952 tegitur.
2167 1880 2460 1950 Propterea
2505 1880 2683 1949 capilli
2716 1880 2912 1948 capitis
2942 1880 3112 1934 nostri
3143 1880 3408 1933 numerati

1826 1970 2179 2036 dicuntur”,
2242 1971 2602 2040 cogitationes
2652 1970 2909 2024 videlicet
2960 1970 3182 2024 mentis.
3232 1969 3411 2038 Caput

1826 2063 1974 2117 enim
2016 2063 2148 2132 ipsa,
2182 2062 2308 2131 quia
2353 2061 2653 2131 principale
2683 2069 2766 2114 est
2796 2060 3012 2121 animae,
3049 2059 3269 2113 dicitur.
3301 2060 3411 2113 Cur

1827 2163 2009 2207 autem
2070 2153 2341 2207 numerati
2390 2151 2556 2206 sunt?
2600 2150 2790 2220 procul
2834 2148 2999 2203 dubio
3028 2148 3275 2202 dicturus
3304 2159 3407 2205 est.

1827 2250 1951 2315 quia
1983 2260 2080 2314 per
2109 2260 2202 2299 eas
2225 2244 2410 2313 utique
2439 2242 2603 2312 judex
2630 2241 2974 2311 judicaturus
3004 2250 3086 2293 est
3112 2240 3408 2301 hominem,

1828 2337 1881 2391 id
1919 2346 2021 2400 est,
2056 2335 2440 2390 accusantibus
2467 2334 2566 2397 eis,
2617 2333 2701 2386 vel
2727 2332 3133 2397 excusantibus,
3170 2332 3309 2384 sicut
3338 2331 3413 2383 ait

1829 2427 2028 2482 Paulus
2054 2444 2067 2479 :
2107 2425 2174 2479 In
2223 2436 2451 2494 tempore
2482 2440 2582 2493 quo
2609 2434 2785 2476 nostra
2823 2423 3210 2491 judical-untur
3238 2422 3412 2475 occul-

1831 2519 1967 2573 ta“.
2017 2517 2308 2586 Propterea
2352 2513 2702 2585 intelligimus
2729 2515 2783 2566 in
2818 2513 3050 2566 Nazarzni
3090 2514 3265 2582 capite
3300 2512 3413 2567 lcr-

1830 2626 1949 2663 rum
1998 2625 2105 2663 non
2157 2607 2389 2679 ingredi,
2432 2606 2561 2660 dum
2604 2605 2724 2659 aliis
2754 2604 2871 2658 sine
2917 2604 3073 2673 culpa
3112 2603 3408 2658 inferatur:
3456 2662 3459 2663 ν

1829 2702 1953 2772 quia
1986 2702 2183 2771 quibus
2233 2707 2362 2753 sunt
2395 2698 2656 2766 superﬁui
2692 2697 2894 2765 capilli,
2929 2711 3041 2748 non
3069 2697 3245 2749 solum
3278 2696 3413 2749 nihil

1830 2800 2010 2856 nocet,
2065 2791 2157 2845 sed
2205 2797 2261 2842 et
2298 2788 2508 2842 lucrum
2537 2795 2641 2852 est,
2683 2786 2934 2840 tonderi:
2988 2785 3185 2854 quibus
3231 2796 3415 2839 autem

1830 2899 1941 2937 non
1971 2889 2100 2936 sunt
2131 2879 2412 2949 superﬁui,
2446 2879 2705 2933 damnum
2747 2885 2851 2943 est,
2898 2885 3122 2946 propter
3153 2876 3416 2929 naturalis

1831 2974 2043 3029 decoris
2075 2971 2453 3041 spoliationem
2490 2970 2809 3040 capillorum
2847 2967 3135 3036 depositio.
3174 2966 3265 3020 Sic
3294 2968 3415 3035 qui-

1760 3091 1801 3149 ρ
1831 3068 2152 3134 buscunque
2188 3062 2463 3133 superﬂue
2507 3061 2864 3132 cogitationes
2913 3060 3239 3128 importuna‘
3265 3068 3411 3125 sunt,

1832 3157 1971 3212 bene
2017 3157 2085 3210 ab
2119 3155 2199 3209 eis
2229 3153 2657 3209 commutatione
2707 3150 3084 3215 consiliorum,
3130 3150 3215 3204 vel
3250 3149 3417 3203 obve-

1809 3248 2098 3303 nientium
2168 3247 2414 3300 onmium
2481 3243 2914 3315 phantasiarum,
2978 3257 3130 3296 more
3185 3249 3421 3295 tonsura:

1832 3347 2038 3394 carent.
2091 3337 2150 3392 In
2198 3337 2454 3392 Nazaraeo
2501 3345 2684 3390 autem
2739 3349 2849 3389 non
2903 3343 3050 3399 sunt,
3084 3342 3231 3387 totus
3272 3335 3416 3388 enim

1832 3438 2054 3486 sanctus
2099 3438 2203 3483 est.
2262 3430 2493 3498 Propter
2537 3428 2682 3498 quod
2714 3427 2917 3480 ferrum
2973 3427 3028 3478 in
3075 3426 3252 3495 capite
3302 3426 3419 3494 ejus

1833 3534 1944 3571 non
1979 3518 2245 3583 ascendit,
2286 3532 2411 3572 cum
2433 3517 2583 3572 bono
2613 3524 2798 3570 utatur
2820 3515 3068 3579 consilio,
3103 3522 3159 3567 et
3192 3514 3417 3581 capillos

1833 3608 2224 3678 cogitationum
2253 3607 2614 3673 necessarios,
2643 3615 2699 3660 et
2730 3621 2838 3660 non
2870 3603 3176 3674 superﬂuos
3201 3605 3418 3667 habeat,

1834 3716 1898 3755 ex
1942 3701 2139 3770 quibus
2186 3715 2296 3752 non
2329 3698 2541 3765 incidit,
2600 3714 2725 3752 cum
2754 3713 2864 3750 non
2892 3705 3088 3751 tractet
3108 3682 3418 3759 ‘deteriora,

1833 3807 2011 3860 neque
2036 3798 2354 3845 commutet.
2387 3788 2440 3843 Si
2473 3804 2602 3857 ergo
2633 3789 2801 3857 pilum
2837 3788 2892 3840 in
2920 3788 3043 3840 albo
3075 3786 3183 3853 hic,
3221 3787 3288 3840 de
3312 3802 3420 3855 quo

1834 3898 1983 3938 nunc
2027 3891 2110 3937 est
2154 3897 2354 3948 sermo,
2389 3879 2828 3944 commutaverit,
2875 3878 3259 3949 cogitationem
3287 3894 3420 3933 con-

1834 3984 2050 4030 vertens
2083 3975 2138 4029 in
2166 3974 2538 4044 impudentem
2559 3972 2947 4037 conditionem,
2973 3969 3421 4039 manifestamque

1835 4069 2083 4139 peccati,
2156 4068 2381 4137 ipsaque
2437 4066 2649 4135 species
2718 4065 2885 4133 lepra:
2944 4061 3202 4116 humilior
3252 4061 3421 4115 fuerit

1836 4175 2023 4224 carne,
2052 4166 2107 4212 et
2145 4165 2270 4211 cute
2302 4155 2531 4225 reliqua.
2577 4155 2719 4208 hanc
2752 4153 2897 4207 enim
2936 4150 3264 4215 considerat,
3292 4159 3347 4204 et
3375 4150 3419 4204 si

1836 4251 2037 4308 viderit
2073 4248 2388 4318 apparuisse
2434 4245 2660 4300 nimiam
2712 4243 3108 4303 inﬁrmitatem,
3139 4250 3303 4310 atque
3323 4241 3419 4294 de-

1840 4343 2033 4399 fecisse
2064 4340 2371 4395 naturalem
2409 4339 2687 4402 virtutem,
2725 4336 2869 4405 quod
2906 4345 2988 4389 est
3014 4334 3224 4402 species
3259 4334 3421 4401 lepra:

1770 4419 1812 4472 υ
1846 4433 2100 4489 humilior
2123 4440 2275 4496 cute,
2302 4435 2395 4484 aut
2423 4442 2589 4484 carne
2615 4427 2844 4495 reliqua,
2871 4432 3085 4492 separat
3111 4432 3165 4476 et
3187 4422 3422 4475 immun-

1842 4528 1970 4582 dum
2003 4540 2124 4579 eum
2150 4531 2295 4577 recte
2323 4520 2577 4576 sacerdos
2598 4518 2826 4589 judicat,
2865 4523 3049 4586 utpote
3079 4515 3419 4584 languentem

1843 4617 2063 4687 quidem
2099 4630 2164 4667 ex
2198 4612 2504 4666 intentione
2539 4624 2658 4673 sua,
2704 4615 2761 4661 et
2789 4606 3088 4659 voluntate.
3138 4603 3248 4656 lloc
3276 4602 3419 4654 enim

1843 4708 1935 4777 qui
1969 4706 2138 4775 pilum
2171 4706 2491 4765 commutat,
2534 4698 2713 4750 innuit
2754 4696 2936 4760 nimis,
2986 4694 3112 4762 quia
3158 4701 3240 4745 est
3268 4692 3419 4744 inﬁr-

1845 4815 1987 4862 mus,
2045 4803 2099 4848 et
2140 4801 2428 4862 propterea
2487 4789 2784 4856 semetipso
2836 4786 3112 4849 humilior,
3176 4784 3319 4837 unde
3365 4792 3417 4837 et

1846 4897 1995 4945 recte
2039 4886 2252 4941 veniam
2297 4899 2406 4937 non
2450 4889 2708 4934 meretur.
2775 4875 2928 4929 Vinci
2963 4876 3106 4928 enim
3139 4874 3205 4926 ab
3257 4874 3409 4928 Abra-

2113 4980 2181 5035 ab
2221 4977 2329 5033 alio
2370 4975 2585 5044 majori,
2638 4971 2903 5042 portabile
2933 4978 3034 5035 est,
3077 4977 3135 5021 ut
3170 4968 3416 5036 quaedam

1844 5074 2127 5139 habitudo,
2170 5071 2255 5126 vel
2289 5059 2528 5141 potentia
2574 5064 2872 5139 prodatur:
2915 5061 2998 5118 vel
3027 5061 3248 5125 bonum,
3274 5061 3421 5130 quod

1847 5172 1907 5218 ut
1949 5174 2320 5232 operaremur,
2350 5174 2381 5212 a
2410 5155 2522 5212 Deo
2562 5154 2926 5226 percepimus.
2980 5149 3053 5201 De
3091 5147 3290 5217 quibus
3324 5147 3419 5200 ha-

1849 5254 2053 5310 bitibus
2079 5252 2327 5322 quaedam
2367 5249 2501 5303 mihi
2533 5248 2732 5302 Paulus
2786 5244 3013 5297 innuere
3045 5239 3279 5305 videtur,
3330 5239 3417 5292 in~

1849 5344 2043 5415 quiens
2069 5341 2390 5410 :Unicuique
2417 5340 2551 5393 sicut
2578 5336 2831 5390 Dominus
2858 5330 3058 5395 dividit,
3084 5343 3421 5397 unumquem'

1852 5453 1949 5507 que
1993 5436 2126 5489 sicut
2170 5434 2369 5487 vocavit
2414 5430 2554 5485 Deus
2573 5430 2642 5492 3",-
2686 5441 2808 5481 cum
2860 5440 2891 5478 a
2942 5419 3231 5488 semetipso
3269 5417 3420 5487 quis-

1854 5527 1999 5598 piam
2035 5525 2272 5579 deterior
2304 5523 2413 5585 ﬁat,
2449 5518 2792 5591 importabile
2825 5524 2923 5570 est.

1758 1741 1797 1795 Β

2903 5668 2949 5701 ει
2978 5664 3168 5719 than.
3224 5679 3251 5716 κ
3274 5700 3291 5729 ,
3322 5660 3390 5714 so

1843 5750 1850 5759 α
1897 5683 1939 5713 ει
1988 5680 2088 5734 Job
2123 5679 2259 5743 ",6.
2365 5678 2552 5732 8"Jac.
2610 5691 2681 5739 lt,
2721 5674 2799 5727 10.
