3886 6306
564 348 722 405 Vens.
762 349 882 405 4-8.
928 369 946 402 ι
979 349 1038 405 Si
1088 357 1270 404 autem
1318 349 1507 401 lucens
1553 344 1720 399 luerit
1766 344 1970 397 candor
2004 344 2057 397 in
2090 352 2130 404 Α

488 452 633 507 cute,
669 456 769 496 uec
817 442 1072 496 humilior
1144 454 1306 496 carne
1334 439 1560 507 reliqua,
1605 444 1660 491 et
1694 437 1833 505 pilus
1859 436 2057 491 coloris

482 533 726 601 pristini,
768 533 1012 587 recludet
1036 547 1161 587 cum
1208 529 1462 584 sacerdos
1510 536 1720 599 septem
1759 527 1972 591 diebus,
2005 536 2060 580 et

485 623 728 689 videbit,-
758 630 814 677 et
854 621 1223 676 considerabit
1268 620 1356 675 die
1400 621 1652 689 septima.
1697 617 1762 673 Et
1788 618 2058 687 siquidem

488 712 635 781 lepra
667 713 804 767 ultra
836 728 945 766 non
966 710 1216 774 creverit,
1250 726 1354 765 nec
1377 710 1655 764 transierit
1680 708 1734 763 in
1754 717 1879 763 cute
1912 706 2059 777 prio-

488 816 574 854 res
633 801 912 863 terminos,
946 815 1134 853 rursus
1168 799 1411 854 includet
1454 814 1580 853 eum
1619 809 1824 867 seplem
1868 797 2058 852 diebus

487 889 627 954 aliis,
663 897 719 941 et
753 890 840 942 die
876 889 1107 958 septimo
1155 889 1632 959 contemplabitur.
1687 888 1744 943 Si
1774 888 2057 943 obscurior

486 979 648 1032 fuerit
674 979 840 1046 lepra,
870 988 924 1032 et
952 995 1059 1033 non
1091 980 1326 1034 creverit
1345 979 1397 1032 in
1425 990 1569 1044 cute,
1604 979 1886 1034 mundabit
1906 994 2051 1045 eum,

482 1072 606 1135 quia
639 1068 849 1122 scabies
892 1080 994 1133 est,
1026 1070 1338 1138 lavabitque
1383 1069 1548 1122 homo
1581 1069 1904 1124 vestimenta
1933 1084 2051 1135 sua,

480 1170 537 1216 et
568 1163 803 1216 mundus
855 1162 982 1217 crit.
1015 1162 1171 1226 Quod
1208 1161 1254 1215 si
1284 1170 1569 1231 postquam
1600 1178 1628 1215 a
1666 1160 1947 1216 sacerdote
1976 1160 2056 1215 vi-

480 1269 574 1306 sus
614 1262 699 1306 est
747 1253 988 1307 redditus
1024 1254 1324 1318 munditiae,
1375 1254 1573 1307 iterum
1619 1253 1765 1322 lepra
1797 1252 2050 1319 creverit,

481 1343 786 1395 adducetur
828 1343 894 1396 ad
935 1358 1059 1397 cum
1087 1385 1100 1409 ,
1145 1352 1200 1397 et
1257 1342 1621 1398 immunditiae
1668 1342 2054 1397 condemnabi-

484 1445 588 1487 lur.
629 1453 647 1484 ι

553 1520 837 1574 Maximam
866 1520 919 1573 in
953 1523 1052 1577 hoc
1090 1522 1427 1592 legislatoris,
1455 1523 1783 1595 dignamque
1811 1523 1922 1577 Deo
1941 1523 2054 1578 cle-

482 1612 740 1663 mentiam
793 1620 1072 1677 contuerc,
1099 1613 1212 1682 ipse
1250 1614 1448 1682 quippe
1475 1620 1593 1668 erat
1622 1614 1760 1667 lator
1781 1613 1933 1684 legis,
1960 1613 2052 1682 qui

1679 232 2045 294 HESYCHII
2090 232 2183 291 PR
2194 230 2562 293 ESBYTERI

3683 243 3791 307 936

2164 343 2267 395 hoc
2310 342 2634 405 habentem,
2666 341 2812 411 quod
2846 343 3304 400 medicamentum
3348 348 3567 405 debeat
3619 353 3790 410 adhi-

2166 433 2315 487 bere.
2355 432 2636 502 Siquidem
2673 442 2729 487 et
2771 433 3045 500 adhibuit,
3090 445 3147 489 tu
3185 446 3369 492 autem
3399 455 3787 512 cognoscens,

2163 521 2290 589 quia
2340 520 2800 592 signiﬁcationem
2845 524 3084 592 appellet
3135 526 3242 580 tale
3288 539 3632 596 peccatum,
3684 550 3787 588 nua

2164 614 2466 669 abscondas
2508 613 2714 668 malum
2756 630 2786 668 a
2832 630 2964 669 vero
3006 618 3314 682 sacerdote,
3358 619 3500 674 licet
3556 623 3786 679 dubium

2164 712 2477 772 tectumque
2527 704 2600 758 sit
2629 705 2769 772 aliis,
2802 707 2898 761 sed
2933 709 3163 761 ostende
3208 725 3275 764 ac
3315 712 3530 779 prode.
3578 712 3783 770 Diebus

2163 796 2308 850 enim
2355 796 2554 866 quibus
2595 806 2646 851 te
2676 812 2942 868 separans
2987 802 3246 856 sacerdos
3277 818 3308 856 a
3342 816 3696 863 sanctorum
3723 822 3785 863 ta-

2162 887 2477 952 bernaculo,
2509 904 2701 943 rursus
2732 890 2998 961 suscipiet
3020 908 3210 949 rursus
3240 910 3353 964 quo
3388 907 3640 966 oportet
3680 917 3786 953 mo-

2162 977 2232 1030 do
2259 976 2581 1031 vestimenta
2610 979 2762 1048 prius
2788 980 2995 1041 carnis,
3041 981 3185 1036 sicut
3221 985 3298 1038 ait
3334 985 3670 1053 legistator,
3707 990 3781 1043 di-

2161 1069 2429 1124 luentem.
2476 1070 2585 1126 Sed
2626 1071 2767 1138 vide,
2808 1082 2864 1126 ct
2906 1072 3123 1127 veniam
3174 1077 3501 1147 percipiens
3542 1083 3777 1141 custodi.

2162 1177 2263 1217 nec
2302 1162 2530 1232 polluas,
2573 1172 2859 1233 postquam
2900 1166 3068 1219 semel
3111 1166 3308 1222 laverit
3358 1170 3633 1225 tunicam
3668 1189 3779 1226 ear-

2161 1252 2265 1307 nis.
2303 1251 2438 1306 Nam
2485 1255 2529 1309 si
2578 1255 2742 1308 etiam
2785 1261 2909 1324 post
2954 1255 3071 1310 haec
3108 1257 3445 1328 signiﬁcatio
3502 1264 3778 1332 passionis

2161 1342 2417 1397 inciderit
2456 1342 2511 1396 in
2544 1344 2825 1413 pellicula,
2874 1344 2984 1410 vel,
3022 1350 3325 1404 secundum
3356 1363 3633 1407 nostram
3670 1359 3777 1409 edi-

2162 1434 2391 1498 tionem,
2420 1436 2674 1500 creverit,
2728 1446 2780 1492 et
2810 1455 3000 1495 rursus
3035 1456 3065 1494 a
3093 1442 3305 1497 meliori
3339 1454 3512 1514 parte
3549 1447 3625 1501 ad
3664 1465 3777 1518 pee-

2161 1533 2340 1578 catum
2376 1526 2653 1595 reciderit,
2698 1540 3177 1603 commutatusquc
3209 1534 3401 1603 fuerit,
3445 1539 3673 1593 videbit
3696 1556 3771 1594 sa-

2160 1614 2373 1681 cerdos,
2410 1626 2462 1670 et
2499 1617 2646 1673 illico
2687 1631 3003 1691 vergentem
3028 1625 3093 1679 ad
3128 1625 3405 1683 deteriora
3457 1633 3768 1700 reperiens,

483 1706 681 1756 ducatu
714 1703 904 1756 litterae
943 1703 1009 1756 ad
1045 1704 1351 1771 hujusmodi
1383 1704 1897 1774 contemplationem
1927 1703 2059 1774 legis
2092 1696 2134 1754 Β
2165 1705 2524 1762 immunditia:
2565 1708 2973 1766 condemnabit.
3037 1712 3477 1785 Subsequuntur
3534 1721 3769 1791 Septua-

484 1796 669 1847 utitur.
692 1795 830 1859 Quid
853 1805 1032 1849 autem
1073 1796 1190 1849 lucc
1213 1796 1390 1850 littera
1418 1796 1564 1850 vult?

550 1879 608 1934 Si
654 1898 828 1934 aufem
860 1881 1036 1935 lucens
1072 1884 1230 1952 fuerit
1265 1884 1464 1936 candor
1490 1883 1545 1936 in
1582 1892 1718 1945 cute,
1760 1900 1852 1937 nec
1880 1885 2053 1938 humi-

481 1971 582 2024 lior
614 1988 771 2025 carne
808 1973 1030 2043 reliqua,
1055 1983 1101 2026 et
1133 1973 1270 2042 pilus
1313 1975 1499 2028 coloris
1530 1975 1759 2043 pristini,
1800 1978 2054 2043 mundum

478 2063 718 2115 sacerdos
745 2063 954 2131 judicat
984 2065 1225 2134 omnique
1264 2066 1557 2134 suspicione
1581 2077 1865 2121 carentem.
1899 2067 2053 2123 Licet

477 2153 826 2207 manifestum
869 2155 957 2220 sit,
1000 2156 1143 2221 quod
1186 2156 1239 2208 in
1269 2157 1634 2226 suspicionem
1679 2168 1899 2213 venerat
1931 2175 2053 2228 pec-

477 2254 679 2306 catum,
730 2261 884 2299 mens
918 2256 1094 2299 tamen
1136 2263 1256 2316 qua:
1284 2248 1533 2316 deliquit.
1561 2266 1681 2318 qua:
1718 2252 1925 2331 procul
1948 2252 2051 2306 du-

475 2335 568 2388 bio
614 2351 710 2404 per
749 2347 1025 2405 aspectum
1078 2339 1417 2408 signiﬁcatur
1458 2343 1758 2396 secundum
1808 2344 2050 2398 traditio-

475 2439 599 2477 nem
632 2428 1004 2496 Septuaginta,
1031 2428 1278 2480 humilior
1307 2446 1464 2484 carne
1493 2431 1696 2501 reliqua
1728 2450 1835 2487 non
1863 2435 2045 2493 fuerit.

474 2515 526 2567 id
552 2525 654 2577 est,
705 2517 1015 2587 semetipsa,
1052 2533 1228 2586 neque
1252 2520 1320 2572 ab
1350 2521 1683 2588 habitudine,
1718 2540 1876 2595 quam
1928 2540 2049 2581 sor-

475 2606 572 2658 tita
626 2615 727 2666 est,
776 2607 1082 2662 inﬁrmior:
1129 2626 1229 2665 nec
1274 2627 1370 2679 per
1426 2615 1689 2669 eveniens
1760 2628 2045 2684 peccatum

475 2691 848 2773 immutaverit
902 2709 1034 2760 cor,
1081 2697 1437 2769 delietrixque
1486 2711 1834 2771 peccatorum
1881 2704 2046 2760 fuerit

475 2781 711 2845 effecta;
764 2783 867 2838 hoc
896 2794 978 2839 est
1020 2788 1185 2852 enim,
1235 2805 1338 2843 nec
1366 2794 1655 2846 candorem
1698 2794 2044 2851 humiliorem

474 2858 838 2926 videri‘carne
885 2874 1118 2944 reliqua,
1145 2887 1201 2931 et
1236 2879 1372 2945 pilos
1402 2896 1523 2936 esse
1550 2883 1750 2937 coloris
1788 2885 2041 2955 pristini:

473 2962 567 3017 sed
614 2973 669 3018 et
716 2965 1084 3019 obscuriorem
1143 2978 1445 3038 aspectum,
1497 2974 1640 3027 sicut
1686 2975 2042 3047 Septuaginta

472 3055 665 3118 edunt,
698 3055 916 3119 habeat,
957 3071 1119 3125 quem
1151 3074 1275 3114 esse
1294 3070 1530 3115 mentem
1561 3064 1834 3120 diximus:
1868 3068 2047 3123 adhuc

471 3144 673 3213 quippe
706 3154 928 3214 propter
950 3149 1117 3202 semel
1150 3151 1499 3206 commissum
1535 3154 1815 3220 delictum,
1848 3159 2047 3214 obscu-

470 3246 528 3284 ra
550 3247 624 3285 ac
662 3233 827 3286 dubia
866 3242 967 3297 est,
999 3246 1176 3290 tamen
1212 3239 1360 3293 hunc
1393 3242 1659 3296 removeri
1697 3260 1808 3298 non
1842 3262 2047 3316 przece-

471 3324 571 3393 pit,
600 3324 692 3377 sed
720 3333 777 3377 ut
810 3335 1143 3394 peccantem,
1175 3338 1382 3398 septem
1406 3331 1542 3396 dies,
1573 3343 1627 3386 et
1650 3334 1784 3389 alios
1823 3338 2044 3392 totidem

472 3426 715 3468 removet
746 3430 776 3468 a
799 3417 1152 3472 tabernaculo
1183 3422 1457 3482 sacerdos.
1492 3425 1829 3493 probationis
1859 3428 2039 3493 simul,

469 3507 974 3576 emendationisque
1022 3511 1220 3579 gratia,
1266 3513 1550 3569 munditia:
1598 3517 1860 3576 restituit.
1916 3520 2043 3575 Post

468 3595 592 3656 hoc,
645 3598 688 3651 si
741 3598 1040 3668 inspiciens
1082 3600 1193 3670 bis,
1234 3603 1606 3660 obscuriorem
1635 3607 1903 3663 invenerit
1929 3626 2044 3664 ma-

468 3686 669 3752 culam,
700 3704 803 3743 nec
831 3701 1168 3772 crescentem
1209 3692 1456 3751 incute:
1505 3698 1551 3751 si
1593 3700 1737 3753 enim
1779 3702 2045 3757 crevisset

468 3788 773 3844 peccatum.
801 3791 1206 3851 augmentatum
1232 3788 1513 3842 transisset
1543 3790 1597 3843 in
1619 3807 1783 3846 carne
1810 3794 2037 3864 reliqua,

467 3867 830 3939 diﬁ‘usumque
857 3875 1031 3940 carni,
1061 3875 1395 3932 imn'iundum
1431 3896 1574 3945 eum,
1599 3883 1690 3952 qui
1717 3884 1770 3937 in
1801 3884 2040 3942 deterius

467 3959 699 4027 proﬁcit,
730 3965 1047 4021 ostenderat
1078 3985 1091 4021 :
1129 3969 1220 4037 qui
1245 3985 1353 4023 non
1382 3974 1574 4039 crevit,
1594 3977 1702 4029 sed
1738 3980 2037 4046 permansit

467 4050 714 4106 similiter
759 4063 1032 4123 aspectus,
1080 4060 1194 4115 sive
1248 4064 1457 4132 species
1518 4065 1822 4122 obscurior.
1893 4069 2035 4136 Quid

466 4142 610 4194 enim
639 4143 920 4211 iniquitate
939 4146 1228 4203 obscurius
1248 4161 1332 4206 est
1352 4154 1374 4205 ?
1392 4154 1457 4207 de
1483 4170 1586 4224 qua
1608 4157 1843 4228 caligant
1868 4160 2032 4225 oculi,

470 4240 523 4283 ut
553 4246 727 4300 neque
758 4235 949 4295 Deum.
980 4253 1156 4306 neque
1185 4240 1288 4293 hoc
1315 4244 1457 4310 quod
1478 4247 1717 4314 expedit,
1748 4249 2034 4319 perspicue

465 4318 744 4377 intendere
791 4327 1185 4393 permittuntur.
1225 4328 1320 4384 Vel
1362 4334 1405 4387 si
1434 4346 1709 4403 aspectum
1752 4341 2033 4395 obscurio-
2067 4357 2110 4415 ο

465 4426 600 4473 rem,
635 4413 852 4467 dubiam
886 4418 1227 4484 quibusdam,
1263 4421 1633 4494 incertamque
1663 4428 1864 4483 dixeris
1902 4449 2031 4502 pec-

464 4499 569 4553 cati
599 4502 986 4570 suspicionem,
1018 4507 1070 4561 id
1099 4520 1201 4571 est,
1236 4522 1415 4567 utrum
1449 4516 1538 4579 sit,
1581 4533 1648 4570 an
1677 4536 1806 4584 non,
1841 4539 2031 4579 ncces-

464 4587 665 4641 sarium
691 4590 853 4647 habet
884 4604 939 4648 et
962 4596 1077 4652 lucc
1107 4603 1441 4658 sacerdotem
1473 4625 1485 4659 :
1539 4618 1725 4678 utpote
1758 4615 1849 4683 qui
1884 4617 2034 4670 novit

461 4679 733 4747 quomodo
781 4686 1058 4741 munditiae
1087 4692 1355 4749 restituat.
1402 4696 1493 4752 llle
1519 4711 1699 4757 autem
1735 4706 2031 4776 simpliiio-

462 4785 576 4822 rem
622 4784 738 4824 eam
779 4773 1124 4847 denuntians,
1163 4784 1512 4859 brevemque,
1551 4809 1685 4863 aqua
1732 4798 1893 4854 diluit
1940 4820 2031 4857 ve-

460 4864 736 4931 stimenta,
783 4867 1117 4937 baptismatis
1174 4878 1446 4945 videlicet,
1489 4884 1605 4939 sive
1651 4890 2026 4955 poenitentizez

461 4963 543 5009 est
586 4956 731 5011 enim
774 4959 959 5015 etﬁcax
1003 4980 1141 5033 aqua
1190 4973 1530 5038 poenitentia:
1576 4976 1830 5049 lacryma,
1862 4999 2025 5052 quam

460 5058 621 5099 neruo
646 5058 835 5115 peccat
854 5053 1038 5118 gratia:
1072 5057 1324 5125 reliquias
1367 5065 1692 5132 appellando
1731 5073 2026 5140 baptisma-

459 5133 549 5187 tis.
585 5134 740 5200 Quod
775 5151 903 5208 ergo
932 5141 1002 5194 ita
1048 5157 1106 5195 se
1152 5146 1332 5212 habet,
1372 5151 1721 5225 Septuaginta
1754 5133 2021 5227 passionis

457 5223 903 5292 signiﬁcationem
935 5241 1218 5299 propterea
1248 5237 1564 5297 ediderunt:
1586 5223 1713 5313 quia
1752 5223 1871 5316 quae
1897 5263 2023 5308 sunt

459 5315 690 5380 occulta,
719 5331 786 5370 ex
813 5330 964 5385 parte
998 5325 1251 5391 prodidit,
1280 5338 1335 5382 et
1364 5330 1532 5387 latere
1563 5315 1874 5395 omnimodo
1910 5360 2021 5399 non

458 5406 724 5473 permisit,
756 5410 849 5464 sed
881 5412 1113 5470 instituit
1156 5420 1488 5478 sacerdu:cm
1519 5428 1712 5483 incdici
1762 5433 1929 5489 vicem
1963 5437 2018 5491 in

568 5586 614 5620 ’⁸
640 5606 661 5661 l
688 5605 815 5662 Cor.
845 5625 895 5678 v,
928 5613 950 5665 1
986 5630 1135 5685 seqq.
1211 5622 1255 5652 ⁸⁷
1284 5623 1327 5677 ιι
1360 5626 1483 5682 Cor.
1516 5644 1574 5697 ιι,
1600 5631 1653 5701 7,
1678 5633 1736 5693 8.

2155 1796 2323 1865 ginta.
2356 1806 2411 1852 et
2439 1799 2665 1854 dicunt:
2689 1799 2825 1866 Quia
2857 1803 3003 1873 lepra
3033 1814 3128 1859 est.
3155 1806 3357 1877 Aperte
3388 1812 3556 1867 enim
3586 1814 3765 1882 huius,

2153 1887 2245 1955 qui
2279 1889 2397 1944 talis
2427 1899 2529 1957 est,
2555 1891 2737 1946 anima
2783 1892 2849 1947 ad
2881 1894 3139 1964 profanas
3180 1898 3479 1957 declinans
3508 1906 3765 1976 volupta-

2156 1987 2277 2044 tes,
2321 1979 2536 2049 leprosa
2583 1981 2662 2038 ﬁt.
2708 1983 3001 2055 Propterea
3049 1996 3107 2041 et
3133 1986 3338 2045 Paulus
3388 2009 3525 2047 eum
3578 1999 3675 2066 qni
3715 1999 3763 2051 in

2161 2066 2431 2123 Corintho
2478 2070 2782 2128 fornicatus
2819 2078 2979 2143 est",
3030 2082 3155 2149 quia
3194 2081 3540 2152 signiﬁcatio
3588 2088 3764 2155 passio

2151 2159 2274 2223 fuit,
2308 2162 2594 2217 manifesta
2624 2165 2772 2219 enim
2817 2179 2955 2233 erat,
2989 2186 3090 2226 nec
3123 2174 3541 2238 occultabatur,
3574 2194 3606 2231 a
3634 2196 3756 2232 san-

2151 2258 2367 2305 ctorum
2395 2255 2623 2308 removit
2656 2256 3028 2327 tabernaculo,
3060 2272 3116 2317 et
3138 2265 3273 2319 tradi
3321 2265 3556 2323 Satanae
3586 2271 3645 2323 in
3675 2272 3753 2324 in-

2153 2342 2375 2397 teritum
2417 2347 2597 2401 carnis
2646 2352 2926 2421 praecepit.
2971 2352 3072 2419 Qui
3119 2371 3243 2409 cum
3286 2357 3646 2428 inspexisset
3673 2378 3754 2417 se-

2151 2434 2331 2488 cundo
2376 2437 2709 2505 passionem,
2746 2449 2802 2495 et
2830 2443 3059 2500 vidisset
3088 2447 3218 2516 quia
3267 2464 3382 2503 non
3424 2454 3636 2518 crevit,
3669 2456 3757 2510 sed

2149 2534 2206 2580 et
2234 2542 2360 2580 eum
2386 2527 2477 2597 qui
2501 2544 2704 2598 passus
2727 2530 2909 2588 fuerat
2956 2550 3054 2605 per
3085 2538 3353 2609 lacrymas
3405 2545 3755 2611 paenitentia:

2148 2627 2355 2673 vestem
2404 2624 2581 2677 carnis
2625 2624 2904 2692 abl-tisse,
2958 2644 2989 2682 e
3020 2630 3250 2701 vestigio
3311 2634 3525 2704 suscipi
3569 2638 3751 2707 jussit.

2148 2707 2209 2761 ln
2241 2708 2377 2778 ipsis
2412 2720 2592 2766 autem
2623 2716 2941 2784 apostolicis
2979 2719 3093 2774 haec
3128 2720 3390 2793 intelligis
3418 2727 3645 2790 verbis,
3684 2731 3745 2783 de

2146 2815 2213 2854 eo
2257 2804 2403 2858 enim
2451 2805 2542 2875 qui
2591 2806 2891 2864 fornicatus
2932 2811 3100 2867 fuerit
3141 2813 3453 2873 Corinthiis
3484 2822 3750 2892 scripsit:

2147 2889 2369 2946 Omnino
2398 2896 2614 2948 auditur
2651 2898 2787 2952 inter
2815 2916 2902 2953 vos
2931 2902 3236 2971 fornicatio,
3270 2915 3322 2959 et
3352 2909 3487 2962 talis
3514 2912 3753 2979 fornica-

2148 2982 2241 3046 tio,
2274 2986 2448 3054 qualis
2476 3003 2567 3039 nec
2596 2989 2736 3042 inter
2766 3001 2958 3059 gentes,
2996 2994 3072 3046 ita
3105 3004 3162 3048 ut
3192 3013 3411 3051 uxorem
3455 3005 3645 3069 patris
3672 3006 3751 3059 sui

2151 3073 2267 3141 quis
2294 3074 2505 3127 habeat.
2565 3075 2704 3132 Ecce
2736 3080 3192 3149 signiﬁcationem
3234 3087 3470 3143 audisti.
3527 3090 3755 3149 Manife-

2148 3173 2228 3217 Sta
2264 3166 2465 3235 quippe
2502 3167 2823 3239 luitpassio,
2861 3173 2932 3227 ita
2963 3184 3021 3228 ut
3049 3191 3217 3245 usque
3244 3178 3310 3232 ad
3352 3179 3513 3235 Pauli
3547 3201 3751 3253 perve-

2148 3255 2291 3310 niret
2326 3258 2578 3325 auditus,
2627 3273 2852 3332 propter
2898 3267 3043 3335 quod
3098 3268 3165 3322 de
3216 3270 3587 3329 tabernaculo
3628 3296 3749 3333 cum

2146 3347 2269 3416 ejici
2319 3351 2596 3420 praecepit.
2651 3353 2725 3407 lla
2774 3356 2977 3426 quippe
3017 3358 3151 3412 dicit
3189 3364 3351 3428 tradi,
3392 3367 3493 3433 qui
3549 3369 3747 3439 hujus-

2150 3438 2298 3492 modi
2337 3449 2442 3506 est,
2482 3440 2701 3497 Satanw
2734 3447 2790 3498 in
2823 3446 3100 3503 interitum
3153 3454 3351 3507 carnis.
3403 3455 3475 3511 Et
3516 3475 3744 3515 rursus:

2143 3531 2367 3602 Auferre
2408 3535 2610 3590 malum
2650 3538 2712 3590 de
2751 3541 2921 3594 medio
2966 3545 3144 3597 vestri.
3186 3544 3325 3612 Quia
3362 3560 3561 3605 autem
3608 3556 3744 3609 vidit

2142 3636 2351 3678 vesem
2405 3629 2585 3682 carnis
2637 3634 2883 3699 potentia
2944 3637 3299 3704 mundatam,
3365 3657 3570 3699 rursus
3623 3663 3743 3701 eum

2143 3715 2543 3785 suscipijussit.
2570 3719 2637 3774 Et
2656 3726 2929 3791 quomodo
2957 3727 3060 3782 hoc
3086 3740 3293 3786 certum
3328 3744 3417 3788 est
3438 3735 3463 3787 ?
3493 3736 3739 3800 Obsecro.

2142 3805 2335 3874 inquit,
2371 3810 2677 3879 conﬁrmata
2720 3815 2775 3867 in
2810 3834 2868 3869 eo
2892 3820 3224 3885 charitatem,
3268 3840 3334 3877 ne
3369 3827 3518 3896 forte
3550 3832 3742 3899 majori

2141 3898 2358 3951 tristitia
2411 3901 2835 3959 absorbeatur”.
2876 3908 3012 3974 Quia
3066 3912 3377 3980 huiusmodi
3428 3932 3522 3973 est
3561 3941 3577 3976 :
3619 3939 3741 3995 ergo

2140 3989 2487 4046 manifestum
2528 4006 2663 4061 erat,
2699 3998 2823 4066 quia
2854 4002 3206 4069 pmnituerat,
3238 4014 3291 4060 et
3330 4018 3393 4062 ut
3422 4011 3478 4063 in
3518 3989 3740 4082 peccaio

2137 4075 2512 4147 deprehensus
2527 4084 3244 4163 vehementeraﬁiigebatur,
3277 4098 3584 4157 intercane
3613 4106 3735 4175 quid

2138 4183 2200 4221 ex
2266 4170 2435 4226 nimia
2477 4175 2696 4231 tristitia
2736 4189 3035 4248 pateretur,
3072 4201 3210 4240 neve
3245 4187 3298 4241 in
3342 4170 3734 4262 desperatione

2137 4271 2418 4316 corruerct
2459 4279 2714 4333 peccans,
2748 4275 3033 4340 praecurrit
3074 4277 3303 4344 Paulus,
3356 4291 3418 4336 et
3452 4300 3589 4341 eum
3643 4289 3727 4358 qui

2132 4353 2243 4420 jam
2277 4356 2560 4411 munditiae
2599 4355 2882 4418 restitutus
2932 4364 3130 4433 fuerat,
3190 4372 3396 4441 suscipi
3448 4353 3728 4449 praecepit.

2135 4440 2290 4506 Quod
2319 4453 2499 4500 autem
2547 4460 2757 4518 septem
2802 4454 2996 4510 diebus
3033 4473 3063 4511 a
3098 4440 3463 4517 tabernaculo.
3488 4483 3608 4522 non
3639 4440 3731 4525 se-

2134 4534 2261 4597 mel,
2294 4536 2390 4590 sed
2429 4537 2511 4592 bis
2544 4543 2797 4598 sacerdos
2835 4559 3149 4617 susceptum
3181 4565 3401 4622 separat
3431 4598 3445 4620 ,
3481 4576 3727 4628 quaerere

2135 4634 2190 4677 et
2239 4625 2377 4680 scire
2415 4628 2691 4685 studiosos
2734 4646 2977 4703 oportet:
3021 4639 3290 4709 siquidem
3338 4625 3601 4704 secundo
3633 4654 3724 4704 hcc

2137 4716 2250 4770 ﬁeri
2289 4717 2345 4771 in
2394 4719 2513 4791 lege
2549 4733 2777 4793 propter
2802 4728 2905 4784 hoc
2940 4743 3275 4803 praeceptum
3309 4748 3416 4803 est,
3455 4751 3519 4793 ut
3557 4755 3725 4798 estea.

2135 4806 2290 4861 deret
2336 4824 2449 4863 non
2507 4813 2874 4884 negligenter,
2930 4820 3026 4874 sed
3075 4824 3319 4879 studiose
3348 4843 3481 4882 eum
3525 4833 3722 4887 debere

2132 4897 2350 4973 inspici,
2387 4910 2443 4954 et
2486 4903 2686 4974 duplici
2725 4910 3048 4977 probatione
3082 4924 3378 4984 transacta,
3422 4922 3723 4980 districtius

2131 4989 2184 5041 in
2216 5003 2282 5043 eo
2327 4990 2457 5047 ferri
2486 4995 2790 5066 judicium:
2837 5004 3187 5062 manifestum
3235 5011 3445 5082 quippe
3477 5027 3607 5070 erat
3641 5035 3723 5072 sa.

2126 5079 2333 5134 cerdoti
2377 5096 2683 5152 peccatum.
2715 5092 2819 5147 Sed
2850 5110 2974 5149 cum
3025 5079 3270 5156 animum
3310 5079 3568 5173 pa—ssioni
3604 5125 3723 5165 con-

2127 5169 2456 5226 sentientem
2482 5179 2883 5248 suspicabatur,
2917 5201 3026 5240 non
3052 5197 3234 5245 tamen
3257 5169 3557 5251 manifeste
3586 5202 3717 5255 scie-

2130 5257 2241 5327 bat,
2276 5268 2585 5322 necessarie
2617 5270 2766 5326 illum
2800 5274 2995 5331 iterum
3016 5279 3355 5349 inspiciebat.
3391 5287 3488 5341 Est
3514 5293 3714 5361 quippe

2130 5350 2438 5423 invisibilis,
2474 5368 2529 5414 et
2558 5362 2623 5416 ad
2664 5363 3059 5435 inspectionem
3092 5374 3347 5431 diﬁicilis.
3386 5378 3502 5435 Hoc
3531 5350 3709 5438 benti

2130 5457 2232 5497 nus
2258 5458 2367 5500 non
2397 5451 2564 5505 semel
2598 5452 2739 5509 l‘etri
2770 5458 3011 5515 animum
3049 5476 3172 5536 post
3212 5470 3586 5540 negationem,
3617 5474 3707 5529 sed
