3886 6306
76 327 216 401 937

1248 327 1323 396 ΙΝ
1367 323 1807 396 LEVITICUM.
1844 358 1913 368 -
1953 327 2100 395 LIB.
2142 326 2239 396 iV.

3272 339 3376 401 9'33

76 450 372 515 secundo,
400 465 464 506 ac
511 449 693 514 tertio,
749 447 1202 520 quemadmodum
1231 463 1290 504 se
1333 448 1577 512 haberet,
1605 447 1689 500 in-
1722 451 1765 506 Α
1794 461 1896 500 nec
1920 444 2170 500 distinxit
2198 445 2252 499 in
2285 445 2481 509 medio,
2513 452 2572 498 ut
2602 438 2846 499 videatur
2865 461 3120 500 exercere
3135 447 3380 504 studiose

81 543 432 609 terrogat”,
476 556 585 596 non
623 547 683 596 ut
712 541 967 612 ignorans
998 559 1012 594 :
1065 542 1168 595 hoc
1194 541 1338 594 enim
1369 539 1422 593 in
1463 548 1692 609 respon-

80 633 356 689 sionibus
402 633 515 688 suis
573 633 692 703 ipse
741 632 936 688 Petrus
990 633 1278 687 manifeste
1309 633 1525 702 prohat,
1554 647 1692 702 quas

81 733 296 792 aperte
323 724 438 792 ipse
470 724 537 778 ad
570 723 833 778 scientem
865 723 1116 791 nihilque
1145 723 1484 792 ignorantem
1531 721 1693 776 refer-

88 825 212 878 ret,
269 816 364 870 sed
411 830 518 885 qua
562 815 980 884 dispositionem
1027 815 1472 885 perscru’tabatur
1501 815 1690 882 animi,

87 907 325 960 dicebat
350 905 554 976 quippe
585 923 598 960 :
629 904 811 960 Simon
839 903 1002 971 Jona,
1032 923 1180 959 amas
1211 907 1332 960 me?
1362 906 1564 960 Docere
1592 922 1693 962 nos

89 997 280 1050 voluit
305 997 580 1066 quomodo
611 1001 1115 1066 perscrutaremur,
1155 1007 1210 1051 et
1234 998 1507 1066 quomodo
1539 997 1690 1066 judi-

86 1103 360 1142 caremus
391 1106 406 1142 :
454 1103 553 1158 per
602 1087 946 1158 frequentem
978 1088 1231 1142 videlicet
1259 1089 1690 1158 inquisitioumn.

87 1179 330 1248 Septem
363 1187 544 1233 autem
600 1178 720 1233 dies
752 1194 862 1232 non
892 1178 1095 1233 frustra
1150 1179 1354 1249 posuit,
1385 1181 1481 1235 sed
1511 1192 1569 1235 ut
1596 1199 1692 1233 uo-

88 1269 411 1322 cessarium
449 1268 707 1338 praesenti
737 1268 1032 1324 intentioni
1061 1284 1350 1324 numerum
1379 1271 1688 1336 honoravit,

92 1360 164 1412 in
197 1359 319 1428 ipso
344 1361 546 1429 quippe
572 1375 738 1415 omne
783 1359 1064 1415 vinculum
1119 1355 1407 1431 omnisque
1433 1363 1692 1435 obligatio

94 1465 176 1503 ex
231 1450 346 1518 lege
389 1451 653 1505 cessabat.
703 1451 838 1506 Nam
887 1453 1047 1508 annis
1101 1462 1307 1523 septem
1339 1453 1690 1510 Hebraeorum

97 1541 460 1597 relaxabatur
508 1544 812 1598 servitium.
849 1544 1078 1599 .lubilaso
1105 1556 1308 1612 autem,
1359 1547 1452 1617 qui
1479 1556 1689 1618 septem

95 1634 396 1687 constabat
429 1633 883 1700 hebdomadibus,
912 1636 1155 1690 omnium
1184 1637 1385 1692 ludatis
1424 1639 1690 1694 concede-

95 1724 273 1778 batur
311 1725 566 1779 remissio
601 1725 934 1794 debitorum,
960 1737 1014 1782 et
1039 1730 1218 1783 omnis
1256 1737 1398 1786 terra
1427 1747 1616 1786 eorum
1655 1747 1686 1785 a

100 1815 439 1883 possidentis
481 1817 690 1871 credito
723 1818 971 1883 liberata,
1001 1821 1328 1876 anteriorem
1371 1823 1686 1878 reverteba-

103 1914 203 1957 tur
229 1905 294 1959 ad
343 1906 646 1961 dominum.
688 1907 793 1963 Sed
825 1917 880 1964 et
908 1910 1286 1982 Babylonicam
1314 1915 1495 1984 populi
1530 1916 1696 1985 capti-

102 1997 339 2050 vitatem
415 2000 820 2070 septuagesimo
867 2017 1010 2058 anno
1041 2003 1342 2060 Jerusalem
1390 2007 1692 2062 restitutam

103 2086 281 2141 fuisse
349 2090 727 2158 cognovimus.
786 2091 1081 2162 Propterea
1135 2095 1326 2150 Petrus
1375 2112 1404 2151 a
1467 2097 1695 2152 Domino

101 2177 357 2246 inquirit,
387 2180 579 2235 dicens
611 2200 622 2235 :
669 2181 728 2237 Si
769 2188 1057 2252 peccaverit
1103 2189 1159 2240 in
1192 2206 1270 2242 me
1307 2191 1474 2266 frater
1526 2209 1693 2258 meus,

102 2271 314 2339 quoties
338 2273 547 2324 dimitto
583 2274 651 2336 ei,
677 2291 836 2345 usque
863 2279 1060 2347 septies
1083 2279 1108 2331 ?
1141 2279 1239 2332 Ille
1269 2290 1446 2334 autent
1479 2300 1693 2353 respon-

102 2359 228 2411 dit:
249 2359 366 2413 Non
397 2361 513 2414 dico
537 2363 649 2429 tibi,
675 2382 836 2435 usque
865 2368 1072 2434 septies,
1103 2369 1192 2421 set!
1218 2387 1375 2440 usque
1401 2374 1696 2443 septuagies

102 2452 386 2520 septies”.
455 2454 932 2526 inquisitionisque
977 2459 1329 2529 pusillitatem
1391 2464 1694 2532 reprehen-

103 2542 271 2606 dens,
301 2543 417 2598 ait:
461 2544 581 2598 Non
614 2547 727 2600 dico
757 2549 849 2602 tibi
890 2552 1101 2619 septies.
1144 2551 1210 2606 Et
1257 2553 1499 2609 subdidit
1543 2575 1554 2609 :
1591 2555 1694 2610 Sed

105 2647 278 2700 usque
328 2637 626 2705 septuagies
669 2640 857 2707 septies
873 2640 942 2693 ’°.
990 2642 1130 2712 Ergo
1159 2657 1260 2697 nec
1286 2644 1365 2698 sic
1392 2645 1460 2698 ab
1501 2647 1691 2699 eodem

106 2733 291 2778 cessat
346 2741 596 2793 numero,
660 2730 752 2784 sed
812 2731 990 2801 ipsum
1044 2734 1430 2803 multiplicans,
1479 2753 1602 2791 cum
1628 2753 1695 2793 eo

107 2814 443 2884 multiplicat
503 2827 557 2873 et
607 2820 1005 2877 remissionem.
1039 2823 1092 2878 Si
1124 2826 1246 2894 quis
1273 2833 1454 2880 autem
1503 2843 1694 2884 rursus

109 2907 373 2976 inquirat,
403 2922 565 2977 quam
596 2910 666 2964 ob
707 2926 928 2967 causam
967 2930 1255 2969 numerum
1301 2917 1449 2972 hunc
1473 2918 1526 2972 iu
1555 2935 1695 2989 prae—

105 2995 277 3050 dictis
324 2998 572 3066 posuerit
614 3000 888 3070 capitulis,
924 3003 1148 3058 brevem
1179 3005 1471 3063 innuemus
1519 3009 1693 3065 ratio-

110 3101 244 3140 nem
274 3103 289 3140 :
320 3103 500 3143 moras
523 3090 746 3161 quippe,
777 3092 906 3148 dum
932 3094 999 3150 ad
1051 3096 1154 3152 alia
1182 3099 1490 3154 necessaria
1530 3118 1692 3173 urge-

112 3193 262 3242 mus,
317 3177 432 3234 ﬁeri
485 3189 702 3252 tempus
761 3198 874 3239 non
903 3187 1129 3255 patitur.
1161 3188 1518 3260 Septenarius
1566 3208 1695 3264 ergo

113 3283 382 3324 numerus
434 3271 601 3326 totius
659 3273 861 3329 habere
913 3278 1204 3345 praesentis
1263 3281 1388 3336 vitae
1455 3284 1700 3340 creditur

115 3359 539 3429 plenitudinem,
584 3379 706 3435 quas
732 3365 786 3420 in
824 3380 884 3423 se
909 3379 1118 3440 septem
1161 3371 1353 3430 diebus
1381 3384 1513 3432 rotae
1537 3377 1700 3435 modo

115 3452 375 3520 volvitur,
420 3449 528 3524 quo
563 3458 856 3528 completo,
886 3469 1036 3517 recte
1060 3478 1222 3519 omne
1250 3465 1529 3522 vinculum
1580 3485 1700 3524 om-

114 3555 296 3609 neque
349 3554 634 3612 peceatum
686 3549 876 3604 saeculi
921 3561 1118 3617 cessat,
1148 3562 1311 3626 atque
1338 3571 1502 3613 omne
1527 3558 1699 3613 servi-

116 3631 279 3684 tium.
311 3635 674 3699 Quamobrem
702 3641 933 3710 septima
968 3643 1020 3696 iu
1045 3643 1244 3701 divinis
1272 3645 1577 3717 Scripturis
1614 3665 1700 3705 re-

113 3724 276 3792 quies
303 3725 634 3794 nominatur,
648 3733 1103 3800 quemadmodum
1119 3745 1174 3792 et
1197 3735 1401 3794 Paulus
1423 3740 1492 3795 de
1520 3740 1698 3812 Moyse

114 3814 194 3867 ait
225 3834 237 3868 :
272 3815 416 3869 Dixit
438 3819 574 3872 enim
619 3821 674 3875 in
705 3825 934 3894 quodam
979 3825 1092 3880 loco
1132 3827 1217 3883 die
1243 3831 1466 3900 septima
1485 3848 1504 3886 :
1529 3830 1621 3887 Sic
1647 3840 1697 3886 et

113 3907 338 3959 cessat-it
401 3907 536 3962 Deus
563 3912 628 3965 ab
670 3915 911 3971 omnibus
955 3918 1196 3986 operibus
1217 3921 1408 3975 suis".
1437 3921 1504 3977 Et
1533 3921 1694 3994 paulo

116 4005 242 4064 post
269 3998 512 4055 subdidit
541 4021 554 4056 :
581 3999 683 4066 Qui
707 4013 886 4058 autem
914 4005 1134 4060 intravit
1180 4007 1236 4060 in
1292 4009 1525 4080 requiem
1555 4009 1692 4078 ejus,

114 4095 167 4138 et
211 4088 318 4154 ipse
357 4091 613 4160 requievit
647 4097 710 4146 ab
769 4097 1009 4166 operibus
1037 4098 1179 4164 suis,
1231 4099 1365 4152 sicut
1410 4106 1461 4152 et
1493 4115 1527 4152 a
1585 4099 1694 4153 suis

115 4177 341 4232 Deus".
373 4179 480 4236 Sed
517 4191 571 4236 et
608 4184 964 4243 Ecclesiastes
990 4188 1107 4244 ait:
1141 4186 1224 4243 Da
1251 4197 1427 4258 partes
1473 4197 1690 4256 septem.

116 4285 316 4324 necum
373 4280 421 4324 et
477 4273 665 4328 octo".
717 4274 1116 4334 Providentiam
1169 4278 1357 4335 haberi
1407 4282 1692 4350 praesentis

111 4362 300 4414 seculi
331 4364 648 4435 praecipiens
673 4376 728 4423 et
749 4368 938 4437 futuri,
966 4381 1232 4441 quatenus
1259 4376 1339 4430 sic
1367 4376 1418 4428 in
1449 4390 1690 4447 praesen-

1796 536 2064 608 frequenti
2091 538 2222 610 legis
2253 537 2602 593 meditatione
2652 538 2989 593 memoriam.
3053 539 3128 594 De
3177 540 3376 610 quibus

1794 630 1941 684 enim
1982 629 2235 700 superius
2269 631 2429 701 plane
2460 641 2622 701 atque
2647 634 2980 686 sutTteienter
3007 635 3274 702 exposuit.
3309 634 3377 688 de

1797 721 1880 775 his
1931 722 2050 776 hmo
2105 739 2292 778 rursus
2337 731 2566 793 apparet
2619 724 2895 796 legislator
2937 724 3171 794 adjicere
3213 744 3226 779 :
3278 726 3378 780 sed

1796 828 1904 866 non
1934 813 2006 866 ita
2037 819 2140 878 est,
2175 830 2300 868 nam
2331 815 2433 868 etsi
2455 814 2635 868 verbis
2667 824 2750 887 est
2781 816 3106 885 proximum,
3142 816 3376 869 multum

1795 911 1976 957 tamen
2002 903 2274 958 diversam
2333 914 2497 973 atque
2550 903 2890 958 dill‘ereutem
2923 903 3087 959 habet
3113 905 3376 959 intentio-

1794 1009 1938 1048 nem.
1970 990 2071 1050 Hic
2099 995 2368 1065 siquidem
2388 1011 2498 1050 non
2527 995 2595 1050 de
2634 997 2878 1068 quolibet
2907 997 3227 1067 simpliciter
3246 1014 3377 1068 pec-

1792 1094 1933 1152 cato,
1960 1087 2057 1142 sed
2083 1086 2150 1142 de
2195 1088 2480 1143 manifesta
2539 1088 2971 1159 transgressione
3021 1089 3206 1159 legalis
3245 1090 3378 1145 dicit

1793 1175 2006 1243 litterae,
2067 1188 2293 1249 propter
2334 1181 2480 1250 quod
2539 1181 2750 1252 plagam
2819 1182 3003 1251 leprte,
3064 1183 3378 1252 passionem

1795 1265 1965 1334 ipsam
1996 1267 2310 1336 appellavit.
2355 1268 2475 1324 Non
2505 1267 2820 1340 ignoramus
2861 1275 3064 1332 autem,
3117 1271 3243 1340 quia
3295 1273 3378 1325 le—

1792 1373 1946 1427 pram
1980 1359 2286 1416 dixerimus
2321 1359 2457 1433 legis
2513 1376 2637 1417 esse
2683 1360 3210 1431 praevaricationem,
3247 1364 3375 1432 quia

1791 1459 1953 1505 nocet
1991 1451 2176 1519 etiam,
2220 1468 2344 1508 cum
2370 1453 2710 1523 particularis
2738 1454 2829 1516 sit,
2865 1454 3005 1507 sicut
3045 1454 3215 1522 lepra,
3253 1456 3378 1509 licet

1791 1554 2010 1608 parvam
2025 1551 2235 1612 partem
2259 1545 2686 1615 comprehendat
2707 1545 2969 1614 corporis.
2999 1544 3170 1610 Quam
3205 1545 3374 1616 legem

1790 1638 1972 1684 autem
2003 1629 2335 1687 existimavit
2362 1632 2636 1703 propriam
2659 1633 2682 1686 ?
2708 1632 2826 1687 Non
2848 1649 2989 1694 eam,
3026 1650 3147 1703 quze
3189 1643 3273 1688 est
3305 1635 3374 1688 de

1794 1721 2085 1777 invidia-et
2116 1722 2404 1790 adulterio,
2447 1725 2744 1796 rapacitate
2788 1735 2843 1779 et
2892 1725 3149 1795 avaritia},
3209 1735 3262 1778 et
3310 1727 3377 1779 de

1797 1811 2128 1867 honorandis
2162 1815 2501 1883 parentibus,
2536 1830 2662 1868 nam
2693 1815 2882 1869 similis
2912 1815 2998 1868 lex
3022 1824 3138 1869 erat
3159 1825 3212 1869 et
3242 1833 3374 1884 gon—

1800 1904 1977 1969 tibus;
2004 1905 2099 1960 sed
2134 1920 2274 1973 eam,
2307 1921 2428 1976 qua:
2463 1907 2530 1961 de
2555 1906 2838 1960 sacrificiis
2876 1915 2931 1960 et
2980 1907 3374 1975 purification’-

1798 1994 1900 2050 bus
1922 1996 2242 2052 sanciebat:
2291 1997 2412 2052 Non
2463 2006 2671 2070 tangas,
2703 2015 2809 2053 non
2853 2009 3056 2069 gustes,
3095 2016 3202 2053 nou
3239 2016 3375 2052 cou-

1798 2091 2000 2140 trectes
2028 2099 2168 2151 eam,
2207 2100 2328 2155 quas
2371 2085 2687 2140 circumcidi
2729 2103 2948 2141 carnem
2995 2087 3206 2156 jubcat.
3245 2087 3375 2141 Ilaec

1797 2175 1941 2228 enim
1966 2175 2264 2246 erantejus
2302 2178 2542 2247 propria,
2593 2193 2715 2232 cum
2755 2180 3008 2248 gentibus
3028 2180 3368 2233 communio.

1798 2275 1924 2316 nem
1947 2277 2057 2317 non
2091 2263 2369 2318 habentia.
2410 2264 2466 2318 Si
2520 2280 2650 2335 ergo
2711 2267 2864 2336 plaga
2899 2266 3062 2335 hujus
3116 2265 3279 2334 leprae
3317 2267 3373 2321 in

1801 2353 2018 2408 homine
2047 2362 2165 2409 orta
2183 2355 2364 2423 fuerit,
2387 2365 2442 2411 et
2469 2356 2660 2412 videns
2707 2372 2830 2412 eum
2882 2359 3155 2423 sacerdos,
3191 2359 3372 2413 album

1798 2445 2037 2500 colorem
2060 2446 2112 2500 in
2141 2456 2266 2502 cute
2309 2449 2667 2518 perspexerit,
2722 2450 3226 2519 praevaricationem
3259 2467 3377 2505 ma-

1797 2532 2072 2602 nifestam,
2147 2547 2502 2607 apertamque
2545 2538 2887 2604 litteraeillae,
2923 2555 3045 2609 qua:
3097 2541 3376 2594 voluntate

1797 2635 1959 2695 atque
1985 2640 2050 2679 ex
2083 2625 2265 2680 studio
2295 2627 2502 2698 egerit:
2550 2626 2652 2681 hoc
2673 2628 2819 2681 enim
2879 2642 3000 2682 esse
3056 2628 3378 2696 capillorum

1797 2724 2077 2786 aspectum
2114 2717 2171 2770 in
2203 2717 2388 2772 album
2414 2719 2632 2782 mutari,
2671 2718 2725 2772 id
2781 2727 2885 2783 est,
2917 2727 3104 2788 aperte
3136 2718 3378 2772 animum

1798 2805 1851 2860 in
1875 2807 2052 2878 aliqua
2083 2808 2530 2878 praevaricatione
2594 2809 2894 2876 transferri,
2948 2809 3200 2881 superius
3235 2809 3380 2864 disi-

1799 2911 1940 2952 mus.
1975 2897 2152 2954 Habet
2170 2907 2352 2953 autem
2393 2899 2510 2970 ipsa
2542 2899 2753 2970 species
2806 2899 2986 2955 vivam
3027 2915 3271 2966 carnem,
3319 2909 3381 2955 ut

1798 2987 1890 3059 qui
1924 2989 2211 3058 videlicet,
2260 2991 2364 3046 etsi
2397 2992 2452 3046 in
2481 2992 2663 3062 aliquo
2697 2991 3112 3063 transgreditur,
3165 2991 3220 3046 in
3259 2992 3381 3047 alils

1720 3124 1765 3186 α
1801 3088 1982 3136 tamen
2011 3083 2186 3154 legem
2215 3083 2479 3138 defendit.
2511 3082 2684 3150 Quam
2710 3082 2912 3140 frustra
2941 3100 3130 3140 sanam
3158 3101 3380 3141 carnem

1804 3173 2119 3245 appellaret,
2141 3175 2249 3231 nisi
2280 3185 2335 3230 et
2369 3175 2562 3231 beatus
2579 3175 2779 3230 Paulus
2803 3176 2881 3232 sic
2914 3177 3059 3232 illam
3078 3177 3383 3247 appellasse

1802 3265 2104 3334 videretur,
2135 3267 2212 3322 ait
2252 3268 2402 3322 enim
2463 3286 2476 3322 :
2540 3267 2951 3337 Justiﬁcationes
3007 3271 3183 3324 carnis
3223 3286 3384 3341 usque

1803 3356 1875 3410 ad
1902 3365 2102 3430 tempus
2133 3360 2465 3414 correctionis
2488 3359 2756 3424 imponitis
2795 3357 2861 3414 “.

1873 3446 2044 3517 Lepra
2065 3452 2414 3505 vetustissima
2438 3451 2786 3521 judicabitur.
2829 3449 3192 3508 Consenescit
3232 3453 3383 3507 enim

1802 3549 2046 3609 peccato,
2077 3551 2132 3596 et
2160 3542 2552 3612 corrumpitur,
2599 3541 2728 3613 quia
2771 3555 3009 3615 pugnam
3037 3543 3094 3597 in
3125 3557 3184 3598 se
3207 3543 3384 3598 contio

1801 3644 1988 3698 uuam,
2014 3637 2069 3684 et
2102 3629 2274 3686 rixam
2304 3631 2488 3697 habet,
2521 3631 2651 3688 dum
2672 3633 2728 3688 in
2745 3632 3020 3703 aliquibus
3074 3633 3248 3705 legem
3285 3633 3381 3688 de-

1801 3720 1981 3790 spicit,
2001 3721 2057 3775 in
2083 3721 2360 3791 aliquibus
2382 3720 2653 3781 defendit.

1873 3812 2094 3881 Propter
2105 3814 2245 3884 quod
2272 3830 2390 3868 eum
2416 3816 2744 3869 contaminat
2760 3817 3004 3871 sacerdos
3024 3826 3071 3872 et
3092 3833 3194 3871 non
3210 3819 3382 3894 reclu-

1799 3905 1894 3958 dit.
1913 3899 2011 3960 Vel
2029 3905 2170 3960 sicut
2191 3903 2353 3972 LXX,
2380 3913 2428 3960 et
2444 3915 2680 3973 separat,
2698 3907 2824 3978 quia
2847 3907 3383 3978 perspicuaimmun-

1797 3995 1928 4050 ditia
1951 4002 2054 4050 est.
2072 3993 2355 4061 Quomodo
2378 3995 2524 4051 enim
2541 4011 2657 4052 non
2672 3997 3063 4052 'abominabilis
3077 4006 3133 4052 et
3153 3998 3383 4053 immun-

1797 4084 1900 4139 dus
1931 4094 2034 4150 est,
2061 4085 2154 4155 qui
2174 4086 2345 4157 legem
2370 4086 2680 4151 inhonorat,
2700 4087 2994 4158 quamipse
3016 4088 3113 4144 sibi
3135 4102 3383 4145 necessa-

1798 4176 1933 4230 riam
1949 4191 2070 4232 esse
2085 4190 2149 4231 es
2162 4185 2316 4247 parte
2334 4177 2708 4242 custodiendo,
2724 4177 3012 4234 conﬁrmat
3030 4179 3056 4232 Τ
3078 4176 3220 4244 Quia
3235 4180 3382 4235 enim

1804 4268 1922 4324 haec
1947 4266 2001 4322 in
2027 4257 2482 4338 subsequentibus
2501 4269 2767 4340 planiora,
2803 4269 3072 4340 nimisque
3097 4270 3382 4326 manifesta

1795 4359 1950 4428 fiunt,
1971 4359 2038 4416 ad
2052 4361 2243 4430 eaipsa
2256 4361 2478 4431 nosjam
2493 4361 2686 4418 ordine
2700 4362 3058 4433 compellente
3078 4379 3379 4435 pergamus.

117 4452 156 4504 ti
208 4456 408 4509 saeculo
435 4457 704 4524 vivamus,
755 4461 901 4516 sicut
921 4473 1308 4534 exspectantes
1334 4468 1599 4522 futurum.
1630 4466 1695 4522 Et
1728 4469 1772 4524 D
1871 4450 2247 4508 vus-1241
2276 4470 2297 4504 ί
2354 4452 2452 4508 δίη
2490 4461 2675 4509 amem
2730 4451 3033 4510 εωστικτίι
3070 4453 3385 4511 discurrens

118 4547 238 4600 lure
284 4550 503 4617 quidem
556 4552 627 4605 ita
676 4567 735 4607 se
760 4553 985 4620 habent,
1014 4557 1109 4612 sed
1135 4574 1260 4613 cum
1291 4559 1481 4630 majori
1508 4559 1695 4615 studio

113 4647 248 4690 sunt
273 4639 611 4695 discutienda
642 4645 948 4714 sequentia.

193 4726 352 4780 Vens.
379 4731 532 4784 9-H.
561 4748 581 4782 σ
615 4731 774 4805 Plaga
813 4735 976 4806 lepra:
1041 4737 1085 4791 si
1119 4735 1283 4792 fuerit
1340 4737 1397 4792 in
1452 4738 1692 4804 homine,

112 4818 418 4873 adducetur
445 4822 511 4875 ad
553 4821 912 4892 sacerdotem,
946 4835 1002 4881 et
1032 4827 1240 4884 videbit
1275 4844 1423 4884 eum.
1454 4829 1698 4900 Cumque

114 4909 266 4962 calor
292 4909 517 4963 albusiu
553 4920 678 4966 cute
714 4911 900 4978 fuerit,
953 4923 1009 4969 et
1044 4914 1362 4984 capillorum
1406 4916 1698 4971 mutaverit

113 5012 421 5070 aspectum,
468 5002 584 5074 ips‘a
610 5020 826 5076 quoque
859 5021 988 5061 caro
1027 5008 1148 5062 viva
1195 5006 1498 5076 apparebit,
1548 5007 1696 5077 lepra

113 5091 481 5144 vetustissima
509 5093 870 5160 iudicabitur,
914 5102 1078 5165 atque
1098 5095 1286 5149 inclita
1335 5095 1465 5149 cuti.
1497 5096 1699 5150 Conta-

113 5178 351 5233 minabit
383 5179 564 5247 itaque
589 5199 710 5237 eum
738 5185 1015 5241 sacerdos.
1049 5193 1105 5240 et
1132 5199 1243 5238 non
1282 5184 1546 5250 recludet,
1573 5186 1698 5255 quia

114 5269 410 5338 perspicue
438 5269 778 5328 immunditia
798 5285 898 5330 est.
935 5294 955 5327 ι

185 5357 305 5411 Non
341 5359 438 5413 tibi
474 5360 692 5416 videtur
709 5366 863 5433 quasi
921 5365 1230 5436 superfluus
1253 5381 1376 5421 esse
1423 5365 1700 5436 legislator

115 5447 421 5517 eademque
454 5459 710 5518 repetens
747 5454 802 5522 in
842 5455 946 5510 hoc
970 5466 1132 5526 atque
1186 5457 1378 5509 eodem
1400 5456 1561 5518 libro,
1605 5453 1700 5508 sed

122 5657 238 5745 ὕπ’
269 5657 443 5745 'Joan.
479 5672 594 5745 sint,
631 5659 819 5715 lii-i7.

153 5729 168 5744 '
189 5725 332 5780 ilebr
379 5745 453 5792 ιχ,
477 5730 526 5781 1.

326 5822 606 5883 ΡΑϊειοι..
638 5821 753 5880 GR.
787 5819 992 5880 XClll.

883 5661 938 5692 ’θ’
970 5660 1155 5716 Matth.
1185 5679 1342 5726 xvm,
1367 5664 1456 5717 21.

1552 5662 1597 5694 ’⁸
1633 5661 1765 5716 ibid.
1801 5661 1892 5716 ΕΞ.

1804 4542 1950 4612 lepra
1983 4541 2216 4610 in‘cute,
2235 4550 2290 4600 et
2323 4545 2602 4615 operuerit
2631 4557 2850 4601 omnem
2908 4554 3093 4606 autem
3117 4561 3165 4601 -ιι
3195 4547 3385 4618 capite

1803 4649 1976 4706 usque
2005 4636 2074 4691 ad
2100 4634 2287 4706 pedes,
2326 4635 2663 4706 etquidquid
2711 4636 2816 4692 sub
2845 4647 3071 4707 aspectu
3098 4637 3384 4693 oculorum

1803 4727 1967 4790 cadit,
1994 4725 2361 4782 considerabit
2399 4743 2526 4782 eum
2579 4728 2855 4792 sacerdos,
2902 4737 2959 4782 et
3005 4727 3178 4782 teneri
3234 4729 3384 4799 lepra

1805 4817 2467 4887 mundissimajudicabit,
2511 4832 2578 4870 eo
2593 4817 2740 4885 quod
2765 4816 2946 4872 omnis
2975 4817 3030 4870 in
3087 4817 3384 4875 candorem

1804 4921 1958 4961 versa
1989 4906 2076 4962 sit.
2100 4906 2168 4960 Et
2189 4904 2391 4959 idcirco
2414 4905 2578 4958 homo
2597 4904 2833 4958 mundus
2852 4905 2977 4958 erit.
3007 4905 3238 4970 Quando
3255 4922 3387 4964 vero

1805 5013 1932 5053 caro
1954 4997 2146 5052 vivens
2177 4998 2232 5051 in
2269 5005 2336 5050 eo
2368 4995 2703 5066 apparuerit,
2733 5004 2866 5051 tunc
2911 4997 3212 5054 sacerdotis
3234 4999 3386 5069 judi-

1769 5102 1775 5110 '
1805 5093 1890 5145 cio
1912 5089 2202 5160 polluetur,
2230 5099 2286 5143 et
2331 5088 2800 5144 interimmundos
2823 5084 3184 5160 reputabitur.
3245 5090 3388 5148 Caro

1806 5183 1952 5237 enim
1972 5183 2114 5249 viva,
2137 5183 2180 5237 si
2204 5183 2354 5252 lepra
2379 5191 2718 5254 aspergatur,
2756 5182 3038 5237 immunda
3070 5189 3177 5238 est.
3229 5182 3385 5249 Quod

1807 5274 1850 5326 si
1877 5289 2066 5329 rursus
2091 5289 2246 5328 versa
2280 5272 2440 5327 fuerit
2479 5273 2534 5326 in
2591 5273 2898 5327 albedinem
2917 5284 2972 5328 et
2999 5281 3170 5329 totum
3206 5274 3385 5330 bomi-

1807 5382 1934 5420 nem
1965 5365 2265 5436 operuerit,
2298 5364 2668 5419 considerabit
2693 5380 2819 5418 eum
2847 5366 3100 5420 sacerdos
3133 5376 3186 5420 et
3221 5380 3384 5422 mun-

1809 5458 1935 5512 dum
1958 5472 2079 5512 esse
2111 5458 2388 5512 decernet.
2427 5473 2456 5506 ι

2536 5662 2581 5694 ¹¹
2610 5661 2742 5716 ibid.
2765 5660 2851 5714 10.

1990 5664 2029 5694 ⁹¹
2068 5661 2233 5717 Hebr.
2279 5675 2351 5726 Iv,
2377 5661 2432 5715 4.
2536 5662 2581 5694 ⁶¹
2610 5661 2742 5716 ibid.
2765 5660 2851 5714 10.
2939 5662 2985 5693 ’³
3016 5659 3192 5717 Ecclc.
3223 5675 3299 5720 ιι.
3321 5658 3381 5714 2.

2983 5820 3058 5881 30
