3886 6306
535 281 641 346 939

1739 268 2098 329 IIESYCHII
2134 267 2606 330 PRESBYTEi‘U
3721 272 3791 335 οω

603 386 723 444 Non
744 399 964 457 egemus
994 382 1178 439 multis
1202 377 1547 435 sermonibus
1579 374 1633 428 in
1665 375 1950 445 prtesentis
2004 374 2109 427 loci
2140 382 2183 438 Α
2213 377 2410 446 frustra
2439 379 2785 433 laboraverim
2812 380 2866 432 in
2891 382 3087 447 vobis‘,
3119 381 3185 435 Et
3212 395 3406 437 rursus
3440 399 3456 433 :
3495 379 3609 445 Qui
3637 382 3692 433 in
3716 382 3790 451 trgi

535 480 873 553 expositione
897 495 915 544 ς
945 474 1227 545 sequentia
1257 470 1551 543 prioribus,
1586 475 1640 521 Cl
1668 466 1848 535 priora
1876 480 2112 534 sequen-
2208 474 2601 543 justi/icamiui,
2624 494 2655 529 a
2688 478 2861 547 gratia
2886 478 3176 531 excessistis
3196 480 3238 532 '.
3266 477 3343 532 De
3370 478 3648 533 Judaicis
3671 482 3789 534 etiam

540 575 681 630 tibus
710 573 777 627 ad
803 567 1307 639 interpretationem
1337 569 1693 616 concurrunt.
1731 555 2113 627 Proliterquod

536 665 769 721 Jacobus
792 662 1043 717 dicebat:
1083 655 1272 712 Omnis
1313 651 1615 724 prophetiae
1647 650 1929 720 Scriptura
1988 665 2114 719 pro—

536 754 654 828 pria
710 748 1161 822 interpretatione
1215 759 1327 798 non
1396 745 1454 796 lit
1501 759 1514 794 :
1572 754 1909 809 unaquazque
1966 738 2112 791 enim

537 849 768 902 maxime
795 860 861 899 ex
899 836 1361 910 consequentibus
1404 834 1747 904 explanatur.
1776 831 2003 900 Lepram
2059 830 2114 883 in

537 947 662 994 cute
695 936 985 991 didicimus
1029 929 1219 1002 legalis
1261 941 1384 981 esse
1444 923 1639 977 littera:
1701 920 2114 991 praevaricatio-

538 1046 683 1084 nem.
719 1027 865 1081 Bene
894 1034 1077 1080 autem
1129 1025 1285 1088 dixit,
1323 1024 1377 1077 in
1403 1032 1552 1088 cute,
1587 1021 1713 1090 quia
1745 1019 2107 1074 Sabbatorun'

536 1119 905 1185 circumcisio,
966 1119 1052 1173 vel
1107 1117 1570 1187 purificationum,
1619 1128 1740 1184 quae
1799 1128 1897 1183 per
1940 1111 2115 1182 legem

535 1210 876 1275 sanciantur,
912 1208 1288 1279 transgressio,
1314 1222 1425 1260 non
1453 1205 1690 1260 aﬂ'erunt
1717 1202 1910 1256 animae
1939 1202 2117 1257 laesio—

536 1317 663 1355 nem
692 1317 704 1353 :
737 1308 955 1355 coercet
987 1300 1188 1368 quippe
1214 1298 1349 1368 legis
1372 1297 1555 1351 littera
1612 1295 1946 1349 exteriorem
2011 1291 2113 1346 ho-

538 1374 761 1448 minem.
789 1394 846 1447 Si
879 1408 1008 1464 ergo
1040 1394 1231 1447 eadem
1278 1392 1426 1461 lepra
1465 1398 1607 1461 tegat
1633 1404 1852 1443 onmem
1909 1396 2111 1452 cutem,

537 1501 565 1538 a
597 1485 773 1555 capite
809 1499 983 1553 usque
1007 1484 1074 1537 ad
1103 1482 1290 1553 pedes,
1315 1491 1369 1536 et
1415 1480 1678 1552 quidquid
1742 1479 1844 1533 sub
1891 1485 2112 1547 aspectu

538 1577 818 1630 oculorum
846 1576 1146 1629 sacerdotis
1180 1574 1345 1640 cadit,
1370 1573 1630 1627 mundum
1686 1586 1811 1625 eum
1844 1570 2110 1625 decernit.

538 1670 593 1723 Si
622 1670 765 1722 enim
793 1655 1060 1738 quispiam
1087 1684 1118 1723 a
1148 1676 1258 1722 tota
1306 1667 1441 1737 legis
1464 1667 1657 1721 littera:
1687 1665 1905 1721 recedat
1928 1673 2112 1719 custo-

538 1758 645 1823 dia,
679 1765 733 1811 et
766 1772 943 1824 neque
976 1755 1446 1810 rircumcisionem
1471 1769 1647 1823 neque
1680 1753 1923 1807 ciborum
1954 1750 2113 1805 dill'c-

541 1846 791 1912 réntiam,
827 1860 1004 1914 neque
1028 1844 1387 1899 Sabbatorum
1411 1842 1735 1908 custodiam,
1781 1856 1885 1895 nec
1941 1840 2113 1910 pollu-

541 1939 769 2002 tionum,
806 1947 901 1992 aut
930 1936 1344 2002 sacriﬁciorum,
1379 1944 1475 1989 aut
1520 1934 1829 2004 aliquorum
1882 1932 2113 1986 aliorum

539 2028 730 2101 talium
754 2038 1005 2083 exerceat
1025 2042 1212 2097 opera,
1283 2026 1377 2081 sed
1425 2027 1493 2080 ab
1547 2026 1803 2080 omnibus
1856 2022 2115 2094 legalibus

538 2120 824 2175 elementis
882 2119 1117 2185 recedat,
1146 2129 1310 2187 atque
1339 2134 1369 2171 a
1402 2118 1580 2187 capite
1637 2132 1810 2186 usque
1835 2115 1900 2168 ad
1926 2115 2111 2185 pedes,

538 2227 567 2265 a
596 2212 770 2280 primo
799 2210 1052 2264 videlicet
1084 2225 1253 2280 usque
1282 2210 1348 2262 ad
1376 2209 1626 2263 ultimum
1659 2209 1852 2262 borum
1887 2207 2113 2261 manda-

540 2314 739 2367 torum,
765 2304 830 2355 ad
862 2302 1083 2356 meliom
1122 2302 1428 2357 cucurrerit
1459 2308 1620 2370 atque
1652 2299 1999 2370 perfectiora,
2023 2300 2102 2354 fec

539 2395 780 2464 reritque
800 2395 901 2447 hoc
930 2394 985 2446 in
1012 2401 1309 2463 conspectu
1332 2392 1653 2458 sacerdotis,
1689 2392 1743 2447 id
1782 2401 1866 2447 est
1885 2391 2111 2456 Christi,

541 2496 597 2553 ut
627 2487 739 2554 ipse
770 2486 960 2538 videns
987 2485 1473 2554 transgressionem
1508 2482 1971 2553 imperfectorum,
1995 2499 2117 2537 sus-

538 2577 719 2645 ci,.iat,
759 2576 929 2629 teneri
965 2589 1089 2628 eum
1122 2576 1268 2644 lepra
1318 2575 1676 2631 mundissima
1716 2575 2001 2645 iudicabit,
2052 2590 2117 2629 eo

539 2666 685 2735 quod
714 2665 893 2718 omnis
925 2664 977 2718 in
1010 2665 1304 2718 candorem
1350 2680 1509 2719 versa
1540 2664 1644 2730 sit;
1697 2665 1764 2718 ad
1813 2663 2115 2717 claritatem

544 2755 793 2808 videlicet
823 2754 910 2808 hic
940 2753 1327 2823 semetipsum,
1361 2753 1428 2807 ad
1476 2752 1845 2823 evangelicam
1883 2767 2117 2807 convcr-

541 2846 803 2900 sationem
842 2845 1134 2909 transtulit,
1172 2846 1321 2899 sicut
1341 2845 1504 2900 modo
1528 2845 1729 2899 auditis
1758 2860 1771 2896 :
1806 2843 2002 2898 Luceat
2028 2843 2119 2898 lux

541 2947 707 3003 restra
749 2952 924 2990 coraut
975 2936 1269 2989 hominibus
1288 2936 1355 2991 ".
1413 2935 1477 2989 Et
1529 2951 1721 2991 rursus
1776 2954 1790 2990 :
1859 2935 2006 2989 Sicut
2063 2936 2119 2988 in

2217 565 2600 622 traditionibus
2619 569 2691 621 ait
2718 587 2730 621 :
2759 568 2812 623 Si
2845 571 2988 623 enim
3019 585 3141 640 quae
3172 569 3458 635 dcstruxi,
3491 572 3620 624 ltzec
3643 574 3789 625 cadas

2215 653 2410 710 iterum
2460 657 2752 723 reanlifico,
2786 669 3243 730 transgressorem
3286 673 3378 712 me
3423 660 3725 713 constituo.

2285 746 2432 812 Quod
2459 751 2503 802 si
2529 750 2672 803 color
2701 766 2882 804 sanus.
2925 749 3039 804 Hoc
3069 760 3154 805 est
3200 751 3353 804 enim
3389 752 3625 816 vivens,
3665 768 3789 805 sana

2216 848 2397 893 autem
2435 839 2634 893 dicitur
2682 841 2982 893 secundum
3026 840 3342 895 Judazorum
3395 842 3789 896 aestimationes

2216 941 2376 999 atque
2400 931 2623 1001 legalem
2652 931 3223 1004 comprehensionem,
3246 948 3364 988 non
3397 945 3604 989 autem
3628 949 3788 989 secun-

2216 1022 2343 1076 dum
2380 1023 2684 1075 veritatem.

2283 1113 2589 1180 Rsccsscrit,
2624 1125 2959 1186 mutatusque
2995 1116 3154 1185 fuerit
3194 1116 3251 1169 in
3300 1115 3533 1169 album.
3565 1115 3626 1170 Id
3654 1126 3724 1170 est
3750 1118 3787 1170 is

2215 1203 2639 1258 ecclesiasticam
2688 1205 3182 1271 conversationem,
3220 1207 3419 1260 veniet
3461 1206 3539 1260 ad
3579 1207 3783 1259 sacerdo-

2218 1300 2345 1360 tem,
2375 1294 2673 1360 Christum,
2702 1304 2755 1349 et
2787 1297 3048 1351 mundum
3082 1312 3208 1350 eum
3248 1312 3380 1352 esse
3435 1297 3704 1361 decernit,
3724 1312 3777 1350 re

2215 1386 2360 1439 niam
2392 1387 2581 1456 primae
2610 1388 2917 1443 concedens
2946 1387 3210 1454 infantiae,
3236 1391 3448 1443 eadem
3481 1388 3690 1443 ratione
3708 1406 3783 1457 qua

2218 1487 2362 1533 totus
2393 1479 2639 1553 leprosus
2666 1496 2731 1533 ex
2761 1480 3128 1547 multitudine,
3148 1499 3270 1551 qua:
3309 1494 3564 1552 putatur
3587 1485 3782 1538 immu-

2215 1568 2379 1635 ditiae,
2403 1571 2700 1624 secundum
2732 1571 2923 1642 legem,
2952 1572 3189 1627 mundus
3203 1572 3479 1627 efficitur.
3504 1573 3585 1628 lla
3606 1573 3783 1641 etplcb

2215 1660 2281 1714 de
2308 1662 2578 1731 gentibus,
2610 1662 2664 1716 in
2695 1663 3040 1718 multitudine
3077 1675 3131 1719 et
3146 1665 3510 1735 perfectione
3540 1664 3782 1737 legalisla-

2218 1763 2364 1818 ter-.e,
2405 1754 2866 1823 praevaricationis
2917 1755 3117 1809 munda
3157 1772 3255 1825 per
3285 1756 3479 1824 ipsam
3506 1757 3675 1827 legem
3700 1755 3783 1808 e6-

2214 1845 2375 1910 citur,
2415 1860 2535 1913 quae
2572 1861 2681 1899 non
2717 1847 2974 1911 litteram,
3039 1847 3134 1901 scd
3200 1848 3528 1916 spiritalem
3589 1848 3780 1903 mandati

2216 1934 2410 2003 qua-rit
2452 1935 2888 2006 intelligentiam.

2284 2027 2449 2083 Vens.
2481 2029 2665 2084 18—25.
2707 2049 2725 2080 ί
2762 2030 2903 2085 Caro
2925 2040 2980 2086 ct
3001 2032 3141 2086 cutis
3181 2031 3234 2083 in
3262 2048 3374 2100 qua
3418 2025 3585 2086 ulcus
3634 2042 3779 2086 natu

2214 2128 2316 2185 est,
2347 2132 2400 2174 et
2428 2130 2697 2186 sanatmn,
2724 2130 2781 2176 et
2820 2123 2877 2176 in
2905 2123 3025 2177 loco
3070 2123 3272 2177 ulceris
3295 2125 3538 2179 cicatrix
3564 2140 3778 2194 apparue-

2216 2211 2286 2265 rit
2311 2211 2453 2273 alba,
2485 2212 2599 2266 sive
2626 2213 2850 2268 subrufa
2886 2213 3206 2278 adducetur,
3243 2215 3426 2268 homo
3457 2215 3531 2270 ad
3562 2214 3777 2269 sacerdo-

2217 2312 2346 2356 tem.
2379 2302 2481 2369 Qui
2514 2320 2635 2358 eum
2656 2304 2849 2359 viderit
2874 2305 3050 2360 locum
3075 2307 3239 2375 lepra:
3264 2307 3629 2361 humiliorem
3654 2321 3778 2359 carne

2217 2391 2442 2460 reliqua,
2479 2402 2533 2446 et
2554 2393 2690 2462 pilos
2724 2409 2912 2449 versos
2947 2395 3001 2448 in
3051 2396 3379 2462 candorem,
3416 2396 3777 2451 contaminant

2216 2500 2340 2539 cum
2375 2503 2387 2538 :
2430 2485 2585 2556 plaga
2619 2486 2764 2541 enim
2794 2487 2958 2557 leprte
2996 2495 3115 2542 orta
3143 2497 3227 2541 est
3253 2487 3311 2540 in
3346 2488 3569 2543 ulcere.
3593 2489 3774 2555 Quodsi

2217 2574 2360 2642 pilus
2388 2574 2584 2629 coloris
2610 2585 2689 2629 est
2718 2574 2957 2645 pristini,
2993 2583 3050 2629 ct
3079 2576 3311 2629 cicatrix
3332 2578 3702 2639 subobscura.
3738 2586 3775 2628 et

2216 2663 2396 2717 vicina
2422 2679 2551 2718 caro
2580 2679 2690 2717 non
2721 2672 2807 2719 est
2838 2664 3115 2732 humilior,
3158 2665 3419 2719 recludet
3443 2683 3577 2721 eum
3602 2677 3770 2737 septem

2218 2757 2431 2816 diebus.
2458 2764 2513 2810 ct
2541 2757 2585 2809 si
2634 2757 2852 2825 quidem
2894 2756 3149 2822 creverit,
3193 2756 3556 2826 adjudicabit
3581 2774 3694 2812 eum
3722 2757 3775 2808 le-

2219 2867 2350 2922 prze.
2381 2850 2476 2904 Siu
2501 2858 2682 2904 autem
2717 2849 2928 2904 steterit
2961 2850 3013 2903 in
3059 2850 3180 2904 loco
3200 2864 3322 2913 suo,
3378 2850 3595 2905 ulceris
3627 2851 3773 2904 estci-

2220 2942 2411 3007 catrix,
2449 2950 2505 2995 et
2534 2941 2699 2995 homo
2742 2941 2980 2996 mundus
3003 2941 3131 2995 erit.
3167 2960 3185 2991 ι

540 3031 623 3083 die
700 3031 909 3084 honeste
986 3027 1315 3081 ambulemus
1348 3028 1417 3081 ".
1493 3026 1725 3098 Propter
1799 3027 1944 3098 quod
2023 3026 2191 3111 ﬁliic
2291 3032 2453 3086 Beata
2486 3040 2571 3086 est
2594 3031 2852 3087 continua
2880 3031 3011 3103 legis
3046 3031 3351 3098 meditatio,
3377 3043 3561 3104 atque
3585 3047 3774 3088 conver-

545 3121 700 3188 lacis,
773 3136 883 3175 non
961 3120 1139 3175 noctis
1188 3135 1367 3190 neque
1433 3120 1779 3175 tenebrarum
1828 3119 2119 3175 nominan-

547 3225 654 3267 Illl'.

611 3302 761 3368 Quod
784 3303 831 3357 si
859 3319 982 3357 caro
1005 3302 1120 3358 viva
1148 3303 1204 3356 iu
1232 3319 1294 3356 ea
1317 3305 1650 3373 apparuerit.
1687 3303 1742 3358 ω
1773 3312 1878 3372 est,
1929 3303 2119 3360 Iudai-

544 3412 666 3451 cum
700 3395 1037 3462 mandatum,
1070 3386 1197 3464 quia
1251 3395 1493 3450 viventia
1551 3411 1661 3451 non
1703 3406 1927 3468 propter
1969 3395 2117 3451 acci-

543 3492 777 3563 pientes,
809 3491 902 3545 sed
936 3499 1160 3562 propter
1181 3490 1375 3547 dantes
1421 3490 1509 3545 illa
1546 3500 1826 3562 putantur
1880 3491 2115 3562 eloquia,

542 3581 715 3657 magis
735 3588 915 3657 autem
938 3590 993 3635 et
1018 3588 1240 3652 propter
1282 3581 1640 3651 accipientes.
1690 3581 1746 3635 Si
1814 3583 2116 3638 secundum

544 3654 694 3747 illum
718 3654 959 3739 modum,
981 3685 1102 3741 qua:
1130 3671 1255 3727 data
1277 3679 1428 3740 sunt,
1457 3672 1856 3739 custodiantur,
1892 3688 2119 3733 necesse

542 3772 646 3830 est,
670 3772 730 3817 ut
756 3764 845 3833 qui
884 3778 986 3818 nec
1025 3763 1140 3823 hac
1165 3773 1446 3835 operatur,
1509 3780 1687 3835 neque
1717 3764 1807 3819 illa
1846 3781 1877 3819 a
1918 3765 2117 3834 quibus

545 3856 787 3920 recessit,
816 3854 1109 3925 polluatur.
1140 3855 1247 3912 Sed
1282 3856 1561 3926 utriusque
1592 3855 1970 3927 probationem
1986 3872 2115 3927 pro-

544 3945 801 4002 feramus.
858 3945 1110 4001 Viventia
1158 3947 1382 4017 quidem
1440 3948 1567 4018 quia
1613 3948 1868 4004 dicantur
1924 3949 2116 4019 legalia

543 4034 849 4090 Judreorum
874 4038 1149 4105 mandata,
1182 4038 1465 4093 audiamus
1489 4037 1830 4109 Stephanum
1852 4038 1920 4093 de
1937 4038 2117 4109 Moyse

541 4127 742 4181 Julia-is
767 4129 1075 4213 dicentem:
1111 4129 1213 4183 llic
1245 4140 1318 4184 est
1363 4133 1453 4201 qui
1499 4132 1599 4201 fuit
1642 4132 1695 4185 in
1749 4130 2005 4194 Ecclesia,
2060 4131 2136 4190 inf

542 4234 712 4272 eremo
743 4234 858 4271 cum
889 4219 1097 4291 angelo,
1126 4222 1215 4290 qui
1238 4219 1543 4289 loquebatur
1587 4222 1634 4274 ei
1661 4223 1715 4275 in
1761 4230 1933 4276 monte
1959 4218 2113 4288 Sina,

542 4317 589 4361 ct
619 4324 735 4360 cum
760 4309 999 4376 patribus
1029 4312 1243 4375 nostris,
1275 4311 1365 4380 qui
1426 4311 1648 4378 suscepit
1676 4311 1830 4365 verba
1889 4311 2115 4365 viventia

2225 3120 2382 3186 satio,
2418 3120 2727 3189 haberequc
2763 3135 2979 3191 semper
3008 3121 3063 3175 in
3095 3123 3348 3177 manibus
3380 3124 3717 3185 thesaurum,
3730 3138 3777 3176 es

2224 3228 2332 3282 quo
2361 3210 2687 3282 cognitionis
2709 3211 2802 3265 Dei
2824 3212 3130 3282 procedunt
3161 3212 3393 3268 divitia‘.
3441 3214 3775 3281 Quamobren

2224 3317 2326 3356 nos
2343 3302 2557 3372 qnoque
2578 3316 2699 3355 cum
2730 3301 2878 3356 omni
2901 3301 3101 3368 studio,
3137 3317 3200 3355 ea
3229 3318 3353 3371 qua:
3383 3319 3549 3360 nunc
3575 3314 3696 3359 sunt
3738 3304 3777 3354 in

2225 3392 2403 3447 littera
2425 3392 2668 3458 latentia,
2713 3394 3111 3464 perquiramus.
3126 3394 3309 3450 ‘Ulcus
3337 3405 3546 3452 natum
3577 3408 3631 3451 et
3651 3410 3771 3452 sana-

2226 3494 2361 3553 tum,
2386 3503 2480 3558 per
2502 3485 2878 3557 paenitentiam
2918 3496 3166 3541 curatum
3196 3497 3500 3557 peccatum
3541 3499 3642 3546 est.
3667 3487 3776 3552 Quid

2223 3578 2367 3632 enim
2389 3578 2467 3633 sic
2503 3577 3022 3642 vulneratanimam,
3052 3588 3106 3633 et
3127 3580 3362 3648 complet
3393 3582 3653 3647 maculis,
3672 3596 3769 3649 quo-

2222 3668 2385 3723 modo
2408 3669 2724 3741 peccatum?
2748 3667 2901 3724 Unde
2936 3678 2993 3725 et
3028 3669 3194 3725 David
3238 3670 3463 3726 dicebat
3520 3690 3536 3726 :
3591 3671 3776 3738 Cum

2225 3768 2481 3824 truerunt,
2502 3771 2549 3813 et
2576 3760 3023 3815 deterioraverunt
3064 3762 3333 3816 cicatrices
3383 3780 3551 3831 mea,
3592 3781 3624 3817 a
3673 3764 3771 3833 facit

2222 3851 2535 3919 insipientia:
2572 3867 2700 3905 mere
2719 3851 2760 3905 ³.
2812 3851 2951 3918 Quid
2997 3861 3181 3907 autem
3212 3869 3405 3908 rursus
3425 3863 3595 3910 curat
3617 3854 3773 3909 anim

2224 3941 2462 3996 vulnus?
2493 3942 2612 4009 Quo
2651 3952 2869 4013 oportet
2898 3944 3061 3999 modo
3099 3954 3317 4014 peracta
3344 3947 3691 4015 paenitentia,
3715 3944 3771 3996 lo-

2221 4050 2319 4089 cus
2352 4034 2514 4104 hujus
2548 4036 2791 4091 vulneris
2813 4045 2898 4091 est
2934 4038 3076 4092 actio
3091 4046 3145 4091 et
3166 4037 3461 4092 consilium
3483 4041 3631 4094 circa
3659 4036 3770 4107 quod

2220 4134 2503 4194 peccatum
2534 4136 2746 4198 gestum
2773 4135 2879 4193 est,
2900 4128 3068 4182 veluti
3100 4126 3266 4182 David
3294 4127 3455 4183 locus
3494 4126 3769 4185 ulcerisfuit

2222 4216 2554 4272 desiderium
2576 4217 2843 4295 corporis,
2885 4231 3110 4291 propter
3159 4221 3299 4275 hanc
3336 4220 3493 4276 enim
3514 4232 3572 4278 et
3597 4223 3648 4275 in
3671 4220 3769 4273 Ber-

2222 4310 2383 4364 sabee
2441 4309 2788 4374 adulterium,
2834 4320 2891 4365 et
2938 4312 2994 4365 in
3048 4312 3233 4367 Uriam
3286 4314 3577 4370 homicidii
3605 4314 3764 4368 crimen

543 4394 671 4452 dare
701 4399 843 4451 nobis
871 4398 939 4452 ".
979 4400 1120 4455 Ecce
1152 4401 1315 4457 verba
1348 4400 1582 4455 viventia
1625 4401 1918 4471 appellavit
1952 4403 2115 4473 justi-
2148 4399 2190 4454 D
2219 4402 2437 4456 admisit
2461 4400 2514 4467 ⁸;
2536 4401 2722 4456 Achab
2742 4411 2925 4456 autem
2951 4403 3238 4473 cupiditas,
3264 4419 3363 4473 per
3386 4420 3560 4473 quam
3580 4406 3628 4459 in
3651 4416 3765 4456 amo-

548 4486 825 4569 iicationes
851 4486 1004 4558 legis.
1024 4486 1163 4554 Quid
1205 4496 1386 4542 autem
1414 4490 1687 4545 subdidit?
1719 4489 2115 4547 Cuinotuerunt

545 4571 838 4626 obedientes
860 4589 967 4628 esse
1000 4584 1178 4645 patres
1219 4578 1384 4631 nostri
1409 4578 1475 4633 ".
1512 4580 1578 4633 Et
1636 4580 1853 4648 quidem
1897 4581 2117 4637 obedie-

543 4670 673 4716 runt
698 4671 958 4731 quantum
982 4664 1050 4719 ad
1087 4664 1277 4721 faciem
1306 4669 1615 4739 apparentis
1652 4669 1862 4735 litterae.
1893 4673 1989 4727 sed
2007 4687 2118 4727 non

542 4752 764 4808 obedire
790 4753 945 4824 dixit,
973 4772 1081 4811 non
1110 4757 1335 4814 obedire
1409 4762 1600 4824 menti,
1640 4778 1745 4818 nec
1806 4764 2115 4832 intentioni,

541 4838 637 4895 sed
670 4840 724 4894 in
761 4839 890 4896 solis
937 4842 1134 4900 litteris
1181 4845 1354 4917 legem
1394 4848 1597 4915 dantis,
1646 4852 1798 4919 Quod
1850 4861 2033 4906 autem
2084 4868 2116 4907 a

543 4931 805 4987 servitute
842 4933 975 5004 legis
1015 4937 1296 5005 recedens,
1329 4948 1384 4993 et
1436 4952 1624 5011 postea
1672 4944 1950 5014 quidpiam
1980 4945 2115 5016 legis

542 5036 757 5091 gerens,
821 5026 1234 5095 reprehensioni
1302 5032 1623 5086 sacerdotali
1686 5035 1992 5104 subjicitur,
2062 5046 2117 5091 ct

544 5110 689 5164 inter
749 5112 1059 5167 immundos
1099 5126 1397 5185 reputatur,
1442 5122 1599 5175 docet
1661 5121 1859 5177 Paulus
1914 5124 2114 5180 Calatis

543 5201 867 5271 praecipiens
909 5222 922 5257 :
952 5203 1085 5258 Ecce
1113 5222 1205 5276 ego
1234 5206 1434 5261 Paulus
1454 5212 1568 5262 dico
1596 5212 1734 5265 vo'u's
1756 5229 1773 5268 :
1808 5213 1867 5267 Si
1887 5216 2113 5268 circum-

544 5290 803 5357 cidimini,
842 5291 1078 5349 Christus
1104 5297 1240 5350 vobis
1263 5298 1395 5351 nihil
1437 5301 1647 5368 prodest
1676 5304 1739 5359 ".
1786 5304 1849 5359 Et
1872 5321 2062 5361 rursus
2097 5325 2111 5361 :

488 5376 491 5379 ’
546 5380 669 5438 Dies
693 5383 987 5447 custoditis,
1039 5394 1087 5440 et
1117 5402 1332 5451 menses,
1375 5399 1423 5442 et
1461 5408 1646 5457 annos,
1690 5394 1847 5448 timeo
1882 5412 1945 5449 ne
1982 5398 2114 5466 forte

620 5599 880 5676 f'lllatth.
915 5626 966 5671 v,
1006 5610 1087 5662 l6.
1196 5611 1242 5642 ”
1270 5609 1429 5665 Rom.
1463 5628 1583 5676 snt,
1618 5612 1703 5664 15.

1810 5614 1857 5645 ’⁷
1893 5612 2010 5668 Act.
2040 5631 2134 5682 \‘ll,
2175 5618 2263 5671 '58.

2222 4508 2336 4547 rem
2371 4492 2559 4546 Nabod
2595 4493 2768 4548 vineae
2793 4494 3031 4549 concidit
3068 4496 3125 4562 ⁸;
3170 4494 3324 4549 Judm
3388 4512 3526 4551 vero
3565 4495 3764 4554 avaritia.

2224 4587 2340 4641 haec
2367 4589 2513 4641 enim
2541 4587 2866 4657 proditionis
2894 4588 3184 4653 consilium
3226 4588 3375 4643 dedit
3398 4606 3414 4655 ;
3460 4589 3764 4644 Paulo‘vm

2224 4690 2323 4744 per
2349 4675 2711 4746 ignorantiam
2753 4676 2925 4744 zelus,
2951 4692 2981 4731 a
3030 4693 3139 4748 quo
3167 4677 3415 4733 devictus
3453 4678 3644 4734 Jcsum
3670 4688 3762 4746 pet-

2224 4774 2445 4819 sccutus
2464 4776 2566 4820 est.

2292 4856 2354 4909 In
2380 4856 2487 4910 loco
2508 4856 2692 4911 ulceris
2717 4857 2941 4912 cicatrix
2973 4858 3118 4912 alba.
3156 4857 3213 4913 ιιι
3252 4869 3338 4913 est
3376 4859 3580 4924 lucida,
3611 4866 3660 4913 et
3712 4854 3762 4905 ita

2222 4946 2530 5010 manifesta,
2573 4954 2631 5000 ut
2685 4947 2851 5001 etiam
2877 4948 2944 5002 de
2972 4948 3131 5019 longe
3166 4948 3431 5015 videatur,
3467 4949 3523 5003 id
3549 4960 3649 5012 est,
3673 4960 3761 5015 qn!

2221 5036 2403 5090 evenit
2429 5038 2683 5107 peccandi
2713 5053 2777 5092 ex
2804 5049 3029 5108 peccato
3050 5042 3403 5110 praesumptio
3430 5057 3442 5091 :
3500 5038 3760 5095 secundum

2220 5141 2380 5196 quam
2410 5128 2498 5191 ille
2533 5138 2756 5199 prOpter
2788 5130 2892 5185 hoc
2917 5131 3060 5200 quod
3118 5131 3287 5186 semel
3330 5132 3665 5188 adulterata:
3704 5136 3761 5179 ῆι

2221 5217 2451 5280 adulter,
2481 5219 2567 5272 hic
2590 5230 2769 5274 autem
2797 5229 3018 5289 propter
3073 5223 3506 5291 perm-cntionem
3542 5233 3757 5292 persten-

2223 5315 2326 5367 tor.
2348 5308 2484 5361 alter
2508 5318 2689 5364 autem
2723 5321 2947 5380 propter
3000 5312 3348 5368 latrocinium
3389 5315 3552 5381 latro,
3583 5306 3755 5368 etiamsi

2218 5396 2328 5466 jam
2363 5414 2390 5449 a
2426 5397 2516 5452 tali
2563 5400 2778 5454 actione
2834 5412 3157 5470 recesserat,
3211 5404 3536 5474 appellatur.
3597 5403 3755 5458 Annal

2373 5618 2419 5687 Ῥ
2450 5620 2582 5676 ibid.
2625 5621 2714 5677 59.
2792 5623 2837 5655 οο
2871 5620 3046 5677 Galat.
3087 5640 3149 5687 ν,
3177 5624 3233 5679 2.
3330 5624 3551 5679 'Galat.
3591 5639 3656 5687 ιν,
3684 5620 3752 5671 u.

548 5670 572 5704 ⁸
595 5670 772 5766 Galat.
818 5693 869 5736 v.
909 5670 961 5742 4
1030 5680 1049 5710 ³
1078 5680 1217 5733 Psal.
1257 5696 1460 5747 xxnn,
1496 5670 1579 5736 6..
1624 5681 1645 5713 ⁸
1675 5682 1719 5736 ll
1769 5683 1900 5753 ltcg.
1935 5700 2010 5751 xi,
2059 5670 2272 5756 ita”.
2350 5688 2369 5719 ⁸
2394 5670 2819 5761 ntuligfii-m,
2854 5670 3058 5763 (sali.
3260 5670 3595 5760 Τὶιηῖῖξ-ἶὸξ
