3886 6306
69 366 190 441 961

1220 351 1302 428 ix
1345 353 1781 429 LEl'lTlCUM.
1815 393 1884 405 -—
1925 355 2072 429 Lis.
2108 354 2205 432 Iv'.

3244 374 3349 438 942

71 493 191 546 huc
220 482 441 541 nomine
461 482 616 537 Raab
641 481 981 536 mer-tricem
1031 491 1152 551 post
1186 484 1383 536 multas
1442 496 1670 553 genera-
1701 490 1739 543 Α
1771 497 1882 536 non
1909 490 2092 536 autem
2127 479 2254 551 quia
2290 478 2469 535 adhuc
2504 478 2761 549 patiatur,
2804 480 3068 536 ostendit.
3095 479 3200 538 Sed
3230 494 3349 540 uta-

69 582 279 639 tioncs,
303 588 538 643 eamque
566 586 688 641 quae
728 571 956 626 Domino
985 580 1321 642 unguentum
1348 573 1546 627 obtulit
1577 587 1670 642 ap-

70 670 372 741 pellamus,
403 679 529 721 cum
561 673 806 731 utraeque
832 677 891 717 se
916 678 947 716 a
972 662 1331 718 fornicatione
1360 663 1666 732 suspende-

68 759 230 815 rint'?
255 756 364 811 Sed
381 755 740 825 quamobrem
755 762 882 808 eum
909 754 1065 808 ulcus
1083 753 1310 808 dixisset
1337 755 1540 818 album,
1567 754 1671 808 hoc

71 856 263 924 ipsum
297 842 483 904 tamen
520 847 657 902 dixit
679 847 861 902 album
903 862 999 902 seu
1031 845 1210 901 rufum
1241 846 1394 900 ﬁeri?
1417 845 1543 915 quia
1590 846 1672 899 al-

71 947 211 998 hnm
234 942 456 1013 quidem
488 939 645 1005 dixit,
674 939 820 1009 quod
846 938 908 992 ﬁt
928 953 993 992 ex
1023 938 1250 992 vulnere
1280 937 1469 1008 legalis
1495 945 1672 992 trans-

70 1032 420 1103 gressionis,
474 1031 651 1085 albam
705 1030 874 1101 legem
934 1043 1156 1084 vocans.
1208 1028 1327 1083 Non
1364 1029 1508 1083 enim
1555 1037 1674 1083 erat

68 1125 344 1180 calefacta
374 1124 501 1178 Sole
527 1120 777 1192 iustitiae,
820 1129 873 1175 et
895 1129 1180 1190 propterea
1213 1120 1378 1174 rubra
1401 1135 1510 1174 non
1530 1128 1666 1171 t-rut.

75 1216 226 1288 Ergo
247 1216 472 1270 rubrum
497 1214 643 1283 quod
674 1227 741 1266 ex
782 1211 1095 1281 evangelica
1140 1211 1292 1265 venit
1343 1212 1674 1281 praevaricaé

73 1309 255 1374 tione,
308 1305 618 1361 evidentius
671 1304 994 1374 appellatur.
1056 1302 1561 1371 lltrumquetamen
1618 1303 1671 1354 in

68 1399 364 1454 Christum
396 1406 502 1461 est,
533 1396 588 1450 in
607 1412 715 1466 quo
745 1397 814 1450 ab
874 1395 1115 1449 Ecclesia
1147 1394 1201 1448 in
1228 1394 1472 1450 Canticis
1494 1397 1673 1449 canti-

70 1505 276 1546 corum
327 1489 577 1544 dicitur:
632 1487 900 1541 Patruelis
934 1502 1077 1539 meus
1136 1485 1288 1538 albus
1321 1493 1369 1538 et
1428 1485 1674 1538 rubicun-

72 1584 181 1636 dus
214 1582 257 1635 ⁷.
300 1580 477 1651 Ipsius
512 1580 660 1633 enim
687 1586 776 1633 est
808 1578 917 1638 lex,
951 1578 1122 1646 ipsius
1143 1574 1517 1651 Evangelium,
1557 1576 1672 1645 ipse

76 1674 242 1742 prius
274 1672 518 1742 legalitcr
544 1658 926 1731 circumcisus,
966 1677 1021 1722 et
1053 1683 1150 1737 pro
1173 1668 1562 1722 emundatione
1588 1667 1672 1721 oi-

75 1767 294 1832 ferens,
325 1765 642 1836 evangeliee
700 1773 885 1834 postea
937 1774 1316 1829 conversatus,
1357 1762 1669 1817 indecorum

75 1851 433 1927 haptismata,
484 1855 815 1925 Sabbatique
871 1855 1197 1919 custodiam,
1255 1863 1311 1909 et
1352 1855 1674 1924 temporales

77 1948 371 2017 prohibuit
403 1947 835 2017 purificationes.
874 1944 980 1999 Sed
1004 1961 1125 2015 quae
1155 1954 1258 2009 est,
1283 1945 1486 2015 inquis,
1539 1946 1672 2013 legis

78 2041 490 2112 transgressio?
521 2038 600 2093 Ad
624 2039 804 2109 ipsum
853 2039 1136 2109 pertinens
1159 2037 1345 2107 utique
1367 2037 1667 2102 Christum,

76 2134 313 2202 ejusque
356 2130 694 2202 mysterium,
746 2129 801 2183 id
841 2139 945 2196 eSI,
987 2128 1271 2198 idolothyti
1310 2129 1487 2182 omnis
1547 2143 1673 2181 san-

76 2221 289 2291 guinis,
325 2229 378 2274 et
410 2219 662 2274 suli‘oeati
693 2233 842 2273 esus.
872 2217 1006 2271 Nam
1040 2218 1161 2272 haec
1193 2217 1295 2272 etsi
1328 2217 1673 2288 legalia'sunt’

81 2321 383 2382 prmcepta,
416 2310 713 2366 Ecclesiam
773 2318 953 2364 tamen
1007 2325 1070 2364 ea
1104 2309 1381 2365 custodire
1443 2310 1670 2379 apostoli

80 2411 492 2472 praeceperunt,
517 2402 660 2471 quod
688 2402 928 2456 ostendit
960 2400 1201 2455 Jacobus
1228 2402 1414 2457 dicens
1444 2419 1456 2454 :
1502 2401 1673 2455 Visum

81 2504 164 2548 est
191 2503 382 2549 sancto
399 2492 647 2561 Spiritui,
681 2500 728 2546 et
754 2493 922 2558 nobis,
954 2492 1086 2545 nihil
1137 2490 1366 2560 amplius
1414 2492 1674 2560 superim-

82 2598 286 2654 ponere
312 2582 455 2636 vobis
496 2582 687 2647 oneris,
719 2582 945 2651 exceptis
998 2582 1097 2647 his,
1131 2581 1395 2635 abstinere
1420 2581 1484 2634 ab
1505 2580 1674 2635 idolo-

84 2675 268 2747 thytis,
302 2683 352 2728 et
414 2672 691 2743 sanguine,
732 2682 782 2726 et
843 2673 1114 2743 suﬂ'ocato,
1159 2680 1207 2725 et
1252 2673 1604 2740 fornicatione
1626 2672 1669 2725 ⁸.

87 2765 415 2835 Evangelica
437 2773 522 2818 est
549 2773 753 2830 autem,
772 2779 893 2834 qua:
918 2763 1020 2818 etsi
1043 2779 1151 2818 non
1182 2763 1482 2819 secundum
1501 2764 1674 2834 legem

87 2866 211 2908 erat
242 2873 255 2908 :
282 2854 589 2920 Quicunque
611 2854 801 2907 dixerit
819 2854 983 2923 fratri
1037 2869 1158 2919 suo,
1194 2852 1383 2914 Fatue,
1428 2870 1547 2906 reus
1576 2853 1676 2907 erit

77 2945 312 3016 judicio.
348 2945 410 2998 Et
433 2946 525 3015 qui
555 2944 744 2998 viderit
788 2944 1064 2997 mulierem
1113 2946 1184 2996 ad
1208 2942 1677 3011 concupiscendum

87 3054 238 3103 eam,
249 3037 368 3106 jam
390 3036 677 3090 mehatus
709 3045 783 3089 est
823 3051 942 3089 eam
1003 3036 1059 3089 in
1086 3036 1240 3088 corde
1261 3050 1355 3088 suo
1378 3036 1421 3086 ⁸.
1459 3034 1517 3088 Si
1548 3049 1677 3104 ergo

87 3138 292 3184 sanato
320 3129 462 3194 albo,
503 3136 559 3182 et
595 3126 917 3196 ptenitentia
941 3135 1132 3181 curato
1178 3134 1426 3194 peccato,
1461 3125 1517 3179 in
1560 3126 1677 3181 loco

96 3218 325 3285 ulceris,
364 3218 420 3272 in
444 3217 665 3288 regione
713 3216 970 3271 videlicet
998 3215 1229 3286 peccati,
1282 3215 1437 3269 ulcus
1494 3215 1677 3270 album

88 3320 185 3363 aut
211 3309 438 3362 rubeant
483 3308 751 3373 videatur,
796 3315 945 3361 secta
969 3307 1219 3375 quaedam
1253 3305 1501 3374 praedicti
1550 3320 1678 3375 pec-

88 3402 196 3455 (illi
227 3400 550 3470 evangelici,
599 3399 717 3453 sive
775 3399 983 3470 legalis,
1022 3397 1164 3467 apud
1216 3406 1533 3466 peccantem
1592 3412 1680 3452 re-

91 3504 245 3562 perta
273 3493 455 3560 fuerit,
488 3491 806 3548 necessarie
832 3491 900 3547 ad
928 3489 1194 3561 judicium
1228 3489 1332 3544 hoc
1380 3489 1679 3546 sacerdotis

98 3585 272 3641 venit.

163 3674 270 3740 Qui
298 3675 345 3728 si
383 3674 573 3729 viderit
606 3673 776 3729 locum
814 3673 975 3744 lepra:
998 3673 1330 3728 humiliorem
1356 3688 1517 3728 carne
1551 3672 1677 3727 reli-

96 3782 227 3836 qua.
264 3766 321 3822 Id
358 3773 463 3831 est,
503 3765 849 3821 humiliorem
897 3765 1096 3821 factam
1125 3778 1154 3819 a
1179 3765 1469 3834 semetipsa
1524 3779 1680 3820 men—

94 3867 206 3912 tem
251 3856 906 3926 manifestequesnimum
932 3865 1201 3910 mutatum
1254 3855 1322 3910 ad
1390 3855 1674 3925 malitiam,

94 3949 200 4005 hoc
220 3949 369 4003 enim
398 3956 484 4005 est
507 3949 646 4019 pilos
677 3948 732 4002 in
770 3948 1065 4003 candorem
1088 3948 1245 4014 verti,
1288 3947 1683 4003 contaminabit

92 4058 220 4097 eum
251 4043 529 4098 sacerdos.
564 4042 746 4097 Semel
790 4042 939 4097 enim
986 4041 1043 4096 in
1090 4041 1411 4097 habitudine
1468 4043 1678 4112 peccati

94 4135 278 4190 factus
308 4143 413 4201 est,
440 4142 496 4189 et
534 4134 730 4189 anima:
758 4135 899 4188 mala
944 4133 1192 4203 depastio
1220 4147 1319 4202 per
1343 4133 1498 4189 ulcus
1526 4135 1682 4190 incu-

96 4227 234 4294 buit,
289 4227 439 4282 unde
491 4226 699 4297 lepram
750 4241 819 4281 ex
853 4227 1103 4293 vulnere,
1136 4234 1194 4280 et
1226 4224 1509 4282 ﬂorentem
1558 4243 1679 4283 eam

92 4321 408 4389 passionem
433 4318 711 4389 legislator
733 4319 1043 4388 appellavit.

161 4410 321 4476 Quod
335 4412 384 4465 si
414 4409 557 4481 pilus
576 4409 766 4465 coloris
795 4420 870 4465 est
889 4412 1122 4480 pristini,
1170 4422 1216 4468 et
1249 4413 1471 4467 cicatrix
1491 4410 1680 4465 subob-

1773 586 1896 625 mur
1947 571 2212 641 exemplis
2234 570 2322 625 his
2347 571 2413 624 ad
2454 570 2709 625 subtilem
2740 571 3122 641 praedictorum
3152 577 3353 644 proba-

1773 663 2001 717 tionem.-
2038 662 2293 717 Peccavit
2321 661 2531 715 Pilatus
2585 661 2640 716 in
2684 663 2939 727 Domino,
2967 680 3188 720 causam
3241 683 3351 722 non

1772 752 2058 808 inveniens
2088 754 2143 806 in
2167 768 2238 808 eo
2268 753 2479 814 mortis.
2511 761 2568 808 et
2592 762 2771 807 tamen
2791 754 3164 810 condemnaus
3190 771 3313 811 eum
3332 774 3350 811 :

1772 845 1864 899 sed
1898 845 2103 915 peccati
2144 846 2307 915 hujus
2331 846 2485 900 ulcus
2516 852 2765 900 sanatum
2817 854 2922 912 est,
2967 861 3093 900 cum
3158 856 3357 904 manus

1774 937 2014 1003 lavisset,
2043 938 2101 993 et
2127 938 2359 993 dixisset
2390 953 2404 991 :
2441 936 2677 992 Mundus
2727 953 2822 1008 ego
2872 954 2987 992 sum
3029 954 3063 991 α
3098 941 3359 1011 sanguine

1765 1030 1899 1099 justi
1927 1030 2086 1099 hujus
2115 1032 2178 1086 ιο.
2209 1031 2314 1086 Sed
2339 1046 2448 1086 non
2480 1030 2868 1101 perseveravit,
2900 1042 3027 1085 cum
3076 1031 3357 1089 Christum

1774 1131 1959 1192 postea
1994 1121 2366 1193 ﬂagellaverit.
2405 1125 2546 1193 Ergo
2577 1122 2843 1193 majorem
2870 1132 2996 1192 post
3021 1131 3079 1177 et
3116 1125 3359 1181 deterio‘

1775 1227 1889 1267 rem
1920 1213 2229 1268 cicatricem
2260 1213 2451 1269 habuit
2478 1213 2707 1284 peccati.
2739 1213 2808 1268 Et
2844 1222 2990 1267 recte
3015 1228 3140 1268 eum
3172 1232 3358 1272 sacer-

1774 1306 1873 1357 dos
1910 1305 2323 1365 contaminavit.
2375 1305 2628 1359 Christus
2684 1304 2959 1369 videlicet,
3012 1310 3233 1374 quando
3290 1316 3361 1364 ad

1775 1406 1902 1445 eum
1967 1392 2100 1446 dixit
2135 1408 2148 1445 :
2196 1392 2482 1461 Propterea
2515 1393 2605 1462 qui
2648 1391 2869 1445 tradidit
2900 1406 2983 1444 me
3026 1393 3141 1460 tibi,
3180 1396 3361 1463 majus

1775 1490 2048 1553 peccatum
2070 1482 2224 1536 habet
2256 1484 2321 1535 ιι,
2388 1482 2525 1537 Nam
2561 1498 2688 1537 eum
2753 1485 3116 1540 crudeliorem
3162 1484 3359 1540 Judam

1775 1575 1999 1636 diceret,
2023 1590 2127 1629 nec
2153 1575 2302 1633 hunc
2325 1590 2354 1629 a
2391 1583 2614 1645 peccato
2638 1574 2857 1645 reliquit
2887 1577 3207 1632 immunem.
3226 1578 3360 1633 Peeo

1776 1667 1922 1721 cavit
1939 1676 1995 1722 et
2026 1667 2245 1731 Paulus,
2274 1666 2368 1722 sed
2398 1682 2522 1721 cum
2569 1667 2723 1721 ulcus
2755 1677 3005 1723 sanatum
3034 1668 3231 1724 fuisset
3264 1683 3362 1740 per

1777 1757 2141 1822 vocationem,
2185 1756 2496 1811 cicatricem
2532 1756 2741 1827 peccati
2775 1757 2831 1812 in
2884 1766 3096 1814 tantum
3125 1759 3360 1825 sanavit,

1730 1839 1747 1888 ἒ
1779 1855 1838 1900 ut
1872 1849 1988 1917 ipsc
2018 1863 2115 1917 per
2145 1855 2555 1917 persecutorem
2579 1848 2894 1917 appellaret,
2918 1852 2994 1906 ait
3014 1854 3160 1908 enim
3194 1869 3208 1905 :
3238 1850 3375 1908 Nais"

1776 1954 1891 1993 sum
1925 1941 2111 2010 dignus
2133 1940 2394 2010 appellari
2427 1941 2713 2008 apostolus,
2754 1945 2879 2013 quia
2918 1956 3217 2009 persecutus
3241 1962 3361 1999 sum

1781 2029 2076 2083 h‘cclesiam
2119 2029 2213 2083 Dei
2247 2030 2337 2083 ηε
2398 2039 2454 2084 et
2518 2046 2627 2084 non
2682 2031 2812 2086 illud
2863 2042 3052 2103 postea
3091 2034 3367 2092 dilatavit.‘

1778 2119 2143 2186 Quamobrem
2170 2122 2552 2177 vidensillum
2600 2124 2854 2179 sacerdos
2887 2126 3148 2191 caelestis,
3197 2142 3362 2181 mun-

1778 2215 1907 2268 dum
1933 2214 2216 2284 iudicabit,
2249 2215 2470 2285 quando
2497 2216 2708 2270 Anania
2729 2217 3037 2280 dubitante,
3056 2228 3113 2273 et
3138 2220 3363 2275 nolente

1778 2306 1844 2359 ad
1884 2321 2009 2360 eum
2040 2307 2318 2372 accedere,
2365 2319 2424 2362 ut
2452 2307 2707 2362 videlicet
2737 2319 3138 2378 persecutorem
3195 2322 3362 2381 atque

1781 2399 2140 2462 immundum,
2174 2399 2390 2453 dicebat
2417 2415 2431 2451 :
2467 2397 2634 2463 Vade,
2680 2400 2807 2469 quia
2837 2416 2928 2456 vas
2959 2401 3243 2458 electionis
3265 2413 3369 2459 est'

1780 2490 1936 2555 mihi,
1992 2498 2052 2544 ut
2093 2498 2273 2559 portet
2323 2506 2521 2545 nomen
2554 2506 2733 2545 meum
2765 2507 2947 2547 coram
2976 2493 3250 2563 gentibus,
3300 2504 3360 2550 et

1783 2583 2022 2652 regibus,
2055 2593 2109 2637 et
2135 2584 2259 2638 ﬁliis
2290 2583 2473 2638 Israel.

1847 2678 2225 2733 Vens.24-28.
2264 2699 2282 2731 ι
2328 2679 2467 2735 Caro
2488 2689 2541 2734 et
2568 2681 2731 2739 cutis.
2774 2688 2937 2749 quam
2987 2678 3129 2751 ignis
3185 2697 3356 2737 exus-

1781 2769 1930 2835 serit,
1950 2778 2230 2834 etsanata,
2263 2772 2439 2826 albam
2472 2772 2586 2826 sive
2609 2772 2785 2826 rufam
2838 2772 3091 2826 habuerit
3138 2772 3362 2828 cicatri-

1780 2876 1922 2923 cem,
1954 2860 2320 2916 conéiderabit
2343 2878 2462 2917 eam
2496 2864 2770 2917 sacerdos.
2796 2862 2863 2916 Et
2887 2876 3014 2917 cccc
3032 2863 3075 2917 si
3098 2878 3250 2919 versa
3277 2873 3364 2922 cst

1784 2954 1837 3007 in
1863 2953 2193 3018 albedinem,
2223 2963 2277 3008 et
2302 2954 2452 3009 locus
2482 2954 2602 3022 ejus
2633 2954 2840 3021 reliqua
2900 2964 3024 3008 cute
3081 2955 3359 3022 humilior,

1783 3046 2176 3101 contaminabit
2204 3046 2493 3116 eum,quia
2521 3046 2677 3116 plaga
2702 3046 2866 3117 lepra:
2892 3047 2945 3100 in
2964 3048 3224 3109 ‘cicatrice
3242 3057 3366 3103 orta

1783 3134 1886 3191 est.
1919 3136 2073 3202 Quod
2097 3137 2140 3191 si
2167 3138 2400 3205 pilorum
2429 3138 2580 3193 color
2630 3150 2742 3191 non
2794 3137 2960 3193 fuerit
3021 3136 3359 3206 immutatus,

1780 3222 1881 3281 nec
1919 3226 2177 3280 humilior
2196 3227 2350 3299 plaga
2375 3241 2539 3282 carne
2576 3227 2802 3296 reliqua,
2831 3234 2889 3281 et
2914 3227 3030 3298 ipsa
3049 3228 3215 3298 lepra:
3234 3243 3366 3299 spe-

1779 3314 1892 3368 cies
1924 3314 2088 3370 fucrit
2119 3317 2479 3379 subobscura,
2512 3315 2758 3369 recludet
2810 3330 2935 3370 cum
2973 3325 3182 3387 septem
3245 3318 3371 3373 die-‘

1779 3408 1901 3472 bus,
1937 3415 1992 3462 et
2020 3410 2107 3463 die
2136 3410 2373 3479 septimo
2395 3407 2873 3479 contemplabitur.
2922 3409 2978 3462 Si
3042 3412 3277 3466 creverit
3306 3411 3362 3467 in

1778 3509 1904 3553 cute
1934 3499 2107 3568 lepra,
2159 3499 2559 3553 eontaminabit
2594 3515 2717 3553 eum
2755 3515 2769 3551 :
2817 3498 2862 3553 si
2917 3507 3097 3555 autem
3155 3501 3211 3555 in
3239 3502 3364 3557 loco

1781 3606 1881 3646 suo
1902 3589 2107 3644 candor
2139 3590 2356 3644 steterit
2391 3605 2503 3644 non
2558 3590 2691 3645 satis
2725 3591 2928 3656 clarus,
2955 3591 3110 3663 plaga
3137 3593 3364 3648 combu-

1780 3681 1977 3737 stionis
2001 3684 2103 3747 est,
2136 3689 2192 3735 et
2223 3679 2430 3736 idcirco
2464 3682 2840 3746 mundabltur,
2878 3682 3005 3752 quia
3027 3683 3254 3737 cicatrix
3278 3694 3363 3740 est

1781 3772 2166 3828 combustum.
2201 3790 2219 3823 ι

1847 3863 2180 3930 Quibusdam
2209 3862 2482 3934 legislator
2497 3866 2565 3919 de
2588 3863 2792 3919 eisdem
2818 3863 3034 3919 videtur
3055 3865 3227 3935 loqui,
3265 3866 3364 3921 sed

1781 3968 1888 4012 non
1930 3956 2003 4010 ita
2050 3963 2132 4011 est
2167 3973 2179 4009 :
2215 3971 2340 4010 nam
2376 3955 2675 4011 secundum
2714 3955 2916 4027 aliquid
2963 3957 3150 4013 eadem
3187 3958 3351 4015 dicit:

1781 4046 2081 4102 secundum
2124 4054 2306 4101 autem
2349 4043 2573 4113 aliquid,
2615 4043 2817 4106 diﬂ‘ert,
2868 4061 2991 4100 cum
3049 4046 3359 4115 passionem

1780 4140 1979 4210 quippe
2031 4146 2303 4209 proponat
2344 4137 2590 4204 alteram,
2633 4137 2883 4193 eamdem
2928 4147 3106 4195 tamen
3148 4138 3361 4209 passio-

1777 4231 1867 4288 nis
1916 4228 2190 4284 subinfert
2223 4228 2692 4299 dijudicationem.
2749 4227 3015 4299 Superius
3061 4237 3243 4284 autem
3291 4230 3361 4287 de

1781 4323 1961 4393 aliquo
1985 4324 2170 4378 ulcere
2194 4321 2524 4376 obveniente
2551 4320 2767 4376 locutus
2803 4330 2908 4386 est,
2936 4320 3078 4390 quod
3109 4337 3174 4376 ex
3199 4320 3354 4394 ερετί-

1781 4415 1969 4469 tudine
2014 4413 2263 4485 corporis
2307 4423 2600 4485 generatur
2649 4420 2705 4467 et
2754 4412 3004 4483 proficit;
3061 4415 3178 4470 haec
3211 4415 3359 4470 enim

93 4516 269 4555 δοκι-α.
302 4501 363 4555 Id
383 4509 487 4568 est,
523 4500 843 4571 plenitentis
872 4501 1041 4556 visus.
1080 4502 1169 4558 Sic
1200 4504 1393 4558 diebus
1457 4510 1667 4573 septem
1705 4505 1750 4560 D
1778 4506 1912 4560 solet
1956 4503 2237 4577 Scriptura
2278 4519 2431 4560 sacra
2486 4505 2668 4561 ulcera
2711 4506 3006 4575 appellare.
3056 4505 3187 4571 Quae
3231 4522 3361 4562 vero

93 4607 222 4648 eum
253 4594 464 4651 recludi
482 4594 744 4664 praecepit
775 4611 790 4648 :
824 4606 924 4664 pro
950 4610 1017 4649 eo
1042 4595 1187 4665 quod
1218 4595 1444 4649 omnino
1483 4594 1540 4647 in
1577 4593 1671 4648 tali

95 4686 413 4756 suspicione
452 4686 688 4751 venerit,
717 4692 931 4756 tempus
956 4686 1186 4741 delinire
1234 4685 1531 4757 suspicioni
1573 4701 1671 4741 vo-

92 4774 213 4830 luit.
248 4777 311 4829 Et
342 4775 609 4844 siquidem
635 4776 887 4841 creverit,
924 4784 981 4830 et
1033 4779 1171 4831 mala
1212 4777 1459 4848 gloriatio
1482 4778 1670 4835 multi-

95 4869 295 4935 plicata
339 4865 530 4932 fuerit,
575 4864 1049 4936 adjudicabiteum
1106 4868 1291 4936 leprte.
1319 4867 1459 4922 Dicit
1487 4876 1670 4923 autem

93 4957 299 5027 lcpram
331 4957 530 5011 anima:
555 4955 978 5023 immunditiam,
1012 4971 1136 5026 quae
1157 4955 1348 5021 crevit,
1375 4955 1490 5010 sive
1518 4956 1671 5011 cillo-

92 5049 205 5102 ruit
238 5046 639 5116 posterioribus
674 5046 985 5103 actionibus
1039 5046 1420 5115 multiplicata.
1467 5045 1525 5100 Si
1577 5063 1674 5102 au-

90 5147 206 5192 tein
269 5151 380 5190 non
427 5146 517 5191 est
539 5137 921 5207 multiplicata,
946 5136 1042 5190 sed
1070 5135 1286 5191 steterit
1314 5136 1368 5189 in
1396 5135 1517 5191 loco
1553 5151 1671 5201 suo,

91 5230 231 5284 nihil
261 5228 409 5284 enim
436 5229 667 5296 amplius
698 5228 754 5283 in
782 5229 889 5283 hoc
924 5241 1178 5297 peccasse
1224 5226 1522 5291 invenitur,
1569 5227 1675 5282 nisi

92 5323 268 5376 solum
301 5322 407 5375 hoc
448 5328 756 5388 peccatum,
791 5319 936 5388 quod
960 5333 1152 5374 omnes
1183 5326 1575 5388 cognoverunt,
1608 5318 1676 5373 de

94 5422 275 5480 quoet
300 5412 414 5483 egit
439 5409 821 5479 paenitentiam
864 5425 878 5463 :
924 5409 1187 5464 mundum
1215 5409 1366 5463 illum
1418 5407 1672 5464 sacerdos

94 5501 320 5573 iudicat.
374 5501 615 5558 Cicatrix
664 5502 814 5557 enim
845 5501 1089 5555 vulneris
1126 5501 1254 5571 quia
1310 5515 1507 5571 passus
1559 5510 1667 5567 est,

169 5697 374 5753 'Cant.
418 5714 479 5762 ν,
538 5697 618 5753 l0.
723 5696 745 5728 '
775 5698 897 5751 Act.
939 5713 1042 5760 xv,
1075 5693 1167 5759 28,
1212 5694 1304 5750 29.

104 5763 148 5799 ιι
177 5766 345 5821 lCor.
379 5783 467 5832 ιν,
499 5769 552 5823 9.
633 5766 677 5798 ¹³
706 5766 837 5821 Luc.
866 5782 972 5832 xvi,
997 5766 1087 5819 ΩΙ.
1169 5764 1210 5797 ¹⁵
1242 5765 1374 5819 Luc.
1407 5781 1461 5832 x,
1497 5767 1591 5821 '50.

1412 5696 1434 5727 θ
1463 5694 1654 5751 Matth.
1686 5714 1718 5752 v
1742 5736 1757 5763 ,
1802 5696 1873 5751 22
1896 5736 1912 5764 ,
1950 5696 2042 5751 28.

1779 4606 1908 4651 sunt
1936 4598 2003 4652 de
2022 4595 2187 4662 ferro,
2212 4605 2306 4650 aut
2327 4596 2617 4666 lapidibus,
2666 4605 2761 4651 aut
2792 4597 2898 4651 alia
2933 4597 3110 4666 aliqua
3135 4612 3361 4667 percus-

1779 4688 1949 4754 Sionc,
1980 4689 2162 4759 plagas
2192 4695 2347 4742 vocat
2381 4696 2437 4741 et
2461 4687 2704 4741 vulnera.
2747 4686 2972 4756 Propter
2992 4687 3136 4756 quod
3162 4688 3228 4740 de
3256 4687 3361 4740 La—

1780 4794 1904 4833 zaro
1931 4778 2103 4847 inquit
2137 4794 2151 4829 :
2194 4776 2329 4840 Quia
2372 4792 2526 4829 canes
2573 4777 2832 4828 venientes
2873 4775 3136 4844 lingebant
3184 4776 3360 4830 ulcera

1776 4870 1890 4938 ejus
1911 4869 1973 4922 ".
2004 4855 2213 4921 Mundae
2242 4865 2443 4934 quippe
2475 4864 2677 4929 carnis,
2708 4863 2851 4917 fame
2898 4850 3198 4932 morboque
3236 4880 3359 4920 core

1776 4967 1939 5028 rupta
1966 4966 2122 5011 erant
2150 4956 2239 5010 illa
2263 4953 2509 5010 vulnera.
2545 4952 2619 5008 De
2645 4968 2711 5007 eo
2739 4961 2921 5007 autem
2948 4955 3041 5023 qui
3074 4954 3361 5012 descendit

1779 5053 1836 5106 in
1863 5049 2081 5106 Iericho
2108 5056 2164 5104 et
2191 5046 2384 5103 incidit
2411 5045 2466 5100 in
2494 5046 2763 5112 latrones,
2781 5044 3000 5117 Plagas,
3030 5045 3226 5114 inquit,
3251 5046 3362 5101 im-

1778 5154 2025 5213 ponentes
2070 5142 2144 5204 ei,
2187 5147 2507 5194 recesserunt
2534 5137 2612 5192 “’:
2658 5136 2859 5192 deinde
2897 5145 3020 5207 post
3053 5134 3353 5206 paululum,

1779 5232 1965 5302 plagas
2007 5232 2162 5296 istas,
2213 5231 2353 5286 sicut
2392 5229 2638 5294 vulnera,
2678 5226 2898 5298 alligare
2955 5225 3356 5283 Samaritanum

1779 5322 2070 5392 praecepit;
2102 5321 2443 5376 manifestam
2481 5318 2857 5391 ,diﬂ'erentiam
2906 5316 3123 5384 ulceris,
3146 5324 3201 5372 et
3234 5318 3358 5373 vul—
3450 5370 3455 5373 .

1780 5413 1950 5477 neris,
1974 5422 2069 5466 aut.
2096 5413 2286 5483 plagae,
2322 5413 2440 5481 ipse
2465 5426 2565 5481 per
2595 5410 2908 5480 Scripturas
2947 5408 3182 5481 Spiritus
3216 5408 3359 5463 divi-

1781 5518 1885 5559 nus
1895 5505 2149 5559 ostendit.
2168 5502 2307 5569 Quid
2329 5517 2457 5575 ergo
2484 5517 2608 5558 vere
2624 5502 2778 5557 ulcus
2792 5507 2871 5557 est
2893 5500 3151 5572 neglecte
3174 5498 3357 5556 carnis

2151 5695 2194 5727 ¹⁰
2220 5692 2413 5750 Matth.
2455 5711 2621 5762 xxvn,
2657 5694 2747 5749 24.
2858 5695 2897 5728 ¹¹
2924 5693 3082 5761 Joan.
3112 5707 3227 5760 xix,
3263 5690 3352 5750 ii.
