3886 6306
490 352 596 417 943

1674 337 2042 398 IlESYCl-III
2084 333 2553 394 PRESBYTERI

3667 334 3778 396 νει

490 473 709 529 nostra,
728 461 834 516 nisi
856 473 1144 531 corporum
1193 457 1458 525 voluptas,
1512 462 1566 506 et
1587 451 1820 504 ebrietas
1888 457 1942 502 et
1966 464 2067 513 γα-
2097 454 2140 510 Α
2171 445 2513 510 necessaria,
2557 455 2612 498 et
2662 445 2780 501 sine
2829 448 3025 518 quibus
3057 461 3164 499 non
3197 451 3405 512 potest,
3465 441 3623 496 sicut
3671 459 3774 496 nec

494 551 888 626 «praep-ria?
947 548 1076 604 Hac
1135 556 1314 601 autem
1371 542 1676 597 luxuriante
1729 553 1956 607 corpore
2008 544 2064 590 et

491 654 549 704 in
577 649 870 716 semetipso
908 643 1190 700 exsiliente
1245 639 1591 710 proveniunt.
1645 635 1786 705 Ignis
1857 640 2061 694 autem,

497 742 670 810 major
695 737 913 800 invidia,
953 733 1096 805 ignis
1123 732 1299 785 latens
1327 736 1382 782 et
1426 739 1758 781 consumens
1806 720 2064 791 paulatim

497 834 791 888 habentem
816 843 896 891 se,
951 832 1174 894 propter
1195 821 1338 889 quod
1363 819 1526 874 Isaias
1568 817 1644 870 ait
1674 831 1687 867 :
1731 835 1749 865 ε
1782 813 1936 868 Zelus
1970 825 2068 878 ap-

493 901 770 994 prehendet
793 916 1040 986 populum
1095 913 1441 973 ineruditum,
1466 918 1513 961 et
1542 923 1678 961 nunc
1710 905 1845 975 ignis
1885 907 2070 954 aduer-

495 990 668 1069 sarios
694 1017 957 1065 consumet
984 1007 1073 1058 “2
1098 1025 1117 1058 ι
1147 1003 1335 1059 Zelum
1367 999 1741 1070 imperitorum
1777 994 1910 1050 dixit
1933 990 2071 1046 invi-

493 1108 638 1161 diam
686 1105 974 1168 zelantem,
1014 1115 1125 1155 non
1157 1105 1214 1152 ut
1253 1096 1537 1150 imitentur
1577 1092 1832 1154 virtutes,
1860 1085 1954 1141 sed
2013 1093 2073 1139 ut

495 1198 612 1251 illas
655 1195 976 1265 impediant,
1023 1197 1447 1260 operantemque
1499 1183 1790 1253 perimant.
1841 1177 1896 1231 Si
1942 1191 2074 1245 ergo

496 1282 804 1340 combustio
841 1279 1002 1336 alicui
1033 1275 1266 1338 homini,
1298 1273 1547 1328 videlicet
1566 1267 1862 1340 peccaturi,
1896 1281 1962 1319 ex
1992 1265 2075 1318 in-

495 1376 640 1431 vidia
665 1372 971 1442 contigerit,
991 1379 1048 1424 et
1072 1376 1294 1423 sanatus
1310 1363 1477 1420 fuerit
1495 1359 1832 1432 paenitentia,
1866 1363 2076 1411 scruta—

498 1473 588 1518 tur
610 1463 947 1523 cicatricem,
973 1474 1045 1513 ne
1066 1457 1207 1512 forte
1233 1463 1356 1526 post
1387 1450 1764 1524 paenitentiam
1790 1448 1846 1501 in
1870 1446 2068 1516 passio-

499 1570 626 1611 nem
659 1553 887 1608 recidat.
913 1552 981 1606 Et
1023 1550 1068 1604 si
1092 1562 1372 1602 reversum
1420 1543 1711 1607 invenerit,
1742 1538 2077 1596 contamina-

497 1648 579 1702 bit
621 1661 768 1712 cum,
817 1642 1158 1698 immundum
1203 1649 1351 1694 recte
1401 1637 1674 1708 judicans.
1717 1631 1878 1686 Terra
1907 1629 2075 1692 enim,

2167 535 2283 588 sine
2308 536 2482 604 capite
2513 535 2697 604 homo,
2723 538 3047 607 subsistere.
3067 536 3296 605 Propter
3318 533 3470 603 quod
3503 543 3563 588 et
3591 533 3772 587 David

2166 627 2525 681 fraternitatis
2549 643 2814 692 amorem,
2848 643 3122 683 summum
3155 627 3403 680 omnium
3459 627 3772 680 mandato-

2168 732 2287 770 rum
2322 719 2508 771 voleus
2535 719 2848 779 ostendere,
2886 725 3168 790 unguento
3193 717 3362 781 hunc,
3403 731 3435 770 a
3471 717 3670 786 capite
3723 719 3773 768 in

2167 807 2362 862 barbas
2385 809 2757 874 descendenti,
2781 809 3121 879 comparavit
3145 807 3261 862 :sic
3283 808 3432 861 enim
3462 808 3548 860 ait
3581 825 3594 860 :
3635 805 3775 858 Ecce

2170 914 2328 968 quam
2377 900 2570 953 bonum
2628 911 2677 954 et
2710 917 2867 971 quam
2916 900 3212 970 jucundum
3261 899 3514 951 habitare
3577 900 3776 966 fratres

2170 991 2226 1042 in
2253 1006 2442 1044 unum.
2479 988 2628 1044 Sicut
2661 1000 2978 1061 unguentum
3017 991 3073 1043 in
3113 990 3303 1058 capite,
3347 991 3494 1058 quod
3547 990 3770 1041 descen-

2172 1083 2246 1136 dit
2276 1084 2332 1136 in
2351 1082 2596 1146 barbam,
2620 1083 2836 1136 barbam
2860 1083 3118 1136 Aaron".
3151 1080 3384 1145 Quando
3415 1095 3558 1149 ergo
3587 1094 3774 1133 ert-ars

2174 1177 2427 1243 cuiquam
2469 1174 2524 1227 in
2555 1173 2842 1227 divinitate
2887 1171 3175 1241 contingit,
3198 1170 3471 1224 maculam
3493 1170 3676 1240 lepra:
3722 1171 3772 1222 ia

2175 1266 2338 1320 barba
2399 1273 2455 1319 et
2482 1265 2536 1319 in
2570 1265 2747 1334 capite
2775 1263 2960 1327 habet,
2991 1262 3139 1316 hunc
3176 1261 3440 1316 sacerdos
3485 1261 3768 1330 inspiciat,

2175 1365 2228 1410 et
2261 1357 2306 1410 si
2337 1355 2536 1411 viderit
2587 1355 2931 1410 humiliorem
2972 1355 3150 1408 locum
3206 1367 3375 1406 carne
3421 1351 3678 1420 reliqua,
3722 1361 3770 1403 et

2177 1447 2513 1502 miseriorem
2551 1447 3032 1516 prasumptionem
3066 1460 3135 1500 ex
3159 1442 3515 1514 blasphemia
3550 1443 3771 1497 factam.

2178 1537 2462 1603 Quomodo
2486 1547 2669 1592 autem
2697 1537 2805 1592 hoc
2825 1537 2917 1602 sit,
2953 1537 3006 1590 id
3032 1545 3117 1590 est
3142 1555 3154 1589 :

2250 1629 2310 1685 Si
2336 1630 2472 1701 pilus
2521 1632 2712 1701 ﬂavus,
2748 1628 3003 1698 solitoque
3039 1627 3280 1680 subtilior
3322 1626 3516 1695 fuerit.
3566 1622 3629 1676 Id
3679 1633 3773 1684 est,

499 1753 639 1806 sape
665 1738 950 1792 venientem
973 1749 1130 1802 super
1157 1748 1213 1786 se
1237 1731 1409 1785 bibens
1439 1729 1678 1791 imbrem,
1717 1733 1765 1778 et
1814 1723 2080 1793 proferens
2115 1781 2153 1806 η
2181 1722 2280 1777 etsi
2304 1737 2414 1776 non
2439 1722 2622 1788 nimis,
2643 1721 2709 1775 ad
2735 1721 3006 1774 modicum
3035 1728 3211 1772 tamen
3247 1717 3506 1771 animum
3535 1717 3612 1770 ad
3645 1717 3778 1771 blas-

499 1826 715 1881 lmbam
741 1833 1089 1893 opportunam
1115 1821 1219 1874 illis
1261 1835 1292 1872 a
1321 1817 1508 1888 quibus
1531 1814 1742 1881 colitur,
1770 1810 2082 1866 benedictio-
2115 1808 2156 1835 "
2183 1813 2452 1882 phemiam
2484 1812 2742 1866 intendit.
2786 1810 2900 1864 lloc
2925 1809 3071 1864 enim
3120 1809 3376 1863 subtilem
3420 1822 3558 1862 esse
3588 1808 3777 1876 pilum,

500 1934 618 1973 nam
646 1917 866 1986 accipiet
915 1913 1238 1976 aDomino;
1286 1909 1556 1978 proferens
1616 1920 1736 1960 vero
1786 1903 1970 1972 spinas
2006 1915 2082 1952 .ac

500 2006 721 2062 tribulos
779 2008 1001 2074 reprobo
1021 2011 1121 2065 est,
1151 2011 1198 2055 et
1231 1999 1508 2053 maledicto
1538 1996 1802 2066 proxima,
1827 1994 1974 2059 cuius
2017 1991 2082 2060 ﬁ-

502 2098 582 2151 nis
606 2099 663 2151 in
692 2096 1064 2159 combustione,
1093 2092 1232 2147 sicut
1251 2090 1452 2144 Paulus
1475 2088 1553 2142 ait
1580 2087 1647 2144 ".
1680 2085 1740 2139 Si
1760 2092 1939 2139 autem
1969 2097 2078 2136 non

501 2190 724 2243 inventa
747 2186 910 2241 fuerit
931 2185 1139 2240 redisse
1179 2183 1248 2238 ad
1283 2181 1626 2250 iniquitatem
1655 2193 1810 2234 suam
1854 2173 2078 2239 invidia,

501 2295 605 2334 nec
633 2295 700 2333 ex
737 2276 1056 2348 operatione
1090 2272 1399 2344 posteriori,
1435 2269 1694 2326 diﬂ‘usum
1731 2266 1902 2338 priori
1949 2280 2079 2335 pec-

501 2381 624 2425 cato
662 2371 836 2424 latens
879 2369 1035 2422 ulcus
1075 2365 1346 2428 habuerit,
1389 2362 1656 2418 mundum
1714 2361 1867 2415 illum
1903 2373 2084 2414 sacer-

502 2465 602 2516 dos
623 2461 856 2531 judicat.
885 2468 1074 2528 utpote
1103 2457 1196 2527 qui
1242 2456 1413 2513 semel
1445 2471 1542 2526 per
1579 2453 1960 2524 paenitentiam
1999 2459 2084 2506 est

504 2549 818 2604 mundatus.
851 2546 1121 2601 Discernit
1145 2555 1348 2609 autem,
1377 2552 1433 2597 et
1470 2541 1644 2612 pilum
1687 2537 2001 2602 intendens,
2039 2535 2084 2590 si

505 2638 734 2694 mutabit
773 2637 831 2691 in
866 2635 1072 2698 album,
1103 2643 1159 2688 et
1189 2634 1232 2687 si
1269 2631 1526 2686 humilior
1570 2638 1657 2684 est
1686 2643 1718 2683 a
1741 2636 1867 2683 cute
1909 2626 2083 2681 locus.

505 2730 638 2798 Quae
669 2718 856 2784 omnia
897 2725 1214 2798 plenissime
1243 2724 1299 2778 in
1333 2721 1709 2794 superioribus
1744 2716 2086 2789 interpretati

509 2836 721 2884 sumus,
753 2819 876 2873 ideo
902 2817 1047 2872 enim
1082 2816 1168 2870 his
1188 2815 1425 2870 brevitas
1448 2809 1756 2868 adhibenda
1783 2820 1890 2878 est,
1920 2817 1982 2864 ut
2017 2807 2088 2864 ad

516 2915 698 2966 futura
735 2921 1046 2964 curramus.
2023 2903 2026 2905 λ

559 3003 744 3060 ~Vsas.
771 2999 983 3056 εει-διε.
1022 3019 1040 3051 ι
1073 2983 1186 3061 Ἦν,
1218 2997 1336 3052 sive
1365 2995 1582 3059 mulier,
1611 2994 1674 3050 in
1704 2991 1863 3064 cujus
1909 2987 2089 3060 capite

2181 1914 2235 1960 et
2261 1919 2436 1973 neque
2465 1902 2733 1968 eﬂlorere,
2759 1903 2855 1957 sed
2881 1901 3173 1955 ﬂavescere
3197 1899 3471 1954 ostendit.

2250 1994 2642 2050 Contaminabit
2672 2010 2757 2049 eos
2782 1992 3050 2048 sacerdos.
3069 1990 3248 2056 Quare
3273 1991 3297 2044 ?
3325 1990 3472 2054 Quia
3506 1994 3670 2061 lepra
3699 2008 3782 2043 a-

2181 2086 2324 2154 pitis,
2359 2101 2422 2138 ac
2452 2084 2628 2138 barba
2646 2093 2742 2137 est.
2781 2082 2878 2138 Vel
2906 2084 3046 2137 sicut
3069 2078 3210 2134 LXX
3234 2080 3432 2145 edunt,
3461 2085 3672 2134 uulnus
3694 2099 3779 2133 αι.

2187 2174 2516 2229 Vulneratus
2540 2175 2688 2228 enim
2729 2188 2759 2227 a
2808 2172 3022 2228 diabolo
3065 2180 3122 2226 et
3165 2155 3411 2234 Collisus,
3440 2170 3515 2224 ad
3577 2181 3778 2226 tantam:

2182 2267 2434 2336 pervenit
2457 2265 2812 2336 impietatem,
2835 2263 2963 2330 quia
2992 2277 3135 2330 saepe
3157 2261 3431 2331 contingit
3457 2264 3777 2331 quempiam

2183 2365 2372 2410 contra
2399 2355 2734 2409 voluntatem
2756 2368 2908 2407 suam
2939 2353 3086 2420 loqui
3115 2352 3302 2422 impia.

2253 2445 2311 2500 Si
2339 2446 2522 2500 viderit
2547 2445 2716 2498 locum
2744 2443 2966 2498 macula
2991 2447 3246 2512 aqualem
3288 2445 3485 2499 uicina
3518 2447 3707 2510 carni,
3739 2457 3780 2499 et

2185 2538 2433 2606 capillum
2464 2539 2692 2608 nigrum.
2716 2537 2788 2593 Ut
2819 2551 2930 2591 non
2956 2537 3220 2591 exuberet
3239 2537 3364 2601 hoc,
3397 2539 3557 2606 quod
3585 2555 3659 2592 ex
3686 2540 3782 2592 dia-

2184 2631 2359 2686 bolica
2388 2631 2702 2700 operatione
2729 2631 2927 2684 anima:
2952 2639 3035 2684 est
3054 2630 3248 2684 vulnus
3272 2629 3577 2696 inﬂictum,
3610 2631 3668 2684 id
3685 2641 3778 2693 est,

2185 2722 2437 2792 impietas
2459 2722 2796 2792 dogmatum.

2257 2812 2506 2868 Recludet
2534 2830 2620 2868 eos
2637 2821 2832 2882 septem
2863 2814 2974 2868 dies
2996 2815 3260 2867 sacerdos.
3285 2809 3408 2867 Non
3457 2829 3570 2882 pro
3624 2829 3780 2884 pana

2188 2911 2422 2971 tantum,
2449 2914 2712 2974 quantum
2741 2905 3001 2960 districta:
3034 2905 3372 2974 probationis
3391 2919 3599 2967 ausa,
3654 2915 3781 2958 teni-

2187 3011 2291 3066 pus
2326 2997 2473 3050 enim
2491 2995 2746 3052 omnibus
2771 2995 3010 3067 quidem,
3039 2996 3338 3051 districtius
3367 3005 3558 3050 tamen
3594 2996 3652 3049 in
3682 2995 3780 3057 his,

511 3093 594 3146 vel
623 3090 790 3146 barba
835 3064 1359 3160 germinarit'lepra,
1407 3081 1613 3142 videbit
1661 3096 1758 3138 eos
1799 3078 2082 3172 sacerdos:

2194 3064 2426 3160 quorum
2455 3087 2639 3159 lingua
2673 3064 2817 3144 circa
2857 3088 3199 3144 divinitatem
3224 3097 3398 3153 vacat,
3449 3089 3780 3144 intuendum

511 3193 568 3237 et
593 3181 638 3236 si
666 3181 888 3252 quidem
913 3177 1179 3232 humilior
1210 3176 1377 3231 fuerit
1427 3174 1581 3230 locus
1613 3187 1777 3229 carne
1802 3171 2011 3241 reliqua
2035 3176 2091 3224 et
2132 3171 2139 3172 “
2189 3187 2291 3235 εει,
2341 3179 2548 3235 Deinde
2599 3179 2871 3251 quomodo
2922 3188 3049 3250 ρωι
3094 3178 3460 3234 mansionem
3514 3179 3784 3250 iudica”

513 3271 740 3343 capillus
759 3269 952 3334 ﬂavus,
973 3268 1243 3337 solitoque
1262 3265 1532 3331 subtilior,
1553 3260 1946 3319 contaminabit
1971 3272 2088 3323 eos,

512 3365 634 3434 quia
665 3364 815 3434 lepra
863 3360 1058 3433 capitis
1087 3375 1154 3415 ac
1199 3359 1382 3414 barba:
1417 3365 1525 3412 est.
1559 3353 1618 3409 Si
1653 3361 1837 3408 autem
1891 3349 2093 3406 viderit

513 3457 692 3511 locum
733 3453 961 3509 macula
987 3451 1256 3522 aqualem
1298 3449 1492 3505 vicina
1538 3447 1714 3514 carni,
1751 3453 1810 3501 et
1836 3442 2091 3514 capillum

513 3547 751 3619 nigrum,
779 3541 1269 3614 recludetsgtem
1299 3541 1511 3602 diebus.
1547 3547 1604 3594 et
1625 3538 1714 3594 die
1739 3535 1972 3607 septima
2010 3534 2094 3588 in-

517 3638 776 3694 tuebitur.
818 3632 884 3690 Si
908 3640 1030 3688 tta.
1075 3631 1310 3691 merit
1343 3628 1581 3695 macula,
1629 3635 1687 3683 et
1735 3626 1964 3697 capillus
2007 3623 2092 3678 sui

515 3727 714 3784 eulori-s
746 3735 848 3793 est,
874 3735 933 3782 et
977 3725 1130 3782 locus
1179 3718 1529 3795 νιεμωί
1577 3719 1802 3789 reliqua:
1846 3713 2092 3786 aequalis,

518 3821 737 3874 rudetur
798 3819 964 3875 homo
1021 3817 1229 3886 absque
1284 3815 1408 3870 loco
1467 3811 1731 3878 maculae,
1789 3809 2096 3865 includetur

519 3920 725 3980 septem
747 3909 940 3964 diebus
960 3909 1098 3963 aliis.
1128 3907 1184 3962 Si
1210 3906 1279 3964 de
1299 3903 1532 3977 septimo
1557 3902 1669 3959 visa
1691 3899 1854 3956 fuerit
1881 3898 2097 3955 stetisse

519 4003 671 4070 plaga
726 4000 779 4053 in
826 3999 948 4056 loco
1003 4013 1143 4061 suo,
1194 4012 1300 4052 nec
1337 3993 1598 4050 humilior
1647 4005 1814 4047 carne
1862 3988 2084 4058 reliqua,

521 4091 1242 4164 titittttthhitmlotisque
1273 4088 1535 4153 vestibus,
1571 4083 1813 4141 mundus
1844 4081 1975 4138 erit.
1999 4098 2018 4130 ι

538 4169 543 4178 ’
589 4180 706 4236 Νοη
737 4183 804 4236 de
836 4181 1173 4251 quibuslibet
1190 4178 1302 4244 hic,
1331 4177 1428 4233 sed
1455 4174 1782 4232 necessariis
1813 4172 1918 4227 hoc
1943 4185 2096 4226 man-

520 4274 706 4328 datum
751 4273 834 4326 lex
889 4272 1058 4328 dedit.
1095 4269 1282 4339 Neque
1327 4268 1478 4323 enim
1521 4267 1588 4322 de
1627 4266 1757 4321 solis
1795 4262 2097 4320 actionibus

519 4366 592 4426 ei,
624 4365 719 4419 sed
749 4365 892 4419 etde
925 4361 1124 4418 tuturis
1151 4360 1353 4417 divinis
1393 4358 1739 4428 dogmatibus
1770 4355 2093 4427 pertinebat.

2187 3270 2522 3326 Admiranda
2541 3281 2627 3327 est
2649 3270 2938 3337 districtio,
2981 3286 3146 3340 quam
3170 3281 3359 3328 contra
3405 3286 3505 3326 eos
3535 3273 3639 3340 qui
3684 3274 3783 3326 im-

2189 3361 2276 3431 pie
2314 3361 2370 3414 in
2420 3360 2766 3432 dogmatibus
2816 3369 3004 3430 agunt,
3057 3371 3258 3416 servat.
3295 3361 3493 3416 Sinon
3544 3370 3783 3419 creverit

2191 3452 2422 3518 macula,
2440 3451 2697 3507 videlicet
2717 3452 2992 3522 impietas,
3011 3463 3068 3508 et
3091 3453 3321 3523 capillus
3345 3455 3430 3508 sui
3448 3455 3659 3510 coloris
3678 3467 3778 3519 est,

2189 3543 2246 3598 id
2278 3553 2386 3610 est,
2412 3558 2518 3599 nec
2533 3543 2763 3614 capillus
2793 3543 2966 3600 ﬂavus
2989 3545 3044 3599 in
3067 3559 3132 3600 ea
3157 3554 3264 3611 est,
3293 3560 3416 3600 cum
3444 3561 3561 3601 non
3609 3545 3783 3616 possit

2191 3634 2447 3707 cOgitatie
2511 3642 2736 3706 propter
2792 3635 3215 3705 negotiationem
3271 3633 3548 3705 cognosci,
3600 3645 3781 3690 utru-

2193 3735 2406 3797 sponte,
2433 3735 2528 3781 aut
2553 3724 2758 3782 invitus
2780 3725 2949 3795 impie
2968 3726 3164 3797 egerit,
3195 3735 3328 3781 tunc
3343 3726 3503 3797 jubet
3533 3727 3658 3781 radi
3683 3728 3782 3782 bo-

2194 3816 2396 3872 minem
2422 3815 2632 3886 absque
2657 3816 2778 3872 loco
2805 3817 3054 3872 macula.
3084 3817 3287 3888 Aperte
3314 3831 3445 3888 ergo
3491 3817 3625 3871 talia
3663 3819 3779 3871 radi

2195 3907 2454 3978 pracepit
2474 3907 2662 3974 verba,
2687 3916 2744 3963 et
2773 3906 3046 3978 castigari,
3070 3907 3116 3962 si
3163 3907 3350 3961 forsan
3376 3923 3443 3961 ex
3481 3907 3566 3962 eis
3631 3924 3779 3962 com-

2146 4056 2175 4077 .
2195 3997 2458 4068 prehendi
2483 3997 2679 4068 possit,
2710 4005 2893 4052 utrum
2918 4012 3017 4067 per
3044 3996 3455 4066 subreptionem
3479 3997 3631 4053 sicut
3655 4014 3779 4052 eve-

2195 4090 2316 4145 nire
2344 4089 2660 4160 l'requenter
2707 4089 2866 4155 solet,
2909 4102 2979 4144 an
3025 4088 3291 4144 malevola
3322 4087 3391 4142 de
3428 4087 3546 4143 Deo
3612 4089 3777 4158 impia

2195 4178 2264 4232 sit
2295 4178 2528 4235 locutus.
2561 4177 2773 4234 Vulnus
2799 4186 2980 4232 autem
3022 4177 3306 4247 antiquum
3354 4192 3468 4230 non
3514 4179 3777 4247 precepts

2197 4266 2334 4332 radi,
2369 4267 2495 4337 quia
2517 4269 2742 4322 verbum
2795 4270 2855 4320 ln
2881 4280 2990 4335 quo
3028 4264 3382 4334 delinquitur,
3419 4267 3651 4335 quando
3697 4283 3777 4322 se-

2198 4359 2303 4414 mel
2327 4357 2418 4428 qui
2441 4359 2682 4428 peccavit
2708 4357 3010 4430 negaverit,
3042 4357 3326 4425 dijudicari
3347 4358 3459 4426 jam
3487 4374 3598 4412 non
3623 4375 3775 4428 opor-

521 4455 756 4509 Omnino
801 4470 928 4524 ergo
965 4459 1341 4523 competenter
1385 4449 1657 4521 loquitur,
1698 4448 1935 4519 primum
1973 4447 2094 4517 qui—
2125 4460 2174 4520 ι)
2201 4460 2295 4507 tet.
2322 4453 2455 4518 Quis
2480 4453 2626 4507 enim
2649 4469 2798 4507 reum
2821 4452 3072 4508 videlicet
3101 4453 3327 4521 peccati,
3358 4468 3484 4506 eum
3509 4454 3604 4522 qui
3638 4454 3776 4524 quod

522 4546 646 4600 dem
676 4544 1028 4599 districtionis
1057 4543 1201 4608 vitae,
1233 4541 1433 4597 deinde
1467 4554 1655 4596 eorum
1695 4554 1816 4610 qua
1853 4538 1922 4594 ad
1965 4538 2099 4607 dog-

523 4652 612 4690 ma
640 4635 918 4706 pertinent
952 4635 1271 4706 diligentem
1305 4647 1492 4690 curam
1530 4645 1744 4703 gerens.
1775 4630 1972 4703 Legem
2005 4647 2104 4685 au-

525 4739 633 4783 tem
663 4727 834 4798 ponit,
856 4743 968 4782 non
989 4728 1103 4799 jam
1161 4725 1471 4798 specialiter
1522 4722 1728 4779 homini
1775 4722 1958 4788 alicui,
2003 4721 2100 4776 sed

522 4820 651 4890 quid
682 4820 758 4874 ait
785 4821 809 4874 ?

519 4899 528 4907 ’
601 4913 686 4966 I’ir
719 4913 826 4965 sire
880 4911 1087 4966 mulier.
1119 4909 1467 4979 Distinguens
1505 4905 1720 4978 planius
1767 4902 1896 4973 quid
1938 4916 2100 4972 opor-

526 5015 636 5060 teat
677 5004 899 5080 intelligi
934 5001 1264 5057 hominem..
1297 4999 1409 5054 Cur
1446 5009 1630 5053 autem
1688 4997 1792 5051 hac
1839 4995 2099 5062 explana-

525 5093 674 5146 tione
708 5093 762 5145 in
792 5091 900 5144 hoc
937 5089 1127 5159 eguit?
1165 5088 1238 5143 Ut
1272 5087 1525 5142 videlicet
1577 5100 1689 5140 non
1727 5085 2102 5152 ignosceretur

526 5183 761 5246 mulieri,
799 5196 922 5234 cum
951 5180 1166 5233 inﬁrma
1211 5187 1456 5248 putatur,
1496 5193 1616 5246 quae
1655 5184 1845 5246 peccat
1879 5174 1932 5227 in
1970 5174 2102 5242 dog-

527 5282 694 5326 mate.
731 5271 849 5323 Hoc
887 5285 1016 5339 ergo
1067 5277 1349 5338 peccatum
1392 5268 1596 5335 lepram
1639 5266 1693 5319 in
1729 5265 1928 5334 capite,
1964 5273 2015 5316 et
2048 5263 2104 5318 in

529 5360 696 5416 barba
727 5368 1012 5428 prepterea
1046 5359 1300 5428 appellat,
1330 5357 1458 5426 quia
1481 5358 1596 5411 hac
1628 5367 1756 5412 sunt
1782 5357 2102 5427 pretiosiora

529 5455 702 5511 nostri
735 5452 998 5523 corporis,
1031 5461 1085 5506 et
1106 5467 1170 5504 ex
1207 5451 1310 5504 hoc
1332 5448 1589 5511 ostendit,
1615 5464 1724 5502 non
1757 5448 1902 5504 circa
1950 5464 2100 5518 qua-

533 5543 663 5599 libet
685 5543 1012 5614 impietatem
1037 5543 1345 5611 dogmatum
1372 5537 1675 5607 provenire,
1696 5537 1787 5591 sed
1807 5553 1928 5608 erga
1953 5537 2102 5591 valde

605 5745 666 5780 ιι·
701 5746 802 5799 με,
847 5757 1001 5804 “tu,
1048 5743 1130 5795 Η,
1207 5743 1249 5772 ¹⁸
1286 5741 1450 5796 Hebr.
1479 5758 1554 5806 γι,
1586 5744 1636 5808 7,
1662 5741 1714 5794 8-

2201 4544 2488 4600 conl‘essus
2512 4554 2594 4599 est
2616 4545 2820 4615 lingua,
2850 4543 3129 4599 voluntate
3163 4559 3225 4599 se
3252 4544 3548 4614 protulisse
3600 4557 3772 4616 negat.

2203 4635 2432 4702 Quando
2453 4645 2633 4690 autem
2663 4635 2731 4689 de
2767 4650 2834 4689 eo
2866 4636 2943 4690 sic
2969 4635 3244 4705 judicans,
3267 4651 3378 4690 non
3414 4640 3772 4706 comprehen—

2203 4727 2346 4784 derit
2372 4727 2610 4781 crevisse
2635 4725 2923 4790 maculam,
2955 4741 3057 4780 nec
3098 4726 3372 4782 dilatatam
3407 4728 3463 4780 in
3499 4743 3566 4783 eo
3625 4730 3771 4784 vide-

2203 4816 2276 4870 rit
2344 4817 2674 4886 impietatem
2716 4833 2730 4870 :
2770 4817 3028 4886 quoniam
3075 4817 3493 4887 blasphemans,
3555 4823 3774 4874 omnino

2204 4904 2398 4974 polluit
2427 4905 2616 4960 stolam
2655 4905 3017 4974 baptismatis,
3050 4915 3199 4961 recte
3219 4922 3342 4961 eum
3390 4909 3658 4976 pnecepit
3689 4925 3774 4977 per

2203 4995 2576 5065 paenitentiam
2621 4995 2802 5054 lavare
2845 4997 3208 5061 vestimenta,
3268 5008 3326 5052 et
3368 5007 3496 5051 tunc
3542 5002 3774 5053 mundus

2202 5089 2346 5142 erit:
2403 5088 2529 5157 quia
2574 5088 2752 5142 onmis
2781 5088 3033 5158 impietas
3060 5105 3158 5158 per
3205 5090 3459 5145 mundam
3509 5095 3774 5161 peniten-

2204 5179 2334 5233 tiam
2363 5179 2676 5233 mundatur.
2707 5180 3090 5236 Verumtamen
3123 5181 3209 5236 hic
3240 5182 3284 5236 si
3316 5183 3588 5252 praedicto
3622 5202 3772 5239 mun-

2207 5271 2365 5325 datus
2390 5272 2570 5337 modo,
2597 5271 2762 5340 impia
2784 5271 3206 5327 rursuslocutus
3237 5271 3398 5326 fuerit.
3417 5313 3430 5336 ,
3458 5288 3575 5327 non
3613 5275 3774 5342 inspi-

2209 5361 2316 5415 ciet
2353 5362 2606 5417 sacerdos
2633 5362 2699 5415 de
2727 5362 2860 5430 .pilo
2901 5361 3060 5428 ﬂavo,
3094 5378 3206 5417 non
3253 5365 3534 5432 quaeritur.
3581 5366 3772 5433 inquit.

2209 5466 2316 5520 quo
2339 5451 2519 5505 animo
2547 5451 2709 5518 impia
2740 5452 2950 5506 locutus
2975 5451 3065 5516 sit,
3104 5451 3198 5507 Sed
3225 5452 3349 5520 quia
3378 5454 3432 5507 in
3464 5468 3530 5507 ea
3563 5455 3630 5507 de
3657 5455 3773 5520 qui-

2211 5539 2312 5592 bus
2345 5538 2619 5608 ptenituit,
2671 5538 2886 5602 recidit,
2921 5538 3261 5594 immundum
3303 5555 3429 5594 eum
3471 5551 3617 5595 recte
3660 5555 3775 5595 esse

1811 5739 1852 5771 ¹⁶
1879 5739 2020 5794 Psal.
2054 5752 2251 5804 cxxxn,
2295 5738 2344 5803 l,
2375 5737 2427 5789 2.
