3886 6306
146 375 257 439 915

1286 382 1362 440 IN
1403 383 1837 443 LEl'lTlCUM.
1870 409 1936 420 ·-
1975 387 2120 445 LIB.
2163 388 2259 446 Ν.

3301 379 3405 443 9".6

129 487 370 554 judicat.
399 485 452 540 Si
502 505 608 542 non
640 489 871 559 capillus
910 491 1062 562 niger
1093 491 1275 564 fuerit,
1301 493 1350 547 id
1383 506 1485 556 est,
1521 496 1565 549 si
1614 511 1721 548 non
1755 498 1798 554 Α
1897 494 2376 550 Reminiscendum
2430 504 2534 562 εει,
2568 498 2692 580 quia
2723 495 2946 564 capillos
2979 508 3076 564 pro
3119 491 3406 562 cogitatio-

134 578 339 646 lugens
367 580 685 647 apparuerit
715 581 1047 649 impietatem
1073 599 1086 634 :
1111 583 1301 653 lugens
1332 598 1462 637 vero
1498 599 1606 638 non
1635 599 1725 638 so-

134 669 255 723 lum
288 669 491 734 habitu,
521 671 614 724 sed
637 679 691 725 et
709 671 892 726 animo
948 681 1002 726 et
1029 673 1478 744 cogitationibus:
1511 673 1724 742 nigrmn

131 776 379 830 namque
412 775 636 815 manere
682 762 979 832 lugentium
1011 773 1092 819 est
1130 767 1428 834 proprium.
1459 765 1722 831 Quoniam

129 859 327 902 autem
353 850 668 904 interiorem
685 851 962 907 hominem
981 863 1194 923 oportet
1213 855 1396 925 lugere
1427 856 1720 925 peccantis,

129 955 306 1007 quem
327 941 684 1010 cogitationes
704 951 1028 1011 contegunt.
1051 954 1196 999 recte
1212 946 1333 1013 ejus
1349 946 1722 1014 paenitentiam

129 1045 242 1098 per
269 1031 436 1102 pilum
465 1033 677 1104 nigrum
699 1034 1038 1103 signiticavit.
1071 1035 1296 1103 Propter
1316 1034 1457 1102 quod
1489 1033 1723 1088 Ecclesia

127 1121 238 1176 Dei
268 1123 550 1177 servitium
588 1108 902 1194 diligens’in
941 1126 1187 1178 luctuosa
1215 1125 1351 1178 stola
1388 1125 1722 1193 paenitentia:

126 1211 432 1266 decoratur
457 1227 469 1262 :
495 1219 550 1264 et
581 1211 704 1266 ideo
731 1211 1024 1266 formosam
1051 1226 1129 1277 se,
1155 1212 1279 1281 quia
1320 1213 1472 1282 nigra
1510 1221 1614 1277 est,
1637 1213 1724 1266 di-

126 1301 236 1364 cit,
265 1302 405 1357 sicut
447 1303 678 1369 legitur:
713 1301 883 1373 Nigra
913 1320 1050 1367 sum,
1085 1304 1175 1357 sed
1224 1305 1452 1374 formosa
1482 1305 1596 1373 ﬁlia
1635 1304 1722 1358 Je-

127 1391 374 1444 rusalem
406 1393 482 1455 ﬂ;
519 1391 569 1445 id
599 1400 701 1457 est,
731 1393 855 1461 quia
896 1393 950 1447 in
983 1393 1300 1463 pmnitendo
1321 1394 1457 1448 stola
1487 1409 1604 1448 sum
1637 1395 1722 1447 lu-

127 1492 264 1537 ctus
293 1483 498 1538 induta.
523 1481 614 1538 Sic
640 1499 771 1554 ergo
795 1500 920 1539 eum
947 1485 1037 1555 qui
1080 1485 1456 1554 paenitentiam
1496 1485 1604 1554 agit
1635 1500 1722 1538 sa-

129 1576 334 1631 cerdos
359 1577 604 1643 mundat,
629 1579 844 1648 quoties
873 1578 922 1632 ei
964 1579 1068 1633 hoc
1101 1579 1322 1633 evenire
1350 1579 1716 1648 conspexerit.

129 1667 250 1720 Sed
299 1667 632 1723 sulllcienter
670 1671 739 1725 de
768 1670 855 1725 his
903 1685 1025 1740 qua:
1060 1671 1124 1724 .in
1149 1669 1258 1724 Deo
1283 1669 1716 1732 committuntur,

129 1759 527 1828 lmpietatibus,
555 1770 663 1816 tam
691 1777 758 1816 ex
789 1762 1066 1817 voluntate
1099 1775 1261 1831 quam
1292 1776 1358 1816 ex
1388 1761 1712 1831 ignorantia,

128 1851 376 1917 locutus,
426 1853 493 1906 ad
536 1852 642 1907 alia
706 1854 931 1908 vulnera
995 1852 1356 1908 moderatiora
1405 1867 1715 1907 sermonem

131 1942 331 1995 vertit.

217 2029 470 2095 ἤειδε,
493 2031 581 2086 59.
609 2051 629 2084 ‹
651 2030 824 2087 Viret
867 2033 1061 2087 mulier
1108 2033 1163 2088 in
1191 2035 1349 2104 cujus
1369 2041 1494 2089 cute
1515 2034 1720 2090 candor

131 2121 477 2189 apparuerit,
516 2120 819 2176 intuebitur
852 2136 951 2177 eos
980 2124 1234 2178 sacerdos
1269 2142 1284 2178 :
1319 2124 1364 2178 si
1409 2122 1718 2193 deprehen-

132 2213 286 2268 derit
332 2213 726 2269 subobscurum
773 2215 1016 2269 alborem
1054 2214 1236 2270 lucere
1287 2215 1343 2270 in
1399 2225 1545 2282 cute,
1587 2215 1723 2270 sciat

136 2318 254 2354 non
284 2317 404 2356 esse
441 2302 666 2371 lepram,
704 2303 802 2358 sed
842 2305 1109 2360 maculam
1151 2305 1348 2361 coloris
1389 2305 1625 2371 candidi,
1669 2314 1720 2360 et

140 2391 426 2445 hominem
452 2392 739 2446 mundum.
777 2411 796 2446 ι
885 2408 898 2427 ι’

215 2479 336 2536 Jam
363 2490 420 2537 et
447 2497 549 2538 nos
577 2483 719 2539 sicut
752 2483 920 2539 David
965 2486 1192 2540 studiosi
1218 2486 1271 2540 in
1302 2485 1437 2558 legis
1472 2486 1721 2552 scientia,

136 2587 276 2626 cum
301 2587 370 2626 eo
407 2573 648 2629 dicamus
679 2593 694 2629 :
724 2573 844 2629 Non
879 2577 998 2647 fecit
1026 2576 1204 2631 taliter
1243 2578 1385 2631 omni
1409 2578 1636 2644 nationi,
1675 2587 1726 2634 et

128 2661 349 2732 judicia
378 2679 475 2716 sua
509 2680 612 2717 non
645 2666 998 2737 manifestauit
1042 2669 1149 2722 illis
1181 2668 1245 2722 ".
1295 2669 1434 2722 Cum
1489 2669 1722 2725 maxima

141 2753 492 2809 districtione
531 2755 784 2824 superius
807 2757 862 2810 in
890 2757 1092 2811 divinis
1135 2757 1497 2829 dogmatibus,
1532 2766 1590 2814 et
1628 2773 1726 2814 eo-

142 2859 267 2896 rum
306 2844 818 2913 praevaricatoribus
861 2862 992 2902 usus
1045 2846 1258 2910 luisset,
1295 2863 1443 2904 nunc
1497 2848 1625 2919 quia
1656 2849 1726 2904 de

143 2934 253 2987 illis
282 2934 427 3004 loqui
475 2937 769 3006 supplevit,
799 2946 946 2992 recte
993 2953 1105 2992 sum
1139 2940 1514 2994 austeritatem
1559 2940 1727 3010 depo-

142 3022 261 3076 suit
283 3021 661 3089 districtionis,
688 3033 744 3078 et
771 3024 840 3078 de
876 3024 980 3087 bis,
1006 3039 1127 3093 quae
1161 3035 1291 3079 sunt
1316 3024 1619 3079 secundum
1651 3025 1728 3080 le-

1829 585 2373 640 nibusintelleximus
2400 604 2413 640 :
2438 601 2634 641 ornare
2695 585 2898 655 quippe
2920 593 3084 654 caput
3129 598 3192 636 ac
3222 590 3408 652 tegere

1828 674 2104 729 constituti
2129 685 2274 741 sunt,
2316 677 2456 730 sicut
2483 677 2838 748 cogitationes
2866 682 3122 730 mentem.
3161 671 3282 727 Non
3307 686 3407 724 au-

1829 772 1936 818 tem
1965 765 2298 820 inordinatas
2318 767 2673 836 c0gitationes
2699 767 3027 822 deducamus
3051 763 3116 818 ad
3141 761 3404 826 medium,

1826 853 1950 921 quia
1979 861 2034 907 et
2068 853 2386 922 capillorum
2434 854 2817 924 incompositio
2849 853 3146 907 fmditatem
3177 864 3276 920 pro
3313 865 3406 904 or-

1826 953 1954 997 natu
1999 944 2221 1012 praebet.
2271 945 2517 1014 Insuper,
2579 943 3035 1014 quemadmodum
3085 942 3403 1012 capillorum

1825 1035 2045 1103 quidam
2077 1034 2354 1099 decidunt,
2383 1036 2474 1090 alii
2513 1045 2695 1091 autem
2733 1041 3112 1096 renascuntur,
3145 1031 3405 1102 nulloque

1829 1133 2070 1193 tempore
2103 1125 2253 1180 nasci
2292 1138 2541 1190 cessant,
2586 1126 2667 1180 sic
2701 1134 2755 1180 et
2787 1125 2873 1180 his
2925 1139 3048 1193 quae
3077 1131 3205 1178 sunt
3233 1121 3288 1175 in
3319 1122 3406 1178 bis

1825 1212 2244 1282 cogitationibus
2270 1214 2666 1277 decidentibus,
2697 1215 2815 1269 alia-
2848 1221 3228 1268 renascuntur.
3263 1210 3406 1282 Ergo

1825 1302 1916 1358 hic
1992 1304 2206 1359 calvum
2262 1304 2498 1375 appellat
2557 1305 2856 1374 simplicem
2917 1304 3220 1366 hominem,
3291 1318 3399 1358 non

1823 1409 1946 1448 eum
2000 1396 2092 1468 qui
2146 1396 2372 1450 omnino
2420 1396 2684 1465 insipiens
2739 1405 2844 1462 εει,
2899 1403 2994 1450 aut
3043 1395 3398 1449 irrationalis.

1823 1485 1956 1552 Quis
1981 1486 2128 1540 enim
2165 1495 2246 1541 est
2277 1487 2459 1551 homo,
2487 1486 2578 1555 qui
2605 1501 2715 1539 non
2742 1486 2986 1556 capillos,
3019 1484 3148 1549 licet
3175 1499 3400 1554 paucos,

1825 1577 1878 1630 in
1927 1579 2104 1647 capite
2135 1578 2371 1633 habeat?
2402 1576 2558 1632 Hunc
2579 1592 2710 1648 ergo
2739 1577 3018 1641 describit,
3051 1575 3143 1645 qui
3198 1575 3400 1645 cogita-

1822 1668 1999 1723 tiones
2023 1684 2222 1739 paucas
2251 1684 2361 1738 pra!
2389 1667 2735 1738 simplicitate
2769 1667 2927 1738 gerit,
2962 1680 3196 1735 eumque
3243 1663 3404 1718 mu'n-
3471 1666 3474 1670 '

1823 1758 1950 1813 dum
2001 1769 2148 1814 recte
2196 1775 2320 1814 esse
2355 1759 2610 1830 praecepit
2645 1776 2660 1812 :
2691 1760 2772 1813 sic
2818 1758 3019 1828 quippe
3063 1757 3114 1812 ei
3167 1756 3402 1812 inditum

1819 1858 1902 1903 est
1927 1860 2073 1904 sorte
2109 1857 2339 1915 naturae,
2377 1849 2521 1904 unde
2567 1865 2691 1903 eum
2724 1857 2780 1902 et
2814 1848 3079 1904 columba
3125 1853 3404 1916 comparat

1821 1940 2100 1996 Dominus.
2136 1939 2314 2006 Quare
2340 1949 2520 1996 autem
2549 1941 2714 2010 hujus
2745 1953 3034 2009 personam
3076 1931 3300 1993 omnino
3347 1939 3398 1990 in

1819 2031 2152 2085 dubietatem
2203 2029 2477 2100 legislator
2531 2030 2802 2086 adduxit?
2857 2029 2996 2095 Quia
3070 2028 3269 2085 melius
3317 2036 3403 2081 est

1817 2135 1943 2174 cum
2002 2120 2316 2175 innocentia
2359 2121 2560 2177 habere
2607 2122 2772 2176 etiam
2829 2119 3200 2192 prudentiam,
3248 2117 3394 2188 quod

1820 2210 2168 2266 manifestum
2199 2219 2284 2267 est
2310 2227 2378 2267 ea
2407 2213 2492 2268 bis
2511 2229 2634 2283 qua
2659 2211 2922 2266 Dominus
2942 2211 3159 2266 dicebat
3181 2226 3198 2262 :
3222 2207 3410 2263 Estote

1819 2303 2082 2372 sapientes
2107 2303 2241 2357 sicut
2258 2314 2540 2374 serpentes,
2563 2313 2612 2358 et
2629 2303 2892 2374 simplices
2907 2303 3046 2357 sicut
3058 2299 3314 2356 columba
3329 2300 3399 2354 “.

1821 2394 1928 2450 Sed
1968 2395 2093 2451 licet
2151 2395 2255 2451 hoc
2308 2396 2578 2450 laudabile
2611 2395 2703 2461 sit,
2737 2393 2874 2456 illud
2905 2402 3093 2449 tamen
3137 2407 3402 2448 accusau-

1821 2488 1952 2543 dum
1979 2501 2092 2541 non
2129 2496 2232 2545 est.
2262 2485 2728 2552 Quemadmodum
2760 2485 2905 2540 enim
2945 2483 3207 2539 mundum
3253 2482 3402 2538 testi-

1823 2585 1937 2633 mat
1969 2592 2094 2632 eum
2119 2575 2212 2647 qui
2238 2591 2305 2630 ex
2335 2584 2448 2632 toto
2483 2575 2713 2646 simplex
2744 2583 2849 2640 est,
2879 2573 2959 2628 sic
2981 2582 3039 2630 et
3080 2572 3254 2639 illum,
3308 2573 3402 2643 qui

1823 2682 1892 2724 ex
1911 2675 2066 2738 parte
2101 2676 2204 2733 est,
2228 2667 2465 2721 maxime
2503 2667 2650 2721 hunc
2678 2665 2768 2735 qui
2799 2680 2864 2720 ex
2893 2663 3250 2734 simplicitate
3277 2671 3400 2728 est;

1824 2770 1951 2810 nam
1977 2755 2079 2811 hoc
2108 2754 2516 2827 intelligendum
2539 2762 2622 2810 est
2651 2754 2708 2809 in
2728 2753 2935 2824 capillis
2958 2751 3273 2818 ﬂuentibus,
3299 2753 3404 2808 hoc

1825 2855 1912 2902 est
1929 2847 2332 2902 rarescentibus
2352 2846 2407 2900 in
2431 2847 2630 2912 fronte,
2660 2861 2822 2916 quem
2847 2851 2902 2899 et
2932 2844 3265 2900 calvastrum
3300 2859 3398 2913 ap-

1825 2937 2066 3008 pellavit.
2098 2935 2195 2992 llic
2227 2945 2407 2992 autem
2431 2937 2610 3007 priore
2633 2935 2874 2992 deterior
2897 2942 2982 2990 est
3011 2953 3025 2989 :
3054 2949 3185 2990 nam
3205 2934 3405 2989 melius

1827 3028 2146 3099 estquidem
2179 3028 2408 3083 virtutes
2463 3026 2818 3091 abscondere,
2859 3025 2906 3085 si
2966 3033 3151 3080 tamen
3206 3025 3403 3094 aliquis

143 3127 270 3182 gem
303 3111 603 3178 Iudaicam,
634 3113 978 3185 dogmatibus
1010 3114 1268 3184 loquitur,
1309 3122 1365 3169 et
1405 3130 1525 3184 quae
1567 3114 1625 3169 in
1655 3130 1720 3170 ea
1753 3149 1796 3210 α
1827 3120 2051 3192 gloriam
2093 3135 2282 3176 earum
2312 3119 2524 3191 prodat,
2557 3117 2854 3172 tolerabilis
2883 3116 3064 3188 passio
3096 3125 3202 3182 est,
3229 3125 3286 3170 et
3317 3116 3406 3170 vi»

145 3212 279 3258 sunt
299 3205 506 3274 culpas,
529 3205 924 3261 subobscuram
952 3207 1193 3262 alborum
1235 3215 1292 3262 et
1316 3207 1585 3262 lucentem
1606 3221 1728 3262 esse

147 3294 288 3350 dixit
324 3313 339 3362 ;
376 3297 834 3365 quemadmodum
867 3313 996 3368 ergo
1041 3297 1349 3353 cicatricem
1387 3297 1566 3353 albam
1606 3312 1728 3352 esse

144 3385 388 3440 diximus
426 3389 910 3457 transgressionem
943 3388 1130 3460 legalis
1163 3389 1376 3454 litteras,
1409 3388 1489 3446 sic
1531 3396 1586 3443 et
1611 3389 1730 3459 ejus

149 3478 511 3547 ignorantiam
584 3479 982 3535 subobscurum
1051 3481 1292 3537 alborem
1351 3489 1408 3536 et
1457 3481 1730 3538 lucentem

151 3569 521 3640 intelligamus
559 3570 688 3627 dici.
718 3571 1086 3642 lgnorantiam
1119 3582 1302 3628 autem
1339 3588 1451 3628 non
1484 3572 1728 3626 omnium

149 3675 276 3728 quae
308 3660 460 3725 dicit,
495 3677 598 3716 nec
625 3677 812 3717 eorum
838 3679 960 3732 quas
989 3665 1297 3719 communia
1327 3680 1450 3720 cum
1483 3665 1598 3736 lege
1625 3679 1726 3718 na—

154 3752 338 3817 turali,
371 3752 456 3806 vel
483 3751 805 3822 evangelicis
832 3753 1116 3822 praeceptis
1138 3761 1286 3817 sunt,
1318 3755 1578 3824 possidet.
1618 3754 1728 3809 Ne-

151 3857 261 3909 que
293 3841 440 3896 enim
472 3842 740 3912 ignorare,
767 3840 886 3896 Non
927 3842 1164 3907 occides,
1195 3843 1317 3898 Non
1343 3844 1728 3910 mtechaberis,

153 3933 276 3987 Non
309 3932 514 3987 furtum
537 3931 724 3997 facies,
745 3932 970 3988 cuilibet
987 3933 1284 4004 ignoscitur
1313 3934 1445 3990 :sed
1471 3950 1731 4004 quorum-

153 4025 280 4078 dam
310 4023 621 4094 partialium
649 4039 1050 4094 parvorumque
1074 4024 1450 4079 mandatorum
1483 4024 1736 4096 ignoran-

159 4115 252 4181 tia,
281 4116 452 4171 veluti
494 4116 714 4184 quando
753 4125 967 4185 oportet
1020 4116 1271 4172 mundari
1322 4124 1734 4183 menstruatam,

1829 3213 1951 3268 cina
1973 3212 2165 3268 venire.
2193 3211 2422 3282 Propter
2447 3209 2594 3281 quod
2622 3209 2727 3264 erit
2751 3209 3009 3275 mundus,
3035 3208 3166 3279 quia
3210 3222 3411 3264 secun-

1826 3299 1957 3355 dum
1975 3299 2192 3366 faciem,
2225 3300 2408 3356 divina
2443 3299 2723 3368 Scriptura
2758 3299 2913 3368 prodi
2944 3298 3194 3362 virtutes,
3221 3306 3279 3352 et
3308 3312 3403 3353 co—

1829 3408 1946 3448 ram
1983 3393 2295 3450 hominibus
2327 3409 2422 3463 per
2451 3408 2545 3447 eas
2575 3390 2706 3446 dicit
2761 3391 2966 3445 ornari.
2994 3390 3230 3446 Attende
3265 3389 3410 3446 Pau-

1830 3485 1942 3540 lum
1965 3485 2236 3541 dicentem
2270 3505 2284 3541 :
2326 3484 2407 3539 Ea
2427 3501 2544 3557 qua:
2562 3483 2847 3538 secundum
2879 3483 3070 3552 faciem
3101 3491 3243 3547 sunt,
3270 3484 3412 3538 uide-

1832 3575 1985 3633 te.Ss'
2013 3579 2132 3647 quis
2191 3576 2394 3630 videtur
2422 3576 2523 3628 sibi
2566 3575 2757 3632 Christi
2821 3591 2876 3628 se
2909 3590 3033 3636 esse,
3086 3574 3180 3627 hoc
3223 3574 3410 3644 cogitet

1833 3668 2023 3721 iterum
2051 3665 2195 3734 apud
2222 3665 2578 3733 semetipsum,
2617 3665 2742 3735 quia
2774 3664 2908 3718 sicut
2941 3665 3049 3734 ipse
3081 3661 3275 3718 Christi
3311 3675 3409 3730 est,

1834 3761 1912 3813 ita
1944 3767 1994 3813 ct
2021 3773 2115 3811 nos
2165 3757 2230 3810 “.
2267 3755 2379 3810 Hoc
2402 3755 2496 3820 ait,
2545 3755 2594 3808 si
2623 3754 2831 3808 nullum
2859 3765 3139 3824 peccatum
3191 3769 3254 3808 ex
3282 3755 3412 3808 sim-

1833 3851 2076 3922 plicitate
2101 3847 2363 3918 simplicis
2387 3846 2774 3902 committatur.
2809 3847 2866 3901 Si
2895 3855 3078 3900 autcm
3110 3845 3250 3900 facta
3294 3845 3413 3899 fuc-

1835 3943 1909 3997 rit
1941 3942 1999 3996 in
2032 3939 2254 3996 calvitio
2285 3939 2426 4008 ejus,
2463 3947 2557 3991 aut
2591 3938 2645 3992 in
2693 3937 2970 3991 recalvitio
3004 3936 3214 3990 macula
3266 3935 3412 4000 alba,

1835 4041 1930 4088 aut
1952 4030 2091 4098 rufa,
2127 4030 2276 4100 lepra
2303 4037 2404 4084 est.
2437 4027 2658 4093 Quare?
2690 4028 2826 4093 Quia
2859 4042 3014 4081 nemo
3041 4027 3119 4081 sic
3144 4034 3227 4080 est
3281 4025 3412 4081 sim-

1834 4125 1978 4197 plex,
2008 4130 2069 4178 ut
2095 4123 2324 4188 neseiat,
2353 4121 2482 4191 quia
2513 4137 2620 4175 non
2650 4119 2844 4174 debeat
2883 4110 3104 4173 manum
3133 4118 3189 4172 in
3229 4119 3408 4187 ignem

156 4207 381 4275 quando
435 4206 618 4261 οίΐειτὶ
671 4221 770 4276 ι)εο
823 4208 1072 4277 parientis
1133 4208 1458 4273 masculum.
1517 4208 1738 4278 quando
1837 4214 2073 4280 mittere,
2103 4227 2285 4282 neque
2325 4212 2378 4266 in
2419 4209 2704 4282 praecipitii
2736 4208 3022 4264 altitudine
3059 4207 3409 4276 semetipsum

157 4299 324 4352 etiam
357 4313 456 4367 pro
493 4313 556 4352 ea
589 4312 710 4367 quae
751 4297 1005 4353 feminam
1048 4300 1280 4368 peperit.
1335 4299 1558 4369 Propter
1593 4299 1739 4369 quod
1838 4306 1990 4372 dare,
2011 4319 2191 4375 neque
2219 4302 2369 4358 abuti
2396 4301 2572 4373 gladio
2601 4301 2657 4355 in
2683 4299 2816 4355 locis
2839 4299 3114 4354 vitalibus.
3145 4297 3201 4352 Si
3231 4309 3412 4352 autem

159 4405 227 4443 ea
250 4389 650 4446 subobscuram
682 4389 944 4455 alborem,
976 4399 1166 4459 utpote
1198 4407 1395 4461 parvas
1431 4392 1734 4458 cicatrices,

1839 4397 2098 4462 harescit,
2129 4394 2401 4466 quomodo
2430 4408 2542 4448 non
2595 4391 2828 4462 amplius
2881 4389 3054 4456 norit,
3082 4389 3229 4460 quod
3275 4389 3418 4444 occi-

162 4497 382 4552 parvam
424 4482 536 4552 iam
582 4491 975 4552 praeceptorum
1021 4484 1380 4553 ignorantiam
1418 4485 1731 4552 habentem,
1770 4481 1816 4536 ι)
1843 4487 1974 4543 dere
2018 4485 2220 4541 malum
2255 4484 2347 4549 sit,
2383 4483 2527 4552 quod
2582 4481 2870 4536 detrahere
2904 4479 3222 4548 pessimum,
3274 4478 3419 4548 quod

161 4573 488 4642 appellavit;
521 4573 615 4643 qui
664 4589 792 4644 ergo
828 4574 948 4630 talis
1006 4584 1088 4630 est
1139 4591 1248 4632 non
1308 4577 1472 4632 habet
1509 4593 1736 4634 necesse

166 4662 455 4716 mundari:
489 4678 667 4732 neque
701 4664 850 4719 enim
900 4665 966 4720 ad
987 4665 1428 4734 jnstilicationem
1465 4669 1739 4738 pertinent

161 4751 496 4815 intimorum,
520 4753 615 4808 sed
640 4764 698 4808 ut
741 4765 1126 4826 aggravaretur
1174 4771 1362 4813 eorum
1384 4759 1597 4830 jugum,
1627 4770 1737 4817 tra-

165 4845 279 4898 dita
303 4851 453 4900 sunt.
484 4843 714 4915 Propter
741 4849 886 4916 quod
909 4856 964 4903 et
990 4847 1132 4904 Deus
1161 4865 1256 4920 per
1293 4853 1615 4920 prophetam
1657 4855 1742 4908 di-

164 4936 360 4997 ccbat:
395 4935 527 4991 Dedi
584 4938 658 4993 eis
704 4949 964 5007 pracepta
998 4957 1100 4994 non
1137 4940 1296 5006 bona,
1343 4949 1392 4994 et
1427 4942 1632 5009 judicia
1689 4947 1745 5000 in

166 5027 354 5096 quibus
383 5044 488 5081 non
514 5029 679 5084 vivent
714 5030 778 5085 ⁸³.

245 5113 409 5170 Vens.
441 5117 628 5174 40-43.
665 5139 680 5171 ι
706 5118 802 5175 Vir
825 5120 894 5176 de
921 5119 1079 5188 cujus
1119 5119 1296 5190 capite
1342 5120 1520 5190 capilli
1551 5122 1748 5187 ﬂuunt,

171 5205 363 5259 calvus
405 5221 469 5260 ac
495 5211 730 5265 mundus
753 5221 854 5268 est.
885 5213 952 5268 Et
971 5213 1016 5266 si
1045 5228 1077 5266 a
1103 5211 1283 5268 fronte
1312 5212 1612 5270 ceciderint
1632 5215 1748 5283 pili,

89 5321 99 5327 -
177 5296 502 5352 recalvaster
529 5308 586 5352 et
627 5303 860 5358 mundus
914 5313 1019 5360 est.
1070 5302 1128 5358 Si
1185 5313 1368 5360 autem
1423 5305 1482 5359 in
1511 5306 1752 5371 calvitio,

176 5387 291 5442 sive
315 5387 371 5441 in
405 5389 684 5444 recalvitio
713 5393 885 5462 albus,
907 5397 994 5450 vel
1038 5396 1192 5452 rufus
1231 5397 1380 5452 color
1405 5396 1568 5452 fuerit
1592 5412 1752 5450 exor-

179 5487 286 5544 tus,
319 5487 374 5534 et
409 5479 516 5535 hoc
546 5483 799 5539 sacerdos
833 5487 1050 5553 viderit,
1081 5489 1385 5557 inquinabi-t
1416 5504 1539 5543 eum
1569 5508 1582 5544 :
1609 5489 1752 5543 baud

178 5568 344 5626 dubie
372 5571 522 5642 lepra
561 5581 664 5640 est,
699 5589 820 5645 quae
849 5587 966 5632 orta
993 5588 1076 5634 est
1106 5581 1160 5634 in
1183 5581 1418 5635 calvitio.
1449 5601 1467 5630 ι

260 5784 303 5818 ⁸⁷
327 5784 485 5843 Cant.
536 5805 575 5856 ι,
606 5790 660 5846 ι.
740 5790 783 5822 ⁸⁸
816 5791 958 5844 Psal.
993 5807 1190 5859 ωειλ-ιι,
1217 5793 1304 5848 ‘20.

1841 4579 2136 4652 idolothyta
2151 4575 2436 4633 comedere
2455 4574 2702 4643 impium,
2726 4579 2887 4640 atque
2903 4571 3180 4625 mulierem
3191 4569 3427 4648 alienati;

1844 4671 2232 4740 concupiscere
2273 4667 2354 4722 sit
2411 4664 2698 4734 iniquum?
2725 4663 2782 4716 Si
2815 4678 2945 4731 ergo
2992 4677 3116 4716 eum
3168 4661 3422 4716 sacerdos

1847 4763 2114 4818 maculam
2171 4760 2464 4813 habentem
2499 4758 2674 4810 alliam
2724 4759 2820 4807 aut
2864 4751 3037 4804 rufam
3096 4751 3150 4802 in
3204 4750 3423 4802 calvitio

1847 4865 1943 4912 aut
1971 4858 2025 4911 in
2051 4853 2326 4908 recalvitio
2354 4852 2496 4918 ejus,
2523 4851 2575 4902 id
2606 4857 2708 4907 est,
2744 4847 2796 4898 in
2829 4861 2891 4897 ea
2924 4861 3044 4913 qure
3082 4852 3166 4897 est
3190 4857 3254 4895 cx
3288 4850 3421 4902 toto,

1852 4950 1934 5004 vel
1959 4964 2020 5003 ea
2047 4956 2219 5016 parte,
2247 4943 2610 5012 simplicitate,
2659 4937 3044 5008 evangelicum,
3071 4937 3154 4989 vel
3181 4933 3421 5005 legalem

1850 5055 1974 5092 cum
1999 5045 2245 5089 normam
2273 5038 2585 5101 peccnutctn
2609 5027 3030 5098 praevaricatum
3069 5023 3238 5077 fuisse
3264 5035 3423 5090 repe-

1854 5132 1943 5195 rit,
1977 5125 2380 5187 condemnabit,
2404 5124 2517 5178 sive
2537 5119 2928 5176 contaminabit
2957 5131 3102 5172 eum.
3135 5113 3356 5180 Quare?

1924 5215 2057 5279 Quia
2083 5213 2224 5266 haud
2259 5211 2412 5265 dubie
2459 5210 2604 5279 lepra
2652 5219 2768 5261 orta
2821 5216 2898 5262 est
2937 5207 2991 5259 in
3039 5204 3267 5259 calt'iu'o.
3306 5203 3421 5267 Vel,

1855 5307 1996 5360 sicut
2028 5304 2188 5368 LXX,
2222 5303 2346 5373 quia
2375 5302 2429 5354 in
2462 5300 2633 5367 capite
2663 5297 2777 5367 ejus
2826 5295 3038 5350 macula
3076 5294 3208 5365 ejus,
3242 5294 3338 5360 ait;
3373 5293 3384 5344 i
3412 5294 3422 5342 l

1855 5407 1958 5459 est,
1988 5396 2114 5464 quia
2152 5395 2208 5449 in
2239 5393 2428 5448 validis
2447 5400 2502 5445 et
2530 5389 2855 5444 necessariis
2904 5388 3168 5458 peccavit,
3213 5388 3268 5441 in
3307 5402 3430 5455 qut--

1857 5488 1957 5542 bus
2033 5501 2192 5540 nemo
2265 5498 2496 5554 peccans
2555 5481 2768 5536 veniam
2838 5489 3097 5534 meretur.
3159 5477 3427 5533 Naturalis

1858 5579 2000 5632 enim
2043 5579 2146 5642 lex,
2175 5577 2240 5631 ad
2302 5592 2462 5645 qliam
2515 5574 2822 5629 necessaria
2865 5574 2996 5645 legis
3064 5574 3316 5638 tendunt,
3373 5583 3426 5628 ct

1390 5796 1426 5823 ιο
1464 5793 1659 5846 tamen.
1702 5810 1785 5854 λκ,
1824 5792 1876 5845 ll
1913 5791 2208 5850 501'.LXX.
2289 5791 2331 5820 ιο
2360 5787 2546 5843 Matth.
2582 5771 2750 5848 x.'16.
2829 5789 2868 5820 ἰ
2905 5787 3176 5848 nam-.x.
3213 5787 3265 5841 7.
