3886 6306
473 317 577 385 947

1693 324 1743 384 Η
1755 323 2054 384 ESYCHII
2102 321 2579 384 PRESBYTERI

3678 316 3796 380 9&8

473 432 645 495 mtilto
683 434 852 504 magis
909 436 1219 508 evangelica
1272 444 1563 508 precepta,
1609 449 1713 491 nec
1773 436 2060 489 animabus
2087 437 2135 494 Α
2162 433 2590 503 ostendeturque
2627 430 2912 487 sacerdoti.
2954 431 3058 498 Qui
3102 431 3497 498 considerans,
3534 430 3795 487 recludet

478 523 694 588 quidem
726 536 855 581 sunt
894 527 1069 582 aliena
1093 528 1452 599 simplicibus.

544 611 710 672 Vsus.
740 617 930 674 ιιι-46.
962 640 981 671 ‹
1013 603 1335 690 Quicunque
1357 636 1487 693 ergo
1535 622 1838 677 maculatus
1891 621 2058 677 fuerit

472 705 646 777 lepra,
680 720 735 763 et
763 720 1045 780 separatus
1073 713 1142 767 ad
1189 712 1480 767 arbitrium
1529 713 1848 780 sacerdotis,
1885 714 2056 769 babe-

472 795 554 852 bit
576 800 899 856 vestimenta
929 803 1160 869 dissuta,
1196 813 1360 873 caput
1391 804 1622 871 nudum,
1661 821 1724 861 os
1755 813 1904 861 veste
1925 820 2058 861 con-

474 901 700 959 tectum,
734 894 1160 952 contaminatum
1187 912 1254 952 ae
1282 897 1584 961 sordidum,
1621 898 1881 952 clamabit
1905 896 2056 951 omni

473 993 717 1053 tempore
744 1000 853 1054 quo
875 985 1122 1055 leprosus
1148 997 1251 1054 est,
1279 999 1335 1043 et
1355 989 1672 1044 immundus
1715 988 1866 1044 solus
1897 987 2059 1043 habi-

470 1073 605 1131 tabit
630 1082 782 1129 extra
802 1086 999 1132 castra.
1034 1096 1053 1127 ι

540 1164 615 1220 Ea
644 1181 766 1236 quae
793 1168 858 1222 ad
886 1168 1075 1223 faciem
1107 1179 1191 1225 est
1212 1171 1593 1241 interpretatio
1629 1171 1847 1236 litterae,
1873 1169 2056 1226 omni-

465 1269 541 1311 no
570 1257 757 1313 multis
790 1258 1004 1313 videtur
1045 1276 1166 1315 esse
1197 1262 1447 1316 ridicula.
1469 1261 1610 1327 Quid
1637 1261 1785 1316 enim
1837 1261 2059 1331 prodest

465 1345 793 1400 vestimenta
843 1346 1110 1414 dissuere,
1140 1357 1234 1403 aut
1282 1360 1447 1420 caput
1506 1350 1706 1405 habere
1764 1350 2054 1417 nudatum,

463 1445 529 1487 os
554 1441 865 1517 contectum
894 1434 917 1488 ?
941 1433 1053 1489 Nec
1084 1435 1173 1491 ille
1207 1438 1354 1491 enim
1401 1438 1494 1507 qui
1524 1453 1753 1509 corpore
1784 1439 2052 1508 leprosus,

464 1524 690 1593 olorem
724 1526 894 1596 spirat
924 1529 1167 1596 pudoris,
1193 1537 1252 1590 ut
1300 1539 1449 1585 recte
1469 1545 1532 1589 os
1579 1546 1739 1591 suum
1792 1531 1954 1600 hujus
1976 1533 2055 1591 rei

463 1619 678 1687 operiat
704 1619 901 1689 gratia.
932 1618 1040 1675 Sed
1077 1621 1204 1689 quia
1237 1621 1513 1690 leprosum
1558 1621 1836 1692 legislator
1889 1622 2054 1676 intel-

464 1706 597 1765 lexit
626 1724 775 1775 eum,
808 1710 900 1780 qui
933 1712 1230 1769 secundum
1267 1714 1522 1781 praedicta
1561 1722 1784 1782 peccata
1815 1713 2054 1769 immuni—

463 1797 569 1861 dus
597 1808 702 1866 est,
730 1801 1043 1879 necessarie
1071 1802 1190 1871 ejus
1219 1780 1443 1857 dissolvi
1471 1780 1793 1859 vestimenta
1846 1820 2056 1874 praeces
2088 1780 2131 1838 Β

462 1891 632 1959 cepit,
660 1901 714 1944 ut
765 1906 864 1961 per
906 1893 1013 1947 hoc
1061 1894 1319 1964 cognosci
1364 1894 1539 1963 possit
1585 1895 1714 1964 quia
1759 1895 2059 1953 dissolutas

465 1981 661 2040 habeat
702 1983 930 2043 virtutes
965 1995 1129 2055 atque
1165 1985 1307 2040 vires
1362 1986 1560 2041 anima:
1598 2003 1760 2056 :quae
1815 2003 1934 2043 eam
1986 1989 2058 2043 ab

462 2077 598 2125 aestu
625 2079 789 2140 atque
818 2071 942 2142 gelu
982 2072 1192 2141 peccati
1230 2080 1482 2142 poterant
1516 2075 1814 2129 custodire.
1843 2074 2057 2131 Habere

462 2168 644 2227 autem
667 2176 799 2219 eum
825 2170 881 2217 et
901 2172 1067 2231 caput
1093 2162 1357 2231 nudatum
1390 2164 1670 2234 princepit,
1693 2172 1882 2234 utpote
1911 2165 2058 2220 salu-

463 2253 536 2306 tis
564 2254 771 2323 galeam
810 2269 921 2319 non
964 2254 1283 2321 habentem,
1322 2271 1486 2324 quam
1540 2254 1745 2320 Paulus
1782 2257 1925 2315 inter
1966 2257 2055 2311 iu—

466 2346 769 2416 telligibilia
813 2362 967 2405 arma
1012 2346 1155 2409 sumi
1207 2346 1466 2418 precepit
1505 2346 1573 2411 ",
1604 2344 1678 2401 Os
1727 2346 1891 2401 etiam
1943 2363 2053 2405 non

463 2439 672 2501 frustra
697 2439 900 2509 operiri
938 2439 1223 2508 praecepit,
1255 2438 1353 2495 sed
1391 2438 1519 2507 quia
1547 2452 1673 2507 cum
1700 2437 1829 2495 mali
1872 2439 2057 2503 odoris

462 2536 745 2597 peceatum
776 2528 869 2594 sit,
898 2535 954 2583 et
983 2543 1203 2591 onlnem
1243 2543 1472 2598 pravam
1507 2527 1723 2583 emittat
1759 2528 2056 2591 exhalatio-.-

461 2632 612 2685 ueau,
650 2620 823 2677 multo
850 2621 1023 2691 magis
1048 2631 1227 2683 tamen
1260 2636 1380 2676 eam
1401 2636 1525 2690 quae
1548 2635 1646 2690 per
1681 2620 1921 2686 linguam
1940 2630 2053 2685 est,

462 2710 711 2779 possidet
735 2726 751 2764 ι
783 2710 945 2769 simul
971 2711 1139 2767 etiam
1166 2721 1224 2765 et
1251 2726 1282 2765 a
1315 2711 1581 2769 doctorali
1608 2710 1878 2782 dignitate
1904 2716 2057 2774 hunc

460 2802 555 2871 qui
588 2802 711 2857 talis
741 2810 828 2857 est
849 2803 1126 2871 prohibet.
1156 2802 1445 2868 Quomodo
1466 2804 1615 2861 enim
1642 2804 1818 2874 culpae
1863 2821 2079 2862 casum.

459 2902 734 2956 coerceat,
760 2892 851 2962 qui
892 2904 978 2949 est
1019 2894 1136 2962 ipse
1164 2895 1493 2964 eulpabilis?
1518 2895 1810 2961 Quomodo
1833 2897 1926 2967 qui
1967 2898 2056 2951 fu-

462 2993 638 3055 ratur.
670 2983 951 3052 prtecipiat
980 2999 1088 3037 non
1128 2984 1339 3041 furari?
1375 2986 1467 3054 qui
1504 2989 1835 3052 mrechatnr,
1864 2988 2059 3057 iubeat

2163 533 2374 595 septem
2414 524 2627 592 diebus,
2671 536 2728 580 et
2785 525 2875 580 die
2923 524 3157 595 septimo
3209 539 3437 585 rursum
3479 524 3791 595 aSpiciens,

2162 618 2205 673 si
2253 618 2493 673 crevisse
2538 616 2963 688 deprehenderit
3032 617 3184 687 lepra
3242 632 3642 687 perseverans
3683 626 3789 679 est.

2161 711 2430 780 pollutum
2468 711 2736 779 iudicabit
2784 710 3198 775 vestimentum,
3228 718 3287 765 et
3332 724 3520 764 omne
3567 708 3629 762 in
3678 726 3786 779 qua

2160 801 2327 857 fuerit
2350 802 2594 866 inventa,
2617 812 2672 857 et
2698 801 2901 856 idcirco
2928 802 3285 857 comburetur
3312 800 3599 855 ﬂammis.
3634 800 3785 867 Quod

2150 893 2202 948 'si
2244 911 2362 948 eam
2392 894 2587 949 viderit
2626 910 2735 949 nou
2771 894 3036 958 crevisse,
3078 893 3385 963 pra-cipiet,
3425 902 3489 948 et
3526 893 3787 948 lavabaat

2165 982 2217 1038 id
2251 984 2304 1037 iu
2333 1000 2442 1053 quo
2468 984 2617 1053 lepra
2657 993 2760 1038 est.
2788 983 3206 1052 Recludeusque
3229 983 3361 1038 illud
3416 993 3650 1052 septem
3678 984 3785 1037 die-

2161 1073 2266 1128 bus
2293 1074 2435 1136 aliis,
2478 1084 2531 1128 et
2579 1090 2702 1129 cum
2736 1074 2935 1128 viderit
2969 1074 3162 1128 faciem
3213 1074 3449 1142 quidem
3489 1072 3783 1141 pristinam

2162 1179 2271 1219 non
2302 1181 2602 1229 reversam,
2631 1181 2733 1219 nec
2768 1175 2950 1219 tamen
2982 1164 3226 1218 crevisse
3256 1164 3507 1233 lepram,
3545 1165 3783 1219 immul-

2160 1254 2288 1309 dum
2312 1255 2600 1325 iudicabit.
2656 1265 2713 1309 et
2746 1255 2895 1325 igne»
2926 1256 3232 1319 comburet,
3263 1269 3333 1308 eo
3391 1254 3558 1323 quod
3602 1253 3771 1309 infusa

2159 1347 2232 1403 sit
2279 1347 2332 1403 in
2381 1348 2669 1417 superﬁcie
2699 1347 3031 1411 vestimenti,
3066 1347 3147 1405 vel
3211 1361 3308 1414 per
3351 1354 3581 1407 totum,
3614 1345 3779 1413 lepra.

2159 1438 2256 1499 Sin
2298 1450 2477 1493 autem
2514 1439 2798 1510 obscurior
2818 1437 2983 1500 inierit
3022 1437 3173 1491 lucus
3228 1436 3427 1505 lepra‘,
3485 1444 3777 1519 postquam

2159 1530 2330 1595 vestis
2355 1541 2443 1586 est
2469 1530 2599 1595 luta,
2625 1532 2918 1598 abrumpet
2965 1545 3114 1592 eum,
3143 1538 3200 1582 et
3244 1543 3279 1581 a
3331 1527 3515 1582 solito
3554 1528 3776 1581 dividet.

2160 1619 2315 1695 Quod
2344 1619 2391 1674 si
2412 1612 2562 1673 ultra
2593 1618 2908 1688 apparuerit
2937 1617 2988 1671 in
3022 1618 3106 1672 his
3129 1618 3287 1681 locis,
3326 1632 3465 1689 quae
3500 1618 3666 1686 [ιι-ἰυς
3692 1617 3779 1668 im-

2159 1708 2426 1771 maculata
2465 1717 2642 1772 erant,
2673 1707 2823 1777 lepra
2877 1706 3115 1760 volatilis
3143 1715 3197 1760 et
3233 1722 3391 1776 vaga,
3429 1706 3614 1759 debet
3670 1706 3768 1776 igni

2152 1792 2429 1865 'emuburi,
2473 1798 2527 1855 Si
2560 1797 2888 1864 cessaverit,
2922 1798 3126 1855 lavabit
3174 1812 3238 1851 ca
3270 1812 3399 1867 qua:
3449 1814 3603 1867 pura
3658 1808 3776 1853 sunt

2159 1892 2424 1956 secundo,
2460 1900 2514 1945 et
2545 1891 2746 1945 munda
2773 1898 2955 1945 erunt.
2988 1889 3096 1943 Ista
3137 1898 3222 1943 est
3248 1889 3334 1943 lex
3369 1888 3561 1959 lepra:
3617 1892 3775 1944 vesti-

2159 1982 2326 2039 menti
2353 1979 2516 2046 lanei,
2538 1991 2591 2035 ct
2619 1979 2773 2045 linei,
2801 1978 3039 2037 ﬂaminis
3061 1986 3223 2047 atque
3247 1978 3646 2049 subtegminis
3673 1995 3776 2033 om-

2157 2074 2352 2142 nisque
2375 2071 2729 2141 supellectilis
2757 2069 3306 2140 pellici:r.,quomodo
3358 2070 3651 2133 inundari
3685 2070 3773 2125 de-

2158 2165 2322 2223 beant
2350 2164 2435 2221 vel
2468 2162 2851 2227 contaminari.
2885 2180 2904 2216 ι

2227 2257 2548 2313 ludeeorum
2583 2254 2804 2323 quidam
2830 2254 3056 2311 forsitan
3085 2271 3150 2310 ac
3176 2254 3347 2309 nimis
3369 2253 3672 2321 abiectum
3702 2251 3772 2305 le—

2156 2347 2464 2419 g'slatorem
2488 2346 2777 2408 testimaut,
2796 2347 2922 2414 quia
2940 2344 3006 2398 de
3023 2344 3257 2407 stamine
3272 2354 3449 2411 atque
3465 2341 3773 2413 subtegmi-

2157 2453 2261 2502 ne,
2305 2437 2451 2506 quod
2501 2446 2671 2491 trama
2719 2437 2880 2507 vulgo
2923 2445 3295 2505 nuncupatur,
3347 2435 3635 2504 loquitur,
3684 2450 3769 2490 re.

2157 2528 2413 2597 linquens
2433 2542 2775 2597 quzecuuque
2799 2527 3014 2583 animas
3042 2527 3386 2583 audientium
3418 2527 3616 2596 legem
3652 2546 3769 2596 pos-

2157 2630 2283 2686 sunt
2314 2622 2384 2676 ad
2424 2622 2653 2683 meliora
2687 2636 3040 2690 componere.
3076 2621 3219 2687 Quid
3254 2621 3433 2686 enim,
3482 2622 3766 2691 inquiunt,

2157 2711 2494 2775 sordidatum
2555 2721 2788 2775 stamen,
2834 2712 2968 2781 quid
3019 2711 3366 2780 subtegmen,
3421 2713 3548 2767 sive
3600 2723 3769 2769 uana

2157 2806 2433 2874 leprosum
2470 2803 2696 2865 factum.
2734 2806 2862 2874 quid
2898 2805 3175 2874 pellicium
3212 2819 3307 2859 vas
3342 2806 3632 2863 maculam
3674 2809 3769 2863 ha—

2155 2898 2312 2963 bens,
2352 2907 2554 2953 nostra:
2600 2897 2776 2958 oberit
2825 2897 3182 2957 vitae?-Unde
3228 2910 3342 2953 non
3393 2913 3508 2953 nos
3546 2911 3768 2969 oportet

2155 2994 2222 3046 ad
2260 2992 2433 3046 solam
2465 2991 2754 3046 intendere
2790 2991 3047 3052 litteram,
3082 2989 3180 3043 sed
3210 2990 3278 3045 ad
3308 2987 3567 3045 fructum
3605 2995 3769 3062 spiri-

461 3090 571 3130 nou
617 3074 924 3134 moechari?
957 3074 1112 3131 Unde
1148 3085 1205 3131 et
1260 3076 1435 3132 David
1481 3077 1744 3133 dicebat:
1786 3078 2053 3141 Peccutori
2079 3110 2123 3166 ο
2158 3093 2249 3138 tus
2276 3103 2297 3137 ι
2324 3084 2418 3153 qui
2469 3083 2933 3152 quemadmodum
2976 3082 3080 3137 sub
3130 3080 3279 3146 folio,
3312 3082 3388 3137 ita
3441 3083 3553 3138 sub
3592 3086 3768 3140 lustra

463 3176 646 3220 autem
677 3167 813 3223 dixit
845 3166 1030 3223 Deus:
1064 3168 1243 3231 Quare
1270 3177 1326 3222 tu
1351 3185 1573 3223 euarras
1608 3169 1850 3238 justitias
1882 3186 2048 3238 meas,

460 3270 509 3313 et
533 3261 761 3318 assumis
817 3269 1188 3319 testamentum
1209 3276 1385 3314 meum
1414 3275 1509 3329 per
1535 3277 1591 3315 os
1628 3262 1813 3315 tuum?
1834 3262 1908 3315 Tu
1937 3279 2055 3316 vero

459 3353 620 3406 odisti
664 3352 1020 3421 disciplinam,
1061 3364 1110 3407 et
1152 3353 1417 3422 projecisti
1456 3370 1718 3409 sermones
1755 3372 1892 3410 meos
1937 3368 2051 3425 post

461 3454 511 3496 te
534 3445 598 3497 ’³.
626 3444 697 3498 Et
713 3460 822 3498 non
850 3444 1068 3513 quidem
1089 3460 1306 3515 semper
1333 3445 1439 3500 hoc
1463 3456 1610 3501 esset
1638 3445 2053 3517 omnitempore

458 3545 569 3598 quo
608 3531 853 3600 leprosus
881 3540 984 3597 est,
1016 3532 1069 3587 id
1105 3541 1190 3587 est
1221 3533 1478 3589 omnibus
1512 3534 1725 3601 diebus,
1751 3535 1948 3605 quibus
1995 3537 2051 3592 in

460 3638 528 3673 eo
572 3622 738 3678 fuerit
786 3624 1020 3681 macula.
1052 3623 1193 3689 Quid
1244 3640 1374 3694 ergo
1427 3641 1527 3696 per
1575 3627 1693 3683 haec
1740 3628 2051 3700 signiﬁcat?

460 3714 597 3778 Quia
636 3714 739 3769 etsi
772 3716 943 3770 settiel
994 3717 1321 3785 peccaverit,
1356 3717 1570 3773 etiamsi
1613 3734 1723 3776 non
1777 3720 2073 3777 addiderit-

460 3803 526 3856 ad
563 3805 923 3872 peccandum,
953 3805 1272 3869 iuuuuudus
1301 3816 1481 3870 tamen
1509 3825 1684 3880 usque
1705 3810 1839 3867 dum
1869 3812 2063 3881 pmni-.

460 3902 592 3961 teat,
613 3894 811 3953 dicitur
836 3914 850 3952 :
876 3898 1003 3965 quia
1031 3898 1153 3952 sine
1187 3899 1508 3968 pmniteutia
1530 3901 1680 3972 lepra
1711 3904 1920 3972 peccati
1949 3919 2048 3974 pe-

457 3986 609 4042 nitus
655 4002 766 4042 non
808 3990 1123 4056 mundatur,
1164 3990 1398 4060 ideoque
1435 3994 1645 4049 macula
1693 3994 2046 4066 intelligibilis

461 4078 625 4145 lepra;
667 4077 723 4132 in
760 4077 880 4149 ipso
928 4089 1134 4136 uiatiet.
1184 4081 1451 4140 Prmterea
1478 4101 1647 4141 verus
1687 4086 1957 4155 leprosus,
1989 4087 2042 4146 id

456 4178 545 4222 est
572 4178 847 4237 peccator,
870 4170 1018 4225 solus
1033 4186 1098 4225 ac
1125 4182 1409 4241 separatus
1439 4174 1666 4240 habitat,
1690 4185 1800 4233 tam
1829 4184 1891 4234 ut
1908 4190 2044 4229 con-

457 4257 735 4325 fundatur,
773 4276 934 4329 quam
972 4271 1031 4316 ut
1077 4263 1262 4319 nullus
1306 4265 1586 4333 societatis
1622 4266 1751 4336 ejus
1792 4269 2044 4340 contagio

457 4359 742 4406 noceatur.
767 4352 923 4409 Unde
960 4355 1219 4410 Dominus
1249 4355 1428 4419 Petro,
1455 4356 1526 4410 de
1550 4371 1621 4411 eo
1657 4358 1753 4426 qui
1779 4373 2042 4428 peccave-

2157 3176 2344 3245 legalis
2374 3176 2549 3229 vineae
2580 3175 2902 3230 custoditur.
2932 3174 3163 3228 Tantam
3184 3176 3330 3228 enim
3356 3191 3558 3231 curam
3593 3181 3766 3233 nostri

2154 3267 2428 3339 legislator
2466 3267 2626 3337 grit,
2662 3276 2722 3320 ut
2763 3283 2872 3321 non
2917 3268 3093 3321 solum
3135 3268 3201 3321 de
3240 3268 3329 3321 illa
3367 3279 3572 3323 cautos
3609 3272 3767 3325 iaciat

2154 3361 2322 3430 lepra,
2370 3375 2493 3429 qua:
2537 3375 2601 3414 ex
2657 3361 2742 3413 his
2790 3376 2915 3429 qua:
2969 3361 3083 3429 jam
3135 3362 3275 3413 dicta
3323 3373 3480 3425 sunt,
3520 3377 3766 3432 peccatis

2152 3453 2356 3518 evenit,
2391 3452 2486 3506 sed
2516 3459 2573 3505 et
2601 3452 2668 3505 de
2709 3453 2811 3505 hac
2842 3466 2962 3518 qua:
2994 3452 3313 3519 frequenter
3344 3453 3496 3507 circa
3529 3455 3766 3509 virtutes

2151 3547 2394 3611 evenire,
2440 3547 2572 3601 dum
2620 3546 2765 3600 male
2817 3546 2900 3599 eis
2950 3545 3147 3613 aliquis
3192 3545 3385 3607 utitur,
3420 3548 3594 3608 solet,
3646 3548 3761 3601 Alia

2151 3652 2281 3708 ergo
2326 3637 2654 3692 vestimenta
2697 3637 2913 3698 animm,
2955 3635 3060 3689 alia
3102 3636 3430 3690 vestimenta
3466 3647 3608 3692 sunt
3642 3655 3761 3691 rw

2148 3729 2297 3799 poris
2328 3747 2340 3782 :
2369 3745 2491 3798 qua:
2534 3744 2638 3785 nec
2690 3729 2988 3784 Sordidum.
3038 3744 3140 3782 nec
3188 3729 3501 3797 cxspoliata
3544 3733 3759 3785 contri-

2148 3830 2313 3886 stant,
2348 3822 2625 3891 quomodo
2675 3835 2806 3891 ergo
2849 3819 3055 3890 Joseph
3103 3822 3455 3890 pertingeute
3496 3821 3754 3893 Egyptia

2146 3911 2488 3966 vestimentis
2542 3909 2870 3980 spoliandus
2922 3919 3075 3975 erat,
3135 3909 3220 3963 vel
3276 3912 3566 3978 quonwdo
3632 3914 3757 3982 pilis

2146 4005 2337 4059 cameli
2379 4004 2617 4071 Baptista
2655 4002 2899 4058 Joannes
2931 4001 3160 4056 indutus
3197 4010 3332 4055 erat.
3380 4000 3491 4056 Sed
3534 4019 3603 4057 ea
3636 4022 3757 4073 quae

2146 4104 2274 4151 sunt
2311 4096 2509 4150 anima:
2548 4102 2767 4165 Oportet
2806 4108 2930 4147 esse
2972 4094 3225 4154 clariora,
3258 4094 3327 4147 de
3353 4094 3564 4162 quibus
3592 4094 3755 4149 Salo-

2146 4202 2273 4245 mon
2325 4189 2583 4243 dicebat:
2617 4188 2775 4243 Omni
2835 4197 3070 4256 tempore
3122 4189 3229 4241 sint
3286 4189 3609 4242 vestimenta
3659 4201 3751 4242 tu

2144 4282 2371 4336 candida
2392 4282 2458 4335 “.
2491 4280 2656 4334 David
2690 4294 2821 4349 ergo
2848 4279 2926 4332 ait
2963 4295 2975 4330 :
3015 4277 3199 4332 Omnis
3232 4277 3406 4348 gloria
3436 4280 3581 4348 ejus,
3622 4281 3751 4347 ﬂia

2146 4373 2280 4442 regis
2327 4372 2392 4425 ab
2440 4371 2585 4423 intra
2613 4411 2626 4432 ,
2663 4370 2721 4422 in
2760 4368 2982 4437 ﬁmbriis
3033 4369 3211 4421 mercis
3266 4369 3609 4423 circumdate
3658 4388 3747 4423 re-

455 4449 563 4505 rat,
588 4451 643 4497 et
671 4443 928 4499 Ecclesiae
957 4456 1017 4509 ut
1068 4455 1486 4501 converteretur
1527 4457 1691 4518 atque
1727 4453 2049 4509 emendare-

2153 4466 2341 4518 rictate
2369 4462 2435 4514 ³⁷.
2471 4460 2711 4515 Gloriam
2748 4459 2911 4524 intra,
2935 4460 3134 4513 anima:
3155 4458 3413 4513 decorem
3442 4475 3711 4516 asserem
3730 4503 3745 4525 ,

457 4542 567 4595 tur,
588 4534 925 4591 detrectabat
949 4538 1173 4593 obedire
1198 4557 1211 4592 :
1240 4538 1319 4593 Sit
1348 4540 1464 4605 tibi,
1494 4541 1687 4612 inquit,
1713 4544 1850 4598 sicut
1871 4546 2045 4600 ethni-

454 4640 547 4679 cus
578 4634 628 4678 et
665 4624 975 4695 publicanus
1006 4628 1071 4681 “.
1106 4628 1383 4685 Habitabit
1419 4633 1622 4703 quippe
1652 4644 1805 4690 extra
1837 4645 2039 4693 castra.

457 4715 617 4787 lu-gis
642 4717 845 4787 quippe
886 4721 1142 4777 mandata
1188 4723 1515 4793 evangelieis
1562 4726 1727 4782 nimis
1759 4738 1910 4796 sunt,
1956 4745 2043 4784 se-

454 4808 696 4863 cundum
721 4808 994 4879 spiritum,
1026 4816 1407 4882 consonantia,
1437 4818 1581 4872 unale
1604 4818 1845 4877 Joannes
1878 4838 2041 4892 sepa-

456 4914 583 4955 rans
605 4902 676 4955 ab
713 4899 1037 4976 intelligibili
1065 4907 1417 4964 tabernaculo
1444 4911 1835 4983 intelligibilem
1864 4916 2047 4986 lepro-
2076 4958 2110 4972 ..

457 5005 575 5069 sum
612 4992 666 5045 in
696 4994 982 5050 catholicis
1013 4998 1276 5066 Epistolis
1294 5000 1524 5057 scribit:
1556 5002 1865 5072 Quicunque
1901 5009 2037 5061 venit

436 5083 526 5135 ad
573 5100 679 5148 vos,
709 5092 758 5138 et
786 5085 923 5139 hanc
953 5084 1246 5142 doctrinam
1282 5107 1385 5144 non
1429 5093 1601 5161 affert,
1629 5110 1731 5147 non
1776 5097 2040 5165 recipiatis

457 5190 571 5225 rmu
622 5174 676 5226 in
706 5174 943 5237 domum,
971 5187 1018 5229 et
1044 5193 1138 5231 ave
1159 5179 1207 5232 ei
1237 5196 1300 5233 ne
1331 5181 1569 5235 dixeritis
1591 5184 1656 5240 ".

526 5261 693 5319 Vnus.
716 5263 902 5319 47-59.
930 5283 950 5317 ι
974 5264 1155 5323 Vestis
1181 5269 1361 5337 lanea,
1379 5281 1473 5326 aut
1504 5274 1668 5339 linea,
1692 5294 1811 5346 qua)
1836 5279 2038 5351 lepram

460 5352 713 5409 habuerit
756 5356 812 5410 in
851 5359 1084 5413 stamine
1129 5369 1293 5431 atque
1335 5365 1699 5435 subtegmine,
1738 5381 1832 5425 aut
1888 5386 2039 5430 certe

460 5444 633 5508 ιιι-ἱείς,
656 5443 744 5500 vel
768 5445 1027 5516 quidquid
1058 5465 1122 5503 ex
1175 5452 1314 5519 pelle
1343 5464 1655 5512 contextum
1686 5468 1789 5525 est,
1837 5462 1880 5515 si
1917 5464 2036 5519 alba

458 5544 552 5588 aut
581 5534 700 5591 rufa
747 5538 955 5593 macula
997 5539 1177 5606 fuerit,
1217 5544 1412 5599 infelta
1462 5547 1624 5616 lepra:
1673 5554 2031 5622 reputabitur,

529 5692 575 5759 ξ’
605 5690 799 5759 Ειιιιρς.
838 5712 888 5747 \‘t
911 5737 924 5752 .
967 5698 1041 5753 Π.

1146 5704 1188 5733 ’³
1226 5703 1364 5771 Psal.
1403 5723 1556 5775 XLIX,
1616 5710 1705 5776 lO,
1746 5712 1824 5777 i7.

460 5765 504 5797 ⁸⁷
537 5758 676 5814 l’sal.
721 5779 860 5824 sLiv,
905 5767 983 5817 lU.

1929 5713 1972 5744 "'
2000 5713 2184 5769 Matth.
2222 5733 2386 5782 mu,
2425 5718 2505 5773 Π.

2152 4555 2207 4609 in
2245 4552 2481 4607 ﬁmbriis
2509 4550 2712 4611 aureis,
2742 4564 2866 4618 qua
2894 4549 3154 4602 videlicet
3180 4558 3309 4603 sunt
3342 4550 3605 4606 virtutes.
3640 4552 3744 4606 Sed

2150 4646 2343 4700 horum
2372 4644 2823 4699 vestimentorum
2854 4641 3105 4710 quaedam
3135 4649 3262 4694 sunt
3287 4640 3465 4705 lanea,
3491 4643 3744 4711 quada-

2148 4738 2292 4794 linea
2327 4757 2341 4791 :
2374 4737 2549 4799 lanea,
2595 4734 2832 4805 pretiosa
2880 4743 2937 4787 et
2982 4749 3197 4804 magna.
3236 4734 3588 4805 multumque
3624 4739 3744 4788 ani-

2149 4844 2293 4883 mam
2344 4826 2751 4888 calefacientia;
2810 4823 2954 4878 linea
3009 4837 3171 4885 vero,
3221 4823 3376 4887 vilia,
3432 4840 3741 4895 parumque

2148 4919 2544 4977 calefacientia.
2585 4917 2763 4971 Lanea
2810 4916 3001 4980 vestis,
3044 4917 3239 4971 animm
3289 4925 3372 4971 est
3410 4918 3739 4988 virginitas;

2149 5012 2313 5071 linea,
2346 5010 2572 5065 castitas
2614 5008 2941 5080 coniugalis.
2989 5008 3190 5073 Lanca,
3234 5025 3262 5063 a
3306 5018 3545 5079 quaestu,
3590 5014 3740 5067 vela

2150 5103 2478 5173 possidendo
2524 5101 2892 5164 continentia;
2945 5101 3110 5164 linea,
3150 5102 3458 5157 habiturum
3518 5104 3739 5177 largitas
3842 5080 3843 5099 Χ

2148 5211 2353 5251 rerum.
2406 5196 2682 5259 Laneum,
2735 5193 2904 5247 eremi
2956 5192 3332 5263 philosophia;
3385 5194 3635 5260 lincunt,
3689 5197 3734 5251 iu

2145 5286 2368 5341 civitate
2403 5286 2680 5349 honestas,
2716 5284 2830 5338 sive
2860 5285 3145 5339 modestia.
3180 5286 3421 5340 Laueum
3458 5303 3641 5358 usque
3672 5289 3731 5342 ad

2142 5385 2376 5431 mortem
2408 5391 2508 5446 pro
2536 5376 2766 5429 veritate
2810 5378 3043 5441 certari;
3084 5377 3290 5431 lincunt
3335 5376 3471 5432 falsa
3514 5395 3626 5434 non
3659 5381 3732 5433 lo-

2140 5468 2253 5537 qui.
2271 5467 2427 5522 Unde
2453 5475 2508 5521 et
2526 5464 2781 5520 Salomon
2815 5467 3112 5523 Ecclesium
3132 5468 3446 5537 duplicibus
3473 5471 3726 5525 vestitam

2139 5575 2235 5628 per
2270 5557 2722 5629 signiﬁcationem
2764 5573 3019 5613 asserens
3051 5560 3268 5616 direbat
3299 5579 3311 5614 :
3356 5561 3611 5626 Quasirit
3645 5562 3722 5613 ιε-

2618 5717 2661 5747 ’⁸
2691 5716 2735 5770 ll
2763 5716 2916 5771 .l‘aau.
2951 5735 3003 5782 ι,
3038 5719 3118 5773 i0.
3230 5721 3273 5751 ²⁶
3306 5721 3489 5777 Ecclc.
3544 5740 3595 5777 Ix
3617 5765 3630 5787 ,
3668 5724 3719 5778 8.
