3886 6306
133 329 249 392 949

1232 318 1314 379 IN
1355 319 1796 381 LEVITICUM.
1832 345 1898 355 -
1938 322 2089 382 LIB.
2124 322 2223 383 IV.

3292 323 3398 384 950

104 450 257 489 nam
307 441 354 486 et
389 430 577 497 linunt,
613 438 663 486 ct
696 439 915 501 operata
948 438 1023 484 est
1053 431 1270 485 consilio
1303 449 1558 486 manuum
1594 450 1721 487 sna-
1751 438 1795 495 Α
1829 431 2057 488 Domino
2114 434 2544 505 exspectabunt?
2596 435 2853 492 Viridans
2905 443 3087 491 autem
3148 434 3399 505 superbia

111 542 251 580 runt
282 525 374 579 ν’.
420 523 487 578 Et
533 539 725 577 rursus
761 540 773 577 :
812 521 1182 593 Stragulatam
1219 532 1409 577 vestem
1454 524 1575 593 fecit
1618 524 1717 577 sibi

104 618 308 686 byssns
341 625 390 668 et
419 630 660 684 purpura
701 615 1066 667 indumentum
1098 613 1210 682 ejus
1238 614 1307 667 "'.
1357 612 1532 668 liabet
1569 614 1715 669 enim

112 708 377 762 Ecclesia
412 707 569 761 lanea
598 705 927 761 vestimenta
961 716 1016 760 et
1049 705 1213 769 linea,
1244 705 1461 775 byssum
1503 713 1556 760 et
1586 721 1717 775 pur-

115 811 345 865 puram,
386 810 482 850 eos
525 795 620 865 qui
667 793 722 847 in
773 793 1028 864 coniugio
1073 800 1129 847 et
1176 793 1229 846 in
1271 792 1581 862 virginitate
1617 794 1716 848 de-

110 888 241 941 cori
291 895 437 948 sunt.
471 886 768 954 omniaque
819 885 924 939 alia
964 901 1084 953 quae
1126 900 1155 938 a
1198 884 1359 938 nobis
1387 885 1550 939 modo
1590 892 1718 939 sunt

113 978 272 1032 dicta
307 992 337 1031 e
370 976 588 1030 diverso
644 976 799 1029 lanea
844 974 1166 1029 vestimenta
1215 991 1279 1030 ac
1323 976 1467 1030 linea
1511 975 1718 1047 signiti-

112 1084 255 1122 care
275 1067 647 1138 praediximus.
673 1066 780 1121 Sed
808 1066 932 1136 quia
957 1065 1207 1121 staminis
1231 1075 1393 1136 atque
1419 1066 1718 1136 subtegmi-

116 1160 216 1213 nis
251 1174 315 1213 ex
360 1158 559 1228 quibus
601 1164 969 1212 contexuntur
1003 1166 1201 1222 vestes,
1241 1157 1520 1228 legislator
1563 1171 1717 1211 men-

116 1254 336 1306 tionem
383 1250 535 1315 l‘ccit,
570 1251 745 1320 ipsam
785 1266 930 1304 nunc
968 1249 1327 1305 subtilitatem
1358 1248 1715 1319 explicemus.

118 1346 250 1399 Non
297 1345 444 1401 enim
492 1343 836 1400 solummodo
882 1343 1133 1406 virtutes,
1168 1342 1261 1397 sed
1312 1357 1375 1396 ca
1414 1357 1477 1395 ex
1516 1340 1717 1410 quibus

115 1446 420 1501 constant,
483 1435 813 1507 perscrutari
876 1434 1173 1499 desiderat.
1237 1434 1355 1488 Duo
1413 1447 1543 1503 ergo
1600 1430 1718 1486 haec

119 1549 318 1588 veram
352 1531 513 1587 nobis
546 1538 843 1602 procurant
888 1528 1146 1587 virtutem
1184 1546 1197 1583 :
1236 1527 1473 1583 intentio
1505 1534 1713 1591 nostra,

113 1636 179 1679 t-t
210 1625 430 1680 divinus
461 1633 631 1678 nutus
658 1623 774 1677 sive
803 1625 1013 1693 gratia;
1046 1627 1102 1675 et
1142 1618 1465 1690 subtegmcn
1493 1617 1712 1687 quidem

113 1714 313 1770 innuit
357 1720 602 1770 nostram
654 1711 1017 1777 intentionem
1063 1728 1075 1764 :
1121 1719 1335 1765 stamen
1386 1715 1569 1764 autem
1615 1703 1711 1761 Dei

114 1810 323 1857 nutum
355 1811 410 1854 et
448 1809 614 1864 recte,
643 1799 770 1870 quia
812 1808 1026 1853 stamen
1055 1805 1141 1853 est
1179 1798 1234 1869 iu
1266 1797 1594 1854 vestimento
1622 1795 1708 1849 lir-
1742 1777 1782 1831 Β

113 1893 272 1959 iuius
305 1912 318 1949 :
346 1894 620 1965 quomodo
660 1901 719 1947 ct
762 1890 857 1947 Dei
906 1898 1075 1969 nutus
1106 1892 1220 1946 sive
1263 1889 1434 1962 gratia
1469 1887 1711 1963 in‘disru-

112 1984 334 2055 ptibilis
387 1983 445 2038 in
502 1981 684 2047 nobis,
738 1991 904 2052 atque
964 1980 1428 2037 incommutabilis
1480 1987 1705 2050 perstat.

110 2074 408 2130 sustinens
454 2073 783 2144 subtegmen
831 2082 1036 2128 nostra!
1085 2070 1407 2127 intentionis
1451 2079 1512 2126 ut
1547 2068 1711 2140 perti-

106 2186 129 2219 ι
153 2167 302 2223 iatur
341 2164 502 2221 bona:
545 2164 779 2221 actionis
822 2164 1234 2233 vestimentum.
1266 2161 1442 2218 Pelles
1477 2177 1545 2215 ex
1580 2160 1707 2230 qui-

108 2255 227 2310 Ims
278 2252 475 2321 conﬁci
521 2253 651 2324 quid
699 2261 879 2322 potest
920 2271 934 2307 :
981 2251 1311 2309 tentationes
1360 2265 1460 2320 pro
1506 2248 1707 2319 pietate

108 2359 218 2397 sru
253 2342 382 2407 ﬁde,
418 2351 474 2407 et
516 2357 614 2411 pro
661 2342 860 2399 virtute
909 2339 1293 2397 tribulationcs
1342 2338 1473 2394 dicit
1516 2336 1702 2407 pelles.

106 2436 341 2501 Quare?
369 2432 507 2501 Quia
549 2434 1003 2503 quemadmodum
1050 2440 1264 2487 mortua
1311 2432 1466 2501 pellis
1502 2438 1604 2496 est,
1639 2431 1705 2507 de

107 2540 229 2597 qua
270 2525 392 2591 ﬁeri
440 2535 616 2596 potest
648 2542 760 2593 vas,
796 2535 1173 2583 verumtamen
1206 2525 1274 2580 de
1318 2540 1380 2579 ea
1429 2532 1552 2583 uter
1592 2523 1704 2579 lor-

108 2617 285 2684 sitan,
316 2625 415 2671 aut
455 2618 644 2682 cadus,
677 2626 772 2673 aut
818 2604 1075 2683 Stratum,
1116 2625 1212 2673 aut
1257 2616 1413 2686 pellis
1451 2616 1702 2670 taberna-

108 2709 248 2770 culi,
274 2717 368 2762 aut
398 2709 609 2781 aliquid
636 2710 791 2765 aliud
822 2710 876 2762 lit
913 2709 1044 2763 utile
1071 2727 1084 2761 :
1111 2709 1191 2763 sic
1220 2716 1274 2762 et
1304 2707 1700 2772 tribulationcs,

108 2809 174 2853 et
205 2800 540 2857 tentationes
576 2800 908 2855 mortiﬁcant
936 2799 989 2853 in
1016 2798 1214 2853 sa'culo
1247 2798 1521 2873 Ittlltlillelll
1562 2816 1574 2852 :
1606 2798 1705 2851 hu-

109 2892 334 2947 miliant
357 2892 506 2946 enim
536 2908 686 2955 eum,
713 2904 767 2947 et
795 2891 950 2947 valde
972 2891 1027 2945 in
1049 2891 1186 2945 nihil
1212 2891 1491 2947 redactum
1518 2898 1703 2947 ostcu-

110 2984 279 3039 dunt.
312 2983 420 3038 Vas
452 2993 633 3039 tamen
667 3000 733 3039 ex
759 2986 838 3039 eis
867 2984 1068 3039 bonum
1101 2992 1158 3037 et
1183 2983 1315 3039 utile
1360 2982 1439 3049 lit,
1487 2982 1701 3052 patien-

113 3076 195 3131 tia
231 3084 391 3147 atque
438 3076 684 3146 probatio
709 3117 726 3141 ,
759 3092 880 3146 qum
926 3075 1241 3131 omnimodo
1274 3092 1304 3129 a
1343 3076 1571 3129 Domino
1607 3090 1701 3129 co-
1731 3105 1774 3168 ε

113 3185 311 3225 ronam
341 3169 740 3239 consequitur;
776 3169 851 3223 ait
898 3169 1047 3223 enim
1074 3167 1309 3223 Iacobus
1349 3185 1362 3219 :
1393 3167 1587 3221 Beatus
1628 3167 1703 3220 vir

110 3264 211 3334 qui
244 3264 422 3334 suﬂ'ert
464 3263 829 3325 tentationem,
881 3262 1030 3334 quia,
1059 3278 1177 3314 cum
1227 3259 1478 3330 probatus
1522 3259 1701 3328 fuerit,

113 3355 341 3426 uaipiet
377 3371 627 3408 coronam
665 3355 801 3414 cittv.
840 3370 997 3421 quam
1032 3353 1271 3422 promisit
1313 3351 1449 3404 Deus
1484 3349 1704 3417 diligen-

114 3448 257 3504 tibus
303 3465 360 3502 se
396 3450 465 3501 ²⁹.
514 3448 605 3501 Alt
663 3456 718 3501 et.
762 3445 964 3501 Paulus
1007 3463 1020 3498 :
1064 3443 1352 3498 Tribulatio
1393 3442 1703 3512 patientiam

114 3548 391 3607 operatur,
422 3539 678 3608 patientia
708 3544 884 3589 autem
915 3535 1297 3602 probationem,
1323 3534 1563 3603 probatio
1596 3550 1700 3589 aa—

114 3641 223 3685 tem
245 3646 413 3699 spent,
440 3645 554 3698 spes
583 3639 755 3683 autem
793 3644 895 3681 non
922 3626 1192 3697 confundit
1216 3626 1280 3677 ³⁰.
1314 3624 1479 3681 Vides
1502 3635 1701 3693 quanta

115 3722 276 3779 utilia
315 3737 445 3777 vasa
493 3738 556 3776 ex
608 3722 745 3791 pelle
786 3720 1198 3788 tribulationum
1258 3727 1312 3774 ct
1346 3720 1700 3773 tentatiouum

114 3817 283 3871 iiuut.
325 3815 462 3882 Quia
492 3814 636 3869 cuitu
689 3814 859 3884 pelles
911 3812 1295 3867 tribulationes
1348 3821 1404 3866 ct
1446 3813 1696 3869 tentatio-

114 3921 221 3961 ues
246 3904 511 3975 appellari
567 3921 677 3961 non
702 3904 775 3960 sit
804 3904 1190 3973 incongruum,
1219 3901 1344 3956 audi
1380 3898 1482 3955 Job
1515 3902 1702 3973 dicen-

116 4007 231 4051 tem
265 3995 334 4050 de
370 3995 484 4050 suis
518 3994 959 4050 tribulationibus
1016 4001 1072 4048 et
1102 3992 1539 4063 tcntationibus:
1576 3990 1701 4055 Ροιτ-

115 4088 184 4142 lis
215 4104 355 4151 mea,
391 4087 708 4155 consumptis
744 4086 1012 4152 carnibus,
1043 4086 1267 4139 adita'sit
1301 4085 1371 4138 ad
1408 4099 1468 4155 ps
1507 4101 1697 4146 meum,

116 4186 168 4231 et
222 4176 477 4231 derelicta
537 4186 658 4231 sunt
715 4178 1082 4232 tantummodo
1140 4177 1283 4231 labia
1335 4176 1476 4250 circa
1524 4178 1700 4233 dentes

114 4285 280 4323 τηεσε.
332 4268 647 4323 Miseremini
694 4270 815 4335 ntei,
852 4270 1169 4324 miseremini
1205 4270 1326 4333 mei,
1365 4268 1553 4325 saltem
1590 4286 1698 4337 vos,

116 4359 283 4413 amici
321 4360 464 4444 mei”
481 4361 606 4431 quia
656 4378 847 4425 manus
886 4360 1099 4415 Domini
1148 4362 1317 4431 tetigit
1346 4361 1522 4419 2119.".
1569 4360 1700 4416 Pro»
1746 4418 1753 4425 ,

1819 524 2164 595 intelligitur,
2206 526 2331 595 quia
2374 527 2442 583 ad
2493 527 2764 584 modicum
2813 526 2990 590 ﬂoret,
3026 526 3175 582 velut
3215 527 3398 582 viren-

1819 616 2025 687 tia,_ita
2061 624 2119 670 ut
2159 615 2366 671 diceret
2410 617 2577 672 David
2613 635 2626 671 :
2666 618 2788 672 Vidi
2818 618 3037 688 impiam
3066 618 3400 688 supereleva-

1816 717 1928 761 tum
1975 713 2024 758 et
2069 705 2363 759 exaltatum
2401 723 2561 774 super
2592 707 2771 761 (νεώ-οε
2810 708 3018 772 Libani,
3061 718 3111 762 et
3154 708 3397 770 transivi,

1815 800 1864 845 et
1902 808 2018 845 ecce
2055 809 2156 846 non
2196 804 2308 847 erat
2339 795 2403 848 ³².
2445 795 2507 848 Et
2543 812 2732 851 rursus
2762 798 2829 851 de
2855 798 3060 852 eisdem
3096 817 3107 853 :
3141 796 3287 853 Sicut
3317 800 3398 871 fe-

1817 899 1962 948 num,
2000 885 2074 937 ita
2102 885 2360 946 decidunt,
2398 895 2447 939 et
2488 887 2624 941 sicut
2667 887 2809 942 olera
2848 890 3127 944 herbarum
3162 892 3264 945 rita
3303 908 3396 945 ca-

1815 977 1934 1029 dent
1964 977 2026 1030 ³³.
2063 975 2171 1031 Sed
2206 987 2263 1030 et
2295 977 2652 1033 Moabitarnm
2686 980 2939 1050 populus,
2978 983 3070 1052 qui
3103 993 3265 1039 tantae
3304 1000 3399 1041 su-

1816 1065 2019 1134 perbiae
2049 1067 2385 1137 subjacebat,
2419 1078 2478 1121 ut
2506 1067 2626 1124 aliis
2655 1052 2909 1127 erunibus
2938 1073 3190 1144 gentibus
3227 1074 3393 1130 Israel

1816 1156 2157 1223 timentibus,
2200 1158 2315 1228 ipse
2358 1160 2672 1216 transeundi
2708 1163 2914 1217 aditum
2949 1164 3261 1221 nullatenus
3293 1168 3391 1221 da-

1815 1255 1917 1313 ret,
1953 1248 2047 1305 sed
2095 1250 2263 1304 armis
2309 1259 2576 1318 uteretur,
2611 1261 2666 1307 et
2700 1252 2916 1308 Balaam
2952 1255 3017 1310 ad
3058 1257 3391 1315 maledicen-

1813 1336 1941 1391 dum
1974 1340 2227 1394 mercede
2253 1341 2605 1409 conduceret,
2647 1343 2834 1400 viridis
2864 1360 2991 1416 ager
3028 1346 3142 1417 ipse
3174 1364 3391 1419 quoque

1812 1447 1842 1487 a
1875 1432 2113 1501 Balaam,
2143 1452 2455 1506 quanquam
2485 1438 2769 1509 ignorante
2791 1441 2920 1511 quid
2944 1441 3170 1510 diceret,
3200 1447 3390 1515 appel-

1811 1524 1953 1579 latus
1978 1535 2105 1580 est:
2141 1527 2276 1582 dixit
2303 1528 2451 1583 enim
2478 1529 2546 1584 ad
2578 1531 2813 1600 majores
2844 1542 2977 1591 natu
3007 1532 3219 1589 Madian
3255 1554 3269 1589 :
3304 1534 3390 1595 Sic

1811 1614 1997 1670 delebit
2025 1618 2109 1671 hic
2137 1618 2362 1690 populus
2389 1635 2564 1674 omnes
2596 1622 2686 1691 qui
2730 1622 2783 1676 in
2819 1625 3008 1679 nostris
3034 1625 3225 1692 ﬁnibus
3248 1642 3389 1682 com-

1812 1716 2108 1774 morantur,
2146 1708 2406 1774 quomodo
2444 1706 2574 1762 solet
2608 1708 2696 1762 bos
2729 1710 2913 1767 herbas
2950 1727 3110 1782 usque
3137 1713 3209 1788 ad
3237 1713 3387 1767 radi-

1812 1811 1920 1847 rem
1957 1812 2172 1866 carpere
2200 1798 2262 1850 ".
2297 1796 2439 1869 Ergo
2465 1808 2655 1871 aperte
2688 1801 2974 1870 probatum
3005 1809 3107 1868 est,
3138 1803 3264 1873 quia
3291 1820 3388 1861 su-

1811 1887 2077 1956 perbiam,
2127 1904 2224 1943 seu
2279 1905 2473 1945 vanam
2523 1890 2746 1961 gloriam
2802 1893 3057 1963 prohibet
3106 1895 3387 1961 adhmrcre

1810 1976 2024 2033 virtuti.
2066 1979 2172 2034 Sed
2212 1995 2315 2034 nec
2358 1979 2413 2035 in
2460 1980 2715 2044 stamine,
2754 1982 2869 2037 sive
2922 1984 2975 2037 in
3021 1984 3381 2056 subtegmine,

1810 2068 1925 2122 vult
1955 2069 2161 2139 lepram
2205 2084 2326 2139 qua:
2364 2070 2507 2128 dicta
2535 2079 2641 2141 est,
2670 2072 2916 2142 evenire,
2952 2074 3006 2129 id
3045 2083 3153 2141 est,
3182 2083 3244 2130 ut
3282 2091 3386 2133 nec

1808 2160 1908 2230 ipsi
1942 2178 2067 2217 cum
2105 2163 2383 2232 superbia,
2415 2164 2501 2219 vel
2542 2180 2676 2227 vana
2715 2164 2904 2237 gloria,
2937 2166 3169 2223 virtutes
3201 2166 3383 2223 inten-

1806 2251 2020 2318 damus,
2056 2268 2158 2309 nec
2187 2270 2217 2308 a
2252 2253 2364 2308 Deo
2394 2254 2558 2308 talem
2593 2254 2818 2323 gratiam
2858 2255 3017 2325 nobis
3053 2270 3382 2315 concurrere

1806 2342 2187 2411 deprecemur.
2234 2343 2339 2398 Sed
2386 2359 2490 2400 nec
2546 2345 2873 2400 tentationes
2921 2361 3045 2401 cum
3092 2347 3273 2417 aliquo
3316 2362 3384 2402 ex

1807 2433 1893 2488 bis
1930 2449 2032 2489 nos
2065 2433 2342 2504 Iegislator
2378 2435 2652 2490 sustinere
2680 2436 2953 2492 desiderat
2985 2454 2999 2492 :
3031 2438 3176 2508 quod
3202 2437 3247 2493 si
3278 2438 3382 2493 tale

1805 2526 2083 2596 quidpiam
2125 2526 2378 2592 forsitan,
2410 2536 2481 2600 ut
2509 2527 2845 2594 hominibus,
2870 2529 3094 2585 evenire
3137 2529 3381 2600 contige-

1805 2618 1895 2684 rit,
1933 2617 2205 2688 inspiccre
2245 2634 2308 2673 ea
2359 2599 2700 2674 sacerdotem
2742 2620 2876 2683 vult,
2908 2627 2965 2674 et
3006 2634 3181 2688 neque
3206 2599 3381 2673 virtu-

1806 2717 1934 2773 tem,
1971 2724 2150 2778 neque
2191 2709 2557 2767 intentionem
2605 2710 2843 2772 virtutis,
2875 2725 2978 2766 nec
3020 2709 3384 2766 tentationum

1804 2800 2117 2870 patientiam
2161 2801 2425 2872 repellere
2456 2818 2470 2855 :
2496 2816 2620 2859 mox
2651 2810 2708 2855 et
2731 2801 3052 2856 denuntiare
3077 2801 3380 2865 immunda,

1803 2908 1867 2947 cs
1895 2891 2207 2962 suSpicione
2237 2892 2530 2962 superbiae,
2563 2894 2647 2948 vel
2676 2909 2828 2948 vanai
2862 2892 3047 2964 gloriae
3074 2892 3335 2963 praecepit
3360 2910 3377 2947 :

1803 2997 1905 3038 nec
1932 2998 2122 3037 rursus
2152 2983 2293 3037 sicut
2319 2983 2520 3037 munda
2553 2982 2852 3051 suscipere,
2888 2982 2979 3037 sed
3006 2997 3259 3052 separare
3287 2997 3382 3036 eos

1805 3083 2015 3144 septem
2030 3074 2243 3138 diebus,
2267 3082 2323 3129 et
2355 3084 2599 3143 tempore
2623 3074 2934 3130 discernere
2952 3073 3284 3143 passionem.
3315 3073 3382 3129 Et

1805 3165 2024 3234 quidem
2067 3164 2110 3218 si
2146 3164 2399 3231 creverit,
2430 3164 2708 3219 immunda
2738 3172 2866 3218 sunt
2890 3164 3072 3219 omnia
3100 3164 3380 3234 praedicta,

1806 3256 1861 3310 in
1910 3256 2109 3326 quibus
2157 3255 2301 3311 istud
2352 3256 2621 3321 evenerit,
2657 3255 2783 3326 quia
2827 3257 2975 3326 lepra
3027 3271 3383 3324 perseverans

1804 3356 1907 3408 est.
1944 3356 2166 3417 propter
2212 3347 2354 3417 quod
2406 3356 2462 3402 ct
2513 3346 2746 3402 ﬂammis
2783 3347 2941 3416 jubet
2979 3346 3068 3401 illa
3112 3346 3378 3401 comburi.

1805 3436 1946 3508 Ergo
1990 3437 2261 3492 ﬂammam
2309 3438 2575 3509 gehennae
2616 3437 2906 3509 signiﬁcat,
2943 3444 2999 3491 et
3037 3435 3204 3491 futuri
3244 3443 3381 3491 tentr-

1804 3528 1953 3597 poris
1997 3528 2315 3582 memoriam
2359 3528 2525 3583 facit:
2554 3543 2732 3598 neque
2773 3528 2919 3582 enim
2957 3528 3091 3582 dixit
3121 3545 3133 3581 :
3159 3526 3224 3581 In
3263 3528 3382 3597 igne

1805 3628 2189 3684 concrematur,
2218 3619 2312 3673 sed
2344 3622 2397 3672 in
2430 3620 2549 3689 igne
2581 3620 3016 3673 concremabitur.

1878 3707 1938 3763 Si
1972 3719 2150 3762 autem
2179 3718 2295 3778 post
2336 3708 2678 3763 reclusionem
2725 3726 2842 3765 eam
2888 3710 3073 3763 viderit
3123 3726 3223 3763 non
3268 3725 3381 3763 cre-

1804 3801 1966 3865 visse,
2013 3802 2305 3872 pt'azcipiet,
2350 3810 2399 3855 et
2438 3800 2689 3854 lavabunt
2746 3803 2804 3856 id
2845 3803 2900 3855 in
2938 3818 3039 3872 quo
3086 3802 3233 3872 lepra
3282 3811 3377 3869 est.

1804 3894 1860 3950 Id
1897 3902 2001 3960 est,
2035 3894 2246 3949 diluere
2277 3910 2338 3949 ca
2368 3894 2519 3948 illum
2560 3910 2659 3965 per
2698 3896 3074 3965 pteniteutiam
3100 3898 3377 3967 praecepit.

1804 3989 2010 4044 Deinde
2037 3999 2159 4059 post
2192 3988 2512 4044 dilutioncm
2551 3989 2834 4044 recludere
2872 3990 3000 4047 illud
3029 4000 3235 4060 septem
3261 3991 3380 4047 dies

1796 4098 1994 4154 rursus
2024 4082 2203 4152 jubet,
2228 4090 2287 4136 ut
2332 4092 2648 4153 cognoscat,
2683 4094 2866 4137 utrum
2911 4083 3151 4138 inveniat
3190 4098 3379 4139 macu-

1803 4174 1908 4228 lam
1964 4174 2268 4245 superbiae,
2321 4174 2408 4229 vel
2460 4190 2612 4231 vana:
2664 4172 2871 4244 gloria},
2903 4185 3314 4244 permanentem
3361 4193 3376 4229 :

1796 4262 2052 4331 quamvis
2093 4277 2205 4317 non
2242 4262 2498 4328 creverit,
2535 4269 2731 4319 tamen
2754 4261 3147 4320 incommutata
3174 4266 3244 4321 ab
3278 4265 3382 4321 hoc

1803 4362 1905 4421 est,
1923 4355 2049 4424 quia
2064 4354 2130 4409 ad
2147 4354 2525 4425 paenitentiam
2546 4368 2655 4411 non
2682 4354 2896 4426 migrat,
2914 4354 3378 4423 immundumst.

119 4450 272 4504 hibet
312 4466 441 4521 ergo
471 4467 574 4506 nec
611 4450 666 4506 in
701 4450 900 4505 virtute
944 4450 1202 4520 perfecta.
1236 4451 1385 4522 quod
1415 4458 1497 4506 est
1512 4451 1690 4519 .vcsti-
1726 4447 1768 4501 D
1798 4457 1852 4503 et
1879 4448 2007 4519 igne
2027 4449 2401 4503 comburetur.
2427 4444 2790 4505 Corroborata
2815 4455 2903 4502 est
2926 4446 3072 4502 enim
3101 4449 3307 4518 passio,
3327 4457 3386 4504 et

118 4551 387 4613 mentum,
416 4543 501 4596 vel
552 4543 597 4598 si
643 4558 838 4613 magna
868 4550 972 4607 est,
1004 4543 1091 4597 vel
1124 4544 1168 4595 si
1216 4544 1528 4608 mediocris,
1559 4544 1701 4599 haec

117 4634 266 4689 enim
314 4633 594 4689 laneorum
620 4643 676 4688 ct
736 4635 1009 4689 linearum
1041 4634 1405 4690 diticrcntiam
1442 4634 1698 4699 diximus,

118 4724 392 4780 maculam
460 4725 693 4781 inveniri
744 4726 921 4785 albam
987 4734 1081 4780 aut
1126 4727 1359 4793 rufam;
1424 4728 1507 4783 vel
1558 4728 1702 4783 sicut

119 4814 285 4883 LXX,
317 4816 643 4873 viridantem
690 4826 786 4873 aut
829 4817 1317 4875 ﬂammeseentem.
1348 4820 1491 4876 Dicit
1517 4829 1698 4877 autem

122 4909 451 4965 viridantem
509 4910 859 4981 superbiam,
913 4910 1286 4967 ﬂammantem
1362 4911 1701 4979 xavodoilav;

122 5002 241 5055 haec
267 5003 415 5057 enim
444 5002 547 5058 fuit
575 5004 891 5075 angelorum
930 5003 1330 5075 praevaricatio,
1344 5003 1474 5072 quia
1502 5006 1701 5075 ubique

120 5094 377 5148 Christus
404 5095 638 5152 virtutes
677 5115 708 5151 a
736 5112 876 5153 vana
907 5097 1074 5167 gloria
1111 5096 1309 5150 liberas
1341 5112 1462 5150 esse
1498 5114 1701 5167 prame-

123 5186 226 5257 pit,
256 5192 313 5238 et
351 5199 529 5253 neque
566 5187 837 5256 jejunare,
870 5203 1049 5258 neque
1090 5186 1333 5242 misereri
1375 5189 1439 5241 ad
1481 5189 1702 5257 placen—

123 5280 252 5331 dum
292 5276 610 5332 hominibus
650 5280 848 5347 jubet:
896 5281 1357 5350 perdere.quippc
1398 5283 1700 5335 ltit'l‘Ct‘tit‘lu

125 5386 279 5423 suam
324 5385 421 5423 eos
463 5368 554 5437 qui
602 5369 676 5423 ita
719 5370 943 5432 iaciunt,
978 5372 1284 5425 amentavit.
1316 5371 1417 5436 Qui
1458 5371 1602 5425 enim
1632 5372 1700 5427 ab

127 5460 440 5521 hominibus
486 5459 695 5514 laudari
724 5462 938 5528 .volunt,
970 5463 1242 5532 quomodo
1276 5464 1387 5533 jam
1434 5462 1638 5516 laudari
1670 5479 1699 5516 a

204 5689 266 5717 ’τ’
299 5688 461 5743 Prov.
501 5702 650 5748 xxvi,
683 5686 769 5739 i5.

128 5756 169 5789 ³³
208 5759 338 5814 ibid.
364 5758 419 5815 ξ’..
498 5758 544 5790 ³⁵
574 5756 736 5811 Num.
769 5770 901 5820 χχιι,
939 5754 990 5809 4.

848 5684 891 5716 ²¹¹
922 5685 1052 5741 ibid.
1085 5687 1174 5741 ἓξ).
1240 5687 1283 5717 ²⁹
1312 5685 1427 5740 Jac.
1467 5700 1504 5749 I,
1539 5684 1620 5739 l‘l.
1688 5684 1705 5716 ³

1813 5698 1922 5738 om.
1953 5698 2006 5748 ν,
2048 5684 2098 5738 4.
2178 5680 2220 5713 ³⁸
2248 5680 2349 5736 Job
2382 5695 2491 5745 ιιι,
2524 5679 2615 5745 20,
2646 5679 2734 5733 2|.

1807 4549 2092 4609 propterea
2118 4556 2216 4610 per
2244 4541 2500 4597 virtutem
2531 4540 2696 4597 homo
2737 4555 2842 4596 nec
2878 4540 3151 4612 corrigere
3180 4542 3383 4598 malum

1805 4634 1939 4699 vult,
1973 4651 2075 4690 nec
2104 4634 2410 4691 intendere.

1875 4723 1934 4779 Si
1954 4725 2102 4781 enim
2136 4724 2384 4777 obscurus
2411 4725 2570 4794 fuerit
2600 4723 2740 4776 locus
2772 4722 2951 4789 leprte.
2980 4723 3036 4777 Id
3065 4735 3152 4776 est
3179 4724 3383 4778 incerta

1804 4813 1954 4882 lepra
1998 4820 2053 4867 et
2087 4812 2271 4874 dubia,
2301 4819 2590 4879 postquam
2614 4809 2781 4864 vestis
2817 4819 2903 4863 est
2928 4811 3034 4863 lota
3070 4825 3166 4878 per
3205 4810 3386 4880 pumi-

1809 4905 2055 4965 tentiatn,
2083 4901 2406 4958 abscindere
2446 4899 2756 4977 passionem
2785 4914 2816 4953 a
2848 4900 3174 4953 vestimento
3210 4899 3383 4954 virtu-

1810 4998 1898 5063 tis,
1926 5002 2361 5065 caeterorumque
2397 5008 2520 5064 quas
2566 4990 2709 5053 dicta
2736 5000 2886 5057 sunt,
2919 4991 3194 5063 praecepit.
3237 4991 3384 5059 Quo-

1808 5091 1970 5146 modo
1995 5106 2123 5161 ergo
2152 5088 2463 5159 snperbiam
2491 5086 2804 5157 abrumpit?
2843 5085 3015 5142 Valde
3043 5083 3384 5141 videlicet“

1810 5184 2120 5247 luunilians,
2152 5180 2404 5235 similiter
2431 5189 2488 5235 et
2515 5194 2708 5233 vanam
2741 5179 2964 5249 gloriam
2993 5177 3246 5233 munibus
3267 5193 3297 5232 a
3325 5194 3384 5232 se

1812 5292 2096 5331 removens
2128 5275 2302 5330 modis
2335 5294 2348 5328 ;
2388 5274 2440 5329 id
2466 5282 2568 5337 est,
2599 5281 2657 5326 ut
2684 5272 3145 5335 necbouoribus,
3170 5289 3233 5326 cx
3260 5273 3383 5341 qui—

1810 5371 1912 5424 bus
1937 5367 2205 5439 superbiae
2238 5367 2418 5436 passio
2444 5366 2706 5428 nutritur,
2741 5380 2844 5420 nec
2883 5364 3155 5426 laudibus,
3184 5364 3382 5433 quibus

1808 5478 1945 5516 vana
1974 5459 2172 5516 crescit
2200 5458 2390 5529 gloria,
2419 5458 2739 5521 delectetur,
2771 5458 2851 5510 vel
2889 5456 3119 5527 gaudeat
3149 5475 3162 5510 :
3193 5455 3380 5525 sicque

2819 5680 2862 5713 ³³
2898 5677 3043 5734 Psal.
3075 5693 3261 5746 xxxvi,
3291 5677 3382 5737 36.
