3886 6306
499 243 596 311 951

1681 231 2038 300 IIESYCBII
2075 181 2546 291 PRESBYTER!

3680 218 3796 264 εὶῗὲ

3687 263 3798 282 ιν-

499 366 870 421 conversetur,
903 365 960 409 ut
1011 372 1077 407 ne
1123 355 1340 422 quidem
1390 351 1440 404 in
1493 350 1857 418 suspicionem
1906 345 2068 399 unius
2100 351 2141 402 A
2172 356 2238 395 eo
2267 340 2526 395 discimus
2558 341 2719 409 :quia
2752 341 3025 408 leprosum
3057 353 3164 389 non
3196 335 3272 389 ire
3304 335 3373 388 ad
3398 333 3794 387 sacerdotem.

501 450 697 504 horum
727 447 948 510 incidat,
975 454 1029 502 et
1054 455 1183 500 tunc
1211 443 1446 497 mundus
1472 457 1592 495 esse
1619 439 1839 510 poterit.

573 535 668 593 Sin
692 547 870 591 autem
901 539 1040 590 ultra
1083 534 1389 604 apparuerit
1422 534 1476 585 in
1501 533 1580 586 lu's
1610 530 1757 594 locis,
1785 543 1900 600 qua!
1927 527 2074 597 prius

504 627 849 680 immaculata
895 629 1125 698 fuerant.
1167 625 1223 679 Id
1270 632 1354 678 est
1397 623 1452 675 in
1500 621 1844 684 vestimento,
1891 617 1978 671 vel
2018 613 2071 668 in

504 716 868 788 subtegmine,
898 717 984 771 vel
1027 717 1083 773 in
1134 714 1386 777 stamine,
1416 713 1501 766 vel
1546 712 1597 765 in
1643 710 1802 781 pelle,
1830 707 1882 763 id
1911 715 1994 763 est
2019 707 2074 761 in

504 804 726 875 virtute,
745 816 837 861 aut
859 806 989 877 ipsis
1011 804 1420 867 tentationibus,
1441 804 1619 857 adhuc
1641 800 1884 856 eamdem
1907 797 2076 852 susti-

506 907 634 954 neat
663 897 991 967 passionem,
1021 909 1121 965 pro
1160 907 1266 963 qua
1308 892 1526 946 ablutus
1552 898 1656 953 est,
1683 889 1767 943 vel
1801 886 2075 958 paenituit,

506 988 748 1058 atquein
789 1003 852 1042 ea
892 993 1178 1057 permanet
1203 983 1537 1045 immundus,
1579 979 1890 1050 hujusmodi
1917 992 2079 1048 repu’

511 1091 673 1145 tatur,
703 1088 760 1133 et
787 1078 928 1148 ignis
954 1093 1079 1132 eum
1110 1076 1373 1147 gehennae
1399 1073 1643 1142 suscipit.

579 1169 712 1241 Quia
758 1169 903 1241 lepra
931 1166 1160 1222 volatilis
1190 1175 1236 1219 et
1271 1181 1405 1239 vaga
1441 1171 1534 1218 est.
1574 1163 1632 1222 Id
1673 1170 1776 1228 est,
1825 1160 1950 1230 quia
1978 1158 2081 1212 hoc

509 1262 653 1330 quod
677 1260 845 1314 semel
875 1258 1100 1313 macula:
1128 1257 1356 1310 dilutum
1383 1253 1578 1319 fuerat,
1599 1254 1651 1308 id
1674 1262 1777 1315 est,
1797 1261 2080 1322 postquam

510 1350 678 1404 semel
705 1365 734 1403 a
761 1347 1073 1417 suspicione
1098 1346 1389 1400 mundatus
1414 1351 1516 1408 est,
1544 1358 1733 1396 rursus
1756 1341 1917 1395 lavari
1944 1341 2080 1402 vult,

512 1450 572 1495 ut
601 1449 732 1494 tunc
760 1439 996 1492 mundus
1022 1437 1357 1490 nominetur.
1387 1435 1544 1490 Unde
1575 1432 1913 1502 apertissime
1951 1431 2082 1486 illud

513 1530 608 1582 tibi
640 1528 940 1598 intelligere
987 1526 1261 1597 iegislator
1303 1525 1499 1589 innuit,
1530 1524 1745 1593 quando
1787 1523 1853 1577 de
1893 1523 2082 1578 eodem

513 1629 738 1689 peccato
783 1617 1157 1687 frequentibus
1193 1616 1309 1670 vult
1353 1616 1603 1686 lacrymis
1643 1613 1913 1684 pmniteri.
1953 1613 2085 1667 Fre-

2179 433 2272 486 sed
2305 433 2370 486 ad
2400 448 2524 486 eum
2553 431 2632 485 ire
2661 431 2998 485 sacerdotem
3030 427 3309 496 pra-cepit,
3342 427 3550 493 sicque
3589 423 3796 475 adduc.

2179 538 2302 577 eum
2339 524 2429 593 qui
2473 523 2823 580 mundandus
2860 532 2963 575 est.
3004 519 3492 584 Quemadmodum
3533 524 3593 568 et
3623 512 3794 568 Chri-

2181 624 2296 668 stus
2343 615 2408 667 ad
2455 629 2555 668 nos
2596 611 2768 676 venit,
2801 621 2856 664 et
2896 610 2962 663 ad
3007 624 3102 662 eos
3142 609 3233 677 qui
3277 608 3350 662 ab
3397 622 3474 660 eo
3529 604 3792 659 mandari

2180 714 2342 772 atque
2374 705 2520 758 ablui
2552 702 2922 760 necessarium
2956 700 3247 754 habebant.
3278 699 3354 752 Et
3384 706 3554 750 extra
3585 707 3790 754 castra.

2181 797 2248 849 ad
2301 796 2623 850 intuendum
2672 810 2798 848 eum
2849 793 2942 862 qui
2987 791 3341 848 mundandus
3391 799 3556 851 erat,
3604 787 3793 857 egredi

2183 887 2519 941 sacerdotem
2578 885 2838 956 praecepit
2893 902 2905 937 :
2961 885 3104 937 sicut
3150 898 3251 936 nos
3303 881 3583 935 Christus
3638 891 3786 931 extra

2183 987 2397 1042 castra,
2454 993 2550 1044 per
2594 976 2908 1046 passionem
2959 973 3169 1036 crucis,
3229 970 3790 1041 dispensationis-que

2184 1083 2304 1134 qua:
2341 1075 2472 1120 tunc
2511 1075 2730 1135 peracta
2770 1075 2871 1128 est,
2911 1065 3171 1117 visitavit.
3220 1063 3344 1116 Non
3393 1062 3569 1131 prius
3609 1069 3786 1114 autem

2187 1155 2291 1210 hoc
2322 1156 2450 1225 egit,
2491 1170 2651 1224 quam
2701 1154 2927 1216 videret,
2963 1152 3088 1222 quia
3137 1152 3352 1206 macula
3393 1151 3580 1219 lepm
3621 1150 3685 1203 ab
3723 1164 3788 1200 eo

2187 1254 2472 1299 sanaretur
2499 1287 2514 1307 ,
2549 1246 2600 1299 id
2641 1255 2744 1310 est,
2777 1254 3066 1314 antequam
3115 1259 3218 1297 nos
3259 1242 3528 1296 caruisse
3569 1242 3788 1294 vidisset

2189 1345 2420 1390 terrore.
2454 1334 2692 1401 Quando
2722 1352 2853 1406 ergo
2887 1337 2940 1389 in
2983 1350 3107 1389 eum
3151 1350 3261 1387 non
3308 1333 3506 1387 solum
3547 1347 3615 1386 ex
3640 1332 3788 1400 plebe.

2188 1424 2415 1482 Iudaica
2475 1428 2864 1491 crediderunt,
2917 1427 3009 1480 sed
3063 1435 3117 1480 et
3167 1425 3367 1494 pagani
3423 1423 3786 1476 ascendentes

2189 1533 2314 1570 eum
2357 1517 2543 1570 videre
2583 1515 2899 1587 cupiebant,
2940 1514 3324 1568 nuntiantibus
3358 1514 3478 1566 hoc
3514 1511 3786 1579 discipulis

2191 1607 2320 1662 dixit
2359 1625 2373 1661 :
2406 1607 2548 1662 Venit
2577 1608 2706 1661 hora
2757 1616 2814 1660 ut
2865 1606 3186 1675 giariﬁcetur
3233 1606 3412 1660 Filius
3468 1604 3702 1656 hominis
3725 1603 3784 1656 ⁸³.

512 1723 690 1777 quens
714 1708 861 1762 enim
886 1706 1354 1770 commemoratio,
1383 1721 1486 1761 nec
1525 1705 1700 1774 ipsum
1732 1705 1929 1759 vulnus
1961 1718 2077 1774 per.
2125 1690 2163 1744 Β
2191 1697 2418 1764 Quando
2470 1698 2606 1753 vidit
2655 1699 2800 1768 quod
2855 1706 3216 1766 praeparatum
3267 1705 3426 1749 esset
3492 1695 3784 1748 humanm

514 1801 684 1862 mittit
722 1799 1039 1870 praevalere,
1069 1810 1173 1852 nec
1223 1797 1392 1853 aliud.
1422 1797 1558 1862 Quia
1600 1812 1728 1868 ergo
1764 1806 1820 1852 et
1855 1796 1923 1851 de
1954 1810 2084 1851 eve-

513 1890 796 1945 uientibus
844 1889 901 1944 in
949 1888 1181 1943 virtutes
1225 1887 1474 1951 maculis,
1521 1887 1792 1958 legislator
1835 1885 2088 1957 puriﬁca-

505 1981 694 2034 tiones
738 1978 1018 2049 praecepit,
1055 1977 1169 2047 jam
1212 1991 1310 2046 per
1357 1993 1480 2047 quae
1527 1978 1800 2048 leprosum
1838 1977 2086 2041 inundet,

513 2083 772 2139 agnosce.
801 2067 919 2123 Hoc
943 2083 1074 2138 ergo
1102 2067 1413 2132 intendens,
1444 2068 1690 2124 invenies
1716 2069 1842 2138 quia
1875 2067 2088 2138 legislao

517 2159 622 2216 tori
646 2159 720 2216 de
743 2159 892 2234 lepra
920 2160 1009 2222 illa
1036 2176 1180 2222 cura:
1209 2161 1334 2228 fuit,
1380 2176 1500 2231 quae
1541 2177 1606 2216 ex
1646 2160 1858 2215 delictis
1886 2159 1938 2213 in
1969 2159 2088 2212 ani-

513 2252 706 2311 mabus
735 2252 938 2310 nostris
969 2251 1246 2324 inﬂigitur.

1097 2403 1323 2463 CAPUT
1364 2405 1502 2466 XIV.

587 2514 748 2572 Vens.
772 2517 889 2573 1-9.
921 2535 939 2568 ι
971 2517 1314 2588 Locutusque
1345 2527 1428 2575 est
1457 2518 1718 2575 Dominus
1751 2518 1818 2574 ad
1846 2518 2086 2592 Moysen,

514 2607 704 2662 dicens
735 2624 748 2660 :
781 2605 878 2664 Hic
913 2609 997 2663 est
1040 2608 1176 2662 ritus
1218 2609 1446 2677 leprosi,
1481 2608 1698 2679 quando
1745 2609 2090 2665 mundaudus

516 2705 641 2750 est:
675 2695 978 2753 Addueitur
1004 2697 1072 2752 ad
1108 2699 1468 2763 sacerdotem,
1496 2700 1588 2768 qui
1627 2715 1878 2770 egressus
1918 2715 1950 2755 e
1995 2715 2088 2757 ca-

516 2787 666 2854 stris,
693 2802 819 2845 cum
851 2787 1121 2845 invenerit
1156 2789 1361 2858 lepram
1390 2805 1512 2844 esse
1537 2791 1872 2857 mundatam,
1898 2791 2090 2860 praei-

517 2881 632 2950 piet
651 2879 702 2934 ei
729 2880 820 2949 qui
849 2879 1186 2949 puriﬁcatur,
1215 2889 1274 2934 ut
1309 2881 1504 2936 oderat
1529 2897 1626 2951 pro
1655 2898 1713 2938 se
1738 2883 1876 2938 duos
1901 2897 2088 2952 passe~

519 2985 608 3025 res
631 2971 805 3036 vivos,
829 2978 885 3025 et
907 2986 1044 3040 quos
1071 2971 1216 3026 vesci
1241 2971 1448 3026 licitum
1470 2982 1574 3038 est,
1601 2982 1657 3028 et
1681 2973 1886 3044 lignum
1912 2972 2090 3028 cedri‘

521 3077 688 3125 num,
737 3039 1223 3132 vermiculumque,
1270 3072 1326 3118 et
1368 3065 1664 3134 hyssopum
1699 3039 1799 3120 z—et
1845 3081 2012 3121 unum
2059 3081 2090 3120 e
2117 3039 2162 3101 θ

523 3153 838 3224 passeribus
877 3153 1142 3208 inm-nolari
1189 3155 1404 3223 jubebit
1448 3153 1519 3208 in'
1549 3170 1677 3212 vase
1720 3155 1891 3222 ﬁctili,
1931 3171 2096 3225 super

523 3257 693 3312 aquas
721 3244 967 3300 viventes
997 3261 1010 3299 :
1040 3244 1204 3301 alium
1237 3254 1418 3300 autem
1454 3246 1634 3300 vivum
1674 3261 1796 3300 cum
1833 3246 1979 3315 ligno
2007 3262 2096 3301 ce-

522 3334 704 3397 drino,
733 3345 788 3389 et
814 3350 1000 3396 cocco.
1032 3346 1087 3390 et
1128 3336 1363 3407 hyssopo
1398 3338 1568 3407 tinget
1598 3337 1652 3390 in
1683 3337 1948 3407 sanguine
1975 3354 2098 3408 pas-

523 3427 660 3482 seris
687 3428 972 3482 immolati.
1004 3427 1107 3494 Qui
1151 3438 1398 3499 asperget
1443 3429 1592 3486 illum
1626 3430 1716 3498 qui
1755 3430 2098 3488 mandandus

522 3531 626 3584 est,
655 3522 857 3591 septies
897 3530 955 3575 ut
981 3523 1104 3589 jure
1145 3530 1432 3592 purgetur,
1462 3531 1516 3575 et
1555 3521 1796 3576 dimittet
1822 3538 2095 3592 passerem

527 3613 708 3666 vivum
747 3624 808 3667 ut
848 3613 904 3666 in
945 3629 1136 3682 agrum
1180 3613 1375 3670 evolet.
1426 3611 1674 3682 Cumque
1710 3613 1900 3668 laverit
1934 3615 2098 3668 homo

523 3703 851 3757 vestimenta
878 3720 995 3767 sua,
1027 3705 1178 3758 radet
1206 3719 1397 3758 omnes
1422 3704 1560 3774 pilos
1585 3704 1829 3774 corporis
1866 3713 1921 3759 et
1954 3705 2098 3759 lava-

525 3792 672 3853 bitur
720 3808 882 3862 aqua.
933 3793 1368 3862 Puriﬁcatusque
1423 3793 1723 3863 ingreditur
1772 3803 1978 3860 castra,
2025 3795 2098 3852 ita

521 3883 787 3940 duntaxat
823 3893 882 3940 ut
918 3894 1134 3939 maneat
1177 3894 1330 3939 extra
1370 3885 1775 3940 tabernaculum
1814 3901 1971 3944 suum
2009 3902 2098 3940 se-

524 3983 675 4043 ptem
721 3975 935 4041 diebus,
963 3987 1019 4031 et
1059 3977 1145 4031 die
1178 3978 1407 4046 septima
1450 3977 1605 4032 radat
1644 3978 1868 4046 capillos
1905 3979 2100 4047 capitis

523 4063 857 4136 barbamque
896 4076 952 4122 et
999 4067 1286 4137 supercilia
1332 4083 1396 4123 ac
1438 4068 1606 4123 totius
1649 4068 1895 4138 corporis
1938 4068 2097 4139 pilos,

523 4155 653 4211 lotis
683 4173 899 4214 rursum
932 4160 1171 4216 vestibus
1202 4170 1258 4214 et
1287 4175 1535 4230 corpore.
1572 4179 1591 4212 ι

597 4245 735 4312 Quia
763 4264 872 4304 non
913 4266 1013 4304 nos
1046 4258 1263 4318 oportet
1289 4250 1543 4304 arbitrari
1581 4251 1919 4321 negligenter
1944 4252 2101 4322 quid-

2194 1805 2368 1858 genus
2420 1791 2486 1845 ad
2543 1790 2942 1854 liberationem,
2994 1789 3332 1856 salutemque
3390 1803 3504 1857 per
3555 1801 3782 1845 crucem.

2194 1880 2301 1936 hoc
2340 1882 2488 1939 enim
2543 1889 2600 1936 et
2643 1881 2871 1953 gloriam
2920 1896 3072 1934 suam
3118 1879 3444 1951 appellavit,
3492 1888 3631 1934 tunc
3665 1878 3784 1947 «id

2193 1974 2437 2043 suscepit
2451 1974 2474 2027 ?

2267 2066 2514 2122 Videlicet
2568 2066 2699 2120 duos
2747 2082 2985 2135 passeres
3039 2067 3177 2119 rivos
3220 2078 3356 2134 quos
3405 2063 3562 2116 cesti
3599 2063 3785 2116 lit-itan

2185 2164 2289 2210 est.
2323 2153 2521 2210 Habuit
2550 2155 2697 2209 enim
2730 2155 2850 2209 haec
2877 2154 3148 2219 Christus,
3193 2152 3563 2207 divinitatea:
3591 2153 3788 2207 scilicet

2193 2252 2251 2298 et
2284 2243 2703 2308 humanitatem,
2739 2245 2867 2312 quia
2904 2244 3104 2298 munda
3140 2240 3344 2297 Christi
3387 2242 3571 2295 etiam
3605 2241 3786 2294 hum:-

2194 2333 2356 2396 nitas,
2394 2341 2448 2388 et
2499 2333 2689 2388 vivens
2726 2343 2832 2388 est.
2880 2333 3076 2388 Munda
3123 2332 3381 2402 quidem,
3434 2342 3635 2401 utpote
3673 2348 3787 2400 qua

2195 2423 2477 2495 proprium
2535 2435 2819 2493 peccatum
2869 2439 2975 2478 non
3029 2424 3217 2478 habuit
3253 2441 3268 2478 :
3311 2424 3446 2476 viva
3491 2433 3703 2487 autem,
3734 2435 3786 2474 ut

2195 2529 2316 2583 quae
2341 2513 2523 2582 genita
2559 2529 2668 2566 non
2699 2520 2873 2569 estex
2903 2511 3000 2566 viri
3027 2513 3397 2577 immunditia,
3437 2523 3498 2567 et
3529 2513 3658 2567 ideo
3685 2529 3783 2566 om

2196 2603 2299 2660 fuit
2324 2602 2688 2659 ma'ledictioui
2719 2602 2908 2660 mortis
2933 2601 3186 2657 obnoxia.

2267 2693 2470 2757 Sumat,
2495 2694 2686 2764 inquit,
2714 2703 2761 2751 et
2791 2695 2989 2763 lignum
3015 2693 3305 2747 cedriuum.
3336 2693 3402 2747 Id
3429 2702 3521 2747 est
3548 2708 3783 2747 crucem.

2197 2785 2376 2842 Cedro
2404 2795 2586 2842 autem
2613 2787 2736 2840 ideo
2766 2784 3120 2856 signiﬁcatur,
3144 2784 3269 2856 quia
3297 2784 3510 2839 cedrus
3549 2785 3607 2838 iu
3635 2785 3784 2854 lignis

2198 2877 2356 2936 fortis
2397 2887 2481 2932 est
2522 2897 2535 2931 ε
2580 2893 2706 2934 nam
2755 2886 2812 2931 et
2852 2892 2978 2932 arca
3027 2877 3096 2931 de
3141 2876 3301 2946 lignis
3352 2877 3614 2931 cedrinis
3657 2878 3786 2931 facta

2200 2974 2369 3029 fuisse
2406 2974 2671 3027 asseritur
2717 2991 2730 3027 :
2774 2973 2898 3042 quia
2945 2973 3211 3043 lignorum
3252 2972 3696 3041 imputribilium
3735 2972 3782 3023 in

2196 3067 2606 3122 constructione
2639 3066 2759 3134 ejus
2787 3064 2993 3135 Moyses
3021 3064 3352 3119 mentionem
3384 3063 3544 3118 fecit.

2267 3159 2448 3213 Sumet
2478 3168 2527 3211 et
2553 3157 2916 3214 vermicu-tum.
2941 3157 3095 3222 Quod
3126 3156 3262 3210 LXX
3290 3155 3490 3218 edunt,
3517 3157 3783 3208 coccinu-

2199 3261 2384 3315 totum,
2418 3250 2670 3304 videlicet
2715 3249 3024 3317 passionem
3060 3265 3073 3300 :
3105 3247 3306 3301 dicitur
3349 3247 3526 3310 enim,
3568 3255 3785 3315 propter

2201 3344 2488 3396 tincturam
2542 3341 2927 3412 sanguineam,
2973 3339 3277 3394 coccinum.
3329 3338 3495 3394 Unde
3541 3340 3783 3408 chlamy-

2199 3433 2322 3486 dem
2354 3432 2686 3490 cocdneam.
2720 3446 2843 3484 cum
2880 3431 3170 3484 duceretur
3194 3429 3259 3482 ad
3287 3430 3640 3498 passionem,
3669 3446 3780 3481 eum

2201 3524 2398 3578 milites
2439 3522 2754 3577 induerunt.
2797 3520 3020 3574 Tortum
3055 3528 3236 3575 autem
3257 3535 3380 3573 esse
3418 3535 3603 3587 quare
3640 3521 3779 3575 dixe-

2202 3617 2364 3670 runt?
2415 3615 2643 3684 Propter
2687 3613 3130 3683 possibilitatem,
3177 3613 3776 3681 impassibilitatemquc

2201 3723 2527 3772 conuexam,
2560 3715 2782 3775 propter
2831 3705 2973 3771 quod
3025 3705 3080 3759 iu
3132 3719 3197 3758 eo
3247 3704 3432 3774 passio
3481 3706 3774 3758 secundum

2201 3797 2488 3870 quemdam
2517 3807 2603 3852 est
2629 3797 2870 3852 modum.
2903 3794 3180 3866 Hyssopus
3201 3807 3385 3850 autem
3414 3795 3552 3850 boni
3584 3797 3773 3854 odoris,

2202 3890 2370 3961 gratia
2423 3889 2691 3960 Spiritus,
2736 3888 3080 3958 cooperatrix
3129 3885 3540 3941 emundationis
3590 3896 3774 3940 nostra:

2203 3990 2306 4043 est,
2350 3981 2493 4034 unde
2527 3981 2692 4034 David
2735 3997 2747 4036 :
2781 3981 3036 4049 Asperges
3084 3995 3183 4041 me,
3226 3976 3421 4046 inquit,
3460 3977 3706 4044 hyssnpo,
3733 3985 3772 4027 et

2203 4072 2593 4126 mundabor".
2636 4071 2710 4125 De
2761 4070 3079 4142 passeribus
3135 4083 3297 4139 ergo,
3350 4084 3494 4136 quos
3548 4069 3771 4122 diximus

2203 4179 2324 4220 esse
2371 4163 2672 4228 Christum,
2723 4163 2872 4219 hunc
2919 4160 3176 4232 praecepit
3224 4160 3521 4220 immolari,
3563 4161 3651 4212 vel
3691 4173 3768 4211 oc-

2205 4256 2335 4321 cidi,
2369 4257 2422 4310 id
2448 4264 2550 4318 est,
2585 4255 2639 4309 id
2668 4254 2812 4323 quod
2839 4262 2958 4308 erat
3003 4251 3276 4323 passibile,
3306 4259 3362 4304 et
3390 4251 3542 4316 quod
3575 4258 3768 4320 poterat

529 4340 674 4409 piam
717 4339 1076 4408 legislatorem
1127 4339 1331 4402 dicere,
1376 4339 1509 4394 illud
1556 4349 1610 4394 te
1651 4350 1869 4411 oportet
1914 4353 2102 4398 notare
2134 4363 2179 4420 ι)
2205 4342 2400 4404 occidi,
2437 4351 2493 4395 et
2537 4341 2711 4396 occidi
2755 4341 2809 4396 in
2854 4355 2985 4395 vase
3029 4339 3202 4405 ﬁctili,
3234 4354 3400 4408 super
3436 4340 3692 4393 viventes
3722 4337 3764 4390 in

530 4444 644 4500 pra!
687 4429 960 4491 omnibus,
997 4429 1123 4497 quia
1163 4444 1312 4483 nunc
1359 4429 1576 4498 quando
1623 4430 1692 4485 de
1731 4431 2099 4486 mundationi-

532 4523 638 4575 bus
667 4520 864 4580 sancit,
891 4520 989 4574 soli
1023 4519 1209 4589 Moysi,
1245 4536 1354 4574 non
1401 4520 1563 4574 etiam
1602 4521 1782 4574 Aaron
1824 4522 1966 4577 sicut
2007 4539 2100 4578 su-

529 4613 744 4684 perius,
791 4613 1029 4680 loquitur
1068 4613 1229 4681 :quia
1260 4613 1469 4684 Moyses
1508 4613 1777 4683 principue
1813 4615 2100 4686 imaginem

529 4703 760 4767 Christi,
787 4705 1085 4764 secundum
1118 4705 1316 4764 multos
1343 4705 1435 4774 qui
1466 4704 1594 4762 dicti
1627 4713 1772 4769 sunt,
1811 4707 1949 4776 gerit
1981 4723 2102 4761 mo-
2153 4717 2163 4724 '

2206 4432 2385 4494 nobis,
2421 4431 2476 4486 id
2505 4441 2586 4486 est
2623 4434 2720 4502 pro
2754 4430 2931 4496 nobis,
2958 4428 3221 4498 siquidem
3253 4443 3442 4481 sumus
3475 4444 3574 4482 vas
3599 4426 3762 4486 ﬁctile.

2206 4527 2274 4580 de
2319 4525 2432 4578 luto
2469 4523 2723 4578 videlicet
2771 4521 2918 4577 facti.
2953 4519 3278 4591 Unigenitus
3318 4520 3630 4573 secundum
3665 4535 3762 4572 rar-

2209 4633 2334 4671 nem
2378 4616 2645 4671 occiditur
2683 4629 2848 4684 super
2877 4627 3046 4683 aquas
3071 4612 3242 4673 vivas,
3279 4611 3328 4688 id
3361 4619 3445 4665 est
3487 4609 3762 4681 baptisma-

2211 4711 2298 4765 tis.
2342 4709 2484 4763 Mors
2533 4709 2651 4776 ejus
2700 4706 2904 4776 quippe
2948 4713 3195 4760 nostrum
3245 4703 3440 4775 ﬁgurat
3491 4704 3757 4773 baptisma,

529 4797 650 4851 dos.
687 4795 797 4850 Soli
831 4807 1010 4850 autem
1040 4794 1259 4857 Christo
1299 4794 1604 4850 communis
1646 4795 1809 4864 lepras
1844 4801 2105 4866 competit
2203 4802 2347 4869 quod
2373 4799 2614 4854 ostendit
2643 4796 2872 4861 Paulus,
2897 4796 3087 4852 dicens
3117 4813 3131 4849 :
3167 4794 3475 4865 Quicunque
3499 4797 3558 4848 ἑκ
3583 4794 3761 4848 Christo

527 4888 862 4944 emundatio.
896 4888 1123 4959 Propter
1147 4889 1291 4959 quod
1322 4904 1424 4943 nec
1451 4889 1518 4942 de
1548 4889 1696 4958 lepra
1737 4889 1899 4943 unius
1935 4889 2103 4950 modi,

530 4998 652 5050 quae
679 4983 738 5036 tit
769 4983 820 5036 in
854 4984 1099 5045 vulnere,
1126 4982 1277 5036 verbi
1307 4982 1500 5051 gratia.
1529 4991 1624 5037 aut
1661 4981 1715 5035 in
1748 4982 1982 5047 ustione,
2012 4991 2104 5036 aut

529 5073 708 5136 aliter,
743 5071 1000 5140 loquitur,
1030 5069 1126 5122 sed
1158 5069 1272 5123 ait:

605 5164 701 5217 llic
752 5172 827 5216 est
874 5163 1006 5215 ritus
1058 5160 1265 5228 leprosi.
1305 5157 1410 5219 Per
1460 5161 1566 5215 hoc
1601 5175 1818 5215 omnem
1863 5164 2098 5232 speciem

532 5256 698 5324 lepra:
749 5252 1036 5324 complecti
1085 5252 1304 5317 volens,
1357 5253 1484 5320 quia
1540 5261 1595 5306 et
1643 5252 1894 5308 Christus
1941 5269 2100 5307 omne

531 5362 704 5415 genus
742 5354 1090 5417 peccatorum
1127 5344 1426 5402 mandavit.
1461 5344 1601 5414 Ergo
1634 5351 1690 5398 et
1727 5344 1892 5398 nimis
1927 5345 2098 5399 simil-

534 5439 659 5498 lima
699 5448 783 5492 est
830 5437 1088 5509 mysterio
1131 5437 1248 5506 ejus
1296 5451 1532 5505 praesens
1574 5435 1821 5499 materia,
1854 5436 1993 5506 quod
2035 5453 2098 5488 ex

610 5636 652 5666 ³⁸
681 5636 834 5690 Joan.
864 5652 942 5702 xl,
977 5635 1026 5688 4.
1111 5636 1152 5667 ³⁵
1181 5635 1316 5688 Psal.
1353 5651 1402 5699 ιι,
1437 5636 1488 5690 9.
1566 5637 1607 5667 ³⁷
1631 5635 1787 5690 Rom.
1821 5651 1893 5700 vl,
1925 5635 1976 5688 5.

2203 4893 2459 4960 baptizati
2501 4907 2697 4952 sanius,
2729 4889 2787 4942 in
2829 4897 2997 4942 morte
3039 4888 3154 4957 ejus
3200 4887 3456 4956 baptismi
3499 4903 3684 4940 amns
3711 4885 3758 4932 “-.

2205 4983 2265 5042 In
2295 4983 2400 5037 hoc
2425 4982 2614 5036 vivens
2635 4995 2846 5051 passer,
2873 4989 2929 5036 et
2957 4979 3166 5049 lignum
3191 4979 3494 5040 cedriuum,
3521 4988 3578 5031 et
3609 4975 3757 5031 Corci-

2209 5091 2338 5128 uum
2369 5083 2592 5138 tortum,
2613 5083 2666 5126 et
2698 5073 2964 5142 hyssopus
2995 5070 3255 5141 tingitur:
3284 5069 3462 5124 omnia
3489 5069 3643 5123 enim
3672 5069 3757 5119 hac

2213 5165 2752 5234 counprebenduntur
2779 5164 2833 5216 in
2869 5163 3070 5217 virtute
3097 5160 3454 5230 baptismatis,
3479 5162 3630 5229 quod
3655 5159 3758 5212 dixi-

2209 5271 2330 5309 mus
2364 5253 2655 5308 Dominicae
2681 5269 2802 5308 esse
2845 5253 3111 5323 passionis
3146 5253 3368 5323 ﬁguram
3425 5247 3753 5322 signiﬁcatio-

2211 5361 2460 5415 nemque.
2493 5345 2598 5400 Sed
2631 5344 2820 5399 vivens
2863 5359 3069 5414 passer,
3093 5358 3254 5413 quem
3283 5341 3339 5396 in
3370 5339 3649 5412 Unigeniti
3677 5352 3750 5390 ne-

2209 5438 2439 5492 cessarie
2459 5437 2794 5493 divinitatem
2815 5436 3129 5505 accipimus,
3149 5435 3201 5489 in
3222 5433 3484 5505 sanguine
3503 5434 3596 5489 hic
3613 5424 3753 5488 occisi
