3886 6306
179 311 289 374 953

1301 315 1383 373 IN
1422 313 1858 374 LEVITICUM.
1891 339 1959 351 -
1987 317 2136 377 LIB.
2179 320 2279 382 IV.

3316 319 3422 386 954

177 418 438 491 Passeris»
478 427 534 472 εί
574 431 712 487 εψιίι
752 417 980 488 ¹ίηῧῖιι¹¹⁵
1003 459 1018 482 ν
1053 419 1106 472 id
1145 428 1228 473 εει
1264 419 1317 472 in
1358 419 1528 490 gratia
1569 418 1750 488 -ὒθρῑί-
1779 431 1823 484 Δ
1851 440 1975 480 eum
2008 426 2334 498 cogitatione
2372 429 2598 501 cupiens
2635 429 2915 500 praecepit,-
2950 429 3043 484 sed
3088 444 3291 486 novum
3337 441 3422 484 to-

178 507 391 574 smatis,
424 506 547 577 quia
581 521 692 560 non
736 506 792 560 in
820 507 1056 562 hominis
1099 508 1370 577 passione,
1421 509 1517 562 sed
1563 506 1659 562 Dei
1699 517 1754 562 et

179 597 422 653 hominis
451 598 704 668 passione
737 598 1096 667 baptizamur.
1128 596 1341 652 Deinde
1371 607 1496 667 post
1535 598 1638 652 boc
1670 596 1750 650 vi-

179 704 318 743 vens
349 703 540 758 passer
587 689 642 741 in
688 702 876 759 agrum
921 695 984 742 ut
1025 688 1224 752 avolet,
1261 688 1572 742 dimittitur.
1613 687 1755 758 Ergo

180 782 537 851 inipassibilis
567 781 849 846 divinitas,
884 789 940 835 et
967 781 1342 850 inseparabilis
1367 789 1538 834 erata
1567 794 1752 844 carne,

179 886 306 939 qua:
334 885 494 940 passa
527 877 631 936 est,
663 870 811 924 unde
845 877 902 924 et
935 869 1254 939 separabilis
1283 870 1338 922 in
1367 867 1631 938 sanguine
1658 868 1758 922 ba—

182 960 441 1029 ptizatur,
473 966 534 1012 ut
569 957 919 1028 impassibilis
958 957 1080 1012 viva
1123 958 1179 1011 in
1213 970 1401 1028 agrum
1436 955 1612 1010 avolet
1643 971 1659 1010 :
1689 954 1758 1009 ad

185 1051 531 1104 latitudinem
603 1050 857 1106 videlicet
919 1048 1393 1120 contemplationis
1453 1046 1754 1112 emittitur,

182 1156 297 1209 quo
344 1133 494 1194 illum
542 1141 885 1206 dimittente,
928 1150 1118 1195 nostro
1162 1139 1415 1195 videlicet
1457 1138 1755 1194 intellectu.

185 1231 293 1283 sub
343 1230 505 1298 hujus
551 1231 696 1284 enim
741 1229 1202 1299 contemplatione
1251 1236 1508 1295 tenetur,
1556 1227 1760 1282 selum-

186 1322 354 1374 modo
404 1331 601 1391 sponte
649 1323 893 1387 detenta,
939 1336 1065 1376 cum
1111 1335 1142 1376 a
1189 1321 1338 1376 nullo
1383 1321 1489 1376 alio
1527 1317 1761 1375 detineri

188 1411 380 1478 possit.
441 1411 668 1480 Insuper
712 1411 760 1464 is
806 1411 899 1481 qui
941 1410 1235 1466 mundatus
1277 1416 1400 1475 est,
1438 1410 1759 1466 vestimenta

187 1502 356 1562 lavat,
391 1501 644 1554 videlicet
673 1501 936 1564 actiones,
966 1508 1023 1554 et
1055 1499 1101 1554 si
1130 1515 1266 1569 quas
1294 1500 1522 1555 virtutes
1549 1498 1755 1564 habuit.

187 1593 318 1661 quia
363 1601 417 1646 et
465 1593 564 1646 has
603 1601 827 1661 peccato
856 1591 1076 1662 polluit;
1116 1591 1260 1646 lavat
1283 1600 1464 1645 autem
1493 1591 1767 1660 poeniten-

191 1686 268 1738 tia
299 1703 312 1737 :
349 1694 404 1738 et
430 1683 569 1738 radit
595 1684 783 1753 pilum,
817 1683 870 1738 id
902 1691 986 1738 est
1014 1697 1231 1738 omnem
1258 1682 1637 1753 cogitationem
1667 1682 1761 1736 de-

189 1774 369 1846 ponit,
407 1775 535 1844 quia
560 1748 753 1828 omnes
773 1748 873 1828 eas
901 1774 1136 1829 habebat
1174 1748 1503 1828 immundae.
1529 1772 1599 1826 Et
1621 1773 1764 1828 lotus
1791 1748 1836 1804 Β

187 1881 334 1935 aqua
368 1864 701 1934 paenitentiae
751 1873 846 1918 aut
879 1863 1251 1934 baptismatis,
1290 1871 1421 1917 tunc
1457 1862 1764 1915 necessarie

191 1955 564 2010 inundabitur.
605 1952 740 2008 Nam
779 1953 882 2008 etsi
917 1953 1179 2008 mundum
1219 1967 1346 2007 eum
1386 1950 1638 2021 superius
1665 1965 1766 2005 no-

191 2045 442 2108 minavit,
475 2044 553 2097 ait
579 2044 727 2097 enim
755 2061 768 2097 :

265 2129 395 2186 Cum
426 2132 566 2186 risus
607 2130 766 2202 frter-it
799 2146 910 2185 esse
943 2130 1250 2193 mundatus,
1279 2129 1454 2199 ollam
1481 2128 1612 2182 deos
1642 2143 1767 2202 pas-

188 2239 356 2279 sem.
415 2221 524 2279 Sed
579 2201 703 2278 eum
743 2223 837 2292 qui
885 2231 1045 2292 aptus
1091 2229 1209 2277 erat
1249 2222 1318 2277 ad
1357 2201 1764 2276 mundationem

187 2312 410 2367 dicebat
441 2329 454 2367 :
485 2326 611 2365 nam
657 2312 929 2381 quomodo
974 2313 1042 2378 is,
1093 2311 1186 2381 qui
1222 2311 1334 2381 jam
1377 2311 1612 2366 mundus
1659 2319 1764 2376 est,

189 2405 378 2461 adhuc
419 2418 640 2459 necesse
682 2404 843 2458 habet
875 2402 1346 2458 mundaril'l‘unc
1375 2402 1428 2457 in
1463 2411 1639 2456 castra
1682 2401 1767 2455 in-

191 2495 495 2566 gredietur,
530 2505 588 2550 ut
629 2495 926 2550 cunventui
979 2504 1170 2550 nostro
1213 2494 1448 2560 intersit,
1481 2501 1643 2563 atque
1683 2491 1767 2546 in-

193 2585 558 2654 telligibilium
596 2594 974 2641 contracturum
1020 2586 1222 2652 socius,
1257 2594 1313 2642 et
1348 2585 1572 2641 alterius
1618 2600 1768 2640 com-

193 2674 504 2739 mistiouis,
567 2691 688 2746 quas
737 2691 862 2730 cum
917 2674 1170 2730 ﬁdelibus
1227 2675 1478 2739 habetur,
1527 2673 1771 2744 acquirat

193 2767 427 2822 fruetus.
475 2767 518 2819 Α
564 2782 674 2836 qua
717 2766 864 2836 quia.
898 2765 1258 2837 prohibentur
1304 2765 1361 2820 hi
1399 2765 1490 2834 qui
1534 2765 1768 2819 necdum

194 2859 443 2916 mandati
490 2867 618 2912 sunt
663 2864 1005 2928 peceatores,
1046 2856 1172 2912 audi
1216 2857 1538 2926 Apostolum
1585 2855 1770 2910 dicen-

195 2959 310 3006 tem
345 2967 359 3002 :
394 2948 452 3004 Si
480 2952 524 3004 is
562 2950 652 3020 qui
698 2951 866 3020 frater
911 2950 1238 3011 nominatur,
1279 2957 1376 3002 aut
1417 2948 1626 3002 adulter
1670 2953 1766 3011 est,

1855 524 1989 584 tum,
2025 526 2082 572 et
2116 519 2267 588 quasi
2295 520 2455 574 modo
2478 521 2717 591 genitum
2752 521 2866 575 ﬁeri
2899 521 3106 584 volens.
3138 527 3195 574 et
3223 535 3418 588 exspo-

1853 608 1986 663 liare
2006 605 2246 664 veterem
2276 611 2573 674 hominem,
2601 619 2663 665 ut
2684 611 2866 680 capiat
2890 625 3110 665 novum.
3139 609 3422 674 Quomodo

1854 698 2000 752 enim
2032 699 2082 753 ei
2111 699 2201 768 qui
2241 700 2522 769 antiquum
2570 699 2703 754 rasit
2745 699 2935 768 pilum,
2970 699 3108 752 alius
3150 711 3322 752 novus
3367 705 3420 750 et

1855 805 2046 844 recens
2081 791 2343 857 nascitur,
2378 791 2457 847 sic
2498 799 2557 847 et
2601 791 2730 846 huic
2768 790 3046 846 veteribus
3081 788 3287 844 carenti
3328 803 3421 841 co-

1855 881 2228 953 gitationibus,
2259 883 2378 937 alia:
2417 897 2572 937 nova:
2611 883 2680 937 ad
2723 882 2947 936 meliora
2991 881 3273 951 pullulant.
3316 877 3423 931 La-

1857 987 1984 1027 vare
2013 971 2175 1026 etiam
2205 987 2397 1027 rursus
2430 971 2755 1027 vestimenta
2787 986 2906 1050 sua,
2955 971 3009 1025 id
3055 980 3136 1025 est
3182 968 3424 1024 actiones

1859 1061 2108 1115 mundas.

1930 1150 1998 1204 Et
2046 1149 2242 1204 (arabit
2289 1151 2480 1204 iterum
2522 1166 2708 1219 corpus
2746 1167 2906 1220 aqua.
2951 1148 3201 1203 Secundo
3241 1147 3422 1217 utique

1860 1241 1991 1296 illud
2037 1241 2243 1306 lavans,
2279 1239 2436 1294 nobis
2480 1249 2660 1294 autem
2707 1254 2818 1292 non
2862 1248 2948 1293 est
2980 1237 3279 1293 secundum
3325 1238 3421 1291 ba-

1860 1332 2077 1402 ptisma.
2127 1331 2266 1386 Unus
2312 1331 2449 1384 enim
2486 1329 2755 1394 Dominus,
2791 1345 2899 1382 una
2946 1328 3094 1396 ﬁdes,
3125 1344 3288 1380 unum
3327 1334 3422 1380 ba-

1861 1425 2053 1492 ptisma
2089 1423 2157 1474 ³⁹.
2217 1420 2282 1473 Et
2335 1419 2605 1488 quomodo
2666 1418 2910 1473 secundo
2969 1416 3258 1480 lavabitur,
3320 1416 3423 1470 nisi

1861 1510 2108 1566 absolute
2140 1524 2234 1578 per
2267 1508 2560 1578 lacrymas?
2601 1505 2715 1560 Hoc
2757 1505 2904 1559 enim
2945 1517 3057 1558 non
3101 1500 3289 1566 semel,
3324 1516 3427 1554 nec

1862 1599 1966 1664 bis,
1995 1597 2091 1654 sed
2122 1599 2305 1662 tertio,
2338 1604 2394 1649 et
2435 1595 2746 1664 frequenter
2791 1592 2918 1646 licet
2958 1589 3143 1660 peragi
3175 1605 3188 1641 :
3221 1587 3346 1656 quia
3374 1599 3428 1641 et

1867 1690 2034 1746 David
2057 1688 2270 1744 dicebat
2297 1704 2310 1741 :
2341 1684 2525 1740 Facta:
2547 1694 2666 1738 sunt
2689 1683 2818 1738 mihi
2844 1681 3090 1750 lacrymae
3115 1693 3242 1732 mea:
3268 1694 3428 1746 partes

1837 1770 1948 1835 die
1989 1797 2053 1834 ac
2091 1787 2237 1833 nocte
2269 1778 2337 1830 “.
2369 1774 2655 1831 Sutiiciunt
2698 1786 2827 1844 ergo
2869 1780 2925 1826 et
2966 1772 3082 1826 haec
3121 1768 3429 1825 satisfacere

1865 1870 2196 1935 intendenti,
2219 1869 2346 1938 quia
2375 1881 2440 1922 ea
2466 1881 2588 1936 quae
2619 1872 2746 1920 sunt
2783 1861 3066 1933 spiritalia,
3097 1859 3430 1930 spiritalibus

1863 1963 1949 2018 les
1987 1958 2266 2033 pracepit,
2289 1966 2345 2014 et
2373 1971 2502 2014 vere
2531 1956 2760 2027 lepram,
2793 1953 2848 2008 id
2875 1961 2962 2008 est
2996 1959 3300 2024 peccatum,
3329 1966 3431 2006 nos

1865 2054 2056 2110 timere
2083 2051 2378 2108 desiderat.
2407 2047 2639 2119 Propter
2677 2045 2822 2117 quod
2863 2044 2983 2115 ejus
3018 2042 3433 2098 emundationes

1863 2144 2126 2217 plurimas
2169 2139 2451 2215 praecepit,
2477 2155 2600 2195 cum
2642 2136 2699 2193 in
2734 2135 2885 2192 nullo
2913 2149 3006 2190 eas
3039 2133 3290 2196 aliorum,
3310 2147 3431 2203 qua:

1865 2238 2007 2294 circa
2036 2249 2234 2306 corpus
2259 2239 2541 2306 geruntur,
2560 2229 2927 2300 praecepisset.
2960 2225 3224 2282 Subtilior
3251 2234 3430 2282 tamen

1865 2329 2114 2401 probatio
2139 2326 2244 2383 erit
2267 2327 2467 2382 horum
2495 2337 2561 2378 es
2591 2319 3068 2389 subsequentibus.

1934 2419 2100 2475 Vens.
2128 2417 2314 2474 10-20.
2361 2435 2380 2469 ς
2415 2415 2674 2470 Assumet
2721 2411 2859 2467 duos
2891 2423 3061 2480 agnos
3116 2404 3435 2462 immacula-

1867 2518 1972 2572 tos,
2005 2515 2064 2562 et
2114 2521 2273 2562 ovem
2322 2501 2635 2559 anniculam
2689 2498 2901 2568 absque
2941 2496 3171 2557 macula,
3225 2504 3280 2548 et
3326 2503 3435 2548 tres

1865 2600 2104 2657 decimas
2131 2597 2320 2654 similae
2339 2594 2394 2650 in
2415 2591 2708 2658 sacriﬁcio,
2736 2604 2860 2661 qua:
2889 2599 3184 2656 conspersa
3203 2584 3272 2639 sit
3291 2584 3433 2638 oleo.

1869 2701 1924 2749 et
1949 2690 2177 2747 seorsim
2208 2688 2315 2744 olei
2344 2685 2662 2742 sextarium.
2703 2681 2950 2750 Cumque
2983 2677 3237 2735 sacerdos
3283 2675 3436 2746 puri-
3469 2703 3472 2705 λ

1861 2784 2040 2838 ticans
2061 2779 2360 2843 hominem,
2388 2773 2641 2832 statuerit
2656 2770 3000 2836 eum.etbaec
3015 2766 3222 2831 omnia,
3256 2779 3437 2820 coram

1869 2875 2099 2929 Domino
2121 2871 2177 2926 in
2207 2869 2347 2925 ostio
2373 2863 2703 2922 tabernaculi
2733 2858 3050 2926 testimonii,
3074 2857 3223 2913 tollet
3241 2869 3438 2927 agnum

1871 2975 1927 3020 ct
1976 2964 2169 3019 oﬂeret
2214 2961 2367 3015 illum
2427 2973 2526 3029 pro
2589 2954 2809 3017 delicto,
2863 2951 3076 3020 oleique
3125 2945 3437 3002 sextarium.

194 3051 295 3095 aut
329 3059 544 3104 auarus.
575 3051 669 3095 aut
717 3042 1000 3105 detractor,
1034 3048 1127 3094 aut
1171 3040 1422 3104 ebriosus,
1452 3049 1545 3092 aut
1579 3052 1770 3106 rapax,

1878 3056 1940 3109 Et
1965 3053 2162 3108 oblatis
2184 3059 2309 3104 ante
2325 3049 2612 3101 Dominum
2632 3043 2887 3099 omnibus
2912 3037 3212 3094 immolabit
3237 3049 3439 3105 agnum

193 3151 322 3192 cum
369 3134 670 3202 lmjusmodi
717 3149 810 3186 nec
850 3133 1022 3187 cibum
1056 3148 1261 3186 sumere
1287 3131 1352 3185 ³⁸.
1386 3130 1771 3185 Verumtamen

197 3235 333 3293 sapt:
357 3243 406 3278 in
433 3225 552 3280 dies
573 3234 724 3279 extra
750 3224 1160 3280 tabernaculum
1187 3238 1346 3278 suum
1371 3230 1572 3292 manet,
1598 3222 1776 3275 adhuc

195 3336 230 3376 a
295 3327 609 3373 sanctorum
683 3316 1110 3381 communione,
1167 3323 1391 3385 propter
1440 3313 1775 3369 subtiliorem

197 3411 528 3474 custodiam,
569 3418 626 3463 et
662 3408 922 3479 paulatim
953 3407 1022 3462 ad
1060 3406 1284 3462 meliora
1328 3404 1656 3476 profectum,
1690 3417 1778 3457 se-

201 3512 452 3571 paratus;
521 3499 932 3554 tabernaculum
986 3498 1133 3553 enim
1191 3496 1622 3566 uniuscujusque
1678 3509 1778 3547 no-

200 3602 381 3648 strum
408 3591 790 3661 mysteriorum
819 3589 1042 3661 adeptio
1073 3595 1178 3654 est,
1208 3603 1241 3643 a
1277 3587 1402 3658 gelu
1433 3595 1618 3659 tegens
1654 3599 1775 3650 nos,

203 3695 263 3739 rt
292 3685 360 3737 ab
385 3693 519 3738 a:stu
567 3683 978 3739 tabernaculum
1020 3681 1077 3737 in
1118 3696 1230 3751 quo
1273 3687 1455 3736 cmuat
1487 3693 1612 3734 cum
1645 3677 1776 3741 Deo,

203 3779 354 3832 sicut
397 3793 522 3830 cum
546 3785 699 3846 patre
725 3775 817 3830 lilii
839 3815 856 3840 ,
887 3783 983 3829 aut
1008 3788 1131 3828 cum
1157 3786 1360 3842 sponso
1383 3785 1602 3840 sponsa,
1625 3767 1710 3822 vel
1735 3767 1780 3821 si

200 3869 410 3940 aliquid
456 3868 598 3923 aliud
631 3869 849 3931 dicitur,
878 3866 1023 3940 quod
1060 3865 1234 3937 magis
1279 3863 1348 3919 ad
1379 3861 1781 3934 proximitatem

203 3961 544 4030 cognationis
576 3960 831 4030 pertinet.
1425 3972 1429 3976 '

280 4055 345 4107 Et
385 4055 470 4106 die
506 4054 727 4121 septima
772 4052 922 4105 radat
963 4049 1186 4119 capillos
1215 4047 1402 4114 capitis
1442 4044 1781 4113 barbamque.

206 4159 259 4202 et
300 4143 583 4213 supercilia
627 4159 691 4195 ac
733 4142 891 4195 totius
934 4140 1165 4210 corporis
1205 4136 1359 4207 pilos.
1399 4134 1506 4189 Sed
1548 4131 1638 4187 hic
1674 4147 1784 4185 non

207 4234 387 4290 solum
423 4238 605 4300 caput,
637 4229 728 4284 sui
769 4239 824 4284 et
859 4229 1105 4294 barbam,
1146 4235 1203 4282 et
1241 4223 1551 4296 supercilia,
1583 4229 1638 4277 et
1666 4236 1786 4276 om-

213 4344 338 4384 nem
371 4326 689 4398 simpliciter
720 4325 907 4396 pilum,
937 4323 1029 4397 qui
1064 4324 1119 4378 in
1148 4322 1297 4379 omni
1325 4334 1554 4391 corpore
1583 4325 1687 4384 est,
1722 4331 1786 4372 ac

1880 3146 1969 3200 ubi
2001 3142 2267 3198 immolari
2325 3139 2461 3195 solet
2501 3137 2679 3192 hostia
2738 3150 2837 3206 pro
2881 3137 3130 3203 peccato,
3190 3136 3245 3183 et
3286 3125 3441 3180 holo-

1877 3243 2146 3298 caustum,
2177 3232 2228 3287 id
2259 3241 2362 3296 est,
2391 3230 2511 3284 loco
2535 3233 2744 3283 sancto.
2775 3224 2929 3280 Sicut
2977 3222 3124 3276 enim
3171 3233 3270 3290 pro
3315 3232 3442 3288 pec-

1877 3337 2018 3389 cato,
2078 3325 2152 3378 ita
2197 3331 2252 3377 et
2309 3337 2409 3392 pro
2461 3319 2659 3374 delicto
2704 3315 2772 3370 ad
2823 3312 3158 3370 sacerdotem
3209 3307 3445 3379 pertinet

1879 3416 2086 3470 hostia:
2117 3414 2315 3468 Sancta
2343 3418 2656 3465 sanctorum
2691 3416 2794 3462 est.
2821 3406 3224 3470 Assnmensqne
3263 3414 3446 3453 sacer-

1879 3507 1978 3559 dos
2025 3505 2092 3559 de
2144 3503 2411 3572 sanguine
2465 3499 2658 3554 hostiae
2709 3512 2830 3567 qua:
2888 3492 3162 3550 immolata
3214 3498 3298 3543 est
3346 3503 3445 3557 pro

1881 3595 2099 3659 delicto,
2155 3600 2536 3662 ponet-super
2587 3596 2890 3643 extremum
2945 3579 3201 3637 auriculae
3240 3579 3445 3632 dextrae

1881 3684 2000 3753 ejus
2033 3681 2124 3751 qui
2156 3678 2508 3742 mundantur,
2537 3684 2592 3731 et
2620 3690 2785 3744 super
2816 3671 3066 3743 pollicem
3091 3682 3283 3722 manus
3312 3667 3446 3719 dex-

1882 3783 1978 3828 tra:
2005 3781 2059 3828 et
2089 3771 2262 3842 pedis.
2296 3770 2363 3824 Et
2393 3768 2460 3823 de
2490 3765 2596 3822 olei
2633 3763 2874 3820 sextario
2912 3759 3092 3815 mittet
3140 3756 3193 3809 in
3225 3770 3444 3808 lltalltltll

1883 3878 2034 3919 suam
2070 3861 2374 3916 sinistram:
2407 3857 2690 3927 tingetque
2721 3852 2950 3923 digitum
2992 3848 3240 3902 dextrum
3275 3844 3327 3896 in
3358 3861 3444 3902 eo,

1884 3965 1940 4010 et
1965 3959 2220 4024 asperget
2257 3949 2458 4020 septies
2493 3956 2686 4004 contra
2722 3943 3032 4000 Dominum.
3082 3937 3236 4004 Quod
3265 3945 3448 3989 autun

1884 4047 2153 4116 reliquum
2182 4052 2266 4098 est
2297 4041 2424 4106 olei,
2462 4041 2521 4095 in
2567 4039 2759 4094 laevam
2784 4048 3004 4091 manum
3055 4029 3244 4084 fundet
3288 4041 3452 4094 super

1885 4145 2189 4192 extremum
2211 4131 2468 4189 auriculae
2497 4131 2732 4186 dexterae
2765 4125 2884 4196 ejus
2915 4122 3006 4193 qui
3060 4118 3373 4180 mundatur,
3396 4122 3452 4168 et

1887 4244 2050 4300 super
2075 4226 2324 4298 pollicem
2374 4235 2591 4288 manus,
2643 4234 2706 4275 ac
2753 4216 2909 4288 pedis
2965 4211 3138 4268 dextri
3198 4217 3249 4263 et
3289 4221 3452 4275 super
3493 4211 3495 4213 ‘

1888 4320 2228 4392 sanguinem,
2254 4317 2345 4387 qui
2370 4315 2525 4370 nisus
2545 4321 2628 4368 est
2652 4325 2748 4380 pro
2771 4307 2990 4368 delicto,
3023 4311 3077 4357 et
3106 4314 3270 4369 super
3289 4304 3454 4392 caput

213 4436 313 4492 per
353 4420 456 4476 hoc
479 4387 554 4475 ἐι
593 4387 928 4474 occultarum
953 4387 1212 4488 -partium
1255 4387 1532 4486 praecepit.
1573 4411 1782 4466 Nullam
1820 4417 1860 4471 D
1889 4387 2028 4484 ejus.
2067 4409 2402 4481 Bogabitque
2436 4421 2535 4476 pro
2569 4418 2636 4458 eo
2686 4412 2866 4456 coram
2901 4393 3154 4492 Domino,
3195 4387 3456 4492 ἐι-Τεισία

209 4530 344 4584 ergo
387 4514 434 4567 ei
475 4512 858 4584 cogitationem
897 4518 1137 4564 veterem
1183 4521 1470 4561 remanere
1503 4504 1642 4567 vult,
1673 4517 1784 4558 non

212 4605 387 4659 solum
420 4605 538 4658 illas
569 4619 690 4673 qtue
728 4611 980 4658 ornatum
1022 4599 1251 4662 homini,
1288 4607 1477 4669 utpote
1511 4595 1783 4659 rationali,

208 4709 270 4751 ct
300 4697 469 4751 multa
495 4697 563 4752 de
591 4695 792 4749 divinis
821 4692 1147 4764 disceptanti
1174 4692 1419 4761 praebent
1452 4708 1464 4743 :
1498 4689 1616 4743 illas
1641 4687 1786 4742 enim

215 4803 316 4858 per
337 4793 518 4855 caput,
551 4794 773 4854 propter
793 4793 1068 4845 ornatum,
1100 4790 1156 4836 et
1185 4779 1587 4835 multitudinem
1617 4776 1786 4848 signi-

217 4883 359 4943 tit-at,
389 4877 492 4933 sed
537 4891 638 4932 nec
689 4877 788 4932 has
838 4891 958 4946 quae
1000 4873 1277 4931 hominem
1309 4869 1790 4940 contemplativum

212 4970 582 5032 constituunt,
624 4967 693 5022 de
746 4966 1073 5025 sublimibus
1121 4971 1174 5017 et
1225 4961 1586 5016 divinioribus
1633 4959 1794 5014 rebus

215 5065 570 5134 cogitantem.
617 5061 728 5117 l-loc
772 5061 920 5116 enim
959 5056 1266 5129 superciliis
1297 5052 1629 5122 designatur,
1673 5067 1794 5122 qum

222 5157 278 5210 in
327 5158 611 5212 altioribus
644 5165 773 5212 sunt
808 5155 930 5220 sita,
977 5161 1034 5208 et
1066 5151 1209 5205 circa
1248 5146 1793 5216 contemplativorum

222 5247 500 5304 manentia
567 5260 826 5302 sensuum
889 5260 1109 5316 organa.
1164 5241 1271 5297 Sed
1327 5255 1428 5296 nec
1480 5239 1628 5301 illas,
1672 5253 1793 5306 quae

223 5337 662 5394 discretionalem
687 5340 1050 5399 continentes,
1079 5351 1176 5404 per
1202 5333 1423 5388 barbam
1454 5336 1599 5384 recte
1625 5328 1790 5398 signi-

225 5433 491 5492 ﬁcantur,
535 5428 661 5498 quia
695 5430 858 5483 barba
903 5428 1136 5483 maxime
1175 5425 1320 5479 inter
1349 5423 1502 5478 virile
1541 5437 1710 5492 genus
1741 5427 1796 5475 et

227 5521 493 5578 muliebre
509 5520 788 5588 diiudicat.
826 5521 948 5576 Ilaec
977 5531 1155 5576 autem
1175 5537 1281 5577 non
1316 5519 1586 5590 quomodo
1611 5531 1796 5571 carere

837 5614 860 5644 \

298 5720 342 5754 ³⁸
379 5721 398 5776 ι
430 5721 552 5777 Cor.
593 5737 644 5786 ν,
681 5720 762 5774 ll.
842 5721 882 5752 ³³
912 5719 1109 5791 Ephes.
1150 5736 1221 5787 tv,

1892 4479 2220 4561 sacriﬁcium
2249 4514 2348 4570 pro
2381 4503 2624 4568 peccato.
2651 4491 2805 4546 Tunc
2854 4482 3154 4540 immolabit
3195 4479 3456 4534 holocau-

1892 4608 2058 4662 stum,
2085 4603 2140 4649 et
2172 4567 2335 4663 ponet
2368 4588 2497 4643 illud
2534 4587 2586 4641 in
2615 4583 2783 4638 altare
2817 4593 2936 4634 cum
2968 4573 3282 4630 libamentis
3316 4567 3452 4630 suis,

1893 4701 1946 4746 et
1979 4690 2144 4743 homo
2170 4686 2271 4738 rite
2303 4678 2668 4737 mundabitur.
2704 4693 2722 4724 ι

1965 4779 2178 4834 Scimus
2219 4775 2346 4843 quia
2382 4773 2464 4825 lex
2503 4764 2759 4837 spiritalis
2807 4767 2922 4822 est;
2979 4755 3121 4824 quod
3173 4760 3455 4821 propterea

1897 4870 2096 4924 Paulus
2133 4865 2208 4918 ait
2229 4840 2305 4927 ίί,
2337 4869 2395 4913 ιιι
2433 4855 2744 4926 spiritaliter
2775 4847 3133 4916 dijudicantes
3162 4858 3270 4895 non
3302 4840 3456 4893 dam—

1891 4959 2176 5016 niﬁcemur
2209 4950 2476 5008 fructibus
2500 4945 2652 5013 legis,
2684 4939 2772 5010 qui
2791 4935 3134 4992 occultantur
3170 4932 3224 4985 in
3254 4929 3454 4984 littera.

1891 5050 2183 5118 Postquam
2220 5041 2368 5098 enim
2421 5037 2597 5109 prima
2631 5035 2717 5090 die
2759 5044 2863 5101 qua
2899 5024 3170 5098 egreditur
3205 5019 3459 5076 sacerdos

1892 5153 2045 5201 extra
2075 5148 2276 5202 castra,
2319 5133 2586 5190 immolari
2641 5130 2706 5184 ad
2764 5119 3202 5181 emundalionem
3259 5112 3457 5183 leprosi

1898 5234 2188 5308 prtecepit:
2224 5243 2352 5284 ecce
2383 5240 2572 5281 rursus
2603 5235 2747 5278 nunc
2775 5210 3096 5273 octava'die,
3125 5208 3230 5262 alia
3259 5221 3362 5308 pro
3391 5219 3457 5260 co

1901 5297 2162 5385 sacriﬁcia
2193 5321 2605 5393 ﬁerijubcntur.
2637 5314 2834 5370 Octava
2882 5320 3008 5376 ergo
3037 5303 3154 5360 dies
3207 5297 3455 5354 eamdem

1902 5435 2065 5491 quam
2103 5419 2276 5488 prima
2307 5415 2416 5468 vim
2448 5410 2604 5484 gerit,
2642 5405 2766 5476 quia
2792 5414 2951 5457 omne
2978 5409 3213 5469 praesens
3248 5403 3460 5459 tempus

1905 5490 1961 5569 in
1995 5509 2423 5567 hebdomadibus
2451 5500 2771 5560 conciditur.
2801 5496 2923 5552 Post
2965 5505 3098 5561 quas
3133 5495 3320 5544 octava
3351 5490 3456 5548 est,

1379 5720 1420 5750 ιο
1458 5718 1593 5774 [δεδι.
1630 5729 1735 5781 xu,
1771 5715 1821 5770 4.
1900 5714 1940 5744 δι
1977 5710 2132 5765 item.
2168 5723 2264 5772 vn,
2300 5706 2321 5760 1
2361 5717 2513 5773 seqq.
