3886 6306
473 283 579 347 955

1659 271 2020 333 HESYCHII
2071 264 2542 330 l—‘RESBYTEiil
3673 252 3740 312 ς,
3771 250 3794 296 ἑ

475 412 708 466 aequam,
746 404 804 449 ut
851 394 1105 456 diximus,
1160 391 1415 445 virtutem
1471 391 1659 459 prima:
1708 405 1922 459 gerens,
1963 387 2044 440 vel
2081 390 2119 444 Α
2151 384 2343 453 pertita
2370 381 2646 450 cognitio:
2683 378 2829 447 quod
2855 393 2982 447 ergo
3005 375 3185 430 minus
3219 380 3305 466 est
3357 379 3466 423 aut
3499 366 3794 465 amplius.

477 487 703 542 omnino
737 485 908 555 ipsam
966 498 1255 538 rcttovans.
1315 481 1412 536 Est
1445 488 1625 534 autem
1683 480 1800 533 haec
1861 479 2046 546 inqua

481 575 729 630 Salvator
765 574 1085 634 resurrexit,
1127 572 1180 624 in
1216 587 1321 640 qtta
1355 571 1410 623 in
1441 582 1615 624 castra
1659 569 2045 641 ittgrediemur.

482 665 611 719 Post
653 667 769 720 dies
813 666 958 719 enim
1019 671 1226 730 septem
1293 677 1416 716 eum
1477 663 1571 732 qui
1623 663 1915 716 mundatus
1968 669 2052 714 est

482 757 751 826 leprosos,
799 758 887 810 die
936 753 1186 808 videlicet
1233 763 1442 819 octava,
1497 755 1551 808 in
1600 754 1792 808 castris
1845 753 2053 823 ingredi

483 847 773 915 praecepit:
817 847 909 900 sed
946 857 1123 900 castra
1158 846 1377 916 qualia?
1408 845 1703 911 utiqucilla
1732 860 1853 913 qua;
1886 842 2055 898 Jacob

484 938 789 1006 patriarcha
825 938 979 1000 vidit,
1013 937 1232 1006 quando
1254 937 1460 1006 angelis
1495 936 1596 990 sibi
1623 935 2054 999 occurrentibus,

486 1025 666 1078 locum
705 1036 882 1079 castra
929 1026 1019 1079 Dei
1051 1027 1346 1096 appellavit
1363 1026 1427 1078 ".
1478 1025 1560 1079 Ad
1598 1027 1713 1079 haec
1765 1027 2060 1081 mundatus

487 1117 756 1184 leprosus,
797 1125 983 1185 utpote
1026 1118 1154 1172 olim
1181 1117 1531 1186 justiﬁeatus,
1581 1125 1826 1185 tempore
1878 1133 2062 1171 resur-

486 1207 747 1261 rectionis
785 1209 954 1261 venit.
1006 1208 1059 1260 In
1115 1209 1270 1276 cujus
1307 1207 1554 1277 ﬁguram,
1598 1219 1844 1261 octavam
1892 1209 2058 1272 diem,

489 1299 628 1352 sicut
653 1298 907 1362 diximus,
957 1298 1237 1368 legislator
1295 1298 1528 1366 accepit.
1579 1296 1710 1362 Qure
1767 1307 1948 1351 autem
2005 1297 2061 1350 in

490 1399 678 1442 Octava
713 1388 798 1441 die
823 1389 903 1457 agi
935 1397 1201 1456 praecepta
1226 1396 1369 1448 sunt,
1398 1387 1688 1456 imaginem
1747 1387 1884 1454 ejus,
1919 1388 2064 1455 quod

492 1479 792 1531 secundum
827 1493 927 1531 nos
957 1486 1039 1531 est
1067 1477 1304 1547 mysterii
1333 1484 1546 1546 gerunt.
1578 1474 1842 1544 Prazcepit
1900 1477 2066 1544 siqui-

493 1569 616 1621 dem
653 1569 790 1621 duos
828 1584 994 1638 agnos
1029 1569 1402 1620 itnmaeulatos
1445 1567 1728 1620 anniculos
1785 1568 1948 1631 sumi,
2013 1576 2066 1621 tt

493 1674 652 1712 ovem
683 1659 988 1711 anniculam
1023 1659 1421 1712 immaculatam
1463 1674 1648 1721 unam,
1677 1674 1908 1727 quorum
1941 1660 2064 1727 qui-

2148 476 2215 528 ad
2259 474 2635 527 inﬁdelitatem
2677 471 2870 525 tendit.
2910 467 3016 522 Sed
3042 465 3410 535 quamobrem
3453 457 3792 512 sextarium

2151 567 2280 631 olei,
2318 566 2402 619 vel
2425 566 2656 635 cotylam
2688 562 2858 617 dixit?
2877 561 3002 629 quia
3031 559 3349 618 miseratus,
3383 552 3605 620 inquit,
3625 547 3794 601 Deu-

2153 659 2454 712 ltumanum
2483 671 2654 724 genus
2695 669 2818 707 cum
2862 652 2992 705 illud
3029 651 3096 704 ad
3120 647 3395 717 explenda
3427 644 3576 713 legis
3600 658 3788 710 opf'tzr

2154 749 2492 805 inﬁrmatum
2528 745 2778 805 vidisset,
2808 744 2919 812 jam
2963 758 3071 796 non
3105 757 3170 795 ex
3207 738 3488 808 operibus
3533 734 3792 788 saltare.

2157 840 2251 895 sed
2301 854 2399 908 per
2433 837 2662 907 gratiam
2699 835 2977 890 hominem
3038 832 3230 886 voluit.
3281 829 3489 883 Gratia
3525 842 3654 879 vero
3715 845 3788 874 ιιι

2157 929 2526 988 misericordia
2563 938 2726 998 atque
2783 924 3160 994 compassione
3215 921 3538 991 praebetur,
3573 927 3628 970 et
3667 919 3792 969 fide

2167 1022 2646 1094 romprehenditur
2687 1019 2823 1083 sola,
2857 1033 2965 1073 non
3009 1030 3076 1070 ex
3106 1014 3402 1084 operibus,
3472 1019 3541 1064 ut
3575 1009 3788 1062 Paulus

2159 1115 2292 1170 dicit
2321 1114 2388 1166 “.
2421 1110 2554 1166 Nam
2585 1111 2762 1182 gratia
2782 1110 2904 1178 jam
2933 1123 3036 1160 non
3067 1107 3166 1160 erit
3193 1105 3379 1175 gratia
3399 1103 3476 1155 ⁸³.
3513 1101 3615 1154 llis
3645 1119 3788 1168 εει-ευ

2160 1203 2430 1271 acceptis,
2469 1201 2535 1254 ad
2608 1200 2806 1254 ostium
2883 1195 3217 1250 tabernaculi
3287 1191 3644 1250 testimonii,
3710 1193 3783 1241 ad

2161 1293 2466 1362 ingressum
2503 1289 2758 1345 videlicet
2781 1289 3026 1342 scientia:
3047 1285 3141 1339 Dei
3177 1284 3275 1353 qui
3317 1283 3643 1336 Inundatus
3665 1292 3782 1338 est,

2161 1382 2467 1438 adducitur.
2498 1379 2766 1435 Sacerdos
2809 1386 2990 1432 autem
3047 1389 3274 1431 sumens
3327 1388 3555 1442 agnum
3611 1387 3784 1423 unum

2163 1492 2261 1545 pro
2291 1475 2491 1530 delicto
2526 1472 2789 1527 immolat.
2819 1470 2984 1539 Atqui
3017 1470 3061 1522 si
3085 1468 3154 1523 de
3182 1465 3471 1535 corporali
3522 1463 3782 1532 passion:

2163 1570 2307 1617 esset
2333 1561 2450 1615 haec
2485 1559 2714 1624 sanctio,
2776 1557 2918 1612 sicut
2947 1555 3276 1626 quibusdam
3336 1553 3605 1612 videtur,
3648 1551 3784 1620 quid

2163 1660 2280 1706 erat
2330 1665 2560 1704 necesse
2607 1662 2805 1720 agnum
2863 1663 2966 1717 pro
2995 1656 3220 1716 peccato
3289 1643 3641 1698 immolari?
3671 1643 3784 1694 Sed

494 1749 618 1801 dem
654 1764 820 1802 unum
855 1764 953 1817 pro
982 1758 1204 1817 peccato
1226 1788 1240 1811 ,
1288 1748 1450 1800 alium
1496 1756 1675 1801 autem
1714 1749 1766 1801 in
1801 1745 2061 1804 holocau.
2101 1727 2138 1779 Β
2165 1743 2290 1812 quia
2324 1741 2614 1796 adumbrat
2637 1749 2863 1810 propter
2885 1737 3255 1792 inﬁrmitatem
3272 1733 3624 1789 Judaaorum
3665 1749 3790 1800 my-

496 1845 639 1890 stum
670 1835 927 1905 praecepit
955 1835 1241 1890 immolari.
1266 1834 1456 1889 Omnia
1482 1843 1660 1889 autem
1689 1837 1806 1890 litec
1840 1836 2066 1907 ﬁguram

496 1934 694 1995 gerunt
739 1925 988 1979 sacriﬁcii
1031 1925 1344 1980 Salvatoris.
1377 1925 1496 1995 Ipse
1524 1925 1668 1978 cnim
1702 1937 1923 1996 propter
1969 1944 2068 1982 no-

495 2024 607 2068 stra
638 2024 860 2084 peccata
889 2023 943 2068 et
977 2015 1196 2075 delicta,
1237 2015 1414 2068 hostia
1464 2014 1578 2084 ipse
1608 2016 1662 2069 in
1692 2017 2066 2071 holocaustum

495 2105 618 2160 fuit.
654 2105 728 2159 Ex
769 2115 996 2174 utroque
1044 2115 1224 2159 autem
1272 2121 1470 2175 genere
1524 2116 1809 2176 propterea
1864 2109 2070 2162 sacriﬁ-

495 2195 640 2248 cium
671 2194 852 2248 oﬁ'erri
901 2196 1179 2266 praecepit,
1233 2205 1290 2249 ut
1326 2196 1637 2251 ostenderet
1664 2198 1790 2266 quia
1820 2197 2069 2253 Christus

495 2302 596 2355 pro
639 2287 797 2340 nobis
833 2287 1084 2348 occisus,
1137 2286 1300 2341 simul
1347 2289 1646 2341 masculum
1705 2288 2070 2359 feminamque

494 2377 747 2432 salvabit.
781 2376 900 2432 Non
936 2378 1138 2432 frustra
1169 2387 1350 2431 autem
1375 2379 1685 2448 agniculum
1733 2379 1786 2433 in
1842 2390 2070 2450 utroque

495 2467 774 2536 praecepit,
811 2467 906 2521 sed
937 2467 1239 2536 perfectum
1268 2483 1363 2536 per
1383 2469 1486 2522 hoc
1517 2469 1840 2523 sacriﬁcium
1877 2471 2071 2540 ﬁgura-

495 2557 594 2618 vit,
625 2557 781 2625 cujus
809 2556 1081 2618 sacriﬁcii,
1124 2557 1264 2610 sicut
1295 2558 1496 2611 dictum
1547 2567 1650 2621 est,
1701 2559 1802 2613 ista
1844 2560 2070 2630 ﬁguram

498 2654 729 2715 gerunt;
765 2645 1006 2715 perfecta
1030 2648 1176 2700 enim
1215 2647 1268 2700 itt
1299 2649 1570 2716 praedictis
1599 2651 1927 2706 animalibus
1945 2661 2072 2706 sunt

498 2737 752 2791 annicula
782 2739 1058 2802 animalia,
1092 2741 1163 2792 ita
1186 2745 1245 2792 ut
1269 2747 1321 2793 et
1341 2740 1406 2795 ad
1442 2740 1578 2796 ﬁlios
1601 2745 1938 2813 generandos
1963 2737 2073 2800 sint

497 2829 720 2883 idonea.
753 2829 859 2883 Sed
890 2830 1016 2898 quia
1053 2847 1176 2884 cttm
1209 2832 1298 2900 qui
1333 2834 1643 2896 mundatur,
1678 2850 1842 2904 super
1870 2836 2072 2890 sacriﬁ-

499 2921 646 2974 cium
671 2919 944 2990 Unigeniti
985 2921 1148 2974 etiam
1187 2922 1290 2976 ﬁde
1342 2923 1505 2978 totius
1554 2923 1836 2978 Trinitatis
1871 2924 2071 2994 signari

2168 1833 2356 1899 steria,
2383 1844 2551 1902 atque
2604 1831 2902 1902 spiritalem
2962 1828 3298 1883 intellectum
3356 1825 3670 1880 abscondit
3729 1826 3782 1877 in

2169 1928 2347 1981 littera
2367 1967 2382 1991 ,
2416 1927 2495 1980 sic
2528 1925 2692 1980 etiam
2719 1925 2813 1978 dat
2844 1923 3108 1993 quasdam
3152 1920 3498 1976 occasiones
3530 1929 3788 1972 conten:-

2170 2016 2425 2087 plationis
2477 2031 2575 2085 per
2628 2015 2886 2076 litteram,
2932 2019 2990 2067 et
3049 2010 3215 2065 verba
3268 2024 3401 2079 qua
3461 2007 3782 2077 signiﬁcent

2169 2110 2505 2166 intellectum
2559 2109 2806 2179 spiritus.
2840 2107 2993 2162 Unde
3052 2116 3108 2160 et
3178 2117 3329 2159 nunc
3382 2119 3521 2158 eum
3583 2115 3784 2173 agnum

2170 2219 2337 2257 unum
2369 2219 2467 2272 pro
2520 2209 2744 2272 peccato
2793 2198 3140 2270 praecepisset
3198 2195 3506 2258 immolari,
3561 2196 3782 2264 qualem

2171 2310 2280 2348 non
2319 2294 2469 2357 dicit,
2497 2295 2622 2363 quia
2662 2293 2778 2361 ipse
2811 2300 2898 2345 est
2934 2290 3122 2360 procul
3149 2289 3320 2342 dubio
3347 2297 3470 2341 tam
3530 2303 3638 2357 pro
3685 2287 3784 2340 de-

2172 2385 2321 2448 licto,
2349 2401 2509 2454 quam
2542 2383 2688 2438 illius
2721 2383 2878 2451 cujus
2909 2396 3074 2435 aures
3101 2395 3132 2434 a
3160 2380 3312 2448 lepra
3345 2379 3779 2433 detinebantur.

2174 2479 2399 2545 Propter
2435 2475 2564 2544 quid
2597 2489 2727 2542 ergo
2757 2475 2837 2528 sic
2885 2472 3034 2533 facit,
3070 2471 3174 2525 nisi
3217 2471 3358 2524 forte
3391 2479 3458 2522 nt
3517 2470 3780 2523 auditum

2173 2565 2402 2630 muniat,
2436 2573 2492 2619 et
2539 2573 2760 2619 cautum
2821 2561 3054 2616 reddat?
3097 2560 3237 2625 Quia
3287 2560 3406 2629 ipse
3453 2575 3486 2612 a
3539 2562 3780 2613 dracone

2173 2657 2452 2719 seductus,
2490 2664 2774 2726 peccatum
2805 2662 2866 2707 ut
2889 2652 3124 2707 seduxit.
3158 2651 3264 2704 Per
3285 2652 3553 2705 actiones
3599 2660 3780 2704 autem

2173 2764 2395 2803 manum
2431 2747 2723 2817 signiﬁcat,
2775 2759 2872 2814 per
2900 2745 3094 2813 pedem
3132 2758 3263 2796 vero
3306 2759 3511 2795 omnes
3551 2757 3778 2794 nostros

2175 2849 2354 2894 motus
2413 2848 2467 2893 et
2496 2838 2612 2892 vias
2633 2835 3104 2905 comprehendere
3156 2843 3213 2888 et
3241 2831 3554 2900 praevenire
3589 2831 3781 2884 voluit.

2175 2932 2273 2986 His
2305 2929 2449 2984 enim
2504 2927 2818 2992 custoditis,
2863 2941 2958 2996 per
3015 2925 3336 2995 sanguinem
3408 2923 3783 2993 intelligibdis

500 3019 734 3078 oportet,
766 3020 878 3066 tres
930 3013 1169 3066 decimas
1216 3014 1430 3077 similte,
1501 3014 1554 3067 id
1613 3024 1695 3070 est
1750 3015 2070 3069 Trinitatem
2102 3059 2143 3115 ϐ
2176 3021 2321 3092 agni,
2377 3029 2428 3074 et
2487 3020 2650 3074 ﬁdem
2673 3033 2797 3088 qua:
2849 3019 2906 3072 itt
2967 3033 3090 3071 eum
3131 3025 3233 3078 est,
3264 3030 3388 3086 qua:
3453 3016 3632 3069 nobis
3696 3030 3781 3084 per

503 3104 700 3168 Patris,
751 3111 804 3157 ct
848 3102 991 3168 Filii,
1044 3111 1098 3158 et
1147 3105 1315 3159 sancti
1372 3105 1626 3174 Spiritus,
1681 3107 1969 3160 habentem
2021 3108 2075 3160 itt

503 3209 826 3264 unaquaque
866 3210 1098 3264 persoaa
1123 3196 1534 3265 perfectionem.
1563 3197 1846 3252 Perfectus
1875 3199 2078 3268 quippe

504 3293 592 3340 est
627 3286 882 3340 denarius
922 3303 1204 3350 numerus,
1262 3298 1484 3359 propter
1527 3291 1672 3359 quod
1716 3301 1769 3345 et
1817 3290 2078 3346 Dominus

503 3377 754 3431 dicebat:
809 3376 996 3430 Simile
1029 3390 1101 3432 est
1135 3396 1354 3450 regnum
1400 3382 1650 3435 caelorum
1699 3383 1927 3449 mulieri,
1965 3401 2080 3455 quae

503 3469 765 3538 accipiens
805 3471 1114 3534 fermentum
1147 3471 1415 3526 abscondit
1464 3475 1519 3527 in
1563 3475 1753 3544 farina:
1799 3476 1901 3528 tria
1930 3486 2079 3542 sata,

505 3575 668 3620 usque
695 3560 819 3612 dum
876 3562 1378 3630 perfermentaretur
1407 3565 1661 3618 totum”.
1713 3567 1867 3620 Sumi
1899 3576 2079 3621 autem

507 3649 625 3703 htec
661 3665 957 3719 conSpersa
992 3653 1115 3706 oleo
1160 3653 1214 3706 in
1268 3655 1592 3708 sacriﬁcium
1621 3656 1812 3725 jubet:
1870 3659 2080 3712 sacriﬁ-

506 3741 651 3795 cium
688 3749 867 3795 autent
900 3742 1030 3797 dicit
1058 3743 1352 3815 Unigeniti,
1398 3747 1541 3816 quod
1577 3747 1630 3801 in
1665 3748 1788 3803 oleo
1826 3766 2081 3820 consper-

507 3848 628 3887 sum
659 3841 760 3898 cst,
795 3833 922 3903 quia
977 3835 1047 3889 ob
1091 3839 1522 3908 eompassionem
1580 3852 1822 3896 nostram
1870 3853 2082 3913 gestum

507 3932 608 3977 est.
647 3925 752 3978 Sed
779 3924 1050 3995 quomodo
1081 3929 1383 3986 dicimusin
1421 3947 1487 3987 eo
1514 3941 1626 3989 tres
1655 3933 1842 3989 oﬂ‘erri
1894 3935 2084 3989 similae

509 4014 556 4068 da
580 4015 782 4069 cimas?
817 4015 926 4071 Aut
962 4019 1086 4088 quia
1116 4020 1220 4075 etsi
1284 4022 1563 4095 Unigeniti
1591 4026 1868 4094 passione,
1901 4035 2083 4080 tamen

512 4107 678 4161 totius
702 4107 1006 4176 Trinitatis,
1044 4112 1148 4167 hoc
1186 4115 1329 4182 quod
1355 4130 1417 4169 ex
1467 4117 1559 4171 illo
1587 4117 1856 4174 sacriﬁcio
1901 4128 2083 4173 actum

509 4205 616 4256 est.
653 4199 968 4268 mysterium
1007 4200 1128 4254 fuit.
1170 4202 1228 4254 In
1259 4204 1480 4258 nomine
1509 4205 1652 4260 enim
1684 4207 1880 4271 Patris,
1922 4218 2085 4277 atque

511 4285 680 4355 ipsius
715 4290 976 4360 unigeniti
1012 4289 1128 4343 Filii
1175 4301 1228 4345 et
1279 4296 1450 4349 sancti
1483 4296 1719 4364 Spiritus
1749 4301 1913 4352 etiam
1947 4301 2082 4370 bap-

2180 3111 2610 3166 misericordiam
2661 3119 2716 3165 et
2770 3109 3203 3178 compassionem
3255 3107 3378 3176 ejus
3434 3107 3655 3160 donata
3709 3116 3781 3159 est

2181 3189 2536 3274 intelligibilis
2588 3203 2738 3272 lepra
2810 3217 3154 3271 nequaquam
3219 3199 3430 3268 poterit
3492 3199 3777 3252 hominem

2183 3307 2493 3365 penetrare,
2529 3309 2844 3363 quanquam
2887 3300 2944 3347 ct
2975 3293 3158 3346 oleum
3191 3290 3443 3354 sextarii,
3477 3306 3582 3344 seu
3638 3300 3780 3359 coty-

2175 3388 2260 3452 ιω,
2315 3403 2478 3456 quam
2519 3402 2640 3440 esse
2697 3386 2860 3440 ﬁdem
2917 3385 3150 3438 dicimus
3183 3425 3198 3448 ,
3238 3382 3292 3435 in
3338 3398 3511 3436 manu
3561 3383 3777 3436 mittere

2182 3464 2522 3533 sacerdotem
2553 3477 2688 3536 vult.
2736 3485 2797 3530 ut
2842 3474 3144 3529 sacerdotis
3193 3472 3347 3533 ﬁdes,
3375 3487 3482 3541 per
3521 3488 3695 3542 quam
3730 3481 3776 3524 et

2182 3585 2286 3625 nos
2311 3568 2644 3638 proﬁcimus,
2697 3569 2750 3621 in
2780 3568 3044 3636 operibus
3075 3565 3418 3620 ostendatur.
3473 3563 3591 3618 Nec
3639 3566 3772 3618 enim

2180 3661 2337 3716 aliter
2357 3661 2464 3716 vim
2490 3675 2645 3714 suam
2669 3661 2896 3722 exserit,
2925 3658 3032 3712 nisi
3062 3672 3258 3711 manus
3278 3666 3568 3725 assumpta
3592 3656 3770 3710 fuerit.

2183 3752 2239 3806 id
2283 3758 2370 3805 est
2423 3750 2640 3804 actione
2700 3747 3046 3816 conﬁrmata,
3105 3756 3160 3802 et
3217 3748 3432 3817 signata
3493 3747 3766 3814 operibus.

2184 3843 2345 3896 Mittit
2375 3851 2556 3896 autem
2583 3841 2766 3896 oleum
2797 3841 2850 3894 itt
2883 3841 3163 3896 sinistram
3193 3855 3443 3903 manum,
3475 3849 3536 3892 et
3560 3838 3771 3908 intingit

2183 3935 2410 4006 digitum
2437 3934 2690 3989 dextrum
2727 3933 2782 3988 in
2809 3934 2932 3989 oleo
2963 3935 3108 3989 sicut
3135 3934 3209 3987 ait
3233 3932 3464 3986 Paulus:
3497 3931 3604 3985 Per
3627 3949 3767 3984 arma

2177 4025 2402 4095 justitiar
2471 4042 2505 4078 a
2543 4025 2744 4079 dextris
2802 4033 2866 4079 et.
2899 4041 2932 4078 a
2983 4025 3247 4085 sinistris,
3296 4034 3646 4075 conversatus
3695 4039 3769 4090 per

2185 4117 2409 4188 gloriam
2459 4126 2508 4171 ct
2561 4116 2975 4186 ignobilitatem,
3026 4133 3119 4184 per
3171 4115 3454 4184 infantiam
3492 4123 3545 4166 ct
3592 4115 3764 4167 bonast

2187 4210 2388 4278 famam
2410 4207 2455 4240 ’⁵⁸
2479 4246 2495 4271 .
2534 4217 2592 4262 et
2615 4224 2738 4277 quae
2768 4208 2857 4262 his
2894 4207 3095 4262 similia
3126 4217 3274 4261 sunt.
3739 4270 3744 4273 _

2260 4301 2401 4355 Tunc
2430 4311 2670 4371 asperge!
2697 4303 2888 4370 septies
2917 4310 3101 4354 contra
3140 4299 3449 4354 Dominum.
3491 4299 3762 4354 Pmsuntit

511 4379 671 4431 tisma
728 4379 926 4448 agitur,
957 4378 1010 4431 in
1041 4395 1148 4447 quo
1179 4380 1233 4433 in
1262 4393 1434 4437 morte
1464 4384 1666 4439 Christi
1717 4388 2076 4456 baptizamur,
2113 4400 2157 4455 Ι)
2187 4391 2334 4446 enim
2366 4390 2492 4445 talis
2520 4391 2776 4445 sacerdos
2825 4390 2966 4459 apud
3024 4389 3218 4452 Deum,
3250 4388 3474 4458 quando
3514 4389 3763 4442 mundare

512 4476 566 4520 et
607 4475 777 4520 totum
837 4469 1012 4538 ipsum
1073 4472 1381 4542 mysterium
1453 4477 1505 4529 in
1561 4494 1626 4531 eo
1677 4482 2076 4536 sanetiﬁratur.

516 4557 778 4625 Praecepit
806 4568 988 4613 autem
1028 4571 1082 4615 et
1133 4567 1425 4622 sextarium
1456 4571 1562 4625 olei
1602 4571 1765 4637 sumi,
1795 4573 1922 4640 quia
1977 4574 2082 4628 ﬁde

511 4647 855 4718 intelligitur,
889 4664 943 4710 et
999 4655 1176 4723 agitur
1241 4663 1669 4733 unumquodque
1721 4680 1910 4720 eorum
1964 4682 2084 4735 qua:

511 4738 768 4806 praedicta
799 4750 945 4795 sunt.
973 4742 1102 4809 Qua:
1124 4746 1270 4816 juste
1301 4755 1569 4809 sextarius
1593 4756 1933 4817 nominatur,
1957 4759 2082 4828 quia

510 4830 963 4898 quemadmodum
991 4839 1257 4895 sextarius
1311 4860 1564 4901 mensura
1601 4855 1706 4906 est.
1741 4848 1822 4902 vel
1847 4849 1892 4903 si
1935 4859 2085 4921 coty-

512 4923 616 4978 lam
692 4928 991 4984 secundum
1054 4932 1195 4988 LXX
1247 4937 1509 5005 dicamus,
1577 4943 1768 4996 eadem
1826 4959 2082 4998 mensura

515 5017 941 5092 uniuscujusque
979 5023 1158 5080 minus
1191 5037 1244 5082 et
1277 5030 1393 5098 plus
1416 5049 1522 5086 non
1553 5035 1714 5103 capit.
1753 5036 1906 5100 Quod
1937 5038 2084 5091 enim

515 5105 636 5175 plus
666 5117 770 5172 est,
818 5111 1132 5179 effunditur,
1164 5117 1344 5173 minus
1387 5129 1571 5177 autem
1631 5132 1921 5193 propterea
1973 5141 2082 5180 non

516 5200 763 5268 suscipit,
799 5202 924 5269 quia
959 5204 1061 5259 hoc
1088 5208 1230 5275 quod
1262 5211 1530 5268 minuitur
1580 5231 1921 5286 nequaquam
1970 5218 2082 5288 jam

518 5291 807 5356 sextarius,
833 5293 917 5346 vcl
949 5297 1120 5366 cotyla
1171 5303 1367 5369 poterit
1397 5306 1676 5374 appellari.
1726 5306 1814 5361 Sic
1845 5318 1899 5361 et
1951 5309 2084 5365 ﬁdes

521 5378 587 5430 ad
627 5384 826 5436 mentis
855 5397 1054 5440 nostra:
1087 5406 1394 5448 mensuram
1422 5397 1600 5458 datttr,
1643 5415 1762 5468 qtae
1795 5417 1900 5454 non
1943 5405 2085 5470 capit
2129 5407 2145 5418 '

523 5471 753 5537 amplius
783 5483 875 5527 aut
923 5477 1101 5532 minus
1131 5496 1288 5550 quam
1321 5485 1611 5555 unicuique
1637 5502 1664 5540 a
1709 5486 1817 5542 Deo
1847 5500 1926 5542 cst
1976 5490 2088 5545 dis-

1105 5693 1114 5702 .
1191 5655 1234 5687 ⁵³
1266 5655 1392 5711 Luc.
1423 5675 1540 5724 xttt,
1572 5660 1659 5715 2|.

1745 5662 1784 5693 "‘
1813 5661 1972 5716 Rom.
2008 5676 2089 5728 ttt,
2117 5661 2302 5716 9.0-22.

2183 4497 2277 4536 eos
2297 4480 2390 4551 qui
2421 4479 2804 4534 necessitatem
2829 4480 3130 4548 patiuntur,
3155 4487 3211 4532 et
3235 4477 3514 4532 dimittere
3540 4477 3626 4530 eis
3651 4489 3760 4545 pec-

2183 4584 2304 4629 cata
2350 4573 2611 4643 potuerit.
2662 4570 2892 4641 Propter
2920 4571 3066 4640 quod
3110 4569 3314 4640 septies
3344 4569 3612 4638 aspergit,
3655 4566 3758 4636 quia

2185 4678 2450 4717 numerus
2477 4663 2578 4717 iste
2620 4661 2872 4714 remissio
2904 4669 3256 4730 peccatorum
3284 4673 3408 4712 esse
3441 4657 3764 4710 demonstra-

2187 4765 2275 4810 tus
2297 4765 2401 4810 est.
2440 4755 2545 4810 Sed
2587 4762 2871 4824 postquam
2928 4753 3131 4807 fuderit
3172 4767 3340 4822 super
3367 4760 3617 4804 extrema
3649 4752 3760 4803 det-

2189 4858 2394 4904 trarum
2445 4847 2838 4910 auricularum,
2872 4854 2930 4900 et
2969 4861 3134 4915 super
3187 4844 3412 4914 pollices
3471 4855 3762 4905 manus,ac

2190 4939 2342 5008 pedis
2355 4937 2553 5004 dextri,
2575 4938 2876 4993 secundum
2893 4938 3039 5007 quod
3053 4952 3214 5007 supra
3229 4936 3488 4998 diximus,
3508 4935 3761 5002 reliquum

2186 5028 2291 5082 olei
2333 5029 2386 5082 in
2423 5039 2588 5099 caput
2617 5030 2797 5084 fundit
2820 5031 2940 5097 ejus
2963 5030 3054 5099 qui
3080 5039 3306 5085 vocatus
3335 5039 3419 5084 est
3464 5038 3523 5082 ut
3551 5028 3761 5081 munda-

2189 5131 2367 5178 retur:
2407 5139 2505 5193 per
2551 5133 2716 5192 caput
2765 5123 3255 5178 sattctiﬁcationcm
3304 5122 3453 5177 omni
3512 5132 3756 5190 praestans

2191 5213 2438 5283 corpori,
2496 5213 2877 5282 christumque
2938 5211 3150 5267 Domini
3181 5227 3304 5266 eum
3344 5212 3434 5280 qui
3478 5211 3754 5264 mundatus

2192 5315 2298 5369 est,
2332 5320 2427 5373 per
2456 5304 2598 5358 hanc
2649 5305 2965 5358 unctionem
3017 5304 3284 5358 efﬁciens.
3337 5302 3517 5366 Tunc,
3574 5303 3750 5372 inquit.

2195 5411 2295 5464 pro
2338 5404 2560 5462 pet-culo
2597 5385 2922 5448 sacriﬁcium
2961 5396 3190 5448 oﬁ'crtttr
3225 5414 3237 5447 :
3295 5396 3527 5462 qualiter
3567 5405 3748 5450 autem.

2196 5502 2307 5539 non
2339 5486 2491 5545 dicit,
2529 5502 2588 5538 ex
2635 5486 2881 5540 hisenim
2912 5501 3030 5556 qua:
3062 5487 3129 5540 de
3157 5487 3370 5540 delictis
3426 5485 3570 5540 dicta
3625 5493 3744 5538 sunt.

2396 5662 2436 5694 ⁵⁸
2470 5662 2625 5716 llum.
2658 5679 2727 5726 χι,
2759 5663 2809 5716 6.
2891 5664 2930 5694 ⁵⁵
2969 5663 3010 5718 ll
3044 5663 3166 5718 Cur.
3202 5679 3275 5728 vt,
3319 5661 3372 5729 7,
3397 5664 3448 5718 8.
