3886 6306
511 269 616 335 959

1688 263 2044 324 H-ESYCHll
2087 257 2555 320 PRESBYTER!

508 382 637 455 agni
669 380 992 439 sacrificium
1023 381 1177 438 omni
1200 377 1435 434 carentis
1457 375 1689 435 macula,
1717 382 1879 443 atque
1913 387 2077 441 prop-
2107 380 2152 434 Α
2252 365 2549 434 Quijuvari
2577 361 2870 425 desiderat,
2907 367 3098 414 sancta
3121 357 3390 455 spiritalia
3432 353 3824 455 negligenter

515 485 667 528 terea
697 473 1067 527 innocentiam
1108 473 1350 542 signans.
1380 466 1481 521 Sed
1502 467 1559 518 in
1587 464 1697 532 lege
1739 463 1953 516 Domini
1981 461 2079 530 fuit

515 558 760 613 voluntas
788 559 992 628 ejus":
1029 558 1171 611 illius
1216 553 1468 609 videlicet
1494 553 1584 622 qui
1615 549 1871 604 mundam
1919 546 2082 600 habet

515 649 824 712 scientiam,
864 663 960 718 per
989 645 1504 715 contemplationem
1534 639 1903 696 innocentium
1935 637 2084 706 cogi-

519 738 783 793 talionum
819 737 1004 806 quales
1028 737 1289 804 quosdam
1325 732 1524 786 Paulus
1565 729 1734 784 dicit:
1767 726 1957 798 Legem
1983 740 2086 778 non

518 824 784 888 habentes,
809 833 857 877 et
882 838 1039 890 opera
1059 821 1186 891 legis
1211 820 1406 887 scripta
1437 819 1489 870 in
1507 816 1744 871 cordibus
1762 815 1872 868 suis
1887 813 1961 878 ¹³;
1986 826 2086 882 per

521 916 892 985 disciplinatas
940 922 1230 981 castusque
1256 909 1608 980 cogitationes
1629 907 2087 970 demonstrantes,

521 1005 695 1076 qualis
755 1002 1155 1073 quodammodo
1225 1010 1310 1054 est
1360 999 1583 1054 turturis
1649 995 1870 1052 oblatio.
1935 993 2090 1048 Unde

503 1097 889 1169 -cognitionem
915 1095 1132 1150 animali
1157 1093 1272 1162 ipse
1303 1092 1398 1148 Dei
1428 1090 1649 1161 spiritus
1677 1104 1774 1158 per
1799 1086 2090 1143 Jcremiam

520 1186 846 1257 prophetam
878 1185 1056 1239 inesse
1082 1193 1313 1238 testatus
1342 1190 1426 1238 est
1458 1199 1471 1234 :
1504 1181 1698 1235 Turtur
1719 1221 1734 1247 ,
1764 1188 1813 1234 et
1843 1178 2090 1243 hirundo,

524 1287 575 1331 et
607 1278 834 1338 ciconia,
872 1276 1224 1330 custodierunt
1275 1284 1474 1342 tempus
1503 1274 1753 1326 adventus
1801 1272 1906 1334 sui;
1935 1285 2096 1340 popu-

528 1363 610 1417 lus
633 1374 818 1416 autem
830 1379 972 1416 meus
989 1379 1091 1415 non
1117 1363 1354 1432 cognouit
1371 1362 1633 1430 judicium
1662 1359 1871 1415 Domini
1884 1361 1930 1394 "'
1947 1397 1964 1414 .
1988 1357 2093 1415 Sed

525 1456 660 1525 quid
691 1455 855 1509 David
908 1453 1232 1522 supradictis
1257 1451 1498 1507 addidit?
1546 1450 1613 1505 Et
1645 1451 1698 1510 in
1745 1451 1853 1520 lege
1885 1449 2098 1504 Domini

531 1542 634 1607 fuit
667 1540 908 1594 uoluntas
936 1540 1075 1608 ejus,
1104 1549 1153 1594 et
1182 1541 1238 1592 in
1279 1539 1387 1608 lege
1409 1538 1522 1614 ejus
1552 1538 1888 1592 meditabitur
1929 1538 2012 1591 die
2034 1553 2098 1590 ac

531 1632 746 1686 nocte"
765 1671 778 1684 .
812 1630 954 1684 Huic
985 1645 1364 1700 comparamus
1391 1629 1718 1693 columbam,
1750 1642 1912 1697 quam
1941 1627 2096 1697 quasi

2183 458 2436 512 meditari
2458 472 2565 509 non
2597 454 2780 516 debet,
2812 468 2873 505 ea
2899 467 3020 520 quae
3068 451 3303 504 maxime
3342 447 3821 515 circuusspirere

2183 550 2232 605 ei
2263 562 2490 603 necesse
2515 556 2618 610 est,
2655 545 2708 598 in
2737 545 2936 614 quibus
2977 542 3181 596 inimici
3244 540 3612 608 indoctique
3647 538 3822 592 οπρε-

2184 641 2341 696 dunt.
2381 638 2518 692 Nam
2551 652 2680 691 ecce
2712 635 2930 704 quidam
2979 634 3033 686 in
3091 647 3266 701 nuper
3285 631 3436 686 lecta
3505 631 3665 699 lege
3732 629 3823 681 hoc

2186 728 2619 799 reprehendunt,
2642 726 2789 794 quia,
2823 723 3124 779 secundum
3151 721 3294 791 quod
3327 719 3485 774 LXX
3517 728 3824 774 asserunt.

2186 820 2358 876 Deum
2389 819 2662 873 dicentem
2704 816 2912 886 Moyses
2938 813 3272 868 introduxit:
3304 811 3472 866 Dabo
3527 810 3824 865 male:

2190 907 2350 976 lepra:
2375 907 2432 960 in
2450 906 2686 960 domibus
2705 905 2907 967 vestris,
2939 905 2994 956 in
3021 914 3161 956 terra
3185 903 3587 972 promissionis
3613 910 3820 954 vestra.

2191 999 2453 1064 Putasne,
2475 997 2637 1061 Deus,
2669 997 2944 1065 inquiunt,
2976 995 3184 1050 inducit
3212 994 3358 1047 mala
3377 994 3402 1046 2
3431 993 3697 1058 Quibus
3743 1007 3822 1045 re-

2195 1089 2552 1162 spondemus,
2577 1090 2753 1144 Etiam
2780 1105 2794 1141 :
2819 1089 2912 1141 sed
2937 1103 3039 1141 nec
3063 1086 3240 1157 turpia
3259 1095 3398 1141 sunt
3415 1100 3540 1138 nec
3562 1085 3750 1144 mala,
3766 1100 3820 1135 es

2193 1196 2318 1252 quae
2334 1179 2577 1251 allligunt
2611 1180 2677 1232 ad
2724 1179 3109 1232 eruditionem.
3143 1193 3240 1232 seu
3282 1191 3459 1245 paena
3495 1189 3621 1243 pro
3669 1173 3820 1242 jura-

2195 1273 2344 1329 mine
2371 1272 2684 1336 constituta,
2722 1271 2888 1325 veluti
2929 1270 3118 1333 tantes,
3154 1280 3313 1323 terra:
3338 1278 3573 1328 motus,
3637 1266 3819 1319 hiatus

2197 1373 2376 1430 terrae,
2417 1369 2716 1432 tempestas
2756 1362 2942 1422 maris,
2962 1361 3162 1415 bellum
3189 1368 3358 1428 atque
3391 1358 3646 1414 similia.
3686 1358 3819 1410 sicut

2193 1462 2254 1509 ct
2288 1454 2403 1524 ipse
2434 1468 2532 1524 per
2552 1454 2872 1523 prophetam
2923 1452 3088 1505 dicit:
3123 1450 3232 1521 Ego
3268 1448 3581 1510 Dominus,
3622 1457 3680 1499 et
3723 1462 3815 1497 non

2198 1553 2274 1598 est
2291 1543 2450 1608 alius,
2483 1545 2718 1614 formans
2757 1542 2946 1606 lucent,
2969 1551 3018 1594 et
3047 1556 3231 1593 creans
3269 1539 3557 1602 tenebras,
3620 1536 3817 1604 facias

2199 1650 2404 1702 pacem,
2431 1645 2480 1688 et
2505 1650 2687 1688 creans
2721 1633 2954 1686 mala".
3014 1631 3223 1696 Quibus
3277 1629 3496 1682 similia
3558 1636 3630 1680 et
3687 1625 3815 1678 alta

521 1721 836 1777 meditandi
887 1722 996 1776 vim
1047 1721 1251 1776 habere
1299 1718 1466 1774 Isaias
1521 1720 1784 1789 propheta
1833 1719 2096 1795 dicit,lait
2200 1725 2462 1794 propheta
2489 1724 2655 1778 dicit:
2703 1721 2838 1787 Quia
2891 1721 3264 1776 descenderunt
3287 1718 3450 1773 mala
3489 1735 3529 1771 α
3581 1717 3814 1770 nomine

530 1811 712 1866 enim:
743 1809 888 1865 Sicut
907 1808 1081 1878 pullus
1107 1809 1426 1873 hirundinis,
1471 1808 1546 1861 sic
1574 1807 1840 1872 clamabo;
1869 1807 2096 1864 medita-

534 1895 630 1956 bar
649 1910 704 1956 ut
725 1901 961 1956 columba
978 1901 1023 1934 "
1041 1939 1055 1952 .
1087 1897 1300 1954 Invenit
1326 1914 1452 1970 ergo
1503 1898 1774 1969 legislator
1801 1899 1964 1965 viam,
2002 1914 2100 1969 per

531 2007 700 2062 quam
730 1999 786 2047 et
812 1990 1090 2046 inﬁrmum
1113 1989 1380 2045 mundare
1401 1987 1514 2044 Deo
1531 2003 1653 2060 quae
1675 1987 1848 2059 possit
1876 1988 2096 2049 etl'erre.

535 2081 606 2139 Et
633 2091 922 2153 propterea
950 2081 1085 2152 legis
1127 2081 1290 2153 hujus
1325 2081 1714 2150 subsequentia
1761 2095 1874 2134 non
1901 2081 2098 2136 immu-

536 2172 693 2239 tavit,
722 2171 1017 2228 ostendens
1053 2170 1200 2240 quia,
1254 2170 1361 2226 etsi
1396 2183 1590 2224 manus
1621 2169 1942 2240 cuiusquam
1987 2184 2100 2225 non

536 2262 784 2319 inveniat
819 2261 924 2318 hoc
963 2260 1109 2332 quod
1145 2259 1475 2330 pauitantia:
1519 2258 1752 2315 intentio
1803 2261 2102 2316 secundum

534 2353 768 2426 primam
802 2352 1066 2409 rationem
1088 2351 1274 2421 exigit,
1300 2349 1598 2420 ignoscitur
1623 2350 1843 2420 quidem
1861 2351 1934 2415 ei,
1964 2351 2104 2407 sicut

537 2459 607 2502 ex
654 2445 971 2500 inﬁrmitate
1027 2440 1288 2513 patienti:
1349 2440 1608 2512 prmeepit
1651 2449 1830 2495 tamen
1868 2457 1991 2512 quae
2029 2441 2104 2498 illi

533 2535 786 2589 eamdem
808 2533 1276 2596 emundatiouem,
1300 2535 1656 2604 eamdemque
1688 2534 2015 2591 oblationem
2037 2533 2108 2589 ad

542 2625 712 2680 Deum
745 2624 1035 2696 proﬂigare
1084 2625 1315 2695 possint.
1370 2624 1499 2680 Post
1534 2625 1650 2680 haec
1688 2626 1756 2681 ad
1784 2625 1945 2682 aliam
1995 2626 2109 2683 dis-

541 2715 944 2784 peusationem,
980 2713 1158 2769 eidem
1189 2713 1429 2768 materia:
1459 2714 1846 2782 cohaerentem,
1893 2713 2104 2772 transit.

621 2800 782 2856 Vens.
810 2802 1003 2857 33-47.
1052 2820 1071 2854 ι
1107 2801 1348 2858 Locutus
1377 2810 1462 2856 est
1497 2801 1758 2858 Dominus
1787 2805 1854 2860 ad
1890 2805 2109 2876 Moysen

539 2901 598 2949 et
631 2895 807 2948 Aaron
836 2892 1060 2964 dicens:
1099 2891 1237 2948 Cum
1279 2892 1507 2964 ingressi
1566 2891 1780 2948 fueritis
1808 2893 1862 2948 in
1910 2903 2110 2950 terram

2199 1811 2256 1863 in
2277 1821 2490 1880 portant
2533 1809 2852 1874 Jerusalem,
2884 1807 3164 1872 tumultus,
3205 1807 3502 1877 quadriga:
3552 1806 3808 1871 stuporis.

2200 1899 2464 1955 habitanti
2493 1899 2682 1954 Lachis
2696 1899 2774 1953 ⁵⁸.
2825 1897 2934 1954 Sed
2961 1906 3016 1953 et
3051 1897 3320 1968 propheta
3371 1897 3567 1950 Amos
3609 1895 3728 1948 ait:
3763 1892 3812 1948 Si

2202 2000 2278 2046 est
2300 1990 2502 2045 malum
2517 1991 2574 2044 in
2599 1991 2826 2055 civitate,
2852 1990 2989 2060 quod
3012 1989 3266 2042 Dominus
3292 2004 3406 2041 non
3431 1989 3568 2058 fecit
3581 1985 3810 2052 "201::

2201 2083 2424 2153 quidem
2454 2081 2618 2146 Deus,
2646 2097 2756 2137 non
2780 2091 2840 2136 ut
2876 2090 3092 2146 noceat,
3124 2080 3342 2152 ingerit,
3409 2079 3520 2134 sed
3557 2088 3628 2133 ut
3663 2078 3812 2130 valde

2196 2173 2354 2244 iuvet
2382 2173 2695 2231 hominem:
2719 2173 2954 2228 amictus
2978 2172 3178 2243 quippe
3226 2171 3594 2237 humiliatur,
3631 2169 3807 2224 bui-

2204 2266 2371 2322 liatus
2409 2276 2593 2322 autem
2651 2266 2824 2320 currit
2875 2266 2943 2319 ad
2987 2279 3112 2318 eum
3161 2263 3252 2331 qui
3301 2262 3534 2333 erigere
3592 2270 3808 2332 potest,

2207 2356 2448 2428 dicitque
2478 2372 2604 2412 cum
2638 2354 2838 2410 David:
2883 2353 3089 2408 Bonum
3115 2355 3263 2418 mihi,
3301 2354 3453 2422 quod
3507 2352 3810 2406 humiliari

2207 2466 2312 2519 me,
2358 2457 2416 2503 ut
2442 2449 2690 2506 discerem
2709 2445 3110 2516 justi/Icatianes
3141 2443 3350 2506 tuas“,
3383 2452 3452 2496 et
3480 2441 3722 2497 feminal
3749 2443 3806 2495 ad

2208 2538 2508 2603 medicum,
2535 2537 2625 2608 qui
2653 2551 2780 2592 eum
2807 2535 3002 2589 liberet
3037 2552 3066 2588 a
3099 2534 3346 2590 vulnere.
3375 2533 3474 2589 Et
3516 2534 3650 2588 hac
3693 2534 3803 2602 qui—

2213 2631 2338 2688 dem
2359 2630 2436 2686 ita
2453 2645 2514 2686 se
2557 2629 2782 2685 habent.
2842 2625 2952 2682 Sed
2985 2642 3086 2681 nos
3129 2626 3198 2680 ad
3245 2625 3803 2695 contemplationem,

2215 2736 2337 2792 quae
2358 2719 2628 2784 imminet,
2673 2733 3050 2784 recurramus,
3081 2732 3150 2771 ne
3179 2716 3363 2771 forsan
3422 2717 3805 2788 legislature-

2213 2813 2370 2882 quasi
2397 2813 2465 2868 de
2495 2811 2680 2884 lignis,
2695 2801 2754 2866 'et
2779 2810 3072 2886 lapidibus,
3099 2819 3155 2863 et
3177 2809 3488 2878 parietibus
3510 2810 3806 2864 insensatis

2216 2901 2580 2967 sancientem,
2636 2901 2856 2971 quidam
2897 2915 3085 2954 eorum
3130 2898 3221 2968 qui
3269 2899 3420 2954 circa
3465 2901 3805 2954 exteriore.

543 2983 827 3081 illiauaan,
847 3000 1009 3053 quam
1035 2999 1138 3055 ego
1156 2984 1298 3040 dabo
1315 2984 1472 3039 vobis
1502 2984 1557 3038 in
1593 2985 2032 3054 possessionem:
2067 2987 2112 3042 si
2139 3020 2188 3081 α
2218 2990 2541 3062 sapientiam
2571 2999 2776 3055 errant,
2817 2988 3220 3058 reprehendere
3243 2989 3520 3052 nitantur,
3553 3005 3594 3043 ι
3617 2990 3804 3059 quibus

544 3078 709 3133 fuerit
738 3078 890 3149 plaga
931 3079 1094 3148 leprae
1128 3078 1183 3132 in
1204 3078 1430 3144 aedibus,
1463 3078 1564 3134 ibit
1593 3079 1750 3148 cujus
1777 3087 1862 3134 est
1893 3078 2106 3144 domus,

546 3169 806 3223 nuntians
847 3168 1138 3230 sacerdoti.
1191 3178 1249 3224 et
1297 3169 1442 3224 dicet
1480 3186 1494 3221 :
1529 3167 1694 3234 Quasi
1739 3168 1894 3240 plaga
1952 3168 2116 3239 lepra!

547 3258 760 3313 videtur
788 3260 920 3314 mihi
949 3275 1074 3315 esse
1102 3259 1158 3314 in
1181 3260 1346 3316 domo
1371 3275 1515 3315 mea.
1538 3261 1609 3314 At
1640 3259 1730 3320 ille
1755 3259 2036 3330 praecipiet
2057 3269 2118 3316 ut

546 3350 779 3404 ell‘erant
825 3351 1074 3407 universa
1097 3353 1167 3408 de
1211 3351 1374 3408 domo
1419 3351 1737 3422 priusquam
1782 3350 2119 3423 ingrediatur

547 3459 696 3506 eam,
735 3452 796 3498 ut
823 3444 1004 3499 videat
1038 3453 1222 3499 utrum
1258 3445 1409 3515 lepra
1441 3445 1624 3509 si~t,ne
1656 3443 1935 3501 immunda
1986 3443 2120 3499 ﬁant

549 3534 730 3588 omnia
769 3551 891 3604 quae
929 3535 984 3588 in
1036 3535 1200 3590 domo
1239 3544 1384 3590 sunt.
1429 3533 1764 3606 lntrabitque
1810 3545 2023 3606 postea,
2058 3546 2120 3592 ut

547 3623 856 3705 consideret
895 3625 1112 3678 domum
1139 3625 1320 3705 tepue.
1356 3625 1427 3680 Et
1465 3643 1589 3681 cum
1633 3627 1828 3684 viderit
1856 3628 1913 3683 in
1940 3631 2120 3700 parie-

550 3714 696 3768 tibus
751 3715 896 3769 illius
925 3715 1080 3786 quasi
1134 3704 1434 3780 vallicnlas,
1494 3717 1720 3786 pallore,
1761 3719 1876 3775 sive
1921 3722 2121 3779 rubore

549 3805 843 3868 deformes,
863 3812 920 3858 et
945 3792 1264 3858 humiliores
1301 3805 1588 3874 superﬁcie
1610 3807 1834 3878 reliqua,
1872 3810 2122 3881 egredie-

553 3907 641 3951 tur
668 3898 870 3952 ostium
902 3897 1118 3962 dom-us,
1174 3904 1230 3952 et
1274 3897 1458 3953 statim
1501 3898 1718 3955 claudet
1749 3915 1869 3955 eam
1912 3911 2122 3973 septem

551 3987 762 4043 diebus.
799 3988 1179 4059 Reversusque
1204 3990 1292 4045 die
1311 3991 1564 4060 septimo,
1590 3992 1957 4050 considerabit
1979 4009 2120 4050 eam:

552 4079 598 4133 si
641 4080 914 4136 invenerit
939 4082 1181 4136 crevisse
1235 4081 1466 4152 lepram,
1494 4082 1708 4152 iubebit
1743 4084 1873 4138 erui
1893 4084 2122 4154 lapides,

554 4169 610 4224 in
645 4171 842 4241 quibus
866 4171 1015 4241 lepra
1047 4180 1151 4237 est,
1173 4183 1235 4228 et
1265 4172 1456 4242 proiici
1482 4188 1580 4229 eos
1633 4182 1789 4230 extra
1819 4175 2121 4242 civitatem,

554 4259 614 4316 in
636 4261 754 4316 loco
781 4262 1083 4327 immundo,
1109 4263 1330 4317 domum
1365 4272 1552 4318 autem
1577 4265 1749 4334 ipsam
1779 4267 1898 4321 radi
1927 4267 2126 4322 intrin-

2219 3083 2346 3152 quia
2366 3083 2492 3138 mali
2515 3089 2664 3146 sunt,
2697 3081 2836 3136 mala
2867 3081 3028 3136 etiam
3079 3081 3217 3135 bona
3239 3080 3597 3149 indicantur.
3663 3080 3804 3135 Nunc

2220 3171 2370 3226 enim
2396 3172 2724 3243 legislatoris
2779 3171 3014 3225 intentio
3065 3180 3170 3234 est,
3222 3171 3291 3224 de
3332 3171 3484 3225 veris
3549 3173 3802 3225 domibus

2177 3289 2180 3292 ~
2222 3260 2474 3316 videlicet
2517 3276 2582 3315 ea
2617 3261 2762 3316 laesis
2800 3261 3034 3324 sancire,
3069 3259 3124 3314 id
3150 3267 3233 3313 est
3267 3275 3390 3328 quae
3437 3259 3496 3312 in
3525 3260 3652 3314 illis
3693 3274 3803 3329 pss-

2222 3351 2406 3406 siones
2434 3350 2724 3416 curabiles,
2753 3349 3003 3404 fucilesve
3025 3350 3091 3404 ad
3112 3349 3592 3415 cmundationcm,
3629 3366 3801 3422 quave

2223 3443 2332 3500 sint
2389 3441 2718 3497 incurabiles
2741 3481 2758 3506 ,
2811 3441 3345 3511 destructionemque
3409 3443 3790 3510 plenissimam

2224 3534 2556 3608 ingerentes.
2608 3532 2718 3587 Sed
2751 3533 2945 3587 horum
2989 3533 3205 3587 modum
3246 3533 3536 3598 discimus,
3568 3550 3705 3588 cum
3743 3533 3794 3586 ad

2223 3641 2290 3682 ea
2311 3641 2432 3696 quae
2469 3624 2614 3680 dicta
2643 3633 2793 3688 sunt,
2831 3624 3161 3684 venerimus.
3199 3622 3588 3678 Possessionis
3611 3631 3794 3679 noslrs

2227 3726 2373 3773 terra
2429 3725 2533 3783 est,
2575 3731 2738 3786 quam
2771 3731 2872 3769 nos
2923 3714 3288 3785 possidemus,
3331 3701 3641 3769 luereditas
3691 3729 3794 3783 gen-

2229 3810 2388 3864 tium.
2451 3808 2571 3877 ipsa
2618 3814 2705 3862 est
2755 3807 2898 3862 enim
2945 3814 3132 3860 nostra
3192 3806 3492 3874 possessio,
3542 3808 3656 3861 etsi
3695 3817 3795 3858 tunc

2227 3901 2468 3957 hostium
2511 3909 2822 3956 nostrorum
2869 3898 2975 3952 fuit
3008 3916 3020 3952 :
3054 3899 3110 3951 in
3155 3898 3256 3952 hac
3310 3899 3460 3952 enim
3513 3916 3622 3952 nos
3674 3899 3792 3953 Deus

2227 3993 2534 4063 acquisivit,
2562 4000 2621 4047 et
2649 4007 2746 4046 eos
2771 3990 2862 4060 qui
2890 3988 3163 4059 quondam
3192 4003 3302 4042 non
3335 3998 3502 4043 erant
3548 3991 3787 4059 populus,

2228 4099 2376 4139 nunc
2407 4083 2666 4154 populum
2708 4081 2870 4134 habet
2901 4079 3019 4145 Dei,
3072 4089 3293 4149 propter
3339 4080 3492 4147 quod
3541 4081 3794 4150 posse-ssi:

2233 4183 2378 4226 recte
2405 4169 2797 4225 nominabitur.
2833 4166 2908 4221 De
2929 4167 3031 4221 hac
3064 4177 3207 4221 terra
3239 4167 3509 4221 Dominus
3564 4170 3791 4224 dicebat;

2230 4264 2332 4330 Qui
2360 4279 2480 4317 vero
2511 4263 2568 4315 in
2599 4270 2795 4314 terram
2816 4261 3006 4314 bonum
3036 4259 3324 4312 seminatus
3349 4268 3451 4320 est,
3480 4260 3571 4311 hic
3605 4271 3681 4313 est
3724 4260 3788 4326 qui

553 4367 715 4408 secus
742 4369 839 4422 per
875 4353 1192 4418 circuitum,
1241 4363 1297 4407 et
1343 4354 1521 4425 spargi
1581 4355 1862 4424 pulverem
1923 4372 2123 4414 rasurae
2151 4366 2198 4424 ι)
2225 4357 2376 4416 audit
2396 4353 2603 4409 verbum
2619 4361 2668 4405 et
2689 4351 2934 4420 intelligit
2949 4349 3235 4404 “.Domus
3251 4347 3398 4404 enim
3416 4358 3628 4404 nostrae
3645 4350 3792 4405 Bede

551 4451 709 4498 extra
736 4445 947 4510 urbem,
992 4443 1044 4498 in
1076 4444 1194 4499 loco
1217 4444 1517 4511 immundo,
1547 4445 1859 4516 lapidesque
1891 4448 2128 4505 aliosre-

557 4535 688 4604 poni
715 4551 812 4604 pro
839 4535 926 4590 his
947 4535 1037 4604 qui
1089 4534 1256 4590 ablati
1293 4534 1516 4602 fuerint,
1547 4543 1604 4591 et
1654 4536 1770 4592 luto
1820 4537 1930 4592 alio
1980 4539 2129 4594 liniri

557 4625 800 4681 domum.
827 4626 923 4680 Sin
947 4635 1129 4681 autem
1155 4634 1438 4698 postquam
1482 4629 1623 4683 eruti
1656 4637 1785 4684 sunt
1824 4629 2052 4700 lapides,
2075 4639 2133 4687 et

560 4714 738 4786 pulvis
778 4716 972 4782 elatus,
1003 4727 1059 4770 et
1084 4716 1188 4771 alia
1223 4726 1366 4772 terra
1401 4717 1515 4785 lita,
1552 4718 1828 4791 ingressus
1879 4722 2134 4777 sacerdos

558 4807 754 4862 vider-it
786 4823 1058 4864 reversam
1077 4808 1399 4879 lepram,‘et
1422 4810 1660 4879 parietes
1675 4825 1927 4882 aspersas
1951 4827 2132 4870 macu-

559 4900 646 4966 lis,
683 4899 830 4969 lepra
860 4909 945 4955 est
967 4915 1344 4970 perseverans,
1377 4909 1432 4955 et
1453 4901 1732 4957 immunda
1755 4901 1949 4958 domus
1972 4917 2135 4974 quam

561 4991 745 5046 statim
789 4991 1109 5047 destruent:
1167 5000 1226 5044 et
1253 4991 1464 5060 lapides
1513 4993 1631 5060 ejus
1661 5007 1725 5046 ac
1772 4993 1936 5064 ligna,
1975 5004 2138 5064 atque

562 5081 876 5136 universum
921 5081 1200 5151 pulverem
1242 5081 1528 5150 projicient
1569 5091 1718 5137 extra
1746 5084 2024 5152 oppidum,
2082 5085 2135 5138 in

563 5174 683 5228 loco
703 5173 1006 5228 immundo.
1031 5172 1136 5237 Qui
1155 5173 1437 5227 intraverit
1450 5172 1693 5239 domum,
1713 5176 1932 5243 quando
1954 5176 2135 5231 clausa

564 5273 667 5329 est,
711 5265 1024 5319 immundus
1073 5265 1177 5319 erit
1208 5279 1380 5333 usque
1435 5265 1500 5319 ad
1555 5281 1864 5335 vesperum.
1928 5269 1993 5321 Et
2042 5271 2135 5338 qui

565 5353 930 5408 tlormieritiu
993 5369 1079 5418 ea,
1127 5363 1182 5408 et
1229 5354 1528 5409 comederit
1573 5356 1866 5425 quidpiam,
1937 5359 2138 5414 lavabit

567 5441 887 5497 vestimenta
926 5458 1044 5497 sua.
1085 5461 1103 5493 ι

641 5576 685 5606 ⁵³
717 5573 858 5636 Psal.
893 5592 930 5634 ι,
954 5573 1010 5628 ‘2.
1086 5577 1128 5608 ⁵³
1159 5575 1314 5630 Rom.
1347 5593 1407 5638 ιι,
1441 5578 1524 5632 15.

1624 5579 1667 5610 ⁸⁸
1698 5578 1897 5633 Jerem.
1937 5596 2058 5644 vnn,
2092 5579 2143 5634 7.

570 5643 616 5676 ⁵⁸
647 5644 810 5699 Mich.
835 5659 872 5711 ι,
905 5646 986 5708 12,
1027 5645 1107 5698 15.
1185 5647 1430 5702 ἐ’-Αιιιοδ
1460 5665 1540 5711 ιιι,
1574 5646 1624 5701 6.
1703 5650 1747 5680 ⁶⁰
1772 5649 1908 5704 Psal.
1944 5643 2130 5715 csvtn,
2166 5650 2252 5704 7|.

2231 4453 2328 4509 site
2353 4457 2500 4515 sunt,
2529 4448 2598 4502 de
2624 4445 2824 4516 quibus
2849 4441 3054 4496 Paulus
3078 4441 3292 4497 diccbat
3309 4458 3322 4493 :
3341 4438 3402 4494 Si
3431 4443 3789 4504 tardaeero,s.'

2231 4543 2370 4598 scias
2390 4539 2643 4611 quomodo
2665 4550 2712 4590 te
2731 4545 2970 4606 oporteat
2989 4537 3044 4590 in
3065 4537 3218 4590 domo
3232 4535 3329 4589 Dei
3354 4536 3687 4598 conversari,
3707 4549 3790 4604 qua

2233 4643 2306 4689 est
2338 4632 2553 4687 ecclesia
2586 4629 2680 4684 Dei
2709 4630 2810 4683 vivi
2836 4631 2903 4684 ".
2932 4629 2992 4682 ln
3016 4628 3122 4694 his,
3154 4625 3456 4682 secundum
3487 4624 3662 4687 LXX.
3693 4628 3790 4680 dare

2233 4741 2294 4780 se
2324 4723 2588 4778 maculam
2614 4723 2775 4789 lepra:
2804 4720 2944 4774 Deus
2959 4719 3249 4790 promittit.
3275 4716 3432 4784 Quod
3463 4717 3790 4771 manifestam

2235 4816 2352 4885 ipsa
2375 4812 2692 4885 legislatoris
2733 4809 2927 4874 verba;
2953 4825 3076 4865 cum
3104 4809 3251 4863 enim
3287 4807 3517 4862 dixisset
3548 4827 3562 4862 :
3589 4808 3658 4862 Et
3689 4809 3791 4861 dato

2236 4906 2500 4959 maculam
2529 4905 2683 4972 lepra:
2704 4905 2758 4955 in
2783 4901 3042 4966 domibus,
3077 4910 3219 4954 terra
3243 4900 3587 4968 possessionis
3616 4909 3789 4951 castra.

2237 4998 2307 5052 Et
2340 5000 2505 5051 veniet
2534 4998 2684 5066 cujus
2730 5006 2802 5050 est
2833 4997 3022 5050 domus
3045 5037 3060 5061 ,
3099 4995 3242 5050 illico
3289 4993 3573 5063 subiunxit
3606 5011 3621 5047 :
3671 4993 3792 5047 Nu-

2241 5085 2383 5138 tians
2401 5087 2685 5148 sacerdoti,
2718 5095 2767 5138 et
2805 5085 2979 5137 dicet:
3031 5082 3196 5148 Quasi
3246 5083 3455 5138 macula
3487 5083 3656 5150 lepra
3679 5084 3790 5135 ride-

2241 5182 2326 5226 tur
2356 5174 2483 5227 mihi
2506 5191 2614 5227 esse
2635 5175 2692 5226 in
2747 5175 2898 5226 domo
2939 5190 3077 5228 mea.
3129 5173 3244 5228 Hoc
3292 5181 3478 5225 autem
3533 5173 3788 5226 sentientis

2244 5266 2550 5334 passionem
2575 5275 2677 5329 est,
2710 5264 2852 5332 quod
2891 5279 3001 5318 non
3026 5274 3111 5319 est
3133 5265 3365 5334 cujuslib
3399 5265 3603 5330 tdoni,
3632 5275 3682 5317 et
3715 5263 3786 5316 tale

2241 5356 2400 5425 quale
2430 5357 2595 5408 Deum
2625 5355 2888 5409 condecet
2911 5355 3196 5424 impertiri.
3236 5354 3290 5409 Si
3331 5354 3479 5409 enim
3503 5355 3666 5409 decet
3700 5369 3786 5406 me-

2243 5449 2443 5512 dicum,
2481 5460 2540 5501 ut
2571 5461 2679 5500 non
2702 5445 2965 5500 concedat
2992 5456 3250 5514 aegrotum
3275 5446 3523 5515 quazdam
3543 5445 3787 5498 mortifer:

2221 5582 2264 5612 ⁸⁵
2293 5578 2431 5634 Psal.
2468 5597 2503 5640 ι,
2536 5579 2592 5630 ‘2.
2669 5578 2848 5632 “15a.
2887 5592 3116 5643 xxxvi",
3152 5575 3233 5630 14.
3312 5577 3355 5607 ⁵⁷
3388 5576 3492 5630 lsa.
3529 5593 3648 5640 κων,
3676 5573 3770 5638 6,7

2330 5651 2371 5680 ⁸⁸
2407 5649 2594 5703 Matth.
2642 5664 2759 5704 χιιι.
2791 5649 2880 5702 :25.-
2957 5650 3000 5679 "
3041 5647 3220 5701 lTim.
3260 5663 3339 5711 ιιι,
3377 5647 3464 5714 15.
