3886 6306
66 320 173 384 ειδι

1206 308 1290 369 ΙΝ
1330 303 1777 367 LEVITICUM.
1806 326 1872 335 —
1907 300 2055 360 LIB.
2090 300 2189 361 Π.

3221 297 3348 363 εδει-ν
3406 330 3413 337 ς

34 418 255 499 “agere,
278 428 434 482 decet
461 435 515 480 et
536 426 706 478 Deum
733 436 841 476 non
895 415 1197 476 concedere
1225 411 1522 485 peccatori,
1565 409 1652 465 in-
1679 417 1724 473 Α
1754 422 1918 479 super
1968 424 2091 474 nos,
2116 408 2355 499 liberans
2379 421 2484 499 nos
2509 406 2577 462 ab
2627 406 2715 462 his
2762 405 2963 477 quibus
2986 405 3191 462 dudum
3212 418 3333 460 ser-

36 514 446 575 "sensibilitatis
470 516 663 571 morbo
704 511 913 566 diutius
960 505 1214 570 detineri,
1241 519 1314 560 ne
1341 503 1398 558 in
1423 499 1651 573 profun-

32 605 207 666 Mum
227 609 419 665 inferni
448 620 689 676 peccans
724 604 781 658 in
812 611 1079 656 aeternum
1129 600 1272 659 ruat,
1306 594 1456 666 quod
1478 592 1651 649 David

32 697 237 758 Sorana
259 701 468 756 dieebat
504 716 519 752 :
560 697 636 751 Ne
662 704 871 750 avertas
895 694 1086 765 {aciem
1114 702 1261 746 tuam
1287 707 1321 744 α
1344 705 1447 755 me,
1474 695 1525 741 et
1564 701 1653 741 cro

31 771 265 849 LEsimilis
294 789 721 844 descenduntibus
745 786 800 838 in
828 785 1006 839 lacum
1054 781 1123 834 ⁸³.
1146 778 1263 835 Hoc
1291 779 1498 833 donum
1527 789 1655 831 sen-

31 861 173 939 hsus
198 882 448 938 Ecclesiae
468 881 660 935 datur:
688 876 983 948 Synagogae
1004 883 1186 929 autem
1216 872 1526 929 Iudaeorum
1541 883 1654 925 non

32 976 258 1041 ‘datur,
282 972 427 1043 quod
449 970 799 1025 manifestum
821 975 905 1021 est
935 980 1001 1021 ex
1029 979 1096 1020 eo
1138 962 1285 1034 quod
1344 961 1461 1032 ipse
1509 959 1657 1015 Deus

31 1066 179 1136 lper
206 1064 343 1120 Osee
373 1063 695 1133 prophetam
723 1060 831 1114 ait:
866 1056 1133 1124 Quoniam
1180 1055 1283 1109 nisi
1323 1069 1444 1108 cum
1489 1067 1656 1107 mere-

31 1156 293 1212 l’tricibus
322 1154 688 1217 versabantur,
707 1168 751 1206 et
777 1167 897 1205 cum
910 1147 1221 1220 effeminatis
1256 1143 1655 1215 sacriﬁcabant.

31 1248 145 1302 IEt
178 1245 401 1317 populus
418 1258 521 1299 non
549 1242 844 1314 intelligens
891 1238 1168 1311 vapulabit
1193 1237 1262 1293 “.
1291 1236 1361 1295 Et
1404 1250 1600 1292 rursus
1636 1250 1657 1289 :

31 1341 235 1396 l“Dedit
266 1340 340 1394 eis
364 1337 503 1392 Deus
529 1336 773 1406 spiritum
804 1330 1233 1403 compunctionis,
1265 1328 1441 1383 oculos
1470 1336 1527 1382 ut
1557 1343 1658 1383 non

39 1432 311 1498 lvideant,
335 1441 382 1485 et
410 1445 567 1485 aures
593 1438 652 1482 ut
673 1443 777 1481 non
792 1427 1017 1480 audiant
1042 1425 1109 1477 ⁸⁸.
1130 1422 1311 1478 Alium
1338 1421 1502 1476 etiam
1531 1434 1662 1491 pro-

31 1527 302 1596 Iphetam
374 1521 704 1584 audivimus,
776 1518 1051 1573 dicentem
1085 1533 1099 1569 :
1137 1513 1452 1571 Clausenmt
1485 1510 1660 1566 oculos

32 1620 51 1651 "
73 1632 228 1679 satos,
254 1622 310 1667 ut
342 1628 445 1667 non
470 1612 727 1673 uiderent,
751 1617 798 1662 rt
826 1624 981 1662 aures
1005 1623 1132 1662 suos
1157 1612 1539 1676 aggravarunt,
1598 1617 1664 1657 ne

32 1702 438 1759 iaudirent“:
499 1708 691 1770 utpote
740 1714 771 1753 a
815 1696 1164 1768 justojudiee
1195 1710 1263 1750 ex
1283 1708 1386 1749 suo
1437 1700 1663 1764 peccato

31 1795 407 1867 Ipuniuntur.
453 1791 700 1847 Ecclesia
741 1800 924 1844 autem
965 1803 1077 1844 non
1132 1786 1211 1843 ita
1236 1826 1253 1852 ,
1303 1786 1401 1843 sed
1447 1787 1680 1857 quoties-

32 1894 48 1927 π
72 1894 293 1960 peccat,
322 1885 453 1940 facit
476 1900 595 1940 eam
624 1884 767 1938 Deus
807 1880 1010 1937 sentire
1056 1887 1361 1951 peccatum.
1406 1878 1566 1936 Unde
1606 1885 1669 1934 et

32 1978 209 2031 leum
224 1974 390 2045 quiin
417 1972 682 2029 Corintho
720 1970 1021 2033 fornicatus
1050 1978 1154 2035 est,
1188 1967 1389 2025 Paulus
1447 1969 1666 2024 Satante

32 2080 48 2113 ι
72 2066 326 2130 tradidit,
354 2072 416 2120 ut
436 2047 671 2119 amictus
698 2063 768 2117 ab
794 2077 882 2129 eo,
922 2069 1209 2131 peccatum
1228 2059 1498 2116 sentiret:
1530 2058 1665 2114 Tra-

32 2142 512 2226 tdidi,inquiens,
547 2170 667 2210 eum
710 2154 802 2225 qui
833 2153 1138 2222 huiusmodi
1197 2160 1295 2219 est,
1320 2151 1509 2222 angelo
1558 2148 1664 2206 Sa-

31 2252 228 2305 πωπω
270 2247 329 2301 in
365 2247 640 2301 interitum
684 2246 859 2300 carnis
884 2244 930 2277 ⁸⁷
979 2260 994 2298 :
1058 2242 1259 2299 similia
1297 2241 1664 2313 praesentibus

31 2357 43 2395 ι
73 2337 416 2411 legislatoris
435 2336 618 2392 verbis
637 2336 845 2392 dicens.
877 2334 945 2391 Et
964 2334 1058 2390 hic
1076 2332 1321 2403 quidem,
1356 2333 1661 2390 secundum

31 2452 36 2484 ι
73 2429 229 2487 LXX
249 2470 265 2497 ,
299 2429 472 2495 Dabo,
497 2428 694 2499 inquit,
717 2427 981 2483 maculam
1018 2427 1200 2496 lepra,
1228 2441 1341 2483 non
1373 2426 1530 2497 quasi
1572 2427 1665 2483 in-

32 2548 43 2573 ;
75 2531 311 2596 gerente
330 2522 448 2578 Deo
476 2521 703 2591 lepram,
734 2520 831 2577 sed
871 2520 1021 2577 velut
1070 2528 1362 2576 exercente
1390 2528 1554 2591 atque
1572 2534 1663 2591 ar-

32 2630 37 2669 :
75 2623 306 2687 guente.
338 2612 435 2669 Ille
467 2624 647 2668 autem
695 2611 770 2667 ait
804 2628 820 2669 :
875 2611 1094 2667 Tradidi
1139 2609 1443 2681 lsujusntodi
1479 2611 1668 2684 angelo

31 2728 39 2762 ι
73 2707 338 2771 Salonis;
358 2705 511 2777 atqui
535 2714 820 2775 acceperat
849 2718 975 2759 eum
1009 2703 1143 2760 olim
1161 2719 1262 2775 per
1282 2702 1529 2760 illicitam
1552 2703 1668 2761 for-

31 2820 37 2863 ι
77 2802 441 2867 nicationem,
460 2800 557 2857 sed
597 2810 656 2855 ut
683 2798 877 2871 majori
934 2805 1207 2870 potestate
1234 2798 1307 2856 ab
1330 2814 1400 2857 eo
1432 2799 1668 2872 castiga-

32 2914 35 2946 L
79 2904 200 2960 tus,
228 2892 307 2949 ait
334 2892 484 2949 enim
517 2891 620 2947 ειη
646 2892 925 2949 interitum
977 2893 1176 2959 cernis,
1212 2899 1273 2947 ut
1307 2892 1527 2963 spiritus
1550 2890 1668 2947 sat-

32 3003 34 3033 l
74 2974 181 3039 eus
208 2983 326 3053 ﬁat,
350 2998 572 3039 sensum
593 2982 806 3053 peccati
833 2982 1163 3054 perciperet,
1180 2982 1443 3055 ﬁeretque
1475 2996 1667 3039 emen-

79 3075 272 3134 datior
300 3090 316 3128 :
347 3075 512 3132 simul
537 3077 703 3131 etiam
743 3084 805 3131 ut
849 3075 1298 3133 manifestaretur
1344 3073 1491 3144 aliis,
1527 3068 1667 3148 qua-
1696 3091 1742 3154 ο

90 3179 259 3224 tenus
283 3183 409 3224 eum
435 3166 661 3224 minime
689 3168 930 3225 debeant
963 3167 1191 3224 imitari.
1223 3166 1334 3225 Sed
1360 3176 1448 3223 est
1473 3166 1673 3224 domus

84 3261 209 3314 hanc
248 3266 406 3314 terrae
435 3259 825 3329 possessionis,
866 3258 924 3314 id
943 3267 1029 3315 est
1057 3257 1318 3315 Ecclesiis
1332 3256 1673 3316 hereditatis

84 3350 360 3422 gentium.
388 3350 518 3408 Cum
542 3351 765 3423 ingrcssi
787 3351 1017 3423 fueritis,
1058 3348 1262 3422 Hoyses
1283 3358 1332 3405 et
1351 3350 1538 3405 Aaron
1563 3391 1580 3416 ,
1613 3349 1675 3405 in

82 3453 288 3497 terram
317 3440 762 3499 Chananatorum.
791 3441 1055 3509 Quanam
1087 3449 1176 3498 est
1199 3440 1361 3498 haec?
1392 3438 1675 3513 Quamego

83 3534 228 3590 dabo
254 3535 397 3589 uobis
431 3535 490 3589 in
527 3535 929 3605 possessionem.
975 3533 1269 3606 Quiaugo
1306 3540 1524 3604 septem
1568 3547 1676 3588 nu-.

85 3639 248 3680 mero
265 3630 479 3695 gentes,
510 3625 564 3680 id
592 3634 676 3682 est
698 3624 1016 3693 Chananaii,
1037 3624 1336 3693 Pheraei,
1356 3622 1674 3698 ‘Gergesai,

72 3716 423 3784 Amorrhzei,
478 3714 750 3785 Gebusaei,
797 3715 1030 3784 Cetbei,
1074 3725 1133 3774 et
1154 3715 1422 3784 Iaradci,
1470 3724 1676 3773 terram

88 3807 426 3879 promissam
465 3806 699 3865 Abrahae
730 3807 1106 3880 possidebant.
1150 3808 1449 3880 Imaginem
1491 3816 1676 3865 autem

85 3899 361 3967 gerebant
387 3900 468 3955 ba:
498 3907 711 3970 septem
760 3899 1074 3970 iniquorum
1095 3900 1409 3972 spirituum,
1441 3900 1513 3958 de
1550 3900 1675 3972 qui-

86 3991 199 4046 bus
226 3985 496 4047 Dominus
521 3991 580 4047 in
603 3992 914 4065 Evangeliis
933 3992 1105 4049 dicit:
1159 3992 1293 4049 Cum
1327 3995 1549 4065 spiritus
1571 3996 1677 4049 im-

86 4085 326 4157 mundus
367 4083 553 4138 exierit
580 4082 648 4138 ab
669 4084 898 4152 homine,
931 4095 1162 4140 assumat
1184 4085 1318 4141 alios
1346 4095 1542 4156 septem
1564 4088 1666 4155 spi-

88 4173 256 4241 ritus,
286 4174 560 4244 nequiores
578 4188 655 4241 se,
682 4182 733 4228 et
754 4172 964 4231 habitat
987 4176 1045 4230 in
1070 4176 1298 4243 homine,
1331 4177 1482 4247 cujus
1506 4177 1679 4231 nouis-

84 4266 234 4320 sima
291 4273 418 4321 sunt
452 4265 715 4321 deteriora
759 4266 1022 4337 prioribus
1047 4266 1113 4323 ⁸⁸.
1153 4265 1219 4322 Hi
1250 4276 1433 4324 autem
1454 4266 1679 4338 spiritus

88 4371 285 4413 veram
341 4365 547 4413 terram
572 4356 901 4428 promissam
948 4358 1052 4428 ipsi
1082 4359 1337 4427 Abralm,
1365 4358 1420 4416 id
1446 4368 1679 4432 estgen-

87 4448 235 4504 tium
287 4449 662 4507 hereditatem
718 4450 1090 4521 possidebant,
1140 4451 1243 4521 ipsi
1290 4452 1436 4508 enim
1471 4452 1677 4507 dictum

84 4549 182 4595 est
233 4556 249 4594 :
307 4540 449 4607 Quia
500 4551 709 4610 patrem
759 4541 1050 4597 multarum
1098 4542 1332 4614 gentium
1357 4544 1508 4612 posui
1532 4552 1584 4598 te
1608 4544 1677 4597 ι’.

85 4630 332 4697 Quando
348 4631 561 4703 Moyses
581 4642 638 4690 et
661 4635 864 4699 Aaron,
890 4633 975 4688 lex
999 4633 1255 4691 videlicet
1296 4643 1352 4689 et
1375 4635 1676 4705 propheta,

90 4724 302 4777 horum
331 4722 477 4777 enim
504 4722 730 4795 ﬁguram
777 4725 834 4782 hi
882 4734 1100 4798 gerunt,
1149 4726 1275 4797 quia
1298 4727 1480 4782 Aaron
1533 4726 1683 4798 Moy-

88 4828 246 4880 seos,
285 4813 381 4884 qui
429 4813 658 4887 ﬁguram
710 4816 842 4889 legis
864 4818 1004 4889 gerit
1050 4818 1459 4889 prophetaesse
1503 4817 1684 4874 dictus

86 4915 203 4973 est,
232 4906 466 4978 ingressi
493 4907 701 4964 fuerint
723 4908 867 4965 inter
904 4918 1118 4981 gentes,
1144 4918 1278 4964 tunc
1303 4923 1403 4978 per
1426 4922 1523 4964 eos
1535 4908 1689 4965 Deus

89 4996 447 5066 tyrannidem
474 4998 785 5055 obtinentes
812 5000 866 5055 in
890 4999 1170 5070 gentibus,
1190 4997 1291 5067 qui
1318 5005 1454 5051 sunt
1483 4995 1687 5052 intelli-

91 5084 321 5155 gibiles,
347 5084 686 5144 Cbananmos
707 5088 999 5160 prmdictos
1019 5086 1238 5157 expellit
1267 5086 1495 5157 spiritus
1520 5102 1536 5138 :
1564 5102 1690 5157 pos-

91 5174 413 5233 sessionem
436 5180 781 5251 autem'legis
799 5190 857 5236 et
882 5180 1295 5251 prophetarum,
1323 5187 1380 5234 et
1407 5178 1525 5232 haec
1548 5193 1691 5248 prae-

89 5266 411 5321 dicantium
438 5266 555 5337 ipse
573 5282 694 5324 esse
717 5271 967 5326 concedit
990 5279 1199 5342 gentes,
1234 5269 1327 5339 qui
1350 5285 1445 5324 eas
1469 5269 1691 5338 proprio

93 5356 398 5427 sanguine,
429 5364 539 5411 tam
570 5373 668 5428 per
693 5360 1020 5417 oblationem
1048 5360 1499 5433 regenerationis,
1523 5375 1687 5429 quam

96 5448 531 5503 renovationem
559 5450 731 5509 sancti
767 5450 1023 5520 Spiritus,
1047 5467 1210 5521 quem
1245 5449 1441 5506 effudit
1470 5450 1688 5504 abunde

175 5641 225 5671 ⁸³
258 5639 403 5697 Psal.
434 5656 598 5707 cxtu,
627 5644 679 5696 7.
775 5640 821 5671 “
847 5638 985 5693 Osee
1007 5657 1080 5705 tv,
1103 5643 1190 5694 lt.
1287 5641 1333 5672 ⁸⁸
1372 5639 1529 5693 Rom.
1569 5653 1644 5695 ιι.

175 5735 203 5760 ι.
232 5711 325 5760 id.
403 5712 448 5745 "
478 5712 618 5760 Gen.
654 5726 788 5760 xvn.
820 5711 871 5760 4.
951 5709 996 5739 ⁸⁸
1023 5708 1127 5760 lsa.
1170 5726 1315 5760 XXVI.
1348 5708 1434 5760 15.
1511 5710 1554 5740 '“
1586 5709 1679 5760 lio:

1841 5637 1887 5669 “
1921 5637 1987 5689 Zzl

1777 5722 1887 5760 xvt.
1924 5707 1987 5760 19

1634 5722 1743 5761 om.
1777 5722 1887 5774 xvi,
1924 5722 2008 5760 ιν.

102 5707 203 5774 45,
232 5711 325 5765 id.
403 5712 448 5745 "
478 5712 618 5765 Gen.
654 5726 788 5775 ινιτ,
820 5711 871 5765 4.
951 5709 996 5739 ⁸⁸
1023 5708 1127 5765 lsa.
1170 5726 1315 5775 xxw,
1348 5708 1434 5762 15.

1749 500 2054 565 viebamus,
2081 509 2140 556 ut
2168 508 2222 555 ett
2251 498 2307 554 bi
2332 498 2424 569 qui
2463 513 2533 553 ex
2582 497 2878 569 generibus
2927 505 3074 562 sunt,
3121 496 3334 566 possint

1752 590 1910 646 Isaia:
1931 589 2419 646 Canticumdicere
2449 605 2463 642 :
2492 587 2717 643 Domine
2742 588 2881 644 Deus
2918 596 3121 654 noster,
3157 600 3333 657 posu-

1752 684 1939 737 derunt
1967 698 2058 737 nos
2082 682 2285 736 domini
2314 682 2508 752 absque
2524 689 2596 744 te,
2623 690 2834 735 tantum
2854 680 2911 733 in
2928 688 2981 734 te
2997 679 3334 733 recordemur

1753 774 1980 829 nominis
2004 776 2082 828 tui
2107 775 2173 826 ⁷⁸.
2190 772 2545 843 Quaecunque
2569 782 2759 828 autem
2786 771 2906 843 ejus
2930 771 3210 842 possessio
3225 779 3330 836 est,

1753 865 1919 920 etiam
1944 880 2225 921 servorum
2271 865 2756 934 ministrorumque
2776 865 2901 934 ejus
2930 863 3121 933 procul
3162 860 3334 917 dubio

1754 964 1859 1011 est.
1886 954 2027 1027 Ergo
2052 956 2268 1027 quando
2290 956 2575 1027 propheta
2619 965 2674 1009 et
2694 952 2780 1009 les
2807 954 2863 1008 in
2890 952 3133 1025 gentium
3157 951 3332 1006 hatre—

1754 1046 1982 1102 d-itatem
2029 1046 2261 1118 ingressi
2314 1045 2538 1109 fuerint,
2588 1044 2963 1100 ministrantes
3006 1041 3339 1113 evangelica

1755 1138 2152 1212 praedicationi,
2200 1147 2263 1194 et
2310 1153 2376 1193 ea
2424 1153 2547 1208 qua:
2592 1151 2740 1192 nunc
2784 1136 2856 1191 de
2906 1133 3337 1206 intelligibilibua

1756 1230 2013 1288 domibus
2037 1232 2183 1288 dicta
2206 1239 2360 1298 sunt,
2387 1243 2651 1301 apparere
2676 1228 2979 1299 potuerint.
3358 1248 3364 1255 υ

1830 1345 1936 1401 Ibit
1962 1345 2114 1416 cujus
2137 1354 2213 1399 est
2240 1345 2444 1407 domus,
2480 1341 2731 1396 nuntians
2747 1341 3033 1407 sacerdoti,
3070 1348 3122 1394 et
3150 1340 3288 1394 dicet
3315 1354 3337 1396 :

1760 1436 1927 1503 Quasi
1951 1436 2113 1509 plaga
2150 1436 2307 1507 lepra:
2329 1436 2536 1490 videtur
2601 1432 2729 1486 mihi
2779 1431 2957 1486 essein
2995 1432 3150 1484 domo
3195 1444 3337 1484 mea.

1760 1530 1894 1597 Quae
1918 1529 2064 1586 enim
2093 1538 2222 1586 sunt
2246 1527 2557 1583 domesticae
2597 1524 2875 1604 Ecclesiae,
2934 1530 2996 1578 ut
3053 1531 3342 1593 propterea

1759 1621 1906 1678 dicat
1936 1637 1951 1677 :

1693 1754 1738 1812 Β
1837 1751 1948 1809 Ibit
1985 1753 2137 1824 cujus
2163 1762 2238 1807 est
2267 1753 2476 1806 domus.
2523 1750 2824 1806 Audiamus
2868 1746 3099 1806 Paulum
3150 1743 3346 1799 dicen-

1766 1852 1874 1901 tem
1902 1861 1919 1898 :
1968 1842 2214 1899 Salutate
2241 1841 2505 1908 Priscam,
2533 1852 2583 1896 et
2629 1841 2899 1913 Aquilam,
2928 1848 2977 1892 et
3002 1836 3346 1907 domesticam

1765 1951 1947 1991 eorum
1995 1936 2268 1992 ecclesiam
2288 1936 2355 1990 ".
2385 1934 2487 2001 Qui
2540 1949 2670 2004 ergo
2697 1933 2825 1988 huic
2863 1938 3082 2000 praeest,
3104 1929 3151 1984 si
3178 1927 3347 1984 sentit

1765 2024 1971 2097 lepram
1992 2025 2407 2097 intelligibilem,
2462 2024 2514 2079 id
2551 2030 2655 2081 est.
2684 2024 2727 2077 si
2754 2021 2908 2076 malo:
2934 2028 2990 2074 et
3013 2018 3196 2088 impiae
3244 2016 3344 2072 do-

1765 2120 1954 2176 ctrinm
2004 2133 2229 2175 sensum
2263 2117 2574 2189 quempiam
2613 2109 3347 2184 comprehenderit:timens

1763 2230 1837 2270 ne
1860 2214 1964 2270 hoc
1987 2213 2133 2285 quod
2151 2212 2362 2269 studuit
2386 2211 2453 2266 ad
2473 2209 2760 2281 justitiam,
2781 2206 2872 2260 ﬁat
2896 2205 2944 2259 ei
2966 2204 3035 2259 ad
3053 2202 3345 2273 judiciumv

1763 2306 1948 2364 veniat
1966 2307 2035 2361 ad
2061 2305 2422 2370 sacerdotem,
2474 2301 2568 2371 qui
2618 2300 2931 2356 discernere
2981 2303 3180 2367 potest,
3227 2291 3348 2362 ipse

1764 2399 1913 2454 enim
1937 2412 2051 2452 non
2078 2396 2326 2452 absolute
2364 2392 2618 2450 sacerdos
2659 2399 2761 2457 cst,
2796 2387 2945 2459 quod
2993 2383 3347 2443 manifestum

1765 2497 1850 2547 est
1875 2505 1945 2546 ex
1969 2488 2058 2544 his
2084 2502 2206 2559 quae
2240 2502 2434 2543 rursus
2460 2486 2658 2541 Paulus
2695 2483 2763 2537 ad
2789 2481 3142 2537 Colossenses
3171 2478 3349 2550 scrip-

1765 2583 1882 2641 sit:
1910 2581 2152 2638 Salutate
2174 2579 2494 2649 Nympham,
2549 2586 2598 2631 et
2644 2575 2981 2631 domesticam
3024 2572 3149 2644 ejus'
3187 2569 3353 2626 eccle-

1766 2675 1906 2730 siam
1926 2673 2000 2727 ".
2059 2670 2201 2738 Quia
2252 2669 2408 2724 multi
2471 2678 2698 2739 propter
2745 2667 2921 2721 zelum
2988 2672 3046 2721 et
3092 2664 3353 2734 pietatem

1768 2765 2032 2824 ecclesias
2058 2763 2387 2821 domesticas
2412 2761 2833 2824 constituentes,
2881 2758 2938 2812 in
2966 2757 3047 2813 eis
3097 2755 3353 2812 doctores

1768 2857 2101 2924 divinorum,
2129 2852 2537 2923 ministrosque,
2561 2866 2778 2907 necnon
2805 2850 2872 2905 ad
2905 2846 3355 2904 communionem

1770 2958 1940 3021 atque
1966 2947 2388 3005 exsultationem
2428 2960 2616 3001 eorum
2642 2945 3058 3006 convenientes,
3084 2937 3355 3010 suscipio-

1771 3019 1925 3097 bant.
1962 3040 2017 3097 Is
2059 3053 2191 3112 ergo
2239 3038 2333 3109 qui
2360 3035 2805 3109 hujusmodiest.
2850 3031 3046 3088 ibitad
3102 3044 3230 3086 eum
3254 3031 3350 3102 qui
3421 3019 3426 3023 ’

1771 3131 1891 3190 veri
1915 3130 2205 3190 sacerdotii
2229 3130 2456 3201 ﬁguram
2478 3128 2639 3200 gerit,
2665 3125 2857 3197 quales
2881 3124 3107 3181 [uerum
3129 3121 3353 3190 Petrus,

1772 3226 1862 3284 vel
1899 3226 2125 3292 Paulus,
2154 3222 2241 3280 vel
2280 3220 2622 3287 Timotheus,
2683 3218 2981 3289 canorique
3027 3216 3123 3289 qui
3161 3231 3356 3274 eorum

1773 3317 2081 3374 doctrinam
2124 3314 2470 3383 virtutesque
2498 3311 2901 3375 custodierunt,
2955 3307 3359 3379 imprebensi-

1772 3410 1912 3467 biles
1940 3413 2348 3480 permanentes.
2369 3403 2587 3475 Oportet
2615 3402 2754 3457 enim
2800 3401 3104 3471 episcopum
3128 3399 3362 3468 impre-

1773 3497 2073 3555 lteusibilem
2103 3513 2212 3553 esse
2235 3496 2306 3561 ",
2339 3504 2401 3552 ut
2435 3503 2725 3566 prepterca
2752 3491 2928 3563 possit
2977 3490 3160 3546 aliena
3206 3487 3362 3559 ludio

1775 3607 1904 3649 care
1921 3598 2168 3663 peccata.
2216 3587 2285 3645 Et
2310 3588 2506 3644 dicet:
2539 3585 2706 3652 Quasi
2750 3584 2911 3654 plaga
2945 3582 3106 3653 lepra!
3148 3581 3361 3637 videtur

1774 3683 1906 3757 mihi
1928 3697 2041 3736 esse
2063 3680 2120 3734 in
2143 3679 2320 3743 domo,
2355 3675 2410 3733 id
2434 3683 2541 3740 est,
2564 3689 2759 3729 sensus
2788 3671 2970 3742 impiae
2991 3670 3256 3729 doctrinae
3298 3667 3356 3725 in

1775 3789 1899 3832 mea
1927 3771 2229 3830 domestica
2262 3776 2487 3840 apparet
2531 3765 2798 3823 Ecclesia.
2840 3764 2909 3819 At
2943 3761 3033 3819 ille
3060 3760 3358 3831 praeipiet,

1775 3864 2364 3937 utauferqntuuiversa
2396 3862 2462 3916 de
2493 3859 2686 3925 domo;
2718 3857 2832 3913 sive
2879 3864 2941 3912 ut
2992 3853 3136 3911 LXX
3162 3852 3359 3920 edunt,

1778 3956 1851 4012 Et
1872 3955 2142 4028 praecipiet
2168 3953 2414 4009 sacerdos
2438 3952 2673 4022 detegere
2689 3950 2928 4010 domum,
2958 3954 3009 4001 et
3028 3961 3132 4001 non
3152 3943 3360 4016 ﬂarebit

1778 4052 1833 4105 in
1863 4064 2070 4104 omnem
2124 4046 2372 4109 domum;
2424 4043 2619 4098 id-est
2659 4059 2674 4097 :
2736 4038 3021 4109 Praecipiet
3100 4037 3361 4092 recedere

1777 4151 1997 4195 omnem
2031 4134 2293 4207 populum
2312 4132 2405 4203 qui
2448 4133 2505 4186 in
2538 4145 2603 4186 ea
2631 4127 3007 4201 colligebatur.
3035 4124 3136 4182 llic
3162 4134 3248 4180 est
3279 4134 3362 4179 te.

1779 4239 1928 4285 ctum
1958 4227 2173 4290 domus,
2206 4225 2321 4280 sive
2349 4222 2705 4287 instructum,
2738 4218 3042 4277 secundum
3069 4217 3214 4289 quod
3245 4216 3359 4272 fre-

1778 4328 2010 4392 quenter
2036 4300 2394 4374 ostendimus.
2427 4313 2717 4370 Discedere
2744 4320 2926 4367 autem
2960 4325 3057 4367 eos
3080 4309 3358 4380 praecepit,

1708 4419 1754 4476 ι)
1780 4412 1836 4468 id
1885 4418 1990 4467 est
2034 4423 2203 4481 opere
2243 4407 2558 4472 ostendere,
2611 4404 2759 4477 quod
2813 4402 2980 4460 alieni
3011 4400 3360 4464 sintamalo,

1785 4503 1932 4575 quod
1963 4501 2213 4575 apparuit
2252 4501 2309 4555 in
2341 4499 2606 4565 Ecclesia,
2675 4505 2732 4553 et
2784 4509 2896 4552 non
2957 4492 3367 4552 communicent

1786 4610 1985 4667 pmnae,
2014 4608 2137 4665 quae
2166 4601 2252 4647 est
2274 4591 2456 4662 impiis
2502 4588 2821 4660 ingerenda.
2859 4585 3092 4659 Propter
3114 4587 3260 4658 quod
3309 4594 3365 4641 et

1786 4688 2016 4758 Moyses,
2044 4684 2263 4755 quando
2309 4682 2518 4738 Dathan
2547 4691 2602 4737 et
2657 4682 2865 4738 Abiron
2907 4681 2977 4735 ad
3029 4680 3367 4749 puniendum

1789 4788 1953 4850 atque
1974 4774 2397 4833 discernendum
2418 4773 2755 4828 deducturus
2783 4779 2920 4834 erat,
2944 4771 3203 4825 recedere
3242 4770 3368 4823 reli-

1789 4884 1951 4940 quam
1981 4863 2407 4926 multitudinem,
2442 4869 2505 4916 ut
2547 4875 2656 4915 non
2689 4858 2984 4929 participes
3019 4858 3372 4913 edicerentur

1786 4973 1982 5032 poena,
2022 4954 2284 5027 praecepit
2314 4968 2328 5006 :
2361 4953 2466 5008 hoc
2493 4958 2577 5009 est
2602 4952 2752 5013 enim
2785 4950 2931 5021 quod
2964 4950 3042 5005 ait
3082 4965 3097 5003 :

1840 5056 1940 5128 ’Ne
1956 5068 2232 5125 immunda
2265 5067 2401 5137 ﬁant
2427 5065 2605 5121 omnia
2668 5080 2786 5137 qua:
2816 5064 3046 5119 indeuia
3072 5071 3216 5119 sunt.
3273 5062 3371 5119 In-

1792 5165 2056 5236 trabitque
2087 5170 2266 5231 postea
2300 5160 2438 5213 idem
2458 5160 2722 5224 sacerdos,
2754 5166 2812 5211 ut
2859 5157 3149 5211 consideret
3182 5157 3372 5211 domus

1797 5259 2021 5328 lcpram.
2051 5255 2255 5310 Etcum
2274 5253 2464 5307 viderit
2496 5254 2552 5306 in
2572 5252 2863 5323 parietibus
2882 5251 3055 5317 illius,
3078 5251 3232 5322 quasi
3254 5250 3371 5303 ual-

1798 5350 2006 5413 liculas,
2035 5348 2241 5417 pallore
2261 5348 2365 5402 sive
2384 5347 2574 5401 rubore
2589 5346 2869 5415 deformes.
2900 5341 3142 5398 Parietes
3177 5343 3374 5397 domus

1799 5448 1947 5496 recte
1976 5440 2233 5495 dicuntur
2256 5439 2312 5494 hi
2336 5440 2428 5509 qui
2455 5453 2575 5494 cam
2609 5437 2915 5501 continent,
2939 5436 2991 5490 id
3025 5444 3130 5501 est,
3151 5435 3374 5490 ordines

1841 5637 1887 5669 “
1921 5636 2150 5689 Zachar.
2178 5650 2274 5697 vn,
2310 5633 2396 5688 ll.
2475 5634 2517 5666 "’
2546 5632 2564 5686 l
2597 5632 2725 5699 (ἔον.
2759 5649 2812 5696 v,
2841 5631 2924 5702 ὄρ
2970 5634 3016 5666 ⁸³
3049 5632 3236 5689 Matth.
3271 5648 3370 5702 xu,

2118 5705 2166 5736 τ’
2198 5704 2403 5759 Coloss.
2443 5719 2517 5766 tv,
2558 5702 2645 5757 15.
2761 5700 2845 5756 "l
2886 5700 3023 5757 Tim.
3056 5718 3143 5763 ιιι.
3172 5706 3230 5759 2.
