3886 6306
484 274 588 341 963

1679 258 2042 345 HESYCHII
2085 250 2561 327 PRESBYTER!
2620 270 2623 271 ί
3716 258 3789 321 tu

484 378 667 434 divina
694 372 993 435 dicentium“
1011 384 1177 446 atque
1204 372 1537 430 docentium.
1607 369 1684 426 Ex
1722 371 1809 426 his
1859 370 2062 441 quippe
2091 373 2136 431 Α
2164 368 2362 439 quibus
2389 369 2611 439 quando
2649 383 2818 425 sacrae
2839 369 3103 425 doctrina:
3119 382 3271 435 sunt,
3315 386 3438 426 non
3476 369 3788 437 incongr-

485 483 615 524 vere
640 468 893 524 cmnsistit
956 466 1221 531 Ecclesia,
1263 474 1319 520 et
1366 479 1476 519 non
1512 463 1657 520 sicut
1688 462 1910 533 quidam
1957 477 2062 531 pu-

487 570 624 626 tant,
657 576 725 616 ex
763 560 921 630 lignis
959 568 1124 629 atque
1153 557 1451 629 lapidibus.-
1498 556 1655 613 Unde
1717 563 1774 610 et
1828 554 2061 626 Moyses,

484 652 704 721 quando
731 652 984 721 colligere
1039 650 1336 720 jubebatur
1389 648 1715 712 Ecclesium,
1754 662 1865 702 non
1896 646 2065 716 ligna,

483 751 540 796 et
574 742 799 812 lapides,
824 749 1129 809 caeteraque
1158 739 1379 803 similia,
1407 740 1502 795 sed
1532 738 1767 808 plebem,
1795 736 2067 801 seniores,-

485 832 810 902 chitasque
835 833 1194 886 convocabat.
1225 831 1538 886 Secundum
1574 813 1738 900 quam
1775 829 1940 884 etiam
1976 842 2066 881 ra-

487 924 712 985 tionem,
740 921 1007 987 .lacobus,
1050 929 1106 976 et
1138 921 1373 991 Cepbas,
1402 930 1459 976 et
1510 919 1751 976 Joannes
1801 919 2067 974 columnae

487 1015 741 1070 Ecclesiae
772 1015 1125 1069 dicebantur.
1174 1013 1317 1085 Ergo
1346 1014 1588 1084 parietes
1628 1020 1778 1067 recte
1831 1010 2064 1066 ministri

482 1122 785 1172 sacrorum,
813 1107 1226 1177 doctoresque:
1293 1115 1486 1176 utpote
1554 1107 1657 1175 ipsi
1712 1105 2066 1160 stabilitatem

487 1198 744 1253 Ecclesiae
766 1198 1057 1253 fulcientes
1115 1208 1174 1252 ut
1206 1198 1421 1267 plebem
1471 1197 1875 1266 quodammodo
1926 1196 2068 1249 intra

482 1292 811 1362 semetipsos
845 1291 1185 1362 colligentes.
1214 1290 1650 1354 Pallensautem,
1687 1304 1783 1344 seu
1819 1298 1877 1343 ut
1902 1286 2065 1350 LXX,

483 1383 748 1445 viridans,
773 1391 827 1436 et
853 1382 1160 1436 rubicunda
1186 1381 1400 1435 macula
1423 1381 1601 1450 qualis
1621 1393 1810 1450 quaeve
1828 1379 1919 1445 sit,
1938 1378 2070 1433 satis

488 1473 878 1542 interpretatio
912 1472 1275 1541 praecedentis
1297 1471 1596 1526 sanctionis
1627 1469 1889 1524 ostendit.
1935 1468 2070 1522 Esse

478 1564 629 1619 enim
671 1564 815 1618 illam
848 1578 1040 1619 vanam
1093 1564 1322 1634 gloriam
1383 1572 1549 1633 atque
1605 1562 1919 1633 superbiam
1975 1561 2069 1616 de-

482 1655 832 1708 monstravit.
869 1654 941 1707 Ex
970 1653 1170 1722 quibus
1236 1652 1470 1707 rnaxime
1537 1652 1778 1722 parietes
1811 1650 2069 1706 Ecclesiae

483 1760 790 1815 corpusque
843 1758 999 1800 sacra
1067 1744 1495 1800 ministrantium
1550 1742 1945 1812 doctorumque
2000 1741 2070 1796 ad

479 1838 656 1891 malas
716 1851 781 1891 ac
831 1836 1087 1902 nefarias,
1119 1836 1425 1905 impiasqne
1477 1834 1756 1889 doctrinas
1819 1847 2070 1903 prorum-r

479 1937 643 2001 puni.
698 1929 751 1982 Si
782 1945 914 1999 ergo
973 1938 1253 1999 aspectum
1296 1928 1585 1998 parietum,
1647 1926 1923 1982 vallit'ulas
1973 1939 2069 1980 seu

477 2020 656 2076 fossas
689 2023 1001 2087 habentem,
1037 2023 1088 2076 id
1120 2030 1223 2089 cSt,
1257 2022 1302 2076 si
1364 2021 1653 2076 humiliora
1712 2033 1866 2075 sacra
1906 2017 2068 2071 mini-

480 2114 795 2179 strantium,
824 2114 904 2167 vel
943 2115 1326 2185 magistrorum
1381 2113 1723 2183 opinionem,
1780 2111 2069 2167 valescen-

480 2212 702 2271 temque
734 2202 1137 2270 quodammodo
1164 2217 1229 2255 ex
1264 2190 1664 2272 comprehenso
1691 2202 1916 2270 peccato
1938 2214 2065 2268 per-

480 2295 755 2368 spexerit,
782 2295 1101 2364 Egredietur
1126 2294 1318 2347 ostium
1375 2294 1580 2358 domus,
1621 2300 1669 2345 et
1704 2292 1887 2345 statim
1917 2289 2070 2344 clau-

482 2388 568 2440 det
597 2404 714 2440 eam
734 2397 931 2453 septem
957 2385 1157 2441 diebus.
1212 2386 1474 2441 Ecclesia:
1523 2386 1863 2439 moderatam
1918 2384 2071 2455 inge-

483 2480 1098 2548 rensiucrepationem,
1133 2495 1238 2549 qua
1298 2478 1636 2547 paenitentia:
1692 2476 1921 2547 percipit
1979 2492 2072 2532 ves

482 2569 650 2634 niam,
686 2579 739 2623 et
766 2570 1089 2624 absolvitur.
1116 2568 1475 2638 Septenarins
1505 2583 1637 2639 ergo
1674 2583 1937 2621 numerus
1953 2581 2075 2637 pec-

479 2661 590 2714 cati
630 2658 1179 2730 veniam.signilical.

554 2751 910 2821 ﬂeversusque
936 2752 1019 2804 die
1056 2751 1280 2819 septima
1312 2751 1661 2804 considerabit
1695 2768 1813 2804 eam
1860 2753 1943 2805 :si
1992 2753 2075 2804 in-

482 2843 679 2896 venerit
699 2843 919 2896 crevisse
943 2842 1167 2911 (cpt-am,
1188 2842 1390 2911 jubebit
1419 2844 1533 2896 erui
1552 2843 1776 2911 lapides,
1806 2845 1863 2895 in
1886 2842 2073 2913 quibus

483 2932 633 3005 lepra
652 2943 752 2999 est,
774 2942 823 2988 et
844 2933 1037 3003 projici
1058 2949 1145 2987 eos
1172 2944 1324 2987 extra
1349 2935 1612 2987 civitatem
1641 2935 1696 2987 in
1712 2933 1824 2987 loco
1840 2934 2073 2987 immun-

2166 459 2368 514 dicitur
2409 477 2422 512 :
2464 457 2691 530 Lapides
2713 461 2887 514 sancti
2921 462 3202 515 volvuntur
3249 478 3421 530 super
3486 471 3719 515 terra:
3738 462 3787 515 ’³.

2166 550 2233 605 Ει
2259 567 2450 606 rursus
2485 568 2501 604 :
2529 550 2839 623 Quicunque
2869 553 3212 623 aedificaverit
3241 570 3412 623 super
3454 552 3791 624 [undasun-

2168 651 2279 696 tum
2303 645 2399 697 hoc
2426 655 2966 715 aurum,~argentum,
3004 646 3207 714 lapides
3234 645 3617 716 pretiosos.u
3640 648 3659 664 ‘
3682 644 3793 700 Ριὲο

2168 751 2351 790 verem
2372 750 2502 790 vero
2529 751 2649 791 eam
2683 748 2805 807 quae
2844 738 3179 808 participatis
3208 748 3319 803 est,
3353 738 3793 808 interpretatio-

2169 842 2292 883 nem
2331 836 2495 897 atque
2527 829 2857 894 doctrinam,
2887 827 3005 898 ipse
3035 829 3246 898 Moyses
3277 829 3601 900 legislator
3632 828 3796 898 sign}

2169 920 2315 985 licet,
2346 920 2645 975 secundum
2664 918 2823 975 LXX.
2854 920 3086 987 Quando
3113 938 3243 991 ergo
3274 922 3795 976 Denter-(momina

2169 1011 2294 1065 ﬁliis
2325 1011 2495 1066 lsrael
2524 1011 2740 1073 edebat,
2778 1011 2899 1067 iure
2928 1013 2995 1067 ad
3042 1028 3144 1067 nos
3190 1000 3423 1068 dicebat
3479 1028 3496 1063 :
3560 1013 3642 1066 Et
3706 1015 3793 1065 erit

2169 1114 2482 1171 quacunque
2525 1101 2957 1173 dietransgressi
2992 1104 3202 1173 fueritis
3256 1104 3539 1156 Iordanis
3569 1113 3791 1164 ιειηι,

2170 1209 2330 1262 quam
2358 1191 2616 1247 Dominus
2644 1192 2783 1247 Deus
2812 1202 2935 1247 tuus
2951 1195 3121 1261 dabit,
3141 1204 3351 1248 statues
3383 1195 3621 1263 lapides
3634 1212 3793 1263 grea-

2169 1286 2292 1349 des,
2329 1294 2380 1339 et
2411 1285 2563 1339 linies
2598 1302 2683 1339 eos
2716 1285 2965 1354 pulvere,
3004 1295 3054 1340 et
3103 1287 3297 1340 scribes
3352 1302 3534 1354 super
3593 1286 3793 1355 lapides

2171 1392 2348 1429 omnes
2369 1391 2633 1429 sermones
2654 1375 2784 1446 legis
2826 1376 2987 1445 hujus
3015 1377 3079 1428 π.
3116 1375 3328 1430 Deinde
3380 1375 3658 1445 lapidum
3692 1376 3789 1428 vim

2172 1469 2414 1531 tradens,
2454 1468 2699 1536 apertius
2722 1466 2935 1522 addidit
2975 1485 2988 1519 :
3045 1465 3115 1519 Et
3137 1467 3338 1520 scribes
3368 1483 3546 1534 super
3594 1466 3791 1534 lepida

2169 1573 2375 1611 omnem
2406 1557 2570 1627 legem
2607 1559 2742 1611 lianc
2771 1569 2898 1626 apte
2955 1558 3131 1611 nimis.
3168 1557 3345 1627 Lapis
3370 1568 3573 1612 autem
3625 1558 3789 1628 legem

2172 1664 2281 1704 non
2310 1649 2584 1719 explanat,
2608 1650 2704 1705 sed
2730 1650 3029 1719 explanant
3060 1665 3181 1704 eam
3209 1650 3642 1718 exponentium
3663 1651 3785 1719 dog-

2170 1752 2314 1797 mata
2347 1753 2515 1814 atque
2559 1751 2959 1814 syngrammata
3009 1758 3075 1797 ac
3115 1743 3477 1812 participatis
3511 1742 3788 1811 interpre-

2171 1834 2341 1891 tatio:
2370 1851 2603 1905 quorum
2640 1836 2743 1890 hoe
2767 1836 2987 1905 quidem
3020 1852 3117 1906 per
3140 1836 3383 1904 lapides,
3415 1835 3578 1889 aliud
3610 1846 3783 1888 autem

2170 1940 2269 1996 per
2288 1925 2567 1995 pulverem
2599 1925 2942 1997 signiﬁcavit.
2974 1926 3126 1982 Unde
3151 1936 3208 1980 et
3240 1927 3534 1980 Dominus
3567 1937 3782 1996 aposto-

2175 2017 2245 2070 lis
2272 2017 2552 2087 prmcepit,
2585 2026 2646 2071 ut
2673 2026 2864 2072 contra
2887 2032 2981 2072 eos
3009 2018 3103 2087 qui
3125 2032 3236 2071 non
3271 2018 3651 2087 susciperent
3672 2034 3782 2070 ver-

2171 2108 2300 2164 bum
2326 2125 2514 2164 eorum
2545 2119 2709 2180 atque
2735 2110 3061 2176 doctrinam,
3085 2111 3249 2165 etiam
3282 2110 3596 2180 pulverem
3626 2124 3784 2164 excu—

2174 2209 2351 2255 terent
2381 2202 2580 2270 pedum
2614 2219 2628 2255 :
2664 2200 2972 2273 Quicunque
2994 2216 3097 2255 non
3151 2200 3459 2270 receperint
3521 2216 3641 2263 vos,
3702 2216 3781 2252 ut:

2172 2293 2459 2359 audierint,
2492 2303 2736 2347 exeuntes
2764 2294 2884 2348 inde
2903 2293 3129 2347 eacutite
3150 2292 3428 2361 pulverem
3468 2293 3542 2345 de
3570 2292 3783 2362 pedibus

2170 2387 2378 2451 vestris,
2413 2387 2472 2438 iu
2506 2386 2862 2440 testimonium
2891 2385 2998 2439 illis
3024 2386 3093 2439 ⁷⁷.
3157 2385 3318 2450 Quod
3350 2384 3416 2438 in
3468 2384 3570 2439 his
3609 2384 3779 2440 verbis

2172 2477 2583 2548 praecipientem
2611 2476 2905 2532 Dominum
2932 2477 3146 2531 Marcus
3181 2476 3378 2543 refert,
3430 2476 3577 2546 quia
3644 2476 3779 2531 enim

2172 2570 2361 2639 pedes,
2403 2570 2751 2642 erangelieos
2789 2570 2956 2624 libros
2982 2584 3100 2635 eos,
3145 2569 3295 2639 quod
3354 2569 3419 2623 in
3481 2570 3632 2640 ipsis
3686 2570 3777 2623 iter

2172 2658 2424 2714 doctores
2446 2669 2633 2729 agant,
2656 2659 2841 2714 divina
2864 2658 3113 2729 intelligit
3143 2658 3461 2729 Scriptura,
3496 2662 3662 2715 unde
3682 2662 3774 2713 ait:

2174 2749 2344 2816 Quam
2368 2753 2590 2822 speciosi
2620 2754 2774 2823 pedes
2800 2752 3279 2823 euangelizandum
3307 2768 3509 2820 pacem
3527 2753 3605 2806 ’⁸.
3623 2754 3778 2806 liecte

2174 2845 2457 2914 pulverem
2484 2846 2587 2901 sub
2610 2845 2783 2915 pedes
2794 2860 3009 2913 eorum,
3027 2845 3484 2915 evangelieorum
3508 2846 3777 2901 librorum

2176 2936 2427 2992 videlicet
2465 2937 2993 3006 interpretationem,
3026 2945 3251 3007 prepter
3278 2936 3522 2990 nimiam
3556 2937 3774 3004 accepit

483 3025 572 3078 do.
641 3024 711 3078 Et
745 3023 869 3086 hoc,
925 3021 1052 3091 Quia
1080 3020 1332 3076 diﬂ‘usam
1366 3022 1634 3077 maculam
1682 3036 1793 3077 non
1847 3022 2072 3087 invenit.
2102 3036 2147 3093 ο
2177 3029 2553 3085 subtilitatem.
2580 3029 2812 3100 Lapides
2839 3045 2973 3101 ergo
2997 3029 3168 3093 eradi,
3200 3038 3258 3083 et
3281 3028 3586 3098 pulverem
3621 3029 3774 3083 alium

486 3130 592 3170 nec
617 3113 1013 3168 esuberantem
1083 3113 1448 3184 impietatem,
1485 3114 1539 3168 id
1585 3121 1691 3181 est,
1725 3113 1813 3168 his
1849 3113 2068 3183 quidem

484 3206 579 3277 qui
604 3213 993 3276 peccaverunt,
1011 3213 1199 3275 utpote
1233 3205 1652 3275 pmuitentibus,
1675 3206 1909 3276 ignoscit
1932 3213 1988 3261 et
2014 3214 2073 3261 ut

486 3298 896 3352 exinﬁrmitate
924 3298 1300 3367 peccantibus.
1365 3300 1620 3368 Dogmata
1665 3306 1846 3352 autem
1870 3304 2074 3368 et-syn-

487 3394 809 3461 grammata,
843 3388 899 3442 in
927 3389 1124 3459 quibus
1153 3398 1238 3442 est
1276 3388 1631 3459 intelligibilis
1682 3389 2075 3458 leprm,videli-

487 3489 575 3534 cet
604 3479 902 3550 impietatis
932 3479 1165 3545 macula,
1219 3481 1337 3535 haec
1381 3494 1494 3534 non
1543 3476 1720 3535 solum
1777 3489 1931 3535 extra
1956 3480 2073 3535 'do-

486 3586 659 3638 mum,
700 3573 805 3626 sed
825 3580 976 3625 extra
1011 3572 1287 3627 civitatem
1311 3581 1457 3627 recte
1481 3572 1797 3642 projieiunt,
1833 3588 1944 3626 non
1980 3586 2073 3625 so-

487 3664 599 3717 lum
626 3663 693 3717 de
717 3679 824 3717 una
858 3661 1120 3727 Ecclesia,
1147 3664 1242 3718 sed
1279 3664 1348 3718 de
1406 3664 1703 3718 universali
1767 3664 2068 3734 ejicientes.

495 3753 837 3810 Universalis
879 3754 1025 3808 enim
1072 3754 1312 3809 Ecclesia
1360 3755 1665 3810 Jerusalem
1722 3765 1825 3817 est,
1883 3755 2073 3811 civitas

490 3846 585 3902 Dei
608 3847 738 3911 vivi,
778 3861 903 3916 quas
927 3847 1174 3902 continet
1200 3848 1497 3902 Ecclesium
1526 3848 1923 3918 primitirorum
1937 3865 2072 3903 con-

487 3935 745 4005 scriptam
772 3936 825 3989 in
859 3934 1104 3990 cmlis'”.
1157 3934 1525 4001 Quamobrem
1573 3939 1739 3992 etiam
1788 3939 1842 3991 in
1892 3936 2071 3993 lovu‘m

489 4030 830 4084 immundum
858 4029 1175 4099 projiciunt,
1198 4028 1343 4084 inter
1397 4030 1787 4085 hazreticorum
1817 4032 2075 4088 videlicet

487 4120 868 4191 conventicula
897 4135 913 4172 :
937 4119 1026 4175 bie
1050 4129 1136 4175 est
1156 4121 1305 4175 enim
1360 4119 1531 4186 locus,
1553 4121 1889 4187 immundus,
1948 4122 2073 4193 quia

487 4209 672 4264 onmia
718 4209 915 4279 recipit
981 4210 1233 4280 dogmata
1296 4209 1614 4279 impietatis.
1662 4212 1729 4265 Et
1762 4213 1891 4282 quid
1950 4223 2074 4284 post

488 4300 643 4356 haec?

562 4393 787 4446 Domum
817 4401 997 4445 autent
1027 4393 1198 4462 ipsum
1245 4393 1366 4445 radi
1392 4394 1713 4449 intrinsecus
1746 4412 1841 4464 per
1872 4399 2071 4452 circui-
2102 4373 2159 4429 θ

491 4492 624 4545 tum,
656 4495 705 4534 et
729 4482 912 4551 spargi
934 4483 1201 4549 pulverem
1234 4499 1436 4538 rasura:
1469 4495 1620 4537 extra
1657 4487 1859 4553 urbem,
1882 4490 1939 4542 in
1960 4488 2071 4543 loco

490 4575 780 4628 immundo.
817 4575 1033 4629 lladunt
1065 4575 1306 4642 domum,
1357 4577 1451 4647 qui
1485 4578 1653 4633 libros
1671 4580 2074 4639 ecclesiasticos

490 4665 803 4737 intelligere
837 4674 1005 4736 atque
1029 4667 1347 4723 discernere
1390 4670 1664 4727 subtiliter
1706 4674 1947 4742 student,
2012 4685 2075 4732 ut

488 4759 592 4829 ipsi
623 4773 843 4814 omnem
870 4759 1137 4814 malitiam
1181 4759 1474 4832 diligenter
1498 4775 1931 4834 perscrutantes,
1986 4770 2074 4824 in-

490 4850 835 4921 sidentesque
863 4851 1115 4907 doctores
1132 4851 1190 4906 in
1225 4853 1407 4922 pravis
1431 4853 1605 4927 libris,
1645 4860 1854 4914 rosario
1874 4859 2073 4930 dijudi-

488 4943 723 4998 cationis
747 4943 1109 5009 excutientes,
1142 4944 1322 4999 nullas
1355 4945 1409 4999 iu
1436 4961 1500 5001 ea
1542 4947 1841 5017 impietatis
1891 4953 2075 5007 sinant

491 5048 775 5090 remanere
802 5034 1062 5104 reliquias
1092 5049 1107 5086 :
1135 5033 1232 5088 sed
1269 5043 1323 5089 et
1351 5051 1472 5105 qua
1499 5037 1826 5107 abraserim,
1857 5042 1973 5096 haec
2018 5043 2073 5096 in

492 5127 812 5195 praedictum
848 5125 1193 5180 immundum
1223 5124 1424 5192 locum,
1454 5127 1598 5183 sicut
1626 5130 1905 5185 immunda
1937 5141 1992 5186 et
2017 5133 2073 5187 in

491 5214 789 5270 immundis
813 5216 1031 5270 inventa
1066 5225 1213 5270 recte
1256 5216 1568 5287 deportant,
1595 5220 1913 5291 lapidesque
1937 5223 2073 5278 alios

494 5308 684 5377 reponi
721 5323 819 5378 pro
849 5308 934 5364 his
961 5310 1053 5379 qui
1088 5309 1252 5364 ablati
1280 5308 1519 5375 fuerant,
1560 5313 1746 5366 etluto
1783 5314 1889 5369 alio
1923 5316 2070 5372 liniri

493 5399 916 5468 domum.Quod
963 5404 1171 5473 lapides
1230 5414 1481 5475 oporteat
1545 5405 1773 5477 intelligi
1818 5408 2071 5480 dogmata

496 5494 889 5560 exponentium
915 5493 1157 5549 divinam
1212 5495 1386 5567 legem
1421 5505 1477 5549 et
1528 5506 1951 5566 syngrammata,
2002 5501 2070 5555 de

601 5631 647 5664 ’δ
679 5631 845 5685 llcbr.
902 5648 1001 5695 xu,
1028 5631 1119 5697 22,
1159 5633 1251 5685 23.

506 5690 546 5702 ﬂ
571 5631 647 5702 7“
679 5631 845 5685 Hebr.
902 5648 1001 5695 xu,
1028 5631 1119 5697 22,
1159 5633 1251 5685 23.
1347 5631 1394 5663 ⁷⁸
1416 5632 1645 5687 Zachar.
1680 5648 1754 5701 ιχ,
1786 5635 1873 5690 l6.

511 5693 672 5754 "lsa.
703 5716 796 5765 ιιι,
827 5702 889 5767 7;
923 5693 1078 5755 llam.
1106 5693 1180 5767 ἰ,
1210 5703 1300 5756 15.

1409 5705 1451 5735 τ’
1472 5705 1592 5758 Act.
1622 5720 1711 5770 xv,
1748 5705 1771 5757 l
1808 5721 1960 5775 seqq.

1974 5640 2037 5671 ⁷⁵³
2074 5637 2091 5690 l
2124 5638 2248 5693 Cor.
2286 5653 2373 5701 ιιι,
2407 5638 2497 5693 l2.

2176 3121 2365 3177 inferri
2398 3122 2608 3189 dicens,
2638 3131 2866 3193 purgata
2886 3122 2956 3176 ab
2987 3121 3138 3176 omni
3166 3120 3311 3175 malo
3341 3120 3643 3191 dogmata,
3701 3128 3775 3173 sto

2173 3230 2281 3284 que
2311 3215 2629 3270 doctrinam
2657 3231 2757 3285 pro
2807 3215 2963 3270 malis
2993 3215 3099 3269 illis
3126 3213 3341 3279 inferri,
3375 3224 3438 3268 et
3469 3213 3770 3268 Ecclesiau

2173 3307 2318 3363 liniri
2340 3308 2463 3361 sine
2478 3306 2588 3363 ulla
2613 3307 2897 3362 dubietate
2924 3325 2938 3361 :
2992 3307 3098 3361 hoc
3117 3305 3263 3361 enim
3318 3305 3490 3360 nobis
3516 3306 3773 3361 conside-

2173 3400 2312 3453 ratio
2334 3398 2470 3469 legis
2500 3398 2782 3453 evidenter
2813 3398 3074 3454 ostendit.
3114 3398 3311 3451 Annon
3363 3408 3425 3452 et
3456 3397 3681 3453 Paulus
3707 3397 3771 3449 le-

2176 3506 2325 3561 pram
2347 3491 2662 3562 dogmatum
2684 3492 2742 3544 in
2780 3490 3099 3547 doctoribus
3128 3490 3497 3545 Antiocheam
3513 3504 3765 3551 cernens.

2171 3582 2376 3639 Jacobo
2414 3592 2604 3655 utpote
2634 3583 2910 3639 sacerdoti
2960 3599 3158 3654 magno
3202 3582 3555 3638 nuntiavit"
3588 3583 3617 3636 2
3644 3582 3764 3649 Quia

2172 3676 2341 3730 erasis
2362 3678 2654 3744 pravorum
2687 3676 2973 3730 doctorum
3007 3675 3153 3729 notis
3189 3674 3575 3745 dogmatibus,
3613 3676 3762 3729 aufe-

2175 3783 2300 3823 rens
2336 3767 2546 3837 lapides
2573 3766 2628 3821 in
2656 3767 2775 3822 loco
2800 3781 2989 3821 eorum
3023 3782 3037 3817 :
3068 3765 3401 3821 rectissimas
3449 3765 3763 3836 Hierosoly-

2174 3858 2394 3912 niitanae
2432 3859 2678 3914 ecclesiae
2703 3858 2933 3923 litteras,
2958 3867 3015 3912 et
3047 3857 3327 3928 pulverem
3364 3874 3380 3910 :
3420 3872 3589 3911 suam
3622 3858 3761 3911 vide-

2174 3948 2299 4003 licet
2323 3948 2630 4003 doctrinam
2651 3949 2881 4013 addens,
2924 3950 3082 4002 unxit
3109 3947 3407 4003 Ecclesium
3436 3950 3762 4018 curavitque

2173 4042 2315 4111 quod
2341 4041 2635 4095 acciderat.
2677 4039 2788 4095 Sed
2818 4056 2922 4096 nec
2962 4041 3044 4096 sic
3065 4057 3183 4096 eam
3206 4040 3457 4110 relinqui
3488 4042 3765 4096 indiscus-

2175 4147 2288 4187 sam
2312 4132 2366 4186 in
2387 4134 2842 4202 subsequentibus
2858 4132 3090 4187 sancivit
3116 4150 3138 4187 τ-
3167 4133 3292 4202 quia
3318 4132 3471 4186 enim
3506 4134 3760 4204 iniquitas

2175 4224 2231 4279 in
2255 4240 2371 4292 eos,
2397 4226 2489 4295 qui
2520 4240 2813 4295 pravorum
2849 4227 3160 4297 dogmatum
3191 4225 3385 4281 morbo
3420 4225 3757 4291 afﬁciuntur,

2175 4318 2282 4373 cito
2320 4317 2633 4382 revertitur,
2670 4327 3032 4388 etpropterea
3051 4319 3123 4371 ait
3153 4334 3167 4370 :

2250 4409 2344 4466 Sin
2369 4423 2548 4464 autem
2582 4420 2862 4481 postquam
2916 4412 3053 4463 eruti
3089 4420 3209 4464 sunt
3241 4409 3467 4479 lapides,
3502 4420 3553 4463 et
3601 4410 3758 4478 pultis

2177 4503 2371 4569 elatus,
2408 4511 2456 4555 ct
2487 4503 2598 4554 alia
2645 4511 2789 4555 terra
2834 4502 2929 4555 lita
2950 4544 2963 4567 ,
2996 4503 3259 4572 ingressus
3290 4503 3542 4555 sacerdos
3582 4503 3757 4555 uiderit

2152 4610 2442 4656 .reversam
2468 4593 2668 4661 lepram
2694 4604 2742 4648 et
2777 4595 3017 4664 parietes,
3064 4609 3303 4662 aspersas
3332 4594 3586 4658 maculis,
3620 4594 3755 4662 lepra

2177 4695 2255 4741 est
2286 4702 2640 4755 perseverans,
2675 4695 2725 4740 et
2751 4686 3025 4739 immunda
3054 4685 3258 4738 domus.
3298 4684 3356 4737 Si
3386 4685 3539 4739 enim
3577 4686 3758 4754 ejectis

2177 4776 2335 4831 malis
2361 4776 2724 4847 dogmatibus,
2749 4784 2806 4830 et
2818 4776 2940 4830 aliis
2962 4792 3107 4830 sana:
3124 4774 3386 4830 doctrina:
3410 4776 3757 4836 introductis,

2172 4869 2286 4937 ipsa
2320 4883 2508 4922 rursus
2536 4868 2830 4937 impietatis
2859 4869 3109 4923 doctrina
3161 4870 3473 4923 inveniatur
3517 4883 3754 4936 aspersa.

2173 4958 2226 5012 id
2257 4966 2342 5012 est
2375 4958 2594 5025 dib‘usa,
2621 4959 2738 5012 sive
2758 4960 3092 5025 exuberans,
3124 4969 3255 5013 tunc
3279 4959 3538 5012 sacerdos
3564 4973 3679 5011 non
3703 4974 3757 5009 es

2173 5046 2474 5117 longinquo
2510 5047 2719 5112 auditu,
2766 5048 2862 5102 sed
2921 5048 3260 5117 inSpectione
3312 5063 3413 5102 sua
3459 5048 3753 5117 cognoscit.

2174 5137 2321 5203 quod
2350 5150 2682 5204 permanens
2698 5144 2780 5190 est
2807 5136 3108 5206 impietatis
3134 5137 3334 5206 passio,
3368 5146 3429 5190 et
3459 5136 3754 5190 immunda

2179 5228 2340 5282 aliam
2381 5227 2759 5282 ministrorum
2802 5228 3197 5297 doctorumque
3233 5226 3536 5283 Ecclesiam
3570 5228 3627 5281 in
3661 5243 3751 5297 qua

2183 5317 2348 5372 fuerit
2367 5332 2590 5387 aspersa
2608 5333 2705 5372 seu
2722 5317 2825 5372 dill‘
2825 5334 2941 5373 usa.
2962 5319 3217 5388 impietas
3240 5328 3389 5374 recte
3406 5319 3748 5382 discernitur.

2179 5410 2324 5478 quod
2345 5410 2640 5464 ostendent
2660 5410 2942 5480 sequentia
2963 5428 2976 5464 :
3013 5410 3089 5465 ait
3112 5410 3260 5465 enim
3287 5428 3302 5464 :

2251 5500 2423 5566 Quum
2441 5503 2627 5556 statim
2655 5502 2947 5568 destruent,
2983 5512 3032 5557 et
3081 5502 3281 5572 lapides
3333 5503 3451 5573 eius
3498 5520 3564 5557 ac
3595 5505 3747 5575 ligna,

2596 5640 2640 5671 ⁷⁸
2673 5640 2832 5694 Deut.
2876 5656 3048 5707 nvn,
3091 5643 3210 5699 4-8.
3288 5640 3527 5699 "-llarc.
3559 5661 3634 5710 vi,
3667 5643 3747 5700 ll.
3838 5708 3839 5719 χ
