3886 6306
65 317 204 377 905
1283 321 1366 384 IN
1408 323 1676 385 LEVI'l'It

1787 328 1848 386 Η.
1878 355 1947 366 -
1985 332 2130 393 LIB.
2167 330 2228 393 Υ.
3261 335 3367 400 966

61 445 260 500 utth
292 429 596 483 uniuersum
629 430 896 497 pulverem
933 431 1211 500 projicient
1241 445 1392 489 extra
1423 439 1698 504 oppidum,‘
1722 445 1762 500 Α
1797 459 1892 506 pro
1915 445 2069 498 nobis
2103 456 2178 499 est
2206 445 2542 510 incarnatus,
2582 445 2964 500 committitur.
2995 446 3060 500 Et
3080 458 3368 517 propterea

66 523 146 577 in,
181 522 365 574 locum
394 522 746 576 immundum.
770 522 827 576 Id
861 533 963 587 est,
1001 539 1109 577 non
1143 525 1318 579 solum
1388 528 1494 596 jam
1553 547 1683 582 t'ott-
1788 535 1838 586 in
1871 535 2090 588 domum
2123 537 2488 590 mundandain
2523 537 2640 592 haec
2671 538 2918 606 accipere
2941 537 3199 593 sacriﬁcia
3226 555 3367 608 pra:-

66 610 656 680 deiiznantdogmata,
683 611 778 665 sed
814 621 870 665 et
908 612 1054 681 ipsos
1108 614 1160 667 in
1212 616 1412 684 quibus
1464 616 1682 672 inventa
1785 626 1934 693 cipit,
1993 641 2112 694 quia
2169 627 2480 694 mysterium
2529 627 2649 696 ejus
2710 627 3084 696 passion‘isque
3106 627 3385 696 figurant,’

74 699 334 764 luerim,
360 701 539 755 ethos
567 717 632 754 ex
661 716 893 770 quorum
938 703 1213 759 locutione
1258 706 1419 775 impia
1455 708 1682 762 ecclesia
1786 723 1976 780 utpote
2007 729 2126 782 quae.
2150 716 2484 769 sullicienter
2505 732 2600 784 per
2634 717 2754 779 has,
2787 732 2908 785 qua:
2959 717 3028 771 de
3089 718 3174 771 bis
3214 728 3364 783 sunt,

72 791 451 854 constiterat,
470 793 990 862 omnemqueipsam
1043 796 1333 850 destruunt
1367 796 1680 852 Ecclesiam.
1811 805 2080 874 heologias
2101 809 2272 875 possit
2302 823 2493 862 sanare
2524 811 2865 877 peccantium
2897 810 3124 881 linguas,
3153 812 3368 865 omnia.

74 884 254 936 Odiui
287 884 460 946 enim,
488 884 684 952 inquit,
722 887 1178 955 congregationem
1202 887 1578 956 malignorum,
1634 896 1682 940 et
1783 909 1890 962 que
1916 911 2104 949 eorum
2134 899 2400 951 "tundat-(-
2442 909 2683 966 peccata.

80 991 224 1027 cum
256 975 435 1044 impiis
465 991 567 1028 non
600 977 805 1040 sedebo,
837 978 978 1030 sicut
1016 977 1183 1031 David
1214 977 1430 1032 dicebat
1451 978 1518 1031 ⁸ο.
1545 978 1684 1047 Ergo
1859 986 2016 1040 Vnus.
2040 987 2230 1041 54-57.
2262 1008 2280 1038 ι
2319 989 2423 1041 Ista
2457 999 2541 1043 est
2575 991 2753 1044 (llllllls
2805 991 2888 1044 lex
2916 991 3101 1061 leprm,
3139 1000 3196 1047 et
3234 1007 3363 1063 per-

76 1073 148 1117 et
169 1071 331 1116 extra
357 1079 495 1127 eam,
525 1080 644 1138 qua:
677 1064 726 1116 in
758 1065 910 1119 C(elis
937 1074 1020 1118 est
1048 1065 1361 1132 constituta,
1393 1067 1512 1120 viva
1531 1068 1676 1120 νίιιε-

1787 1091 2028 1133 cussura:
2056 1080 2242 1149 leprir,
2281 1083 2537 1144 vestium,
2581 1091 2635 1135 et
2665 1083 2949 1136 domorum
2981 1085 3267 1148 cicatricis,
3311 1093 3367 1140 et

79 1152 230 1207 licet
257 1169 324 1206 ac
357 1169 476 1206 vera
511 1154 818 1208 excluditur
858 1155 1073 1210 civitate
1094 1164 1149 1209 et
1203 1171 1326 1210 cum
1391 1157 1676 1211 immundis

1787 1172 2194 1239 erumpentium
2222 1172 2544 1242 papularum
2586 1173 2820 1227 lucentis
2876 1176 3124 1242 maculze,
3193 1186 3247 1230 et
3310 1178 3365 1230 in

81 1254 392 1314 reputatur
424 1245 712 1298 haereticis.

169 1333 280 1398 Qui
306 1336 575 1388 intraverit
607 1335 663 1387 in
685 1335 898 1388 domum
934 1336 1114 1401 istam,
1146 1338 1354 1407 quando
1385 1339 1567 1392 clausa
1585 1347 1678 1392 est.

83 1427 154 1479 Id
185 1439 297 1488 est,
327 1443 447 1495 quae
477 1427 657 1480 multa:
686 1442 782 1480 seu
818 1441 990 1495 paenae
1023 1428 1268 1496 subjecta
1298 1437 1401 1482 est.

167 1517 273 1582 Qui
300 1520 559 1587 ingressus
583 1519 759 1588 fuerit.
821 1518 876 1572 ln
905 1519 1149 1588 quolibet
1172 1520 1224 1574 ei
1274 1522 1684 1576 communicans

79 1610 490 1680 conventiculo
528 1609 844 1663 immundus
874 1611 979 1663 erit
1022 1625 1195 1679 usque
1219 1610 1348 1666 dum
1398 1612 1678 1681 paeniteat.

86 1701 163 1754 Et
197 1702 374 1755 multo
403 1701 572 1771 magis
595 1702 686 1770 qui
713 1701 767 1754 in
803 1716 868 1754 ea
904 1703 1126 1767 dormit,
1154 1703 1242 1757 hic
1275 1703 1540 1773 siquidem
1573 1720 1681 1757 non

85 1794 262 1848 aliter
293 1793 606 1863 suscipitur,
631 1794 735 1847 nisi
783 1794 1030 1864 lacrymis
1059 1795 1253 1849 laverit
1283 1795 1677 1866 intelligibilem
1717 1773 1758 1829 Β

89 1887 323 1939 stolam.
354 1885 595 1938 Dormire
624 1893 806 1938 autem
839 1885 893 1936 in
941 1901 1002 1939 ea
1059 1885 1408 1956 intelligimus
1463 1887 1678 1955 requie-

92 1984 350 2028 scentem
370 1974 420 2026 in
447 1973 628 2027 verbis
648 1974 787 2042 ejus,
806 1984 861 2028 et
884 1989 996 2027 non
1013 1975 1432 2029 consuetudinis
1449 1975 1680 2044 alicujus

89 2081 267 2118 causa
293 2066 346 2118 in
379 2065 496 2134 ejus
512 2064 752 2119 consiliis
776 2065 1159 2119 divertentem.

173 2157 278 2208 Sed
305 2165 352 2208 et
381 2156 470 2226 qui
497 2156 777 2208 comederit
810 2157 863 2208 in
895 2173 978 2208 ea.
1015 2156 1210 2210 Cibum
1235 2157 1444 2210 scilicet
1492 2155 1678 2226 mysti-

88 2257 232 2294 cum
263 2241 496 2294 similem
527 2242 678 2312 legis,
711 2251 764 2296 et
801 2243 1053 2297 eumdem
1091 2244 1228 2312 juris
1259 2245 1450 2297 sortita
1475 2255 1557 2298 est
1595 2245 1678 2298 ef-

95 2334 310 2383 l'cctum
335 2345 347 2382 :
371 2331 497 2399 quia
528 2330 672 2382 illius
725 2331 979 2400 mysteria
1009 2332 1286 2400 percipere
1335 2332 1680 2401 praesumpsit

95 2420 384 2486 Ecclesiae,
415 2435 575 2488 quam
612 2421 876 2475 destruxit
906 2423 1177 2487 sacerdos,
1211 2423 1488 2491 reperiens
1515 2423 1679 2491 impie

91 2520 380 2580 agentem,
405 2520 459 2564 et
486 2511 758 2564 doctrinas
779 2512 969 2576 malas,
1027 2512 1079 2565 id
1127 2520 1230 2578 est,
1270 2513 1434 2582 ligna,
1465 2512 1673 2577 fenum,

95 2601 363 2670 stipulam
385 2602 696 2657 habentem.
721 2602 874 2657 Unde
917 2617 1024 2656 non
1066 2603 1240 2657 solum
1283 2603 1492 2672 lapides
1535 2605 1674 2672 ejus,

99 2705 286 2758 neque
319 2691 466 2744 enim
497 2701 652 2746 erant
687 2693 932 2762 pretiosi,
965 2693 1063 2747 sed
1087 2702 1142 2747 et
1164 2693 1308 2764 ligna
1339 2703 1525 2763 utpote
1544 2709 1677 2748 con-

95 2785 290 2852 juncta
321 2782 449 2837 feno
487 2800 550 2839 ac
576 2785 786 2855 stipulae
812 2785 1060 2856 projecit.

181 2899 339 2958 Vens.
365 2901 557 2956 48-55.
591 2921 608 2952 ε
635 2900 791 2967 Quod
828 2903 872 2956 si
896 2901 1167 2957 introierit
1195 2902 1448 2957 sacerdos
1473 2902 1525 2955 in
1577 2902 1676 2957 do-

102 3009 278 3059 mum,
305 3003 360 3048 et
388 2993 584 3050 viderit
613 2994 813 3063 lepram
867 3009 976 3049 non
1007 2994 1243 3049 crevisse
1273 3004 1554 3064 postquam
1579 2996 1679 3049 de-

101 3100 218 3138 nuo
244 3085 408 3140 lenita
425 3094 528 3152 est,
565 3085 876 3154 puriﬁcabit
915 3100 1036 3140 eam
1075 3087 1285 3140 reddita
1308 3087 1556 3142 sanitate.
1610 3087 1675 3140 Et

104 3176 161 3228 in
191 3177 566 3244 purificatione
588 3177 708 3246 ejus
730 3176 894 3231 sumit
915 3177 1054 3231 duos
1079 3192 1325 3247 passeres
1355 3177 1672 3248 lignumque

103 3269 406 3335 cedrinum,
431 3278 485 3324 ct
515 3269 890 3333 vermiculuin,
913 3277 1075 3339 atque
1097 3270 1410 3340 hyssopum.
1459 3269 1525 3322 Et
1581 3272 1676 3323 im-

104 3360 306 3414 uiolato
331 3377 441 3416 uno
471 3376 691 3431 passere
722 3361 776 3415 in
797 3377 922 3415 vase
957 3361 1105 3416 ﬁctili
1124 3375 1290 3431 super
1316 3375 1484 3430 aquas
1500 3360 1671 3426 vivas,

107 3451 246 3504 tollit
266 3451 468 3527 lignum
495 3452 777 3508 cedrinum
816 3461 872 3507 et
899 3453 1222 3524 bysSOpum,
1254 3461 1309 3508 et
1335 3467 1583 3518 coccum,
1618 3462 1676 3508 et

104 3558 380 3612 passerem
418 3543 626 3610 vivum,
656 3552 712 3598 et
763 3543 996 3615 intinget
1054 3545 1236 3598 omnia
1296 3544 1352 3598 in
1411 3544 1676 3614 sanguine

105 3635 338 3704 passeris
354 3636 633 3701 immolati,
651 3645 813 3706 atque
831 3636 884 3689 in
903 3637 1058 3705 aquis
1071 3635 1398 3702 viventibus,
1422 3644 1476 3690 et
1491 3650 1676 3706 asper-

105 3734 198 3796 get
216 3726 435 3780 domum
469 3727 686 3798 septies,
716 3727 1134 3798 puriﬁcabitque
1161 3735 1428 3791 eam,tam
1457 3726 1511 3779 in
1548 3742 1675 3780 san-

105 3818 272 3888 guine
287 3819 541 3888 passeris,
563 3835 723 3889 quam
751 3819 806 3873 in
831 3819 986 3889 aquis
1012 3818 1345 3885 viventibus,
1381 3825 1438 3872 et
1469 3817 1522 3872 in
1550 3833 1676 3888 pas—

107 3924 229 3963 sere
258 3911 397 3976 vivo,
424 3910 679 3981 lignoque
711 3911 957 3974 cedrino,
985 3918 1040 3965 et
1071 3911 1328 3981 hyssopo,
1359 3918 1523 3980 atque
1554 3925 1675 3963 ver—

110 4001 327 4055 miculo.
365 4005 612 4072 Cumque
677 4004 948 4058 dimiserit
1001 4018 1286 4073 passerem
1342 4003 1556 4056 avolare
1620 4002 1671 4055 in

107 4108 292 4161 agrum
323 4095 491 4149 libere
511 4137 524 4161 ,
550 4095 729 4148 orabit
751 4110 848 4164 pro
877 4095 1065 4154 domo.
1089 4103 1146 4148 et
1163 4095 1283 4162 jure
1300 4093 1671 4146 mundabitur.

184 4183 348 4252 Cujus
385 4183 676 4254 imaginem
717 4183 832 4238 haec
861 4183 1143 4249 sacrilicia,
1178 4183 1244 4236 de
1270 4182 1468 4252 quibus
1498 4181 1676 4251 loqui-

112 4285 199 4327 tur
242 4273 534 4343 legislator,
561 4284 773 4345 gerant,
821 4289 919 4343 per
965 4273 1354 4343 subsequentia
1404 4272 1677 4327 subtiliter

110 4379 443 4434 exponemus
483 4382 495 4418 :
527 4365 747 4435 quando
799 4380 862 4420 ea
892 4373 949 4419 et
985 4364 1039 4417 in
1090 4379 1420 4434 unoquoque
1463 4363 1676 4434 leproso

1786 1262 1966 1316 varias
1997 1263 2210 1332 species
2245 1263 2520 1317 coloribus
2579 1263 2899 1328 immutatis,
2926 1273 2985 1318 ut
3014 1266 3185 1334 possit
3240 1267 3364 1320 sciri

1786 1365 1896 1418 quo
1937 1360 2183 1420 tempore
2222 1353 2352 1422 quid
2401 1353 2665 1406 mundum
2723 1353 2805 1406 vel
2847 1353 3186 1408 immundum
3218 1356 3308 1410 sit.
3342 1377 3360 1407 ι

1857 1441 1960 1495 lsta
1995 1450 2078 1506 est
2103 1441 2284 1495 omnis
2313 1441 2395 1494 lex
2438 1442 2638 1510 leprm:
2675 1441 2800 1510 quia
2832 1441 2993 1496 latius
3024 1444 3364 1499 sanctionem

1785 1532 1948 1601 lepra:
1981 1533 2255 1601 exposuit,
2288 1531 2653 1586 necessarium
2675 1533 2936 1600 judicavit
2961 1534 3080 1602 ejus
3107 1535 3364 1588 reiterare

1785 1623 2060 1690 capitula,
2125 1632 2180 1675 et
2247 1621 2399 1690 prius
2461 1621 2679 1690 quidem
2752 1623 3088 1690 complexive
3151 1639 3358 1693 genus,

1788 1720 1907 1782 post
1959 1713 2072 1766 hiec
2118 1719 2301 1765 autem
2350 1711 2559 1780 species
2593 1728 2689 1781 per
2738 1722 2920 1781 partes
2951 1715 3205 1783 exponit;
3239 1733 3362 1772 cum

1787 1804 1932 1858 enim
1964 1805 2100 1858 dixit
2135 1821 2154 1857 :

1857 1896 1941 1949 Ita
1975 1907 2050 1949 est
2091 1897 2259 1949 omnis
2281 1895 2364 1948 lex
2396 1895 2586 1964 leprw.
2624 1898 2959 1966 complexive
2986 1914 3156 1968 genus
3181 1910 3351 1954 osten-

1787 1985 1884 2038 dit.
1920 1985 2146 2055 Species
2176 1993 2359 2038 autein
2401 1995 2530 2038 sunt
2557 1988 2933 2054 apertissimze,
2967 2005 3103 2056 quas
3141 1991 3193 2042 in
3229 1993 3360 2044 suh-

1787 2078 2140 2146 sequentibus
2194 2079 2417 2143 addidit,
2465 2093 2786 2147 praeponens
2814 2090 2959 2133 recte
3003 2096 3359 2148 percussum,

1787 2170 1930 2238 quod
1988 2185 2094 2222 non
2148 2177 2231 2222 est
2281 2169 2660 2238 qualecunque
2722 2180 3005 2239 peccatum
3048 2189 3062 2226 :
3116 2175 3360 2228 omnium

1786 2261 1984 2329 quippe
2017 2275 2136 2314 esse
2168 2261 2271 2314 hoc
2312 2260 2552 2315 deterius
2579 2261 2832 2316 diximus.
2877 2262 2970 2316 Est
3009 2273 3190 2318 autem
3228 2266 3362 2335 dog-

1787 2362 1989 2405 matum
2036 2345 2459 2422 impietasfquze
2503 2353 2771 2424 contingit
2796 2356 3118 2423 quibusdam
3149 2357 3216 2411 de
3262 2373 3362 2426 po-

1787 2445 1934 2512 pulo,
1995 2445 2060 2497 de
2111 2444 2312 2512 quibus
2370 2454 2425 2498 et
2490 2444 2766 2514 legislator
2805 2447 3059 2502 dicebat:
3125 2447 3232 2514 Vir,
3266 2459 3360 2503 aut

1789 2534 1997 2596 mulier,
2045 2534 2100 2586 iu
2143 2550 2245 2603 quo
2293 2533 2449 2603 fuerit
2493 2535 2650 2604 plaga
2701 2535 2877 2604 leprtc.
2924 2535 2982 2589 Si
3032 2546 3210 2591 autem
3244 2547 3364 2592 lano

1786 2625 2062 2678 tummodo
2106 2625 2448 2680 sacerdotum
2489 2627 2808 2679 memoriam
2864 2627 3128 2694 fecisset,
3167 2630 3362 2684 mulie-

1788 2733 1900 2769 rem
1925 2717 2146 2770 rninime
2177 2719 2532 2772 nominasset.
2563 2719 2693 2772 Post
2721 2719 2834 2772 haec
2864 2719 3092 2788 lepram,
3127 2736 3249 2790 qua:
3276 2731 3361 2776 est

1786 2807 1839 2859 in
1876 2807 2187 2870 virtutibus,
2224 2809 2441 2878 posuit;
2480 2809 2594 2862 haec
2638 2819 2765 2863 sunt
2788 2810 2936 2863 enim
2966 2811 3161 2864 animat
3192 2813 3360 2868 vesti-

1784 2907 1989 2963 menta,
2033 2899 2085 2953 id
2133 2909 2216 2954 est
2257 2915 2320 2954 ea
2347 2915 2467 2970 quae
2502 2910 2632 2954 sunt
2677 2901 2728 2954 in
2767 2903 3132 2958 Ecclesiarum
3166 2904 3361 2960 docto-

1785 2989 1936 3043 ribus
1964 3005 2028 3044 ac
2057 2991 2454 3045 sacerdotibus.
2508 2990 2572 3044 Hi
2607 2992 2752 3045 enim
2785 2994 2981 3048 domus
3021 3004 3076 3049 et
3121 2997 3360 3065 parietes

1787 3090 1944 3135 terrm
1985 3083 2347 3150 possessionis
2396 3083 2602 3136 ostensi
2645 3091 2791 3137 sunt.
2835 3085 3039 3140 Deinde
3087 3087 3358 3143 cicatricis

1776 3182 1830 3227 et
1855 3172 2256 3242 erumpentium
2287 3173 2606 3243 papularum
2629 3176 2942 3229 memoriam
2970 3177 3120 3240 facit,
3150 3177 3356 3248 lepram

1776 3278 1958 3317 veram
2000 3264 2332 3326 describens,
2378 3279 2497 3318 eam
2529 3280 2649 3333 qua:
2687 3265 2742 3317 in
2798 3267 3059 3334 peccatis,
3095 3268 3212 3322 sive
3251 3270 3356 3325 du-

1775 3355 1901 3418 biis,
1928 3355 2042 3410 sive
2065 3355 2304 3424 probatis
2331 3356 2603 3414 omnibus.
2640 3357 2725 3410 his
2755 3359 2992 3413 subdidit
3019 3377 3034 3412 :

1852 3446 1912 3500 Ut
1940 3448 2098 3514 possit
2123 3447 2246 3499 sciri
2275 3463 2375 3516 quo
2407 3457 2635 3515 tempore
2686 3449 2812 3517 quid
2856 3453 3108 3504 mundum
3161 3453 3240 3506 vel
3261 3454 3356 3507 im-

1776 3537 2028 3589 mundum
2061 3537 2150 3590 sit.
2194 3535 2522 3602 Ostendens,
2573 3537 2699 3606 quia
2733 3548 2861 3601 tunc
2902 3539 3224 3608 delinquens
3249 3541 3354 3595 iiii-

1775 3626 2012 3680 mundus
2063 3634 2148 3680 est
2202 3626 2419 3694 quando
2491 3627 2671 3682 sciens
2731 3631 3077 3697 peccaverit;
3137 3636 3356 3701 quando

1776 3728 1956 3774 autem
2008 3718 2283 3789 ignorans,
2329 3719 2543 3772 veniam
2595 3729 2816 3788 prepter
2847 3722 3205 3792 ignorantiam
3243 3743 3357 3781 mc-

1777 3819 1959 3873 retur,
1993 3811 2133 3864 sicut
2168 3818 2223 3864 et
2251 3825 2428 3864 caicus
2455 3810 2758 3872 offendens,
2791 3812 2864 3865 ita
2895 3823 2953 3867 ut
2992 3813 3256 3869 Dominus
3287 3818 3353 3872 de

1775 3903 1977 3957 ludatis
2002 3903 2208 3956 diceret
2256 3918 2269 3954 :
2301 3900 2359 3955 Si
2389 3903 2512 3956 εστὶ
2533 3904 2725 3966 essetis,
2763 3920 2864 3957 non
2891 3906 3148 3960 haberetis
3169 3924 3356 3976 pecca-

1778 4006 1917 4060 tum;
1961 4010 2098 4047 nunc
2135 4004 2314 4047 autem
2377 3995 2569 4058 dicitis,
2603 3997 2730 4065 quia
2772 3998 3028 4064 videmus,
3082 4010 3356 4069 peccatum

1776 4096 2001 4140 vestrum
2069 4086 2324 4138 manet“.
2378 4086 2482 4140 Sed
2539 4103 2641 4142 nos
2685 4089 2858 4144 oculis
2895 4091 3137 4146 scientiae
3190 4093 3256 4148 ad
3291 4109 3355 4148 ea

1776 4194 1896 4247 qua:
1925 4177 2220 4248 expediunt
2252 4186 2486 4244 utamur,
2534 4188 2592 4234 ut
2626 4196 2721 4251 per
2755 4182 2903 4252 ipsos
2932 4184 3200 4241 evitemus
3225 4201 3360 4256 pec--

1776 4279 1918 4334 cata,
1965 4269 2455 4340 eonquiramusque
2509 4273 2854 4327 munditiam.
2911 4275 3160 4331 Sciamus
3208 4278 3355 4332 diem

1777 4364 1833 4418 in
1858 4377 1962 4432 qua
1985 4362 2374 4416 mundabimur
2411 4363 2756 4434 scientesque
2779 4382 3154 4436 occurramus,
3182 4377 3235 4424 et
3273 4379 3356 4424 to-

109 4454 274 4524 accipi
301 4455 578 4524 prmcepit.
621 4454 736 4510 Hoc
753 4464 936 4508 autem
970 4456 1280 4509 necessarie
1305 4455 1524 4519 dicitur,
1544 4453 1672 4524 quia
1706 4471 1748 4526 ι)
1782 4461 1890 4506 tam
1941 4452 2112 4523 legem
2160 4451 2325 4521 lepra:
2357 4453 2748 4508 custodiamus.
2810 4456 2994 4511 Mundi
3044 4457 3190 4512 enim
3251 4459 3357 4514 hoc

110 4545 384 4599 manifeste
411 4554 634 4614 apparet
660 4545 807 4614 quod
870 4545 1140 4614 legislator
1203 4545 1347 4599 illam
1389 4544 1560 4616 magis
1619 4545 1676 4598 in

112 4630 398 4687 Ecclesiam
422 4633 732 4688 docentium
763 4633 1126 4703 iniquitatem,
1159 4650 1279 4704 quae
1323 4641 1408 4688 est
1444 4635 1500 4688 in
1545 4635 1680 4704 dog-

111 4731 250 4776 mate
279 4725 674 4792 reprehendat,
707 4734 762 4780 et
791 4726 846 4779 in
888 4725 1354 4794 dispensationem
1395 4726 1535 4795 ejus,
1585 4726 1676 4796 qui

1779 4545 1938 4600 modo
1957 4544 2012 4599 in
2029 4544 2317 4600 dominicis
2340 4545 2706 4602 tabernaculis
2723 4548 3106 4613 habitabimus,
3129 4550 3182 4603 in
3195 4551 3356 4604 Chri-

1779 4643 1862 4690 sto
1918 4634 2090 4701 Jesu,
2146 4640 2243 4706 p’er
2294 4651 2456 4705 quem
2539 4645 2593 4691 et
2653 4652 2776 4690 cum
2811 4654 2920 4706 quo
2967 4640 3135 4709 gloria
3186 4639 3352 4707 l’atri,

1779 4742 1904 4780 cum
1956 4733 2146 4780 sancto
2193 4725 2421 4794 Spiritu,
2447 4725 2501 4778 in
2552 4726 2746 4779 saecula
2777 4728 3123 4780 srecnlorum.
3156 4729 3354 4781 Amen.

2529 4901 3208 4913 ...ρ-...Μο-
3215 4901 3315 4915 -σ

1230 5059 1579 5173 LIBER
1638 5061 2208 5166 QUINTUS.

672 5406 1086 5465 PRIEFATIO.

177 5503 272 5570 Qui
297 5500 430 5572 legis
447 5498 788 5553 meditationi
807 5515 1024 5567 operam
1047 5501 1176 5555 dant
1202 5501 1269 5555 ad
1291 5516 1452 5570 quem
1483 5501 1668 5565 ﬁnem,

113 5602 430 5665 quantumve
490 5588 896 5650 conscendant,
960 5605 1229 5659 quamque
1274 5591 1668 5645 beatitudinem

213 5729 254 5761 '°
280 5727 418 5784 Psal.
454 5742 541 5790 xv,
565 5725 617 5780 5.
729 5724 772 5756 ⁸¹
797 5720 955 5776 Joan.
989 5739 1064 5789 ix,
1092 5725 1177 5778 8l.

1779 5411 2003 5477 spiritus
2033 5418 2243 5480 gerant,
2281 5409 2443 5463 David
2469 5411 2728 5479 propheta
2754 5412 2912 5480 plane
2940 5415 3176 5484 exponit.
3211 5416 3348 5472 Eum

1777 5501 1921 5552 enim
1957 5502 2046 5570 qui
2079 5502 2243 5554 habet
2268 5501 2601 5556 voluntatem
2635 5503 2684 5555 in
2720 5504 2832 5573 lege
2866 5506 3096 5571 Domini,
3141 5517 3196 5562 et
3227 5509 3344 5565 die-

1777 5590 1877 5644 bus
1923 5601 1978 5645 et
2028 5591 2280 5645 noctibus
2323 5592 2377 5644 in
2431 5607 2492 5646 ea
2546 5593 2832 5650 meditator
2860 5606 2962 5664 est,
2991 5598 3157 5654 dicit:
3194 5598 3344 5656 Sicut
