3886 6306
518 277 621 342 967

1706 283 2066 345 HESYCHII
2123 284 2598 347 PRESBYTERI

3705 297 3802 361 963

513 392 714 464 lignum
743 391 878 460 quod
911 392 1210 460 plumatum
1249 403 1323 448 est
1351 411 1494 449 secus
1520 394 1766 449 decursus
1801 413 2084 466 aquarum,
2117 402 2160 457 Α
2188 405 2296 453 tem
2323 397 2508 464 habet,
2548 399 2695 456 hunc
2721 413 2844 456 esse
2873 401 2999 472 jure
3042 401 3184 460 dixit
3211 403 3572 461 imtmmdu'm
3601 415 3798 476 utpote

515 481 652 545 quod
682 491 730 536 et
761 485 906 536 dabit
951 485 1174 554 fructum
1224 501 1383 539 suum
1415 489 1470 540 in
1499 497 1728 559 tempore
1778 505 1892 552 suo,
1924 499 1972 542 et
2009 490 2089 559 {o-

514 573 643 626 lium
675 575 788 641 eius
821 591 920 628 non
950 578 1138 630 decidit
1155 579 1221 631 ⁸³.
1247 579 1390 644 Quid
1432 589 1614 635 autem
1637 581 1945 636 iaciendum
1975 597 2092 634 crc-

514 663 694 716 dimus
731 674 790 717 ut
835 666 1006 734 possit
1036 666 1232 736 aliquis
1273 668 1476 739 lignum
1509 669 1741 725 inveniri
1770 672 1939 725 vitae?
1984 671 2087 725 nisi

515 753 569 807 id
632 756 775 823 quod
823 756 1085 812 Dominus
1110 759 1327 813 dicebat
1363 775 1374 812 :
1409 759 1736 825 Scr-utamini
1763 760 2086 832 Scripturas,

514 846 640 913 quia
698 848 754 898 in
794 849 920 915 ipsis
965 865 1050 902 vos
1079 851 1278 919 putatis
1305 851 1470 906 vitam
1513 861 1768 907 internum
1791 853 1998 907 habere.
2024 854 2091 906 Et

514 939 638 1004 ipsrv
663 945 784 989 sunt
814 954 932 1007 qua:
984 942 1339 995 testimonium
1377 944 1648 1012 perhibent
1693 944 1758 997 de
1786 945 1948 998 me“.
1981 942 2091 998 Sed

513 1037 566 1079 ιιι
587 1029 675 1082 illo
694 1030 812 1084 loco
831 1031 1161 1100 prophetica:
1174 1034 1489 1102 psalmodiaa
1508 1053 1520 1088 :
1549 1034 1744 1089 Beatus
1765 1036 1920 1088 homo
1935 1051 2090 1104 quem

518 1133 577 1173 tu
627 1122 904 1189 erudieris,
958 1124 1200 1188 Domine,
1230 1135 1278 1180 et
1308 1127 1372 1180 de
1399 1126 1510 1197 lege
1544 1135 1637 1180 tua
1667 1127 1908 1181 docueris
1948 1143 2087 1192 eum,

511 1223 567 1264 ut
608 1215 810 1284 mitiges
839 1232 1004 1269 euma
1027 1217 1208 1270 diebus
1246 1219 1480 1275 malis”.
1509 1219 1906 1290 Cognoscimus
1937 1220 2088 1275 enim

509 1313 566 1356 et
603 1305 978 1359 liberationem
1011 1308 1168 1362 nobis
1203 1318 1576 1377 peccatorum,
1607 1319 1665 1365 et
1693 1310 2089 1382 navigationem

507 1396 578 1448 ab
605 1395 689 1447 his
742 1410 864 1462 quae
903 1410 1006 1450 nos
1031 1405 1238 1450 terrent
1259 1397 1312 1451 in
1343 1398 1431 1453 die
1447 1399 1934 1462 mala,doctrinam
1961 1415 2090 1455 san.

508 1495 719 1538 clarum
754 1485 913 1542 nobis
939 1488 1227 1556 providere
1254 1489 1689 1560 Scripturarum.
1733 1492 1842 1548 Sed
1879 1500 1936 1548 et
1960 1509 2090 1562 pro-

510 1575 711 1630 fectum
761 1580 955 1631 animae
1003 1593 1111 1633 non
1141 1580 1413 1636 modicum
1445 1597 1513 1637 ex
1537 1598 1603 1637 ea
1634 1583 1936 1654 carpimus,
1961 1598 2091 1655 pro-

511 1677 632 1735 pter
658 1669 803 1736 quod
855 1679 909 1723 et
948 1670 1146 1725 Paulus
1182 1672 1371 1726 scribit
1399 1673 1466 1728 ad
1531 1672 1878 1729 Timotheum
1914 1693 1929 1730 :
1961 1673 2090 1728 ﬂtec

512 1757 766 1810 meditare
796 1760 848 1810 in
871 1760 972 1821 his,
1006 1769 1063 1813 ut
1102 1762 1362 1830 profectus
1393 1773 1514 1817 tuus
1547 1766 1858 1834 manifestus
1877 1767 1948 1820 sit
1980 1783 2088 1821 om-

510 1848 676 1903 nibus.
725 1849 941 1903 Intende
994 1852 1296 1921 tibimetipsi
1331 1863 1378 1907 et
1430 1854 1704 1922 doctrinm,
1737 1873 1989 1926 permane
2029 1858 2087 1912 in

509 1940 604 1992 eis.
691 1939 798 1993 Hoc
849 1943 986 1994 enim
1051 1944 1268 2011 faciens,
1303 1953 1351 1998 et
1393 1949 1720 2016 temetipsum
1777 1949 2007 2004 salvabis
2036 1959 2086 2005 et

509 2043 593 2079 eos
620 2029 708 2095 qui
731 2036 780 2080 te
811 2030 1114 2087 audiunt“.
1169 2031 1302 2086 Cum
1358 2035 1635 2104 praedictis
1667 2037 1942 2103 omnibus,
1975 2048 2085 2094 tam

483 2125 750 2182 ,nostram
783 2118 1020 2187 ipsorum
1052 2122 1280 2177 salutem
1311 2141 1473 2193 quam
1511 2126 1747 2181 aliorum
1779 2129 2085 2198 peritorum

510 2209 782 2263 lucremur
813 2212 1071 2274 studium,
1104 2223 1159 2268 et
1181 2226 1467 2285 prOpterea
1494 2219 1680 2274 nullus
1709 2219 1884 2284 labor,
1911 2235 2088 2290 neque

449 2369 458 2376 _
507 2303 696 2366 sudor,
737 2304 823 2356 vel
865 2319 959 2358 eos
999 2306 1092 2374 qui
1129 2321 1222 2361 eas
1250 2316 1550 2376 exponunt,
1597 2311 1683 2364 vel
1714 2309 1963 2366 indoctos
2009 2311 2088 2366 le-

507 2376 695 2460 gentes
723 2409 754 2446 a
802 2409 1080 2449 sacrarum
1137 2394 1542 2466 Scripturarum
1599 2414 1882 2456 removere
1923 2400 2087 2456 debet

507 2487 960 2556 perscrutatione,
1011 2489 1312 2558 praesertim
1385 2506 1510 2546 cum
1540 2506 1734 2562 magna
1757 2492 1964 2548 utilitas
1983 2493 2086 2548 sub

505 2578 704 2648 spiritu
763 2579 898 2649 legis
955 2580 1116 2648 hujus
1174 2581 1283 2635 sit:
1330 2583 1408 2636 illi
1445 2597 1514 2637 ex
1539 2583 1622 2640 eis
1648 2592 1830 2639 autem
1861 2586 2088 2656 capiunt

505 2668 845 2739 margaritas,
873 2669 964 2738 qui
1001 2669 1272 2739 frequenti
1298 2687 1392 2727 eas
1416 2673 1770 2730 meditatione
1791 2684 2086 2744 operantes

505 2757 790 2814 cﬂ'odiunt.
822 2758 929 2815 Sed
954 2775 1018 2815 ea
1045 2776 1166 2830 quae
1192 2775 1494 2834 sequuntur
1523 2766 1687 2837 hujus
1703 2766 1926 2822 Levitici
1958 2767 2084 2824 libri

505 2866 870 2922 exsequamur
901 2867 1001 2922 per
1039 2854 1310 2918 ordinem,
1349 2860 1847 2927 supersediﬁcantes
1889 2859 2085 2916 funda-

508 2952 774 3009 mentum,
806 2944 950 3014 quod
973 2946 1088 3015 jam
1118 2947 1389 3011 Christus,
1431 2949 1573 3006 sicut
1612 2951 1836 3021 quidam
1865 2952 2084 3023 sapiens

2192 490 2284 557 qui
2333 489 2636 544 doctrinam
2672 507 2781 545 non
2818 504 2986 558 caste,
3036 495 3132 550 sed
3174 505 3366 551 contra
3414 506 3723 561 naturam,
3754 501 3796 555 id

2193 589 2276 635 est
2305 591 2493 636 contra
2524 584 2645 652 ejus
2667 584 2794 654 jura
2840 596 2895 640 et
2929 587 3101 658 legem
3147 588 3464 643 inordinate
3492 600 3796 659 corrupte-

2192 683 2298 736 que
2346 669 2624 737 diﬂ‘undit,
2686 683 2748 728 ut
2787 690 2852 730 ex
2893 690 2958 729 ea
2985 677 3150 731 etiam
3192 692 3380 732 mores
3401 689 3796 747 corrumperet

2194 761 2550 829 pupulorum:
2588 779 2709 832 quas
2742 767 3120 837 cognoscimus
3144 784 3242 839 per
3271 778 3492 838 partes,
3526 778 3596 823 ut
3623 779 3796 823 textus

2194 849 2391 904 seriem
2422 852 2782 908 disserentes.

2262 941 2590 1013 Locutusque
2604 955 2679 998 est
2699 945 2954 1003 Dominus
2966 951 3037 1004 ad
3057 950 3271 1020 Moysen
3291 961 3340 1007 et
3361 958 3568 1008 Aaron
3588 954 3796 1007 dicens:

2195 1029 2497 1102 Loquimini
2548 1037 2673 1106 ﬁliis
2711 1039 2898 1106 Israel,
2943 1054 2993 1096 et
3023 1045 3208 1098 dicetis
3259 1048 3357 1100 eis.
3413 1046 3608 1102 Recte
3637 1047 3793 1116 κοξιί

2193 1122 2409 1190 quidem
2437 1135 2493 1180 et
2519 1127 2698 1182 Aaron
2728 1130 2950 1187 locutus
2979 1142 3085 1198 est,
3113 1135 3209 1189 sed
3243 1137 3389 1192 tradi
3433 1137 3581 1192 ﬁliis
3611 1139 3790 1203 Israel,

2193 1214 2247 1268 id
2284 1224 2366 1270 est
2391 1218 2535 1270 omni
2579 1221 2798 1290 populo,
2835 1225 3150 1280 mandatum
3193 1226 3406 1297 jubet:
3457 1231 3610 1300 quia
3660 1249 3793 1302 qu:-

2191 1319 2406 1375 cunque
2449 1323 2546 1376 per
2579 1310 2882 1367 doctrinam
2914 1314 3154 1370 divinam
3195 1318 3416 1374 scilicet
3465 1323 3793 1375 sanciuutur

2193 1409 2286 1448 seu
2319 1395 2649 1465 scribuntur,
2690 1401 2925 1469 primum
2956 1405 3178 1472 quidem
3230 1408 3611 1478 principibus
3643 1422 3790 1481 egent

2191 1480 2396 1554 populi,
2428 1488 2554 1556 quia
2586 1489 2719 1559 ipsis
2749 1493 2977 1548 maxime
3005 1495 3188 1551 divina
3213 1506 3304 1552 cst
3329 1499 3565 1554 credita
3592 1480 3786 1555 doctri-

2191 1591 2282 1641 na,
2343 1577 2554 1649 ipsique
2602 1584 3042 1650 demonstratur,
3106 1603 3229 1644 cum
3283 1592 3721 1660 quodammodo
3762 1610 3788 1649 ι

2191 1666 2477 1732 ministris,
2513 1680 2607 1723 aut
2632 1672 2718 1726 his
2741 1675 2939 1742 quibus
2964 1678 3187 1732 omnino
3211 1681 3432 1734 credita
3464 1690 3564 1736 est
3607 1684 3787 1739 debeat

2189 1759 2428 1814 studere.
2461 1759 2599 1826 Quia
2627 1773 2809 1819 autem
2839 1765 3092 1822 eﬂ‘cctum
3123 1769 3240 1839 ejus
3285 1772 3553 1841 populus
3580 1774 3787 1844 respicit

2187 1849 2521 1911 audientem,
2553 1853 2678 1906 vide
2718 1855 3032 1909 mandatum
3057 1857 3178 1926 ejus
3204 1858 3257 1911 in
3287 1861 3564 1916 secundo
3602 1863 3785 1917 ordine

2188 1940 2311 1995 ﬁliis
2345 1940 2509 1996 Israel
2541 1943 2701 2008 tradi,
2731 1945 2876 2013 quod
2906 1946 3063 2001 'bene
3120 1947 3404 2018 legislator
3461 1965 3784 2023 corupelrn-

2187 2039 2376 2101 terque
2407 2035 2719 2097 custodivit,
2746 2046 2802 2090 et
2838 2047 2959 2107 post
2987 2039 3089 2095 hoc
3119 2041 3250 2095 dixit
3283 2060 3296 2094 :
3334 2042 3432 2097 Vir
3460 2047 3565 2114 qui
3595 2050 3784 2114 patitur

2185 2123 2390 2191 [luxum
2419 2125 2652 2192 seminis,
2690 2129 2988 2184 immundus
3024 2133 3143 2187 erit.
3173 2133 3317 2188 LXX
3347 2144 3555 2190 autem
3603 2139 3686 2192 sic
3713 2138 3781 2191 di-

2187 2223 2357 2268 cunt:
2392 2215 2512 2270 Viro
2534 2218 2646 2271 viro
2668 2219 2752 2272 cui
2796 2223 2970 2290 [actus
2993 2226 3168 2293 fuerit.
3214 2235 3323 2280 etc.
3357 2225 3615 2292 Quoties
3651 2229 3777 2282 enim

2187 2305 2426 2376 duplicat
2456 2308 2578 2374 hoc,
2617 2310 2760 2365 unde
2813 2314 3130 2370 mandatum
3181 2319 3363 2381 datur,
3407 2320 3777 2377 intentionem

2186 2396 2320 2467 legis
2349 2399 2501 2468 cupit
2538 2403 2828 2458 ostendere
2867 2407 3166 2461 secundum
3199 2407 3338 2462 LXX
3367 2428 3383 2472 ;
3436 2423 3496 2466 et
3524 2426 3776 2482 quantam

2185 2490 2602 2546 sollicitudinem
2633 2493 2829 2549 habeat
2879 2497 3175 2566 legislator,
3227 2510 3285 2552 ut
3320 2501 3474 2554 nihil
3524 2504 3654 2572 ejus
3691 2521 3774 2573 pe-

2184 2579 2332 2634 nitus
2376 2589 2711 2650 praetereat:
2758 2583 2901 2638 sicut
2928 2587 3144 2653 quando
3195 2587 3374 2642 dicit:
3417 2590 3604 2645 Homo
3636 2595 3773 2647 Ιιοω

2184 2673 2248 2725 de
2288 2670 2412 2740 ﬁliis
2454 2672 2646 2738 Israel,
2689 2683 2738 2727 et
2780 2677 2845 2728 de
2875 2675 3112 2738 advenis,
3148 2686 3200 2730 et
3228 2680 3319 2748 qui
3352 2681 3643 2749 conjuncti
3666 2696 3771 2737 sunt

2183 2763 2279 2828 eis,
2329 2763 2417 2828 qui
2466 2765 2646 2834 fecerit
2697 2765 3080 2830 holocaustum,
3128 2779 3221 2820 aut
3249 2771 3686 2839 sacriﬁcium,et
3714 2780 3773 2827 ad

2186 2852 2378 2906 ostium
2427 2855 2759 2908 tabernaculi
2811 2855 3096 2910 testimonii
3137 2872 3237 2911 non
3265 2860 3567 2915 adduxerit
3597 2867 3670 2917 ad
3696 2869 3772 2933 fa-

2187 2948 2429 3004 ciendum
2477 2951 2574 3004 hoc
2618 2951 2860 3018 Domino,
2912 2956 3353 3010 exterminabitur
3404 2959 3573 3012 homo
3601 2962 3695 3016 ille
3718 2966 3775 3015 ds

505 3035 874 3097 architectus,
917 3051 1017 3106 per
1068 3046 1314 3092 nostram
1364 3041 1548 3109 posuit
1602 3041 1844 3112 linguam
1874 3060 1889 3097 :
1933 3043 2076 3100 sicut
2104 3054 2148 3114 ο
2184 3041 2376 3110 populo
2399 3041 2594 3111 eius“.
2624 3043 2693 3099 Et
2731 3043 2816 3099 his
2851 3045 2955 3100 alia
2977 3046 3201 3113 similia,
3232 3048 3303 3104 de
3340 3064 3590 3121 quorum
3643 3070 3772 3108 con-

503 3123 722 3194 quidam
763 3123 1057 3182 instructor
1099 3128 1321 3197 sapiens
1366 3144 1466 3199 per
1506 3131 1612 3186 vile
1653 3132 2079 3189 instrumentum

504 3213 740 3284 lapidem
787 3215 996 3285 pollens
1037 3218 1372 3288 angularem,
1410 3228 1472 3273 ut
1517 3221 1950 3292 magnitudinem
1979 3223 2080 3280 do-

505 3319 627 3358 mus
676 3307 946 3372 ostendat,
1001 3316 1152 3362 etut
1205 3309 1584 3367 instrumentis
1632 3312 1833 3369 vilibus
1885 3328 2080 3387 magna

506 3393 767 3462 perﬁciat.

1049 3555 1054 3559 ,
1107 3484 1335 3541 CAPUT
1368 3485 1483 3542 xv.

573 3571 737 3632 γω.
771 3573 890 3632 1-5.
924 3593 943 3628 ο
970 3575 1318 3648 Locutusque
1347 3588 1434 3635 est
1469 3578 1730 3639 Dominus
1765 3582 1835 3641 ad
1864 3584 2078 3659 Iloyseu

501 3675 559 3723 et
579 3667 762 3722 Aaron
796 3668 1022 3725 dicens:
1071 3669 1379 3741 Loquimini
1433 3670 1557 3729 ﬁliis
1583 3673 1770 3745 Israel,
1802 3687 1858 3733 et
1884 3677 2080 3736 dicetis

501 3758 618 3813 eis:
651 3757 747 3812 Vir
798 3760 891 3829 qui
941 3761 1146 3830 patitur
1193 3761 1398 3817 ﬂuxum
1437 3765 1705 3832 seminis,
1759 3766 2080 3827 immundus

499 3850 626 3915 erit,
668 3859 725 3906 et
763 3860 895 3906 tunc
921 3851 1258 3922 judicabitur
1290 3854 1421 3910 huic
1451 3856 1581 3912 vitio
1611 3859 1919 3930 subiacere,
1950 3876 2077 3917 cum

502 3955 598 4009 per
640 3950 914 3996 momenta
949 3941 1159 4014 singula
1205 3945 1500 4002 adhaeserit
1525 3948 1678 4004 carni
1707 3949 1875 4016 illius,
1914 3961 2078 4024 atque

499 4032 838 4086 concreverit
871 4032 1049 4089 {rudus
1077 4037 1290 4089 humor.
1331 4056 1351 4090 ι

568 4121 759 4177 Omnis
797 4124 1018 4193 quidem
1064 4126 1330 4195 propheta
1361 4127 1458 4182 Dei
1486 4127 1822 4188 admirabilis
1850 4142 1955 4199 est,
1997 4143 2080 4189 ut-

499 4224 626 4284 pote
658 4217 744 4270 cui
787 4225 914 4271 sunt
946 4217 1152 4272 credita
1199 4218 1486 4288 spiritalia.
1543 4221 1652 4277 Sed
1700 4224 2078 4282 admirabilior

500 4305 724 4373 Moyses,
771 4306 914 4360 sicut
945 4306 1035 4359 cui
1079 4309 1282 4374 majora
1329 4315 1460 4362 sunt
1502 4311 1730 4378 credita,
1783 4319 1947 4370 tantae
1986 4329 2077 4369 sa-

2182 3131 2492 3188 servatione
2538 3133 2832 3190 maximam
2873 3137 3150 3207 legislator
3190 3154 3378 3195 curam
3436 3145 3638 3213 gessit.
3683 3145 3774 3199 Hic

2181 3231 2364 3278 autem
2417 3224 2722 3280 secundum
2793 3228 3105 3296 praedictam
3168 3231 3594 3289 meditationem
3666 3253 3770 3291 non

2179 3312 2317 3379 dixit
2345 3313 2508 3370 homo
2530 3314 2715 3382 homo,
2743 3316 2838 3372 sed
2876 3317 2996 3374 viro
3023 3319 3162 3387 viro,
3195 3321 3492 3392 duplicans
3520 3327 3768 3394 quidem.

2179 3403 2641 3474 quemadmodum
2681 3416 2738 3462 et
2772 3406 2865 3462 ubi
2907 3424 3220 3479 personam.
3260 3411 3499 3484 Propter
3547 3417 3765 3472 fortitu-

2180 3495 2364 3550 dinem
2390 3511 2520 3552 vero
2545 3498 2629 3552 sic
2655 3497 2961 3568 appellatur
2985 3515 3016 3555 a
3044 3499 3213 3558 latore
3252 3502 3410 3575 legis,
3443 3507 3580 3576 quia
3615 3524 3768 3563 voca-

2180 3585 2371 3643 bulum
2419 3587 2526 3645 hoc
2545 3603 2665 3646 nos
2699 3598 2786 3646 est
2833 3592 3109 3662 geminam
3136 3593 3367 3651 innuere
3401 3597 3764 3670 signiﬁcatio-

2179 3694 2327 3736 nem.
2378 3680 2434 3735 Id
2492 3682 2638 3752 quod
2686 3683 2928 3740 ostendit
2975 3685 3231 3742 Salomon
3279 3688 3533 3745 dicens:
3592 3691 3762 3747 Vinia

2179 3780 2356 3827 autem
2381 3772 2589 3843 ﬁdelem
2613 3776 2729 3846 quis
2755 3777 2982 3832 inueniet
3002 3777 3083 3831 '7?
3102 3776 3208 3835 Sed
3227 3787 3286 3835 et
3317 3781 3564 3838 Paulus:
3595 3784 3763 3838 Dones

2179 3877 2516 3920 occurramus
2536 3881 2714 3920 omnes
2733 3868 2792 3922 in
2816 3868 2992 3923 virum
3026 3871 3333 3942 perfectum,
3367 3873 3426 3926 in
3461 3890 3760 3929 measuring

2177 3953 2354 4007 aetatis
2375 3953 2716 4023 plenitudinis
2743 3955 2938 4013 Christi
2957 3957 3025 4014 ⁸³.
3060 3959 3201 4033 Ergo
3228 3962 3537 4031 duplicatio
3575 3968 3758 4035 appr-l-

2181 4044 2399 4099 lationis
2432 4057 2695 4116 quantum
2738 4048 2786 4104 ei
2835 4051 3128 4120 pertineat,
3173 4051 3243 4108 de
3290 4055 3557 4112 mandato
3593 4059 3758 4112 mani-

2179 4133 2417 4191 festavit.
2451 4135 2606 4203 Quod
2640 4147 2820 4194 autem
2862 4139 2982 4198 viro
3014 4143 3172 4216 dixit,
3207 4155 3401 4200 etnon
3435 4147 3756 4217 simpliciter

2179 4225 2408 4294 homini,
2439 4229 2834 4286 demonstravit
2869 4233 3017 4301 quod
3050 4232 3292 4290 doctoris
3330 4237 3600 4295 innueret
3639 4257 3753 4310 per-

2181 4333 2404 4373 sonam:
2455 4320 2508 4373 in
2550 4320 2654 4375 hoc
2704 4322 2853 4377 enim
2914 4325 3222 4382 necessarie
3256 4327 3610 4386 demonstrat
3636 4348 3750 4402 per—

499 4396 714 4464 pientiat
741 4396 999 4466 praecepit
1023 4396 1440 4454 celsitudinem:
1493 4416 1622 4458 nam
1668 4404 1796 4473 quia
1823 4405 2074 4464 inﬁrmus
2109 4387 2152 4442 D
2180 4410 2306 4465 lecti
2357 4411 2606 4466 formam.
2663 4413 2770 4470 Sed
2829 4416 2958 4472 huic
3020 4418 3065 4472 si
3116 4417 3294 4475 factus
3333 4419 3511 4477 fuerit
3537 4387 3750 4480 seminis

497 4495 614 4538 erat
651 4485 741 4554 qui
777 4487 844 4540 ab
885 4502 952 4541 eo
995 4487 1169 4557 legem
1207 4490 1544 4560 percipiebat
1589 4496 1848 4564 papulas,
1885 4507 1942 4554 et
1977 4500 2073 4570 qui

499 4577 819 4645 perfectiora
857 4579 1108 4651 dogmata
1137 4581 1326 4636 audire
1355 4598 1468 4638 non
1498 4593 1730 4655 poterat,
1769 4595 1879 4642 tam
1918 4589 2070 4644 inﬁr-

497 4670 668 4724 mitati
698 4671 1136 4727 condescendere
1165 4673 1354 4728 volens
1382 4675 1588 4745 populi,
1629 4692 1791 4746 quam
1815 4679 2066 4750 dignitati

495 4776 603 4814 non
637 4760 916 4830 injuriare,
941 4761 1075 4832 legis
1109 4761 1323 4819 invenit
1347 4766 1490 4821 viam
1525 4781 1622 4836 per
1649 4783 1811 4837 quam
1837 4778 1894 4824 et
1919 4770 2067 4826 cela-

495 4859 577 4905 ret
605 4850 878 4917 sublimia,
907 4869 1008 4908 nec
1032 4867 1096 4910 ea
1113 4864 1337 4926 propter
1363 4858 1675 4914 auditorum
1695 4859 2065 4918 inﬁrmitatem

492 4944 696 4998 directe
748 4944 994 5013 proferre
1044 4949 1334 5014 potuisset.
1387 4949 1524 5004 Nam
1579 4966 1706 5006 ecce
1732 4952 2068 5008 etiamnunc

490 5051 614 5091 cum
652 5052 749 5105 per
801 5037 974 5106 legem
1015 5038 1215 5106 leprosi
1271 5039 1467 5095 multas
1519 5052 1865 5111 peccatorum
1895 5059 2066 5112 expo-

488 5129 688 5181 suisset
717 5129 945 5197 species,
979 5143 1104 5182 eum
1137 5130 1228 5198 qui
1270 5130 1472 5184 ﬂuxum
1509 5133 1736 5188 seminis
1765 5143 2061 5203 pateretur,

489 5219 710 5287 adjecit.
760 5217 859 5271 Per
892 5235 1056 5288 quam
1086 5220 1310 5276 alteram
1347 5223 1582 5290 speciem
1620 5225 1828 5292 peccati
1880 5241 2065 5280 rursus

490 5305 734 5372 exponit,
783 5316 836 5360 et
883 5323 1006 5361 eum
1046 5308 1137 5377 qui
1178 5310 1498 5378 proﬂuvium
1531 5313 1735 5380 patitur
1779 5314 2060 5380 doctrinm,

489 5411 555 5452 ex
584 5414 688 5464 qua
737 5413 930 5467 corpus
970 5400 1138 5469 ipsius
1173 5403 1438 5467 subsistit,
1473 5405 1522 5456 id
1563 5413 1644 5458 est
1683 5423 1745 5459 ex
1781 5424 1886 5477 qua
1919 5411 2064 5464 salu-

595 5616 641 5644 "
671 5613 808 5668 Psal.
837 5634 872 5678 ι,
896 5618 951 5678 ‘2,
981 5619 1031 5672 5.

501 5680 540 5710 ⁸⁸³
565 5681 724 5737 Prov.
759 5701 846 5748 xx,
884 5685 935 5740 ϐ.

1151 5618 1375 5675 “Joan.
1405 5640 1482 5681 ur,
1521 5624 1607 5676 59.

1048 5687 1092 5717 ⁸⁸
1124 5689 1320 5757 Ephes.
1367 5708 1439 5753 iV,
1477 5694 1554 5746 15.

1721 5624 1764 5656 ⁸³
1798 5623 1936 5677 Psal.
1995 5641 2163 5693 xcm,
2221 5629 2307 5682 1‘2.

1667 5693 1710 5722 ⁸⁹
1740 5694 1758 5746 l
1786 5693 1912 5747 Cor.
1938 5710 2010 5762 Ix,
2046 5697 2134 5750 ll.

2177 4501 2373 4566 ﬂuxus,
2417 4502 2732 4560 immundus
2759 4507 2888 4562 erit.
2926 4506 3046 4575 Quo
3073 4518 3256 4564 autem
3287 4513 3477 4571 modo.
3512 4516 3643 4570 audi
3670 4532 3748 4571 sc-

2175 4595 2395 4665 quentia
2421 4615 2434 4649 :

2245 4689 2313 4743 Et
2370 4699 2492 4743 tunc
2525 4690 2856 4758 judicabitur
2897 4692 3018 4746 huic
3059 4687 3409 4749 immunditiis
3459 4698 3741 4768 subjecta.

2173 4781 2231 4835 ld
2286 4790 2392 4847 est,
2433 4783 2552 4837 lucc
2589 4783 2838 4850 probatio
2882 4784 3243 4841 immunditia:
3294 4787 3450 4855 ejus;
3488 4790 3742 4858 judicium

2167 4881 2348 4924 autem
2391 4871 2747 4924 immunditiae
2785 4872 2926 4940 ejus,
2960 4873 3015 4926 in
3047 4875 3150 4928 hoc
3174 4876 3292 4929 loco
3307 4877 3444 4932 dixit
3481 4879 3656 4950 legem
3688 4883 3743 4935 il-

2165 4978 2293 5033 lam,
2311 4981 2432 5032 qua:
2451 4963 2847 5018 immunditiam
2869 4964 2987 5033 ejus
3010 4966 3222 5033 probat.
3243 4968 3444 5037 thuis
3458 4973 3648 5026 esthic
3665 4976 3740 5042 qui

2165 5049 2366 5105 ﬂuxum
2407 5054 2612 5121 patitur
2643 5053 2912 5106 seminis?
2945 5055 3147 5110 Semen
3194 5058 3516 5129 intelligitur
3547 5063 3738 5118 doctri-

2163 5158 2255 5206 na,
2277 5144 2351 5196 ait
2375 5143 2606 5198 Paulus:
2635 5143 2691 5197 Si
2721 5161 2814 5198 nos
2840 5147 2973 5199 vobis
3003 5149 3271 5215 spiritalia
3297 5152 3735 5209 sentinae-imus".

2168 5232 2274 5286 Sed
2337 5241 2391 5286 et
2432 5236 2692 5288 Dominus
2723 5236 2835 5288 ait:
2897 5235 3079 5291 Omnis
3133 5241 3224 5308 qui
3252 5242 3405 5293 audit
3433 5246 3665 5312 verbum,
3697 5256 3734 5300 et

2167 5338 2268 5373 non
2296 5322 2579 5391 intelligit:
2610 5327 2749 5378 venit
2783 5327 3063 5395 malignus,
3101 5337 3148 5380 et
3179 5331 3320 5396 rapit
3343 5346 3464 5398 quae
3489 5337 3733 5386 seminata

2163 5416 2354 5466 suntin
2380 5417 2532 5469 corde
2555 5417 2753 5484 ejus”.
2787 5417 2922 5482 Quia
2957 5430 3140 5473 autem
3171 5420 3362 5474 dicunt
3395 5421 3583 5482 LXX:
3626 5426 3732 5480 Viro

2421 5633 2466 5666 ⁸⁵
2491 5635 2508 5688 l
2537 5635 2676 5689 Tim.
2714 5653 2787 5702 tv,
2822 5639 2908 5704 15,
2941 5640 3026 5695 16.

3137 5642 3182 5675 ⁸⁸
3209 5641 3388 5699 Levit.
3437 5662 3574 5713 ινιτ,
3603 5649 3654 5712 3.
3677 5649 3726 5701 4.

2244 5699 2290 5732 ⁸⁸
2313 5699 2507 5757 Matth.
2536 5722 2654 5773 xm,
2686 5705 2768 5759 i9.
