3886 6306
169 321 285 389 969

1359 311 1434 371 ΓΝ
1472 310 1909 372 LEVITICUM.
1942 335 2008 344 --
2045 310 2188 369 LIB.
2215 309 2284 368 ν.

3333 307 3439 374 9ῖο

165 434 223 488 si
266 429 426 504 fuerit
464 426 780 496 proﬂuvium
809 422 1020 478 seminis
1048 438 1110 476 ex
1139 437 1354 492 corpore
1405 422 1540 491 ejus,
1575 437 1637 476 ea:
1668 437 1767 490 quo
1798 427 1840 482 Α
1874 435 2098 491 corpus,
2130 435 2193 474 ex
2230 435 2336 490 quo
2372 434 2571 490 corpus
2605 419 2857 476 consistit
2893 421 3101 491 populi,
3125 419 3437 477 immundus

168 521 419 576 consistit
461 533 649 585 corpus
683 515 798 585 ejus
841 513 1222 585 segregandam
1263 521 1363 576 est,
1391 513 1536 580 quod
1567 525 1765 579 corpus

169 611 380 680 duplex
415 609 505 663 hic.
539 606 726 670 tradit,
759 605 812 659 id
845 614 949 669 est,
986 605 1089 658 hoc
1111 603 1328 672 quidem
1349 619 1412 656 ex
1451 618 1558 671 quo
1579 615 1765 655 semen

169 705 320 761 ﬂuit.
378 702 525 758 aliud
575 711 780 764 autem,
812 701 957 771 quod
1009 715 1108 770 per
1138 699 1344 753 ﬂuxum
1381 697 1606 752 seminis
1637 697 1766 751 sub-

101 819 120 828 ο
172 796 344 852 sistit.
388 794 525 860 Quia
560 808 690 864 ergo
715 808 782 848 ex
827 793 1140 847 inordinate
1184 790 1517 863 procedente
1560 789 1767 844 semine

173 885 555 956 generandum
585 884 762 938 fuerat
788 883 1059 952 quoddam
1100 897 1320 952 corpus,
1353 881 1767 950 subsisterequo

174 985 420 1048 poterat,
479 977 790 1031 necessario
842 974 1078 1044 primum
1109 989 1332 1044 corpus,
1357 987 1424 1027 ex
1453 987 1562 1042 quo
1589 970 1766 1025 ﬂuxus

175 1075 271 1121 est
315 1067 455 1135 ejus,
495 1067 585 1135 qui
627 1064 851 1119 seminis
896 1063 1098 1118 ﬂuxum
1130 1064 1354 1134 patitur,
1391 1063 1569 1118 modis
1597 1061 1770 1116 omni-

181 1159 292 1213 bus
333 1158 672 1227 intelligitur.
705 1156 862 1210 Aliud
884 1163 1066 1210 autem
1094 1156 1418 1219 consistere,
1453 1153 1648 1224 inquit,
1673 1169 1770 1222 per

182 1247 426 1312 ﬂuxum,
465 1247 519 1300 id
543 1257 648 1310 est,
689 1247 792 1302 hoc
835 1246 980 1317 quod
1003 1262 1068 1301 ex
1099 1261 1167 1300 eo
1201 1247 1450 1316 generari
1483 1245 1767 1304 debuerat,

183 1349 354 1409 atque
376 1339 692 1403 subsistere,
727 1339 855 1393 licet
879 1353 990 1392 non
1031 1345 1342 1407 generetur,
1378 1345 1604 1406 propter
1624 1335 1769 1406 quod

181 1439 246 1484 et
289 1431 600 1484 immundus
657 1438 759 1484 est.
829 1429 1044 1498 Corpus
1070 1437 1255 1483 autem
1283 1428 1406 1498 ejus
1439 1428 1606 1482 etiam
1639 1426 1768 1480 illud

181 1519 490 1573 secundum
545 1519 803 1588 appellat,
851 1519 978 1588 quia
1031 1533 1221 1572 revera
1288 1532 1490 1588 corpus
1536 1517 1655 1586 ejus
1679 1515 1770 1584 qui

182 1619 435 1680 generat,
481 1617 564 1664 est
610 1609 716 1664 hoc
772 1609 917 1678 quod
971 1623 1036 1662 ex
1091 1624 1158 1662 eo
1192 1618 1508 1680 generetur.
1541 1605 1663 1662 llaec
1690 1617 1774 1661 est

180 1710 371 1756 autem
403 1701 536 1770 legis
565 1703 619 1754 in
654 1700 926 1770 principio
971 1706 1120 1762 nota,
1151 1698 1278 1767 quia
1309 1697 1769 1767 quemadmodum

1869 521 1953 565 est
1980 511 2032 565 in
2082 511 2395 579 semetipso,
2445 511 2587 565 sicut
2622 511 2720 574 ait,
2765 511 3162 568 immunditiam
3208 513 3436 577 habens,

1873 600 2126 655 videlicet
2172 615 2480 654 sermonem
2520 617 2680 670 quem
2719 603 2927 670 profert
2988 603 3305 662 sordidum.
3335 605 3440 659 im-

1870 691 2122 761 pudicum
2173 699 2230 743 et
2261 692 2619 748 immundum.
2668 691 2896 764 Propter
2923 696 3069 764 quod
3096 704 3152 750 et
3196 696 3359 750 nimis
3389 698 3440 752 ei

1869 783 2224 848 conveniunt,
2250 799 2371 852 qua:
2399 793 2718 852 sequuntur.

1941 872 2183 947 Vensﬁ,
2219 872 2272 926 5.
2317 891 2337 924 ι
2395 874 2568 928 Omne
2601 883 2832 933 stratum
2880 877 2936 931 in
2983 893 3093 947 quo
3137 879 3441 946 dortnierit,

1872 938 2210 1019 immundam
2253 963 2377 1028 erit,
2409 974 2465 1018 et
2497 964 2810 1036 ubicunque
2841 938 3065 1022 sederit.
3102 969 3160 1024 Si
3187 971 3310 1039 quis
3343 938 3445 1026 ιιηζ

1872 1054 2078 1109 minum
2124 1055 2363 1126 tetigerit
2418 1055 2673 1112 lectulum
2726 1059 2866 1127 ejus,
2896 1059 3097 1116 lavabit
3123 1061 3444 1117 vestimenta
3513 1054 3516 1056 ’

1874 1159 1994 1207 sua,
2034 1155 2090 1198 et
2147 1145 2264 1214 ipse
2315 1145 2459 1199 lotus
2509 1161 2647 1215 aqua
2704 1147 3018 1202 immundus
3037 1149 3143 1203 erit
3173 1165 3344 1219 usque
3377 1151 3444 1203 ad

1873 1249 2182 1303 vesperum.
2227 1253 2245 1284 ι

1945 1324 2126 1377 Multa:
2171 1324 2344 1378 aliena
2372 1324 2683 1378 docentium
2734 1324 2950 1392 species
2995 1333 3160 1389 sunt;
3219 1325 3447 1387 Quidam

1873 1416 2032 1477 enim,
2067 1415 2206 1469 sicut
2229 1415 2302 1468 ait
2332 1416 2554 1479 Paulus,
2574 1432 2666 1484 per
2691 1416 2944 1469 invidiam
2970 1432 2988 1479 ,'
3017 1415 3233 1486 quidam
3272 1425 3451 1468 autem

1874 1520 1964 1573 per
2008 1507 2388 1560 contentionem
2424 1521 2442 1568 ;
2485 1507 2698 1575 quidam
2741 1523 2860 1560 vero
2907 1522 2998 1574 per
3058 1507 3449 1576 ignorantiam;

1873 1595 2086 1664 quidam
2115 1611 2234 1649 uero
2264 1613 2328 1649 ea:
2358 1597 2636 1650 temerario
2668 1596 2998 1667 multiloquio
3033 1596 3138 1665 (de
3182 1611 3291 1666 quo
3320 1597 3455 1651 dixit

1876 1688 1965 1742 ille
2014 1687 2294 1758 Sapiens:
2345 1689 2408 1742 In
2454 1689 2784 1760 multiloquio
2842 1704 2946 1741 non
2997 1689 3207 1759 eﬂugies
3265 1705 3452 1759 pecca-

186 1792 385 1846 iittera:
423 1759 738 1845 mandatum
770 1759 970 1860 corpus
1006 1759 1191 1844 semen
1237 1759 1578 1843 eﬂ‘undentis
1611 1788 1775 1842 intcl-
1803 1759 1847 1818 Β
1878 1777 2072 1845 lunt”)
2095 1796 2108 1830 :
2131 1779 2346 1848 quidam
2369 1788 2542 1834 autent
2567 1796 2630 1832 ea:
2653 1796 2712 1834 eo
2737 1781 2874 1850 quod
2899 1778 3225 1832 delectantur
3252 1779 3304 1832 in
3325 1796 3456 1849 ᾳιιτιο

187 1881 343 1944 lexit,
368 1888 423 1934 et
447 1893 736 1949 propterea
789 1879 956 1934 dicit:
1017 1877 1064 1932 F
1068 1877 1213 1931 luens
1261 1893 1437 1932 semen
1463 1894 1528 1932 ea:
1565 1894 1776 1946 corpore

177 1972 344 2042 ejus;
392 1971 634 2025 secundo
681 1979 866 2024 autem
909 1971 1012 2024 hoc
1048 1969 1194 2038 quod
1243 1984 1311 2024 ex
1365 1985 1432 2024 eo
1459 1979 1773 2041 generatur,

189 2072 342 2117 recte
378 2063 618 2116 subdens
647 2076 712 2116 ex
741 2060 908 2125 ﬂuxu,
942 2075 1050 2130 quo
1091 2059 1341 2115 consistit
1373 2074 1574 2130 corpus
1613 2059 1772 2129 ejus:

190 2151 276 2207 sic
326 2151 715 2221 contemplatio
763 2149 1021 2220 spiritalis
1053 2138 1250 2220 corpus
1308 2148 1568 2212 doctoris,
1597 2149 1774 2218 ipsum

191 2243 343 2312 quod
377 2244 425 2295 ei
456 2243 722 2296 creditum
776 2249 863 2294 est
891 2241 1140 2304 verbum,
1187 2248 1242 2294 et
1289 2239 1648 2294 doctrinalem
1694 2239 1778 2292 di-

192 2334 466 2402 gnitatem
537 2331 929 2386 rationabiliter
996 2330 1289 2384 intellexit.
1353 2329 1566 2398 Corpus
1629 2329 1776 2383 enim

194 2425 411 2481 Christi
448 2423 747 2478 docti-inale
794 2423 1016 2478 verbum
1053 2421 1254 2474 Paulus
1303 2421 1560 2490 appellat,
1592 2419 1669 2474 sic
1695 2420 1780 2474 di-

195 2531 336 2571 cens
361 2515 429 2568 de
461 2513 546 2568 eis
576 2511 670 2582 qui
700 2512 922 2566 verbum
953 2510 1256 2568 doctrinale
1281 2510 1584 2577 decerpunt
1613 2526 1626 2562 :
1655 2507 1782 2565 Cor-

199 2624 301 2678 pus
335 2616 511 2660 autem
542 2603 756 2659 Christi.
803 2602 969 2657 Nemo
999 2618 1085 2656 vos
1130 2602 1343 2655 seducat
1378 2604 1549 2654 uolens
1581 2617 1636 2652 in
1681 2601 1781 2653 hu-

199 2699 452 2762 militate,
505 2707 553 2749 et
595 2696 844 2766 religione
872 2693 1202 2763 angelorum,
1231 2708 1346 2762 qua:
1379 2707 1480 2744 non
1499 2692 1625 2744 vidit
1661 2708 1782 2744 am-

195 2789 412 2851 bulans,
467 2789 666 2856 frustra
718 2785 934 2854 inﬂatus
987 2799 1146 2837 sensu
1201 2782 1376 2835 carnis
1421 2797 1551 2845 suae,
1602 2790 1649 2834 et
1681 2773 1784 2834 no’n

197 2892 381 2936 tenens
410 2890 566 2949 caput
593 2896 656 2933 ea;
688 2894 788 2946 quo
837 2883 1002 2929 totum
1046 2890 1232 2942 corpus
1256 2891 1348 2941 per
1379 2890 1538 2928 nexus
1563 2883 1611 2927 et
1652 2873 1783 2941 jun-

203 2973 399 3027 ctiones
463 2971 912 3028 subministratur,
985 2975 1035 3021 et
1099 2976 1454 3020 constructum
1503 2967 1685 3020 crescit
1727 2967 1783 3018 in

198 3071 545 3133 augmentum
567 3061 662 3114 Dei
681 3061 746 3114 °‘.
778 3059 991 3127 Corpus
1020 3059 1234 3113 Domini
1257 3068 1442 3129 aperte
1481 3059 1783 3114 doctrinale
1811 3095 1851 3152 ο

201 3169 458 3210 asserens
511 3153 778 3218 verbum;
832 3153 976 3220 quod
1043 3160 1191 3205 recte
1249 3166 1447 3220 corpus
1495 3151 1779 3206 doctorum

199 3246 438 3300 dicitur:
470 3245 514 3299 si
537 3246 759 3314 quidem
786 3246 905 3300 loco
938 3244 1141 3308 Christi
1178 3247 1493 3299 sacerdotes
1513 3253 1568 3299 et
1592 3245 1782 3300 docto-

203 3352 296 3391 res
321 3345 448 3391 sunt
499 3336 553 3390 in
599 3336 876 3391 Ecclesiis.
919 3335 1074 3391 Unde
1121 3351 1311 3390 rursus
1333 3336 1633 3390 secundum
1660 3352 1782 3391 cor-

204 3445 310 3501 pus
339 3445 546 3488 eorum.
581 3428 728 3498 quod
775 3444 842 3482 ex
871 3443 1060 3482 eorum
1091 3429 1345 3483 consistit
1381 3428 1551 3494 ﬂuxu,
1582 3429 1786 3483 audito-

205 3536 323 3576 rem
351 3521 611 3591 pupulum
635 3521 1006 3590 intelligimus,
1036 3521 1129 3590 qui
1175 3537 1241 3576 ex
1271 3521 1390 3590 ejus
1414 3521 1660 3576 doctrinm
1689 3535 1786 3590 ge-

210 3623 463 3676 neratur,
494 3611 588 3680 qui
631 3626 774 3676 eam,
803 3625 964 3680 quam
1018 3611 1264 3681 percepit
1311 3611 1548 3666 divinam
1581 3611 1786 3666 doctri-

208 3719 337 3757 nam
383 3703 521 3764 ﬂuit,
554 3707 950 3773 corrumpendo
978 3719 1120 3770 eam,
1160 3704 1277 3758 sive
1319 3703 1783 3776 transgrediendo,

206 3795 280 3849 de
317 3811 426 3864 quo
455 3794 654 3850 Paulus
680 3797 928 3851 dicebat:
964 3795 1023 3850 Si
1051 3812 1162 3861 nos,
1203 3804 1295 3848 ant
1325 3795 1542 3866 angelus
1581 3795 1642 3849 de
1664 3794 1787 3847 caelo

206 3885 640 3956 euangelizarent
695 3888 840 3940 vobis
907 3896 1257 3956 praeterquam
1303 3892 1440 3956 quod
1494 3886 1785 3953 accepistis,

209 3981 495 4030 anathema
521 3977 671 4030 sit”.
709 3977 875 4032 Recte
909 3977 1223 4032 immundus
1247 3985 1332 4032 est
1359 3977 1450 4046 qui
1473 3991 1538 4030 ex
1571 3976 1788 4030 sordida

208 4071 652 4134 conversatione,
703 4069 920 4140 vitaque
961 4069 1256 4139 impudica,
1287 4069 1374 4123 vel
1398 4084 1466 4122 ex
1495 4067 1788 4122 ambitione

212 4161 483 4232 primatus
515 4161 618 4213 hoc
665 4160 996 4228 patitur;ac
1028 4168 1320 4229 propterea
1370 4145 1636 4212 nefariam
1687 4158 1790 4212 do-

213 4253 446 4306 ctrinam
479 4250 734 4319 exquirit,
766 4266 887 4319 qua:
918 4251 1151 4304 delectet
1182 4264 1280 4304 eos
1311 4265 1449 4319 quos
1485 4249 1791 4318 prurientes

215 4345 441 4399 auribus
493 4341 693 4397 Paulus
739 4343 960 4410 dixit”,
999 4351 1053 4398 et
1100 4359 1286 4398 sanam
1332 4343 1632 4398 doctrinam
1681 4357 1788 4396 non

1878 1871 2118 1924 rumdam
2149 1871 2482 1940 corruptione
2512 1871 3070 1938 concupiscentiarum,
3108 1871 3456 1925 doctrinalem

1878 1972 2177 2016 convertunt
2220 1979 2506 2016 sermonem
2524 1963 2591 2015 9".
2629 1962 2797 2018 Recte
2842 1963 3138 2033 legislator,
3180 1980 3303 2019 cum
3355 1967 3455 2018 ho~

1879 2073 1998 2111 rum
2028 2058 2291 2127 quosdam
2331 2059 2386 2112 in
2423 2059 2704 2114 sanctione
2739 2059 2923 2129 leprae,
2966 2059 3106 2114 alios
3135 2075 3264 2114 vero
3289 2061 3342 2114 in
3373 2062 3454 2116 ci-

1881 2149 2071 2204 borum
2124 2149 2428 2204 differentia
2459 2149 2838 2219 signiﬁcasset,
2888 2165 3035 2205 nunc
3089 2165 3279 2205 rursus
3309 2150 3455 2203 aliud

1881 2258 2050 2312 genus
2069 2258 2279 2308 eorum,
2312 2243 2404 2312 qui
2435 2255 2500 2297 ex
2530 2243 2887 2312 impudicitia,
2917 2250 2972 2297 et
3001 2258 3062 2297 ex
3104 2242 3328 2297 libidine
3351 2243 3454 2296 alia

1883 2333 2101 2398 docent,
2131 2348 2224 2402 per
2255 2334 2358 2388 hoc
2395 2331 2732 2396 mandatum,
2760 2333 2905 2404 quod
2932 2342 3016 2387 est
3043 2333 3092 2387 in
3131 2332 3456 2402 proﬂuvium

1882 2424 2106 2478 seminis
2156 2425 2446 2492 patientem
2473 2464 2487 2488 ,
2525 2425 2794 2495 exposuit,
2825 2425 2966 2481 sicut
2997 2433 3052 2480 et
3076 2426 3326 2495 superius
3363 2444 3459 2495 ap-

1881 2516 2253 2592 probavimus.
2281 2517 2387 2570 Sed
2416 2531 2562 2569 nunc
2586 2526 2642 2570 et
2660 2523 2893 2571 stratum
2930 2516 2983 2570 in
3014 2532 3122 2585 quo
3151 2516 3373 2581 dormit,
3404 2526 3462 2571 et-

1884 2607 1972 2661 ubi
2009 2608 2181 2671 sedet,
2210 2607 2550 2660 immundum
2577 2607 2855 2677 lcgislator
2881 2607 3032 2661 dicit.
3072 2607 3270 2661 Paulus
3297 2607 3462 2679 igitur

1882 2713 2005 2763 nos,
2035 2707 2090 2752 et
2121 2698 2294 2753 Lucas
2325 2699 2574 2762 doceant,
2605 2698 2734 2768 quid
2759 2699 2826 2753 de
2851 2699 2938 2753 his
2962 2699 3214 2753 arbitrari
3257 2699 3459 2753 debea-

1884 2806 2025 2845 mus.
2065 2790 2202 2857 Quia
2255 2791 2401 2846 enim
2463 2807 2557 2846 vas
2607 2800 2662 2845 et
2711 2799 2963 2856 stratum,
3021 2806 3131 2845 non
3191 2791 3462 2860 quoslibet

1883 2894 2078 2948 aegros,
2127 2880 2221 2934 sed
2277 2881 2376 2935 bos
2423 2881 2748 2948 signiﬁcant,
2782 2881 2873 2950 qui
2917 2881 3082 2935 nimis
3110 2891 3238 2936 sunt
3268 2881 3323 2934 in
3359 2881 3462 2934 do-

1885 2971 2058 3024 ctrina
2116 2973 2417 3037 sublimes,
2482 2988 2814 3043 omnemque
2872 2987 2991 3027 eam
3058 2974 3463 3044 quodammodo

1885 3060 2191 3130 capiebant.
2243 3063 2315 3116 ita
2364 3071 2423 3118 ut
2453 3065 2669 3118 sederet
2713 3064 2767 3118 in
2809 3065 2908 3128 eis,
2957 3081 3021 3120 ac
3051 3075 3364 3136 portaretur
3393 3068 3462 3120 ab

1884 3151 1964 3206 eis
2002 3152 2208 3218 doctor,
2245 3164 2432 3224 aperte
2474 3154 2648 3209 Lucas
2691 3155 2896 3220 docuit,
2941 3156 3159 3225 quando
3193 3157 3261 3212 de
3294 3156 3464 3212 Paulo

1885 3241 2029 3298 Deus
2060 3244 2128 3297 ad
2155 3243 2418 3298 Ananiam
2470 3244 2641 3299 dixit:
2697 3244 2852 3309 Vade,
2907 3246 3031 3315 quia
3071 3263 3163 3300 uas
3203 3247 3465 3302 electionis

1885 3334 1983 3386 erit
2033 3335 2160 3388 mihi
2203 3337 2317 3399 iste,
2351 3344 2406 3389 ut
2440 3345 2607 3402 portet
2635 3353 2821 3392 nomen
2853 3354 3024 3390 meum
3063 3341 3117 3391 in
3144 3339 3382 3408 gentibus
3414 3353 3463 3394 et

1886 3427 2094 3496 regibus
2111 3427 2200 3480 "'.
2232 3425 2512 3497 Tanquam
2547 3442 2644 3482 vas
2677 3429 2881 3484 Christi
2926 3430 3232 3484 doctrinam
3263 3428 3465 3485 Paulus

1886 3518 2156 3588 capiebat,
2209 3528 2270 3572 ut
2320 3520 2624 3574 imitaretur
2671 3536 2795 3576 eum
2836 3535 3024 3590 opere,
3077 3529 3134 3576 et
3187 3521 3377 3588 verbo,
3411 3533 3468 3576 et

1887 3611 2252 3680 passionibus.
2306 3611 2535 3683 Pr0pter
2572 3616 2718 3683 quod
2767 3629 2914 3669 nunc
2943 3615 3165 3684 quidem
3210 3614 3462 3670 dicebat:

1888 3700 1969 3753 An
2017 3701 2428 3770 experimentum
2476 3703 2710 3773 quwritis
2745 3703 2880 3772 ejus,
2912 3704 3004 3775 qui
3045 3703 3100 3757 in
3127 3719 3208 3758 me
3235 3702 3469 3775 loquitur

1889 3791 2083 3846 Christi
2100 3793 2184 3846 9‘?
2211 3821 2280 3832 -—-
2302 3791 2462 3848 Nunc
2481 3809 2611 3866 ergo
2637 3811 2650 3846 :
2672 3793 2976 3848 Imitatores
3007 3796 3107 3849 mei
3128 3803 3307 3859 estote,
3331 3795 3466 3850 sicut

1890 3893 1939 3938 et
1968 3901 2062 3954 ego
2091 3884 2285 3938 Christi
2305 3885 2370 3938 ³⁷.
2403 3884 2558 3941 Nunc
2595 3901 2726 3940 vero
2757 3901 2946 3940 rursus
2971 3904 2984 3940 :
3024 3884 3226 3952 Impleo
3263 3903 3325 3940 ea
3352 3901 3468 3956 qua:

1890 3980 2076 4029 desunt
2116 3977 2420 4045 passionum
2464 3975 2658 4030 Christi
2698 3978 2753 4030 in
2791 3993 2952 4031 carne
2997 3994 3111 4030 mea
3126 3977 3192 4032 ³⁸.
3225 3976 3466 4032 Stratum

1891 4076 2070 4122 autem
2105 4069 2367 4138 magistri,
2407 4068 2532 4138 quia
2582 4068 2859 4138 proprium
2903 4076 2988 4122 est
3018 4067 3196 4132 strati,
3227 4077 3289 4121 ut
3319 4068 3374 4121 in
3401 4082 3468 4121 eo

1892 4161 2194 4229 requiescat
2239 4176 2519 4230 possessor
2557 4161 2698 4227 ejus,
2734 4160 2908 4216 modis
2962 4159 3213 4215 omnibus
3240 4160 3331 4214 ille
3374 4174 3471 4230 per

1893 4251 1996 4305 hoc
2045 4251 2345 4321 discipulus
2391 4251 2714 4322 intelligitur
2756 4251 2814 4306 in
2846 4266 2956 4321 quo
2993 4260 3218 4322 propter
3245 4249 3469 4306 nimiam

1892 4343 2280 4406 obedientiam,
2343 4343 2598 4414 magister
2639 4343 2795 4413 ipse,
2841 4353 2896 4398 et
2935 4344 3055 4412 ejus
3106 4342 3332 4413 spiritus
3380 4357 3470 4396 rc-

215 4435 572 4489 sustinentes.
611 4432 704 4487 Vel
729 4434 842 4504 ipse
886 4449 1008 4487 cum
1053 4434 1124 4487 sit
1153 4434 1482 4505 impudicus,
1515 4443 1566 4488 et
1594 4449 1789 4488 secnn-
1826 4440 1866 4494 ι)
1895 4435 2144 4502 quiescit.
2191 4435 2344 4501 Quod
2397 4434 2708 4489 manifestat
2749 4433 2951 4489 Paulus
3005 4450 3072 4490 ex
3121 4435 3209 4504 his
3252 4451 3372 4506 qua:
3401 4435 3469 4488 al
3552 4433 3555 4435 ’

216 4528 343 4583 dum
366 4527 614 4596 proprias
642 4526 926 4595 passiones
954 4526 1068 4580 sive
1090 4525 1562 4595 concupiscentias
1591 4525 1795 4578 doctri-

217 4636 343 4675 nam
383 4619 548 4672 ﬁuat:
592 4627 648 4672 et
691 4619 838 4672 verbi
885 4624 1056 4686 gratia
1090 4633 1216 4672 cum
1250 4619 1555 4672 sitamator
1584 4617 1796 4671 adulte-

221 4708 309 4776 rii,
344 4712 554 4780 respuit
578 4721 725 4779 quod
757 4719 843 4765 est
872 4712 940 4766 de
968 4710 1220 4764 castitate
1245 4711 1558 4766 mandatum
1589 4727 1602 4764 :
1631 4709 1716 4763 vel
1751 4709 1795 4762 si

219 4811 556 4858 comessator
583 4813 638 4857 et
661 4804 929 4868 ebriosus,
955 4801 1288 4872 jejuniorum
1312 4802 1515 4872 legem:
1537 4800 1624 4855 hic
1643 4816 1793 4870 erg",

220 4895 348 4962 quia
379 4893 620 4963 magistri
655 4902 911 4948 censetur
951 4891 1194 4954 nomine,
1228 4898 1284 4944 et
1317 4905 1427 4943 non
1454 4905 1586 4944 sana
1615 4889 1792 4950 docet,

221 4987 316 5038 sed
344 4987 644 5055 corrumpit
672 4986 1001 5049 doctrinam,
1029 4998 1192 5053 quam
1221 4980 1450 5050 profert,
1480 4995 1590 5034 non
1615 4989 1798 5051 potest

224 5071 336 5124 Deo
371 5073 505 5129 ﬁlios
541 5090 851 5144 procreare,
909 5073 1052 5126 unde
1105 5082 1156 5124 et
1191 5067 1516 5138 proﬂuvium
1574 5069 1796 5124 seminis

227 5162 338 5231 pati
365 5163 576 5220 dicitur.
611 5167 781 5221 Nimis
805 5181 935 5236 ergo
970 5161 1364 5218 rationabiliter
1399 5159 1642 5214 subdidit
1677 5178 1689 5213 :

299 5251 487 5308 Omnes
530 5257 635 5310 dies
667 5259 910 5328 profluvii
948 5255 1181 5325 corporis
1213 5253 1347 5323 ejus,
1383 5254 1438 5306 in
1468 5251 1651 5322 quibus
1675 5268 1795 5304 con-

227 5345 364 5398 sistit
396 5362 580 5415 corpus
601 5350 710 5415 ejus
737 5351 790 5402 in
817 5350 1154 5417 profluvium,
1190 5346 1525 5400 immunditia
1560 5345 1673 5414 ejus
1698 5353 1793 5397 est.

229 5436 523 5510 Quousque
571 5440 717 5494 enim
764 5442 844 5496 sic
891 5444 1071 5507 docet,
1111 5448 1168 5495 et
1196 5438 1471 5495 doctorale
1500 5436 1800 5504 corrumpit

1895 4524 2208 4579 Corinthios
2257 4523 2494 4594 scripsit,
2547 4525 2775 4579 laudans
2825 4540 2920 4580 eos
2962 4525 3108 4598 quod
3153 4525 3472 4580 obedientcs

1897 4619 2220 4690 semetipsos
2267 4618 2389 4673 Tito
2437 4619 2823 4688 praebuerunt:
2878 4619 3246 4673 Abundantius
3293 4627 3472 4670 autem

1897 4711 2062 4779 gavisi
2090 4727 2269 4764 sunms
2307 4711 2364 4762 in
2409 4711 2602 4778 gaudio
2648 4708 2774 4772 Titi,
2809 4710 2935 4778 quia
2977 4710 3228 4776 requievit
3254 4708 3471 4776 spiritus

1898 4799 2013 4868 ejus
2047 4799 2101 4850 in
2141 4797 2379 4850 omnibus
2408 4797 2550 4849 vobis
2571 4796 2638 4846 9".
2670 4794 2871 4844 Eorum
2913 4807 3044 4861 ergo
3073 4794 3162 4861 qui
3196 4785 3470 4860 impudica

1898 4890 2112 4944 docent.
2149 4894 2204 4940 et
2243 4885 2477 4937 ﬁliorum
2508 4881 2872 4952 procreationi
2905 4883 3308 4944 contradicunt,
3335 4881 3472 4950 legi-

1898 4979 2161 5044 tinnasque
2209 4981 2476 5042 respuunt
2524 4971 2762 5040 nuptias,
2793 4980 2855 5025 ut
2884 4987 2981 5041 per
3009 4971 3114 5024 hoc
3153 4971 3471 5027 fornicatio-

1897 5084 2022 5124 nem
2049 5064 2416 5129 inlroducant,
2452 5073 2678 5134 propter
2711 5062 2855 5132 quod
2897 5071 2951 5116 ct
2976 5060 3176 5115 ﬂuxum
3205 5061 3472 5131 patientes

1898 5160 2121 5216 seminis
2142 5159 2416 5221 dicuntur,
2448 5163 2634 5226 utpote
2672 5153 2905 5226 genitale
2936 5169 3144 5216 semen,
3173 5165 3224 5209 et
3254 5158 3474 5225 nuptia-

1904 5268 2021 5307 rum
2054 5253 2224 5323 legem
2252 5257 2682 5318 corrumpentes,
2717 5249 2785 5302 de
2843 5247 3041 5317 quibus
3071 5247 3267 5301 Paulus
3320 5248 3475 5303 dice-

1904 5344 1996 5397 bat
2025 5361 2038 5397 :
2073 5341 2210 5406 Quia
2246 5341 2300 5394 in
2333 5339 2624 5392 novissimis
2650 5337 2971 5408 temporibus
2997 5336 3234 5390 recedent
3257 5337 3475 5408 quidam

1905 5452 1937 5488 a
1969 5433 2094 5502 ﬁde,
2133 5431 2455 5486 attendentes
2477 5428 2748 5500 spiritibus
2780 5427 2993 5492 erroris,
3024 5436 3072 5482 et
3094 5427 3342 5481 doctrinis
3368 5429 3476 5481 dte-

300 5647 343 5677 "
364 5643 576 5698 Coioss.
607 5660 667 5702 ιι.
697 5643 763 5696 18
789 5684 803 5706 ,
841 5644 928 5696 19.
1004 5645 1048 5674 θ’
1075 5643 1250 5698 Galat.
1284 5657 1322 5702 ι,
1350 5643 1402 5695 8.
1476 5643 1519 5674 ³³
1543 5641 1584 5694 li
1617 5639 1779 5693 Timo'

1890 5655 1960 5700 tv,
1985 5639 2037 5690 3.
2117 5637 2160 5670 '-"
2187 5635 2342 5688 Prov.
2373 5649 2426 5695 x,
2459 5633 2540 5706 19.
2569 5701 2592 5706 Δ
2614 5634 2658 5664 ’⁵
2679 5630 2913 5706 Philipp.
2939 5647 2975 5694 ι,
3007 5631 3181 5684 15-17.
3254 5629 3318 5662 ⁰³⁶
3348 5625 3471 5682 Act.

233 5730 308 5783 ιι,
344 5716 430 5770 15.
543 5715 587 5745 ’⁸
621 5713 662 5766 ΙΙ
693 5715 817 5766 Cor.
851 5729 970 5776 xm,
996 5713 1047 5765 ’5.

431 5809 702 5870 Parant.
749 5807 864 5864 Gn.
909 5804 1111 5863 XCIII.

1157 5715 1199 5744 "
1228 5713 1460 5781 Philipp.
1497 5728 1576 5777 ιιι,
1619 5712 1700 5763 l7.

1813 5709 1858 5742 ’⁸
1890 5710 2098 5764 Coluss.
2131 5723 2164 5768 ι,
2193 5707 2282 5759 Ἡ.

2398 5708 2440 5735 θ’
2475 5705 2518 5758 ιι
2559 5701 2680 5756 Cor.
2713 5717 2806 5765 vn,
2841 5703 2920 5756 ιδ.

3085 5791 3151 5854 31
