3886 6306
445 350 552 416 971
1640 340 1684 397 ll
1700 334 2000 395 ESYCllll
2056 337 2146 391 ΡΗ
2162 335 2523 394 ESBYTERI
3652 357 3762 423 972

448 473 741 529 moniornm
787 468 843 523 in
884 465 1168 537 hypocrisi,
1204 463 1554 519 cauteriutom
1605 463 1850 519 habentes
1895 480 2020 521 con-
2053 470 2094 528 Α
2194 464 2534 526 Generaliter
2559 464 2737 521 sanxit
2761 481 2871 520 non
2913 466 3076 522 licere
3106 468 3246 540 tangi
3296 468 3543 525 fructum
3576 472 3761 529 labio-

447 564 744 627 scientiam,
792 562 1118 627 prohibentes
1168 560 1377 619 nubere,
1420 563 1467 606 et
1509 554 1775 608 abstinere
1822 571 1853 607 a
1884 554 2035 613 cibit,
2145 569 2489 619 rum,eorum
2510 556 2602 624 qui
2632 556 2863 625 subjecti
2882 565 3011 612 sunt
3040 558 3220 616 ell'ecti
3236 560 3469 629 profana
3500 563 3760 618 docenti-

449 657 734 729 quaeDeus
782 652 979 708 creauit
1022 656 1093 704 ad
1118 645 1513 717 percipiendum
1539 645 1577 710 ί,
1640 652 1867 700 stratum
1912 644 2034 713 qui—
2142 644 2265 709 bus,
2285 645 2376 715 qui
2396 647 3550 721 subdideruntsemetipsosquodammodo,
3571 658 3759 711 verbis

450 754 595 816 dem,
635 758 692 803 ct
734 763 827 802 vas
876 745 1173 800 secundum
1223 740 1547 810 pnndictum
1578 741 1800 796 modum
1838 737 2039 792 ﬂuunt.
2140 740 2631 812 atqueincongruis
2651 744 2914 800 doctrinis
2939 747 3356 802 substernentes
3377 749 3606 806 animas
3630 768 3756 809 snas

449 844 772 911 Quicunque
797 840 1079 894 intentum
1110 833 1374 889 immundi
1411 840 1559 896 sunt,
1591 841 1647 887 ut
1671 846 1774 887 nec
1802 831 2034 886 munda-
2141 839 2398 902 tanquam
2426 849 2575 900 vasa,
2603 836 2663 888 in
2689 851 2813 906 qua:
2829 835 3053 892 distillet
3094 838 3398 908 impietatis
3438 857 3753 899 venenum.

449 940 653 994 tionem
677 949 864 991 eorum
912 931 1238 1002 praeciperet
1268 928 1543 999 legislator
1568 945 1583 981 :
1632 928 1738 983 scit
1767 927 1913 982 enim
1940 942 2035 982 eos
2138 919 2205 976 Et
2240 923 2729 995 tetigerit'aliquid,
2763 925 3092 984 immundus
3120 929 3248 995 erit,
3275 945 3381 985 seu
3401 931 3449 986 is
3482 948 3595 988 suo
3626 950 3755 1005 pec.

447 1032 518 1087 ita
548 1030 738 1085 morbo
783 1026 1029 1092 aﬂectos,
1070 1034 1130 1079 ut
1162 1022 1546 1093 pmnltentiam
1590 1035 1751 1091 agere
1796 1020 2033 1074 nullate-

447 1140 551 1180 nus
578 1121 831 1193 possint:
892 1133 999 1174 non
1029 1116 1177 1172 enim
1214 1130 1281 1169 ex
1330 1113 1635 1185 ignorantia
1686 1113 1744 1166 in
1804 1112 1897 1165 tali
1933 1111 2033 1166 dou

445 1213 637 1277 ctrina,
681 1212 778 1266 sed
837 1223 1002 1279 prava
1049 1206 1375 1262 habitudine
1408 1204 1625 1271 infecti,
1658 1205 1713 1258 in
1740 1203 2034 1274 impudicis

445 1304 712 1374 corrupti,
746 1318 846 1358 seu
892 1300 1138 1356 dissoluti
1166 1307 1295 1353 sunt
1335 1297 1518 1352 verbis
1547 1314 1561 1351 :
1607 1297 1751 1351 unde
1785 1298 1943 1351 etiam
1974 1297 2032 1351 in

449 1406 660 1452 tantum
688 1397 921 1450 libenter
947 1392 998 1447 ei
1018 1392 1387 1446 adhaeserunt.
1409 1388 1467 1444 Si
1490 1397 1671 1443 autem
1697 1389 1814 1459 quis
1845 1388 2032 1458 tetige-

449 1494 520 1546 rit
549 1488 795 1544 lectulum
826 1487 961 1556 ejus,
989 1485 1040 1539 id
1072 1493 1158 1540 est
1187 1484 1228 1537 si
1258 1482 1535 1552 particeps
1567 1482 1752 1545 luerit,
1782 1495 2032 1549 sumpse-

442 1585 621 1653 ritque
652 1582 721 1637 de
762 1580 1009 1636 doctrina
1041 1578 1182 1647 ejus,
1215 1584 1271 1630 et
1307 1589 1417 1627 non
1470 1572 1737 1627 insederit
1765 1570 2029 1644 dogmati-

442 1677 545 1730 bus
581 1675 702 1745 ejus
718 1673 810 1743 qui
831 1686 996 1743 prava
1021 1672 1182 1725 docet
1206 1682 1270 1722 ac.
1301 1666 1542 1728 sordida,
1569 1665 1880 1735 iniquorum
1909 1663 2030 1733 ejus

441 1770 734 1826 verborum
759 1764 1057 1833 discipulus
1078 1761 1303 1816 exsistit.
1327 1758 1434 1813 Sed
1457 1757 1846 1827 discipulorum
1863 1755 2027 1820 illius,

444 1864 543 1933 ipsi
584 1860 850 1930 siquidem
911 1866 1039 1913 sunt
1089 1857 1210 1925 ejus
1258 1868 1403 1908 vasa
1471 1859 1528 1906 et
1610 1858 1873 1913 stratum,
1936 1849 2030 1918 qui

444 1952 597 2008 audit
622 1966 739 2015 eos,
768 1950 883 2021 ipse
922 1962 1140 2017 quoque
1166 1943 1486 1999 immundus
1515 1949 1617 1996 est.
1647 1939 1820 1995 Lavat
1854 1948 2035 1994 tamen

443 2043 767 2097 veStimenta
796 2052 892 2092 sua
926 2052 1022 2106 per
1067 2034 1468 2106 paenitentiam,
1515 2032 1657 2085 sicut
1695 2045 1841 2100 saepe
1892 2030 2034 2085 dixit

445 2148 587 2196 mus,
641 2141 695 2188 et
723 2133 844 2203 ipse
877 2131 1022 2185 lotus
1064 2141 1206 2197 aqua
1230 2126 1596 2196 lacrymarum
1636 2124 1724 2177 vel
1753 2122 2032 2203 baptismi,

444 2224 759 2281 immundus
821 2223 926 2279 erit
974 2236 1148 2291 usque
1200 2220 1267 2273 ad
1339 2231 1670 2287 vesperum;
1725 2215 2033 2285 usquedum

444 2330 660 2390 tempus
710 2318 981 2387 compleat
1018 2313 1378 2385 paenitentiae.
1408 2310 1585 2381 Hujus
1622 2308 1770 2363 enim
1801 2308 2031 2379 ﬁguram

442 2410 732 2481 vesperum
777 2411 831 2463 in
860 2409 1048 2464 multis
1076 2407 1237 2477 gerit,
1278 2412 1334 2458 et
1362 2403 1624 2465 maxime,
1649 2401 1777 2471 quia
1804 2400 1859 2454 in
1887 2415 2028 2455 con-

440 2505 811 2569 summatione
858 2502 1206 2564 saeculorum,
1240 2498 1295 2552 id
1351 2504 1456 2563 est,
1515 2509 1714 2550 occasu
1744 2492 2034 2563 praesentis

442 2599 648 2663 saeculi,
680 2595 933 2651 Christus
962 2592 1121 2647 nobis
1146 2589 1463 2662 praedicavit
1485 2585 1887 2657 penitentiam.

510 2689 678 2743 Vens.
710 2690 763 2754 7,
799 2686 853 2741 8.
892 2704 910 2736 ι
954 2685 1060 2750 Qui
1111 2684 1351 2754 tetigerit
1376 2694 1598 2736 carnem
1646 2678 1788 2746 ejus,
1830 2674 2035 2731 lavabit

441 2783 768 2839 vestimenta
825 2794 943 2844 sua,
984 2786 1040 2831 et
1069 2776 1188 2847 ipse
1228 2776 1376 2829 lotus
1426 2787 1564 2842 aqua
1590 2768 1905 2825 immundus
1928 2767 2034 2822 erit

442 2889 615 2945 usque
669 2873 734 2927 ad
792 2884 1103 2939 vesperum.
1134 2868 1189 2922 Si
1235 2867 1460 2921 salivam
1511 2861 1826 2932 hujusmodi
1870 2861 2033 2915 homo

435 2966 631 3037 jccerit
672 2978 838 3034 super
870 2976 996 3016 eum
1030 2959 1125 3031 qui
1172 2956 1413 3013 mundus
1446 2964 1532 3010 est
1556 2996 1570 3019 ,
1618 2953 1821 3007 lavabit
1864 2950 2032 3005 vesti-

441 3065 624 3113 menta
652 3070 773 3121 sua,
806 3062 862 3108 et
893 3050 1038 3105 lotus
1074 3064 1238 3120 aqua,
1272 3046 1589 3101 immundus
1617 3046 1724 3097 erit
1768 3056 1938 3112 usque
1962 3039 2028 3094 ad

440 3163 753 3220 vesperum.
789 3165 808 3199 ›

513 3236 648 3295 Eum
674 3235 935 3293 videlicet
959 3233 1052 3303 qui
1082 3231 1142 3286 lit
1182 3228 1455 3300 particeps
1483 3225 1770 3291 doctrinae,
1800 3223 2029 3295 profana

440 3333 707 3396 docentis,
740 3326 1082 3384 immundum
1122 3337 1244 3379 esse
1284 3336 1459 3392 usque
1503 3320 1634 3374 dum
1670 3317 2028 3387 semetipsum

439 3423 608 3477 diluat
647 3435 745 3491 per
782 3415 1184 3489 paenitentiam,
1217 3427 1338 3467 eam
1381 3424 1545 3482 quam
1572 3409 1850 3478 legislator
1890 3422 2030 3478 pra:-

440 3515 604 3585 cepit,
633 3515 750 3568 sive
778 3511 920 3566 ultro
947 3508 1219 3579 quispiam
1251 3504 1527 3575 particeps
1554 3502 1819 3557 efficiatur
1845 3512 2028 3571 pravae

440 3606 718 3671 doctrinm,
743 3603 851 3658 hoc
872 3608 956 3658 est
985 3600 1133 3655 enim
1163 3611 1384 3653 carnem
1426 3604 1668 3666 tangere,
1703 3591 1908 3648 fluxum
1938 3605 2028 3646 se-

441 3697 606 3754 minis
631 3695 910 3769 patientis,
940 3693 1057 3748 sive
1095 3689 1345 3747 docentis
1373 3703 1438 3742 ex
1466 3690 1649 3758 opere
1674 3684 1858 3739 initiat
1893 3698 2029 3753 quo—

439 3790 728 3848 dammodo
782 3786 1181 3857 semetipsum,
1235 3779 1648 3850 introducitque
1706 3792 2023 3834 sermonem

439 3878 702 3939 doctrinae
725 3894 878 3945 suae,
918 3878 1027 3933 hoc
1049 3885 1133 3932 est
1173 3874 1398 3930 salivam
1448 3872 1739 3944 projicere.
1800 3869 2028 3939 Propter

440 3972 583 4045 quod
610 3973 829 4044 Aquila,
856 3971 901 4025 si
921 3984 1079 4040 super
1105 3965 1366 4036 exspuerit
1386 3981 1405 4018 :

511 4065 670 4121 Vsus.
702 4064 757 4120 9.
797 4083 815 4117 ι
846 4062 1045 4135 Sagma
1072 4073 1240 4130 super
1269 4055 1415 4128 quod
1451 4054 1659 4111 sederit
1684 4049 2024 4108 immundum

439 4158 546 4215 erit
573 4171 748 4228 usque
777 4155 848 4211 ad
871 4167 1187 4224 vesperum.
1224 4169 1244 4203 ι

504 4251 658 4309 Sicut
687 4256 919 4305 stratum
954 4246 1010 4299 in
1032 4258 1142 4315 quo
1170 4244 1220 4299 is
1254 4244 1351 4312 qui
1378 4239 1583 4295 ﬂuxum
1628 4241 1853 4297 seminis
1880 4240 2026 4312 pati-

439 4354 547 4406 tur,
603 4340 920 4411 requiescit,
951 4348 1007 4393 et
1050 4353 1147 4392 vas
1172 4340 1228 4389 in
1259 4349 1369 4405 quo
1398 4332 1573 4389 sedet
1603 4334 1790 4399 nimis,
1841 4333 1897 4389 id
1943 4339 2029 4388 est

435 4434 593 4490 valde
632 4449 761 4490 eum
803 4431 1150 4488 adhaerentes
1193 4426 1537 4497 disciplinas.
1587 4465 1600 4478 .
1646 4465 1659 4478 .
1706 4464 1719 4478 .
1765 4465 1779 4478 .
1825 4466 1838 4479 .
1890 4467 1903 4481 .
1948 4465 1961 4478 .
2007 4465 2020 4478 .

2137 1023 2262 1068 cato
2294 1016 2621 1086 susceperit,
2641 1017 2756 1073 sive
2776 1017 3103 1089 imposuerit
3127 1022 3276 1090 quod
3302 1021 3496 1079 facere
3526 1028 3753 1094 quidam

2137 1112 2565 1169 consueverunt,
2618 1105 2735 1174 ipse
2764 1107 2925 1176 quasi
2949 1107 3131 1164 dicere
3164 1125 3225 1165 se
3261 1121 3415 1166 recta
3437 1122 3543 1167 aut
3569 1113 3753 1169 facere

2136 1193 2477 1259 simulantes,
2499 1210 2688 1251 eorum
2702 1206 2883 1253 autem
2900 1200 2993 1269 qui
3016 1215 3180 1270 prava
3193 1200 3420 1274 docent,
3442 1214 3546 1258 aut
3560 1219 3748 1275 nunt,

2108 1285 2721 1355 ‘confirmantconatus,
2751 1298 2914 1361 atque
2936 1292 3057 1347 ideo
3083 1293 3316 1363 qualiter
3335 1310 3401 1350 se
3423 1311 3563 1367 erga
3592 1315 3749 1366 prava

2136 1376 2377 1432 habeant
2422 1377 2843 1434 convincuntur.
2873 1380 3242 1438 Nihilominus
3285 1384 3394 1453 ipsi
3433 1388 3748 1443 secundum

2134 1469 2452 1539 praedictum
2469 1469 2714 1534 modum,
2734 1471 3311 1530 habentnecessariam
3329 1477 3486 1545 poeni
3496 1477 3745 1534 tentiam.

2205 1560 2373 1615 Vens.
2408 1562 2496 1616 11.
2537 1581 2556 1613 ι
2598 1562 2809 1628 Omnis,
2845 1579 3006 1633 quem
3054 1567 3293 1636 tetigerit
3336 1568 3437 1638 qui
3472 1569 3606 1623 talis
3650 1584 3745 1627 est.

2132 1667 2246 1708 non
2276 1653 2401 1708 lotis
2445 1663 2573 1709 ante
2604 1655 2878 1722 manibus,
2920 1657 3121 1712 lavabit
3155 1658 3495 1714 vestimenta
3551 1678 3673 1727 sua,
3701 1674 3749 1717 et

2135 1743 2279 1799 lotus
2307 1759 2446 1814 aqua
2476 1745 2793 1801 inmundus
2825 1746 2930 1800 erit
2956 1762 3127 1816 usque
3153 1749 3222 1803 ad
3247 1765 3582 1820 vesperam.
3621 1771 3643 1804 ι

2207 1837 2526 1893 Necessarie
2538 1839 2898 1910 pmsentibus
2913 1840 3094 1895 verbis
3109 1856 3243 1896 usus
3260 1852 3347 1896 est
3370 1843 3671 1914 legislator
3684 1863 3745 1901 ne

2137 1929 2363 1983 omnino
2387 1929 2546 1995 nobis
2580 1928 2732 1984 ﬁeret
2771 1930 3078 2000 desperatio
3107 1931 3175 1987 de
3213 1932 3631 2003 conjunctione
3654 1938 3746 1991 do-

2138 2021 2315 2075 centis
2361 2035 2546 2089 prava,
2577 2021 2672 2075 sed
2707 2021 2853 2075 illam
2898 2029 3130 2086 tantum,
3159 2039 3282 2092 quae
3313 2034 3401 2079 est
3437 2030 3744 2097 usquedum

2137 2110 2393 2179 respiciat
2415 2110 2480 2164 ad
2514 2110 2918 2179 paenitentiam,
2948 2119 3110 2180 atque
3137 2112 3262 2166 ideo
3287 2122 3426 2168 sunt
3448 2114 3741 2177 immundi.

2136 2216 2495 2275 quoscunque
2510 2202 2719 2258 ﬂuxum
2766 2202 2991 2258 seminis
3017 2203 3229 2273 patiens
3266 2206 3545 2277 tetigerit,
3582 2209 3640 2262 id
3671 2218 3747 2263 est

2135 2293 2338 2362 quibus
2365 2293 2686 2348 commistus
2711 2292 2893 2348 fuerit.
2943 2294 3066 2348 Non
3101 2295 3228 2350 lotis
3263 2306 3461 2353 autem
3494 2302 3746 2357 manibus

2134 2398 2294 2454 aqua,
2319 2384 2555 2439 necdum
2581 2374 2834 2440 videlicet
2859 2400 3013 2439 suam
3031 2386 3197 2441 vitam
3224 2403 3323 2457 per
3351 2391 3746 2459 penitentiam

2133 2476 2339 2551 abluit:
2370 2477 2552 2532 lavare
2580 2477 2855 2547 siquidem
2881 2493 3106 2559 manus,
3140 2480 3320 2536 sordis
3358 2484 3666 2552 cujusdam
3698 2496 3746 2539 et

2134 2569 2358 2625 macula:
2381 2568 3129 2638 depesitionemzmanil‘estat.
3149 2570 3383 2643 Propter
3398 2577 3561 2644 quod
3578 2576 3739 2632 David

2132 2660 2348 2715 dicebat
2373 2679 2386 2713 :
2412 2660 2625 2715 Lavabo
2654 2661 2791 2714 inter
2810 2661 3106 2716 innocentes
3132 2679 3322 2718 manus
3342 2682 3525 2732 ineas,
3560 2678 3615 2722 et
3640 2669 3737 2721 cir-

2134 2739 2282 2806 c'uibo
2299 2752 2474 2806 altare
2493 2762 2660 2816 tuum,
2681 2750 2904 2806 Domine
2918 2755 2959 2807 ’.
2985 2753 3248 2809 Sordibus
3264 2755 3423 2810 enim
3441 2767 3554 2823 est,
3573 2760 3744 2829 turpia

2133 2852 2189 2896 et
2205 2857 2367 2912 prava
2384 2842 2607 2898 docens.
2626 2841 2702 2899 Ex
2720 2842 2845 2898 vitae
2862 2844 3009 2898 enim
3035 2844 3267 2912 fallacia,
3289 2856 3347 2902 et
3361 2850 3601 2905 sordida
3615 2867 3742 2906 con-

2133 2933 2361 2988 scientia
2391 2933 2457 2987 ad
2478 2934 2796 3009 hujusmodi
2821 2936 3067 3005 pervenit
3085 2937 3419 2997 doctrinam.
3456 2940 3575 2998 Iste
3591 2959 3737 3016 ergo,

2132 3028 2222 3097 qui
2256 3028 2309 3080 in
2338 3026 2495 3081 malis
2532 3026 2796 3082 docendis
2846 3028 3170 3098 quibusdam
3200 3034 3579 3104 semetipsum
3613 3038 3741 3092 mis-

2134 3120 2328 3186 cuerit,
2362 3119 2602 3182 necdum
2640 3120 2707 3174 ad
2760 3120 3138 3191 paenitentiam
3183 3124 3515 3194 respiciens,
3548 3138 3608 3182 et
3640 3129 3738 3192 hic,

2137 3211 2471 3277 immundus,
2501 3211 2881 3283 paenitentiam
2919 3213 3087 3269 habet
3129 3218 3528 3273 necessariam.
3574 3221 3741 3275 Lavet
3828 3242 3829 3245 η

2133 3316 2264 3372 ergo
2293 3303 2620 3356 vestimenta
2647 3317 2765 3368 sua,
2792 3303 2962 3359 idest
2996 3306 3266 3373 actiones,
3298 3323 3426 3377 quae
3472 3326 3581 3365 nos
3620 3314 3734 3381 upi-

2132 3394 2393 3450 nionibus
2417 3394 2655 3449 etsectis
2689 3394 3093 3463 ditl‘erentibus,
3112 3397 3251 3452 sicut
3297 3400 3442 3454 stola
3476 3402 3731 3456 induunt.

2131 3486 2233 3552 Qui
2265 3499 2398 3556 ergo
2422 3484 2695 3555 patientes
2729 3487 3008 3542 sustinent
3036 3488 3228 3554 malos,
3254 3497 3313 3544 et
3337 3505 3405 3544 ex
3458 3493 3729 3562 conjunc-

2130 3576 2279 3633 tione
2322 3577 2451 3632 talia
2492 3576 2808 3633 docentium
2862 3579 2930 3634 ad
2978 3580 3223 3636 actiones
3274 3581 3452 3637 malas
3500 3595 3728 3641 convct'b

2131 3681 2337 3737 tuntur,
2369 3671 2533 3727 etiam
2566 3679 2791 3741 propter
2809 3670 2915 3728 hoc
2936 3671 3119 3728 lavent
3148 3687 3347 3743 corpus
3377 3690 3546 3730 suum
3571 3692 3727 3746 aqz,

2131 3773 2192 3819 ut
2222 3773 2279 3819 et
2310 3778 2470 3819 suum
2496 3763 2759 3834 templum
2789 3778 2822 3819 a
2846 3765 3223 3835 compassione
3270 3767 3576 3823 verborum
3616 3770 3729 3823 illo-

2129 3872 2250 3912 rum
2288 3855 2600 3927 puriﬁcent,
2651 3864 2708 3912 et
2739 3864 2871 3912 tunc
2914 3867 3131 3913 certum
3179 3858 3285 3914 erit
3320 3858 3453 3929 quia
3502 3862 3728 3916 munda-

2129 3950 2352 4004 buntur.
2367 3946 2502 4004 Nam
2522 3948 2624 4004 etsi
2660 3949 2979 4006 immundus
3012 3950 3181 4005 fuerit
3224 3966 3398 4020 usque
3431 3952 3504 4007 ad
3537 3968 3726 4020 vespe-

2132 4052 2273 4101 ram,
2310 4037 2456 4107 quod
2486 4044 2580 4110 est
2620 4052 2796 4106 usque
2843 4038 2913 4095 ad
2943 4047 3158 4110 tempus
3197 4038 3566 4107 prenitentia,
3596 4040 3727 4095 sint

2128 4104 2448 4201 praedictum
2468 4104 2572 4194 est,
2596 4129 2689 4200 qui
2705 4104 2872 4186 docet
2888 4104 3138 4201 profana,
3162 4104 3284 4185 sine
3303 4128 3481 4185 dubio
3493 4131 3723 4185 mundus

2127 4220 2237 4276 erit
2265 4230 2390 4290 post
2422 4220 2822 4291 paenitentiam.

2199 4327 2366 4384 Vens.
2400 4329 2487 4383 12.
2528 4347 2546 4381 ι
2587 4326 2655 4381 Et
2684 4344 2781 4383 vas
2825 4328 2990 4384 ﬁctile
3027 4329 3340 4400 quicunque
3368 4331 3716 4403 tetigeritqai

2129 4418 2336 4475 ﬂuxum
2384 4418 2609 4475 seminis
2653 4420 2884 4490 patitur,
2936 4420 3336 4491 confringetur.
3388 4420 3504 4478 Vas
3547 4433 3717 4479 autem

435 4540 557 4594 quae
604 4521 819 4580 difﬁcile
848 4519 1046 4575 mutari
1085 4520 1173 4575 vel
1202 4493 1402 4572 molliri
1449 4524 1698 4587 possunt.
1726 4515 1817 4570 Sic
1855 4516 2018 4570 etiam
2057 4493 2097 4548 ί)
2127 4512 2366 4582 ligneum
2405 4510 2677 4566 lavabitur
2697 4525 2859 4582 aqua,
2887 4520 2943 4566 et
2971 4512 3236 4567 mundum
3267 4512 3394 4568 erit.
3433 4533 3456 4566 ι

438 4619 524 4673 hic
547 4618 603 4670 in
628 4631 836 4687 sagma,
857 4614 969 4668 sive
994 4622 1050 4667 ut
1071 4609 1213 4666 LXX
1233 4609 1537 4675 ediderunt,
1563 4608 1618 4661 in
1650 4624 1835 4678 sagma
1858 4607 2017 4671 asini,

434 4706 881 4782 negligentiorem
910 4705 1129 4776 quidem
1163 4701 1511 4772 discipulum,
1541 4701 1637 4755 sed
1669 4709 1852 4754 tamen
1877 4700 2019 4754 mol-

435 4803 537 4858 lius
562 4802 852 4858 habentem
871 4814 965 4854 cor
986 4797 1052 4879 ad
1069 4795 1515 4852 commutandam
1537 4800 1595 4848 ‘se
1623 4811 1635 4846 :
1669 4791 1849 4848 mollia
1871 4791 2019 4845 enim

433 4905 675 4969 sagmata
691 4894 826 4950 asini
845 4872 1115 4965 legislator
1138 4888 1427 4946 intellexit.
1449 4872 1556 4942 Sed
1576 4893 1629 4941 et
1646 4885 1693 4939 is
1713 4885 1839 4955 quia
1860 4884 2020 4938 bonis

433 4972 705 5059 magistris
733 4984 936 5050 excuti,
962 4984 1046 5037 vel
1066 4981 1195 5035 dilui
1226 4989 1389 5050 atque
1411 4992 1670 5048 respuere
1689 4975 1895 5031 malum
1919 4975 2026 5029 dis-

432 5078 745 5150 cipulatum‘
777 5085 957 5148 potest
989 5094 1002 5128 :
1036 5074 1161 5144 quia
1190 5073 1297 5126 tale
1335 5079 1419 5125 est
1464 5068 1609 5138 quod
1646 5066 1807 5132 LXX,
1834 5067 2032 5120 ἐπεσα-

433 5186 547 5238 γμα
582 5169 876 5240 appellant,
910 5164 963 5221 id
984 5172 1086 5226 est,
1113 5171 1349 5216 stratura
1375 5167 1469 5223 ;et
1497 5159 1611 5228 ipse
1631 5157 1885 5210 videlicet
1926 5155 2032 5208 im-

435 5256 668 5312 mundus
693 5256 814 5320 erit,
836 5254 1138 5323 usquedum
1159 5252 1224 5306 ad
1245 5248 1617 5321 pmnitentiam
1635 5261 1692 5300 se
1718 5245 1959 5299 verterit.

510 5344 671 5403 Vens.
704 5347 790 5402 lO.
832 5367 847 5397 ι
880 5344 948 5399 Et
971 5343 1149 5398 omnis
1171 5341 1263 5411 qui
1297 5338 1532 5409 tetigerit
1560 5336 1819 5406 quidquid
1842 5336 1944 5390 sub
1965 5349 2031 5389 eo

436 5440 558 5502 erit,
587 5439 899 5496 immundus
917 5436 1021 5492 erit
1056 5449 1228 5504 usque
1255 5433 1322 5487 ad
1344 5444 1655 5500 veSperum.
1690 5428 1754 5482 Et
1780 5426 1871 5497 qui
1900 5441 2025 5496 por-

438 5529 635 5582 taverit
655 5528 847 5582 borum
878 5524 1096 5594 aliquid,
1122 5520 1661 5577 lavabitvcstimenta
1682 5533 1800 5582 sua,
1826 5527 1880 5570 et
1910 5517 2026 5585 ipse

439 5612 581 5665 lotus
608 5629 745 5684 aqua
776 5613 1087 5667 immundus
1115 5610 1220 5665 erit
1248 5623 1420 5678 usque
1448 5607 1513 5661 ad
1547 5619 1854 5675 vesperum.
1891 5622 1908 5654 ι

551 5812 570 5844 ⁸
596 5812 622 5866 1
646 5811 766 5865 Tim
814 5812 975 5876 1v,l.
1084 5815 1103 5844 ²
1130 5810 1275 5864 Psal.
1308 5827 1435 5875 xxv,
1463 5807 1515 5861 6.

1629 5809 1646 5839 ³
1682 5806 1851 5861 onr.
1876 5821 1973 5871 vn,
2005 5803 2060 5860 6.

2198 4603 2261 4658 In
2271 4603 2642 4675 superioribus
2658 4604 2821 4674 hujus
2836 4603 3050 4675 legis,in
3070 4620 3175 4675 qua
3186 4604 3319 4660 dixit
3332 4604 3544 4662 lluxum
3566 4609 3715 4666 serui-

2128 4699 2217 4752 nis
2249 4696 2568 4768 patientem,
2599 4694 2874 4765 quoslibet
2920 4695 3177 4750 homines
3204 4703 3434 4768 tangere
3492 4698 3714 4753 diximus

2127 4808 2242 4855 eos,
2260 4792 2458 4861 quibus
2476 4790 2589 4860 ipse
2602 4804 2661 4845 se
2674 4805 2839 4859 prava
2859 4790 3061 4845 docens
3076 4790 3394 4856 immiscuit,
3416 4800 3475 4847 et
3495 4794 3714 4865 sumpsit

2131 4885 2199 4939 ad
2221 4884 2512 4954 quamdam
2562 4882 2876 4938 societatem
2925 4882 3035 4950 sui,
3067 4883 3176 4939 hoc
3220 4886 3367 4939 enim
3400 4896 3486 4940 est
3542 4897 3714 4957 aperte

2135 4985 2375 5047 tangere,
2394 4975 2539 5031 unde
2551 4984 2607 5029 et
2620 4973 2820 5029 Paulus
2834 4984 3059 5046 propter
3068 4976 3383 5031 societatem
3402 4977 3713 5033 muliebrem

2134 5069 2430 5123 cavendam
2460 5063 2478 5121 τ’
2497 5065 2701 5121 Bonum
2725 5076 2821 5125 est.
2842 5067 3039 5138 inquit,
3061 5067 3285 5135 homini,
3318 5068 3590 5122 mulierem
3618 5084 3712 5121 nos

2138 5170 2368 5229 tangere.
2425 5157 2653 5228 Propter
2694 5159 3070 5229 fornicationes
3137 5170 3314 5212 autem
3364 5161 3712 5229 unusquisque

2135 5265 2288 5302 suam
2334 5263 2549 5301 uxorem
2591 5248 2802 5313 habeat,
2833 5258 2879 5301 et
2928 5264 3256 5318 unaquaeque
3306 5265 3457 5302 suum
3486 5250 3695 5303 rinrn’.

2135 5338 2199 5393 lli
2220 5354 2348 5410 ergo
2367 5352 2493 5405 vasa
2514 5338 2633 5408 ejus
2649 5336 2823 5392 eﬂ‘ecti
2846 5346 2972 5391 sunt
2987 5337 3288 5392 doctrinam
3300 5337 3392 5406 qui
3410 5338 3478 5391 ab
3495 5353 3584 5398 eo,
3597 5337 3707 5391 licet

2135 5446 2379 5502 parvam,
2412 5438 2777 5499 susceperunt
2821 5447 2834 5482 :
2875 5444 3054 5498 neque
3079 5429 3227 5482 enim
3271 5430 3585 5498 supersedit
3615 5428 3705 5490 eis,

2131 5521 2181 5574 id
2210 5529 2294 5575 est
2314 5535 2421 5573 non
2443 5528 2611 5574 totam
2630 5519 2685 5573 in
2714 5519 2861 5588 ipsos
2880 5534 3033 5573 suam
3056 5518 3361 5575 doctrinam
3388 5518 3702 5575 exinanivit,

2133 5608 2306 5679 tetigit
2335 5616 2540 5675 tamen,
2569 5617 2783 5680 partem
2801 5609 3084 5679 quamdam
3116 5608 3359 5664 tradens.
3382 5607 3704 5663 Permanent
