3886 6306
214 328 340 394 973

1399 333 1481 394 IN
1516 335 1951 397 LEVITICUM.
1984 363 2051 374 --
2092 339 2237 399 LIB-
2274 342 2344 399 Υ.

3389 347 3497 418 974

206 438 394 510 igitur
437 435 649 498 ﬁctiles.
701 438 753 493 id
809 449 890 493 est
942 439 1158 512 fragiles
1187 451 1242 498 et
1300 432 1500 500 terreni
1549 447 1615 501 ad
1641 447 1812 500 lutum
1845 469 1888 524 Α
1919 451 2092 506 sancti
2139 452 2377 522 Spiritus
2421 453 2664 528 designat
2718 455 3040 530 imaginem;
3070 464 3288 530 oportet
3327 456 3472 512 enim

203 543 403 592 suum,
457 535 513 581 et
541 527 608 582 ad
671 529 1076 597 corruptionem
1122 531 1217 585 luti
1267 531 1630 598 intendcntcs,
1681 535 1807 604 quia

202 629 648 691 corrumpuntur
681 621 844 674 etiam
876 637 906 674 a
938 624 1210 691 paucitate
1259 627 1570 692 verborum,
1611 642 1806 681 neces-

203 711 362 765 sarie
389 719 765 765 conteruntur.
804 712 860 766 Si
889 723 1068 767 autem
1100 713 1282 785 lignei,
1317 717 1442 787 quia
1469 718 1644 787 lignea
1680 733 1807 772 vasa

201 801 381 854 luteis
433 811 488 855 et
529 800 783 856 ﬁctilibus
839 803 986 857 vasis
1031 802 1252 862 fortiora
1301 816 1449 868 sunt,
1493 806 1806 878 diutiusque

201 893 552 955 subsistunt,
600 908 736 961 aqua
781 893 939 949 lavati
1013 896 1358 966 mundantur.
1417 897 1604 967 Neque
1655 898 1804 954 enim

201 979 420 1033 insedit
454 979 508 1032 in
542 979 644 1042 eis,
670 996 771 1036 nec
798 997 1016 1036 omnem
1048 985 1188 1053 ejus,
1221 985 1361 1042 sicut
1392 986 1658 1054 diximus,
1691 1004 1804 1042 ma-

198 1070 322 1124 lam
381 1071 688 1126 doctrinam
735 1085 1126 1144 susceperunt,
1164 1079 1516 1148 quamobrem
1571 1095 1672 1135 nec
1721 1082 1802 1136 sic

199 1160 581 1226 inﬁrmantur,
625 1171 683 1216 ut
714 1179 810 1232 per
831 1166 1209 1234 pmnitentiam
1233 1169 1412 1222 sanari
1436 1185 1542 1224 non
1564 1171 1795 1239 possint.

200 1249 357 1322 Ergo
393 1252 622 1306 intentio
659 1263 743 1310 est
779 1255 1122 1325 legislatoris,
1159 1252 1456 1316 ostendere
1489 1262 1580 1331 qui
1620 1263 1798 1332 pinni-

201 1344 440 1397 tentiam
470 1354 646 1415 agant,
692 1345 776 1400 vel
802 1347 927 1417 quia
955 1363 1063 1402 non
1100 1351 1483 1418 paenitentiam
1511 1353 1799 1423 agentibus

201 1436 360 1490 salus
383 1437 610 1491 ollertur
635 1455 649 1490 :

279 1523 448 1579 Vens.
504 1527 590 1581 15.
633 1546 650 1578 ‹
693 1526 749 1580 Si
786 1535 1006 1583 sanatus
1057 1529 1238 1593 fuerit,
1292 1531 1381 1599 qui
1422 1532 1795 1602 hujuscemodi

196 1619 438 1674 sustinet
500 1621 829 1690 passionem,
870 1623 1213 1677 enumerabit
1277 1633 1486 1693 septem
1547 1625 1664 1680 dies
1728 1626 1793 1679 ad

198 1712 649 1766 emundationem
679 1714 785 1778 sui,
814 1725 868 1769 et
887 1714 1011 1769 lctis
1045 1713 1287 1774 vestibus
1310 1730 1372 1770 ac
1406 1724 1519 1771 toto
1541 1732 1788 1790 corpore,

200 1801 261 1855 in
293 1803 448 1873 aquis
469 1803 776 1860 viventibus
805 1806 910 1859 erit
939 1806 1196 1860 mundus.
1237 1825 1258 1855 ι

274 1893 551 1950 Mundatio
567 1905 649 1950 est
669 1897 806 1967 ejus,
832 1897 921 1966 qui
935 1897 1140 1952 ﬂuxum
1159 1897 1380 1952 seminis
1397 1898 1620 1969 patitur,
1639 1915 1785 1956 eam-

198 1986 328 2041 dem
356 1988 762 2058 corruptionem
784 1989 1008 2046 seminis
1033 2007 1374 2062 nequaquam
1406 1993 1635 2048 ulterius
1664 2010 1786 2050 sus-

197 2077 400 2134 tinere.
447 2078 502 2134 Si
552 2094 681 2150 ergo
715 2080 932 2135 sordida
964 2096 1237 2152 pravaque
1290 2097 1353 2138 ac
1388 2082 1593 2138 nefaria
1632 2085 1785 2154 quis-

199 2169 356 2240 piam
381 2169 582 2226 docens
605 2171 924 2237 cessaverit,
949 2183 1138 2242 utpote
1173 2173 1265 2242 qui
1294 2175 1608 2241 cessaverit,
1637 2192 1667 2232 a
1696 2178 1784 2231 tali

202 2266 577 2336 impudicitia,
639 2269 874 2324 mundus
922 2278 1070 2324 recte
1112 2270 1355 2325 dicitur:
1403 2271 1508 2327 Pro
1553 2273 1787 2330 sordidis

123 2409 129 2416 .
199 2359 553 2414 sermonibus
574 2368 776 2425 autem,
802 2376 940 2430 quos
964 2361 1158 2418 ell'udit
1183 2363 1352 2433 prius,
1377 2379 1600 2421 necesse
1623 2365 1787 2422 habet

201 2460 415 2520 septem
441 2450 555 2506 dies
593 2451 956 2517 dinumerare,
1011 2453 1078 2508 ad
1113 2454 1479 2511 omnimodam
1524 2459 1786 2514 emunda-

203 2545 434 2609 tionem,
459 2561 576 2616 quae
608 2547 886 2615 perﬁcitur
913 2562 1008 2616 per
1037 2548 1354 2615 adventum,
1403 2551 1782 2608 subministra-

202 2637 523 2706 tionemque
549 2637 798 2707 spiritus,
829 2639 986 2708 cujus
1015 2641 1352 2711 septemplex
1389 2641 1590 2698 donum
1631 2645 1786 2700 nobis

199 2725 369 2784 Isaias
401 2730 671 2806 exposuit,
689 2745 814 2784 cum
843 2730 916 2784 ait
948 2747 960 2784 :
986 2729 1216 2800 Spiritus
1233 2733 1511 2801 sapientia:
1539 2744 1587 2788 et
1629 2737 1785 2789 intel-

198 2817 380 2882 lectus,
407 2821 625 2889 spiritus
646 2821 849 2874 consilii
873 2829 922 2876 et
948 2821 1293 2891 fortitudinis,
1314 2823 1530 2892 spiritus
1555 2826 1788 2880 scientiae

199 2921 250 2966 et
278 2913 505 2982 pietatis,
533 2914 750 2983 spiritus
772 2915 976 2968 timoris
1007 2915 1215 2971 Domini
1238 2915 1495 2982 ‘.Quihus
1531 2919 1788 2974 omnibus

199 3013 380 3075 egent,
405 3005 494 3073 qui
533 3004 832 3076 perfectam
862 3006 1274 3075 inundationem
1299 3007 1402 3063 sibi
1442 3009 1723 3078 procurari
1755 3026 1786 3064 a

200 3096 425 3161 malitia,
454 3112 574 3166 qua:
602 3106 688 3151 est
715 3097 769 3151 in
805 3097 1101 3159 locutione,
1135 3099 1249 3154 sive
1282 3099 1338 3154 in
1378 3102 1655 3171 operibus,
1680 3103 1775 3158 sed

198 3195 257 3241 et
287 3203 424 3256 aqua
465 3188 584 3243 viva
624 3189 810 3244 lavant
839 3189 1163 3244 vestimenta
1203 3199 1256 3245 et
1288 3205 1505 3262 corpus.
1545 3191 1675 3258 Quae
1705 3195 1775 3249 sit

197 3295 326 3334 vero
361 3280 442 3336 vis
490 3281 958 3346 vestimentorum,
1011 3290 1066 3336 et
1107 3282 1373 3352 corporis,
1426 3284 1560 3339 satis
1584 3295 1668 3340 est
1723 3286 1776 3339 in

196 3369 566 3440 superioribus
585 3371 1032 3425 demonstratum.
1053 3373 1204 3441 Aqua
1231 3381 1413 3427 autem
1435 3372 1552 3426 viva
1575 3373 1776 3440 lavant,

198 3459 287 3514 illa
309 3461 560 3515 videlicet
589 3461 656 3515 de
682 3476 788 3530 qua
833 3460 1066 3530 Spiritus
1096 3461 1310 3516 dicebat
1341 3480 1356 3516 :
1387 3460 1491 3526 Qui
1524 3464 1684 3516 credit
1722 3463 1780 3517 in

198 3570 299 3620 me,
343 3554 477 3607 sicut
517 3553 644 3607 dicit
690 3552 1006 3624 Scriptura,
1041 3553 1266 3621 ﬂumina
1329 3554 1392 3609 de
1445 3563 1620 3609 ventre
1661 3555 1774 3624 ejus

199 3647 362 3716 ﬂuent
399 3661 553 3720 aqua:
592 3646 719 3701 viva:
748 3647 790 3699 ³.
839 3643 906 3699 Et
943 3660 1174 3701 rursus:
1204 3643 1511 3716 Quicunque
1557 3646 1685 3699 bibit
1711 3661 1776 3700 ea:

199 3755 336 3809 aqua
365 3754 525 3810 quam
557 3753 648 3808 ego
677 3739 742 3792 do
775 3737 844 3799 ei,
870 3736 960 3806 ﬁet
993 3737 1049 3790 in
1087 3753 1147 3792 eo
1173 3738 1289 3808 fons
1319 3753 1474 3808 aqua
1529 3738 1772 3792 salientis

198 3832 255 3885 in
279 3830 441 3885 vitam
468 3838 722 3884 sternam
755 3829 796 3883 ⁸.
822 3828 962 3900 Ergo
989 3827 1271 3884 mundatio
1301 3843 1468 3900 prava
1495 3828 1772 3897 docentis,

197 3937 294 3994 per
318 3922 515 3978 bonam
560 3919 965 3993 legitimamque
995 3919 1298 3975 doctrinam
1330 3913 1602 3990 provenit.
1644 3920 1773 3976 Haec

195 4023 280 4072 est
328 4015 474 4073 enim
509 4012 630 4071 viva
676 4028 837 4086 aqua,
884 4012 1012 4084 quia
1053 4012 1223 4068 vitam
1254 4012 1323 4068 ad
1351 4027 1412 4068 se
1464 4013 1774 4070 accedentis

197 4118 432 4180 praestat.

267 4203 422 4257 Vens.
448 4202 536 4256 lt.
559 4220 578 4253 ‹
609 4199 703 4255 Die
727 4208 908 4254 autem
930 4207 1139 4264 octavo,
1164 4204 1343 4254 sumet
1372 4197 1507 4253 duos
1535 4203 1772 4253 turtures

194 4304 286 4350 aut
312 4295 447 4350 duos
491 4294 666 4364 pullos
710 4291 991 4358 columbae,
1054 4300 1110 4346 et
1137 4290 1320 4346 veniet
1370 4290 1424 4343 in
1475 4300 1771 4360 conspectu

198 4389 401 4444 Domini
430 4389 495 4444 ad
530 4389 730 4442 ostium
763 4385 1096 4441 tabernaculi
1138 4384 1435 4440 testimonii
1472 4403 1484 4438 :
1514 4385 1770 4454 dabitque

1913 543 2188 599 doctorem
2210 546 2546 602 meditationi
2575 548 2803 618 spiritali
2827 565 3049 619 operam
3087 551 3237 606 dare.
3269 550 3494 626 Propter

1911 635 2056 702 quod
2088 645 2147 691 ut
2176 638 2512 693 sacerdotem
2561 648 2616 696 et
2648 643 2980 711 magistrum,
3035 642 3354 716 sibimetipsi
3398 661 3491 703 su-

1913 741 2061 780 mere
2101 727 2203 782 hoc
2238 728 2560 786 sacriﬁcium
2601 732 2878 800 prmcepit,
2920 734 3062 802 quod
3109 735 3161 788 in
3192 735 3300 791 alio
3325 741 3492 793 sacri-

1910 821 2032 875 ﬁcio
2049 822 2149 876 nisi
2174 837 2362 878 rursus
2399 823 2693 879 sacerdotis
2709 825 2938 896 alicujus
2965 825 3126 884 fuerit
3148 846 3210 884 ac
3230 831 3490 902 magistri,

1916 912 2124 968 dixisse
2157 914 2466 970 nullatenus
2496 914 2787 974 invenitur.

2001 1002 2285 1075 Ipsumque
2338 1006 2541 1076 deferre
2579 1007 2800 1062 hostiam
2845 1009 2902 1062 in
2928 1010 3116 1063 ostium
3163 1011 3492 1065 tabernaculi

1908 1098 2215 1152 testimonii.
2249 1098 2331 1154 Ad
2361 1098 2728 1168 apostolorum
2757 1101 3014 1158 videlicet
3034 1102 3308 1159 doctrinas
3345 1121 3358 1170 ;
3394 1105 3492 1160 has

1905 1189 2052 1244 enim
2099 1205 2220 1245 esse
2255 1190 2534 1246 introitum
2557 1233 2571 1257 ,
2603 1200 2696 1246 aut
2743 1208 2929 1247 verum
2973 1195 3379 1251 tabernaculum
3414 1207 3492 1252 te-

1903 1280 2172 1342 stimonii,
2192 1281 2246 1336 id
2273 1291 2357 1336 cst
2381 1282 2768 1339 habitationem
2788 1284 3014 1349 Christi,
3043 1295 3098 1342 et
3117 1289 3486 1343 conversatio-

1901 1377 2050 1434 nem,
2083 1372 2333 1441 supcrius
2379 1373 2435 1427 in
2475 1374 2754 1429 sacriﬁciis
2782 1376 3142 1444 ostendimus,
3173 1387 3230 1432 ut
3257 1381 3323 1435 ad
3353 1397 3488 1450 apo-
3534 1363 3536 1366 ﬁ

1901 1461 2146 1516 stolicam
2178 1462 2540 1518 intentionem
2569 1465 2624 1518 in
2673 1465 2857 1521 futuro
2883 1483 3035 1522 suam
3088 1470 3332 1538 perﬁciat
3384 1471 3490 1526 lin-

1899 1569 2078 1625 guam.
2098 1553 2249 1610 Sicut
2271 1564 2451 1612 autem
2469 1557 2557 1626 qui
2581 1558 2844 1628 peccavit,
2866 1569 2920 1615 et
2935 1561 3222 1616 sacerdotii
3245 1563 3488 1619 habitum

1897 1659 1956 1712 in
2005 1665 2064 1706 se
2107 1649 2440 1706 inﬁrmavit:
2487 1659 2650 1722 atque
2676 1652 2925 1709 ineﬂicas
2963 1654 3220 1721 reddidit,
3245 1656 3375 1715 dare
3397 1673 3487 1712 sa-

1896 1741 2124 1804 cerdoti,
2155 1749 2211 1798 et
2234 1743 2520 1798 sacerdotii
2561 1744 2926 1800 ministerium
2951 1745 3041 1801 alii
3078 1747 3272 1803 cedere
3300 1747 3489 1818 jussus

1830 1819 1871 1874 Β
1905 1845 2014 1890 est.
2052 1835 2160 1894 Sed
2211 1835 2489 1906 accipiens
2567 1838 2821 1892 sacerdos
2889 1838 3026 1894 duos
3083 1846 3344 1904 turtures,
3393 1849 3489 1896 aut

1888 1926 2026 1982 duos
2059 1927 2234 1997 pullos
2266 1927 2662 1994 columbarum,
2695 1927 2824 1997 quid
2855 1927 3030 1985 facit?

1963 2017 2130 2072 Unum
2175 2017 2302 2086 facit
2339 2032 2436 2086 pro
2465 2026 2696 2084 peccato,
2739 2026 2786 2071 ct
2817 2033 2980 2072 unum
3003 2019 3059 2072 in
3104 2021 3483 2088 holocaustum,

1889 2109 1963 2166 Ut
1999 2108 2103 2164 hoc
2139 2107 2360 2178 quidem
2393 2107 2644 2163 sacriﬁcii
2675 2108 2741 2164 ad
2761 2108 3095 2166 ablutionem
3121 2113 3262 2182 ejus,
3291 2127 3484 2167 eorum

1887 2215 2009 2270 quae
2027 2199 2272 2270 peccavit
2300 2199 2353 2253 in
2381 2195 2627 2255 doctrina
2650 2199 3058 2254 contradicente
3081 2199 3182 2273 legi
3204 2201 3482 2272 proﬁciat:

1893 2291 2025 2346 illud
2053 2302 2234 2346 autem
2263 2291 2332 2346 ad
2388 2290 2662 2361 sapienter
2689 2293 3120 2348 conversandum
3176 2294 3233 2348 in
3261 2294 3480 2363 futuro;

1902 2382 2069 2452 hujus
2107 2382 2254 2436 enim
2285 2392 2370 2438 est
2397 2381 2610 2453 signum
2641 2382 2698 2437 in
2727 2383 3128 2441 holocaustum.

1945 2473 2013 2527 Et
2043 2474 2119 2530 sic
2145 2472 2512 2540 deprecabitur
2539 2489 2638 2540 pro
2668 2490 2726 2530 eo
2755 2475 2996 2530 sacerdos
3021 2492 3204 2529 coram
3231 2475 3482 2543 Domina,

1897 2573 1956 2616 ut
2000 2563 2311 2617 emundetur
2349 2581 2380 2616 a
2408 2565 2558 2632 [lqu
2613 2565 2828 2618 seminis
2873 2566 2975 2619 sui.
3013 2565 3122 2620 Nec
3145 2568 3290 2621 enim
3323 2568 3483 2622 aliter

1889 2655 2173 2729 quisquam
2195 2655 2604 2712 mundationem
2631 2672 2812 2710 coram
2836 2658 3062 2712 Domino
3085 2658 3262 2714 facere
3279 2670 3478 2730 potest,

1891 2747 1944 2802 id
1973 2757 2058 2804 est
2086 2746 2390 2804 secundum
2427 2745 2786 2811 voluntatem,
2811 2755 2868 2800 et
2906 2745 3078 2817 legem
3114 2747 3232 2813 Dei,
3271 2749 3376 2802 nisi
3413 2751 3480 2804 de

1897 2839 1983 2896 his
2018 2855 2138 2909 quae
2180 2837 2428 2908 peccavit
2473 2839 2774 2907 pmnitens,
2801 2847 2856 2892 et
2898 2854 2997 2909 per
3041 2840 3308 2896 sacriﬁcia
3339 2858 3468 2898 ora-

1891 2929 2102 2984 tionum
2146 2927 2508 2991 satisfaciens,
2564 2937 2863 2998 posteaque
2907 2939 3057 2984 recte
3115 2931 3364 2997 vivendo,
3415 2950 3479 2988 ac

1891 3018 2132 3090 perfecte
2180 3019 2464 3088 sapiendo.
2532 3018 2673 3089 Ergo
2723 3019 2817 3088 qui
2858 3037 3081 3076 suorum
3131 3035 3475 3094 peccatorum

1892 3109 2335 3168 emundationem
2376 3108 2481 3164 alio
2531 3109 2694 3164 modo
2739 3110 2969 3180 peragit,
3007 3127 3107 3182 pro
3147 3113 3250 3168 hoc
3293 3131 3473 3170 coram

1883 3200 2112 3257 Domino
2143 3216 2253 3256 non
2281 3209 2498 3272 rogatur
2524 3219 2536 3252 :
2562 3215 2736 3271 neque
2762 3201 2907 3256 enim
2929 3203 3048 3272 ejus
3066 3205 3475 3262 mundationem

1881 3293 2110 3362 suscipit
2139 3295 2298 3359 Deus,
2334 3293 2429 3347 sed
2459 3307 2560 3346 nec
2585 3308 2680 3346 eos
2706 3292 2799 3362 qui
2833 3309 2932 3362 pro
2964 3310 3030 3349 eo
3060 3295 3300 3352 offerunt
3352 3316 3474 3369 pre-

1879 3395 1991 3436 ces.
2016 3379 2376 3452 Quamobrem
2399 3381 2513 3436 sive
2540 3382 2606 3437 ad
2626 3382 2928 3440 doctrinam
2950 3385 3071 3453 quis
3102 3385 3473 3460 int-ongruam.

1879 3471 1995 3527 sive
2025 3472 2094 3526 ad
2120 3473 2286 3527 vitam
2315 3471 2536 3527 deﬂuxit
2562 3473 2780 3538 malam,
2806 3473 2920 3528 sive
2970 3485 3281 3546 utrumque,
3313 3481 3472 3536 simul

1877 3578 2070 3634 preces
2098 3563 2398 3630 effundere,
2417 3564 2716 3619 secundum
2765 3565 2910 3635 quod
2938 3565 3142 3622 dictum
3177 3577 3262 3625 est
3290 3587 3471 3628 coram

1879 3653 2133 3719 Domino,
2157 3654 2252 3726 qui
2289 3654 2454 3711 habet
2492 3656 2547 3709 in
2589 3665 2862 3727 potestate
2904 3658 3186 3715 dimittere
3227 3674 3469 3732 peccata,

1878 3745 2121 3801 festinet.

1949 3835 2114 3894 Vens.
2146 3838 2242 3894 16.
2290 3857 2310 3892 ι
2347 3839 2441 3895 Vir
2467 3839 2535 3896 de
2570 3855 2680 3911 quo
2708 3841 3017 3912 egredietur
3044 3858 3230 3898 semen
3273 3845 3470 3913 coitus,

1875 3927 2077 3986 lavabit
2120 3944 2260 4002 aqua
2287 3946 2449 3986 omne
2474 3946 2677 4002 corpus
2706 3947 2889 4000 suum,
2921 3943 2977 3988 et
2999 3933 3315 3992 immundus
3367 3939 3474 3993 erit

1874 4037 2047 4092 usque
2067 4023 2136 4078 ad
2149 4037 2454 4094 vesperam,
2475 4020 2696 4080 Vestem
2714 4032 2770 4078 et
2793 4024 2989 4094 pellem
3025 4041 3186 4096 quam
3218 4027 3472 4086 habuerit

1875 4104 2078 4160 lavabit
2119 4120 2280 4176 aqua,
2326 4115 2381 4160 et
2411 4105 2691 4161 immunda
2726 4106 2831 4161 erit
2858 4122 3028 4178 usque
3071 4109 3138 4163 ad
3163 4125 3468 4180 vesperam.

1875 4196 2066 4253 Mulier
2093 4213 2219 4252 cum
2248 4213 2355 4269 qua
2383 4197 2594 4264 coierit,
2629 4199 2898 4257 lavabitur
2919 4214 3080 4270 aqua,
3104 4211 3159 4255 et
3188 4200 3468 4257 immunda

1873 4291 1978 4346 erit
2001 4305 2170 4362 usque
2196 4291 2264 4345 ad
2295 4305 2596 4362 vesperam.
2639 4311 2658 4344 ο

1944 4381 2318 4438 Necessariam
2363 4382 2564 4436 habere
2613 4381 3080 4452 regenerationem
3124 4382 3470 4454 baptismatis

195 4496 285 4536 eos
325 4481 612 4543 sacerdoti,
663 4479 755 4548 qui
787 4477 948 4531 faciet
993 4491 1163 4532 unum
1199 4491 1297 4544 pro
1328 4483 1578 4546 peccato.
1602 4483 1657 4530 et
1683 4475 1765 4528 al-
1805 4500 1845 4552 ῃ
1877 4457 2175 4529 humanum
2213 4490 2404 4546 genus,
2453 4473 2567 4542 ipse
2618 4473 2880 4528 Doiiiinus
2929 4475 3188 4541 ostendit,
3237 4475 3464 4530 dicens:

195 4581 363 4628 terum
394 4573 449 4627 in
520 4571 920 4634 holocaustum,
958 4567 1278 4640 rogabitqne
1334 4582 1433 4638 pro
1470 4582 1538 4624 eo
1588 4582 1772 4622 coram

197 4665 438 4728 Domino,
471 4662 868 4717 utemundetur
891 4675 923 4715 a
943 4659 1089 4714 ﬂuxu
1117 4659 1343 4714 seminis
1369 4659 1474 4714 sui.
1522 4678 1541 4710 ι

265 4756 361 4822 Qui
390 4765 599 4826 septem
615 4753 730 4809 dies
749 4752 1059 4808 numerabit
1085 4751 1211 4816 sibi,
1233 4751 1285 4806 id
1317 4760 1403 4806 est
1425 4751 1778 4823 operationes

195 4850 430 4920 spiritus,
477 4847 565 4902 hic
607 4854 796 4902 octava
838 4845 946 4910 die,
995 4844 1047 4899 id
1077 4852 1163 4898 est
1211 4843 1267 4897 in
1303 4841 1473 4914 gratia
1522 4841 1776 4897 videlicet

194 4940 406 5005 Christi,
447 4953 568 5008 qua:
605 4945 794 4992 octava
839 4934 926 4988 die
954 4932 1373 4990 resurrectionis
1421 4930 1634 4995 enituit,
1667 4945 1766 4985 seu

199 5033 397 5096 claruit,
413 5027 947 5086 sacriﬁciumoﬂ'erre
969 5027 1160 5097 jussus
1175 5033 1277 5080 est.
1303 5021 1458 5088 Quod
1482 5033 1564 5077 est
1585 5032 1766 5078 autem

201 5125 300 5178 hoc
327 5123 670 5178 sacriﬁcium.

268 5211 332 5265 Id
361 5224 458 5275 est,
486 5212 611 5264 duos
643 5220 890 5274 turtures,
921 5217 1015 5263 aut
1036 5209 1166 5263 duos
1191 5205 1361 5276 pullos
1385 5204 1765 5260 columbarum.

202 5304 422 5374 Dignum
452 5301 658 5355 esthoc
679 5300 990 5357 doctoribus
1041 5299 1403 5365 sacriﬁcium;
1443 5312 1506 5351 ex
1547 5296 1768 5351 alitibus

202 5395 339 5450 enim
385 5401 512 5446 sunt
557 5393 673 5446 haec
707 5392 982 5447 animalia.
1016 5392 1082 5446 Et
1133 5391 1353 5462 quidem
1401 5397 1579 5443 turtur
1615 5390 1767 5457 quasi

205 5483 596 5542 meditatorium
635 5492 718 5537 est
757 5483 954 5538 animal
985 5502 1000 5550 ;
1030 5485 1278 5540 columba
1327 5491 1508 5536 autem
1553 5491 1774 5551 propter

206 5577 489 5650 generandi
546 5571 934 5644 ffequentiam,
985 5587 1042 5630 et
1093 5587 1312 5646 propter
1369 5574 1773 5644 simplicitatem

303 5778 322 5810 ⁸
345 5777 449 5833 lsa.
482 5793 561 5845 xi,
587 5777 644 5830 ‘2.
770 5775 790 5806 '
814 5771 972 5828 Joan.
1003 5789 1100 5838 vn,
1133 5775 1220 5830 58.
1336 5774 1356 5805 ⁸
1387 5771 1544 5827 Joan.
1580 5788 1652 5837 ιγ,
1688 5772 1774 5826 Η.

1883 4567 2004 4621 Nisi
2033 4568 2149 4638 quis
2182 4576 2395 4622 renatus
2422 4567 2580 4638 fuerit
2612 4583 2750 4636 aqua
2788 4576 2837 4620 et
2871 4569 3081 4634 spiritu,
3114 4585 3217 4621 non
3249 4568 3470 4622 intrabit

1881 4659 1936 4713 in
1969 4674 2186 4729 regnum
2237 4659 2548 4712 caelorum’.
2582 4656 2753 4726 Cujus
2787 4659 3040 4728 equidem
3071 4661 3250 4714 sordis
3277 4661 3332 4714 in
3369 4676 3471 4715 no-

1880 4749 1965 4804 bis
1980 4765 2044 4802 ex
2069 4749 2240 4802 Adatn
2268 4749 2634 4802 inobedicntia
2655 4758 2736 4802 est
2759 4749 3050 4814 transfusa,
3066 4750 3207 4804 unde
3225 4759 3280 4804 et
3298 4750 3465 4807 David

1878 4838 1934 4890 in
1986 4835 2365 4906 iniquitatibus
2409 4852 2467 4890 se
2510 4843 2722 4898 natum,
2771 4834 2910 4890 etin
2956 4838 3194 4905 peccatis
3233 4841 3467 4894 asseruit

1877 4945 1998 4986 esse
2029 4937 2374 4999 conceptum,
2408 4943 2517 4983 non
2549 4936 2781 4982 matrem
2819 4942 2974 4981 suam
3002 4943 3265 4984 accusans
3286 4929 3328 4994 ⁸,
3367 4932 3463 4987 sed

1875 5030 2160 5094 peccatum
2216 5019 2478 5084 innucns,
2519 5019 2665 5091 quod
2723 5020 2968 5076 decurrit
3020 5036 3084 5074 ex
3137 5035 3359 5096 genere.
3398 5026 3466 5082 Et

1875 5132 2025 5172 nunc
2058 5113 2334 5185 legislator
2366 5129 2516 5180 eum,
2569 5102 2644 5168 de
2665 5129 2776 5184 quo
2827 5129 3013 5168 semen
3044 5113 3324 5186 egreditur
3347 5117 3464 5170 coi-

1875 5218 1983 5274 tus,
2014 5209 2068 5263 id
2091 5216 2175 5262 est
2201 5222 2325 5260 eum
2348 5207 2440 5277 qui
2474 5221 2571 5272 pro
2593 5206 2716 5261 ﬁliis
2737 5206 3089 5276 procreandis
3115 5221 3300 5262 semen
3329 5208 3468 5262 eﬂ'u-

1877 5302 1980 5367 dit,
2010 5302 2104 5356 sed
2136 5309 2192 5354 et
2234 5299 2520 5354 mulierem
2566 5314 2687 5369 qua:
2725 5298 2986 5369 suscepit,
3053 5299 3232 5354 lavare
3263 5314 3464 5369 corpus

1881 5390 2148 5461 praecepit
2191 5389 2262 5443 ob
2317 5388 2442 5452 hoc,
2505 5388 2632 5458 quia
2681 5403 2870 5442 semen
2900 5389 3160 5459 suscepit,
3193 5403 3292 5458 per
3319 5389 3464 5458 quod

1883 5484 1988 5536 hoc
2021 5481 2283 5551 templum
2316 5489 2570 5534 nostrum
2613 5488 2808 5546 totum,
2855 5480 2909 5536 id
2938 5489 3039 5546 est,
3072 5481 3283 5552 integer
3303 5481 3466 5535 homo

1885 5570 2214 5628 describitur
2260 5584 2326 5624 ex
2359 5571 2538 5624 anima
2587 5577 2643 5623 et
2687 5584 2937 5649 corpore.
2999 5568 3463 5636 Quemadmodum

1888 5772 1906 5800 "
1936 5769 2090 5824 Joan.
2130 5785 2212 5834 ιιι,
2256 5771 2309 5824 5.
2420 5769 2440 5800 ⁸
2471 5765 2615 5821 Psal.
2649 5782 2700 5831 ι,
2724 5767 2776 5820 5.
