3886 6306
431 390 540 453 975

1626 378 1987 441 HESYCHII
2024 379 2502 441 PRESBYTERI

3600 375 3713 440 976

419 520 547 576 ergo
602 500 847 557 animam
882 497 1062 554 divina
1101 493 1383 563 Scriptura
1440 490 1673 561 appellat
1718 506 1869 554 eum,
1916 491 2008 559 qui
2041 501 2081 552 Α
2110 502 2219 557 cto,
2277 501 2331 546 et
2387 492 2617 552 semine,
2674 507 2737 546 ex
2801 501 2910 562 quo
2959 507 3130 561 genus
3172 501 3422 555 accusat.
3459 490 3589 545 Non
3625 501 3719 547 est

417 606 499 652 est
534 611 600 650 ex
635 596 813 650 anima
872 599 929 645 et
956 602 1203 657 corpore.
1242 585 1555 638 hominem:
1596 582 1741 636 sicut
1775 583 1998 652 quando

417 686 585 742 dicit:
653 682 927 739 Descendit
981 677 1145 732 Iacob
1192 677 1248 729 in
1305 673 1534 745 zEgypto
1581 675 1638 727 in
1663 673 2000 743 septuaginta

418 776 646 847 quinque
673 772 1013 833 animabus’;
1051 770 1129 824 sic
1161 783 1360 837 corpus
1401 781 1591 821 rursus
1616 773 1790 819 totum
1817 762 2003 833 appel-

421 873 532 923 lare
565 867 842 922 hominem
871 860 1174 937 consuevit:
1206 858 1361 924 Quod
1390 857 1630 912 ostendit
1659 855 1796 911 liber
1825 855 2003 910 Gene-

419 966 495 1019 sis
518 962 718 1030 Joseph
770 958 1044 1011 frumenta
1074 953 1415 1008 ministrasse
1447 948 1725 1012 fratribus,
1756 962 1853 1016 per
1879 961 2004 1000 cor-

419 1071 551 1125 pora
599 1052 811 1106 dicens.
840 1047 978 1114 Quia
1018 1057 1200 1099 autem
1237 1041 1488 1096 sordidus
1520 1039 1749 1093 effectus
1783 1052 1877 1106 per
1919 1034 2005 1089 in-

418 1144 788 1201 obedientiam
811 1142 980 1193 Adam
1009 1135 1288 1192 sordidum
1306 1147 1427 1188 esse
1453 1130 1615 1186 etiam
1636 1143 1822 1183 semen
1845 1141 2003 1181 suum

419 1240 582 1295 fecit:
614 1234 1032 1303 necessariequc
1068 1243 1270 1299 corpus
1298 1224 1580 1280 sordidum
1613 1230 1719 1286 est,
1751 1234 1818 1273 eo
1859 1216 2004 1287 quod

418 1348 481 1388 ex
506 1330 715 1385 semine
743 1324 987 1396 procedit
1025 1321 1077 1374 in
1104 1335 1212 1389 quo
1248 1316 1590 1371 immundum
1617 1322 1702 1367 est
1741 1323 1914 1379 usque
1937 1306 2012 1402 ad

419 1434 727 1492 vesperam,
760 1417 812 1470 id
851 1425 935 1468 est
964 1410 1149 1467 saeculi
1189 1409 1383 1463 finem:
1430 1406 1556 1475 quia
1602 1405 1657 1458 in
1685 1403 1791 1457 fine
1830 1415 2007 1455 Siccu-

420 1519 596 1569 lorum
627 1509 880 1565 Christus
919 1503 1146 1559 veniens
1185 1499 1428 1554 ostendit
1454 1510 1672 1566 aquam,
1700 1509 1805 1564 qua
1836 1505 2007 1561 genus

422 1615 668 1660 nostrum
697 1598 1089 1653 mandaretur:
1135 1599 1187 1645 et
1226 1590 1351 1659 quia
1396 1586 1799 1658 permansimus
1832 1596 2008 1650 usque

423 1704 553 1749 tunc
581 1682 870 1752 immundi,
903 1685 1165 1755 probatur
1194 1696 1256 1734 ex
1281 1694 1348 1734 eo
1377 1677 1521 1747 quod
1557 1683 1611 1729 et
1631 1674 1686 1727 hi
1740 1674 1834 1743 qui
1872 1687 2006 1727 nec-

421 1786 552 1839 dum
610 1785 992 1854 peccaverunt,
1037 1774 1088 1827 ἰιΙ
1131 1780 1235 1832 est,
1296 1770 1352 1824 in
1380 1777 1541 1822 :etate
1569 1767 1784 1819 infirma
1809 1762 2010 1819 consti-

2104 594 2284 637 autem
2352 583 2693 648 admirabile,
2730 584 2774 637 si
2806 584 3082 649 mulieres,
3137 599 3261 652 qua:
3316 598 3428 637 non
3461 584 3711 638 ﬁliorum

2102 675 2295 746 gratia,
2341 676 2433 730 sed
2496 684 2720 745 prepter
2772 690 2903 730 usus
2940 675 3337 745 turpitudinem
3385 690 3520 729 cum
3572 676 3711 728 viris

2107 768 2377 833 habitant,
2414 778 2619 822 vestem
2648 776 2704 821 et
2733 767 2929 836 pellem
2979 766 3288 838 intelligere
3319 766 3705 838 legislatorum

2104 856 2340 911 diximus
2364 876 2378 911 :
2410 857 2720 912 vestimenti
2751 856 2921 924 enim,
2951 867 3008 912 et
3033 858 3090 912 in
3119 857 3265 911 malo
3293 859 3514 929 aliquo,
3541 866 3712 928 atque

2104 955 2294 999 contra
2349 946 2546 1017 legem,
2584 961 2743 1000 usum
2772 946 2828 1000 in
2864 946 3054 1001 divina
3088 945 3375 1017 Scriptura
3410 958 3709 1019 acceptum

2107 1038 2347 1101 invenis,
2381 1040 2526 1092 sicut
2557 1038 2723 1092 David
2749 1038 2926 1093 dicit:
2970 1037 3040 1092 Et
3075 1039 3251 1092 induit
3281 1055 3339 1094 se
3370 1040 3713 1094 maledictio-

2107 1145 2224 1182 nem
2251 1129 2385 1183 sicut
2418 1132 2780 1184 vestimentum
2800 1132 2865 1183 ".
2908 1131 2977 1185 Et
3007 1145 3235 1186 rursus:
3275 1129 3597 1185 Induantur
3621 1133 3715 1202 qui

2107 1219 2389 1272 detrahunt
2429 1220 2555 1273 mihi
2588 1221 2876 1273 reverentia
2902 1220 2966 1274 ".
3020 1220 3184 1275 Pellis
3236 1229 3425 1275 autem
3479 1225 3710 1291 quando

2107 1310 2308 1379 aliquid
2357 1310 2486 1365 boni
2533 1311 2821 1382 significat,
2864 1320 2997 1366 tunc
3039 1327 3152 1366 non
3201 1313 3540 1381 simpliciter
3588 1314 3705 1383 ipsa

2110 1403 2288 1473 pellis,
2316 1403 2410 1457 sed
2447 1404 2643 1473 pellem
2674 1405 2741 1458 ad
2776 1419 2916 1474 opus
2944 1413 3128 1473 aptam
3168 1404 3454 1475 legislator
3485 1404 3627 1468 edit,
3654 1416 3711 1459 et

2109 1494 2216 1548 hoc
2244 1495 2388 1564 quod
2418 1493 2622 1549 factum
2674 1495 2842 1550 fuerit
2871 1511 3011 1566 opus
3043 1510 3111 1550 ex
3140 1511 3227 1559 ea,
3260 1504 3359 1550 aut
3384 1497 3541 1566 quod
3569 1496 3709 1552 tien-

2107 1584 2236 1640 dum
2267 1595 2350 1641 est
2378 1604 2444 1641 ex
2477 1587 2614 1657 ipsa,
2651 1603 2749 1657 per
2777 1604 2896 1643 eam
2915 1590 3271 1643 demonstrat.
3302 1589 3467 1643 Nunc
3491 1597 3706 1653 autem,

2110 1679 2235 1747 quia
2288 1679 2391 1732 hoc
2441 1694 2551 1733 non
2586 1679 2741 1742 dixit,
2783 1695 2964 1749 neque
3015 1680 3071 1734 in
3106 1681 3379 1737 sacrificio
3418 1682 3590 1751 pellis
3618 1698 3709 1737 as-

2111 1779 2327 1839 sumpta
2381 1780 2484 1833 est,
2519 1771 2661 1826 sicut
2709 1785 2833 1825 cum
2881 1772 3195 1827 decoriatus
3226 1772 3625 1826 holocaustum
3658 1776 3708 1825 in

424 1877 547 1939 tuti,
594 1871 935 1945 signaculum
978 1863 1235 1937 baptismi
1270 1859 1644 1915 necessarium
1674 1857 1902 1921 habent,
1938 1870 2008 1910 ne
2043 1861 2081 1914 Β
2111 1861 2467 1932 incongruam
2515 1863 2953 1917 commistionem
2989 1864 3225 1933 positum
3265 1873 3371 1919 est.
3425 1863 3554 1920 Non
3582 1881 3710 1936 ergo

423 1975 564 2028 forte
609 1979 783 2025 morte
828 1960 1249 2035 superveniente
1280 1955 1485 2012 sordidi
1520 1962 1800 2009 transeant
1837 1969 1850 2005 :
1886 1966 2006 2006 sor-

422 2071 542 2123 dem
572 2081 691 2136 qum
734 2078 800 2117 ex
838 2060 1007 2113 Adam
1032 2052 1334 2115 descendit,
1367 2050 1421 2103 in
1446 2046 1759 2116 semetipsis
1794 2044 2006 2099 haben-

424 2171 524 2223 tes,
561 2168 613 2212 et
654 2163 940 2225 propterea
983 2163 1092 2203 non
1151 2145 1399 2200 valentes
1437 2142 1492 2194 in
1540 2153 1766 2211 regnum
1802 2138 2007 2191 intrare

421 2251 705 2307 caelorum.
767 2244 1007 2305 Vestem,
1053 2247 1109 2293 et
1173 2237 1368 2307 pellem
1415 2249 1579 2304 quam
1627 2233 1830 2287 habent
1880 2245 2006 2286 cum

424 2351 655 2408 coeunt,
692 2337 947 2392 videlicet
975 2330 1256 2387 immunda
1299 2342 1439 2391 esse,
1475 2336 1531 2381 et
1563 2324 1730 2379 lavari
1782 2322 2003 2386 debere,

423 2438 652 2492 duarum
683 2444 866 2486 rerum
899 2423 1159 2497 praecepit
1208 2422 1379 2492 gratia
1416 2437 1430 2472 :
1465 2432 1593 2473 nam
1637 2415 1886 2472 extendit
1926 2414 2007 2468 le—

423 2545 543 2599 gem
595 2534 759 2597 atque
809 2519 1141 2579 manifestat,
1168 2522 1431 2586 quantum
1467 2525 1669 2581 corpus
1706 2509 2006 2599 humanum

424 2628 646 2690 propter
695 2628 860 2669 unam
917 2607 1345 2666 inobedientiam
1403 2602 1686 2658 sordidum
1750 2600 1824 2654 sit
1861 2598 2005 2654 effe-

423 2724 607 2776 ctum,
667 2717 729 2763 ut
782 2706 946 2761 etiam
1008 2701 1348 2756 inscusihilia
1407 2714 1474 2753 cx
1531 2697 1613 2751 eis
1664 2693 2003 2764 polluantur.

424 2805 631 2862 Deinde
659 2817 755 2874 per
797 2801 915 2854 haec
954 2795 1271 2851 manifestas
1303 2791 1432 2845 facit
1462 2788 1740 2851 mulieres,
1780 2801 1901 2856 quae
1940 2784 2001 2838 li-

424 2897 626 2953 bidinis
662 2906 849 2952 causa,
890 2888 1023 2943 viris
1054 2885 1119 2940 ad
1154 2881 1444 2954 quemdam
1474 2876 1827 2948 temporalem
1858 2888 2011 2930 com-

424 2988 724 3043 miscentur
780 2994 961 3044 usum,
1015 2975 1231 3048 qualem
1290 2971 1467 3025 solent
1517 2968 1838 3022 vestimenta
1871 2980 2008 3034 prae-

426 3087 555 3136 bere
609 3075 943 3137 hominibus,
1007 3069 1148 3123 sicut
1199 3072 1255 3119 et
1288 3062 1480 3117 abusio
1519 3061 1738 3130 pellium
1778 3058 2011 3130 quaein-

425 3179 680 3229 vcteratre
704 3165 897 3238 projici
929 3162 1126 3218 solent.
1158 3158 1295 3212 Nam
1332 3164 1387 3210 et
1426 3154 1640 3209 illarum
1671 3151 2009 3207 consuetudo

2111 1967 2209 2023 per
2233 1961 2463 2007 stratum
2491 1953 2736 2015 seminis,
2768 1954 2822 2007 id
2853 1962 2938 2008 est
2965 1970 3064 2023 per
3097 1958 3304 2010 coitum
3347 1956 3614 2026 legalem.
3644 1974 3708 2011 ex

2110 2061 2219 2114 quo
2269 2059 2457 2099 semen
2502 2044 2756 2111 eﬂieitur,
2797 2047 2995 2115 pellem
3036 2048 3255 2117 polluit,
3309 2057 3411 2101 aut
3445 2048 3707 2118 perfundi

2108 2131 2277 2187 dixit:
2330 2134 2638 2187 necessarie
2672 2149 2801 2205 ergo
2845 2150 2965 2189 eam
3002 2151 3108 2205 qua
3135 2138 3260 2206 quis
3292 2137 3555 2191 abutitur
3587 2155 3707 2191 mu-

2107 2226 2318 2291 liorem,
2352 2226 2546 2296 pellem
2582 2228 2865 2282 intellexit.
2895 2228 3031 2282 lllud
3062 2237 3244 2283 tamen
3272 2230 3486 2299 ubique
3522 2240 3710 2285 custo-

2108 2319 2210 2385 dis,
2250 2320 2378 2390 quia
2407 2320 2475 2374 ad
2506 2320 2995 2374 sanetiticationem
3024 2329 3079 2374 et
3107 2320 3445 2382 castitatem,
3479 2318 3708 2374 Judzeo-

2110 2427 2231 2466 rum
2270 2427 2441 2482 genus
2484 2412 2762 2482 legislator
2815 2413 3059 2477 trahens,
3092 2412 3259 2465 nimis
3287 2412 3442 2466 enim
3476 2414 3707 2481 quidam

2110 2521 2298 2560 eorum
2329 2505 2557 2559 luxuriae
2591 2505 2926 2568 serviebant,
2953 2505 3069 2558 hsce
3099 2514 3291 2558 contra
3322 2520 3425 2559 eos
3454 2506 3555 2574 qui
3585 2521 3711 2574 qna-

2110 2597 2458 2666 litercunque
2501 2596 2794 2651 effundunt
2824 2612 3032 2664 semen,
3080 2608 3133 2653 et
3171 2614 3268 2653 eos
3295 2598 3390 2669 qui
3435 2600 3562 2655 haec
3595 2613 3709 2654 tan-

2109 2696 2246 2759 gunt
2271 2689 2338 2743 ad
2367 2689 2836 2750 emundationem.
2865 2690 2915 2744 ei
2943 2690 3267 2760 praecipiens
3299 2700 3360 2745 ut
3396 2693 3601 2747 saltem
3632 2694 3710 2747 sic

2111 2781 2243 2836 casti
2285 2779 2653 2842 edicerentur,
2701 2790 2757 2836 et
2809 2782 3101 2837 luxuriosis
3150 2783 3503 2839 abstinerent
3556 2801 3710 2841 com-

2112 2872 2477 2937 mistionibus,
2516 2872 2735 2928 fastidio
2766 2873 2969 2929 laboris
3020 2872 3398 2945 frequentium
3452 2879 3712 2947 puriﬁca-

2112 2965 2341 3019 tionum.
2372 2967 2520 3019 llanc
2542 2965 2689 3020 enim
2714 2965 3077 3020 intentionem
3102 2966 3409 3021 secundum
3439 2967 3706 3031 litteram,

2111 3058 2245 3112 etin
2288 3057 2751 3126 subsequentibus
2796 3056 2881 3111 lex
2916 3057 3100 3122 habet,
3134 3057 3262 3112 licet
3302 3057 3517 3127 aliquid
3560 3059 3707 3112 aliud

2114 3148 2412 3202 secundum
2449 3146 2704 3216 spiritum
2757 3147 2954 3218 signet,
2991 3147 3138 3202 sicut
3182 3148 3301 3217 ipse
3346 3151 3709 3218 expositurus

424 3268 800 3319 veterascente
827 3254 1067 3311 amicitia
1119 3250 1416 3319 reSpu‘tur,
1452 3256 1613 3314 atque
1645 3245 1698 3296 in
1743 3258 1894 3297 more
1917 3256 2009 3296 ve-
2037 3240 2077 3293 C
2112 3256 2254 3306 sum,
2313 3239 2439 3309 quia
2469 3255 2573 3293 nec
2619 3240 2819 3308 ipsum,
2862 3238 2954 3308 qui
2991 3239 3079 3293 hic
3121 3247 3226 3302 est,
3278 3240 3593 3309 spiritalem
3622 3242 3706 3295 in-

425 3359 827 3416 stimt-ntorum,
852 3366 951 3406 seu
982 3346 1202 3419 pellium
1236 3346 1622 3403 commutatur,
1655 3351 1833 3405 neque
1862 3335 2006 3389 enim

426 3463 640 3517 semper
671 3460 794 3499 cum
851 3441 931 3496 eis
982 3439 1195 3499 vivunt,
1264 3448 1389 3488 cum
1446 3430 1643 3497 quibus
1702 3426 2009 3481 inordinate

426 3539 817 3595 euucumbunt.
857 3531 969 3587 lloc
998 3545 1128 3600 ergo
1160 3525 1321 3582 modo
1365 3523 1733 3592 intelligentes
1765 3519 2011 3572 Mosaica:

427 3631 560 3702 legis
585 3627 771 3690 verba,
799 3623 1096 3678 maximum
1123 3635 1189 3674 ex
1215 3617 1294 3671 eis
1316 3616 1573 3685 juvamen
1600 3610 1867 3680 capimus,
1905 3619 1960 3662 et
1980 3624 2010 3661 a

426 3729 562 3797 legis
585 3722 887 3795 quaestione
926 3715 1281 3788 quiescimus.
1324 3711 1434 3765 Nec
1458 3707 1863 3779 reprehendere
1889 3719 2010 3759 eam

427 3831 741 3888 possumus,
798 3822 857 3868 nt
893 3808 1169 3880 superﬂue
1202 3805 1542 3875 punientem,
1592 3808 1648 3854 et
1682 3799 1750 3853 de
1782 3797 1868 3851 his
1897 3798 2013 3850 exi-

428 3920 644 3984 gentem
671 3919 911 3978 poenam,
942 3916 1061 3973 quae
1090 3901 1147 3955 in
1175 3905 1365 3952 nostra
1407 3892 1685 3947 voluntate
1716 3904 1827 3942 non
1853 3895 2008 3943 sunt:

428 3982 605 4059 fluxus
630 4000 774 4056 enim
802 3994 1027 4051 seminis
1052 4008 1162 4047 non
1191 4006 1257 4045 ex
1287 3999 1473 4043 nostra
1503 3983 1688 4043 evenit
1710 3982 2008 4039 voluntate,

428 4094 523 4153 sed
566 4101 623 4148 et
654 4107 719 4147 ex
748 4086 1063 4145 inﬁrmitate
1110 4080 1397 4150 contingit.
1436 4076 1646 4129 Rursus
1677 4071 1853 4126 virum
1898 4085 2013 4124 mu-

427 4183 547 4249 lieri
578 4181 874 4242 colla-rere,
931 4184 987 4230 et
1028 4172 1258 4229 muliere
1286 4169 1425 4233 viro,
1456 4162 1736 4234 compellit
1768 4159 2013 4215 naturale

428 4276 787 4335 consortium,
810 4278 865 4324 et
894 4268 989 4324 Dei
1016 4263 1260 4321 definitio
1282 4276 1403 4329 qua:
1426 4258 1500 4312 ait
1529 4275 1543 4310 :
1572 4256 1844 4324 Relinquat
1861 4253 2013 4305 homo

427 4376 632 4437 patrem
657 4373 704 4417 et
734 4370 981 4425 matrem,
1030 4365 1079 4409 et
1134 4350 1419 4408 adhwrebit
1446 4348 1599 4401 uxori
1628 4360 1769 4437 sum,
1790 4351 1837 4396 et
1860 4351 2013 4396 erunt

426 4436 532 4511 duo
555 4457 613 4509 in
627 4468 787 4507 carne
817 4449 1006 4503 una“.
1033 4444 1169 4499 Nam
1212 4442 1315 4497 etsi
1352 4440 1483 4495 Adae
1515 4440 1633 4492 hrcc
1660 4436 1828 4492 verba
1863 4444 2011 4499 sunt,

427 4564 609 4605 tanien
630 4563 696 4602 ex
721 4542 907 4599 divino
932 4540 1050 4594 hzre
1078 4536 1213 4591 dixit
1239 4534 1467 4605 Spiritu.
1496 4530 1650 4587 Unde
1674 4538 1729 4584 et
1762 4528 2015 4605 Christus

2113 3331 2388 3385 telleetum
2456 3338 2745 3399 praetereo.
2816 3328 3288 3395 Quemadmodum
3358 3346 3496 3403 ergo
3553 3333 3704 3387 illum

2110 3424 2201 3493 qui
2244 3423 2449 3479 ﬂuxum
2510 3422 2738 3478 seminis
2783 3424 3024 3491 patitur,
3071 3438 3197 3475 eum
3252 3422 3347 3491 qui
3399 3424 3708 3492 Corrumpit

2110 3510 2437 3576 doctrinam,
2489 3510 2876 3574 intelleximus,
2929 3509 3009 3564 sic
3057 3510 3125 3564 de
3161 3525 3269 3578 quo
3300 3525 3500 3565 semen
3530 3512 3707 3566 coitus

2111 3602 2408 3673 egreditur,
2441 3616 2572 3655 eum
2607 3601 2699 3671 qui
2726 3601 2794 3655 ad
2820 3599 3041 3655 Judteos
3082 3601 3458 3669 pertinentem
3492 3602 3703 3656 doctri-

2110 3710 2236 3749 nam
2262 3702 2500 3749 seetatur
2526 3692 2896 3762 intelligimus.
2939 3691 3073 3746 Nam
3103 3692 3243 3747 sicut
3278 3693 3584 3748 effundens
3608 3709 3704 3748 na-

2113 3786 2287 3839 turale
2342 3794 2397 3839 et
2455 3798 2650 3838 sanum
2700 3797 2910 3848 semen,
2973 3792 3199 3853 prapter
3242 3784 3469 3837 sordem
3522 3793 3702 3839 tamen

2111 3880 2282 3933 Adam
2329 3878 2647 3933 immundus
2690 3884 2794 3942 est,
2845 3877 2924 3930 sic
2967 3885 3023 3929 et
3062 3889 3251 3931 eorum
3286 3891 3444 3939 sana,
3480 3886 3705 3947 propter

2112 3972 2285 4042 legem
2329 3985 2451 4040 quae
2495 3978 2719 4040 putatur
2754 3969 3024 4033 doctrina,
3061 3969 3162 4023 sub
3204 3967 3363 4037 culpa
3396 3978 3491 4023 est
3536 3978 3595 4023 et
3623 3986 3704 4022 re-

2112 4062 2520 4133 prehensibilis,
2564 4062 2692 4130 quia
2727 4060 2963 4115 litteram
2998 4059 3179 4123 docet,
3204 4074 3328 4129 qua:
3355 4061 3701 4116 maledictio-

2114 4171 2239 4211 ncm
2266 4156 2429 4209 infert
2457 4154 2737 4224 discipulis
2763 4155 2878 4207 suis
2902 4170 2917 4219 ;
2945 4168 3122 4222 neque
3146 4156 3290 4207 enim
3328 4155 3600 4221 possibile
3625 4164 3703 4207 est

2113 4248 2423 4318 quempiam
2456 4262 2551 4317 per
2588 4246 2736 4301 illam
2771 4245 3014 4315 perfecte
3046 4245 3266 4315 corrigi.
3307 4244 3470 4301 Unde
3508 4247 3700 4299 Mosai—

2113 4356 2191 4395 cm
2233 4338 2597 4394 maledictioni
2639 4336 2937 4406 discipulos
2978 4350 3107 4390 suos
3159 4336 3383 4390 subdit:
3442 4338 3699 4408 ipsosque

2113 4432 2351 4498 Judaeos,
2402 4433 2495 4502 qui
2550 4432 2605 4485 in
2655 4430 2948 4485 mulierum
2996 4429 3313 4484 coeuntium
3359 4432 3699 4501 accipientur

2119 4523 2309 4595 figura,
2332 4529 2520 4591 utpote
2539 4521 2630 4591 qui
2658 4532 2875 4590 semper
2894 4519 3197 4583 adhaerent,
3218 4527 3274 4574 et
3298 4522 3698 4590 conquiescunt

423 4587 967 4711 q‘it'r'tddowPharismo
1020 4645 1127 4685 non
1174 4587 1529 4683 dimittendas
1576 4621 1836 4677 mulieres
1864 4598 2013 4674 dich
2048 4587 2091 4639 Β
2118 4614 2436 4670 doctoribus
2464 4611 2869 4666 institutionum
2887 4626 3133 4665 suarum.
3162 4609 3278 4666 Hoc
3304 4622 3495 4666 autem
3523 4614 3695 4683 ipsum

422 4738 537 4794 bat,
570 4734 766 4787 borum
810 4742 931 4798 qua:
969 4738 1113 4778 nunc
1143 4720 1380 4776 diximus
1415 4716 1735 4772 memoriam
1780 4712 2007 4776 faciens,

421 4827 489 4882 ad
540 4826 709 4881 Deum
736 4837 821 4887 ea,
867 4820 1007 4875 sicut
1046 4816 1112 4872 ab
1145 4830 1212 4870 eo
1242 4813 1406 4874 dicta,
1464 4809 1670 4873 retulit,
1717 4806 1791 4860 ait
1817 4805 1959 4860 enim
1994 4822 2006 4858 :

420 4920 522 4985 Qui
552 4919 614 4972 ab
641 4916 794 4970 initio
831 4913 952 4985 fecit
985 4907 1278 4964 masculum
1326 4912 1374 4957 et
1407 4902 1660 4973 feminam
1708 4900 1830 4971 fecit
1865 4897 2003 4962 illos,

421 5024 469 5063 et
497 5010 665 5063 dixit;
702 5005 988 5074 Propterea
1030 5000 1286 5069 relinquet
1344 4996 1496 5048 homo
1526 5002 1755 5061 patrem.
1797 4998 1845 5043 et
1888 5004 2007 5041 ma-

422 5115 573 5163 trem,
603 5109 649 5154 et
680 5095 961 5152 adharebit
1008 5089 1160 5144 uxori
1228 5088 1415 5141 sum“.
1470 5084 1612 5154 Ergo
1643 5098 1750 5137 non
1786 5096 2002 5150 prunam

421 5208 608 5248 eorum
664 5206 784 5258 quc
838 5194 1029 5240 contra
1072 5180 1408 5236 voluntatem
1436 5176 1779 5244 contingant,
1814 5172 2000 5239 exigit,

421 5301 522 5338 nec
550 5282 703 5352 quasi
733 5296 763 5332 a
804 5275 1038 5331 sordidis
1087 5273 1193 5333 his,
1233 5270 1322 5339 qui
1365 5269 1667 5322 secundum
1716 5267 1834 5333 ejus
1869 5278 2002 5315 con-

418 5377 589 5444 juncti
623 5384 753 5429 sunt
800 5372 994 5440 legem,
1045 5365 1141 5420 sed
1200 5364 1253 5416 in
1315 5361 1401 5414 liis
1429 5359 1647 5426 quidem
1675 5356 1765 5425 qui
1796 5354 2000 5407 ﬂuxum

426 5467 649 5520 seminis
695 5463 995 5534 patiuntur.
1045 5465 1329 5524 corruptos
1363 5452 1634 5509 doctores,
1662 5447 1751 5519 qui
1806 5444 2000 5514 ingrati

424 5566 551 5613 sunt
577 5556 807 5612 filiorum
849 5548 1260 5623 procreationis.
1299 5544 1395 5597 llic
1436 5552 1617 5596 autem
1648 5540 1775 5592 Atla:
1813 5537 2001 5592 inube-

426 5648 708 5711 tin-ntiam,
732 5656 917 5714 utpote
946 5658 1009 5696 ex
1044 5657 1103 5693 ea
1133 5654 1331 5709 genere
1363 5637 1600 5689 humano
1631 5631 1849 5686 sordido
1878 5623 2029 5677 θῆρε

527 5845 551 5877 ⁹
581 5841 741 5896 Deut.
776 5855 828 5903 χ,
854 5838 945 5890 ‘22.
1063 5840 1103 5870 ¹⁰
1132 5838 1269 5891 Gen.
1305 5852 1363 5897 ιι,
1395 5834 1487 5886 ‘Zi.

1603 5833 1637 5862 ”
1668 5829 1855 5883 liatth.
1891 5845 2001 5893 tux,
2030 5829 2080 5895 ri,

2116 4720 2171 4763 et
2203 4710 2257 4761 in
2297 4718 2392 4761 eos
2438 4704 2531 4774 qui
2572 4705 2627 4759 in
2665 4703 2935 4774 prmputio
2966 4712 3097 4757 sunt
3125 4711 3447 4773 operantur,
3480 4706 3696 4774 quando

2114 4799 2378 4855 doctrinm
2422 4811 2614 4852 eorum
2645 4809 2837 4871 semen
2867 4794 3196 4865 suscipiunt,
3225 4810 3367 4864 quos
3393 4801 3694 4852 vestimen-

2115 4899 2230 4943 tum
2257 4897 2313 4943 ct
2339 4888 2534 4957 pellem
2561 4900 2680 4940 esse
2702 4884 2958 4949 dicimus,
2996 4893 3185 4954 utpote
3227 4887 3605 4953 temporaliter
3642 4896 3693 4939 ct

2115 4980 2426 5035 transitorie
2451 4978 2727 5033 doctrinas
2771 4991 2985 5041 eorum,
3037 4992 3151 5031 non
3202 4985 3263 5031 ut
3311 4984 3371 5031 et
3416 4977 3518 5047 ipsi
3564 4992 3691 5046 pro-

2113 5079 2300 5126 creent
2342 5071 2577 5139 aliquam
2629 5066 2859 5137 legalem
2883 5067 3178 5138 justitiam,
3202 5069 3539 5137 suscipiunt:
3565 5085 3686 5123 nam

2109 5162 2383 5231 quomodo
2417 5159 2677 5230 possibile
2707 5160 2941 5221 esthoc,
2974 5159 3028 5211 in
3064 5161 3334 5229 praeputio
3364 5174 3688 5229 permanen-

2110 5254 2275 5316 tibus,
2309 5252 2404 5307 sed
2441 5259 2500 5305 ut
2530 5266 2629 5320 per
2656 5264 2940 5304 sermones
2966 5265 3158 5304 eorum
3189 5262 3242 5304 et
3269 5251 3370 5319 ipsi
3403 5252 3683 5305 maledieh

2107 5346 2240 5416 legis
2270 5344 2455 5414 pollui,
2490 5342 2851 5411 accipiantur.
3174 5394 3183 5399 _

2184 5436 2343 5491 Vnus.
2378 5437 2563 5491 19-25.
2597 5453 2616 5485 ε
2650 5433 2840 5488 Mulier
2868 5450 2989 5504 qua:
3012 5444 3276 5489 redeunte
3322 5450 3510 5488 mense
3549 5435 3681 5504 pati-

2113 5543 2200 5586 tur
2249 5532 2453 5583 fluxum
2501 5529 2805 5596 sanguinis,
2839 5537 3049 5597 septem
3094 5527 3291 5581 diebus
3318 5527 3676 5596 separabitur.

2110 5621 2302 5675 Omnis
2323 5622 2412 5689 qui
2448 5620 2687 5689 tetigerit
2736 5633 2878 5681 eam,
2905 5618 3220 5672 immundus
3253 5618 3358 5671 erit
3396 5631 3564 5686 usque
3612 5616 3677 5670 ad

2277 5828 2319 5859 ¹¹
2354 5826 2495 5881 l‘sal.
2524 5839 2672 5887 cvm,
2714 5822 2794 5876 l8.
2910 5822 2952 5853 ’³
2981 5818 3118 5874 f‘sal.
3152 5833 3296 5885 xxiv,
3325 5813 3413 5871 26.
