3886 6306
238 213 345 285 977

1391 206 1471 270 IN
1513 206 1951 271 LEVITICUM.
1981 208 2061 248 --'
2086 213 2233 276 LIB.
2266 216 2334 279 Υ.

3395 226 3499 294 978

241 347 545 405 vesperam.
582 326 645 387 Et
684 331 739 384 in
788 344 896 399 quo
923 324 1223 389 dormit-rit.
1260 327 1343 382 vel
1379 328 1584 382 sederit
1616 328 1811 382 diebus
1842 334 1884 388 A
1915 331 2072 387 aliter
2099 339 2409 403 mandatur,
2447 341 2550 395 nisi
2587 343 2799 400 lavatus
2836 362 2995 415 aqua.
3041 347 3181 414 Quid
3214 349 3288 406 sit
3311 362 3496 406 autem

237 424 604 496 separationis
636 436 749 478 suae
788 420 1066 490 polluitur.
1114 417 1218 484 Qui
1270 420 1510 490 tetigerit
1554 419 1816 475 lectulum

238 517 380 586 ejus,
439 512 642 567 lavahit
699 510 1022 564 vestimenta
1070 523 1189 569 sua,
1233 518 1288 562 et
1329 508 1447 577 ipse
1494 508 1637 565 lotus
1655 524 1813 578 aqua,

242 605 487 678 pollutus
533 602 638 656 erit
663 615 835 670 usque
871 601 937 655 ad
976 615 1281 670 vesperam.
1320 600 1494 655 Omne
1526 615 1621 655 vas
1653 615 1818 669 super

236 701 381 768 quod
434 695 523 749 illa
571 692 792 753 sederit,
826 691 1079 761 quisquis
1110 691 1370 761 attigerit,
1407 691 1606 744 lavahit
1644 692 1815 745 vesti-

236 797 420 845 menta
474 803 595 849 sua,
651 793 706 840 et
759 783 905 838 lotus
952 798 1092 853 aqua
1123 782 1361 853 pollutus
1401 782 1507 835 erit
1539 795 1710 850 usque
1746 782 1814 835 ad

236 898 542 953 vesperam.
583 898 602 932 ο

305 973 544 1029 intentio
567 968 890 1041 legislatoris
924 976 1006 1022 est
1036 981 1066 1020 a
1095 964 1347 1020 muliebri
1382 963 1606 1018 libidine
1639 962 1814 1018 abdu-

231 1082 360 1121 cere
389 1065 689 1126 hominem,
722 1059 991 1128 simulque
1016 1073 1137 1112 cum
1172 1057 1302 1111 viris
1328 1064 1385 1110 et
1410 1055 1668 1109 mulieres
1689 1070 1815 1123 pro—

236 1158 426 1213 hibere
459 1172 488 1209 a
524 1153 698 1222 turpis
719 1150 1126 1207 commistionis
1160 1164 1344 1204 causa.
1377 1147 1494 1203 Non
1525 1147 1672 1202 enim
1711 1149 1814 1200 hoc

233 1264 335 1321 pro
366 1247 596 1302 ﬁliorum
620 1241 995 1313 procreatione
1021 1241 1386 1311 agi,>maxime
1415 1255 1479 1294 ea
1509 1255 1631 1309 quae
1662 1254 1812 1292 nunc

232 1343 513 1402 dicuntur,
549 1336 837 1391 aﬂirmant.
886 1331 1098 1388 Invenit
1139 1334 1286 1387 enim
1320 1336 1540 1387 modum
1577 1348 1686 1402 quo
1716 1347 1813 1401 per

233 1434 382 1489 varia
415 1439 739 1500 temporum,
772 1443 837 1482 ac
867 1426 1098 1497 plurima
1128 1425 1431 1489 intervalla,
1464 1425 1533 1479 ab
1564 1425 1811 1493 ingressu

231 1521 485 1578 muliebri
535 1528 751 1588 separet
793 1518 988 1572 viros:
1043 1532 1172 1571 nam
1234 1516 1512 1570 mensibus
1580 1517 1812 1585 singulis

231 1617 438 1672 ﬂuxum
466 1614 745 1684 sanguinis
782 1611 1085 1682 patiuntur.
1119 1608 1339 1677 Septem
1390 1618 1571 1662 autem
1614 1610 1810 1663 diebus

231 1706 542 1761 immundas
563 1720 657 1760 eas
688 1719 828 1767 esse,
861 1716 1063 1772 eosque
1091 1700 1253 1755 etiam
1288 1699 1380 1769 qui
1404 1698 1637 1769 simplici
1663 1708 1810 1754 tactu

232 1814 325 1853 cas
348 1784 694 1867 contingunt,
731 1795 1040 1850 immundos
1066 1808 1189 1848 esse
1219 1807 1391 1859 usque
1427 1794 1494 1847 ad
1522 1808 1809 1862 vesperam

231 1889 513 1962 praecepit.
540 1889 644 1956 Qui
671 1902 803 1943 vero
826 1904 950 1942 cum
987 1887 1073 1942 bis
1109 1888 1408 1949 dormiunt,
1445 1902 1556 1941 non
1591 1902 1698 1940 una
1722 1888 1810 1942 die

229 1984 559 2048 humandas,
612 1981 709 2036 sed
762 1989 972 2049 septem
1017 1979 1133 2035 dies
1186 1994 1307 2035 esse
1340 1980 1491 2034 dicit.
1526 1980 1667 2051 Ergo
1707 1982 1811 2036 sub

228 2077 446 2131 dierum
478 2075 775 2129 multorum
809 2072 1170 2135 continentia,
1203 2078 1312 2125 tam
1357 2072 1616 2128 mulieres
1653 2088 1683 2127 a
1734 2073 1811 2127 vi-

228 2168 519 2237 ris,_quam
548 2166 648 2221 viri
682 2181 710 2220 a
743 2165 1064 2221 mulieribus
1091 2165 1419 2221 necessitate
1460 2165 1804 2221 cohibentur.

231 2259 301 2316 Et
328 2258 415 2312 bis
445 2258 665 2328 quidem
696 2258 973 2313 sensibilis
997 2256 1237 2321 Judasus,
1273 2265 1329 2311 et
1356 2259 1656 2313 secundum
1690 2274 1810 2313 car-

230 2367 358 2407 nem
396 2351 640 2407 lsraelita
688 2352 867 2420 juvari
904 2367 1002 2421 per
1033 2351 1267 2406 litteram
1294 2360 1547 2422 poterat;
1590 2352 1693 2406 hoc
1726 2363 1810 2408 est

228 2453 415 2500 autem
469 2445 812 2499 verissimum
852 2445 1113 2515 juvamen
1170 2445 1430 2515 spiritalis
1487 2447 1807 2502 considera--

230 2537 418 2604 tionis,
460 2537 605 2608 quod
638 2545 721 2592 est
759 2538 903 2591 intus
931 2538 1224 2593 inclusum.
1268 2539 1468 2596 Fluxus
1504 2540 1649 2596 enim
1683 2557 1808 2596 san-

227 2628 411 2701 guinis
438 2631 654 2692 animm,
679 2631 836 2700 cujus
862 2646 1173 2700 personam,
1199 2641 1384 2701 utpote
1413 2632 1803 2695 eﬂeminatam,

228 2728 287 2775 et
335 2719 710 2775 fortitudinem
775 2723 996 2791 pietatis
1056 2723 1413 2793 prodentem,
1470 2726 1523 2777 in
1580 2725 1809 2778 muliere

227 2827 377 2868 nunc
425 2813 701 2884 legislator
758 2815 1074 2877 insinuavit,
1104 2797 1425 2871 idololatria
1477 2828 1589 2872 est.
1636 2818 1808 2888 llujus

228 2905 527 2961 secundum
573 2906 719 2975 quod
750 2904 890 2961 LXX
921 2907 1091 2963 edunt
1135 2909 1311 2977 ﬂuxus
1335 2909 1391 2961 in
1419 2925 1633 2978 corpore
1657 2909 1806 2979 ejus:

1918 440 2054 494 aqua
2097 428 2151 481 in
2196 432 2634 496 przecelentibus
2677 436 2934 500 diximus,
2982 439 3255 496 intumum
3278 452 3497 513 oportet

1916 517 1984 571 ab
2016 520 2163 572 omni
2216 522 2533 578 idololatriae
2577 527 2784 583 malitia
2825 529 3126 597 abstinere,
3175 541 3230 587 et
3269 549 3374 588 nec
3402 549 3498 588 eos

1915 610 2008 678 qui
2043 610 2203 666 idolis
2239 616 2506 683 serviunt,
2551 634 2654 675 nec
2685 622 2786 676 hos
2809 623 3012 691 quibus
3049 624 3122 679 illi
3150 625 3306 696 quasi
3337 640 3495 696 orga-

1913 701 2023 767 nis,
2050 703 2131 758 vel
2159 706 2313 772 quasi
2348 707 2522 769 lectis,
2555 718 2650 763 aut
2681 712 2824 765 vasis
2844 722 3098 779 utuntur,
3136 716 3453 786 contingere
3480 734 3492 768 :

1915 791 2076 849 idest
2126 796 2178 849 in
2205 798 2355 851 nullo
2416 816 2540 855 cum
2587 803 2666 856 eis
2706 807 3150 860 communionem
3180 808 3404 870 habere,
3439 814 3499 859 ut

1915 883 2119 940 Paulus
2174 890 2492 957 prohiberet
2554 895 2715 948 etiam
2778 896 2833 950 in
2893 897 3060 950 idolio
3139 897 3487 957 recumbere.

1914 990 1977 1030 ac
2005 978 2177 1032 multo
2207 979 2375 1050 magis
2407 983 2695 1038 comedere
2728 985 3087 1056 idolothytum
3113 987 3177 1039 ³³.
3221 986 3328 1040 Sed
3381 986 3496 1040 [nec

1912 1069 2133 1137 quidem
2161 1085 2350 1139 parum
2374 1084 2596 1135 nocent,
2621 1090 2725 1131 nec
2754 1076 3109 1145 pollutionem
3136 1078 3359 1135 habent.
3388 1074 3495 1131 Sed

1914 1160 2005 1213 illo
2029 1160 2117 1215 die
2147 1162 2487 1218 immundum
2521 1181 2644 1221 esse
2677 1166 2807 1221 dicit
2831 1168 3140 1239 legislator:

1921 1279 1931 1287 -
1985 1250 2147 1307 Vens.
2193 1253 2285 1308 24.
2331 1274 2350 1306 ε
2421 1255 2476 1309 Si
2498 1267 2679 1311 autem
2728 1258 2924 1327 aliquis
2989 1258 3183 1313 coierit
3220 1272 3344 1312 cum
3408 1264 3494 1318 ea,

1915 1354 2159 1415 tempore
2189 1347 2467 1417 sanguinis
2507 1350 2877 1413 menstrualis,
2925 1350 3238 1405 immundus
3265 1348 3367 1403 erit
3400 1362 3491 1402 se-

1914 1446 2061 1507 ptem
2091 1439 2225 1494 dies.
2257 1458 2275 1490 ι
2350 1448 2357 1455 ’

1983 1528 2042 1583 Id
2071 1539 2173 1594 est,
2204 1531 2248 1585 si
2283 1530 2404 1600 quis
2433 1530 2595 1595 malo,
2629 1538 2683 1585 et
2709 1529 2912 1585 actioni
2940 1530 3137 1585 animae
3189 1528 3349 1585 idolis
3378 1544 3498 1584 ser-

1915 1622 2111 1677 vientis
2139 1621 2643 1688 communicaverit,
2669 1621 2957 1678 immolans
2998 1620 3231 1676 forsitan
3285 1632 3340 1677 et
3381 1622 3496 1691 ipse

1913 1716 2088 1779 idolis,
2109 1716 2223 1770 sive
2253 1715 2451 1783 libans,
2474 1724 2568 1770 aut
2595 1715 2794 1786 aliquid
2823 1698 2990 1786 agens
3018 1714 3286 1771 idolorum
3318 1715 3499 1772 servi-

1917 1809 2023 1865 tuti
2058 1808 2365 1879 proximum
2401 1827 2414 1864 :
2449 1808 2554 1863 hoc
2574 1816 2658 1862 est
2685 1807 2831 1862 enim
2873 1822 2997 1862 cum
3029 1806 3233 1863 ﬂuxum
3278 1806 3499 1877 sangui—

1912 1897 1998 1951 nis
2032 1895 2272 1967 patiente
2306 1894 2564 1960 dormire,
2593 1892 2968 1964 multipliciter
3030 1901 3261 1964 peccato
3290 1893 3495 1965 pollui-

1915 1998 2019 2044 tur.
2044 1987 2275 2058 Propter
2303 1987 2449 2058 quod
2478 2002 2579 2057 pro
2607 2001 2717 2041 una
2744 1986 2834 2040 die
2880 1992 3089 2056 septem
3122 1986 3317 2040 diebus
3365 2002 3489 2041 eum

1912 2084 2253 2140 immundum
2283 2098 2408 2139 esse
2433 2083 2712 2154 praecepit,
2743 2081 2885 2137 sicut
2925 2081 3016 2151 qui
3070 2095 3289 2136 omnem
3338 2097 3493 2136 suam

1910 2176 2099 2242 vitam,
2131 2182 2187 2231 et
2210 2190 2430 2231 omnem
2480 2190 2633 2230 suam
2673 2171 3148 2229 conversationem
3190 2171 3317 2227 fecit
3338 2170 3495 2227 idolis

1911 2269 2197 2324 serviendo
2220 2268 2556 2323 sordescere.

1982 2363 2147 2418 Vens.
2181 2361 2366 2417 25-27.
2402 2379 2420 2412 ι
2458 2359 2652 2415 Mulier
2675 2374 2797 2429 qum
2842 2358 3046 2430 patitur
3072 2357 3261 2413 multis
3303 2356 3497 2412 diebus

1910 2452 2112 2507 ﬂuxum
2130 2450 2432 2522 sanguinis,
2464 2465 2575 2505 non
2605 2456 2852 2520 tempore
2897 2447 3238 2512 menstruali,
3268 2447 3352 2503 vel
3374 2462 3497 2518 quas

1912 2554 2031 2616 post
2054 2554 2397 2599 menstruum
2426 2544 2743 2614 sanguinem
2770 2542 2940 2598 ﬂuere
2958 2558 3070 2598 non
3103 2549 3303 2605 cessat,
3322 2557 3500 2612 quan-

1910 2638 2003 2692 diu
2035 2637 2163 2691 huic
2190 2636 2435 2706 subiacet
2469 2634 2729 2705 passioni,
2771 2633 3056 2687 immunda
3079 2631 3208 2697 erit,
3242 2630 3402 2701 Quasi
3425 2632 3495 2685 sit

1912 2727 1966 2782 in
2000 2738 2243 2798 tempore
2265 2734 2568 2782 menstruo.
2611 2724 2785 2780 Omne
2819 2731 3049 2779 stratum
3090 2721 3149 2777 in
3205 2737 3314 2791 quo
3368 2721 3499 2777 dor-

1913 2822 2109 2886 mierit,
2133 2831 2188 2876 et
2218 2837 2313 2875 vas
2333 2820 2388 2874 in
2419 2835 2528 2890 quo
2552 2818 2758 2874 sederit
2804 2817 3074 2887 pollutum
3099 2814 3224 2870 erit.
3256 2813 3498 2880 Quicun-

1911 2928 2019 2982 que
2053 2913 2297 2984 tetigerit
2348 2928 2432 2979 ea,
2476 2912 2679 2967 lavabit
2730 2910 3055 2966 vestimenta
3110 2924 3227 2974 sua,
3284 2917 3341 2963 et
3384 2907 3500 2977 ipse

230 2998 513 3068 corruptio
540 2998 710 3064 enim,
756 3014 851 3055 seu
901 3000 1134 3070 perditio
1178 3010 1261 3055 est
1293 3001 1517 3054 humani
1569 3003 1805 3073 generis,
1836 3008 1878 3065 Ο
1914 3005 2056 3061 lotus
2090 3022 2247 3076 aqua,
2298 3006 2615 3060 immundus
2670 3003 2776 3059 erit
2830 3016 3003 3071 usque
3032 3001 3100 3056 ad
3125 3015 3431 3070 vesperam.
3476 3017 3495 3050 ι

231 3087 557 3143 idololatrici
605 3090 889 3161 sanguinis
949 3091 1167 3145 eﬂ’usio.
1207 3092 1437 3162 Propter
1493 3093 1637 3163 quod
1696 3110 1808 3148 non

232 3179 369 3235 dixit
393 3181 458 3235 de
482 3196 712 3252 corpore
746 3183 885 3252 ejus,
925 3199 1105 3250 neque
1139 3184 1285 3237 enim
1320 3202 1349 3237 ει
1392 3184 1551 3241 nobis
1577 3195 1661 3241 est
1693 3186 1811 3241 ido-

230 3271 443 3329 lolatria
483 3275 797 3339 adinrenta,
833 3277 930 3332 sed
982 3293 1011 3331 a
1051 3278 1391 3334 daemonibus
1426 3298 1438 3332 :
1475 3279 1529 3333 in
1584 3295 1812 3350 corpore

236 3365 488 3423 videlicet
510 3369 694 3439 generi
725 3379 913 3424 nostro
942 3370 1145 3426 inﬂicta
1173 3379 1276 3435 est,
1312 3381 1367 3426 et
1392 3372 1671 3441 corruptio
1712 3372 1816 3426 hu-

233 3473 410 3514 manae
456 3469 542 3514 est
579 3459 775 3515 aﬂ‘ecta
824 3470 1053 3516 naturae.
1085 3462 1193 3517 Sed
1237 3470 1292 3517 et
1322 3471 1564 3532 tempora
1603 3462 1815 3517 denun-

234 3552 398 3615 tians,
462 3552 517 3606 in
565 3553 764 3625 quibus
815 3553 1120 3609 idololatria
1173 3554 1432 3619 obtinuit,
1487 3554 1557 3610 de
1613 3555 1816 3625 quibus

237 3642 441 3698 Paulus
475 3644 725 3699 diccbat:
758 3645 826 3699 Et
856 3646 1068 3717 quidem
1109 3655 1345 3716 tempora
1385 3648 1702 3716 ignorantia:
1725 3649 1815 3702 de-

231 3732 459 3797 spiciens
479 3732 634 3797 Deus,
666 3750 804 3788 nunc
829 3736 1114 3789 annuntiat
1143 3752 1321 3790 omnes
1345 3737 1539 3807 ubique
1562 3738 1819 3805 peniten-

236 3826 373 3879 tiam
400 3841 556 3895 agere
580 3828 643 3882 ¹’.
695 3826 833 3894 Quid
860 3828 1033 3883 dixit:
1062 3827 1271 3900 Septem
1313 3830 1498 3885 diebus
1546 3831 1817 3898 separabi-

237 3918 358 3972 tur?
412 3915 567 3985 Quod
611 3920 697 3974 alii
733 3938 746 3974 :
805 3920 925 3975 Erit
978 3923 1033 3976 in
1063 3924 1376 3993 purgatione
1400 3941 1520 3978 sua.
1546 3924 1653 3979 Alii
1684 3941 1817 3980 vero

235 4008 614 4078 interpretes:
665 4010 729 4065 In
781 4014 1115 4080 separatione
1174 4014 1472 4084 iniquitatis
1524 4031 1652 4068 sum.
1711 4015 1815 4069 Alii

233 4107 415 4155 autem
443 4101 668 4155 miseria.-
703 4102 1012 4169 ediderunt,
1046 4113 1107 4159 ut
1154 4119 1253 4174 per
1285 4105 1652 4175 septenarium
1698 4107 1815 4160 die-

233 4206 355 4246 rum
403 4206 712 4258 numerum,
754 4203 998 4266 tempora
1041 4196 1399 4268 significaret.
1451 4196 1690 4267 Spiritus
1721 4199 1815 4268 qui

233 4296 404 4351 usque
451 4283 521 4339 ad
585 4286 1005 4356 completionem
1049 4297 1353 4358 temporum
1406 4299 1555 4353 sunt,
1606 4288 1662 4342 in
1708 4305 1813 4359 qua

1985 3095 2258 3162 Quantum
2284 3095 2520 3150 vindicet
2554 3094 2777 3164 spiritus
2801 3093 2892 3147 Dei
2920 3093 3054 3165 legis
3081 3086 3501 3160 contemplatio-

1916 3202 2062 3251 nem,
2095 3195 2152 3241 et
2177 3186 2467 3241 lectionem
2495 3186 2694 3240 litterae
2746 3185 2834 3239 his
2866 3199 2986 3254 qum
3014 3198 3114 3254 per
3170 3191 3351 3254 partes
3373 3198 3500 3237 san-

1918 3280 2161 3345 ciuntur,
2195 3277 2438 3333 ostendit
2475 3294 2488 3331 :
2522 3276 2650 3347 quia
2706 3276 2852 3332 enim
2893 3274 3097 3330 ﬂuxum
3130 3273 3357 3330 seminis
3404 3287 3503 3343 pa—

1917 3372 2166 3435 tientem,
2189 3370 2280 3440 qui
2304 3370 2471 3424 habet
2503 3369 2557 3423 in
2607 3369 2724 3439 lege
2768 3360 3064 3423 obscenam
3092 3374 3148 3422 et
3189 3374 3499 3436 corruptam

1922 3463 2254 3526 doctrinam,
2287 3460 2416 3516 olim
2453 3461 2711 3525 diximus,
2749 3469 2805 3515 et
2843 3460 2911 3514 de
2960 3474 3069 3529 quo
3097 3457 3272 3514 coitus
3315 3472 3500 3513 semen

1918 3556 2222 3626 egreditur,
2258 3555 2484 3610 Judaica
2535 3563 2727 3608 utente
2781 3551 3053 3608 doctrina.
3102 3548 3407 3604 Restabant
3446 3547 3501 3601 hi

1921 3647 2011 3716 qui
2038 3660 2374 3716 paganorum
2402 3646 2708 3700 doctrinam
2736 3645 2936 3700 docent
2968 3661 2981 3697 :
3014 3656 3144 3697 ecce
3169 3640 3333 3695 etiam
3353 3639 3501 3710 ipsos

1919 3754 2069 3794 nunc
2093 3747 2397 3810 opportune
2423 3736 2699 3791 subinfert
2734 3752 2879 3791 esse.
2928 3735 3068 3807 Ergo
3102 3733 3307 3788 ﬂuxum
3372 3747 3503 3787 san-

1920 3832 2118 3903 guinis,
2143 3831 2408 3885 idolorum
2439 3827 2833 3893 seductionem,
2855 3834 2913 3882 et
2941 3840 3183 3881 errorem
3236 3822 3500 3889 diximus,

1921 3932 2110 3995 utpote
2133 3936 2335 3994 genere
2354 3919 2748 3977 daemoniorum
2786 3917 3048 3989 sanguine
3098 3915 3389 3988 gaudente,
3450 3922 3506 3968 ct

1919 4034 2030 4074 non
2060 4010 2234 4073 solum
2265 4029 2546 4087 pecorum,
2579 4013 2918 4082 aliorumque
2936 4010 3253 4065 animalium
3282 4005 3500 4061 irratio-

1919 4111 2204 4177 nabilium,
2238 4110 2335 4166 sed
2363 4109 2527 4165 etiam
2554 4106 2837 4162 hominum
2867 4102 3132 4160 sacriﬁcia
3166 4098 3488 4171 praecipien-

1923 4205 2015 4269 tia,
2036 4203 2109 4259 ita
2136 4212 2196 4258 ut
2216 4204 2270 4257 in
2296 4201 2486 4258 multis
2508 4200 2644 4254 locis
2670 4197 2813 4269 apud
2847 4212 2943 4252 eos
2975 4194 3100 4250 talia
3152 4191 3505 4248 celebraren-

1920 4290 2010 4352 tur
2038 4294 2317 4369 mysteria,
2346 4293 2513 4350 veluti
2539 4291 2780 4363 Dionysii
2814 4297 2871 4345 et
2902 4287 3108 4350 Dianae,
3158 4285 3502 4351 aliorumque

232 4375 597 4445 completione
624 4377 935 4446 evangelica
975 4381 1226 4448 provenit
1253 4380 1591 4451 praedicatio,
1633 4381 1687 4436 in
1725 4382 1811 4438 his
1847 4360 1889 4414 θ
1917 4360 2329 4451 daemonum,in
2372 4392 2581 4439 tantum
2635 4360 2815 4437 ﬂuxus
2871 4377 3156 4451 sanguinis
3209 4374 3354 4445 apud
3408 4386 3503 4427 eos

230 4469 463 4537 separati
493 4484 525 4525 a
554 4470 664 4525 Deo
691 4486 789 4541 per
823 4472 1183 4527 idololatriam
1208 4474 1463 4529 homines
1510 4475 1564 4528 in
1592 4489 1813 4544 separa-

229 4560 379 4613 tione
408 4560 726 4632 iniquitatis,
755 4573 812 4618 et
833 4564 1062 4620 miseriae
1101 4567 1409 4622 necessario
1434 4576 1610 4634 erant,
1643 4583 1813 4637 usque

230 4648 360 4704 dum
413 4650 523 4706 Deo
580 4670 678 4722 per
728 4656 1097 4726 evangelicam
1152 4660 1625 4714 conversationem
1681 4676 1814 4715 con-

225 4742 601 4812 iungeremur,
630 4762 749 4816 qua:
783 4749 835 4801 in
876 4756 1123 4803 octavam
1152 4749 1294 4804 diem
1344 4752 1614 4822 accipitur
1641 4770 1654 4807 :
1684 4754 1812 4822 quia

229 4838 468 4909 signum,
499 4849 553 4893 et
580 4841 933 4911 principium,
968 4853 1021 4896 ct
1060 4858 1153 4898 ara
1184 4845 1593 4913 quodammodo
1623 4845 1809 4901 saeculi

228 4939 313 4986 cst
352 4932 541 4998 futuri,
591 4941 815 5004 propter
844 4936 1011 5005 quod,
1057 4944 1109 4991 et
1151 4947 1341 4990 octava
1390 4936 1480 4989 die
1514 4936 1812 4993 Salvatoris

229 5028 495 5093 processit
530 5028 882 5082 resurrectio.
925 5027 1254 5091 Nonsolunt
1285 5038 1469 5082 autem
1503 5028 1661 5085 idolis
1691 5045 1812 5085 ser-

231 5115 389 5168 viens
428 5119 630 5184 anima,
663 5121 758 5175 sed
797 5129 852 5174 et
885 5119 931 5174 is
959 5120 1050 5189 qui
1088 5135 1208 5173 cam
1243 5119 1436 5188 tangit,
1474 5120 1525 5174 id
1567 5130 1670 5184 est,
1717 5124 1810 5191 qui

232 5204 507 5275 particeps
526 5210 643 5277 ejus
669 5210 900 5266 eﬂiritur
934 5231 947 5265 :
980 5221 1034 5266 et
1082 5213 1251 5266 multo
1283 5212 1453 5280 magis
1491 5213 1599 5277 hic,
1631 5215 1733 5281 quit
1756 5213 1812 5267 in

159 5297 173 5308 ’
232 5312 343 5367 quo
390 5300 610 5362 dormit,
657 5304 739 5355 vel
774 5303 826 5355 in
856 5319 965 5373 quo
1004 5305 1178 5369 sedet,
1218 5311 1403 5373 utpote
1426 5304 1518 5372 qui
1547 5304 1812 5359 doctrina:

233 5389 374 5457 ejus,
407 5399 464 5443 et
500 5390 800 5445 traditionis
821 5393 1089 5462 particeps
1122 5393 1204 5446 vel
1234 5393 1326 5462 qui
1356 5394 1551 5446 coierit
1571 5408 1697 5448 cum
1726 5408 1810 5454 ea,

232 5479 552 5536 immundus
609 5481 731 5546 erit,
763 5491 816 5535 et
873 5484 1242 5538 ntnndationis
1277 5498 1413 5552 opus
1474 5482 1658 5547 habet,
1712 5500 1814 5538 nec

344 5659 387 5694 “‘
415 5659 541 5715 Act.
574 5675 708 5725 xm,
746 5659 832 5712 50.
951 5663 989 5693 ιδ
1020 5661 1041 5715 l
1067 5660 1191 5717 Cor.
1220 5677 1369 5724 mn,
1406 5659 1560 5714 Sall.

1918 4475 2218 4531 inoleverat
2249 4494 2262 4530 :
2293 4474 2527 4530 Attende
2557 4481 2740 4528 autem
2787 4486 2953 4535 nunc,
2984 4468 3184 4542 quibus
3212 4464 3394 4523 verbis
3423 4462 3505 4518 le-

1919 4571 2139 4642 gislator
2174 4584 2304 4625 usus
2332 4576 2436 4623 est.

1995 4662 2192 4715 Mulier
2225 4676 2340 4732 quis
2362 4662 2565 4728 patitur
2593 4658 2775 4712 multis
2841 4656 3023 4710 diebus
3047 4656 3251 4724 ﬂuxum
3279 4650 3504 4721 sangui—

1922 4755 2002 4807 nis
2032 4769 2133 4807 non
2181 4761 2410 4819 tempore
2435 4748 2767 4802 menstruali.
2795 4744 2949 4811 Quod
2995 4743 3137 4797 LXX
3177 4745 3256 4796 sic
3307 4742 3501 4796 edide-

1916 4855 2045 4899 runt
2089 4862 2101 4896 :
2134 4844 2326 4896 Mulier
2351 4841 2398 4893 si
2415 4842 2547 4908 ﬂuat
2571 4836 2888 4906 proﬂuvium
2917 4835 3194 4903 sanguinis
3223 4833 3331 4885 dies
3355 4847 3500 4887 com-

1914 4936 2112 5009 plures.
2138 4933 2260 5003 ‘Non
2289 4932 2446 4993 dixit,
2476 4932 2518 4986 si
2550 4928 2670 4984 ﬂuit
2699 4926 3047 4997 sanguinem,
3073 4926 3217 4996 quod
3246 4924 3501 5001 estidoiis

1918 5027 2144 5087 servire,
2189 5024 2307 5079 sive
2325 5019 2762 5077 immolarezsed
2791 5017 2850 5072 Si
2870 5017 3084 5090 ﬂuxerit
3117 5017 3321 5087 ﬂuxum
3369 5032 3500 5081 sana

1917 5117 2202 5194 guinis,_id
2224 5126 2326 5181 est,
2358 5114 2402 5170 si
2434 5114 2552 5169 ﬂuit
2576 5112 2845 5169 maculam
2883 5117 2939 5165 et
2991 5122 3233 5173 errorem
3265 5106 3498 5161 idolola-

1921 5213 2068 5267 trite:
2103 5209 2231 5266 facit
2255 5216 2437 5262 autem
2464 5206 2568 5260 hoc
2607 5221 2717 5259 non
2765 5203 2819 5257 in
2850 5210 3095 5272 tempore
3150 5200 3494 5257 menstruali.

1924 5304 1974 5356 id
2011 5311 2114 5361 est,
2134 5317 2241 5355 non
2268 5299 2322 5353 in
2357 5298 2694 5369 temporibus
2717 5295 2915 5367 quibus
2954 5293 3226 5349 idolorum
3258 5289 3497 5346 servitus

1923 5392 2223 5449 obtinebat.
2265 5390 2381 5443 haec
2410 5403 2533 5443 esse
2562 5384 2919 5441 menstrualia
2977 5392 3245 5452 tempora,
3296 5380 3349 5433 in
3391 5378 3497 5433 illis
3554 5374 3558 5377 ⁷

1924 5483 2124 5548 verbis,
2165 5483 2219 5537 in
2252 5479 2449 5550 quibus
2476 5480 2543 5533 de
2571 5494 2632 5533 ea
2662 5477 3035 5547 loquebamur,
3071 5480 3352 5529 ostensum
3389 5480 3493 5527 est.
