3886 6306
429 265 531 327 979

1607 269 1969 333 HESYCHII
2009 270 2480 334 PRESBYTERI

3580 266 3695 340 989

429 382 537 436 Sed
573 354 630 438 et
656 389 941 454 postquam
963 384 1393 454 cmpitscientia,
1431 395 1482 441 et
1503 401 1601 455 per
1628 386 1997 458 evangelicum
2030 391 2075 447 Δ
2101 394 2443 463 praeciperet,
2475 390 2602 461 quia
2631 390 2893 446 divinitas
2920 392 3090 447 debet
3154 391 3386 463 intelligi
3430 391 3489 444 in
3534 399 3695 446 ante-

428 473 730 529 doctrinam
752 474 939 531 lumen
964 475 1180 545 pietatis
1235 475 1432 542 illuxit,
1482 476 1602 547 ipse
1644 486 1826 532 tamen
1883 477 1988 533 im-

430 561 633 617 munda
690 561 829 630 ﬂuit,
878 573 934 618 et
952 564 1111 620 docet
1173 565 1421 635 quaedam
1486 567 1663 622 errori
1727 567 1999 623 idolorum

430 651 698 719 proxima,
730 653 1042 709 immundus
1071 662 1173 718 est,
1207 654 1348 709 sicut
1400 653 1477 709 illi
1522 655 1743 711 illorum
1788 664 2001 729 tempo-

431 757 573 807 rum,
605 744 663 798 in
695 744 893 821 quibus
921 746 1074 800 furor
1124 744 1391 801 idolorum
1451 748 1752 813 obtinebat,
1771 749 1862 804 illa
1905 749 2002 805 do-

429 840 617 888 centes
640 849 980 905 quaecunque
1005 836 1071 890 ad
1104 835 1322 890 illorum
1354 837 1704 907 pertinebant
1724 833 1998 895 errorem:

428 933 586 980 erant
610 927 757 981 enim
783 927 951 981 etiam
978 935 1109 983 tunc
1146 927 1434 996 immundi,
1459 930 1558 984 sed
1585 939 1642 986 et
1667 945 1815 986 nunc
1831 933 2002 988 multo

428 1014 623 1087 magis,
680 1017 809 1087 quia
856 1018 967 1089 jam
1015 1019 1222 1075 nudata
1263 1029 1349 1076 est
1386 1020 1731 1076 immunditia
1786 1037 1999 1089 eorum,

430 1113 487 1158 et
517 1121 674 1160 error
723 1107 1031 1165 convictus.
1086 1109 1257 1177 Quam
1289 1113 1416 1182 quia
1476 1111 1773 1168 noluerunt
1814 1115 2001 1169 oculos

426 1211 557 1250 suos
589 1197 835 1267 praebere
866 1200 972 1256 luci
999 1217 1139 1257 verae
1180 1203 1580 1276 intelligentiae,
1613 1215 1837 1278 propter
1855 1207 2000 1276 qund

425 1286 564 1342 dixit
596 1305 611 1343 :

496 1370 625 1441 Qua:
648 1380 853 1447 patitur
901 1382 1107 1448 ﬂuxum
1153 1384 1448 1453 sanguinis,
1510 1401 1616 1439 non
1672 1387 1729 1440 in
1774 1396 2008 1459 tempore

425 1480 715 1535 menstruo,
740 1471 822 1525 uel
860 1488 977 1543 quia
1000 1484 1114 1542 post
1144 1485 1468 1531 menstruum
1489 1480 1806 1547 sanguinem
1836 1481 2003 1549 ﬂuere

424 1573 530 1612 non
550 1568 737 1625 cessat,
768 1561 1005 1629 quandiu
1034 1561 1155 1616 huic
1183 1563 1420 1633 subjacet
1445 1567 1699 1633 passioni,
1724 1568 2001 1625 immunda

2102 481 2360 547 rint-ibus,
2384 492 2531 538 retro
2556 483 2951 538 humanitatem
2970 481 3343 554 intelligimus,
3378 482 3531 538 banc
3551 496 3695 553 gen-

2104 580 2207 638 tes,
2240 588 2361 642 quae
2386 573 2443 627 in
2471 571 2620 627 ﬂuxu
2645 573 2956 629 constitutae
2992 581 3152 629 erant
3175 572 3486 645 sanguinis,
3509 572 3694 628 idolo-

2100 678 2223 717 rum
2250 664 2527 733 proposito
2556 663 2799 735 tetigisse
2828 664 3082 719 dicimus.
3113 661 3270 730 Quod
3304 662 3350 717 si
3377 678 3493 717 non
3510 663 3692 717 solum

2102 767 2218 817 eos,
2245 753 2342 823 qui
2368 754 2436 809 ad
2465 752 2861 810 eﬁ‘undendum
2884 754 3206 809 idololatriae
3229 755 3567 825 sanguinem
3592 768 3691 807 va-

2101 855 2249 911 cant,
2280 845 2377 900 sed
2403 845 2567 899 etiam
2595 860 2693 902 eos
2712 845 2805 916 qui
2825 846 3025 901 docent
3050 860 3136 912 ea,
3183 861 3308 915 quae
3364 845 3437 899 ad
3486 844 3689 899 doctri—

2100 950 2227 990 nam
2260 933 2537 1003 pertinent
2569 950 2928 1006 paganorum,
2962 935 3170 992 ﬂuxum
3197 936 3494 1008 sanguinis
3516 952 3690 1007 expc.

2102 1026 2331 1090 suimus,
2362 1041 2473 1083 non
2503 1036 2588 1084 est
2614 1027 2933 1083 admirabile
2973 1043 2987 1080 :
3023 1042 3143 1082 mos
3170 1027 3376 1097 quippe
3406 1035 3501 1083 est
3540 1029 3691 1098 apud

2101 1118 2419 1183 exteriores,
2459 1118 2693 1176 aﬂluens
2727 1119 3025 1190 eloquium,
3072 1119 3495 1191 Iargissimeque
3519 1134 3583 1174 se
3628 1135 3695 1174 ac

2100 1207 2257 1263 facile
2282 1210 2348 1265 ad
2371 1210 2679 1267 doctrinam
2705 1210 2996 1268 eﬂundens
3019 1211 3227 1267 ﬂuxum
3241 1212 3328 1266 vel
3349 1211 3695 1266 rhetoricam

2100 1298 2557 1444 “imissa-si.
2592 1406 2612 1440 ι
2648 1387 2707 1443 Si
2734 1387 2949 1443 steterit
2974 1387 3198 1457 sanguis
3219 1396 3276 1442 et
3296 1386 3475 1442 ﬂuere
3507 1402 3695 1442 cessa-

2103 1479 2263 1545 verit,
2289 1478 2600 1534 numerabit
2627 1486 2839 1548 septem
2868 1477 2988 1534 dies
3008 1476 3415 1548 puriﬁcationis
3445 1493 3590 1543 sua,
3640 1489 3695 1534 et

2100 1579 2298 1625 octavo
2325 1569 2418 1625 die
2449 1569 2645 1625 oﬂeret
2672 1583 2772 1639 pro
2798 1584 2860 1624 se
2910 1567 3182 1625 sacerdoti
3223 1569 3369 1625 duos
3419 1578 3696 1630 turtures,

424 1651 544 1704 erit.
580 1647 716 1707 Nam
750 1650 856 1706 etsi
891 1666 999 1707 non
1031 1652 1321 1725 integrant
1356 1655 1737 1723 idololatriam,
1774 1662 1999 1732 auguria
2034 1725 2064 1732 _
2100 1662 2186 1719 vel
2217 1663 2356 1717 duos
2387 1662 2567 1732 pullos
2603 1662 2872 1719 columbae
2899 1662 2969 1717 ad
3000 1661 3203 1717 ostium
3231 1660 3587 1717 tabernaculi
3609 1671 3696 1717 te-

424 1749 607 1794 tamen
638 1749 693 1795 et
720 1740 1085 1806 divinationes
1104 1754 1200 1801 aut
1220 1753 1588 1817 purgationes,
1606 1760 1700 1806 aut
1726 1725 1999 1808 veneﬁco-
2032 1725 2072 1780 Β
2101 1754 2368 1809 stimonii.
2388 1725 2513 1819 -Qui
2539 1770 2710 1809 unum
2751 1754 2913 1809 faciet
2955 1768 3053 1823 pro
3080 1760 3322 1822 peccato,
3350 1751 3599 1805 alterum
3638 1750 3695 1805 in

424 1847 544 1884 rum
595 1841 743 1890 artes
768 1834 981 1901 doceat,
1011 1837 1367 1894 nihilominus
1406 1850 1463 1895 et
1513 1841 1603 1896 bie
1665 1842 1996 1910 immundus,

421 1923 880 1990 quemadmodum
913 1935 970 1982 et
1024 1926 1101 1981 illi
1145 1930 1239 1998 qui
1286 1931 1446 2001 plene
1494 1934 1856 1991 idololatriam
1914 1937 2000 1992 bis

419 2013 618 2083 quibus
645 2013 824 2070 ﬂoruit
869 2020 1227 2089 temporibus,
1291 2025 1579 2081 tradebant
1610 2034 1666 2080 et
1696 2027 1992 2084 docebant.

420 2102 526 2158 Sed
549 2106 941 2178 etquieunque
975 2110 1063 2164 his
1094 2127 1161 2166 ex
1196 2127 1361 2182 Opere
1390 2116 1775 2186 discipulatum
1837 2135 1997 2175 suum

417 2196 681 2263 praebent,
716 2198 772 2252 in
791 2213 1028 2268 persona
1058 2200 1254 2256 borum
1274 2202 1609 2276 intelligitur.

487 2286 729 2343 Stratum
754 2292 811 2345 in
838 2307 939 2363 quo
969 2294 1266 2361 dormierit,
1303 2305 1350 2349 et
1370 2312 1460 2350 vas
1481 2299 1536 2350 in
1555 2315 1658 2369 quo
1683 2302 1895 2354 sederit.
1941 2302 1996 2355 Id

419 2388 503 2434 est
531 2380 584 2434 bi
614 2382 705 2451 qui
733 2383 976 2440 studiose
997 2385 1095 2441 bas
1126 2386 1409 2444 doctrinas
1474 2390 1802 2460 suscipiunt,
1856 2392 1998 2448 sicut

417 2473 714 2541 pnedictus
741 2491 924 2530 sermo
952 2479 1297 2545 monstravit,
1332 2481 1600 2536 immundi
1627 2494 1789 2538 erunt
1809 2499 1998 2554 quem—

416 2565 708 2620 admodum
738 2575 794 2622 et
830 2569 885 2621 hi
911 2571 1006 2640 qui
1052 2586 1148 2626 eos
1211 2571 1431 2627 docent.
1465 2571 1582 2628 IIoc
1627 2575 1999 2630 enimosten-

416 2659 555 2713 dens
581 2659 858 2731 legislator
892 2663 962 2718 de
1000 2673 1173 2719 strato
1198 2673 1254 2719 et
1304 2680 1431 2721 vase
1479 2667 1638 2733 dixit,
1693 2670 1996 2724 secundum

416 2745 581 2810 LXX,
612 2751 943 2806 immundum
968 2755 1065 2807 erit
1088 2757 1371 2810 secundum
1414 2757 1525 2811 dies
1576 2758 1824 2828 proﬂuvii
1858 2759 1994 2827 ejus,

417 2854 511 2894 cos
539 2838 632 2909 qui
655 2854 725 2894 ex
744 2855 905 2911 opere
934 2843 1061 2898 talia
1095 2845 1312 2902 discunt
1334 2848 1659 2907 docentibus
1690 2852 1996 2922 comparari

416 2930 662 3000 cupiens.
696 2921 756 2987 In
786 2942 998 2990 tantum
1026 2946 1209 2992 autem
1236 2939 1355 2995 haec
1383 2956 1508 2995 vera
1538 2952 1684 3008 sunt,
1712 2953 1767 2998 et
1791 2921 1866 2999 ita
1900 2945 1995 3000 Dei

2101 1845 2496 1910 holocaustum,
2529 1846 2850 1917 rogabitque
2895 1861 2996 1915 pro
3024 1859 3089 1898 ea
3118 1859 3304 1899 coram
3327 1843 3595 1908 Domino,
3638 1851 3692 1897 et

2102 1954 2198 2008 pro
2226 1937 2493 2008 proﬂuvio
2514 1938 2876 1993 immunditia:
2904 1937 3044 2008 ejus.
3064 1936 3343 1991 Docebitis
3375 1951 3518 2005 ergo
3549 1934 3695 1989 ﬁlios

2100 2027 2286 2094 Israel,
2310 2038 2372 2084 ut
2411 2037 2637 2083 caveant
2676 2028 2732 2082 in
2761 2027 3125 2091 immunditia,
3148 2036 3204 2082 et
3234 2041 3347 2081 non
3370 2028 3694 2081 moriantur

2100 2116 2151 2170 in
2170 2116 2421 2172 sordibus
2434 2116 2567 2181 suis,
2587 2132 2711 2179 cum
2732 2117 3043 2186 poﬂuerunt
3065 2115 3490 2173 tabernaculum
3502 2133 3686 2171 meum

2097 2208 2241 2279 quod
2271 2216 2356 2262 est
2386 2208 2527 2262 inter
2554 2223 2669 2263 eos.
2718 2226 2736 2259 ι

2170 2300 2304 2366 Quae
2337 2300 2510 2355 virtus
2556 2299 2720 2368 hujus
2744 2298 2998 2354 sacriﬁcii
3028 2300 3120 2366 sit,
3152 2309 3208 2354 et
3263 2300 3442 2369 qualis
3483 2301 3545 2354 in
3603 2302 3686 2355 bis

2098 2391 2191 2461 qui
2217 2390 2420 2444 ﬂuxum
2444 2389 2669 2444 seminis
2690 2388 2991 2457 patiuntur,
3035 2388 3088 2441 in
3125 2401 3398 2457 quantum
3452 2403 3687 2445 necesse

2099 2495 2218 2539 crat
2247 2484 2530 2539 diximus:
2568 2482 2768 2536 similia
2809 2484 2958 2538 enim
3011 2493 3068 2537 et
3112 2483 3222 2539 illic
3269 2485 3355 2536 lex
3398 2483 3687 2553 praecepit.

2101 2574 2255 2627 Sicut
2283 2573 2428 2627 enim
2463 2572 2534 2627 ibi
2565 2571 2966 2639 sibimetipsum
3007 2585 3223 2624 sumere
3262 2577 3536 2629 turtures,
3596 2577 3690 2622 aut

2098 2663 2377 2719 columbas
2402 2663 2457 2721 in
2487 2662 2818 2742 sacriﬁcium
2857 2659 3064 2716 ﬂuxum
3112 2659 3337 2714 seminis
3381 2659 3686 2728 patientem

2097 2755 2371 2829 legislator
2415 2754 2691 2826 praecepit,
2735 2754 2862 2824 quia
2913 2752 3157 2823 magistri
3215 2751 3401 2806 locum
3461 2752 3687 2806 tenebat

2097 2857 2257 2917 atque
2296 2860 2606 2914 personam,
2633 2844 2713 2899 sic
2736 2853 2791 2898 et
2814 2858 2963 2899 nunc
2992 2843 3135 2898 hanc
3163 2858 3285 2912 qum
3317 2840 3440 2896 ﬂuit
3475 2841 3687 2896 ﬂuxum

2098 2938 2401 3009 sanguinis,
2434 2935 2670 3008 ﬁgurare
2712 2935 2863 2990 enim
2926 2950 3048 2990 eam
3090 2922 3349 2997 diximus,
3420 2932 3691 2988 docentes

414 3020 502 3074 lex
523 3022 867 3078 immundum
896 3024 1030 3081 dicit
1057 3043 1207 3095 eum,
1239 3030 1331 3099 qui
1360 3031 1441 3085 vel
1467 3045 1634 3101 pauca
1650 3031 1842 3087 borum
1869 3034 1996 3087 atti-
2023 3052 2065 3109 ε
2100 3044 2222 3098 qua:
2244 3027 2311 3082 ad
2333 3041 2573 3082 errorem
2598 3024 2921 3081 idololatriae
2962 3022 3265 3094 pertinent.
3306 3021 3691 3087 Quamobrem

416 3116 514 3182 git,
540 3115 666 3183 quia
701 3115 769 3171 ad
800 3116 944 3172 idola
966 3121 1298 3188 pertinentia
1340 3122 1661 3194 loquuntur,
1691 3134 1788 3179 aut
1803 3136 1991 3197 agunt,

418 3216 478 3258 nt
504 3215 559 3260 et
581 3221 707 3261 eum
741 3208 836 3281 qui
868 3210 954 3265 vel
973 3212 1225 3268 comedet
1251 3229 1376 3270 cum
1407 3215 1508 3279 eis,
1539 3226 1634 3271 aut
1665 3232 1858 3273 mensa
1891 3234 1990 3289 po-

419 3305 587 3366 tuque
616 3301 1104 3358 communicaverit
1134 3307 1540 3376 mysteriorum.
1599 3310 1743 3363 sicut
1803 3322 1991 3365 revera

416 3386 755 3442 immundum
778 3388 1040 3447 societate
1077 3404 1378 3452 removeat.
1416 3396 1571 3453 Unde
1606 3408 1663 3452 et
1694 3397 1993 3455 Corinthiis

416 3479 693 3535 scribebat
720 3476 961 3538 Paulus:
990 3486 1110 3540 Non
1142 3488 1357 3556 potestis
1402 3488 1620 3543 calicem
1654 3487 1863 3545 Domini
1912 3493 1992 3545 bi-

415 3571 551 3636 bere,
594 3583 642 3625 rt
664 3573 880 3628 calicem
904 3577 1285 3631 daemoniorum
1312 3580 1373 3631 ³⁸.
1406 3579 1488 3633 An
1535 3578 1854 3636 azmulamur
1883 3580 1992 3636 Do-

413 3663 662 3718 minum?
698 3668 945 3737 nunquid
969 3667 1226 3725 fortiores
1252 3670 1344 3726 illo
1375 3687 1565 3727 sumus
1580 3672 1605 3726 ?‘
1659 3672 1726 3726 Et
1753 3688 1941 3729 rursus
1972 3695 1986 3730 :

413 3751 546 3808 Nolo
565 3769 652 3809 vos
669 3757 834 3811 socios
863 3758 1241 3813 dmmoniorum
1290 3776 1399 3815 esse
1421 3761 1484 3816 ”.
1518 3759 1630 3815 Cur
1650 3771 1833 3817 autem
1866 3779 1989 3817 mu-

411 3844 560 3902 lieris
590 3848 891 3905 introduxit
916 3865 1231 3921 personam,
1265 3852 1405 3908 bene
1438 3852 1709 3908 novimus.
1746 3848 1990 3909 Diximus

409 3939 580 4006 enim,
616 3939 746 4010 quia
782 3956 882 4011 pro
913 3956 981 3997 eo
1005 3943 1152 4014 quod
1178 3943 1573 4015 cogitationum
1604 3945 1914 4001 virilitatem
1935 3955 1990 4000 et

338 4068 341 4069 ν
410 4030 609 4087 divine
642 4032 888 4089 scientia:
912 4032 1317 4099 fortitudinem,
1352 4032 1409 4091 hi
1440 4036 1532 4107 qui
1581 4036 1637 4090 in
1670 4035 1988 4092 idololatria:

410 4120 734 4179 deciderunt
760 4139 1029 4191 errorem,
1061 4126 1440 4197 prodiderunt,
1476 4129 1797 4199 animasque
1855 4144 1983 4184 suas

411 4212 885 4283 t-ﬂeminaverunt,
915 4227 1063 4273 recte
1093 4217 1148 4273 in
1174 4220 1258 4273 his
1288 4218 1404 4291 _qui
1450 4228 1620 4290 agunt
1648 4229 1703 4274 et
1766 4220 1984 4286 docent,

408 4322 748 4378 quaecunque
778 4309 948 4363 cultui
987 4309 1257 4364 idolorum
1305 4308 1718 4380 impenduntur,
1759 4311 1985 4383 figuram

409 4398 658 4452 mulieris
688 4400 1016 4455 insinuasse.
1039 4400 1215 4470 Hujus
1241 4401 1389 4457 enim
1449 4402 1743 4473 imaginem
1795 4420 1985 4474 gerere

411 4489 764 4559 intelligimus
788 4504 928 4556 eam,
962 4507 1083 4561 quae
1114 4494 1170 4549 in
1201 4490 1512 4564 Evangeliis
1542 4492 1746 4548 ﬂuxum
1778 4496 1985 4565 patitur

411 4579 714 4649 sanguinis,
768 4595 890 4649 quae
935 4597 1152 4637 omnem
1211 4582 1594 4651 substantiam,
1654 4586 1789 4640 sive-
1820 4586 1983 4641 vitam

411 4684 564 4723 suum
601 4669 654 4722 in
685 4671 916 4726 medicis
935 4672 1215 4743 expendit,
1243 4673 1298 4728 in
1329 4675 1414 4729 bis
1436 4677 1531 4746 qui
1556 4676 1698 4747 apud
1724 4692 1817 4733 eos
1831 4689 1986 4731 erant

413 4761 773 4832 philosophis.
832 4762 951 4818 Non
1009 4775 1192 4820 tamen
1243 4777 1431 4821 sanata
1495 4778 1580 4823 est
1652 4784 1749 4838 per
1795 4785 1891 4823 eos
1918 4770 1991 4826 ab.

406 4851 640 4924 Aigypto
669 4854 935 4910 decedere
956 4857 1156 4913 erroris
1187 4859 1291 4920 sui,
1320 4859 1445 4928 quia
1501 4860 1728 4916 dicentes
1767 4877 1821 4914 se
1874 4878 1985 4919 esse

409 4946 686 5010 sapientes,
717 4947 867 5000 stulti
893 4946 1025 5016 facti
1048 4958 1167 5002 sunt
1190 4949 1254 5002 ⁵⁸.
1303 4950 1441 5004 Cum
1470 4952 1618 5008 enim
1669 4951 1986 5008 viderentur

410 5039 829 5099 Amabat-mrum
881 5039 1028 5094 cultu
1079 5048 1136 5094 ct
1184 5038 1368 5096 furore
1409 5041 1873 5108 alienati,tcrrntn
1907 5052 1986 5096 ta-

413 5143 537 5181 men
594 5131 981 5194 metiebantur,
1013 5145 1196 5185 aerem
1239 5140 1294 5184 et
1322 5133 1540 5198 cmlum,
1567 5146 1798 5204 quorum
1846 5135 1984 5188 scire

411 5218 578 5274 solius
606 5220 699 5273 Dei
728 5229 812 5275 est
847 5220 1091 5287 exordia,
1152 5223 1434 5277 terminos.
1505 5223 1639 5289 Quae.
1696 5225 1810 5278 hate
1856 5241 1985 5295 ergo

414 5309 685 5365 ﬁmbriam
707 5308 837 5366 Iesu
871 5323 1022 5367 retro
1078 5323 1325 5383 tangens,
1368 5313 1594 5369 liberata
1624 5324 1709 5370 est
1742 5331 1770 5368 a
1813 5315 1982 5369 ﬂuxu.

416 5401 653 5460 Dicimus
676 5415 857 5461 autem
884 5406 1149 5461 fimbriam
1177 5408 1315 5476 ejus,
1350 5408 1508 5463 ﬁdem
1539 5407 1659 5476 ejus
1684 5427 1699 5477 ;
1728 5425 1856 5464 nam
1888 5426 1984 5464 eu-

414 5492 502 5558 jus
524 5495 602 5550 rei
632 5495 801 5567 gratia
823 5513 948 5551 cum
981 5498 1253 5555 ﬁmbriam
1305 5497 1485 5554 facere
1509 5499 1751 5556 vestibus
1779 5500 1987 5572 Moyses

524 5672 571 5710 “
597 5675 619 5729 Ι
644 5674 772 5730 Cor.
799 5692 856 5737 x,
881 5677 973 5732 20.
1085 5679 1123 5709 "
1153 5679 1289 5738 ibid.
1398 5676 1633 5752 “Rom.
1663 5694 1702 5746 ι,
1725 5676 1816 5733 ‘22.

2067 3118 2458 3189 eloquentiam
2480 3116 2704 3182 docens,
2739 3123 2793 3169 et
2815 3113 3142 3184 eloquentia:
3161 3113 3523 3183 participans,
3550 3112 3687 3166 sibi-

2095 3211 2547 3281 metipsisume-re
2586 3223 2709 3277 quae
2747 3207 2814 3261 ad
2841 3208 3217 3279 purgationem
3249 3204 3553 3275 proﬁciunt
3586 3220 3686 3275 po-

2095 3300 2521 3359 tcst:facillime
2543 3299 2745 3370 quippe
2800 3298 3042 3354 exterior
3104 3294 3373 3366 Sapientia
3424 3294 3686 3349 interiori

2093 3394 2385 3465 subjicitur
2405 3402 2462 3447 et
2491 3392 2559 3446 ab
2585 3406 2648 3446 ea
2689 3391 2856 3445 sumit
2893 3389 3069 3454 utilia,
3114 3387 3330 3457 sibique
3384 3385 3682 3452 proﬁcien-

2094 3488 2185 3543 tia.
2212 3486 2351 3544 Nam
2371 3484 2577 3541 ﬂuxum
2620 3481 2901 3554 sanguinis
2952 3481 3189 3551 patiens,
3248 3479 3410 3548 cujus
3478 3478 3691 3532 habere

2092 3580 2322 3649 ﬁguram
2379 3593 2447 3633 ea
2468 3591 2589 3648 quae
2652 3575 2917 3644 sanguine
2946 3571 3264 3627 idololatria:
3283 3581 3516 3640 aSpersa
3578 3576 3691 3629 est.

2071 3680 2374 3725 ostensum
2397 3678 2500 3733 est,
2527 3667 2851 3737 sibimetipsi
2892 3664 3220 3720 medicinam
3249 3661 3513 3732 sumpsit,
3542 3670 3685 3715 tacta

2093 3761 2304 3817 limbria
2340 3758 2652 3816 vestimenti
2686 3755 2978 3820 Dominici,
3010 3761 3064 3809 et
3093 3762 3390 3822 antequam
3417 3749 3682 3806 extende-

2090 3860 2176 3906 ret
2205 3866 2447 3917 manum,
2475 3850 2694 3905 liberari
2717 3864 2747 3903 a
2768 3848 3019 3918 passione
3050 3844 3372 3915 promeruit.
3397 3840 3683 3913 Quaergo

2089 3945 2157 3999 ad
2182 3942 2693 4013 interpretationem
2712 3939 2939 4006 desunt,
2986 3936 3105 3991 haec
3126 3937 3180 3993 in
3209 3933 3681 4004 subsequentibus

2091 4052 2190 4107 per
2213 4034 2464 4090 ordinem
2488 4030 2757 4089 dicemus.

2162 4124 2324 4181 Vens.
2352 4124 2443 4182 5i.
2478 4144 2497 4177 ι
2536 4123 2811 4179 Docebitis
2862 4139 2993 4194 ergo
3031 4121 3171 4175 ﬁlios
3214 4119 3403 4182 Israel,
3470 4129 3532 4173 ut
3586 4134 3683 4173 cas

2090 4224 2252 4271 veant
2273 4212 2696 4279 immunditiam,
2721 4220 2776 4266 et
2819 4226 2932 4266 non
2983 4210 3285 4265 moriantur
3324 4207 3380 4263 in
3421 4208 3683 4263 sordibus

2090 4307 2225 4373 suis,
2255 4322 2379 4362 cum
2410 4305 2721 4375 polluerunt
2758 4302 3170 4359 tabernaculum
3192 4314 3376 4356 meum
3398 4300 3552 4370 quod
3596 4311 3679 4355 est

2022 4386 2064 4440 ί)
2095 4401 2237 4455 inter
2261 4414 2374 4454 eos.
2420 4416 2439 4450 ι

2163 4491 2422 4554 Quamvis
2450 4497 2911 4558 omnepeccatum
2939 4484 3286 4541 immunditia
3330 4486 3403 4540 sit
3457 4486 3673 4549 anim,

2094 4584 2328 4638 maxime
2352 4590 2535 4635 tamen
2559 4579 2884 4644 idololatria,
2908 4588 2963 4634 et
2990 4590 3116 4649 qua:
3136 4577 3204 4633 ad
3230 4590 3351 4631 eam
3372 4579 3679 4645 pertinent.

2097 4678 2219 4731 llaec
2252 4675 2451 4729 habere
2484 4682 2539 4727 et
2566 4673 2622 4726 in
2652 4673 2734 4725 bis
2775 4672 3060 4726 timoratos
3091 4668 3228 4723 ﬂlios
3258 4666 3429 4722 Israel
3457 4666 3672 4737 legisla-

2094 4775 2180 4820 tor
2222 4765 2519 4827 desiderat,
2543 4772 2605 4819 ut
2634 4776 2744 4815 non
2775 4760 3155 4816 crudelissima
3176 4756 3482 4828 impietatis
3496 4764 3669 4809 morte

2095 4857 2395 4912 moriantur
2423 4872 2435 4906 :
2470 4852 2718 4924 polluunt
2743 4855 2892 4911 enim
2924 4852 3075 4923 impii
3114 4849 3530 4913 tabernaculum
3552 4844 3668 4910 Dei,

2090 4948 2232 5019 quod
2255 4947 2315 5002 in
2342 4946 2475 5016 ipsis
2506 4954 2608 5009 est,
2633 4945 2784 5013 atqui
2814 4957 3015 5014 corpus
3034 4951 3139 5007 est,
3171 4956 3282 5011 quo
3319 4939 3525 4993 ﬂuxum
3540 4951 3666 4991 san-

2090 5041 2270 5112 guinis
2296 5050 2388 5094 aut
2428 5038 2655 5095 seminis
2678 5037 3018 5108 inquinatur.
3052 5034 3159 5088 Sed
3178 5034 3306 5103 quia
3335 5031 3669 5100 impiet.tem

2092 5142 2272 5182 sermo
2305 5129 2501 5194 innuit,
2527 5143 2648 5198 qua
2668 5127 2940 5181 hominem
2967 5134 3139 5178 totum
3167 5123 3413 5192 polluere
3434 5131 3667 5174 consue-

2090 5221 2169 5276 vit
2209 5236 2222 5271 :
2256 5230 2568 5290 propterea.
2606 5232 2818 5284 cautos,
2856 5219 2971 5273 sive
3022 5225 3083 5271 ut
3136 5214 3299 5276 LXX,
3365 5214 3663 5265 timoratos.

2091 5311 2289 5380 inquit,
2332 5310 2541 5368 facietis
2596 5312 2738 5367 filios
2770 5309 2936 5364 Israel
2992 5308 3063 5362 ab
3120 5302 3462 5360 immunditia
3519 5314 3659 5354 sua:

2091 5403 2237 5473 quod
2289 5419 2468 5473 neque
2515 5403 2767 5474 Ieprosis,
2814 5415 2995 5470 neque
3030 5400 3097 5453 de
3134 5397 3220 5451 bis
3244 5395 3334 5466 qui
3366 5393 3657 5464 tetigerunt

2095 5494 2379 5549 morticina
2416 5494 2669 5549 sancivit.
2713 5492 2818 5548 Sed
2856 5502 2913 5546 ct
2965 5487 3297 5545 tabernaculi
3336 5485 3453 5553 Dei,
3516 5479 3655 5553 quod
