3886 6306
114 188 119 189 ί
182 207 289 273 981

126 828 154 914 ἓ

140 1040 152 1050 ς

1366 173 1450 272 iN
1498 211 1938 279 LEVITICUM.
1971 235 2036 250 -ς
2066 215 2214 277 LIB.
2242 216 2309 275 V.

3364 208 3473 278 982

184 326 248 382 in
291 324 449 382 nobis
480 333 586 389 est.
620 324 952 381 mentionem
985 322 1151 378 fecit:
1184 325 1594 380 tabernaculum
1632 327 1778 381 enim
1812 332 1858 385 Α
1888 335 2075 395 ptcrea
2099 328 2153 383 in
2195 328 2494 383 immundis
2521 328 2805 382 ordinatus
2828 335 2932 391 est,
2974 327 3221 396 ct‘hufus
3250 327 3467 396 quidem

185 409 291 472 Dei
330 416 614 473 estomnis
650 423 837 470 noster
866 415 1051 481 homo,
1083 416 1139 468 in
1172 430 1281 484 quo
1334 414 1475 470 Deus
1510 416 1779 488 _|I:lblial‘e

184 509 437 566 creditur
467 508 745 580 :primum
769 507 988 578 quidem
1014 522 1111 578 per
1133 507 1443 579 imaginem,
1482 524 1643 579 quam
1676 524 1777 563 no-

182 604 277 659 bis
328 602 569 668 donavit,
628 599 826 655 deinde
875 614 974 669 per
1015 598 1302 668 primitias,
1340 615 1475 670 quas
1533 616 1562 653 a
1615 599 1779 654 nobis

185 695 445 765 sumpsit.
474 693 715 748 Verbum
750 691 900 746 enim
941 706 1068 746 caro
1115 690 1319 745 factum
1366 699 1469 756 est,
1494 691 1637 760 quod
1683 707 1781 761 per

108 767 153 852 ξ
185 787 341 841 ‘llam
370 783 725 840 munitionem
758 783 922 838 etiam
957 782 1009 835 in
1053 781 1279 852 reliquis
1325 781 1573 836 habitare
1606 782 1779 835 homi-

134 870 154 934 Ξ
190 879 359 933 nibus
385 877 607 941 dicitur,
640 874 785 946 quod
829 874 1025 944 probat
1078 872 1319 928 Joannes
1363 871 1553 927 dicens
1596 889 1608 925 :
1649 870 1779 927 l'er-

176 964 317 1025 'bum
343 984 467 1021 caro
498 967 697 1041 factum
725 973 821 1028 est,
847 973 895 1017 et
918 963 1174 1017 habitavit
1200 963 1253 1015 in
1287 962 1433 1016 nobis
1460 961 1523 1016 ".

264 1059 433 1115 Vens.
459 1058 547 1125 32,
564 1058 652 1113 55.
678 1076 697 1108 ‹
727 1055 836 1111 Ista
858 1063 939 1111 est
960 1055 1049 1109 lex
1070 1054 1189 1125 ejus
1228 1054 1321 1124 qui
1346 1055 1553 1124 patitur
1573 1053 1777 1109 ﬂuxum

187 1152 441 1217 seminis,
461 1161 515 1207 et
539 1151 629 1222 qui
650 1150 907 1220 polluitur
928 1149 1076 1203 coitu
1099 1156 1154 1201 et
1177 1147 1269 1217 qui
1308 1147 1608 1202 menstruis
1639 1156 1745 1203 tem
1764 1178 1780 1188 ο

189 1246 430 1316 poribus
458 1251 762 1313 separatur,
794 1242 1025 1312 velquae
1070 1242 1185 1312 jugi
1227 1241 1349 1295 ﬂuit
1378 1241 1661 1313 sanguine,
1727 1250 1781 1296 et

191 1337 437 1393 hominis
460 1337 549 1406 qui
581 1335 860 1391 dormierit
879 1349 1000 1389 cum
1031 1348 1115 1387 ea.
1156 1351 1175 1385 ι

267 1427 620 1498 Quaecunque
640 1426 885 1497 ejusdem
914 1424 1212 1479 sanctionis
1251 1425 1354 1479 sibi
1388 1426 1684 1491 cohmrcnt,
1728 1434 1782 1479 et

190 1541 431 1596 quorum
467 1524 533 1580 ad
564 1539 727 1578 unam
764 1520 1124 1577 intentionem
1150 1521 1204 1575 in
1242 1518 1442 1575 effectu
1474 1521 1642 1575 tradit
1668 1522 1779 1575 uti-

192 1614 344 1685 litas,
374 1620 488 1673 haec
517 1615 737 1672 sibimet
759 1614 1031 1686 legislator
1049 1622 1375 1669 connectere
1396 1613 1702 1678 consuevit,
1723 1621 1782 1667 ut
1808 1654 1811 1665 η

1888 436 2047 489 poena
2084 420 2376 475 manifesta
2402 427 2503 474 est.
2538 419 2880 475 Manifestum
2905 419 3169 474 esteliam
3200 419 3471 488 quomodo

1887 511 2145 566 mundata
2175 527 2203 565 a
2229 512 2409 581 poenis
2437 511 2655 566 liberari
2687 510 2924 582 possint.
2973 509 3080 564 Sed
3144 507 3325 564 adhuc
3384 511 3470 564 his

1888 602 2329 671 superaediﬂcans
2357 603 2657 674 legislator,
2702 611 2895 675 utpote
2919 612 3318 659 consonantem
3345 618 3472 659 san-

1887 692 2124 746 ctionem
2148 708 2268 762 qua:
2297 693 2650 765 subsequitur
2671 693 2872 764 posuit.

2471 849 2703 906 CAPUT
2740 850 2879 907 XVI.

1959 957 2121 1014 Vens.
2158 962 2205 1014 i.
2233 978 2251 1011 ι
2289 958 2533 1016 Locutus
2563 972 2650 1017 est
2678 962 2939 1018 Dominus
2974 964 3041 1019 ad
3088 962 3328 1035 Moysen,
3391 965 3474 1018 di-

1886 1065 2018 1105 cens
2051 1069 2063 1103 :
2097 1050 2224 1108 Post
2243 1065 2475 1110 mortem
2504 1057 2736 1111 duorum
2771 1055 3003 1112 ﬂliorum
3025 1059 3226 1122 Aaron,
3252 1059 3472 1128 quando

1887 1139 2182 1197 offerentes
2212 1144 2390 1213 ignem
2408 1147 2643 1201 alienum
2676 1146 2947 1201 interfecti
2973 1156 3119 1203 sunt.
3165 1166 3187 1198 ι

1958 1232 2098 1286 Ecce.
2115 1243 2168 1288 et
2197 1250 2343 1290 nunc.
2366 1235 2454 1291 Dei
2479 1237 2704 1307 spiritus
2726 1253 2896 1293 unum
2932 1253 3133 1307 corpus
3156 1238 3290 1308 legis
3318 1238 3467 1299 facit.

1887 1331 1943 1377 et
1968 1324 2035 1378 ad
2077 1341 2245 1379 unum
2273 1327 2468 1398 redigit
2490 1327 2723 1382 invicem
2746 1327 2848 1382 sibi
2882 1320 3233 1393 cohaerentia,
3276 1337 3473 1384 etcum

1887 1418 2091 1472 dudum
2120 1417 2529 1474 manifestasset
2549 1433 2612 1474 ea
2639 1434 2761 1490 quae
2801 1419 2869 1475 ad
2918 1420 3225 1474 doctrinam
3288 1435 3303 1470 :
3350 1436 3473 1488 qua:

1888 1518 2082 1565 contra
2110 1510 2287 1581 legem
2311 1519 2415 1572 est,
2441 1512 2742 1581 pertinent,
2781 1511 3081 1582 modosque
3130 1513 3251 1581 ejus
3282 1512 3493 1567 multi-.

1888 1603 2059 1671 plices
2087 1603 2373 1673 quosdam,
2408 1614 2573 1675 atque
2609 1604 2929 1661 diderentes
2957 1606 3322 1675 expOsuisset,
3364 1618 3472 1661 una

192 1707 361 1778 eiqui
392 1704 735 1763 meditationi
757 1685 894 1774 legis
938 1701 1179 1757 studium
1212 1702 1439 1772 praebet,
1469 1701 1783 1756 manifestet
1816 1685 1855 1743 Β
1888 1709 2035 1749 nunc
2067 1710 2186 1749 eam
2217 1696 2499 1768 redarguit
2531 1697 2674 1767 lege,
2735 1704 2792 1751 et
2857 1711 3149 1751 commune
3201 1695 3471 1765 ηυοάθιηο

194 1798 471 1870 quomodo
503 1802 753 1866 oporteat
777 1795 892 1849 haec
918 1793 1170 1865 intelligi,
1213 1802 1269 1848 et
1291 1809 1413 1863 quae
1435 1809 1557 1849 cum
1584 1795 1785 1865 quibus

194 1890 580 1963 cognationem
643 1887 944 1955 secundum
1000 1886 1411 1941 similitudinem
1478 1886 1788 1942 intellectus

194 1983 455 2039 habeant.
480 1976 618 2047 Quia
649 1994 772 2034 esse
801 1977 1008 2034 ﬂuxum
1061 1978 1291 2033 seminis
1325 1979 1563 2050 patiens,
1592 1980 1784 2035 docto-

194 2090 321 2131 rum
368 2087 730 2144 corrumpens
761 2086 974 2136 semen,
1005 2080 1061 2127 et
1091 2072 1273 2142 turpia
1325 2079 1491 2143 atque
1541 2088 1785 2127 corrum-

189 2167 381 2239 pentia
404 2167 704 2223 admonens
725 2173 811 2220 est
833 2164 1095 2234 probatus
1129 2181 1142 2219 :
1177 2162 1241 2218 Et
1283 2164 1349 2218 de
1376 2182 1479 2237 quo
1516 2166 1784 2237 egreditur

190 2276 374 2315 semen
397 2259 586 2314 coitus.
610 2257 683 2313 Ut
712 2257 1003 2329 polluatur,
1032 2246 1099 2325 is,
1130 2257 1226 2329 qui
1252 2254 1480 2313 Iudaica
1507 2267 1782 2329 praecepta

190 2351 377 2418 docet,
410 2351 465 2406 in
492 2348 694 2420 quibus
717 2349 833 2419 ipse
858 2358 919 2402 ut
963 2347 1105 2403 mala
1147 2347 1298 2403 bona
1329 2348 1539 2405 docens
1567 2359 1623 2405 et
1645 2349 1783 2421 legis

130 2508 137 2515 ν
192 2442 561 2500 intentionem
594 2438 996 2511 transgrediens
1051 2438 1337 2510 polluitur,
1378 2439 1508 2495 dum
1540 2455 1605 2495 ea
1659 2456 1782 2511 quae

193 2537 262 2592 ad
313 2536 552 2591 litteram
597 2532 897 2604 pertinent,
944 2540 1097 2588 extra
1129 2541 1347 2602 tempus
1405 2531 1669 2601 proferet,
1729 2543 1783 2590 et

193 2628 361 2686 modo
395 2626 631 2698 quodam
660 2623 880 2679 mundis
931 2624 1073 2678 sicut
1119 2622 1417 2678 immundis
1466 2622 1659 2689 utitur,
1714 2625 1783 2679 de

191 2719 622 2791 quibusdictum
663 2723 750 2771 est
785 2732 800 2768 :
833 2713 1019 2770 Omnia
1074 2714 1271 2768 munda
1339 2714 1567 2777 mundis,
1636 2715 1782 2768 coin-

194 2811 429 2883 quinatis
450 2817 632 2864 autem
677 2816 725 2862 et
756 2807 1049 2877 inﬁdelibus
1077 2806 1211 2859 nihil
1255 2806 1529 2870 mundum,
1561 2807 1651 2860 sed
1672 2806 1784 2877 pel-

196 2904 311 2958 tuta
338 2910 457 2956 sunt
477 2916 657 2955 eorum
681 2914 826 2953 mens
853 2906 901 2952 et
920 2897 1239 2952 conscientia
1253 2897 1320 2949 ”.
1354 2895 1651 2969 Sanguinis
1683 2914 1782 2951 au-

198 3002 309 3048 tem
342 2991 543 3046 ﬂuxum
568 2989 911 3062 patientesin
947 2991 1244 3047 menstruis
1276 2989 1413 3054 suis,
1452 2990 1507 3045 hi
1534 3006 1655 3046 esse
1681 2991 1779 3046 de-

196 3084 482 3142 monstrati
513 3093 660 3152 sunt,
696 3083 786 3154 qui
807 3099 868 3138 ea
899 3099 1021 3156 qua:
1055 3084 1121 3140 ad
1159 3084 1501 3156 impietatem
1528 3084 1780 3149 tendunt,

196 3178 291 3234 illo
309 3175 573 3235 doctrina:
614 3185 883 3248 tempore,
941 3176 1131 3246 inquo
1178 3191 1351 3246 genus
1395 3175 1681 3232 hominum
1728 3177 1784 3231 in

197 3269 348 3324 cultu
372 3268 640 3324 idolorum
679 3267 963 3322 detentum
1019 3266 1074 3322 in
1104 3267 1402 3321 menstruis
1420 3266 1557 3333 suis,
1587 3265 1642 3320 in
1695 3282 1784 3321 se-

196 3360 480 3432 paratione
505 3360 744 3423 malitim,
772 3376 801 3412 a
834 3360 977 3413 malo
1007 3360 1154 3414 enim
1187 3358 1424 3428 separati
1450 3374 1561 3413 non
1595 3368 1782 3420 erant;

200 3462 264 3507 ut
285 3453 603 3508 ostenderet
630 3452 757 3521 quia
784 3452 975 3505 eadem
1005 3451 1073 3506 de
1110 3450 1198 3505 his
1228 3451 1322 3521 qui
1357 3465 1524 3519 prava
1562 3450 1783 3514 docent,

201 3546 288 3601 lex
314 3547 576 3616 loquitur.
600 3545 827 3601 Addidit
853 3544 1155 3598 secundum
1178 3540 1322 3597 LXX
1354 3563 1368 3598 :
1407 3541 1642 3597 Fiuxum
1700 3559 1784 3598 se-

199 3639 360 3694 minis
396 3638 616 3709 patienti
634 3635 870 3690 masculo
907 3644 956 3688 et
983 3636 1217 3704 feminae.
1252 3633 1418 3705 Atqui
1471 3633 1525 3688 in
1570 3648 1783 3703 prrece-

200 3728 356 3783 denti
384 3727 664 3782 sanctione
700 3726 768 3780 de
792 3726 909 3779 solo
933 3723 1080 3778 ﬂuxu
1109 3723 1337 3778 seminis
1381 3722 1626 3793 patiente
1653 3738 1785 3777 ma—

200 3819 354 3874 sculo
390 3818 557 3884 dicit;
589 3817 807 3872 feminae
834 3828 1015 3871 autem
1055 3815 1261 3871 ﬂuxum
1304 3813 1530 3869 seminis
1567 3814 1785 3883 patien-

200 3910 269 3965 tis
315 3909 632 3963 mcmoriam
662 3909 963 3962 secundum
998 3907 1236 3961 litteram
1272 3906 1493 3975 penitus
1551 3920 1665 3958 non
1701 3905 1783 3959 ie-

200 4004 277 4058 cit
313 4019 328 4056 :
357 4002 452 4057 sed
483 4017 581 4072 per
616 4001 904 4056 mulierem
932 3998 1187 4071 quteﬂuit
1215 3998 1422 4053 ﬂuxum
1478 3998 1781 4075 sanguinis,

198 4111 322 4150 cum
353 4095 447 4164 qui
480 4093 714 4148 eﬂ'undit
766 4094 1069 4149 doctrinam
1124 4092 1444 4148 idololatria:
1496 4091 1779 4147 intellexit.

197 4189 496 4259 Propterea
524 4202 670 4241 nunc
696 4202 817 4242 eam
844 4186 1048 4241 ﬂuxum
1083 4185 1313 4241 seminis
1344 4183 1651 4255 patientem
1682 4200 1781 4253 ap-

201 4281 441 4353 pellavit,
480 4288 541 4335 ut
569 4296 670 4335 nos
707 4280 1046 4334 disceremus
1092 4278 1214 4349 quia
1260 4293 1385 4333 eum
1410 4277 1502 4347 qui
1530 4292 1781 4333 corrum-

1888 1785 2051 1840 modo
2079 1796 2270 1841 contra
2291 1801 2408 1842 eam
2442 1787 2688 1843 subdidit
2746 1799 3101 1859 praeceptum,
3157 1794 3214 1842 et
3247 1801 3469 1842 causam

1889 1880 2061 1933 morbi
2085 1880 2254 1950 ipsius
2289 1880 2633 1935 manifestam
2671 1882 2824 1946 fecit,
2854 1880 2907 1935 id
2935 1889 3039 1946 est,
3069 1880 3214 1936 unde
3250 1880 3470 1934 contio-

1886 1973 1964 2043 git
1997 1980 2052 2027 et
2076 1973 2220 2029 unde
2251 1974 2591 2043 supervenit.
2646 1974 2863 2029 Audisti
2891 1975 3058 2037 enim,
3081 1974 3299 2043 quando
3328 1973 3469 2027 filio-

1884 2079 2007 2119 rum
2034 2065 2244 2131 Aaron,
2271 2082 2462 2122 eorum
2481 2067 2574 2138 qui
2619 2065 2811 2123 divino
2844 2068 2967 2139 igne
2989 2067 3300 2135 consumpti
3337 2075 3469 2121 sunt

1883 2157 2266 2226 quaerebamus
2305 2167 2564 2223 mortem,
2595 2158 2747 2229 quia,
2783 2173 2911 2214 cum
2946 2157 3174 2213 verbum
3198 2156 3306 2211 illic
3330 2156 3471 2227 lega-

1882 2248 1952 2303 lis
1988 2249 2296 2307 traditionis
2326 2259 2383 2307 et
2435 2251 2681 2309 historiae
2735 2251 3063 2317 faceremus,
3112 2250 3297 2323 ignem
3332 2251 3466 2305 alie-

1884 2354 2040 2402 num,
2073 2340 2309 2396 alienant
2344 2356 2374 2395 a
2406 2341 2521 2397 Deo
2577 2341 2891 2399 doctrinam
2943 2342 3207 2404 diximus.
3255 2352 3317 2398 et
3334 2358 3466 2414 pro-

1883 2438 2072 2500 pterea
2129 2448 2161 2487 a
2205 2433 2396 2489 divino
2442 2435 2570 2506 igne
2609 2434 2868 2491 videlicet
2915 2435 3163 2506 spiritus,
3217 2450 3317 2491 eos
3369 2438 3468 2506 qui

1884 2522 2063 2592 ignem
2086 2524 2239 2581 ilium
2253 2526 2559 2583 oﬂ‘ereliant
2575 2538 2696 2583 esse
2718 2536 3076 2600 consumptos
3095 2545 3108 2581 :
3137 2529 3265 2599 quia
3280 2530 3477 2585 divino

1882 2613 1993 2684 igni
2023 2625 2208 2686 aperte
2236 2617 2641 2681 contradicunt,
2679 2625 2955 2675 etcontra
3022 2618 3291 2690 Spiritum
3341 2636 3467 2674 san,

1883 2716 2033 2762 ctum
2084 2718 2255 2781 agunt
2316 2710 2391 2775 bi.
2424 2711 2519 2781 qui
2553 2727 2617 2766 ea
2663 2726 2786 2782 quae
2816 2712 2954 2765 mala
3016 2722 3071 2766 et
3102 2712 3289 2781 iniqua
3339 2725 3471 2767 sum.

1883 2800 2102 2856 docent.
2135 2800 2264 2855 Sive
2294 2817 2425 2874 ergo
2446 2816 2510 2857 ea
2536 2818 2657 2873 qua:
2683 2802 2999 2857 idololatria:
3023 2803 3324 2863 cohaerent.
3344 2805 3470 2874 quis

1884 2890 2085 2955 tradat,
2112 2891 2229 2946 sive
2256 2899 2572 2961 corrumpat
2600 2907 2883 2964 exponens
2948 2893 3139 2948 divina
3188 2890 3467 2958 mandata,

1885 2980 2095 3035 nefaria
2122 2981 2177 3035 in
2199 2982 2280 3037 eis
2308 2982 2664 3039 subinferens
2713 2985 2877 3039 verba
2922 2986 3040 3041 sive
3079 2985 3305 3041 Judaica
3366 2989 3469 3043 αο-

1890 3073 2061 3127 ctrina
2089 3075 2168 3131 sic
2198 3084 2403 3142 utatur,
2431 3085 2491 3130 ut
2524 3091 2592 3130 ex
2626 3088 2695 3131 ea
2746 3077 3044 3148 polluatur,
3087 3084 3281 3134 contra
3328 3089 3469 3134 tem,

1890 3177 1992 3232 pus
2008 3163 2261 3218 videlicet
2296 3171 2351 3218 et
2385 3163 2747 3231 intentionem
2770 3164 2929 3235 legis,
2958 3165 3134 3236 ipsius
3156 3165 3291 3236 legis
3319 3166 3469 3220 litte-

1890 3269 2004 3307 ram
2034 3252 2341 3323 proferens.
2382 3255 2560 3324 ignem
2591 3254 2831 3310 alienum
2868 3255 2978 3310 Deo
3003 3255 3221 3321 offeret,
3253 3267 3310 3310 et
3345 3273 3474 3324 pro-

1891 3357 2077 3414 pterca
2126 3328 2263 3401 mori
2320 3347 2599 3414 dicuntur,
2649 3363 2718 3402 ex
2780 3348 2897 3419 lege
2929 3350 3164 3403 celerem
3203 3349 3481 3403 habentes

1892 3441 2350 3509 transgressionis
2378 3456 2617 3511 pcnnam.
2650 3439 2854 3495 Verum
2893 3442 3127 3511 quando.
3164 3442 3217 3495 hi
3269 3442 3469 3496 mortui

1892 3525 2116 3591 fuerint,
2142 3527 2194 3581 id
2224 3537 2329 3593 est,
2361 3528 2878 3598 quandodispertiti
2944 3529 3169 3595 fuerint,
3223 3542 3280 3585 et
3328 3547 3471 3600 quo-

1889 3617 2179 3671 dannnodo
2199 3617 2526 3686 defecerint,
2564 3629 2699 3675 tunc
2748 3620 2959 3676 sanctio
3012 3637 3136 3692 quae
3201 3624 3467 3693 sequitur,

1890 3708 2184 3763 obtinebit.
2221 3710 2287 3763 Et
2318 3719 2613 3780 propterea
2643 3721 2769 3781 post
2817 3721 3048 3765 mortem
3107 3712 3340 3768 ﬂliorum
3376 3717 3472 3767 Aa-

1890 3816 2013 3866 ron,
2045 3800 2138 3871 qui
2170 3801 2348 3871 ignem
2385 3803 2625 3857 alienum
2675 3804 3015 3869 obtulerunt,
3078 3804 3280 3859 dixisse
3328 3806 3471 3859 Dens

1888 3892 1955 3946 ad
1988 3891 2205 3963 Moysen
2228 3910 2289 3948 ea
2315 3910 2436 3965 qua:
2468 3904 2793 3965 sequuntur,
2814 3896 3014 3951 dicitur
3050 3912 3063 3947 :

1962 3982 2127 4039 Vens.
2161 3986 2217 4040 2.
2255 4009 2273 4036 ι
2315 3985 2382 4041 Ει
2413 3987 2675 4058 praecepit
2726 3989 2777 4043 ei
2823 3989 3013 4045 dicens
3049 4006 3062 4042 :
3101 3988 3350 4059 Loquere
3402 3991 3471 4044 ad

1889 4074 2070 4131 Aaron
2110 4075 2335 4133 fratrem
2360 4087 2536 4143 tuum,
2573 4095 2644 4134 ne
2674 4081 2823 4135 omni
2854 4089 3101 4152 tempore
3134 4082 3475 4153 ingrediatur

1889 4170 2285 4238 sanctuarium,
2313 4171 2459 4241 quod
2487 4180 2571 4227 est
2605 4173 2747 4228 intra
2788 4173 2995 4241 velum,
3045 4190 3230 4230 coram
3286 4177 3475 4247 propiv

1890 4263 2110 4319 tiatorio
2143 4280 2253 4334 quo
2299 4265 2500 4337 tegitur
2526 4281 2673 4334 arca,
2741 4276 2800 4323 ut
2845 4282 2952 4322 non
3007 4269 3298 4336 moriatur,
3346 4270 3474 4339 quia

200 4378 280 4447 pit
304 4377 502 4430 bonam
527 4372 856 4436 doctrinam,
900 4371 1139 4441 turpiter
1196 4386 1317 4428 eam
1347 4381 1401 4427 et
1431 4371 1571 4426 male
1598 4369 1782 4441 profe-

1894 4354 1948 4410 in
1966 4357 2112 4411 nube
2145 4358 2442 4428 apparebo,
2476 4373 2642 4429 super
2670 4360 2972 4415 oraculum.
3012 4380 3033 4413 ι

199 4483 345 4535 rens,
371 4467 531 4522 talem
566 4465 744 4535 qualis
776 4472 861 4520 est
882 4464 929 4518 is
960 4464 1052 4535 qui
1098 4463 1433 4533 impietatem
1468 4464 1648 4529 docet,
1701 4464 1786 4518 lex

198 4572 436 4632 reputet,
473 4570 831 4630 utrorumque
862 4561 1009 4615 enim
1057 4560 1223 4615 verba
1253 4561 1607 4631 corruptione
1623 4561 1784 4632 plena

200 4665 346 4711 sunt.
384 4654 478 4708 llis
525 4654 700 4706 virum
753 4654 1041 4723 conjunxit
1101 4669 1223 4708 cum
1277 4663 1614 4710 menstruata
1656 4655 1784 4709 dor—

200 4748 481 4799 mientcm.
508 4744 651 4798 Dicit
680 4752 860 4799 autem
883 4745 1118 4816 eumqui
1150 4761 1213 4801 ex
1247 4745 1388 4801 fideli
1411 4746 1630 4815 populo,
1661 4746 1784 4799 ido-

201 4837 427 4891 lolatrize
463 4836 659 4891 mistus
694 4850 777 4891 est
812 4838 995 4891 :sicut
1022 4837 1273 4905 superius
1300 4836 1561 4892 diximus.
1625 4836 1781 4893 Unde

200 4945 306 4982 non
330 4930 672 4996 simpliciter,
698 4930 792 4984 sed
816 4916 1119 4985 masculum
1161 4928 1473 4999 perfectiori
1494 4930 1783 4993 vocabulo,

202 5021 340 5073 sicut
370 5036 573 5075 nomen
605 5021 781 5076 ﬁdelis
826 5021 1222 5092 possidentem,
1249 5018 1406 5073 dixit.
1446 5014 1501 5072 Si
1526 5021 1784 5088 praevari-

202 5116 351 5161 cator
385 5110 759 5173 eﬂectus,hoc
780 5110 1104 5166 vocabulum
1156 5117 1315 5179 negat
1364 5108 1671 5178 falsumque
1728 5112 1783 5163 in

176 5210 262 5251 ne
309 5213 430 5251 esse
458 5198 819 5266 demonstrat,
865 5203 1095 5270 adeptus
1139 5199 1283 5254 cnim
1341 5199 1435 5253 Dei
1510 5199 1781 5263 militiam,

203 5288 362 5345 idolis
394 5304 453 5342 se
484 5289 725 5355 tradidit,
757 5308 879 5345 cum
929 5283 1211 5346 dormiens
1244 5290 1498 5344 videlicet
1531 5300 1584 5342 et
1608 5289 1779 5343 errori

203 5399 261 5436 se
289 5381 650 5451 permiscens,
673 5384 905 5451 primum
957 5382 1176 5452 quidem
1210 5390 1269 5435 ut
1300 5382 1549 5445 sordens,
1584 5379 1784 5434 deinde

209 5483 270 5527 ut.
306 5470 393 5526 cui
438 5469 581 5524 ineSt
612 5470 767 5540 longe
794 5488 823 5543 ει
856 5471 965 5525 Deo
1002 5474 1214 5537 sedere,
1243 5473 1535 5543 etdcgcrc.
1571 5465 1634 5524 Et
1658 5486 1784 5540 pro‘

320 5635 362 5666 ⁸⁵
394 5632 555 5688 Joan.
584 5648 621 5699 ι,
658 5632 739 5688 14.
836 5635 880 5664 ²⁰
910 5634 1014 5690 Tit.
1053 5652 1088 5701 t,
1127 5640 1207 5695 15,

1323 5642 1362 5673 υ
1402 5638 1592 5694 Matth.
1639 5653 1746 5704 xvt,
1790 5637 1879 5692 9.6.

1964 4445 2241 4514 Quantum
2267 4460 2453 4520 parcat
2474 4450 2617 4507 Deus
2640 4452 2802 4508 saluti
2824 4464 3047 4519 nostrae,
3063 4469 3128 4510 ex
3150 4455 3476 4526 multisquae

1893 4539 1948 4593 in
1983 4540 2101 4613 lege
2130 4542 2275 4597 dicta
2301 4551 2434 4598 sunt
2475 4559 2489 4596 :
2533 4545 2875 4601 considerari
2910 4556 2966 4601 et
2994 4547 3129 4603 disci
3164 4555 3368 4619 potest,
3405 4549 3475 4603 de

1891 4631 2092 4700 quibus
2109 4632 2242 4685 nihil
2277 4633 2634 4703 negligentes,
2674 4636 2864 4691 oculos
2912 4638 3113 4691 mentis
3137 4654 3237 4707 per
3260 4640 3472 4710 singula

1889 4723 2259 4777 intendamus.
2277 4723 2417 4787 Quid
2441 4725 2580 4777 enim
2610 4728 2841 4792 prodest,
2868 4727 3021 4780 homo
3050 4729 3096 4780 si
3119 4737 3287 4783 totum
3314 4726 3474 4783 inun-

1888 4816 2013 4867 dnm
2038 4814 2288 4891 lucretur,
2316 4816 2509 4868 anime
2527 4825 2702 4867 autem
2731 4831 2840 4868 sua:
2867 4816 3238 4873 detrimentum
3271 4822 3474 4891 faciat?

1889 4909 1992 4961 Aut
2045 4923 2202 4975 quam
2266 4906 2412 4960 dabit
2474 4908 2627 4960 homo
2652 4911 3114 4964 commutationem
3137 4924 3233 4979 pro
3287 4915 3470 4969 anima

1887 5019 1983 5055 sua
2011 5002 2084 5053 "7
2104 4996 2243 5064 Quia
2263 5015 2396 5071 ergo
2418 5015 2653 5061 summa,
2680 4999 2795 5056 sive
2833 5001 3130 5071 capitulum
3153 5005 3348 5060 salutis
3375 5023 3471 5061 no-

1892 5105 2038 5158 strae,
2074 5091 2238 5147 Verbi
2263 5092 2506 5147 doctrina
2533 5103 2637 5158 est,
2661 5094 2775 5163 ipsa
2811 5094 2972 5149 nobis
3016 5091 3137 5149 vias
3182 5095 3384 5159 bonas,
3427 5101 3469 5153 si

1890 5187 2030 5240 bona
2062 5184 2224 5239 fuerit
2256 5200 2268 5236 :
2299 5184 2344 5239 si
2376 5192 2558 5239 autem
2593 5185 2941 5249 mala,malas
2957 5184 3130 5255 digito
3164 5196 3472 5243 monstrare

1892 5279 2199 5335 consuevit.
2238 5277 2406 5332 Recte
2461 5278 2751 5332 maximam
2795 5278 3130 5348 diligentiam
3194 5282 3474 5351 legislatm-

1898 5372 2119 5428 exhibet
2142 5387 2202 5425 ut
2229 5387 2338 5425 non
2362 5372 2537 5426 solum
2573 5370 2625 5424 in
2655 5370 2834 5426 verbis
2867 5372 3150 5443 turpibus,
3183 5383 3276 5430 aut
3309 5373 3362 5428 in
3391 5373 3472 5428 fa-

1896 5464 2038 5518 bulis
2059 5462 2296 5517 Judairis
2326 5470 2418 5517 aut
2447 5460 2503 5515 in
2536 5461 2719 5532 aliquo
2744 5462 3062 5519 idololatria:
3091 5464 3472 5535 phantasmate
