3810 6318
364 257 376 271 ’
411 281 519 349 εει
1480 328 1495 343 .
1605 282 1966 347 HESYCIIII
2005 286 2481 350 PRESBYTER!
3603 289 3718 353 sat

409 398 664 457 doctores
689 411 795 451 non
824 394 1110 460 excedant,
1140 395 1231 449 sed
1263 411 1366 450 nec
1393 397 1681 471 occasione
1712 397 1998 468 theologiae
2025 402 2070 459 Α
2098 398 2326 468 Quando
2356 418 2486 474 ergo
2523 417 2556 455 a
2598 402 2798 473 populo
2827 401 3059 458 Iudaico
3096 403 3151 456 in
3186 401 3349 472 cujus
3376 416 3540 457 nunc
3570 401 3715 474 ﬁgu-

410 493 467 549 in
490 490 829 562 impietatem
851 488 1072 553 cadant,
1104 487 1247 558 quod
1275 503 1393 547 mos
1431 498 1515 544 est
1542 489 1819 545 haereticis
1850 490 1983 560 pati.
2098 509 2239 561 ram,
2270 503 2459 564 utpote
2490 494 2795 565 principem
2831 497 3018 566 populi
3049 497 3265 569 Moysen
3296 494 3549 565 accepit,
3582 512 3713 565 pro-

409 584 789 641 Substantiam
820 597 951 639 vero
971 582 1328 640 discutientcs
1386 581 1502 644 Dei,
1536 592 1644 637 tam
1696 580 1871 637 Patris
1923 581 1991 637 ad
2098 584 2379 638 tcctricem
2417 582 2558 639 Deus
2584 584 2811 639 abstulit
2844 601 3090 652 manum,
3123 597 3178 643 et
3203 602 3302 641 sua
3332 601 3468 641 eum
3501 585 3711 640 virtute

411 677 632 742 Filium,
666 690 831 747 quam
869 673 989 728 Filii
1014 672 1080 727 ad
1106 671 1368 743 Spiritum
1410 684 1684 737 sanctum,
1730 672 1992 728 dill'eren-
2096 673 2322 728 nudavit
2355 674 2411 728 in
2444 683 2660 731 tantum
2700 684 2762 731 ut
2803 674 3068 734 Romanis
3106 679 3310 734 tributa
3347 688 3708 749 praestarem,

411 773 540 824 tiam
567 767 941 831 introducunt,
977 775 1034 821 et
1061 764 1164 819 alia
1196 765 1391 818 similia
1413 780 1534 834 quae.
1559 775 1800 821 nostram
1831 779 1999 819 exce-
2097 776 2157 820 ut
2186 766 2290 821 sub
2320 766 2467 838 leges
2496 782 2688 823 eorum
2722 777 2778 823 et
2817 770 3098 840 principes
3127 770 3418 842 degerent,
3455 779 3599 827 tunc
3628 773 3705 826 vi-

409 863 549 916 dunt
574 856 885 921 scientiam,
909 855 1216 911 absconsa:
1276 870 1399 924 quae
1455 864 1585 909 sunt
1640 854 1801 909 nobis
1849 853 1992 917 sicut
2095 857 2296 913 derunt
2351 858 2657 929 posteriora
2704 858 2825 926 Dei,
2867 859 2922 915 id
2961 868 3047 916 est
3090 860 3184 915 Dei
3227 860 3701 917 incarnationem.

409 953 572 1009 nimis
606 952 714 1007 alta
753 958 917 1020 atque
943 948 1220 1013 sublimia,
1257 963 1369 1004 non
1405 963 1472 1004 ex
1521 948 1727 1007 divinis
1759 946 1988 1018 dogma-
2093 950 2403 1007 Posteriora
2449 960 2636 1007 autem
2673 952 2813 1022 ejus,
2843 954 2973 1023 quia
2998 951 3256 1008 videlicet
3284 952 3342 1006 in
3374 953 3599 1007 ultimis
3626 965 3708 1008 est

409 1045 571 1110 tibus,
601 1042 697 1098 sed
724 1057 787 1099 ex
812 1039 1371 1113 suisoogitationibus
1398 1042 1687 1110 exquirere
1719 1039 1984 1105 volentes,
2096 1043 2435 1114 temporibus
2463 1043 2803 1098 incarnatus.
2840 1041 3053 1098 Faciem
3084 1053 3263 1099 autem
3294 1060 3406 1098 non
3436 1044 3701 1103 videbitis.

353 1184 361 1201 κ
405 1136 852 1193 umoderationts
900 1132 1284 1195 ecclesiasticis
1330 1133 1503 1189 excisi
1552 1141 1683 1187 sunt
1732 1145 1985 1201 corpore.
2092 1136 2189 1199 ait,
2227 1134 2591 1190 substantiam
2639 1133 2899 1189 videlicet
2940 1133 3274 1190 Divinitatis.
3312 1135 3540 1206 Aperte
3582 1151 3705 1208 ergo

407 1228 520 1284 lloc
538 1244 671 1291 ergo
701 1243 771 1283 ne
800 1227 1089 1298 patiamur,
1123 1226 1207 1282 lex
1240 1225 1600 1296 prmsentibus
1631 1239 1732 1282 nos
1756 1238 1989 1295 prtumo-
2092 1226 2347 1284 doctores
2390 1226 2584 1291 vetuit,
2632 1235 2688 1281 et
2739 1226 3053 1281 sacerdotes
3089 1227 3404 1297 prohibuit,
3443 1237 3510 1281 et
3543 1243 3677 1297 quos

405 1330 501 1377 nct
524 1319 707 1375 verbis
734 1337 750 1385 ;
782 1318 858 1372 ait
895 1318 1043 1373 enim
1080 1318 1159 1373 sic
1198 1334 1209 1370 :
2091 1334 2311 1387 cunque
2337 1319 2406 1374 de
2438 1320 2550 1374 Deo
2581 1318 2730 1389 loqui
2763 1320 2845 1375 fas
2870 1329 2975 1384 est,
3005 1321 3294 1390 exquirere
3325 1321 3699 1375 substantiam

474 1413 545 1468 Et
577 1411 999 1483 dixitﬂominus
1037 1412 1107 1467 ad
1134 1410 1343 1482 Moysen
1376 1428 1394 1465 :
1426 1410 1661 1481 Loquere
1705 1411 1777 1464 ad
1810 1410 1988 1465 Aaron
2094 1410 2212 1473 Dei,
2240 1422 2293 1466 et
2319 1411 2594 1466 discutere
2623 1410 2825 1466 Christi
2858 1411 3224 1476 divinitatem,
3263 1421 3321 1465 et
3361 1412 3594 1482 ingredi
3625 1414 3704 1466 in-

397 1510 630 1579 ,fratrem
678 1515 852 1564 tuum.
889 1503 950 1559 ιιι
993 1511 1097 1569 est,
1140 1511 1200 1556 ut
1251 1503 1564 1559 sacerdotes
1608 1502 1710 1557 sibi
1752 1502 1987 1557 invicem
2093 1501 2291 1555 teriura
2324 1501 2612 1561 velaminis
2637 1502 3016 1573 intelligibilis.
3047 1500 3311 1556 Velamen
3346 1502 3512 1556 enim
3546 1500 3705 1557 Chri-

405 1600 522 1655 baec
572 1596 954 1668 praeciperent,
995 1604 1051 1649 et
1100 1594 1475 1664 unusquisque
1525 1594 1809 1649 doctorum
1862 1593 1989 1646 talia
2092 1600 2210 1645 stus
2264 1591 2427 1646 habet
2456 1606 2700 1656 carnem,
2758 1600 3133 1662 tegumentum
3196 1592 3524 1647 divinitatis
3576 1608 3702 1657 suae,

402 1687 658 1759 proximo
687 1684 948 1746 sanciret,
977 1684 1158 1753 qualia
1185 1699 1335 1738 nunc
1362 1682 1504 1738 Deus
1530 1682 1677 1753 loqui
1704 1682 1772 1737 ad
1804 1683 1985 1738 Aaron
2025 1752 2059 1759 __
2092 1682 2552 1751 quemadmodum
2581 1692 2638 1738 et
2670 1685 2773 1742 hoc
2810 1685 2955 1754 quod
2990 1691 3107 1738 erat
3137 1683 3411 1738 sensibile
3444 1684 3704 1738 velamen

402 1752 571 1850 διο)νεὶ
603 1777 879 1849 praecepit,
908 1752 1028 1846 qua:
1061 1785 1187 1830 sunt
1221 1775 1337 1829 haec
1377 1794 1389 1829 :
1606 1752 1613 1753 ί
2022 1752 2063 1804 Β
2098 1783 2472 1844 tegumentum
2525 1772 2742 1831 Sanctis
2790 1752 3107 1830 sanctorum
3155 1775 3279 1830 fuit.
3332 1774 3467 1830 Non
3530 1776 3703 1829 solum

474 1868 594 1924 Non
648 1869 791 1922 omni
848 1878 1077 1936 tempore
1125 1866 1458 1936 ingrediatur
1507 1868 1562 1919 in
1621 1867 1986 1921 sanctum-ium
2091 1879 2274 1920 autem
2314 1866 2586 1931 velamen,
2624 1866 2720 1923 sed
2764 1876 2821 1920 et
2864 1866 3163 1922 testimonii
3208 1882 3428 1931 art-am,
3477 1882 3700 1921 carnem

400 1962 540 2032 quod
575 1969 648 2017 est
682 1960 822 2019 intra
856 1958 1024 2015 velum
1060 1974 1237 2011 coram
1274 1960 1645 2029 propitiatorio
1672 1976 1691 2013 :
1721 1975 1822 2029 quo
1853 1958 1986 2028 tegi-
2092 1957 2304 2011 Dutttitti
2349 1956 2664 2028 appellavit,
2706 1957 2894 2011 multis
2942 1956 3088 2012 illam
3134 1957 3466 2014 necessario
3514 1960 3699 2031 appel-

402 2067 490 2113 tur
528 2070 677 2109 arca.
713 2050 1018 2111 Commune
1066 2050 1323 2107 omnibus
1365 2053 1705 2116 mandatum,
1745 2062 1801 2107 et
1831 2066 1985 2106 com-
2090 2050 2208 2103 laus
2248 2049 2588 2114 nominibus,
2619 2049 2749 2119 quia
2798 2048 2981 2103 multa
3019 2063 3083 2103 ex
3114 2064 3177 2104 ea
3206 2058 3374 2104 erant
3414 2052 3697 2121 operatio-

401 2163 623 2208 tunnetn
673 2146 764 2202 hic
801 2144 1089 2216 proposuit
1121 2144 1315 2216 legem,
1349 2148 1584 2216 primum
1628 2147 1848 2220 quidem
1895 2165 1984 2205 sa-
2089 2157 2224 2205 MS;
2257 2141 2325 2195 de
2379 2141 2482 2195 hac
2509 2142 2653 2197 enim
2688 2139 2856 2195 θεινῖά
2906 2143 2959 2195 in
3005 2139 3236 2197 Psalmis
3279 2143 3695 2212 propbelavit:

399 2239 712 2299 cerdctibus
751 2250 958 2310 aptam,
993 2239 1192 2297 deinde
1235 2240 1385 2294 omni
1420 2243 1514 2310 qui
1551 2240 1668 2295 vult
1707 2241 1903 2298 discuti

2194 2234 2346 2303 urge,
2372 2231 2612 2299 Domine,
2637 2235 2693 2287 in
2721 2234 2949 2302 requiem
2974 2242 3143 2297 tuam,
3165 2244 3223 2286 tu
3249 2242 3299 2289 et
3324 2251 3466 2288 arca
3499 2240 3698 2289 sancti-

398 2335 580 2391 divina
615 2337 894 2408 mysteria.
925 2337 1315 2404 Quamobrem,
1349 2336 1650 2393 secundum
1683 2335 1847 2402 LXX,
1882 2339 1984 2393 im-
2084 2327 2348 2395 [icationis
2383 2336 2487 2380 tua:
2517 2325 2581 2381 ³ο.
2621 2324 2749 2382 Haec
2786 2342 2913 2380 arca
2955 2325 3315 2397 intelligibilis
3358 2327 3695 2391 testimonii,

398 2429 759 2498 personaliter
810 2430 1069 2501 praecepit
1094 2472 1107 2496 ,
1163 2428 1354 2484 dicens
1398 2447 1412 2483 ;
1457 2427 1577 2484 Non
1615 2430 1985 2500 ingrediantur
2087 2427 2275 2488 utpote
2319 2420 2608 2475 continens
2638 2420 3076 2490 compassionem
3113 2419 3424 2475 salutarem
3465 2421 3695 2485 dicitur,

398 2522 543 2580 amni
576 2522 632 2574 in
669 2531 901 2593 tempore
933 2523 988 2575 in
1024 2532 1267 2576 sanctum
1303 2522 1524 2576 interius
1557 2522 1853 2579 velaminis.
1880 2521 1983 2589 Qui
2085 2512 2154 2567 de
2180 2526 2285 2581 qua
2308 2511 2445 2566 dixit
2469 2510 2708 2566 Pallius:
2742 2511 3010 2581 Tetti/560T
3033 2527 3213 2566 coram
3249 2510 3383 2576 οεο,
3409 2521 3464 2565 ει
3489 2512 3698 2567 Christo

400 2629 511 2667 non
537 2612 766 2676 addidit,
801 2629 995 2668 omnes
1021 2612 1314 2683 prohibere
1342 2612 1410 2665 ab
1438 2612 1540 2667 hoc
1565 2612 1855 2668 manifeste
1885 2628 1984 2668 cu-
2083 2605 2229 2666 Jesu,
2269 2606 2361 2675 qui
2413 2606 2774 2659 testimonium
2831 2604 3062 2659 reddidit
3103 2604 3197 2658 sub
3252 2603 3461 2658 Pontia
3520 2604 3696 2658 Ρῑιαιο

399 2705 579 2776 piens,
606 2705 735 2773 quia
777 2705 1029 2760 velamen
1071 2718 1273 2774 corpus
1313 2703 1611 2760 Salvatoris
1640 2703 1982 2777 intelligitur,
2084 2699 2272 2750 bonum
2303 2697 2678 2767 εοηίθεδίωιεηι
2708 2696 2775 2749 ⁸⁸.
2814 2695 3025 2752 Rursus
3053 2704 3109 2751 el
3142 2694 3516 2767 Evangelia!!!
3558 2699 3691 2752 dici-

399 2798 542 2853 sicut
581 2796 782 2854 Paulus
812 2797 1095 2853 evidenter
1135 2797 1255 2852 ait:
1293 2796 1555 2851 Habentes
1597 2806 1777 2851 autem
1821 2794 1983 2865 couﬁ—
2086 2806 2208 2846 mus
2250 2807 2371 2846 esse
2416 2789 2815 2856 testimonium,
2849 2799 2960 2845 tam
2991 2790 3118 2860 quia
3154 2789 3494 2861 intelligibili
3531 2807 3691 2855 aret,

397 2889 633 2947 dentiant
674 2887 730 2943 in
767 2888 988 2943 introitu
1027 2898 1330 2943 sanctorum
1369 2904 1529 2958 quam
1568 2888 1798 2941 initiavit
1834 2888 1982 2941 nobis
2084 2885 2138 2939 id
2186 2893 2273 2938 est
2320 2882 2494 2948 carni,
2530 2881 2734 2937 Christi
2786 2882 3045 2947 cohaeret,
3089 2896 3254 2952 quam
3288 2882 3425 2952 quia
3468 2898 3542 2937 ex
3577 2883 3697 2957 ipsa

397 2980 539 3035 viam
594 2995 805 3043 novam,
849 2989 900 3033 et
945 2979 1199 3034 viventem
1234 2995 1327 3049 per
1369 2979 1626 3043 velamen,
1678 2980 1733 3034 id
1776 2989 1850 3033 est
1888 2997 1981 3047 per
2084 2976 2355 3047 passionis
2391 2974 2767 3029 testimonium
2809 2974 3097 3029 habemus.
3142 2973 3218 3029 De
3263 2974 3388 3044 ipso
3438 2975 3596 3030 enim
3640 2988 3693 3031 et

397 3088 609 3129 carnem
644 3089 798 3127 suam
831 3074 897 3126 ".
930 3071 1050 3142 ipse
1092 3082 1177 3126 est
1220 3072 1364 3126 cnim
1406 3087 1594 3127 verum
1634 3081 1690 3126 et
1723 3071 1978 3143 intelligi-
2008 3098 2050 3153 ο
2086 3070 2286 3125 Paulus
2348 3067 2415 3122 ad
2473 3064 2821 3122 Timotheum
2875 3066 3152 3122 scribebat
3207 3084 3221 3121 :
3302 3068 3689 3121 Testimonium

395 3162 508 3218 bile
537 3160 1000 3232 propitiatorium,
1027 3168 1213 3230 utpote
1245 3159 1337 3230 qui
1385 3160 1499 3229 ipse
1536 3158 1694 3214 nobis
1723 3166 1979 3228 peccalo-
2085 3165 2400 3235 temporibus
2429 3164 2560 3228 suis,
2593 3164 2650 3217 iu
2689 3178 2790 3232 quo
2828 3163 3025 3231 positus
3052 3176 3168 3214 sum
3208 3175 3302 3229 ego
3337 3161 3689 3229 prredieator,

397 3271 518 3311 rum
549 3255 995 3326 propitiationem
1024 3261 1248 3324 praestat
1279 3269 1293 3316 ;
1329 3252 1406 3306 ait
1432 3251 1636 3306 ctenim
1663 3249 1807 3305 idem
1838 3250 1982 3305 Pau-
2081 3270 2129 3312 ει
2162 3258 2426 3327 apostolus
2457 3256 2525 3308 ".
2568 3254 2695 3310 Haec
2755 3269 2879 3309 arca
2916 3268 3046 3325 ergo
3084 3264 3171 3308 est
3212 3252 3685 3323 propitiatur-ium.

395 3354 482 3407 ius
509 3370 522 3406 :
553 3349 743 3407 Omnes
778 3355 1142 3417 peccaverunt.
1179 3356 1228 3399 et
1263 3353 1410 3415 egent
1452 3342 1625 3413 gloria
1669 3341 1787 3407 Dei,
1813 3342 1978 3410 Ῑιιειὶ-
2081 3350 2208 3418 quia
2254 3349 2308 3402 in
2355 3363 2520 3404 carne
2572 3362 2669 3400 sus
2718 3344 2974 3400 Christus
3019 3344 3181 3398 nobis
3227 3343 3686 3413 propitiationem

390 3442 542 3512 ﬁculi
605 3442 775 3511 gratis
829 3455 922 3509 per
968 3438 1203 3509 gratiam
1256 3436 1393 3505 ejus,
1426 3434 1817 3498 liberationem,
1864 3449 1981 3504 qua
2082 3442 2354 3513 ρτωειῑιίι,
2402 3440 2482 3495 Ad
2533 3455 2696 3510 quam
2756 3437 2907 3492 omni
2964 3447 3211 3507 tempore
3264 3451 3377 3491 non
3437 3437 3687 3505 prmi-iliis

395 3544 470 3588 est
499 3534 554 3587 in
582 3530 787 3592 Christo
818 3529 941 3591 Iesu
964 3570 983 3597 ,
1020 3544 1172 3600 quem
1221 3525 1490 3595 proposuit
1533 3523 1670 3578 Deus
1717 3526 1899 3594 propin

2180 3544 2336 3588 rtores
2374 3533 2608 3604 ingredi,
2642 3542 2700 3585 ut
2739 3530 2955 3585 curiose
2993 3529 3184 3599 utique
3220 3543 3331 3582 non
3371 3528 3684 3600 inquirant,

397 3635 560 3678 tarem
589 3637 683 3692 per
717 3621 1027 3691 sanguinem
1057 3618 1221 3688 ipsius
1252 3617 1317 3673 ”.
1345 3613 1502 3685 Quod
1527 3624 1709 3669 autem
1742 3629 1844 3669 nos
1869 3613 1901 3667 h

2176 3624 2542 3679 :madmodttm
2597 3624 2808 3677 verbum
2866 3638 2990 3674 raro
3040 3622 3239 3690 factum
3298 3619 3502 3673 est”:
3546 3634 3680 3689 quo-

394 3715 608 3779 bemus,
645 3711 837 3769 Coram
875 3710 1266 3780 propitiatorio,
1308 3706 1451 3771 LXX
1484 3707 1777 3763 ediderunt
1822 3724 1835 3757 :
1872 3705 1898 3758 ι

2179 3718 2267 3781 do,
2295 3718 2388 3787 qui
2422 3719 2474 3770 in
2507 3716 2682 3770 forma
2717 3714 2811 3767 Dei
2847 3721 2986 3779 erat,
3020 3714 3075 3767 in
3108 3712 3281 3767 forma
3321 3713 3472 3767 servi
3508 3712 3683 3766 factus

395 3824 513 3861 ram
561 3806 697 3877 facie
744 3802 1123 3874 propitiatorii.
1177 3799 1317 3859 Huic
1366 3810 1551 3859 autem
1604 3797 1896 3869 propitiato

2177 3852 2187 3873 ,
2228 3808 2504 3878 quomodo
2544 3804 3273 3874 esinauivit'scmctipsum,
3315 3813 3372 3858 et
3426 3804 3485 3857 in
3531 3803 3681 3858 caelis

394 3896 599 3958 facies,
652 3892 912 3955 divinitas
972 3891 1091 3961 ejus
1152 3889 1271 3946 fuit.
1335 3888 1700 3956 Quaniobrcm
1759 3886 1979 3957 quando
2083 3901 2285 3956 mansit
2318 3901 2383 3953 δι,
2428 3898 2634 3953 "0mm
2670 3898 2818 3953 enim
2862 3897 2997 3952 ﬁdes
3040 3896 3268 3951 salutem
3310 3893 3503 3961 age“,
3533 3895 3681 3965 ρει-ί-

394 3987 605 4059 Moyses
632 3985 818 4043 videre
848 3983 1017 4040 Deum
1047 3984 1367 4040 desiderans
1396 3981 1610 4045 dicebat
1652 3998 1665 4034 :
1701 3978 1760 4034 Si
1806 3980 1979 4036 inveni
2082 3993 2263 4048 ουιυιη
2298 3990 2600 4061 inquisitio.
2635 3988 2749 4043 Hoc
2789 4003 2918 4060 ergo
2958 3986 3053 4057 qui
3093 3986 3289 4051 credit,
3327 4000 3446 4038 non
3482 3984 3680 4039 ,ποι-ξε,

394 4082 624 4152 gratiam
666 4080 721 4133 in
752 4087 1025 4147 conspectu
1073 4086 1182 4139 tuo,
1214 4076 1426 4130 ostende
1486 4073 1613 4129 mihi
1649 4073 1871 4142 teipsum

2177 4125 2192 4139 .
2224 4086 2360 4152 Quia
2392 4086 2447 4139 in
2478 4084 2631 4146 nube,
2677 4080 2875 4151 inquit,
2908 4079 3171 4150 apparebo
3211 4093 3369 4147 super
3401 4077 3678 4130 oraculum

395 4172 464 4226 Et
492 4166 952 4240 responditzNon
978 4167 1172 4238 poteris
1191 4167 1368 4220 videre
1390 4165 1582 4233 faciem
1608 4179 1805 4228 meum;
1828 4177 1979 4223 nemo
2080 4182 2188 4237 δίυε
2246 4162 2714 4248 ’,τορειίαιοήαηη
2796 4173 2998 4229 nume
3074 4185 3265 4225 rursus
3334 4167 3679 4225 ﬂaminicam

393 4265 662 4329 hominum
683 4263 813 4317 vidit
836 4262 1026 4333 faciem
1050 4268 1289 4313 meamet
1315 4259 1435 4312 vivit
1460 4260 1505 4290 "
1532 4282 1543 4313 ;
1570 4259 1699 4327 quia
1729 4258 1897 4319 subst:

2171 4286 2302 4325 nem
2349 4279 2406 4326 et
2453 4268 2822 4339 evangelicum
2877 4263 3115 4336 appellat
3164 4260 3432 4316 Verbum.
3478 4260 3675 4315 Eadem

396 4359 524 4410 ιῖτιιη
570 4354 665 4409 Dei
710 4366 875 4416 nemo
924 4350 1392 4421 comprehendere
1434 4360 1631 4419 Ροῑοει,
1674 4352 1778 4406 hoc
1819 4350 1975 4407 dixit.
2081 4361 2230 4416 enim
2265 4359 2449 4414 multis
2485 4367 2643 4418 vocat
2684 4355 3026 4420 nominibus,
3062 4367 3165 4407 nec
3205 4361 3290 4407 est
3327 4352 3674 4420 ταυτοὶοτέα..

393 4449 534 4521 Quid
568 4458 751 4504 autem
788 4447 909 4516 ejus
938 4443 1111 4514 possit
1142 4442 1337 4507 videri,
1369 4442 1485 4513 ipse
1516 4453 1704 4512 aperte
1733 4443 1978 4500 subdidit
2012 4437 2054 4491 ῐ)
2084 4451 2180 4506 sed
2222 4449 2634 4520 operationibus
2686 4462 2869 4501 rerum
2919 4460 3042 4516 quae
3097 4441 3507 4515 signiﬁcantur,
3559 4456 3676 4511 apta

391 4542 582 4600 dicens
617 4558 629 4594 :
663 4538 795 4602 Ecce
836 4548 912 4599 est
959 4538 1102 4599 locus
1148 4537 1290 4606 apud
1331 4553 1432 4600 me,
1478 4537 1642 4597 stabis
1684 4554 1844 4607 super
1884 4555 1978 4608 ρει-ρ
2087 4539 2318 4612 imponit
2347 4547 2402 4594 et
2428 4537 2709 4594 distribuit
2750 4534 2994 4591 nomina.
3037 4532 3346 4603 Aliquando
3386 4532 3541 4586 enim
3586 4546 3674 4585 ve-

394 4647 536 4688 tram
564 4634 631 4699 ",
664 4630 721 4689 id
759 4639 843 4691 est
877 4630 1194 4695 Ecclesium,
1232 4640 1287 4685 et
1319 4629 1721 4689 confessionem
1760 4649 1884 4703 quae
1920 4633 1977 4687 in
2085 4636 2263 4690 lamen
2297 4648 2516 4699 carnem
2550 4632 2700 4697 dicit,
2734 4640 3110 4703 tegumentum
3141 4630 3285 4684 hanc
3315 4644 3440 4684 esse
3477 4628 3673 4683 divini-

392 4742 459 4782 co
486 4735 590 4792 est,
626 4739 750 4780 cum
802 4723 909 4783 fide
959 4723 1149 4779 dicens
1191 4742 1201 4775 :
1237 4722 1468 4794 Cumque
1514 4723 1760 4779 transibit
1804 4726 1976 4796 gloria
2088 4730 2215 4787 tatis
2251 4726 2454 4783 Christi
2514 4723 2814 4795 signiﬁcat;
2872 4723 3165 4797 aliquando
3225 4731 3410 4776 autem
3473 4734 3672 4775 arcam.

392 4836 532 4882 mea.
567 4816 880 4889 Signiﬁcant»
908 4816 1112 4872 ChriSli
1155 4816 1223 4870 ad
1270 4816 1522 4875 homines
1558 4816 1847 4877 transitum
1880 4834 1892 4869 :
1926 4826 1977 4869 et
2085 4820 2363 4883 hominem
2402 4818 2657 4882 videlicet
2706 4833 2871 4887 quem
2921 4818 3035 4887 ipse
3087 4812 3354 4869 Dominus
3391 4826 3674 4882 exponens

390 4926 584 4979 ponam
618 4919 667 4963 te
698 4910 753 4970 in
785 4910 1027 4980 foramen
1062 4920 1224 4978 petra;
1254 4911 1319 4974 ’⁷,
1352 4909 1405 4973 id
1439 4918 1543 4974 est,
1580 4911 1634 4966 in
1667 4909 1805 4980 iege,
1837 4910 1978 4981 sicut
2080 4912 2285 4968 JUdiBiS
2344 4912 2479 4967 dixit
2528 4930 2541 4966 :
2592 4908 2788 4964 Solvite
2845 4909 3098 4980 templum
3149 4908 3265 4968 hoc,
3316 4916 3367 4960 et
3413 4905 3470 4959 in
3515 4905 3676 4957 tribas

392 5016 492 5071 per
521 5000 768 5057 foramen
796 5008 1112 5070 angustum,
1145 4998 1211 5053 ad
1256 5000 1656 5060 confessionem
1687 5000 1893 5057 Christi
1923 5006 1979 5056 et
2082 5007 2263 5059 diebus
2309 5006 2544 5067 excitabo
2564 5002 2697 5058 illud
2727 5002 2797 5056 ³³.
2837 5000 3017 5068 Quod,
3050 5000 3253 5057 Judtcis
3276 4996 3674 5068 ignorantibus,

393 5091 579 5159 “dum
609 5107 710 5163 Ρθν
739 5107 863 5155 eam
896 5089 1219 5151 transimus,
1260 5092 1405 5148 unde
1434 5099 1490 5147 et
1517 5092 1844 5162 paedagogus
1877 5106 1980 5155 tto"
2081 5107 2135 5161 et
2170 5096 2483 5151 dicentibus
2517 5114 2531 5150 :
2567 5094 2937 5165 Quadraginta
2969 5101 3018 5145 et
3046 5108 3137 5145 sea:
3166 5091 3318 5145 anuis
3354 5087 3675 5156 adiﬁcamm

394 5194 509 5239 stet
537 5185 606 5239 ad
638 5184 943 5249 Christum.
987 5180 1071 5237 lex
1111 5196 1231 5236 esse
1275 5197 1373 5252 per
1421 5178 1646 5244 Paulum
1684 5183 1884 5242 dicitur
1911 5183 1978 5238 ".
2082 5202 2156 5243 est
2195 5188 2445 5259 templum
2487 5189 2603 5251 hoc,
2636 5196 2684 5251 et
2714 5197 2769 5240 tu
2817 5187 2871 5246 in
2905 5185 3071 5238 tribus
3108 5184 3288 5237 diebus
3327 5182 3585 5236 excitabis
3614 5182 3676 5234 ξι.

395 5274 461 5335 Et
496 5291 690 5344 ponam
730 5290 887 5344 super
925 5284 976 5335 te
1008 5288 1222 5335 manum
1265 5288 1458 5339 meam,
1494 5271 1663 5344 signis
1702 5272 1975 5339 videlicet,
2087 5283 2177 5339 ιιιίι
2209 5281 2290 5334 ³⁶⁶ἒ
2332 5279 2672 5351 [ci-angelum
2710 5278 3043 5347 explanavit,
3077 5275 3266 5331 dicens
3304 5292 3317 5328 :
3356 5274 3459 5329 Ille
3500 5285 3670 5327 autem

395 5365 674 5425 miraculis
711 5382 833 5437 quae
882 5381 1006 5420 cum
1051 5364 1132 5421 eis
1181 5363 1432 5428 iaciebat,
1471 5365 1636 5425 donec
1683 5373 1976 5430 transeant.
2086 5370 2288 5426 dicebat
2326 5369 2390 5423 de
2428 5368 2621 5437 templo
2659 5384 2752 5421 suo
2789 5368 2854 5421 "’.
2903 5366 3212 5441 Aliquando
3260 5378 3393 5418 vero
3442 5364 3664 5419 nubem.

396 5459 681 5533 taliumque
704 5475 921 5517 utanum
946 5473 1139 5521 meum,
1163 5466 1210 5510 et
1234 5456 1425 5518 ridebis
1450 5458 1736 5527 posteriora
1767 5477 1882 5515 mea
1911 5462 1979 5520 '9.
2086 5461 2212 5529 quia
2245 5461 2417 5515 nubes
2447 5477 2647 5530 corpus
2678 5468 2783 5523 est,
2823 5459 2917 5513 scd
2961 5458 3223 5513 mundum
3264 5465 3319 5511 et
3364 5455 3667 5510 subsisten-

511 5619 554 5651 "
580 5618 725 5672 iiehr
781 5617 949 5682 x,19,
973 5617 1065 5671 20.
1177 5616 1222 5649 “
1248 5616 1405 5684 lipm.
1439 5634 1519 5681 ιιι,
1550 5619 1639 5681 ‘27»,
1670 5619 1760 5674 ‘21.
1875 5620 1919 5651 ³³
1941 5620 2015 5684 lix

2157 5635 2325 5681 ⁵χιιιιι,
2352 5619 2440 5671 15.
2550 5620 2596 5651 ³⁵
2624 5618 2776 5680 ιιιῑιι.,
2804 5618 2893 5672 ‘20.
3006 5617 3049 5647 "
3078 5616 3213 5671 ibid.
3240 5657 3254 5675 .
3280 5617 3375 5670 ει.
3469 5619 3513 5648 ³⁷
3538 5615 3661 5669 ibid.

396 5688 489 5745 92.
600 5689 644 5719 ’⁸
669 5677 844 5744 ϐαιειιζ
871 5677 953 5746 ut,
1004 5685 1093 5740 Ἦ.
1205 5688 1251 5719 ²⁹
1289 5677 1459 5741 Exod.
1495 5677 1683 5746 imi.
1725 5690 1813 5743 9.5.

2176 5677 2354 5750 (xxvi,
2389 5690 2443 5741 8.
2555 5689 2593 5719 ³³
2627 5689 2642 5741 I
2672 5677 2811 5742 'l'int.
2841 5703 2915 5754 ιι,
2952 5687 3033 5749 15,
3147 5685 3240 5740 ³³1
3272 5685 3415 5743 Tim.
3455 5703 3518 5755 tt,
3559 5684 3664 5742 ιιῖ.

402 5760 452 5803 tt
473 5756 629 5821 toan.
657 5774 694 5823 ι,
727 5755 791 5812 Η
909 5757 954 5789 ³⁸
984 5755 1219 5838 Philipp.
1246 5773 1305 5823 It,
1341 5758 1392 5826 6,
1421 5758 1472 5813 7.
1586 5762 1627 5789 ³⁵
1651 5762 1804 5816 Juau.
1829 5776 1887 5827 ll,

1341 5758 1392 5826 6,
1421 5758 1472 5813 7.
1586 5762 1887 5827 3“innuit,
1927 5759 2014 5824 ιιι,
2127 5758 2172 5789 ³⁸
2218 5757 2487 5833 ιιιίιιηὲο.
2627 5760 2647 5791 "
2678 5757 2815 5813 ibid.
