3810 6318
122 296 257 362 935
1333 283 1415 344 IN
1445 284 1881 347 LEVITICUM.
1912 314 1980 326 --
2008 289 2154 350 LIB.
2185 290 2254 350 ν.
3323 291 3426 353 986

117 402 285 456 tiam
306 410 382 454 ex
405 394 609 469 Spiritu
631 401 820 453 sancto
837 395 1159 454 habentem:
1186 410 1251 452 ex
1273 396 1550 467 spiritibus
1570 397 1741 461 enim,
1773 404 1816 458 Α
1845 399 2120 467 quomodo
2150 399 2302 468 jubet
2356 399 2432 453 uti
2475 398 2692 468 quando
2736 398 3103 470 nosmetipsos
3131 399 3425 470 ρει-Γοναῖς

116 491 188 547 id
243 499 344 547 est
386 489 564 546 ventis
603 489 782 544 nubes
822 489 1147 544 subsistunt.
1186 489 1410 559 Propter
1440 489 1584 558 quod
1622 490 1742 557 eius
1845 503 1969 542 mus
2006 490 2122 544 sive
2164 491 2750 557 consummaverimus,
2785 506 2935 545 nunc
2973 490 3215 553 tradidit,
3250 490 3303 544 id
3344 496 3427 545 est

120 582 462 637 subtilitate
487 580 649 636 simul
678 589 734 636 et
762 580 987 635 levitate
1011 580 1332 635 munditiam
1361 580 1533 635 Isaias
1553 588 1742 633 osten-
1843 595 1955 634 non
1986 580 2321 651 ingrediatur
2356 581 2538 636 Aaron
2577 582 2629 637 in
2671 592 2879 645 sancta.
2915 581 3022 636 nisi
3060 581 3178 636 haec
3210 581 3421 636 fecerit.

117 674 284 729 dens
303 672 520 727 dicebat
543 692 556 727 :
582 671 715 726 Ecce
743 671 1000 726 Dominus
1027 672 1262 727 ascendit
1282 688 1438 740 super
1459 671 1643 724 nubem
1662 670 1741 723 ιε.
1843 669 1946 725 Hic
1988 672 2249 733 ostendit,
2282 671 2410 741 quia
2443 687 2553 724 non
2597 673 2772 727 solum
2806 687 2914 726 non
2958 671 3291 740 frequenter,
3327 670 3421 725 sed

116 782 280 829 nem,
310 773 361 818 et
397 765 721 836 ingredietur
756 763 1065 834 Egyptian,
1098 772 1146 818 et
1176 763 1632 817 commovebuntur
1666 762 1741 816 si-
1841 776 1946 815 nec
1986 761 2212 815 omnino
2260 776 2370 816 non
2413 761 2624 832 ingredi
2666 763 2721 817 in
2770 761 3144 816 sublimiorem
3184 761 3419 815 divinam

125 856 398 911 mulacra
443 855 661 928 Egypti
685 858 749 924 ⁸⁸,
781 857 928 912 nube
985 856 1235 911 similiter
1270 871 1382 911 non
1440 856 1738 927 incongrue
1840 855 2361 923 contemplationem
2391 855 2670 925 praecepit,
2703 871 2864 925 quam
2891 865 2947 909 et
2968 856 3265 924 appellavit
3295 870 3415 908 san-

118 946 524 1019 evangelicum
545 947 879 1017 appellamus
896 945 1143 1011 verbum,
1163 947 1289 1017 quia
1307 961 1425 1001 mos
1440 955 1524 1002 est
1537 946 1735 1001 divinae

124 1039 455 1108 Scripturae
480 1038 655 1092 sancti
686 1036 922 1107 Spiritus
959 1034 1285 1102 doctrinam,
1316 1037 1518 1091 nubem
1549 1036 1735 1107 appel-

16 1158 25 1166 ~
122 1130 278 1185 lare.
326 1130 487 1185 Unde
533 1138 588 1185 et
639 1129 855 1185 vineam
893 1129 1208 1185 Iudaeorum
1249 1130 1391 1184 sicut
1429 1129 1735 1184 infructuo-

123 1236 288 1285 sam,
317 1220 578 1274 auferens
605 1220 820 1275 dicehat
851 1238 864 1275 :
895 1220 1157 1275 Mandabo
1188 1221 1429 1282 nubibus,
1458 1238 1522 1274 ne
1547 1221 1733 1291 pluant

124 1327 310 1379 super
340 1327 459 1364 eam
491 1311 708 1365 imbrem
738 1312 804 1366 ³⁸.
835 1312 1043 1367 Deinde
1071 1328 1193 1382 qua:
1230 1314 1300 1368 sit
1339 1313 1521 1378 vinea,
1562 1328 1731 1383 espo-

126 1416 290 1455 nens
320 1400 505 1456 subdit
538 1418 552 1455 :
587 1401 745 1456 Vinea
772 1403 911 1456 enim
936 1401 1191 1469 Sabaoth,
1219 1404 1403 1458 domus
1435 1404 1605 1458 Israel
1631 1414 1728 1470 est,

123 1502 182 1547 et
214 1493 412 1547 domus
454 1493 618 1557 Juda,
655 1494 914 1549 novellum
961 1496 1210 1549 delictum
1240 1495 1306 1549 δ’.
1349 1495 1409 1550 in
1458 1497 1561 1551 hac
1601 1511 1731 1566 ergo

125 1583 311 1649 nube,
347 1582 494 1638 Deus
538 1593 647 1637 tam
677 1583 733 1638 in
760 1584 1039 1640 Dominica
1072 1601 1256 1652 carne,
1284 1601 1444 1654 quam
1478 1587 1531 1640 in
1562 1602 1730 1641 evan-

125 1674 319 1744 gelica
375 1673 765 1744 praedicatione
822 1676 1149 1743 insinuatur,
1200 1686 1254 1733 et
1301 1678 1440 1733 nihil
1494 1678 1727 1748 amplius

1838 944 2133 1005 ctuarium,
2163 953 2349 1014 utpote
2376 961 2498 1014 qua:
2528 945 2596 999 de
2627 946 2737 1000 Deo
2767 954 2871 1010 est,
2901 946 2994 1015 qui
3027 948 3258 1000 Sanctus
3287 962 3414 999 san-

1836 1043 2049 1088 ctorum
2079 1042 2180 1097 est,
2216 1044 2272 1089 et
2302 1051 2427 1089 eum
2466 1036 2558 1105 qui
2604 1036 2746 1090 bene
2775 1052 2838 1090 ca
2874 1038 3065 1101 mitur,
3096 1036 3415 1096 sanctiﬁcat.

1836 1127 1932 1181 sed
1979 1127 2072 1196 qui
2118 1128 2306 1196 utique
2343 1131 2525 1181 Aaron
2574 1136 2678 1192 est,
2709 1128 2762 1182 id
2797 1137 2898 1191 est,
2930 1129 3093 1182 altam
3127 1143 3415 1182 conserva-

1836 1219 2040 1273 tionem
2094 1219 2323 1282 hahens.
2357 1227 2415 1273 et
2467 1219 2559 1287 qui
2609 1219 2666 1272 in
2714 1228 2926 1273 tantum
2976 1229 3268 1289 provectus
3311 1228 3414 1285 est,

1833 1309 2139 1364 ascendens
2169 1310 2238 1364 ad
2278 1310 2373 1364 Dei
2420 1309 2930 1373 sanctiﬁcationem,
2965 1319 3026 1363 ut
3060 1310 3199 1363 sicut
3230 1308 3412 1362 divina

1832 1415 1959 1454 arca
2002 1400 2336 1469 respondere
2370 1401 2563 1470 possit,
2596 1401 2699 1454 hoc
2739 1401 2883 1454 enim
2924 1401 3102 1453 Aaron
3142 1399 3413 1465 interpre-

1835 1503 1996 1557 tatur,
2027 1493 2118 1547 hic
2153 1493 2490 1563 irgrediens,
2522 1493 2751 1546 vitulum
2787 1493 2979 1545 olTeret
3026 1506 3123 1560 pro
3166 1500 3412 1559 peccato,

1832 1586 2087 1640 videlicet
2132 1586 2187 1639 in
2236 1585 2505 1640 sacriﬁcio
2554 1585 2855 1654 ingreditur
2884 1583 3108 1639 Christi.
3143 1583 3245 1648 Qui
3285 1582 3412 1651 quia

1831 1694 1942 1733 non
1972 1678 2148 1732 solum
2194 1693 2293 1748 pro
2332 1678 2572 1748 peccatis
2601 1678 2804 1732 nostris
2837 1677 3146 1731 immolatus
3177 1683 3281 1739 est,
3314 1673 3412 1729 sed

125 1779 455 1833 quaeramus
479 1780 582 1819 nos
606 1764 698 1835 qui
722 1765 927 1836 aliquid
953 1768 1021 1822 de
1047 1768 1159 1824 Deo
1184 1769 1415 1824 scrutari
1446 1769 1719 1834 volumus,
1762 1749 1800 1802 Β
1828 1780 1885 1826 et
1916 1772 2082 1826 vitam
2123 1770 2282 1824 nobis
2313 1776 2534 1839 praestat
2569 1770 2891 1839 perlectam,
2927 1777 3110 1823 tamen
3154 1774 3411 1838 peccato-

127 1854 234 1907 sed
262 1863 532 1923 quantum
554 1854 715 1909 nobis
740 1857 1086 1927 evangelicus
1108 1872 1289 1913 sermo
1311 1860 1495 1923 tradit,
1518 1867 1721 1929 quanta

124 1959 199 1999 ex
231 1943 516 2000 Dominiea
542 1961 708 2000 carne
733 1947 1065 2018 percipimus
1094 1968 1108 2004 :
1134 1966 1313 2021 neque
1341 1952 1487 2005 enim
1520 1951 1723 2006 frustra

126 2050 249 2089 uno
279 2035 505 2090 nomine
532 2050 753 2091 carnem
784 2037 1019 2105 Domini,
1043 2047 1099 2094 et
1125 2039 1476 2112 Evangelium
1506 2040 1723 2111 legisla-

130 2135 224 2180 tor
255 2126 605 2197 signiﬁcavit,
637 2128 733 2183 sed
779 2130 908 2199 quia
957 2130 1270 2203 Evangelio,
1301 2141 1358 2187 et
1402 2148 1565 2189 carne
1612 2134 1721 2188 Do-

131 2216 367 2282 minica,
392 2218 607 2271 occasio
630 2225 793 2288 atque
816 2220 1172 2276 subsistentia
1201 2234 1306 2277 est.
1331 2221 1716 2279 Verumtamen

125 2316 186 2362 et
219 2306 311 2360 illa
350 2321 499 2361 nunc
526 2308 742 2363 iteratio
770 2309 1079 2376 conﬁrmat,
1113 2311 1239 2380 quia
1268 2328 1379 2366 non
1409 2313 1583 2368 solum
1614 2314 1720 2369 hoc

128 2400 320 2468 ipsum
352 2399 730 2457 diﬁ'erentibus
757 2402 1074 2459 nominibus
1101 2404 1288 2459 divina
1315 2405 1539 2461 nomina
1572 2407 1718 2461 Scri-

127 2500 300 2561 ptura
340 2497 400 2544 ut
432 2490 748 2546 diﬁ‘erentes
782 2492 1132 2562 Operationes
1161 2493 1360 2564 signet,
1402 2496 1494 2550 sed
1529 2496 1582 2549 in
1613 2512 1716 2551 no-

127 2583 377 2638 minibus
397 2582 758 2638 diﬁ'erentiam
775 2586 1035 2649 ostendit,
1060 2586 1382 2658 plerumque
1408 2588 1573 2643 etiam
1591 2603 1718 2643 eon-

128 2676 360 2731 trariam
389 2695 402 2730 :
435 2692 559 2730 nam
604 2676 896 2747 aliquando
936 2679 1158 2748 quidem
1193 2680 1419 2749 sagittas
1442 2680 1631 2744 malas,
1660 2689 1717 2736 et

126 2766 338 2836 igneas,
357 2765 476 2821 illas
493 2781 614 2836 quae
636 2776 763 2823 sunt
779 2769 1365 2840 concupiscentiarum,
1380 2781 1473 2825 aut
1489 2772 1714 2827 alterius

126 2855 388 2924 nequitiae
419 2871 645 2927 organa,
668 2867 722 2913 et
743 2862 1091 2929 operationes
1121 2870 1279 2916 vocat
1300 2862 1411 2933 igni
1439 2840 1713 2918 diabolum

125 2946 458 3011 assimilans,
476 2947 604 3017 quia
618 2950 919 3018 corrumpit
932 2965 1029 3005 eos
1042 2951 1196 3021 quiei
1211 2968 1270 3006 se
1286 2953 1646 3025 coniungunt,
1659 2963 1715 3009 et

1825 1880 1943 1919 rum
1977 1863 2139 1919 nobis
2168 1862 2593 1926 absolutionem,
2620 1877 2783 1932 quam
2823 1862 3085 1916 virtutum
3119 1858 3413 1929 perfectio-

1823 1968 1949 2006 nem
1997 1953 2088 2009 Dei
2137 1951 2468 2007 sacriﬁcium
2500 1950 2797 2020 conquirit,
2832 1960 2889 2005 et
2920 1948 3167 2021 apponit,
3203 1946 3410 2002 addidit

1821 2044 2118 2114 legislator.

1895 2137 1961 2190 Et
2014 2138 2233 2190 arietem
2287 2136 2341 2189 in
2382 2134 2762 2189 holocaustum.
2809 2133 2953 2188 LXX
2999 2141 3178 2187 autem
3222 2133 3407 2188 edide-

1820 2238 1969 2291 runt.
2002 2230 2065 2283 de
2091 2228 2272 2283 vitulo.
2306 2229 2382 2282 Ex
2412 2228 2589 2282 bobus
2621 2226 2727 2279 illis
2752 2226 3132 2295 operatoribus
3157 2224 3403 2295 justitim,

1819 2321 2121 2378 secundum
2170 2335 2391 2376 carnem
2439 2320 2620 2374 factus
2669 2326 2773 2381 est,
2810 2318 2959 2371 verbi
2995 2318 3186 2385 gratia,
3229 2317 3404 2371 Abra-

1818 2415 1965 2479 ham,
2007 2414 2176 2477 Isaac,
2209 2411 2398 2476 Iacob,
2433 2411 2602 2466 David
2637 2430 2653 2473 ;
2684 2426 2809 2464 nam
2848 2410 3018 2464 boves
3061 2410 3282 2473 lex,cos
3312 2408 3404 2477 qui

1813 2508 2084 2577 justitiam
2125 2514 2407 2577 operatur,
2439 2504 2594 2558 novit
2625 2503 2765 2557 sicut
2799 2502 2958 2556 nobis
2992 2502 3190 2556 Paulus
3234 2501 3404 2554 tradi-

1818 2600 1915 2663 dit,
1952 2599 2084 2654 illud
2129 2598 2499 2668 interpretans
2527 2596 2844 2650 mandatum
2883 2614 2895 2649 :
2933 2594 3050 2648 Non
3077 2595 3321 2663 alligabis
3347 2610 3404 2647 os

1816 2688 1931 2745 bovi
1962 2688 2235 2741 trituranti
2267 2688 2307 2717 "
2336 2703 2350 2752 ;
2386 2686 2584 2739 deinde
2625 2684 2858 2750 subjecit
2894 2700 2909 2736 :
2941 2682 3194 2752 Nunquid
3220 2683 3280 2735 de
3309 2682 3404 2735 bo-

1816 2782 1909 2837 bus
1936 2798 2063 2835 cura
2096 2790 2174 2835 est
2213 2779 2323 2833 Deo
2355 2778 2436 2831 "‘3
2476 2793 2544 2831 an
2598 2788 2821 2846 propter
2863 2790 2964 2830 nos
3009 2775 3191 2844 utique
3223 2774 3352 2828 dicit
3385 2791 3398 2827 :

1817 2872 1952 2939 Quia
1984 2873 2132 2928 debet
2172 2873 2228 2924 in
2268 2887 2358 2938 spe
2393 2871 2483 2940 qui
2510 2878 2593 2922 rat
2624 2886 2840 2933 aarare,
2871 2878 2917 2922 et
2955 2868 3045 2938 qui
3078 2868 3315 2929 triturat,
3346 2866 3402 2920 in

1816 2982 1905 3035 spe
1940 2966 2139 3033 [ructus
2194 2962 2516 3032 percipiendi
2543 2960 2624 3013 ιη
2674 2959 2810 3026 Quia
2855 2968 3036 3013 autem
3073 2966 3126 3012 et
3176 2957 3397 3023 vitulus,

126 3038 185 3093 in
213 3054 278 3142 είξ
305 3053 364 3141 ὃς
390 3038 794 3108 (ιιιοὼιωωοάο
825 3042 1070 3097 ωίῑῑιιηῐο
1109 3043 1416 3113 Aliquando
1441 3053 1624 3099 allle
1656 3046 1710 3099 in
1742 3090 1784 3147 ο
1819 3064 1966 3110 recte
2014 3062 2239 3125 propter
2285 3052 2638 3115 sacriﬁcium,
2671 3060 2725 3106 et
2761 3052 3019 3107 virtutem
3069 3049 3396 3119 appellatur,

125 3130 309 3199 specie
336 3130 495 3201 ignis,
528 3139 637 3186 tam
666 3131 818 3197 alibi,
836 3148 1001 3204 quam
1026 3135 1081 3188 in
1105 3135 1243 3191 rubo
1258 3136 1428 3191 Deum
1451 3136 1712 3202 insinuat,

123 3223 252 3292 quia
286 3222 373 3277 lux
396 3232 478 3278 est
498 3239 688 3278 eorum
710 3225 802 3294 qui
841 3225 911 3280 ad
942 3241 1067 3281 eum
1088 3242 1185 3297 per
1214 3228 1424 3299 singula
1448 3229 1715 3285 accedunt

126 3323 390 3385 tempora,
420 3316 678 3386 calorque
723 3317 911 3373 vitalis
940 3329 1105 3389 atque
1136 3321 1401 3391 purgatio.
1435 3319 1553 3377 Non
1584 3338 1714 3394 ergo

123 3404 357 3461 aestimes
403 3402 677 3475 superﬂua
710 3405 825 3461 sive
871 3421 1013 3461 nova
1066 3408 1248 3463 induci
1281 3424 1381 3479 per
1412 3411 1710 3479 expositio-

124 3510 271 3559 nem,
312 3496 532 3564 quando
587 3496 795 3551 eisdem
846 3498 1163 3554 nominibus
1213 3500 1269 3556 in
1327 3500 1711 3557 diﬁ'erentihus

126 3586 295 3639 utitur
345 3586 549 3652 causis,
604 3597 700 3641 aut
746 3589 971 3643 nomina
1027 3590 1335 3646 diderentia
1394 3592 1449 3647 in
1499 3594 1706 3650 eisdem

124 3678 322 3747 accipit
347 3679 531 3733 rebus.
562 3679 669 3736 Sed
694 3680 828 3736 illud
860 3681 1085 3737 intende
1112 3693 1321 3739 tantum
1349 3687 1394 3739 si
1430 3702 1541 3741 non
1577 3704 1707 3757 pro.

124 3769 262 3841 prie,
311 3779 367 3824 et
416 3772 715 3827 secundum
767 3782 1006 3843 tempus,
1059 3775 1487 3846 signiﬁcationes
1528 3781 1707 3835 nomio

122 3878 251 3916 num
309 3862 363 3916 in
421 3863 801 3933 adjacentihus
837 3867 1167 3936 expositioni
1219 3869 1384 3925 rebus
1431 3871 1705 3942 interpres

122 3951 349 4021 accepit.
385 3949 493 4007 Sed
519 3952 632 4022 jam
661 3969 782 4024 qua:
814 3964 1118 4025 sequuntur
1144 3957 1448 4014 videamus.
1480 3960 1588 4016 Sed
1626 3963 1706 4018 sic

125 4044 460 4112 ingrediatur
492 4046 675 4101 Aaron
709 4050 1103 4103 sanctuarium.

190 4133 354 4190 Vens.
390 4136 446 4199 5,
493 4135 547 4189 4.
596 4153 615 4188 ι
655 4137 897 4193 Vitulum
950 4139 1146 4195 oﬂ'eret
1199 4157 1299 4211 pro
1349 4150 1597 4212 peccato,
1647 4152 1702 4199 et

124 4223 343 4278 arietem
382 4224 441 4278 in
476 4224 877 4284 holocaustum.
906 4229 1112 4285 Tunica
1149 4230 1291 4286 linea
1327 4232 1612 4301 vestietur,
1645 4242 1702 4289 et

126 4316 469 4373 feminalibus
521 4317 682 4375 lineis
729 4323 1035 4379 verecunda
1094 4324 1314 4379 celabit.
1367 4326 1700 4398 Accingetur

1816 3147 2130 3219 evangelica
2158 3146 2417 3216 explanat
2446 3145 2700 3215 parabola
2723 3145 2789 3207 “,
2822 3144 2875 3197 in
2901 3160 3004 3213 qua
3036 3143 3263 3213 prodigo
3291 3140 3399 3194 ﬁlio

1815 3243 1970 3303 pater
2009 3231 2329 3295 revertenti,
2363 3230 2595 3300 primam
2644 3230 2836 3283 stolam
2878 3228 3014 3282 dans
3058 3227 3399 3296 baptismatis

1814 3332 1869 3379 et
1903 3324 2188 3389 annulum,
2230 3324 2283 3378 id
2315 3331 2400 3376 est
2431 3321 2768 3392 signaculum
2802 3320 3046 3389 spiritus,
3081 3318 3309 3372 vitulum
3346 3316 3396 3370 ei

1814 3414 2142 3470 sacriﬁcium
2206 3412 2467 3483 unigeniti
2516 3411 2834 3475 immolavit,
2885 3411 3001 3479 ipse
3056 3418 3111 3463 et
3152 3410 3296 3463 aries
3341 3410 3397 3462 in

1814 3503 2194 3558 holocaustum
2246 3509 2348 3556 est.
2406 3499 2519 3554 lloc
2562 3501 2710 3554 enim
2756 3515 2821 3553 ea
2864 3515 2983 3568 qua:
3025 3507 3109 3552 est
3147 3499 3213 3552 de
3248 3495 3396 3552 Isaac

1813 3599 2038 3655 historia
2073 3598 2406 3668 explanavit,
2429 3597 2649 3666 quando
2683 3611 2784 3666 pro
2827 3596 3052 3649 arietem
3089 3593 3392 3649 secundum

1810 3690 1974 3755 LXX,
2016 3691 2072 3744 in
2103 3688 2331 3759 virgulto
2376 3688 2593 3752 Sabeclt,
2619 3688 2679 3741 id
2719 3697 2802 3741 est
2842 3687 2894 3740 in
2930 3686 3165 3756 virgulto
3193 3684 3391 3748 venite.

1809 3795 1908 3850 per
1936 3779 2081 3849 quod
2113 3777 2362 3833 absolute
2391 3794 2609 3832 crucem
2650 3776 3030 3846 intelligimus,
3068 3776 3122 3829 in
3154 3792 3257 3845 qua
3288 3790 3392 3828 no-

1807 3880 2048 3928 strorum
2080 3880 2432 3941 peccatorum
2465 3877 2683 3940 peracta
2717 3877 2800 3922 est
2826 3867 3007 3933 venia,
3036 3884 3101 3921 ex
3131 3868 3391 3922 cornibus

1807 3965 2121 4034 colligatum
2168 3963 2361 4019 videns
2390 3962 2663 4017 Abraham
2700 3961 3002 4015 immolavit
3033 3976 3181 4025 eum,
3211 3968 3267 4013 et
3300 3974 3389 4013 sa-

1804 4054 1995 4111 criﬁcii
2023 4054 2227 4110 Christi
2270 4053 2566 4130 complevit
2612 4054 2924 4125 imaginem.
2958 4052 3113 4108 Unde
3144 4061 3199 4105 et
3226 4052 3294 4106 de
3323 4066 3390 4105 eo

1806 4147 2067 4204 Dominus
2104 4147 2365 4202 dicebat:
2405 4145 2676 4199 Abraham
2729 4145 3034 4210 exsultavit,
3086 4153 3143 4198 ut
3194 4144 3390 4197 videret

1801 4239 1939 4293 diem
1963 4254 2159 4304 meum,
2185 4247 2234 4291 et
2254 4237 2402 4301 vidit,
2432 4245 2478 4290 et
2509 4236 2719 4306 gavisus
2746 4246 2820 4288 est
2844 4234 2909 4289 ⁸⁵.
2938 4235 3076 4300 Quia
3091 4248 3219 4304 ergo
3248 4232 3390 4287 aries

1802 4347 1868 4386 ex
1903 4346 2100 4400 genere
2130 4331 2311 4385 ovium
2361 4338 2464 4395 est,
2503 4339 2879 4385 verumtamen
2926 4337 3011 4383 est
3055 4328 3384 4399 praecipuus,

126 4424 252 4462 zona
293 4409 458 4475 linea,
496 4410 733 4482 cydarim
790 4412 990 4467 lineam
1040 4414 1288 4484 imponet
1337 4417 1523 4486 capiti.
1569 4416 1696 4473 Haec
1729 4421 1852 4480 Det
1899 4423 2078 4494 gregis
2130 4421 2261 4484 dux,
2296 4431 2445 4479 recte
2492 4422 2764 4493 signiﬁcat
2810 4421 3115 4486 Christum,
3155 4420 3246 4490 qui
3303 4427 3389 4474 est

125 4500 261 4555 enim
291 4503 619 4557 vestimenta
654 4512 783 4559 sunt
821 4513 1030 4573 sancta,
1068 4508 1268 4577 quibus
1301 4511 1534 4577 cunctis,
1566 4528 1690 4568 cum

125 4590 261 4646 lotus
289 4591 473 4658 fuerit,
508 4594 784 4650 induetur.
812 4615 832 4648 ι

194 4684 506 4739 Admirabili
555 4688 747 4743 ordine
793 4690 958 4744 ctiam
1011 4707 1159 4747 nunc
1208 4693 1483 4764 legislator
1518 4701 1586 4752 ad
1628 4714 1691 4753 es

125 4790 239 4845 qua:
262 4774 453 4845 juvare
490 4786 740 4845 possunt,
777 4789 832 4835 et
870 4781 1019 4835 utilia
1073 4797 1196 4837 esse
1249 4783 1557 4856 legentibus
1611 4790 1693 4843 le-

125 4881 258 4937 gem,
283 4872 338 4921 et
385 4867 477 4936 qui
510 4868 827 4924 thesaurum
880 4873 1218 4928 rceztnditum
1250 4876 1304 4929 in
1340 4891 1404 4930 ea
1434 4894 1692 4948 perscru-

129 4966 317 5025 tantur,
348 4960 536 5016 utitur.
573 4946 712 5017 Cum
740 4963 885 5017 enim
917 4965 1143 5020 dixisset
1186 4982 1294 5021 non
1339 4946 1503 5025 licere
1542 4973 1691 5026 omni

132 5050 275 5110 hora,
297 5050 347 5105 id
373 5063 456 5106 est
476 5069 585 5108 non
614 5056 897 5121 continue,
922 5057 975 5109 id
998 5065 1101 5121 est,
1136 5058 1258 5111 sine
1285 5058 1692 5116 intermissimie

133 5141 327 5210 ingredi
363 5142 419 5194 in
440 5144 642 5201 Sancta
688 5159 1024 5213 sanctorum,
1062 5166 1130 5203 ne
1176 5150 1316 5205 forte
1359 5152 1480 5206 sine
1522 5164 1690 5218 metu,

130 5242 181 5287 et
207 5232 686 5301 circumspectione
724 5239 792 5292 ad
826 5254 889 5294 ea
921 5256 1042 5309 quae
1077 5241 1257 5295 divina
1302 5252 1451 5305 sunt,
1486 5261 1694 5313 pr:csu-

132 5340 327 5379 mamns
369 5332 464 5377 aut
508 5327 850 5395 accedamus,
884 5346 953 5387 ne
992 5336 1255 5405 maiorem
1303 5338 1696 5406 perscrutatio-

133 5431 244 5472 nezn
282 5415 507 5469 omnino
549 5419 847 5487 prohibuit,
892 5426 984 5480 sed
1034 5427 1254 5497 quando
1298 5444 1399 5481 nos
1447 5429 1566 5492 hac,
1602 5437 1695 5482 aut

228 5624 267 5656 ³⁸
292 5622 392 5675 lsa.
426 5637 537 5677 XIX.
578 5622 625 5672 Ι.
740 5622 782 5653 ³⁵
808 5624 909 5675 lsa.
935 5629 1053 5677 ul.

136 5694 174 5729 δι
201 5693 346 5754 luant
390 5708 502 5754 vni,
529 5691 675 5747 56.”
699 5690 830 5747 Luc.
870 5709 920 5758 .v,
956 5696 1041 5748 2:2.

1167 5633 1209 5661 ‘°
1235 5629 1366 5683 ibid.
1395 5631 1445 5684 7.

1524 5631 1560 5661 "
1602 5632 1617 5685 l
1650 5633 1774 5688 (lor.
1811 5649 1885 5699 Ix,
1919 5635 1970 5689 9.

1800 4533 1866 4573 ex
1898 4536 2076 4575 massa
2118 4530 2328 4583 nostra,
2357 4520 2451 4575 sed
2492 4522 2822 4591 praecipuus.
2859 4527 2915 4574 et
2954 4519 3233 4574 excellens
3264 4531 3387 4581 nos,

1800 4617 1856 4663 et
1883 4610 1992 4664 dux
2018 4611 2235 4681 generis
2273 4611 2497 4665 humani
2525 4621 2686 4681 atque
2715 4626 2807 4664 rex
2835 4618 2941 4665 est.
2976 4610 3035 4665 In
3066 4611 3191 4675 hoc,
3220 4609 3272 4662 id
3304 4618 3387 4662 est

1802 4702 1857 4756 in
1883 4702 2121 4765 Christo,
2147 4702 2262 4755 vult
2286 4718 2388 4756 nos
2410 4703 2619 4772 ingredi
2646 4703 2702 4756 in
2731 4710 2919 4755 sancta
2951 4719 2964 4754 :
2992 4700 3206 4754 initium
3236 4699 3383 4753 enim

1800 4795 1869 4849 de
1898 4796 2008 4847 Deo
2034 4793 2311 4861 loquendi,
2337 4793 2589 4846 Christus
2627 4802 2731 4854 est,
2773 4801 2829 4844 et
2865 4792 2986 4858 ejus
3016 4789 3219 4858 passio.
3251 4788 3383 4851 Quae

1803 4884 1845 4937 si
1880 4898 1987 4935 non
2015 4889 2173 4935 aucta
2198 4879 2388 4933 fuisset
2418 4889 2473 4933 et
2513 4889 2619 4934 tam
2662 4893 2998 4948 paganorum
3036 4893 3138 4932 nos
3170 4892 3381 4939 errore,

1801 4990 1962 5043 quam
2006 4973 2075 5025 ab
2114 4971 2305 5024 umbra
2335 4971 2469 5040 legis
2495 4979 2548 5024 et
2576 4969 2807 5040 caligine
2836 4968 3144 5033 liberasset,
3177 4984 3279 5023 nos
3314 4969 3380 5024 de

1804 5064 1980 5119 Patris
2008 5064 2294 5119 divinitate
2328 5063 2475 5132 loqui
2516 5062 2742 5118 minime
2778 5060 3182 5132 potuissemus:
3215 5063 3383 5115 Nemo

1800 5158 1936 5209 enim
1972 5157 2068 5209 scit
2112 5155 2345 5220 Patrem,
2376 5156 2475 5209 nisi
2516 5154 2701 5217 Filius,
2735 5164 2783 5208 et
2826 5154 2910 5207 cui
2952 5152 3171 5206 voluerit
3210 5150 3379 5209 Filius

1802 5248 2037 5302 revelare
2062 5248 2127 5302 "°.
2171 5245 2277 5301 Sed
2312 5248 2436 5316 quia
2471 5242 2573 5310 liis,
2603 5247 2695 5315 qui
2726 5247 2795 5301 de
2823 5245 2933 5300 Deo
2960 5248 3244 5301 locuturus
3273 5257 3377 5309 est,

1801 5350 1857 5394 et
1897 5340 2092 5394 intueri
2130 5336 2323 5405 Deum,
2352 5341 2407 5394 in
2441 5350 2707 5410 quantum
2751 5340 3005 5409 possibile
3034 5350 3121 5395 est
3149 5341 3375 5395 homini-

1800 5432 1923 5493 bus,
1960 5432 2091 5493 vult,
2124 5447 2351 5485 necesse
2380 5439 2462 5485 est
2494 5439 2551 5485 ut
2583 5431 2836 5485 omnibus
2871 5433 3163 5487 virtutibus
3198 5449 3376 5489 armc-

2051 5633 2091 5666 ³³
2119 5633 2248 5687 ibid.
2331 5633 2373 5664 "
2406 5633 2539 5689 ibid.
2600 5632 2679 5686 l0.
2760 5632 2955 5692 “Luc.
2991 5649 3075 5697 sv,
3111 5634 3167 5687 ll
3220 5647 3370 5706 seqq.
