3810 6318
437 293 540 355 987

1620 269 1985 331 HESYCHII
2037 265 2514 327 PRESBYTER,

3609 267 3706 326 5'53

437 400 547 449 tur.
573 394 808 450 Attende
823 402 881 447 et
902 393 1006 447 hoc
1032 387 1487 459 quemadmodum
1519 382 1872 453 approbavit:
1904 380 2015 434 vir-
2045 382 2091 437 Α
2120 378 2498 433 holocaustum
2523 416 2537 442 ,
2602 375 2865 430 virtutum
2936 372 3186 427 videlicet
3262 371 3711 440 perfectionem;

439 491 585 539 tutes
608 484 755 539 enim
777 491 1011 553 quatuor
1033 478 1313 550 generales
1338 486 1484 539 sunt,
1508 473 1741 544 justitia,
1768 471 2009 535 castitas,

412 576 721 645 glortitudo,
757 573 1052 644 sapientia;
1082 578 1367 640 prepterea
1402 566 1615 635 inquit:

509 669 707 724 Tunica
753 668 892 721 linea
930 666 1195 718 induatur.
1245 660 1303 715 ιιι
1344 669 1429 715 est
1467 657 1836 728 justitia,haec
1865 653 2013 709 enim

439 762 661 830 proprie
709 759 1093 814 vestimentum
1142 752 1382 808 hominis
1421 762 1532 816 est,
1583 752 1796 811 tunica,
1849 762 2014 817 quam

438 852 583 908 LXX
612 851 993 919 sanctificatam
1037 847 1225 909 edunt,
1258 844 1383 914 quia
1426 841 1795 896 sanctiﬁcatur
1838 854 1868 892 a
1900 838 2015 891 Deo

440 945 531 1014 qui
552 942 818 1012 justitiam
852 940 1045 1008 diligit,
1077 946 1132 991 et
1157 934 1525 1007 principaliter
1552 948 1614 987 ea
1652 931 1875 985 indutus
1906 938 2011 984 est.

442 1033 595 1089 Unde
626 1033 692 1087 de
732 1047 798 1085 eo
833 1031 970 1085 dixit
1009 1028 1177 1083 David
1209 1046 1222 1080 :
1258 1027 1438 1081 Justus
1473 1025 1745 1085 Dominus.
1776 1034 1825 1077 et
1850 1023 2014 1092 justi-

440 1126 542 1177 tias
576 1123 757 1177 dilexit
801 1121 871 1175 ".
918 1120 1019 1174 Per
1066 1118 1340 1174 feminalia
1391 1118 1612 1171 castitas
1658 1115 2010 1185 signiﬁcatur,

438 1216 581 1283 quod
622 1214 974 1268 manifestum
1022 1223 1106 1267 est
1150 1229 1214 1266 ex
1259 1226 1326 1266 eo
1368 1211 1513 1280 quod
1549 1225 1657 1263 non
1689 1210 2015 1279 permittunt

437 1313 609 1367 videri
640 1312 825 1366 carnis
861 1320 1063 1366 nostra!
1093 1310 1492 1364 inhonestiora.
1530 1309 1665 1374 Quia
1700 1324 1830 1380 ergo
1868 1319 2015 1364 lotus

439 1404 687 1474 corporis
738 1405 903 1458 decor
954 1403 1175 1457 castitas
1226 1411 1330 1467 est,
1377 1402 1688 1456 necessarie
1738 1402 2013 1473 legislator

439 1495 515 1549 ait
553 1513 566 1548 :
1001 1488 1011 1504 ⁸

511 1585 869 1640 Feminalibus
903 1585 1054 1639 lineis
1086 1585 1372 1639 verecunda
1404 1585 1613 1639 celabit.
1655 1585 1816 1655 Atqui
1849 1601 2013 1655 super

440 1675 669 1740 femora,
708 1688 764 1731 et
808 1677 950 1731 circa
997 1678 1175 1731 vicina
1222 1678 1302 1732 eis
1354 1679 1617 1743 membra,
1658 1680 1834 1733 solum
1884 1688 2014 1734 sunt

2121 471 2299 541 ipsum
2330 469 2477 524 enim
2509 468 2685 522 virum
2717 466 3042 537 perfectum,
3082 474 3139 518 et
3174 480 3504 519 mensuram
3542 468 3712 519 aetatis

2119 559 2432 630 appellavit,
2470 557 2747 628 suscipere
2785 571 2907 623 nos,
2940 566 2996 610 et
3035 555 3184 609 indui
3226 555 3447 615 volens,
3486 566 3711 623 propter

2119 652 2263 721 quod
2297 660 2348 706 et
2375 650 2718 721 baptismatis
2758 648 2986 719 gratiam
3035 647 3341 702 introduxit
3376 665 3392 700 :
3436 645 3578 715 quia
3624 662 3710 716 per

2119 743 2292 812 ipsam
2329 742 2567 796 maxime
2600 740 2875 796 Christum
2908 738 3207 794 induimur.
3241 737 3489 803 Quando
3536 749 3710 791 autem

2121 838 2237 891 haec
2277 834 2458 906 adepti
2500 834 2787 899 fuerimus,
2820 834 2875 887 in
2917 833 3115 887 Sancta
3158 841 3488 886 sanctorum
3536 829 3709 900 ingre-

2121 927 2354 991 diemur,
2400 942 2512 980 non
2563 924 2925 979 substantiam
2975 932 3390 993 perscrutantes
3449 922 3587 984 Dei,
3636 924 3709 974 vel

2121 1017 2498 1081 discnticntes,
2531 1016 2634 1070 hoc
2666 1015 2811 1068 enim
2854 1014 3191 1084 prohibitum
3239 1022 3346 1071 est.
3386 1012 3493 1065 sed
3540 1013 3611 1066 ad
3654 1030 3709 1066 ea

2120 1124 2241 1177 qua:
2292 1117 2419 1161 sunt
2468 1106 2537 1161 de
2590 1107 2999 1176 dispensatione
3050 1104 3254 1159 Christi
3323 1104 3709 1174 sacriﬁcioque

2120 1200 2240 1269 ejus
2269 1215 2369 1269 pro
2400 1200 2578 1262 nobis,
2617 1210 2675 1253 et
2703 1200 2864 1254 bonis
2904 1214 3025 1267 qua:
3064 1213 3163 1267 per
3203 1213 3270 1251 ea
3322 1196 3597 1259 fruimur,
3632 1215 3707 1251 sae

2120 1294 2339 1365 pientiaz
2368 1294 2712 1364 dogmatibus
2742 1293 2982 1348 studium
3009 1292 3202 1346 dantes
3233 1309 3247 1344 :
3279 1291 3392 1344 hoc
3425 1291 3584 1344 enim
3610 1308 3706 1345 ma-

2121 1387 2379 1443 nifestum
2419 1386 2629 1442 faciunt
2656 1387 2892 1440 maxime
2921 1401 3045 1456 qua:
3065 1395 3380 1454 sequuntur
3412 1402 3432 1438 :

2191 1480 2354 1535 Vens.
2388 1481 2440 1545 5,
2472 1480 2527 1534 6.
2568 1499 2588 1531 «
2626 1460 2897 1547 suscipiet
2940 1478 3010 1532 ab
3047 1478 3309 1532 universa
3353 1476 3706 1531 multitudine

2120 1572 2351 1627 ﬁliorum
2396 1572 2559 1626 Israel
2607 1571 2745 1627 duos
2784 1571 2963 1625 hircos
3009 1584 3108 1640 pro
3152 1575 3416 1639 peccato,
3456 1578 3519 1621 et
3554 1583 3707 1620 unum

2119 1665 2343 1720 arietem
2374 1665 2427 1718 in
2455 1665 2855 1719 holocaustum.
2879 1663 3125 1731 Cumque
3152 1661 3433 1717 obtulerit
3464 1662 3707 1717 vitulum.

441 1767 742 1822 femiualia.
781 1769 888 1824 Sed
926 1769 1218 1823 ostendere
1246 1769 1380 1832 vult,
1416 1769 1542 1837 quia
1578 1768 1887 1823 femiualem
1924 1772 2014 1825 hic

2126 1764 2172 1811 et
2200 1757 2440 1811 oraverit
2461 1772 2560 1825 pro
2587 1771 2647 1810 se
2671 1768 2728 1810 et
2751 1770 2851 1825 pro
2879 1755 3040 1809 domo
3063 1770 3182 1809 sua.
3217 1773 3237 1806 s

441 1864 768 1923 castitatem,
815 1871 990 1916 totum
1033 1876 1234 1929 corpus
1277 1860 1675 1915 custodientem
1708 1861 1891 1915 carnis
1919 1876 2018 1917 no-

440 1961 567 2007 stra
616 1953 815 2021 signat.
872 1949 975 2004 Per
1024 1964 1250 2013 zonam,
1308 1949 1684 2004 fortitudinem
1740 1951 2012 2019 intelligit,

439 2044 587 2097 unde
622 2041 765 2095 Deus
790 2041 894 2096 Job
940 2040 1233 2099 sublevans
1270 2040 1615 2109 passionibus
1653 2056 1718 2095 ac
1758 2041 2016 2111 periculis

437 2150 759 2204 oppressum
805 2132 1021 2187 dicehat
1054 2150 1066 2185 :
1102 2131 1324 2201 Accinge
1359 2140 1417 2185 ut
1455 2133 1539 2186 vir
1566 2132 1766 2187 lumbos
1799 2143 1916 2188 tuos
1944 2133 2013 2190 ”.

436 2224 542 2278 Per
577 2224 843 2295 eydarim,
878 2222 1005 2292 quia
1053 2222 1434 2276 indumentum
1482 2223 1674 2292 capitis
1708 2232 1812 2288 est,
1850 2224 2015 2279 intel-

436 2314 620 2387 ligitur
650 2316 830 2370 modis
855 2314 1113 2369 omnibus
1144 2314 1409 2384 sapientia
1443 2332 1456 2368 :
1489 2315 1616 2384 quia
1646 2317 1792 2369 enim
1824 2316 1879 2370 in
1920 2331 2015 2371 ca-

435 2409 547 2477 pite
582 2408 867 2479 sapientia:
901 2416 987 2463 est
1027 2422 1312 2477 organum,
1345 2398 1463 2461 non'
1503 2408 1835 2478 ignoramus,
1870 2411 2014 2479 quod

437 2510 493 2556 ct
537 2503 828 2556 cerebrum
869 2500 1089 2581 dicitur,
1128 2505 1184 2552 et
1234 2499 1382 2553 unde
1425 2508 1480 2552 et
1527 2508 1691 2568 caput
1737 2499 1883 2553 omni
1932 2509 2017 2554 est

434 2592 815 2645 honorabilius
872 2590 1107 2660 corpori.
1171 2591 1279 2644 Sed
1340 2590 1459 2644 haec
1514 2590 1659 2645 linea
1719 2600 2012 2660 propterea

437 2695 561 2734 esse
604 2679 885 2749 praecepit.
915 2689 976 2733 ut
1017 2679 1334 2733 ostenderet
1370 2681 1631 2735 virtutum
1675 2681 2012 2744 facilitatem,

438 2776 492 2823 et
541 2771 772 2825 celerem
823 2770 1305 2840 conquisitionem,
1340 2770 1428 2827 vel
1482 2773 1740 2838 habilem,
1779 2785 2014 2844 gratam-

439 2877 545 2930 que
590 2863 914 2932 adipisceuti
965 2878 1111 2927 esse,
1145 2863 1288 2917 sicut
1332 2871 1388 2918 et
1431 2880 1496 2919 ea
1535 2880 1657 2935 qua:
1698 2866 1843 2921 linea
1885 2876 2016 2922 sunt

439 2954 676 3023 corpori,
716 2969 881 3025 super
913 2955 1057 3023 quod
1090 2964 1237 3010 sunt.

506 3046 625 3099 Nisi
676 3048 733 3099 in
780 3047 908 3116 ipsis
956 3047 1167 3102 macula
1220 3049 1398 3118 eﬂ'ecta
1440 3050 1616 3120 fuerit.
1668 3049 1804 3116 Quia
1851 3052 2014 3106 etiam
2041 3060 2085 3116 α
2121 3059 2342 3099 carnem
2368 3042 2489 3103 fuit.
2516 3043 2588 3097 ita
2610 3049 2672 3096 ut
2701 3039 2902 3094 Paulus
2928 3039 3138 3095 diceret
3168 3054 3184 3091 :
3214 3040 3301 3091 Ea:
3332 3037 3542 3107 quibus
3570 3036 3715 3107 αυξτ

439 3158 561 3197 cum
594 3143 859 3198 sublimes
888 3145 1018 3211 sint,
1053 3147 1396 3201 conversatio
1440 3162 1631 3201 eorum
1678 3155 1857 3217 potest
1894 3162 2016 3203 esse

441 3233 499 3286 in
549 3235 732 3288 terris.
777 3234 1020 3299 Quorum
1075 3237 1284 3307 singula
1340 3238 1395 3291 in
1443 3239 1614 3291 linum
1662 3239 2013 3308 proveniunt,

440 3324 584 3394 quod
620 3325 788 3378 altum
819 3327 1039 3395 quidem
1072 3329 1339 3383 calamum
1374 3329 1559 3394 habet,
1593 3331 1687 3385 sed
1729 3330 1957 3383 multum
1986 3345 2015 3384 a

442 3422 584 3469 terra
619 3418 884 3477 ascendit.
917 3418 1181 3489 facileque
1216 3421 1463 3490 conquiri
1512 3430 1692 3491 potest
1744 3438 1775 3476 a
1815 3439 2018 3493 paupe-

440 3505 612 3569 ribus,
657 3515 713 3559 et
759 3507 808 3561 ei
853 3508 946 3576 qui
993 3508 1096 3564 hoc
1143 3509 1420 3573 induetur,
1450 3521 1731 3579 acceptum
1777 3523 2019 3582 gratum-

440 3612 544 3666 que
589 3605 692 3658 est.
735 3599 878 3653 sicut
932 3615 1095 3670 supra
1147 3602 1405 3656 diximus.
1455 3602 1799 3659 Estuantem
1852 3605 2017 3658 etiam

440 3684 743 3756 refrigerat,
780 3688 877 3743 sed
925 3697 980 3743 et
1028 3689 1082 3742 in
1130 3691 1252 3761 gelu
1300 3689 1469 3753 fovet,
1497 3693 1641 3761 quod
1681 3702 1766 3746 est
1800 3692 2019 3747 virtutis

441 3778 751 3846 pr0prium,
785 3794 905 3847 qua:
948 3780 1235 3851 refrigerat
1276 3782 1497 3851 quidem
1543 3784 1599 3836 in
1636 3793 1773 3838 aestu
1810 3799 2016 3839 concu-

440 3868 864 3939 piscentiarum,
902 3870 953 3924 in
1003 3871 1201 3942 frigore
1250 3882 1431 3927 autem
1476 3875 1837 3928 tentationum
1872 3874 2019 3929 cale-

441 3959 590 4023 facit,
623 3971 786 4032 atque
818 3964 886 4018 ad
921 3965 1097 4019 zelum
1146 3963 1391 4037 [coelum]
1425 3967 1605 4037 erigit,
1639 3978 1697 4022 et
1739 3982 1850 4021 non
1891 3983 2019 4037 per-

442 4053 610 4107 mittit
655 4055 845 4108 sentiri
888 4065 1283 4123 persecutores.
1321 4055 1428 4112 Sed
1478 4067 1538 4111 ut
1583 4074 1695 4112 non
1730 4058 1892 4113 etiam
1929 4073 2017 4112 sa-

441 4141 567 4195 lutis
621 4143 817 4211 perdas
866 4144 1188 4211 capitulum,
1232 4145 1378 4214 quod
1436 4154 1520 4199 est
1572 4146 1865 4214 baptisma.
1913 4160 2020 4199 nec

440 4233 676 4287 testimes
726 4234 821 4287 tibi
876 4235 1123 4290 sulliccre
1168 4237 1436 4301 virtutes,
1476 4236 1595 4291 sine
1642 4237 1787 4291 dono
1842 4237 2018 4307 bapti-

439 4324 649 4382 smatis.
685 4326 895 4379 addidit
932 4344 946 4379 :

2086 2564 2093 2571 “
2117 2579 2427 2632 referuntur
2474 2597 2488 2634 :

2080 3323 2217 3390 'pro
2271 3318 2509 3386 peccatis
2555 3335 2569 3371 :

2188 1845 2355 1900 Multa
2399 1844 2489 1900 hic
2533 1844 2787 1909 intentio,
2834 1843 3069 1898 dicentis
3106 1842 3294 1907 simul,
3332 1851 3391 1895 et
3442 1842 3708 1896 audientis

2116 1946 2200 1994 est
2229 1937 2561 1999 necessaria,
2596 1945 2655 1991 ut
2684 1952 2792 1991 non
2825 1935 3084 1991 recedant
3109 1934 3179 1989 ab
3212 1949 3281 1989 eo
3310 1934 3477 2004 quod
3509 1944 3704 1990 rectum

2115 2037 2220 2093 est,
2250 2026 2379 2098 quia
2418 2027 2653 2082 maxima
2683 2033 2812 2081 sunt
2841 2025 3118 2097 mysteria,
3158 2039 3225 2078 ea
3256 2040 3391 2094 quae
3429 2040 3596 2081 nunc
3627 2041 3708 2080 es-

2115 2118 2271 2189 ponit
2298 2118 2409 2183 les,
2445 2125 2500 2172 et
2540 2116 2760 2186 quidam
2799 2117 2856 2171 in
2895 2115 3030 2185 ipsis
3065 2113 3366 2170 offendunt
3393 2114 3709 2184 ignorantes

2116 2210 2311 2264 borum
2363 2207 2624 2263 virtutem
2674 2199 2967 2263 dictorum.
3018 2205 3127 2261 Sed
3182 2204 3308 2260 hac
3362 2205 3629 2277 quidem,
3664 2205 3711 2258 is.

2114 2303 2314 2371 quibus
2360 2302 2669 2367 offendunt,
2706 2301 2964 2356 subtilius
3002 2299 3059 2354 in
3097 2299 3597 2369 subsequentibus
3638 2298 3709 2353 di-

2116 2405 2331 2450 centur.
2366 2395 2503 2462 Quia
2536 2404 2716 2450 autem
2747 2395 2814 2448 ad
2847 2394 3024 2462 ipsum
3053 2391 3343 2447 Christum
3374 2407 3447 2447 ea
3492 2391 3569 2445 de
3606 2392 3711 2460 qui-

2115 2489 2216 2542 bus
2266 2489 2482 2542 locutus
2531 2496 2616 2542 est
2665 2486 2963 2557 legislator,
2999 2484 3057 2538 in
3107 2485 3380 2554 praesenti
3434 2484 3711 2539 evidenter

2537 2577 2890 2632 manifestant
2940 2576 3153 2645 species
3197 2574 3639 2634 sacriﬁciorum.
3667 2584 3711 2627 et

2114 2669 2365 2734 eﬁcclus,
2393 2669 2489 2724 sed
2524 2678 2578 2723 et
2613 2668 2666 2722 hi
2709 2684 2741 2721 a
2784 2667 2985 2735 quibus
3020 2664 3289 2718 sacriﬁcia
3329 2664 3710 2745 accipiuntur.

2118 2765 2158 2817 Α
2184 2777 2451 2841 synagoga
2477 2762 2645 2824 enim,
2678 2761 2760 2814 vel
2793 2760 3045 2814 universa
3075 2755 3448 2811 multitudine
3484 2755 3709 2809 ﬁliorum

2114 2856 2278 2911 lsrael
2322 2856 2490 2925 accipi
2535 2853 2802 2908 sacriﬁcia
2834 2851 3130 2922 praecepit:
3163 2850 3291 2919 quia
3321 2849 3604 2904 Christus
3629 2847 3710 2917 qui

2115 2964 2216 3019 pro
2256 2949 2417 3002 nobis
2447 2947 2760 3001 immolatus
2795 2954 2898 3011 est,
2930 2958 2996 2998 ex
3029 2943 3155 2998 ﬁliis
3194 2943 3373 2997 Israel
3408 2943 3713 2996 secundum

2115 3144 2225 3188 stus
2261 3140 2545 3188 secundum
2594 3146 2829 3196 carnem,
2861 3130 2951 3196 qui
2995 3138 3070 3183 est
3128 3126 3266 3180 Deus
3308 3127 3633 3181 benedictus
3666 3127 3711 3179 is

2114 3228 2330 3283 sazcula.
2370 3229 2535 3280 Amen
2581 3225 2650 3278 “.
2697 3224 2828 3278 Dein
2885 3220 3277 3277 sacriﬁciorum
3326 3220 3441 3273 alia
3498 3221 3711 3291 quidem

2618 3315 2724 3371 alia
2781 3325 2963 3369 autem
3020 3314 3075 3367 in
3121 3312 3526 3371 holocaustum
3568 3313 3713 3381 jubet

2117 3410 2324 3472 oﬂ'erri,
2363 3408 2621 3479 ﬁgurans,
2661 3406 2804 3461 sicut
2841 3403 3148 3474 oportebat.
3183 3401 3396 3457 Christi
3442 3403 3711 3457 sacriﬁcio

2117 3502 2395 3561 virtutem,
2440 3498 2532 3567 qui
2585 3512 2685 3567 pro
2730 3494 2938 3551 nostris
2990 3491 3231 3564 peccatis
3273 3491 3561 3557 offertur;
3595 3493 3709 3546 audi

2117 3608 2246 3663 ergo
2286 3592 2512 3646 Paulum
2556 3591 2832 3645 dicentem
2861 3606 2876 3642 :
2909 3587 3147 3643 Christus
3182 3584 3349 3639 semel
3397 3586 3622 3640 oblatus
3649 3586 3710 3637 ad

2116 3682 2405 3736 multorum
2441 3680 2801 3734 exhaurienda
2845 3685 3083 3747 peccata,
3116 3676 3404 3729 novissime
3438 3678 3565 3731 sine
3604 3692 3707 3745 pes-

2118 3783 2239 3827 cata
2265 3772 2541 3842 apparebit
2579 3771 2997 3840 exspectantibus
3025 3786 3080 3823 se
3111 3770 3178 3824 ⁸⁶.
3229 3769 3375 3835 Quia
3409 3782 3603 3825 autem
3648 3769 3704 3822 ad

2119 3867 2494 3921 holocaustum
2541 3870 2598 3919 et
2644 3862 2713 3917 ad
2766 3861 3161 3932 perfectionem
3208 3860 3500 3924 videlicet.
3548 3872 3605 3917 et
3648 3864 3704 3914 ad

2117 3955 2419 4027 profectum
2463 3955 2612 4017 vitae,
2647 3961 2812 4024 atque
2852 3954 3114 4009 virtutum
3164 3952 3446 4022 Unigeniti
3496 3952 3703 4007 sacriﬁ-

2118 4047 2261 4100 cium
2314 4044 2516 4099 factum
2574 4054 2680 4110 est,
2724 4044 2998 4114 quomodo
3042 4043 3298 4099 dubitare
3338 4043 3476 4099 licet
3525 4052 3703 4113 aperte

2120 4137 2287 4191 Paulo
2313 4137 2531 4192 dicente
2567 4157 2582 4193 :
2615 4137 2754 4207 Ergo
2789 4139 3001 4209 fratres,
3036 4145 3084 4191 et
3114 4154 3203 4190 nos
3232 4137 3554 4205 morti/irati
3592 4140 3703 4191 estis

2118 4232 2239 4300 legi,
2270 4246 2363 4300 per
2390 4246 2575 4300 corpus
2607 4228 2819 4293 Christi,
2847 4239 2904 4282 ut
2942 4229 3061 4283 sitis
3093 4229 3312 4282 alterius
3338 4230 3436 4298 qui
3462 4246 3535 4284 ex
3569 4245 3699 4283 asar-

2121 4326 2224 4377 tuis
2273 4323 2580 4384 resurrexit,
2617 4331 2672 4375 ut
2712 4320 3086 4391 fructiﬁcemm
3130 4319 3235 4374 Deo
3275 4320 3343 4373 ".
3397 4319 3467 4374 Et
3518 4335 3700 4375 rursus

509 4413 634 4465 Ητεε
675 4415 813 4477 enim
854 4423 974 4466 sunt
1017 4415 1320 4468 vestimenta
1360 4423 1566 4477 sancta,
1599 4415 1784 4485 quibus
1817 4418 2014 4471 cunctis
2046 4392 2098 4450 θ·
2122 4414 2190 4469 de
2219 4429 2286 4468 eo
2312 4413 2486 4468 dixit:
2533 4413 2677 4468 Unde
2712 4422 2761 4477 et
2812 4413 3019 4468 salvere
3061 4414 3113 4466 in
3150 4424 3465 4483 perpetuum
3517 4426 3697 4483 potest.

441 4521 558 4557 cum
590 4504 724 4557 lotus
755 4506 912 4575 fuerit
939 4506 1204 4559 induetur.
1236 4505 1475 4558 Lavatur
1499 4521 1662 4559 omne
1690 4523 1889 4577 corpus
1918 4526 2017 4579 per

441 4611 634 4664 aquam
672 4596 1035 4665 baptismatis,
1066 4597 1192 4666 quia
1239 4607 1417 4651 torum
1463 4607 1713 4652 nostrum
1761 4600 1925 4664 lavat,
1963 4610 2017 4655 ct

366 4692 378 4733 ἓ
440 4695 667 4741 renovat
702 4687 1005 4759 hominem.
1035 4689 1174 4759 Ergo
1207 4688 1468 4758 baptizari
1503 4699 1716 4759 Oportet
1757 4692 1928 4760 prius,
1960 4703 2017 4748 ct

370 4765 376 4811 Ῡ
439 4795 507 4834 cx
560 4795 697 4849 aqua
756 4781 1087 4850 rcgcncrari,
1123 4796 1186 4836 ac
1235 4781 1462 4851 Spiritu.
1504 4798 1567 4837 ac
1610 4784 1688 4837 sic
1740 4786 2013 4853 praedictis

439 4872 732 4926 virtutibus
784 4872 955 4936 indui,
988 4881 1045 4927 et
1089 4889 1184 4943 per
1230 4889 1325 4928 eas
1358 4873 1635 4929 Christum
1672 4893 1685 4928 :
1720 4875 1824 4929 hoc
1863 4876 2011 4929 enim

440 4972 492 5018 ct
524 4964 640 5034 ipse
669 4972 959 5019 contextus
999 4965 1252 5035 legaliqu
1291 4967 1464 5037 signat
1508 4967 1820 5023 verborum.
1856 4967 2013 5022 Post-

439 5072 596 5125 quam
641 5056 788 5110 cnim
837 5055 973 5110 dixit
1017 5056 1310 5125 legislator,
1352 5070 1421 5113 ne
1451 5058 1600 5111 omni
1636 5066 1883 5128 tempore
1922 5059 2011 5112 in-

440 5150 717 5220 grediatur
744 5146 1138 5213 sanctuarium,
1166 5148 1271 5203 nisi
1303 5149 1419 5202 haec
1447 5158 1573 5203 ante
1606 5150 1797 5203 fecerit
1830 5167 1841 5201 :

512 5238 741 5290 Vitulum
780 5253 876 5305 pro
915 5246 1146 5303 peccato,
1175 5236 1420 5291 subdidit
1452 5255 1464 5291 :
1496 5249 1541 5291 ct
1582 5240 1800 5292 arietem
1836 5241 1888 5291 in
1918 5240 2011 5292 Ito-

420 5332 752 5380 'locaustum.
804 5327 998 5380 Tunica
1040 5327 1177 5380 linea
1229 5329 1494 5390 vestietur,
1527 5338 1581 5382 ct
1630 5330 1856 5399 reliqua.
1893 5330 2010 5383 Non

444 5420 613 5473 solum
663 5419 939 5473 Christum
992 5418 1381 5490 intclligibilcm
1436 5422 1682 5485 arietem,
1723 5430 1779 5476 ct
1824 5439 2010 5475 verum

544 5617 761 5672 "Psal.
811 5637 863 5685 x,
913 5619 971 5673 8.

502 5619 761 5695 Ἥρωι.
811 5637 863 5685 x,
913 5619 971 5673 8.
1087 5619 1257 5673 “Job
1310 5635 1511 5685 xxxvii,
1559 5621 1609 5674 ὖ.

451 5686 654 5751 m,2;3.

1721 5618 1765 5651 δ’
1800 5618 1957 5675 Rom.
2010 5634 2083 5685 is,

2116 4505 2416 4560 accedentes
2474 4521 2566 4575 per
2609 4520 2663 4558 se
2712 4505 2783 4558 ad
2826 4504 2996 4558 Deum
3045 4504 3111 4555 ⁵⁸.
3174 4502 3267 4559 Sic
3312 4505 3611 4574 perfectio,
3652 4516 3697 4559 et

2115 4599 2427 4653 omnimoda
2453 4605 2640 4652 nostra
2673 4597 2838 4660 salus,
2871 4596 3016 4652 ﬁlius
3043 4614 3143 4668 per
3175 4597 3511 4652 sacriﬁcium
3545 4614 3695 4653 suum

2114 4686 2290 4742 factus
2321 4695 2424 4742 est.
2473 4685 2700 4756 Proprie
2740 4696 2923 4742 autem
2972 4687 3027 4741 in
3070 4688 3356 4742 effectibus
3404 4689 3693 4744 sacriﬁcio-

2117 4797 2258 4844 rum,
2288 4780 2501 4849 accepit
2531 4779 2803 4849 legislator
2831 4794 2895 4834 ea
2924 4795 3047 4849 qua:
3076 4780 3508 4836 immolahuntur
3536 4800 3553 4835 :
3580 4797 3691 4837 cum

2117 4874 2263 4927 enim
2310 4873 2535 4927 dixisset
2568 4871 2750 4927 hircos
2786 4888 2886 4942 pro
2926 4883 3155 4943 peceato
3191 4873 3403 4933 offerri.
3438 4876 3691 4943 quoniam

2117 4965 2223 5025 hoc
2257 4963 2459 5018 animal
2502 4963 2558 5016 in
2586 4971 2938 5032 peccatorum
2980 4978 3154 5032 genus
3196 4962 3380 5017 divina
3412 4961 3689 5031 Scriptum

2117 5056 2365 5126 accipere
2414 5056 2734 5117 consuevit,
2785 5054 3098 5111 nullatenus
3149 5055 3516 5117 immemores,
3548 5057 3671 5123 quia

2110 5150 2334 5217 quando
2394 5148 2788 5202 sacriﬁciorum
2849 5147 2967 5202 haec
3021 5147 3359 5216 pteuitcutia:
3424 5148 3685 5202 rationem

2112 5240 2514 5306 signiﬁcabant,
2547 5240 2891 5294 occasionem
2933 5254 3001 5292 ex
3035 5240 3187 5308 legali
3232 5238 3336 5293 hoc
3369 5240 3565 5294 codice
3606 5255 3681 5293 se-

2113 5341 2325 5384 tncntes
2353 5331 2707 5400 exposuimus
2736 5349 2747 5382 :
2776 5330 3010 5391 haedum,
3038 5331 3128 5397 qui
3174 5329 3362 5383 Crasce
3415 5331 3677 5384 Chimarus

2113 5423 2312 5475 dicitur
2352 5431 2497 5476 recte
2531 5420 2796 5476 immolari
2831 5421 2899 5473 ab
2924 5435 2989 5473 eo
3019 5420 3108 5487 qui
3146 5418 3526 5489 paenitentiam
3563 5422 3677 5491 agit.

3447 5621 3494 5654 ⁸³
3517 5618 3677 5673 "vid.

2301 5624 2344 5652 '°
2371 5621 2537 5676 llchr.
2574 5636 2649 5685 ix,
2674 5619 2764 5672 ‘38.
2876 5619 2917 5650 "
2956 5617 3114 5674 Rom.
3151 5636 3243 5684 vn,
3273 5619 3327 5673 4.

3806 5684 3810 5771 Ι
