3810 6318
37 252 144 315 89

1183 198 1187 205 ’
1242 244 1323 304 IN
1359 242 1800 304 LEVITICUM.
1835 268 1898 279 —
1931 243 2078 303 LlB.
2110 242 2177 303 ν.

3238 202 3345 309 990

37 359 412 420 stendimus
450 376 465 415 :
497 364 688 429 utpote
715 358 770 412 in
804 364 1148 428 tempestate,
1178 365 1233 412 et
1259 354 1425 410 fluctu
1451 351 1658 408 consti-
1687 353 1734 411 Α
1766 367 1861 419 per
1891 352 2067 422 ipsum
2090 352 2330 423 Moysen,
2363 360 2419 408 et
2455 353 2697 420 fratrem,
2743 364 2796 412 et
2863 351 3034 411 filium
3058 358 3113 406 et
3145 352 3336 421 tiliam,

42 455 175 519 uti,
219 467 409 523 usque
437 449 568 507 dum
597 449 936 521 paenitentiae
969 450 1090 518 ejus
1127 447 1456 518 suscipiatur
1480 445 1655 500 sacri-

37 549 268 604 cium.
298 546 465 601 Aries
487 552 673 599 autem
707 551 899 614 utpote
924 542 1179 598 ducatum
1207 541 1353 612 gregi
1383 538 1653 609 praebens,

38 647 361 710 eputatus
408 645 557 709 recte
602 637 657 691 in
702 635 1102 698 holocaustum,
1136 632 1186 687 id
1223 642 1309 687 est
1344 632 1398 684 in
1446 630 1656 684 ‘virtute

38 741 67 786 ι
108 729 492 803 perfectione
520 728 647 784 vita:
677 727 961 799 accipitur,
987 740 1222 795 quorum
1250 731 1333 778 est
1361 723 1506 777 enim
1548 720 1654 775 nisi

42 824 489 889 raepositorum
529 822 730 876 docere
773 818 1050 890 perfecta?
1089 818 1184 873 llis
1214 818 1285 871 ita
1316 833 1374 871 se
1402 815 1653 870 habenti-

45 933 170 979 us,
200 913 536 970 omnimodo
575 912 727 967 dicis.
759 911 872 965 Cur
901 910 947 965 si
977 911 1160 965 hircos
1191 924 1289 980 pro
1317 916 1541 978 peccato
1567 906 1654 961 lex

44 1009 322 1078 rue-cepit
350 1005 560 1062 offerri.
587 1018 738 1058 nunc
768 1004 933 1058 etiam
962 1002 1191 1057 vitulum
1219 1000 1405 1056 oﬂ‘erri
1448 1014 1655 1070 praece-

48 1102 103 1155 it
118 1101 153 1154 ?
194 1100 329 1156 Una
360 1106 543 1153 autem
584 1095 819 1156 ratione,
839 1093 1101 1163 brevique
1122 1093 1257 1148 solvi
1283 1100 1445 1162 atque
1467 1090 1655 1160 expla-

38 1207 91 1243 πει
103 1193 168 1244 ri
204 1197 423 1260 potest,
446 1187 573 1259 quia
597 1202 709 1240 non
749 1185 913 1241 unius
943 1185 1179 1256 generis,
1201 1184 1295 1239 sed
1323 1192 1433 1239 tam
1460 1197 1655 1253 pecca-

37 1298 264 1345 orum,
320 1296 484 1350 quam
531 1279 805 1348 iustorum
849 1286 933 1333 est
975 1277 1252 1348 Unigeniti
1301 1275 1650 1330 sacrificium.

37 1372 93 1427 lt
143 1382 458 1444 propterea
491 1374 652 1438 hirci,
677 1390 777 1445 pro
802 1390 1001 1446 genere
1030 1372 1432 1444 quodammodo
1457 1384 1654 1441 pecca-

37 1479 235 1518 orum
265 1463 458 1519 offerri
484 1465 898 1535 praecipiuntur,
922 1465 1079 1519 vivus
1116 1472 1301 1518 autem
1338 1477 1437 1532 pro
1464 1461 1650 1530 justis,

37 1553 174 1623 [uia
216 1552 491 1620 bos,cum
539 1557 614 1611 sit
644 1555 711 1610 ad
748 1555 1086 1626 operandum
1115 1564 1304 1624 aptum
1337 1552 1561 1618 animal,
1597 1552 1652 1606 in

37 1661 301 1702 sel-sorte
335 1647 469 1717 justi
505 1644 807 1703 secundum
837 1647 1010 1719 legem
1040 1646 1328 1716 accipitur.

1759 452 1815 497 et
1841 444 2119 498 civitatem
2150 446 2442 517 integram,
2460 463 2578 517 qua:
2605 446 2671 501 ad
2697 446 2835 501 idola
2861 447 3211 513 convertitur,
3228 448 3344 503 dis-

1759 535 1916 606 perdi
1971 537 2252 607 praecepit,
2282 545 2337 593 et
2368 538 2566 593 clamat
2606 537 2768 593 :Non
2803 549 2953 593 erunt
2994 538 3087 592 tibi
3117 539 3193 593 dii
3222 537 3342 606 alii,

1760 627 1956 700 absque
1977 644 2058 682 me
2085 629 2151 685 “.
2191 628 2293 684 Per
2319 628 2487 685 David
2511 638 2693 684 autem
2727 630 2860 686 dicit
2887 631 3046 685 :Non
3081 629 3184 684 erit
3212 631 3269 684 iu
3293 639 3343 684 te

1757 721 1899 775 Deus
1923 737 2118 784 recens,
2157 739 2320 794 neque
2375 724 2625 779 adorabis
2669 724 2835 779 Deum
2873 725 3111 778 alienum
3144 724 3211 778 ⁵⁷.
3244 723 3347 778 llic

1758 826 1888 884 ergo
1914 815 2004 884 qui
2027 815 2144 869 haec
2176 815 2458 886 praecepit,
2483 832 2582 886 pro
2618 832 2684 872 eo
2738 816 2884 887 quod
2915 832 3067 871 suam
3092 817 3340 888 gloriam,

1756 921 1821 960 ac
1845 906 2299 972 sacerdotium,et
2323 909 2530 962 cultum
2556 909 2840 978 aequaturi,
2876 915 2931 962 et
2952 924 3073 963 eum
3104 924 3170 963 eo
3201 907 3340 962 divi-

1759 997 2070 1065 surierant,
2147 998 2253 1053 hoc
2293 1000 2468 1071 jubet,
2529 1009 2591 1054 ut
2643 1000 2858 1056 duobus
2913 1001 3080 1055 hircis
3140 1001 3338 1055 oblatis

1758 1106 1928 1165 unum
1964 1090 2287 1161 praeciperet
2315 1092 2417 1147 sibi
2455 1093 2738 1165 applicari,
2778 1093 2942 1148 alium
3007 1101 3189 1149 autem
3240 1095 3338 1149 ad-

1757 1180 1998 1237 versario
2028 1197 2147 1248 suo,
2173 1198 2335 1253 quem
2360 1183 2707 1238 emissarium
2737 1185 3074 1254 putantdici.
3099 1185 3202 1240 Sed
3228 1202 3338 1240 non

1758 1282 2151 1344 cognoverunt,
2190 1290 2370 1345 neque
2396 1275 2807 1341 intellexerunt,
2863 1276 2917 1330 in
2955 1276 3196 1331 tenebris
3225 1294 3338 1331 am-

1758 1361 1964 1417 bulant.
1995 1363 2348 1419 Emissarium
2380 1364 2548 1430 enim,
2599 1381 2725 1420 eum
2775 1365 3013 1431 hircum,
3045 1366 3138 1434 qui
3168 1366 3337 1420 mitti-

1759 1461 1849 1507 tur
1878 1453 1932 1507 in
1956 1454 2255 1522 desertum,
2313 1454 2591 1525 legislator
2648 1455 2957 1524 appellavit.
3011 1455 3123 1509 Nos
3157 1467 3338 1509 autem

1757 1556 1823 1597 ex
1850 1542 1935 1598 his
1964 1558 2086 1614 quae
2123 1544 2190 1598 ad
2212 1543 2408 1600 littera:
2442 1545 2629 1616 legalis
2654 1546 2999 1599 traditionem
3034 1544 3333 1613 pertinent,

1757 1636 2218 1704 quemadmodum
2257 1652 2369 1692 non
2401 1637 2862 1694 essetverisimile
2897 1638 2999 1693 hoc
3038 1637 3335 1708 praecipere

109 1737 279 1795 Unde
318 1738 442 1792 etin
463 1739 652 1803 vitulo,
701 1737 801 1803 ait,
847 1718 1017 1792 orabit
1070 1754 1165 1805 pro
1188 1753 1262 1797 se.
1290 1745 1339 1790 et
1366 1753 1461 1805 pro
1489 1735 1644 1791 domo
1674 1718 1717 1775 Β
1754 1730 2117 1802 legislatorem
2164 1729 2639 1799 demonstremus,
2711 1732 2911 1788 deinde
2971 1733 3334 1788 intentionem

37 1847 173 1884 ma.
204 1829 444 1884 Domum
477 1830 770 1900 Deijustos
791 1829 1093 1901 appellans,
1134 1830 1347 1885 habitat
1400 1830 1546 1884 enim
1589 1831 1645 1885 in

37 1922 145 1983 :is,
179 1930 241 1975 et
272 1920 600 1982 inambulat,
632 1921 753 1990 Ipse
782 1929 866 1976 est
909 1936 1100 1976 eorum
1133 1920 1295 1986 Deus,
1334 1929 1389 1975 et
1417 1921 1492 1975 illi
1526 1922 1647 1990 eius

37 2009 313 2081 populus.
343 2009 738 2079 Deprecabitur
765 2018 822 2065 et
854 2025 954 2080 pro
1010 2026 1097 2075 eo,
1127 2010 1179 2065 id
1211 2018 1295 2064 est
1332 2025 1433 2080 pro
1482 1994 1644 2065 douio

38 2101 294 2171 .iroprite
325 2101 529 2166 carnis,
566 2118 693 2157 nam
725 2102 826 2157 etsi
858 2111 1132 2170 peccatum
1192 2118 1295 2155 non
1350 2102 1497 2171 fecit,
1542 2117 1646 2155 nec

38 2192 204 2246 talus
234 2192 476 2246 iuuentus
501 2204 573 2247 est
600 2194 656 2246 in
684 2209 775 2247 ore
802 2193 916 2262 ejus
945 2193 1013 2258 ⁵³,
1060 2201 1439 2247 verumtamen
1471 2192 1644 2249 Adam

37 2283 283 2339 mdutus
317 2284 535 2354 est,qui
572 2285 1274 2359 propitiationem,p_ropter
1295 2286 1642 2341 maledictum

37 2375 201 2443 quod
262 2377 451 2441 semel,
490 2377 729 2432 humano
783 2378 1236 2447 superinductum
1290 2387 1376 2432 est
1433 2380 1642 2449 generi,

37 2481 196 2533 opus
218 2464 466 2520 haberet.
503 2467 646 2522 Audi
676 2482 805 2539 ergo
834 2468 1064 2522 Paulum
1121 2469 1190 2523 ad
1257 2467 1516 2525 Ιιθὺτιεοε
1574 2473 1643 2527 de

37 2557 282 2611 Christo
308 2557 429 2612 talia
464 2558 835 2614 scribentem:
884 2558 987 2625 Qui
1037 2577 1140 2613 non
1194 2561 1345 2615 habet
1412 2565 1645 2633 quotidie

37 2649 437 2711 necessitatem,
479 2651 919 2719 quemadmodum
943 2654 1260 2717 sacerdotes,
1295 2654 1526 2722 primum
1547 2672 1643 2723 pro

37 2738 164 2791 suis
193 2738 399 2792 delictis
415 2739 616 2793 hostias
638 2741 842 2810 offerre,
880 2742 1067 2796 deinde
1109 2743 1444 2814 pro-papulis
1478 2760 1496 2798 :
1549 2746 1644 2799 huc

37 2826 193 2879 enim
223 2823 343 2895 fecit
374 2826 538 2880 semel
557 2843 613 2880 se
635 2828 895 2898 oﬁ'erentlo
920 2830 988 2885 ".

122 2915 293 2972 Vens.
322 2916 468 2972 6-l0.
506 2937 525 2970 ι
564 2917 811 2990 Cumque
855 2922 1117 2978 obtulerit
1150 2924 1404 2991 vitulum,
1428 2935 1481 2982 et
1514 2942 1638 2982 ora-

37 3008 197 3061 verit
227 3022 326 3077 pro
359 3024 439 3075 se,
468 3019 522 3064 et
550 3026 653 3080 pro
682 3011 845 3067 domo
869 3028 989 3078 sua.
1016 3015 1156 3071 duos
1176 3017 1360 3073 hircos
1384 3030 1533 3074 stare
1566 3020 1638 3075 fa-
1666 3054 1711 3111 ο

37 3098 164 3151 eiet
191 3112 374 3153 coram
399 3099 652 3165 Domino,
677 3101 734 3155 in
773 3102 914 3158 ostio
945 3104 1281 3161 tabernaculi
1315 3108 1634 3175 testimonii,

37 3190 340 3260 mittetque
362 3207 530 3261 super
557 3200 851 3264 utrumque
874 3205 1073 3262 sortes,
1107 3214 1275 3253 unam
1300 3200 1552 3269 Domino,
1578 3212 1633 3260 et

38 3284 212 3340 aliam
236 3299 401 3355 capro
427 3286 711 3342 emissario
738 3304 751 3341 :
785 3289 942 3358 cujus
973 3305 1094 3345 sors
1152 3293 1369 3359 exierit,
1403 3293 1634 3353 Domino

42 3377 250 3432 oli‘eret
277 3377 424 3433 illum
457 3394 558 3449 pro
583 3387 832 3449 peccato;
861 3383 1020 3452 cujus
1070 3397 1254 3440 autem
1305 3385 1363 3441 in
1407 3403 1632 3458 caprum

42 3468 417 3537 emissarium,
440 3479 643 3526 statuet
671 3487 798 3527 eum
831 3474 1014 3529 vivum
1060 3491 1241 3531 coram
1279 3476 1530 3547 Domino,
1573 3490 1635 3551 ut

44 3559 247 3614 fundat
273 3575 463 3629 preces
489 3577 654 3633 super
673 3580 798 3619 eum
820 3574 875 3621 et
909 3567 1091 3622 mittat
1112 3569 1264 3623 illum
1299 3569 1356 3624 in
1386 3573 1636 3629 solitudi-

42 3666 202 3706 nem.
235 3651 328 3706 His
357 3652 459 3707 rite
477 3653 788 3721 celebratis,
824 3656 1020 3713 oil'eret
1066 3658 1322 3727 vitulum,
1346 3671 1402 3719 et
1434 3679 1632 3736 rogans

44 3757 151 3811 pro
183 3757 243 3797 se
272 3750 325 3798 et
349 3760 449 3815 pro
467 3745 632 3803 domo
658 3763 779 3804 sua.
812 3765 832 3801 ›

121 3831 310 3887 Solent
336 3835 463 3890 caci
489 3834 544 3889 in
578 3835 785 3919 lumine
818 3838 1048 3904 offendi,
1078 3851 1135 3899 et
1151 3842 1402 3900 infideies
1422 3844 1479 3899 in
1510 3842 1653 3916 lege‘

47 3924 145 3979 Dei
181 3927 556 3993 scandalizari,
587 3930 734 3998 quod
776 3929 973 3987 Petrus
1010 3934 1213 4000 sciens,
1250 3945 1358 3991 tam
1380 3936 1450 3992 de
1477 3937 1626 3992 Pauli

46 4019 196 4072 vasis
216 4017 492 4072 electionis
520 4019 785 4089 epistolis,
807 4037 971 4092 quam
999 4023 1066 4079 de
1089 4025 1237 4079 omni
1262 4026 1448 4081 divina
1475 4024 1627 4081 Scri-

48 4121 211 4183 ptura
237 4110 372 4165 dixit
400 4127 414 4163 :
443 4111 509 4166 In
540 4112 726 4175 quibus
754 4124 874 4168 sunt
924 4117 1172 4187 quadam
1205 4118 1441 4188 diﬂicilia
1474 4119 1630 4173 intel-

40 4203 186 4256 lectu
214 4219 326 4274 qua:
371 4202 570 4256 indocti
615 4213 664 4259 et
705 4204 976 4260 instabiles
1027 4214 1341 4277 depravant,
1398 4212 1534 4265 sicut
1577 4221 1628 4266 et

48 4303 264 4347 caeteras
297 4291 625 4361 Scripturas,
662 4293 733 4347 ad
752 4311 906 4349 suam
930 4296 1164 4365 ipsorum
1189 4300 1539 4368 perditionem
1553 4304 1622 4357 ".

1746 1823 2052 1879 sanctionis
2090 1839 2158 1879 ex
2186 1824 2414 1894 spiritus
2463 1825 2909 1881 consideratione
2954 1840 3331 1881 exerceamus.

1748 1915 1893 1969 Duos
1921 1930 2051 1984 ergo
2082 1915 2263 1970 hircos
2290 1924 2531 1971 statuere
2547 1932 2731 1972 coram
2750 1917 2982 1973 Domino
3004 1919 3057 1972 in
3077 1919 3220 1973 ostio
3248 1926 3332 1972 ta-

1746 2007 2026 2063 bernaculi
2058 2008 2352 2063 testimonii
2382 2010 2660 2077 praecepit,
2698 2025 2809 2063 non
2840 2020 3021 2064 autem
3051 2025 3146 2064 eos
3188 2010 3333 2064 abla-
3385 2004 3393 2011 ’

1748 2110 1901 2154 turos
1935 2115 2056 2154 esse
2086 2100 2220 2165 Deo,
2253 2101 2356 2154 hoc
2381 2108 2465 2154 est
2488 2100 2633 2154 enim
2669 2116 2850 2155 coram
2891 2101 3139 2168 Domino,
3171 2116 3240 2154 ne
3261 2101 3330 2154 ad

1745 2192 1945 2244 ostium
1971 2188 2067 2244 Dei
2083 2204 2147 2244 ea
2169 2206 2290 2259 quae
2310 2190 2527 2244 diabolo
2570 2190 2948 2256 mittebantur,
2967 2191 3061 2245 sed
3093 2201 3149 2245 et
3207 2206 3327 2245 sor-

1748 2288 1855 2335 tem
1882 2279 2122 2344 mittere,
2158 2295 2322 2334 unam
2368 2279 2619 2344 Domino,
2645 2287 2699 2333 et
2756 2295 2917 2333 unam
2987 2279 3329 2335 lustrationis

1746 2373 2022 2442 praecepit.
2055 2372 2111 2426 Si
2153 2379 2334 2427 autem
2376 2371 2433 2426 in
2480 2371 2714 2440 alicujus
2760 2370 2980 2442 maligni
3038 2387 3327 2441 personam

1746 2467 2089 2521 emissarium
2128 2467 2449 2535 accepisset,
2502 2479 2846 2534 nequaquam
2870 2466 2939 2520 de
2961 2480 3047 2530 eo,
3071 2481 3196 2520 cum
3261 2480 3328 2519 co

1744 2560 1833 2629 qui
1869 2559 1961 2613 Dei
1982 2567 2121 2623 erat,
2153 2575 2271 2613 sors
2301 2559 2629 2622 mitteretur,
2657 2558 2782 2628 quia
2802 2576 2905 2615 nec
2933 2576 3055 2613 cum
3086 2558 3329 2628 quoliizet

1745 2652 1886 2707 malo
1915 2653 2213 2723 quemlibet
2240 2653 2444 2708 bonum
2502 2662 2706 2707 sortem
2761 2652 2963 2707 habere
3015 2652 3069 2705 in
3129 2651 3327 2706 divinis

1747 2745 2045 2815 Scripturis
2084 2746 2354 2800 invenies.
2393 2743 2496 2800 Sed
2537 2746 2752 2814 quoties
2806 2761 2926 2800 sors
2988 2745 3325 2805 mittebatur.

1741 2837 1976 2907 aequales
2004 2852 2128 2891 cum
2157 2837 2460 2907 :equalibus
2502 2837 2792 2892 mittebant
2842 2846 3038 2902 sortes,
3083 2837 3224 2891 sicut
3273 2846 3328 2891 et

1744 2931 1917 2986 tribus
1949 2930 2136 2995 lsrael,
2162 2930 2512 2994 dividebant;
2538 2945 2666 2983 nam
2693 2930 2913 3000 quando
2936 2946 3036 2998 pro
3069 2929 3207 2985 Juda
3258 2930 3326 2984 ad

1742 3022 2104 3092 apostolatum
2136 3023 2300 3077 alium
2330 3023 2531 3094 eligere
2568 3037 2793 3077 necesse
2828 3022 3123 3086 habebant,
3162 3037 3326 3091 super

1742 3114 1882 3181 duos
1909 3115 2058 3170 viros
2073 3114 2309 3185 aequales
2334 3114 2650 3180 virtutibus,
2681 3123 2736 3170 et
2750 3114 3021 3179 doctrina,
3045 3113 3323 3167 Matthiam

1745 3205 2016 3265 videlicet.
2053 3215 2108 3261 et
2134 3205 2334 3274 Joseph
2358 3205 2589 3274 justum,
2633 3211 2810 3259 sortes
2841 3206 3023 3259 missa:
3050 3212 3200 3269 sunt,
3249 3205 3324 3258 ita

1742 3306 1803 3351 ut
1864 3297 2060 3353 Petrus
2110 3297 2487 3352 concionando
2543 3296 2800 3350 diceret:
2846 3293 2941 3359 Tu,
2963 3295 3207 3360 Domine,
3234 3296 3325 3365 qui

1741 3387 1899 3440 corda
1922 3388 2060 3440 nosti
2104 3387 2362 3451 omnium,
2420 3386 2630 3440 ostende
2675 3401 2828 3455 quem
2869 3384 3097 3455 elegeris.
3124 3401 3188 3438 ea:
3242 3386 3325 3439 Itis

1740 3476 1962 3541 duobus,
1992 3477 2228 3546 accipere
2258 3476 2429 3530 locum
2459 3476 2738 3530 ministerii
2765 3475 2948 3544 hujus,
2977 3485 3025 3528 et
3049 3460 3322 3544 apostolao

1741 3579 1825 3623 tus
1845 3569 1910 3621 ⁸⁸.
1943 3567 2062 3623 Non
2084 3559 2268 3623 'solum
2289 3577 2473 3622 autem
2509 3577 2803 3636 antequam
2862 3582 2984 3621 sors
3011 3568 3324 3622 mitteretur

1739 3658 1794 3713 in
1819 3660 1956 3714 duos
1986 3658 2188 3726 hircos,
2210 3672 2394 3713 coram
2417 3658 2648 3713 Domino
2668 3674 2763 3713 eos
2782 3658 2899 3714 sisti
2925 3659 3204 3728 praecepit,
3225 3659 3326 3715 sed

1738 3761 1794 3805 et
1829 3752 1979 3806 illum
2007 3750 2067 3807 in
2096 3766 2206 3820 quo
2256 3764 2376 3806 sors
2432 3750 2745 3806 emissionis
2802 3750 2971 3816 venit,
3031 3758 3325 3820 postquam

1737 3842 1929 3897 eadem
1972 3857 2093 3899 sors
2138 3857 2304 3913 super
2332 3856 2462 3896 eum
2513 3842 2797 3907 ceciderit,
2859 3851 2914 3897 et
2965 3839 3320 3895 manifestum

1735 3934 1904 3989 fuerit
1932 3935 2098 3989 statui
2129 3949 2315 3990 coram
2346 3934 2577 3988 Domino
2615 3934 2874 4004 praecepit
2903 3943 2959 3989 et
2989 3933 3200 3989 effundi
3221 3948 3316 3988 su-

1735 4043 1835 4098 per
1864 4042 1931 4083 eo
1964 4041 2177 4098 preces.
2205 4026 2493 4093 Quomodo
2531 4041 2663 4097 ergo
2703 4027 2950 4095 quiante
2980 4025 3179 4080 faciem
3212 4024 3315 4081 Dei

1735 4130 1972 4178 statutus
1993 4129 2098 4186 est,
2121 4121 2282 4189 eique
2312 4119 2551 4190 quodam
2602 4119 2765 4174 modo
2794 4127 3167 4181 consecratus,
3199 4118 3321 4186 ipse

1734 4230 1926 4270 rursus
1960 4213 2181 4270 diabolo
2212 4211 2483 4267 mittitur?
2515 4211 2615 4267 Vel
2656 4227 2765 4282 quo
2830 4212 2994 4267 modo
3050 4210 3320 4281 prapitia-

1737 4307 1938 4362 tionem
1973 4314 2345 4378 peccatorum,
2381 4305 2485 4361 hoc
2516 4307 2662 4375 quod
2689 4305 2881 4375 iniquo
2899 4303 3318 4368 transmittitur,

55 4380 164 4438 lloc
202 4392 256 4438 et
278 4398 421 4438 nunc
449 4382 759 4452 patiuntur,
777 4384 868 4453 qui
892 4386 958 4439 ad
986 4400 1143 4441 suam
1179 4389 1539 4457 voluntatem,
1564 4403 1623 4447 et
1658 4406 1701 4462 ο
1733 4398 2060 4454 sacriﬁcium
2091 4397 2335 4469 peragit?
2373 4395 2430 4449 Si
2457 4397 2603 4451 enim
2631 4396 2751 4466 ejus
2781 4396 3015 4450 intentio
3038 4402 3123 4448 est
3146 4394 3316 4448 etiam

52 4489 160 4527 non
188 4475 251 4528 ad
290 4489 469 4529 veram
507 4474 870 4551 intentionem
930 4478 1242 4550 intelligunt
1294 4483 1469 4555 legem
1502 4486 1619 4553 Dei,

54 4572 109 4617 et
134 4565 342 4620 noxium
372 4565 567 4620 animae
609 4580 675 4620 ac
710 4567 1058 4637 pestilentem
1086 4568 1355 4628 idolorum
1405 4577 1620 4633 cultum

53 4655 375 4723 constituere
425 4671 493 4711 ex
542 4657 650 4724 his,
696 4675 818 4730 qua:
847 4662 992 4716 dicta
1051 4676 1181 4720 sunt
1219 4681 1250 4720 a
1291 4667 1616 4738 legislature,

56 4741 280 4799 inaniter
309 4744 568 4816 cogitant.
596 4746 732 4801 Nam
790 4749 984 4805 dicunt
1011 4768 1024 4803 :
1057 4752 1233 4822 Super
1255 4756 1392 4812 duos
1435 4760 1620 4816 hircos

57 4835 140 4890 lex
168 4849 355 4894 sortem
381 4841 524 4896 mitti
554 4846 833 4915 praecepit,
891 4863 1063 4902 unum
1102 4850 1353 4918 Domino,
1385 4855 1616 4912 alterum

58 4935 231 4983 autem
245 4932 307 4986 ad
321 4933 669 4991 emissionem
699 4941 940 5008 separari
969 4942 1244 5011 praecepit.
1270 4943 1618 5004 Emissarium

61 5027 232 5073 autem
257 5026 839 5094 appellantdiabolum,
889 5039 950 5084 ut
989 5048 1053 5085 ex
1122 5033 1226 5086 hoc
1275 5039 1618 5095 occasionem

63 5109 320 5178 praebeant
341 5115 407 5167 ad
435 5119 722 5173 colendum
777 5121 1072 5192 malignum
1107 5123 1159 5176 in
1194 5131 1403 5181 tantum
1457 5146 1617 5184 aures

62 5202 379 5268 obturantes,
419 5207 559 5260 etin
614 5218 824 5265 tantum
892 5226 1073 5268 mente
1123 5218 1272 5272 c;rci.
1331 5217 1616 5284 Quomodo

65 5293 396 5362 eigtihalieat
461 5298 746 5366 rationem,
803 5304 947 5359 haud
1002 5309 1263 5364 credibile
1310 5321 1416 5381 cst,
1471 5317 1613 5383 quod

70 5382 197 5438 Deus
224 5385 327 5455 ipse
348 5388 676 5443 sacrificium
703 5393 919 5447 diabolo
951 5397 1133 5452 oiierri
1164 5402 1464 5471 praecipiat,
1521 5407 1611 5472 qui

231 5592 361 5665 Par.
406 5611 467 5658 η,
509 5595 600 5647 ‘22.
713 5597 760 5629 ”
791 5596 951 5654 Hebr.
993 5619 1083 5665 νη,
1109 5606 1198 5659 ‘27.

73 5670 126 5716 It.
152 5660 230 5717 2i.
330 5663 375 5695 ³ο
406 5664 548 5723 Psal.
586 5681 738 5732 cvm,
782 5667 836 5719 5.
945 5671 990 5702 ⁸ο
1030 5660 1169 5730 l’sal.
1206 5690 1353 5743 xxw,
1390 5660 1473 5732 ll;

1314 5606 1357 5635 ”
1394 5607 1431 5660 ll
1461 5610 1602 5664 Pctr.
1636 5629 1710 5678 Ill,
1747 5614 1825 5667 l6.

1725 4489 1904 4559 justos
1936 4498 2252 4560 peceatores
2301 4486 2540 4553 edicere,
2604 4487 2880 4558 quomodo
2934 4485 3316 4556 peccatoribus

1730 4581 2174 4651 propitiationem
2201 4589 2416 4651 poterat
2445 4579 2779 4649 proﬂigare?
2812 4577 3098 4646 Quomodo
3126 4587 3312 4630 autem

1728 4673 1775 4727 is
1808 4674 1925 4743 ipse
1949 4682 2220 4743 peccator,
2250 4673 2319 4727 de
2348 4687 2459 4741 quo
2486 4673 2560 4725 ait
2590 4670 2758 4725 David
2790 4689 2803 4723 :
2833 4669 3101 4723 Coustitue
3129 4684 3317 4735 pecca-

1730 4774 1893 4818 torent
1913 4766 2161 4817 adversus
2185 4780 2324 4827 eum,
2348 4772 2397 4816 et
2422 4762 2665 4821 diabolus
2693 4772 2794 4815 stet
2817 4780 2850 4814 α
2886 4763 3085 4816 dextris
3110 4761 3224 4829 ejus
3242 4760 3309 4821 ⁸⁸,

1730 4854 2177 4924 propitiationem
2207 4859 2388 4920 potest
2419 4851 2746 4919 conquirere
2795 4852 3193 4920 peccatorum?
3225 4865 3311 4903 so-

1730 4944 1837 4999 lius
1863 4944 2068 5013 quippe
2092 4943 2196 4996 hoc
2225 4940 2313 4995 Dei
2336 4949 2439 5003 est,
2473 4940 2542 4996 ad
2571 4955 2737 5010 quem
2772 4941 2940 4997 David
2967 4941 3208 5005 dicebat,
3240 4940 3311 4994 Et

1729 5036 2020 5106 propitiare
2039 5046 2251 5104 peccato
2286 5050 2416 5099 utea,
2484 5035 2755 5102 copiosum
2805 5043 2880 5088 est
2931 5033 3068 5087 enim
3092 5033 3158 5084 “°.
3214 5032 3310 5085 llis

1729 5143 1858 5198 ergo
1895 5128 1966 5181 ita
1985 5142 2045 5182 se
2076 5126 2421 5189 habentibus,
2479 5133 2535 5180 et
2565 5127 2808 5194 undique
2838 5126 3143 5195 incongruo
3206 5123 3309 5177 huc

1726 5229 1950 5276 ostenso
1970 5220 2244 5276 intellectu
2268 5235 2378 5273 non
2409 5220 2723 5288 ignoremus
2751 5232 2868 5280 nos,
2897 5217 3024 5286 quia
3057 5216 3123 5270 de
3148 5215 3308 5269 (Liui-

1726 5315 1791 5368 sti
1825 5315 2091 5368 sacrilit-io
2153 5314 2335 5383 procul
2369 5313 2534 5366 dubio
2568 5310 2800 5365 maxime
2862 5310 2978 5365 haec
3031 5308 3308 5378 legislator

1723 5406 1934 5459 dixerit.
2010 5404 2160 5459 Unde
2203 5405 2413 5457 testimo
2470 5402 2591 5455 mali
2643 5403 2955 5456 intellectus
3038 5398 3301 5453 zizaniam

1940 5613 1986 5643 ⁵⁵
2017 5611 2187 5665 Exod.
2224 5610 2391 5677 xx,3.
2470 5606 2518 5636 ⁸⁷
2545 5607 2665 5662 Psal
2717 5622 2872 5673 Lxxx,
2918 5607 2999 5662 10.
3084 5607 3129 5637 “
3170 5607 3289 5661 Act.
