3810 6318
440 180 550 255 ’991

1644 190 2007 253 HESYCHII
2042 189 2512 251 PRESBYTER!

3664 189 3760 251 992

446 309 813 368 disseminare
835 310 1041 366 inimici
1068 312 1312 366 veritatis
1339 311 1546 374 volunt,
1579 310 1761 380 εἱστία»
1779 307 2022 379 mysterii
2054 310 2101 363 A
2198 305 2429 374 Caprum
2444 322 2566 360 vero
2594 322 2751 376 super
2778 324 2930 377 quem
2980 308 3176 362 uenerit
3240 306 3581 361 emissionis
3626 324 3751 367 sors,

450 402 781 467 invidentes,
810 404 1129 474 clarumque
1181 403 1299 472 ejus
1362 402 1735 457 testimonium
1786 417 1850 456 ex
1906 402 2027 471 lege

450 495 864 549 considerantes
896 495 1057 563 :quia
1088 495 1231 548 enim
1284 493 1448 557 Deus,
1482 502 1537 547 ct
1571 494 1734 547 homo
1762 501 1899 554 erat,
1932 491 2025 560 qui

454 601 553 654 pro
570 586 727 639 nobis
750 587 1062 640 incarnatus
1085 596 1166 639 est
1191 584 1440 640 Christus
1483 585 1665 645 Jesus.
1719 584 2028 653 impossibi-

455 676 559 730 lem
576 676 912 730 divinitatem
930 677 1261 737 custodiens,
1317 678 1485 731 solam
1515 678 1869 746 passionibus
1926 677 2029 731 hu-

456 768 773 822 manitatem
804 769 1050 836 praebuit,
1085 767 1311 821 eﬂ‘ectus
1375 779 1555 822 autem
1585 768 1855 837 passionis
1885 768 2024 835 ejus,

456 857 508 912 id
537 866 620 911 est
647 865 827 911 nostra
858 857 1191 925 pmpitiatio,
1220 874 1326 910 non
1357 858 1531 910 solum
1577 874 1770 925 ,pass:e
1820 859 2027 923 carnis,

455 947 550 1001 sed
588 947 758 1000 multo
787 948 959 1015 magis
994 948 1343 1015 impassibilis
1366 948 1665 1002 divinitatis
1699 948 1819 1008 fuit.
1884 948 2031 1017 quod

456 1047 689 1093 testatur
717 1038 937 1096 Paulus.
971 1038 1205 1091 dicens:
1253 1038 1355 1102 Qui
1405 1056 1522 1092 cum
1584 1049 1716 1093 esset
1788 1039 2035 1108 splendor

455 1129 655 1200 gloriae,
685 1140 734 1182 et
756 1131 929 1200 figura
963 1132 1269 1184 substantia:
1312 1132 1446 1199 ejus.
1507 1142 1822 1200 portans-que
1856 1133 2035 1185 omnia

456 1220 606 1273 verba
637 1222 845 1273 virtutis
870 1237 979 1273 sua:
1012 1222 1078 1272 “.
1117 1221 1506 1274 Demonstrans
1538 1231 1718 1276 autem
1751 1225 1893 1292 quod
1922 1225 2036 1277 ham

456 1310 640 1363 omnia
668 1311 734 1361 de
767 1308 1040 1378 Unigeniti
1104 1309 1388 1362 divinitate
1434 1310 1704 1373 dicantur,
1738 1310 1984 1362 subdidit
2018 1324 2032 1361 :

458 1399 835 1465 Purgationem
867 1407 1196 1466 peccatorum
1251 1398 1467 1468 faciens,
1491 1399 1629 1451 sedet
1659 1400 1729 1451 ad
1769 1399 2039 1451 dexteram

460 1490 762 1559 majestatis
790 1490 845 1541 in
871 1490 1088 1542 erecta-is
1132 1491 1201 1553 ⁶¹,
1236 1490 1335 1557 ipsi
1376 1490 1507 1556 Deo,
1558 1491 1724 1545 verbo
1766 1491 1926 1544 etiam
1975 1506 2039 1543 ea

462 1598 583 1650 qua:
614 1582 828 1649 proprie
859 1583 977 1647 eius
999 1592 1153 1635 erant
1186 1584 1388 1645 carnis,
1424 1585 1786 1654 conjungens.
1816 1586 1872 1638 Si
1907 1601 2037 1653 ergo

463 1673 580 1724 [nec
610 1683 737 1738 apte
774 1672 916 1724 dicta
942 1681 1088 1735 sunt,
1113 1681 1400 1741 pmpterca
1442 1674 1550 1727 duo
1573 1682 1864 1729 sumuntur
1880 1675 2037 1739 hirci,

462 1770 523 1815 et
556 1770 871 1814 statuuntur
899 1777 1083 1815 coram
1121 1763 1371 1826 Domino,
1406 1763 1458 1815 itt
1514 1765 1656 1817 ostio
1701 1765 2040 1819 tabernaculi

464 1851 783 1913 testimonii,
822 1861 882 1904 ut
906 1852 970 1904 ad
1000 1852 1287 1921 imaginem
1340 1852 1544 1907 Christi
1583 1854 1699 1907 h:cc
1733 1854 1784 1907 in
1813 1855 1889 1906 eis
1912 1870 2040 1923 age-

464 1952 672 1996 rentur.
709 1941 829 2009 lpse
859 1951 941 1995 est
969 1943 1111 1995 enim
1143 1943 1343 1996 ostium
1364 1959 1573 2008 verum,
1593 1945 1736 2012 quod
1760 1946 1823 1998 ad
1844 1947 2042 1999 ostium

465 2034 798 2089 tabernaculi
833 2032 1151 2092 testimonii,
1185 2036 1329 2103 quod
1370 2046 1455 2089 est
1483 2037 1534 2087 in
1563 2036 1735 2100 caelis,
1773 2038 1941 2091 ducit.
1980 2037 2045 2090 Et

465 2127 627 2181 mittit
647 2128 824 2181 Aaron
858 2144 1024 2196 super
1054 2137 1345 2196 utrumque
1378 2130 1589 2182 hircum
1615 2140 1841 2194 sortem,
1871 2147 2041 2183 unum

464 2219 702 2288 quidem.
737 2227 798 2272 ut
827 2221 1026 2272 virtute
1064 2230 1117 2272 et
1166 2219 1561 2289 signiﬁcatione
1609 2221 1839 2274 sortium
1878 2221 2043 2275 dividi

465 2307 932 2377 dispensationem
987 2308 1291 2362 divinitatis
1346 2309 1546 2363 Christi
1585 2318 1641 2362 et
1694 2311 2046 2363 humanitatis

466 2398 854 2469 intelligamus.
890 2399 1063 2453 Dividi
1097 2416 1245 2465 vero,
1280 2410 1386 2453 tam
1439 2401 1565 2454 huic
1596 2417 1759 2469 quam
1797 2403 1873 2455 illi
1918 2410 2050 2455 sunt

468 2492 706 2559 prepria,
750 2502 808 2544 ut
840 2493 1189 2560 luecqnidetn
1223 2494 1581 2562 patiatur,illa
1613 2505 1795 2547 autem
1829 2495 2049 2546 oculor-

470 2590 551 2635 tet
584 2582 900 2649 patientem,
929 2594 983 2635 et
1016 2599 1111 2652 per
1128 2584 1406 2652 passiones
1439 2600 1559 2653 qua:
1605 2585 1657 2637 in
1731 2601 1794 2638 ea
1855 2602 2051 2655 opera-

470 2670 702 2737 bantur;
725 2680 831 2725 tam
865 2673 1153 2726 contrarie
1182 2674 1336 2729 nobis
1394 2674 1811 2729 moderarentur
1843 2679 2052 2745 passio~

472 2772 594 2822 ncs,
638 2775 799 2827 quam
871 2778 1022 2813 suant
1086 2763 1463 2816 manifestaret
1539 2765 2048 2834 itnpassibilitatem.

475 2848 680 2903 Deinde
708 2860 910 2903 sortem
935 2867 1117 2915 unam,
1161 2853 1255 2914 ait,
1302 2853 1550 2916 Domino,
1584 2866 1639 2909 et
1668 2856 1830 2909 altam
1887 2872 2053 2926 capro

2129 406 2325 452 statuet
2354 400 2523 453 virum
2543 410 2665 453 ante
2686 399 2959 453 dominum
2986 441 2999 465 ,
3037 411 3095 453 ut
3150 402 3346 470 fundat
3365 413 3581 466 preces
3606 414 3755 467 super

2129 506 2208 544 eo.
2240 490 2375 556 Quia
2405 492 2547 546 enim
2566 501 2768 546 sortem
2802 493 3072 547 emiss-atii
3105 493 3349 545 diximus
3380 492 3653 562 ﬁgurate
3680 508 3751 547 re-

2132 582 2259 636 ferri
2283 583 2349 636 ad
2380 566 2583 638 Clit-isti
2615 584 2981 647 divinitatem,
3041 590 3245 638 statuet
3304 583 3470 636 hanc
3544 584 3749 643 vinis,

2132 674 2524 744 impassibilem
2568 676 2909 737 custodiens,
2962 684 3022 729 ut
3052 690 3151 744 per
3193 690 3321 728 eam
3376 674 3745 742 deprecetur.

2131 765 2303 820 Nemo
2346 766 2490 819 enim
2540 775 2720 835 potest
2766 766 3042 819 dimittere
3100 773 3355 833 peccata,
3417 763 3548 818 nisi
3616 765 3752 817 solus

2138 856 2299 909 Deus.
2346 855 2781 910 Dimittitaatem
2811 871 2936 910 eum
2988 856 3040 908 in
3073 855 3408 917 solitudine,
3472 862 3560 917 et,
3623 854 3751 907 sicut

2137 947 2287 1001 aiunt
2318 945 2481 1010 LVX,
2512 946 2739 1015 portabit
2772 946 2947 998 hircus
2982 961 3138 1012 super
3169 960 3227 997 se
3249 944 3500 996 nomina
3554 958 3749 1005 tona,

2134 1041 2190 1093 in
2226 1048 2420 1091 terram
2442 1037 2768 1096 solitariam.
2800 1037 2914 1091 sive
2939 1037 3157 1089 iuriam.
3195 1034 3509 1088 Desertam
3536 1047 3747 1093 terra,

2138 1140 2193 1185 et
2225 1130 2543 1193 solitariam,
2578 1130 2692 1182 sive
2725 1128 2925 1182 inviam
2992 1127 3314 1180 nullatenus
3356 1126 3749 1179 existimemus

2138 1238 2287 1276 nunc
2321 1221 2372 1274 in
2401 1222 2644 1290 quolibet
2673 1220 2817 1274 maio
2852 1228 3109 1288 oportere
3147 1218 3367 1286 accipi,
3441 1232 3641 1286 neque
3668 1231 3749 1284 per

2143 1315 2245 1366 hoc
2279 1313 2490 1381 piorum
2516 1328 2696 1375 aures,
2727 1312 2780 1364 hi
2807 1311 2897 1380 qui
2929 1311 2995 1364 ad
3041 1310 3400 1379 impietatem
3432 1310 3625 1380 legem
3654 1318 3747 1362 tra-

2140 1405 2299 1469 hunt,
2339 1405 2687 1458 conturbent.
2726 1403 3005 1456 Desertam
3052 1403 3201 1455 enim
3245 1417 3277 1454 a
3316 1400 3485 1453 malo
3509 1400 3666 1461 dicit,
3705 1411 3747 1453 et

2142 1494 2471 1556 solitariam,
2496 1492 2612 1545 sive
2642 1492 2869 1555 inviam,
2905 1488 3025 1561 qua:
3051 1492 3119 1544 ab
3163 1491 3643 1561 intelligibilihus
3668 1492 3747 1543 bo.

2142 1586 2318 1641 slibus
2338 1583 2602 1638 ambul-ari
2634 1598 2741 1636 non
2778 1591 2979 1651 potest,
3011 1582 3064 1634 in
3089 1597 3197 1650 qua
3224 1581 3387 1636 Deus
3421 1583 3666 1642 habitat,
3708 1592 3749 1632 et

2142 1686 2387 1747 apparet,
2410 1677 2554 1745 quod
2577 1674 2889 1729 manifestat
2924 1674 3087 1727 David
3109 1674 3313 1727 dicens
3353 1691 3371 1726 :
3443 1673 3598 1727 Deus
3630 1673 3748 1725 Dat

2146 1786 2310 1828 meus,
2344 1773 2414 1821 ad
2453 1778 2501 1821 te
2522 1769 2584 1820 de
2604 1768 2716 1820 luce
2744 1766 2924 1836 vigilo.
2970 1764 3145 1820 Sitivit
3166 1765 3222 1817 in
3279 1774 3338 1817 te
3374 1765 3582 1816 animo
3629 1780 3747 1823 usa.

2144 1877 2304 1929 quant
2352 1858 2716 1925 multipliciter
2741 1859 2834 1910 tibi
2866 1873 2991 1910 caro
3026 1872 3165 1911 mea.
3220 1855 3287 1909 In
3337 1857 3595 1919 deserto,
3630 1865 3680 1908 et
3706 1858 3749 1907 is

2143 1952 2303 2015 invio,
2328 1961 2376 2005 et
2406 1953 2681 2021 inaquoso,
2711 1952 2786 2003 sic
2819 1950 2876 2003 in
2914 1957 3096 2003 sancto
3120 1949 3373 2017 apparui
3398 1948 3530 2009 tibi,
3556 1957 3611 2000 ut
3629 1948 3748 2000 ride-

2147 2058 2255 2094 rent
2279 2043 2522 2095 virtutem
2552 2051 2718 2097 tuam.
2744 2050 2792 2094 et
2819 2041 3043 2112 gloriam
3077 2051 3229 2093 tuam
3273 2039 3353 2093 ⁸⁸.
3403 2041 3561 2109 Ergo
3586 2040 3748 2093 desero

2148 2141 2262 2187 tum
2284 2143 2339 2185 et
2358 2131 2585 2196 invium,
2607 2140 2855 2185 sanctum
2890 2140 2993 2193 est,
3016 2139 3071 2183 et
3100 2130 3292 2183 Sancti
3322 2141 3658 2183 sanctorum
3679 2131 3757 2182 bs-

2148 2224 2465 2287 bitaculum,
2494 2225 2583 2277 ubi
2617 2224 2672 2276 in
2704 2225 2872 2277 caelos
2904 2222 3157 2277 divinitas
3183 2232 3463 2291 tempore
3506 2223 3749 2293 passionis

2150 2316 2350 2370 abiisse
2385 2314 2608 2379 dicitur,
2641 2330 2752 2368 non
2783 2315 2851 2367 de.
2882 2314 3000 2367 loco
3036 2314 3101 2366 ad
3131 2313 3320 2367 locum
3368 2314 3648 2383 migrans,
3676 2313 3748 2367 sed

2152 2408 2416 2462 cohibens
2451 2406 2726 2475 propriam
2759 2406 3016 2459 virtutem
3057 2419 3122 2458 ex
3160 2405 3566 2461 humanitate.
3593 2414 3649 2457 ut
3673 2403 3749 2456 da-

2158 2508 2243 2552 ret
2273 2498 2509 2567 Spatium
2539 2496 2803 2565 passioni.
2835 2497 2891 2548 in
2942 2497 3059 2549 loco
3109 2495 3281 2564 digno
3342 2495 3489 2559 sibi,
3555 2495 3609 2548 in
3648 2495 3747 2548 sine

2154 2589 2330 2643 Patris
2365 2588 2617 2641 videlicet
2644 2601 2894 2639 manens.
2925 2586 3006 2640 Ad
3034 2601 3159 2653 quae
3182 2586 3384 2639 nullus
3405 2584 3746 2646 acea-dumis

2155 2682 2273 2751 ipse
2307 2692 2360 2734 et
2393 2690 2617 2734 sanctus
2649 2679 2905 2749 Spiritus,
2931 2688 2987 2731 et
3012 2677 3141 2745 quia
3174 2676 3297 2745 ipse
3352 2679 3415 2731 in
3469 2678 3636 2731 Patre
3662 2685 3746 2733 est.

2157 2783 2203 2825 et
2240 2773 2476 2841 Spiritus
2496 2780 2740 2835 sanctus,
2762 2769 2904 2823 sicut
2933 2768 3267 2838 evangelicis
3294 2768 3614 2822 didicimus
3655 2767 3747 2819 Lit-

2159 2866 2308 2929 teris,
2340 2878 2468 2932 ergo
2502 2863 2671 2926 abire,
2709 2862 2969 2915 cohibere
3012 2860 3279 2930 intellige.
3312 2859 3419 2913 Sic
3455 2862 3612 2913 enim
3632 2858 3750 2911 Deus

471 2941 780 3006 emissario,
812 2957 920 2994 non
952 2942 1042 2995 alti
1082 2943 1184 3007 nisi
1207 2944 1438 3004 Christo,
1466 2947 1607 3000 sicut
1637 2949 1890 3016 superius
1912 2950 2052 3003 dixi-
2084 2967 2127 3023 (ι
2161 2956 2331 3020 abire,
2357 2956 2445 3023 qui
2479 2955 2681 3023 ubique
2712 2968 2954 3022 prmsens
3001 2960 3104 3014 est,
3143 2967 3271 3004 cum
3335 2965 3506 3004 suam
3552 2950 3749 3004 cohibet

473 3046 616 3084 mus.
645 3033 698 3085 Si
724 3033 946 3087 inimico
962 3034 1175 3086 cuidam
1225 3043 1281 3087 et
1330 3035 1565 3106 maligno
1608 3053 1725 3091 sors
1750 3049 1844 3092 aut
1873 3041 2058 3096 hircus

474 3124 719 3179 daretur.
745 3139 850 3176 tton
884 3130 1170 3177 sortiretur
1204 3142 1325 3179 cum
1357 3127 1486 3183 Deo.
1522 3129 1615 3182 sed
1642 3145 1741 3183 nec
1764 3131 1828 3184 ad
1855 3131 2002 3184 ostiu
2023 3147 2053 3183 ιι

476 3218 810 3268 tabernaculi
832 3217 1126 3271 testimonii
1157 3219 1538 3285 deduceretur,
1569 3238 1669 3274 ttec
1688 3240 1875 3291 preces
1896 3241 2063 3293 super

476 3321 602 3359 eum
628 3305 1010 3373 funderentur,
1057 3309 1142 3361 vel
1190 3310 1505 3378 propitiatio
1556 3311 1609 3364 in
1668 3328 1733 3365 eo
1783 3302 2055 3383 ageretur.

477 3397 655 3466 Caper
691 3416 818 3470 ergo
848 3400 1183 3459 emissarios.
1243 3411 1431 3470 utpote
1482 3404 1571 3472 qui
1600 3406 1835 3461 emissus
1863 3418 1945 3460 est
2006 3417 2061 3463 et

476 3490 935 3549 nonitnmolatur.
963 3492 1179 3546 dicitur.
1214 3492 1384 3560 Cuius
1426 3504 1603 3549 autem
1641 3496 1715 3549 rei
1741 3498 1910 3566 gratia
1949 3513 2059 3552 non

477 3580 812 3663 inmydatur,
833 3582 923 3649 qui
950 3582 1013 3635 ad
1048 3582 1418 3650 conﬁrmatum
1453 3584 1749 3652 deputatus
1777 3595 1883 3650 est,
1915 3587 2060 3641 sicut

477 3673 669 3742 Aquila
696 3675 899 3727 edidit?
919 3675 1040 3743 quis
1067 3686 1251 3730 autem
1278 3676 1347 3730 sit
1375 3676 1726 3731 conﬁrmatus
1750 3677 1861 3732 sive
1880 3679 2055 3745 fortis,

478 3764 606 3820 audi
641 3765 743 3820 Job
778 3766 1046 3821 dicentem
1082 3783 1094 3817 :
1121 3765 1258 3832 Scio,
1295 3769 1418 3836 quia
1447 3778 1626 3836 potens
1653 3786 1726 3832 es,
1753 3779 1802 3823 et
1832 3770 1980 3824 nulla
2010 3781 2058 3825 te

481 3859 609 3914 latet
647 3860 894 3928 cogitatio
929 3860 995 3913 ".
1041 3860 1179 3913 Audi
1226 3868 1281 3914 et
1343 3860 1509 3913 David
1546 3877 1560 3913 :
1632 3860 2057 3918 Firmamentum

480 3959 555 4003 est
584 3949 835 4002 Dominus
867 3951 1168 4004 timentibus
1197 3967 1313 4003 eum
1345 3951 1407 4006 ‘l'.
1445 3952 1603 4021 Ergo,
1662 3967 1768 4005 una
1837 3952 2056 4021 quidem

482 4051 601 4090 sors
654 4036 943 4091 immolata:
999 4037 1150 4091 carni
1208 4036 1436 4103 Christi,
1485 4054 1607 4107 quae
1632 4054 1755 4094 cum
1789 4039 1939 4094 unita
1989 4040 2061 4095 sit

482 4129 595 4183 Deo
621 4128 820 4193 Verbo,
850 4140 998 4185 recte
1030 4130 1291 4183 Dominus
1319 4131 1651 4185 nominatur.
1674 4131 1903 4200 Propter
1919 4132 2063 4202 quod

484 4219 682 4275 Paulus
704 4222 810 4275 ait:
843 4220 901 4276 Si
931 4237 1052 4291 ergo
1081 4223 1457 4291 cognovissent,
1489 4240 1759 4294 nunquam
1784 4224 2065 4278 Dominum

484 4312 665 4383 gloria:
745 4313 1122 4381 cruciﬁxirseut
1152 4314 1215 4367 ⁸⁸.

485 4404 668 4457 Deitas
696 4404 982 4472 accipitur.

557 4492 701 4548 Sorti
720 4494 980 4563 subjiciet.
1045 4495 1175 4551 Sors
1223 4498 1323 4552 ista
1355 4498 1409 4551 in
1460 4498 1564 4551 hac
1591 4498 1893 4567 accipitur:
1934 4502 2063 4557 ‘lnec

489 4585 634 4639 enim
660 4586 842 4639 omnia
859 4587 1134 4651 obtinens,
1166 4590 1329 4643 etiam
1376 4590 1647 4659 propriam
1685 4606 1906 4645 carnem
1937 4609 2063 4662 pas-

488 4676 642 4732 sione
690 4686 839 4733 recte
893 4680 1255 4736 conﬁrmavit.
1305 4681 1596 4752 Propterea
1647 4683 1840 4737 oﬂ‘eret
1882 4685 2065 4740 Aaron

489 4788 733 4841 caprum,
768 4772 823 4825 in
849 4789 956 4842 quo
989 4775 1293 4829 venerit-ei
1319 4791 1439 4830 sors
1485 4776 1735 4840 Domino,
1774 4786 1828 4830 et
1875 4777 2071 4833 oﬂ‘eret

490 4881 613 4918 eum
642 4880 738 4933 pro
764 4875 1007 4934 peccato.
1036 4866 1395 4937 lntelligibilis
1451 4869 1595 4923 enim
1662 4870 1864 4931 Aaron,
1900 4870 1945 4922 is
1976 4870 2068 4940 qui

490 4955 794 5011 sacerdotio
823 4967 1013 5011 nostro
1056 4967 1272 5026 praeest.
1334 4959 1403 5013 de
1451 4975 1560 5028 quo
1627 4960 1825 5016 Paulus
1890 4960 2065 5014 dicit:

488 5048 636 5101 Sicut
661 5049 956 5106 Aaron,sic
983 5058 1033 5101 et
1073 5047 1307 5104 Christus
1347 5051 1681 5118 semetipsum
1731 5051 2062 5121 glorificavit,

494 5148 547 5190 ut
579 5141 821 5192 sacerdos
851 5140 996 5206 ﬁeret
1033 5138 1096 5191 ⁸⁸.
1131 5138 1226 5194 ilic
1254 5156 1404 5195 suam
1434 5155 1652 5195 carnem
1685 5140 1877 5195 oll'eret
1904 5142 2065 5206 Patri,

496 5240 547 5281 et
581 5229 773 5297 inipsa
802 5231 995 5283 olferet
1021 5247 1116 5298 pro
1142 5239 1388 5300 peccato,
1430 5231 1497 5286 de
1546 5248 1654 5302 quo
1717 5232 1918 5288 Paulus
1966 5234 2069 5287 lle-

499 5320 657 5374 bt‘a-is
697 5321 916 5390 scripsit
950 5339 962 5374 :
1000 5322 1095 5375 llic
1127 5339 1285 5375 unam
1310 5339 1404 5391 pro
1448 5333 1660 5390 peccato
1711 5325 1924 5394 offerens
1977 5327 2069 5377 Ito-

501 5414 679 5475 stiam,
715 5414 768 5464 in
800 5424 1101 5479 perpetuum
1136 5415 1274 5467 sedet
1313 5415 1365 5465 itt
1396 5415 1578 5467 dextra
1605 5416 1696 5468 Dei
1728 5418 1789 5470 ⁸⁷.

571 5552 615 5582 ⁸⁵
649 5553 808 5607 Hebr.
845 5569 880 5613 1,
916 5555 966 5607 5.

509 5620 593 5677 12.

1080 5558 1122 5585 ⁹¹
1158 5555 1290 5609 ibid.

670 5623 713 5653 “
743 5624 883 5677 i's.:l.
916 5639 1046 5689 Lm,
1084 5626 1197 5681 1-5.

1407 5557 1449 5585 ⁸³
1472 5555 1571 5608 Job
1605 5573 1730 5613 xm.
1760 5557 1807 5610 .‘i.

1275 5628 1317 5656 δ’
1396 5625 1550 5679 Deut.
1594 5644 1661 5691 tv,
1684 5628 1772 5680 Eii.

1306 4312 1365 4366 ιιι
1446 4315 1825 4370 conﬁrmatum
1880 4327 2062 4371 autem
2100 4302 2139 4355 ί)

1926 5559 1970 5587 ⁸³
1996 5558 2137 5610 Psal.
2170 5571 2313 5610 XXIV.
2356 5555 2436 5606 li.

1852 5630 1891 5657 7“
1923 5627 2110 5682 Matth.
2157 5643 2242 5689 xv,
2277 5625 2368 5678 2i.

2160 3048 2558 3117 operationem,
2595 3046 2815 3099 dicitur.
2851 3042 3038 3097 Portat
3081 3043 3250 3096 etiam
3292 3041 3639 3111 iniquitates
3665 3055 3749 3093 oo-

2160 3150 2320 3201 stt-as,
2352 3139 2477 3207 quia
2515 3138 2655 3208 ignis
2684 3136 2962 3207 proprium
2997 3142 3082 3188 est
3119 3133 3309 3188 fenum
3330 3144 3750 3193 consumerem

2159 3228 2459 3282 divinitatis
2490 3236 2773 3295 peccatum
2807 3225 3100 3294 perimere,
3150 3223 3299 3277 unde
3327 3230 3393 3276 et
3446 3222 3595 3292 ignis
3630 3236 3748 3275 con-

2160 3335 2383 3376 sumi-ns
2410 3320 2551 3373 Deus
2583 3317 2786 3372 dicitur
2818 3317 2884 3370 “.

2230 3408 2609 3461 “235.1143.
2649 3423 2668 3455 ‹
2704 3406 2767 3460 Et
2788 3404 2983 3458 oﬂ‘eret
3008 3407 3189 3457 Aaron
3227 3400 3475 3455 vitulum
3514 3415 3618 3471 pro
3633 3414 3739 3469 pes

2161 3508 2303 3557 cato.
2337 3507 2392 3552 et
2418 3513 2612 3568 rogans
2640 3511 2739 3565 pro
2774 3511 2855 3554 se.
2899 3504 2955 3549 et
2991 3511 3091 3565 pro
3128 3494 3295 3548 domo
3326 3509 3456 3559 sua,
3494 3492 3737 3547 immoia~

2164 3592 2244 3646 bit
2272 3606 2417 3645 eum.
2443 3590 2849 3658 Assumptoque
2884 3588 3188 3652 thuribulo,
3217 3586 3372 3656 quod
3423 3587 3496 3641 de
3564 3586 3741 3657 prunis

2164 3682 2351 3735 altaris
2377 3680 2701 3749 impleverit,
2731 3688 2786 3731 et
2818 3678 3081 3732 hauriens
3141 3692 3309 3731 manu
3380 3677 3738 3745 compositu

2168 3772 2458 3843 thymiama
2490 3773 2547 3826 in
2579 3772 2885 3834 incensum,
2917 3764 3059 3823 ultra
3084 3769 3266 3823 velum
3291 3768 3532 3822 intrabit
3558 3769 3739 3823 insan-

2164 3874 2273 3926 cta,
2330 3872 2392 3918 ut
2448 3864 2643 3932 positis
2695 3877 2862 3931 super
2912 3861 3092 3932 ignem
3149 3860 3518 3922 aromatibus,
3553 3860 3735 3919 nehnh

2165 3970 2353 4009 eorum
2381 3961 2436 4007 et
2484 3968 2655 4022 vapor
2683 3952 2894 4021 operiat
2940 3952 3247 4011 oraculum.
3288 3951 3446 4021 quod
3474 3960 3569 4006 est
3595 3964 3738 4019 sapa

2167 4045 2561 4107 testimonium,
2590 4053 2645 4099 et
2674 4059 2785 4097 non
2813 4043 3099 4097 moriatur.
3133 4061 3151 4094 ι
3448 4116 3553 4123 η’,
3590 4115 3725 4126 ,μή

2237 4140 2373 4205 Quia
2392 4139 2555 4193 multa
2577 4139 2891 4208 frequenter
2932 4146 3054 4192 acta
3083 4136 3323 4193 diximus
3376 4152 3483 4207 per
3552 4135 3739 4192 sacriﬁ-

2169 4230 2311 4285 cium
2345 4227 2658 4286 Salvatoris.
2688 4228 3002 4282 necessarie
3039 4226 3185 4281 ineo
3237 4224 3435 4280 multa:
3464 4225 3735 4294 exquisita

2170 4331 2296 4377 sunt
2320 4323 2374 4375 in
2402 4319 2881 4391 legediﬂ‘erentim.
2904 4318 3294 4388 Principaliter
3322 4332 3462 4388 ergo
3522 4333 3627 4387 per
3679 4316 3733 4369 ii-

2170 4414 2284 4478 lud,
2311 4414 2410 4483 ipsi
2434 4411 2598 4466 Israel
2629 4412 3017 4483 profligabatur
3046 4411 3323 4465 absolutio
3356 4407 3733 4480 propterqqu

2170 4506 2421 4561 dicebat:
2459 4503 2578 4557 Non
2609 4505 2721 4557 reni
2754 4503 2855 4555 nisi
2888 4503 2959 4555 ad
2994 4518 3109 4556 oves
3136 4515 3253 4571 qua:
3278 4500 3735 4569 periei-urtth

2169 4596 2338 4652 Israel
2358 4596 2402 4627 ⁷⁰
2458 4596 2579 4649 Non
2609 4595 2781 4649 solum
2813 4603 2999 4647 autem
3045 4593 3217 4648 Israel
3248 4591 3527 4655 liheratio,
3556 4590 3652 4645 sed
3690 4596 3732 4640 et

2172 4686 2414 4758 gentium
2445 4686 2695 4739 ineratin
2729 4683 3002 4737 sacrilicio
3050 4680 3249 4735 Christi
3288 4680 3591 4735 correctio.
3643 4675 3731 4731 Bo:

2172 4785 2355 4830 autem
2388 4784 2572 4845 aperte
2601 4772 2801 4827 Paulus
2821 4785 3120 4841 exponens,
3148 4771 3212 4824 ad
3242 4769 3519 4839 Ephesios
3547 4767 3731 4823 scribt-

2172 4867 2296 4920 bat:
2328 4867 2387 4923 Ut
2418 4868 2545 4920 duos
2569 4863 2756 4917 condat
2790 4864 2845 4915 in
2891 4861 3187 4931 semetipso,
3238 4859 3292 4911 in
3356 4874 3523 4911 unum
3568 4871 3730 4911 um:-

2170 4958 2428 5011 ltontinem
2448 4958 2643 5027 faciens
2670 4971 2849 5023 pacezn
2878 4963 2926 5008 et
2954 4950 3253 5007 reconciliet
3298 4951 3483 5002 ambos
3541 4950 3604 5001 in
3651 4964 3730 5002 uno

2172 5068 2386 5121 corpore
2427 5051 2550 5114 Deo,
2594 5066 2684 5119 per
2717 5063 2924 5100 crucem
2972 5045 3289 5113 interﬁciens
3340 5043 3655 5095 inimicitias
3690 5056 3730 5091 ιι

2175 5143 2471 5209 semetipso.
2500 5151 2546 5193 et
2587 5141 2795 5194 veniens
2843 5136 3217 5207 evangelizavit
3267 5148 3452 5200 pacem
3474 5131 3623 5185 vobis
3664 5128 3729 5197 σιξ

2178 5232 2327 5302 longe
2360 5231 2553 5300 fuistis,
2578 5239 2623 5281 et
2665 5245 2846 5297 pacem
2875 5227 2953 5279 Itis
2994 5227 3082 5295 qui
3110 5240 3270 5293 prope
3301 5224 3366 5273 ".
3398 5222 3592 5291 Longe
3626 5234 3726 5291 scit-

2182 5336 2262 5378 tes
2294 5323 2577 5393 appellans
2602 5323 2727 5389 quia
2754 5320 2913 5389 longe
2964 5318 3031 5371 ab
3063 5318 3209 5370 omni
3271 5315 3459 5369 divina
3527 5310 3724 5367 sciens:

2179 5425 2355 5475 erant,
2388 5415 2538 5482 juxta
2574 5412 2736 5465 Israel
2769 5425 2928 5479 quem
2964 5407 3333 5476 propinquare
3368 5404 3665 5471 propheta.
3684 5408 3728 5450 ﬂ

2516 5555 2555 5580 ”
2583 5552 2600 5605 1
2629 5555 2747 5602 lior.
2786 5567 2843 5607 tt,
2881 5549 2929 5599 8.
3008 5548 3055 5582 ⁸⁸
3088 5545 3248 5599 Hebr.
3291 5563 3342 5609 v,
3379 5543 3430 5597 ὅ.
3512 5544 3554 5569 ⁶⁹
3585 5541 3711 5597 Hebr

2442 5623 2482 5653 τ’
2522 5623 2718 5688 Epltcs.
2751 5618 3018 5684 “,15-17.
