3810 6318
11 359 155 423 993
1223 360 1302 420 IN
1345 361 1786 422 LEVITICUH.
1816 386 1882 396 -
1924 362 2069 421 LIB.
2106 362 2173 422 ν.
3220 369 3323 433 σω

11 471 126 526 lex
167 471 426 527 faciebat.
464 471 674 528 Dehine
704 472 1037 528 subnectens
1064 470 1265 528 Paulus
1300 473 1462 526 dixit:
1496 471 1634 537 Quia
1667 486 1708 538 Α
1739 472 2000 528 Adeamus
2032 491 2150 527 cum
2176 476 2492 545 conﬁdentia
2531 476 2601 530 ad
2633 477 2876 533 thronum
2901 478 3086 550 gloria:
3116 482 3228 549 ejus
3252 484 3325 535 '".

11 581 133 630 per
163 565 339 634 ipsum
357 562 607 617 habemus
627 578 914 628 accessum,
936 565 1147 635 utrique
1170 564 1226 616 in
1250 579 1352 618 uno
1367 564 1555 634 spiritu
1576 565 1649 618 ad
1750 564 1865 619 Hoc
1890 580 2020 636 ergo
2046 566 2390 638 intellig'bile
2413 568 2628 623 dicebat
2649 570 2840 632 altare,
2890 573 3036 641 quod
3090 571 3325 628 manifev

12 654 279 708 Patrem
308 653 374 708 ".
400 653 653 708 immolat
677 669 810 725 ergo
871 654 1237 723 intelligihilis
1267 658 1452 707 Aaron
1499 656 1639 710 vitu-
1749 663 2035 722 stantquae
2061 665 2409 725 sequuntur;
2444 658 2521 712 ait
2544 659 2691 713 enim
2725 677 2739 712 :
2780 662 2843 717 Ut
2872 663 3197 733 accipiamus
3228 666 3328 717 miv

11 744 191 811 lum,
218 747 270 802 id
302 754 387 802 est
410 748 691 817 propriam
749 763 1000 813 carnem,
1030 749 1190 817 cujus
1228 749 1407 803 hostia
1429 749 1648 816 quando
1747 745 2110 812 sericordiam,
2138 757 2186 800 et
2217 749 2446 817 gratiam
2482 750 2812 804 inveniamus
2839 754 2895 804 in
2915 757 3118 808 auxilio
3145 772 3323 825 oppor-

11 835 366 893 ithtdaicae
390 838 568 906 plebis
586 838 972 892 liberationem
1000 841 1285 910 accipitur,
1313 840 1645 895 sacrificium
1749 845 1873 888 tuna
1902 837 1967 892 ".
2002 837 2207 894 Horum
2242 842 2391 895 enim
2419 846 2796 912 utrumqucab
2823 847 2979 901 altari
3009 849 3125 903 sine
3147 852 3332 920 aliqua

14 928 210 984 vituli
236 930 548 985 necessarie
576 934 876 986 assumitur
904 947 919 997 ;
956 932 1194 986 habebat
1221 932 1368 986 enim
1402 934 1518 1002 ipse
1576 934 1650 987 le-
1748 925 2028 983 dubietate
2065 930 2418 1000 percipimus.
2455 933 2561 989 Sed
2587 936 2717 1005 quid
2740 936 2794 989 in
2826 937 2911 990 his
2933 954 3055 1007 quae
3081 954 3326 1008 sequun-

14 1021 229 1093 galem
263 1022 736 1090 iustiﬁcationem,
778 1025 1018 1077 maxime
1079 1031 1139 1077 ut
1170 1033 1359 1098 aperte
1386 1020 1647 1093 praediéa-
1751 1027 1860 1081 tur.
1890 1020 2173 1090 legislalor
2208 1025 2487 1080 subdidit?

17 1124 129 1168 ret.
163 1131 180 1166 :
216 1114 340 1168 Non
371 1118 489 1169 ueni
521 1116 720 1170 solvere
747 1114 935 1186 legem,
967 1117 1059 1169 sed
1112 1116 1333 1186 implere
1357 1116 1423 1168 ⁷³.
1448 1117 1646 1171 Paulus
1818 1111 1886 1165 Et
1914 1113 2167 1169 hauriens
2193 1132 2353 1169 manu
2387 1120 2678 1189 thymiama
2700 1124 3040 1192 compositum
3058 1126 3115 1179 in
3141 1123 3322 1180 incen-

17 1217 245 1262 auiem
268 1209 334 1262 de
366 1208 486 1279 ipso
519 1207 736 1264 dicebat
774 1226 785 1260 ;
842 1208 988 1262 Misit
1038 1208 1179 1263 Deus
1220 1209 1420 1263 Filium
1468 1226 1641 1273 suum,
1746 1219 1882 1264 sum,
1907 1204 2047 1257 ultra
2073 1206 2245 1260 velum
2274 1209 2496 1263 intrabit
2525 1212 2581 1265 in
2608 1225 2813 1267 sancta.
2854 1214 2948 1269 Vel
2974 1217 3113 1271 sicut
3142 1218 3316 1273 LXX:

22 1299 265 1365 factum
287 1315 351 1353 ex
388 1298 630 1365 muliere,
651 1300 852 1370 factum
875 1301 968 1354 sub
992 1300 1124 1370 lege,
1177 1311 1234 1354 ut
1285 1318 1374 1356 eos
1420 1303 1512 1367 qui
1551 1301 1645 1355 sub
1747 1293 1816 1346 Et
1841 1295 2078 1363 implebit
2137 1314 2326 1351 manus
2378 1315 2503 1354 suas
2543 1303 2889 1371 thymiamate
2935 1310 3325 1373 compositionis

23 1388 170 1460 (age
193 1399 368 1450 εταηι,
404 1391 685 1444 redimere;
712 1390 780 1445 τι,
808 1390 934 1445 "ac
985 1401 1173 1447 autem
1194 1393 1400 1448 γίιυιυε
1424 1401 1647 1462 propter
1745 1384 1969 1451 subtilis,
2039 1396 2087 1440 et
2127 1389 2304 1457 oﬂ‘eret
2359 1392 2580 1446 interius
2619 1394 2675 1447 in
2725 1396 2976 1450 interiora
3028 1397 3323 1457 uelaminis.

13 1483 243 1554 iugum
281 1487 670 1552 mandatorum
694 1496 821 1556 apte
854 1488 1197 1559 intelligitur.
1749 1473 1889 1528 Dicit
1914 1486 2103 1530 autem
2126 1481 2432 1534 orationem
2459 1482 2528 1536 de
2559 1498 2663 1547 qua
2695 1484 2833 1539 dixit
2858 1486 3029 1542 David
3059 1505 3073 1539 :
3102 1489 3316 1561 Dirigu-

101 1576 336 1648 Rogans
366 1595 461 1644 pro
481 1596 556 1633 se.
582 1580 852 1636 Videlicet
913 1596 1013 1647 pro
1058 1582 1442 1650 humanitate;
1479 1583 1636 1653 hujus

1754 1576 1839 1619 tur
1873 1569 2046 1621 oratio
2074 1587 2211 1643 mea,
2240 1570 2376 1625 sicut
2400 1574 2667 1628 incensum
2716 1577 2772 1629 in
2818 1592 3090 1648 conspectu
3146 1592 3237 1633 tuo
3253 1581 3322 1635 ⁸³.

17 1668 195 1723 enim
233 1671 289 1724 ίη
316 1672 615 1741 senmlipw
633 1673 860 1744 ﬁguram
904 1674 1146 1744 gerebat.
1476 1708 1479 1709 ν
1747 1659 1872 1713 Huic
1900 1677 2030 1731 ergo
2062 1665 2283 1731 quando
2310 1666 2592 1721 sweularia
2652 1683 2895 1735 oramus,
2957 1687 3138 1727 crassa
3186 1690 3325 1743 quo-

103 1759 225 1817 sed
253 1772 302 1817 ει
335 1779 433 1834 pro
463 1764 618 1818 domo
634 1782 754 1820 εαα,
804 1760 1036 1836 proprie
1066 1780 1192 1820 eum
1230 1766 1322 1835 qui
1362 1766 1466 1821 sub
1525 1767 1643 1837 lege
1676 1825 1713 1837 _
1746 1751 2063 1816 dummodo,
2095 1761 2151 1809 et
2171 1770 2282 1809 non
2315 1757 2534 1812 subtilis
2571 1766 2674 1813 est.
2739 1761 2968 1826 Quando
2991 1774 3173 1819 autem
3210 1749 3325 1836 spi-

21 1853 271 1909 νξγρικη
300 1856 583 1926 populum,
626 1858 718 1927 qui
750 1825 957 1925 domu},
990 1858 1162 1927 ipsius
1189 1867 1413 1928 propter
1439 1825 1639 1928 ροεηξ,
1674 1825 1715 1879 Β
1746 1843 1923 1898 ritalia
1956 1847 2212 1914 petimus,
2256 1848 2307 1901 id
2332 1859 2415 1902 est
2438 1850 2723 1905 scientiam
2760 1854 3027 1916 divinam,
3092 1873 3324 1927 regnum

19 1945 258 1999 tionem
292 1946 413 2011 fuit,
443 1946 592 2001 venit
636 1946 893 2001 liberare.
942 1947 1171 2015 PrOpIer
1197 1948 1341 2016 quod
1372 1946 1636 2017 Cleophas

1754 1934 2035 2001 caelorum,
2076 1939 2458 1994 remissionem
2508 1951 2878 2011 prccatorum,
2912 1947 3128 2003 subtilis
3174 1966 3327 2019 quae-

19 2036 266 2091 dieebat
295 2052 309 2088 :
338 2037 450 2092 Nos
477 2047 655 2092 autent
677 2042 1047 2109 sperabamus,
1080 2039 1203 2109 quia
1235 2041 1343 2108 ipse
1383 2047 1516 2093 esset
1555 2055 1636 2092 re-

1754 2025 1872 2079 tlam
1903 2035 2009 2091 cst,
2045 2038 2236 2098 utpote
2260 2031 2520 2100 spiritalis
2567 2042 2623 2087 et
2647 2034 3201 2109 intelligibilis,quam
3238 2043 3324 2097 in-

18 2126 358 2196 dunpmms
384 2127 553 2181 ιεναει
577 2129 641 2185 τε,
1742 2118 2039 2189 telligibilis
2057 2122 2315 2176 sacerdos
2337 2139 2436 2193 pro
2463 2126 2623 2180 nobis
2652 2127 2832 2182 offert.
2858 2128 3203 2186 Manifestum
3223 2150 3324 2187 and

103 2217 678 2288 Immolabitqueeum.
741 2219 862 2290 Ipse
909 2220 1058 2275 enim
1084 2220 1365 2291 propriam
1415 2237 1635 2277 carnem

22 2306 393 2371 immolavit;
428 2307 545 2377 ipse
583 2308 666 2361 sui
691 2308 945 2363 sacriﬁcii
977 2310 1219 2377 pontifex
1275 2312 1329 2363 in
1395 2312 1525 2365 Sion
1553 2314 1636 2366 fa-

22 2409 173 2453 ctus
198 2409 307 2466 est,
347 2400 566 2469 quando
592 2401 870 2471 sanguinis
925 2403 1052 2456 novi
1100 2394 1425 2470 testamenti
1473 2405 1636 2460 dabat

24 2491 299 2546 calicem.

104 2582 497 2652 Assumptoque
524 2581 810 2649 thuribuio,
863 2584 1003 2654 quod
1029 2585 1093 2639 de
1118 2584 1299 2654 prunis
1325 2585 1514 2640 altaris
1534 2588 1634 2638 im-

26 2675 287 2745 pleverit.
320 2675 706 2743 Thuribulum,
729 2678 969 2747 linguam
998 2679 1337 2733 Dominicam
1370 2680 1457 2734 hic
1479 2681 1629 2746 dicit,

29 2769 94 2822 in
124 2770 247 2839 ipsa
278 2768 425 2822 enim
454 2777 572 2823 erat
610 2768 863 2839 Spiritus.
903 2770 1079 2824 Sumit
1115 2787 1242 2841 ergo
1268 2772 1484 2842 plenum
1506 2776 1633 2827 thu-

30 2859 282 2914 ribulnm
310 2859 663 2924 carbonibus,
714 2860 840 2929 quia
877 2860 1145 2915 sacriticio
1202 2877 1301 2914 suo
1337 2861 1630 2916 doctoralia

31 2951 237 3015 verba,
272 2967 391 3021 quc
421 2961 580 3005 erant
609 2952 796 3005 divina
823 2960 880 3006 et
911 2953 1176 3017 cwlcstia,
1204 2954 1453 3021 protinus
1478 2955 1631 3008 addi-

32 3046 143 3109 dit,
182 3047 252 3100 de
289 3046 487 3115 quibus
532 3046 695 3101 David
764 3047 981 3101 dicebat
1018 3065 1031 3100 :
1082 3048 1348 3103 Carbones
1397 3053 1629 3105 succensi

1746 2221 1852 2265 tem
1886 2223 1968 2266 est
2002 2230 2067 2268 ex
2095 2229 2162 2267 eo
2190 2215 2339 2284 quod
2390 2231 2490 2285 pro
2520 2217 2805 2286 discipulis
2852 2220 3103 2277 Christus
3134 2239 3325 2291 orans,

1739 2302 2234 2358 sanetilicationem
2266 2305 2346 2359 eis
2373 2315 2429 2360 et
2456 2308 2726 2362 unitatem
2748 2324 2956 2375 secum,
2990 2313 3325 2368 libertatem-

1736 2408 1842 2463 que
1882 2395 1936 2448 in
1963 2397 2198 2461 fmundo,
2225 2406 2280 2452 et
2315 2398 2419 2452 alia
2466 2400 2592 2453 talia
2639 2402 2990 2470 deposcebat.
3017 2403 3245 2459 Intrabit
3270 2407 3327 2459 in

1735 2495 1954 2550 sancta,-
1979 2487 2116 2552 sive,
2149 2491 2447 2543 secundum
2482 2490 2644 2558 LXX,
2665 2501 2715 2545 et
2745 2493 2918 2562 offeret
2961 2495 3016 2547 in
3068 2497 3324 2550 interiora

1740 2576 2048 2636 celaminis.
2079 2582 2264 2634 carnis
2290 2582 2547 2637 videlicet
2582 2599 2712 2638 sum.
2739 2585 2940 2638 Oﬂcret
2979 2597 3182 2647 autem,
3203 2588 3327 2641 cui?

1735 2668 1878 2723 Patri
1915 2672 2184 2739 videlicet,
2213 2675 2339 2743 quia
2372 2675 2485 2729 hare
2514 2676 2730 2745 quidem
2765 2677 3050 2732 manifesta
3077 2680 3327 2749 aspectui

1734 2761 1976 2816 omnium
2010 2763 2422 2831 praeferebatur,
2449 2765 2566 2834 ipse
2583 2776 2762 2820 autem
2785 2777 2901 2820 erat
2928 2766 3219 2824 invisibilis
3250 2787 3264 2822 :

1813 2853 1874 2907 Ut
1905 2855 2091 2922 positis
2125 2872 2283 2924 super
2309 2859 2483 2926 ignem
2531 2859 2882 2922 armantibus,
2921 2859 3113 2913 nebula
3146 2877 3327 2916 eorum

1734 2954 1782 2999 et
1813 2961 1978 3014 uapor
2012 2948 2217 3015 aperiat
2246 2948 2542 3012 oraculum,
2581 2954 2721 3019 quod
2761 2960 2834 3003 est
2881 2965 3042 3021 super
3089 2954 3325 3006 testimo-

1740 3038 1908 3100 nium,
1943 3049 1992 3092 et
2023 3055 2127 3092 non
2155 3041 2435 3094 moriatur.
2483 3042 2782 3108 Dupliciter
2828 3044 2915 3097 hic
2944 3046 3087 3113 quod
3123 3046 3328 3099 dicitur

30 3148 164 3191 sunt
191 3139 260 3191 ab
281 3154 339 3192 eo
362 3140 424 3190 ⁷⁸.
465 3138 579 3193 Hoc
611 3139 851 3194 .loanses
881 3140 935 3193 in
989 3156 1144 3194 caena
1175 3151 1292 3195 acta
1343 3153 1627 3213 postquam

1754 3129 2016 3201 intelligo.
2070 3131 2208 3195 Quia
2232 3148 2361 3202 ergo
2393 3132 2573 3186 Aaron
2626 3133 2800 3202 ipsius
2839 3134 3043 3189 Christi
3098 3135 3325 3206 ﬁguram

30 3230 217 3288 Judas
236 3244 319 3287 est
336 3247 591 3303 egressus
613 3233 827 3302 scripsit
847 3236 915 3300 ⁷⁷,
940 3234 991 3286 in
1011 3232 1229 3302 quibus,
1245 3237 1518 3303 quomodo
1533 3236 1636 3307 qui,

1754 3222 1912 3293 gerit,
1945 3232 2168 3291 propter
2192 3224 2480 3277 sacerdotii
2523 3224 2864 3295 dignitatem,
2903 3226 3130 3297 figuram
3161 3229 3326 3284 etiam

27 3327 174 3380 dem
204 3324 365 3381 Pater
402 3329 455 3379 in
486 3330 627 3395 ipso,
661 3326 937 3395 quomodo
983 3336 1164 3380 autem
1200 3326 1315 3397 ipse
1334 3343 1456 3382 eum
1489 3331 1559 3382 sit
1590 3329 1645 3384 in
1749 3315 1887 3383 ἔθνη
1933 3316 2176 3385 c("Viris
2228 3318 2593 3370 εδεοτδθῑιυη·
2640 3317 3051 3387 δυμετῑῐηροηίι
3106 3323 3325 3390 Quid?m

27 3414 235 3483 palm,
264 3416 449 3471 milia;
474 3418 683 3471 donum
715 3418 957 3488 spiritus
982 3434 997 3483 ς
1023 3419 1298 3487 quomodo
1341 3417 1504 3472 pater
1565 3429 1648 3475 εει
1752 3404 2006 3459 Christus
2032 3406 2212 3476 ignem
2251 3417 2516 3471 aromata,
2568 3407 2621 3461 id
2680 3416 2763 3461 est
2804 3409 3105 3463 orationem
3162 3428 3328 3482 super

24 3509 305 3578 agricola,
360 3509 477 3579 ipse
508 3509 654 3574 vitis,
682 3509 915 3580 apostoli
942 3524 1072 3564 vero
1095 3509 1344 3578 palmites
1370 3527 1383 3575 ;
1411 3517 1645 3579 quemo-
1747 3498 2149 3563 doctrinam,et
2178 3500 2356 3568 operit
2403 3516 2566 3569 vapor
2601 3515 2790 3554 eorum
2845 3502 3080 3567 nebulze,
3132 3502 3183 3556 id
3243 3513 3329 3559 est

29 3603 103 3655 do
162 3600 419 3669 princeps
458 3601 649 3654 mundi
689 3601 855 3670 hujus
906 3601 1209 3671 iudicetur.
1250 3602 1460 3670 aliaque
1481 3618 1647 3672 expo-

32 3692 121 3748 nit
156 3692 440 3757 miracula,
464 3708 584 3761 qua:
618 3703 749 3747 sunt
801 3696 1076 3748 carbones
1102 3694 1259 3763 ignis,
1285 3702 1472 3763 utpote
1500 3694 1645 3748 cale-

35 3783 304 3839 facientia
329 3799 431 3838 nos
461 3785 527 3839 ad
557 3786 835 3854 pietatem,
883 3801 1007 3839 cum
1040 3787 1152 3838 sint
1184 3786 1511 3855 generaliter
1533 3785 1644 3859 spi-

34 3876 225 3931 ritalia
265 3878 399 3932 :sed
430 3886 484 3931 et
505 3879 697 3944 altare,
729 3878 875 3948 quod
923 3878 1230 3932 secundum
1287 3874 1452 3945 LXX,
1515 3887 1642 3933 ante

30 3968 355 4023 Dominum.
387 3969 500 4024 lloc
525 3978 710 4023 autem
753 3985 873 4024 esse
903 3986 997 4023 sex
1044 3970 1364 4032 Cberubim,
1413 3973 1465 4023 in
1504 3971 1639 4039 ipsis

35 4063 335 4131 prouemiis
364 4061 487 4114 libri
516 4062 685 4131 hujus
732 4062 1098 4116 ostendimus.
1124 4060 1238 4115 lllic
1269 4062 1415 4115 enim
1451 4063 1640 4116 carbo-

39 4170 144 4210 nes
212 4152 572 4223 intelligihilis
612 4152 751 4224 ignis
808 4155 1137 4208 constitutos
1184 4167 1327 4215 esse,
1386 4151 1638 4207 Ezechiel

40 4246 316 4317 propheta
336 4245 771 4311 demonstravit;
841 4244 1133 4299 Dominum
1184 4244 1388 4313 quippe
1434 4246 1636 4312 ipsum,

39 4340 136 4407 qui
169 4346 289 4394 erat
317 4338 542 4392 indutus
576 4338 800 4407 podere,
835 4346 891 4391 et
917 4338 1198 4391 accinctos
1234 4336 1466 4389 habebat
1499 4336 1639 4388 lum-

41 4430 165 4494 bos,
208 4431 470 4502 proponit
496 4429 824 4507 dicentem;
876 4429 1160 4497 Ingredere
1196 4430 1251 4481 in
1296 4428 1524 4481 medium
1544 4443 1635 4480 ro-

1747 3591 2013 3646 orationis
2045 3590 2240 3644 virtus.
2277 3589 2566 3644 Oraculum
2630 3592 2767 3662 quod
2798 3600 2871 3644 est
2896 3608 3053 3662 super
3091 3594 3325 3646 testimo-

1746 3687 1917 3750 nium;
1980 3684 2031 3739 id
2063 3692 2166 3749 est,
2199 3700 2420 3738 carnem
2459 3700 2634 3750 suam,
2665 3699 2729 3737 ex
2759 3699 2863 3754 qua
2895 3685 3324 3755 propitiationo-

1743 3778 1828 3833 bis
1857 3777 2163 3848 conquisita
2193 3786 2279 3831 est
2310 3786 2676 3846 peccatorum,
2700 3786 2756 3833 et
2783 3777 2836 3829 in
2874 3778 3098 3831 salutari
3127 3787 3210 3831 est
3239 3778 3323 3831 vi-

1743 3871 1944 3925 delicet
1966 3871 2237 3940 passione.
2270 3869 2386 3923 Hoc
2408 3879 2589 3924 autem
2620 3886 2741 3924 esse
2772 3870 3144 3926 testimonium
3165 3873 3326 3942 paulo

1744 3963 1997 4032 superius
2018 3960 2379 4017 ostendimus.
2407 3960 2475 4014 Et
2529 3976 2630 4014 non
2656 3962 2914 4014 morietur
2957 3964 3325 4032 corruptionis

1742 4062 1940 4117 morte,
1973 4067 2160 4122 neque
2184 4050 2334 4105 enim
2387 4066 2513 4105 caro
2547 4051 2667 4120 eius
2709 4051 2848 4105 vidit
2892 4054 3322 4121 corruptionem,

1740 4147 1866 4216 quia
1885 4160 2083 4214 vapore
2111 4154 2415 4197 aromatum
2440 4143 2639 4197 virtute
2667 4143 2849 4212 utique
2875 4144 3139 4198 orationis
3161 4145 3322 4210 illius,

1741 4237 2111 4307 operiebatur,
2146 4234 2214 4289 de
2263 4250 2367 4304 qua
2432 4235 2599 4289 David
2651 4235 2745 4299 ait,
2783 4234 3059 4289 Christum
3109 4234 3325 4290 Patrem

1740 4330 2078 4399 deprecans:
2115 4326 2251 4392 Quia
2317 4342 2421 4379 non
2450 4326 2776 4395 derelinques
2809 4326 3045 4378 animum
3080 4342 3251 4378 nteant
3271 4328 3329 4381 in

1739 4412 1966 4491 inferno,
1992 4435 2157 4491 neque
2187 4416 2337 4471 dabis
2366 4428 2609 4469 sanctum
2646 4426 2794 4468 tuum
2832 4416 3005 4470 uidere
3029 4418 3329 4485 corruptio-

43 4531 221 4576 tarum
246 4524 428 4577 subter
460 4519 771 4585 Cherubim,
803 4532 851 4575 et
882 4519 1044 4592 imple
1067 4536 1255 4573 manus
1282 4530 1400 4573 tuas
1433 4519 1496 4573 de
1525 4536 1636 4573 me-
1669 4517 1711 4569 D
1743 4528 1860 4565 nent
1883 4512 1951 4568 ⁸³.
1981 4510 2144 4565 Ponit
2171 4517 2351 4563 autem
2385 4507 2757 4578 unusquisque
2783 4508 3041 4581 sacerdos
3070 4508 3138 4562 de
3168 4510 3327 4561 Chri-

42 4616 134 4669 dio
159 4614 530 4671 Cherubim".
555 4614 693 4679 Quia
721 4628 849 4683 ergo
876 4613 1047 4666 altare
1073 4612 1428 4681 intelligibile,
1458 4611 1513 4664 in
1533 4626 1644 4680 quo

46 4711 318 4764 carbones
336 4707 489 4779 ignis
515 4714 666 4771 sunt,
709 4710 899 4761 sedem
923 4704 1222 4759 Cherubim
1251 4713 1467 4775 oportet
1489 4704 1647 4758 intel-

45 4801 162 4873 ligi,
196 4802 324 4857 audi
357 4800 555 4856 lsaiam
579 4800 896 4854 dicentem:
927 4798 997 4852 Et
1038 4798 1174 4853 venit
1218 4798 1289 4850 ad
1314 4813 1396 4849 me
1425 4814 1560 4851 unus
1580 4799 1643 4851 de

46 4892 348 4963 Seraphim,
375 4902 423 4946 et
452 4893 508 4946 in
532 4908 696 4946 manu
726 4892 843 4962 ejus
878 4889 1131 4953 calculus,
1154 4904 1307 4958 quem
1333 4890 1529 4958 forcipe
1559 4900 1643 4944 tu—

49 4983 184 5037 lerat
211 4987 270 5039 de
296 4985 485 5052 altari,
522 4994 572 5038 et
609 4985 782 5055 tetigit
828 5001 883 5038 os
908 4999 1081 5038 meum
1112 4982 1177 5034 ⁷⁸.
1229 4979 1384 5046 Quod
1407 4996 1537 5053 ergo
1584 4984 1638 5037 in

48 5076 191 5129 cmlo
223 5086 307 5130 est
339 5078 506 5131 altare
540 5078 709 5142 aliud,
740 5078 846 5131 nisi
888 5072 1194 5130 Cherubim
1220 5072 1245 5124 ?
1280 5072 1387 5127 Sed
1419 5074 1527 5139 his,
1564 5075 1639 5129 si-

50 5168 311 5221 cutenim
342 5176 448 5221 tam
474 5170 745 5237 pontifex,
778 5185 945 5239 quam
992 5184 1113 5229 rex,
1164 5166 1307 5220 idem
1346 5175 1402 5221 ct
1452 5169 1638 5222 sedem

53 5261 237 5326 habet,
272 5271 327 5315 et
356 5260 566 5315 altare:
602 5263 709 5320 hoc
733 5279 865 5334 ergo
888 5262 1092 5315 Paulus
1141 5261 1383 5318 Hebrtcis
1430 5261 1638 5331 signiﬁ-

53 5366 185 5405 cans
212 5352 470 5406 dicebat:
518 5351 637 5405 Non
696 5355 834 5405 enim
882 5353 1130 5405 habemus
1185 5350 1500 5420 pontiﬁcem,
1551 5349 1641 5419 qui

58 5459 161 5498 non
179 5454 349 5514 potest
385 5445 617 5513 compati
665 5445 1059 5513 inﬁrmitatibus
1108 5443 1322 5503 nostris,
1387 5449 1641 5493 tentatum

60 5544 233 5590 autem
268 5552 363 5606 per
416 5536 596 5588 omnia
625 5552 722 5603 pro
776 5533 1140 5601 similitudine,
1170 5536 1361 5602 absque
1409 5539 1640 5598 peccato.

130 5727 173 5757 τι
198 5726 399 5796 ηριιρξ,
459 5737 522 5782 ιι,
558 5721 647 5796 is,
726 5719 771 5796 ’ξ
809 5714 999 5796 Mariti.
1028 5731 1080 5780 v,
1120 5716 1208 5796 Π.

70 5794 91 5848 1
121 5782 263 5860 ειεραῖ
338 5794 383 5827 ⁵⁸
418 5791 621 5849 Ezech.
656 5806 710 5855 χ,
746 5788 796 5841 1.
874 5784 918 5814 τ’
945 5782 1043 5837 lsa.
1077 5802 1149 5850 xi,
1185 5788 1236 5852 ti,
1261 5786 1311 5839 ’2.

1284 5709 1523 5763 "Calai.
1574 5724 1648 5769 tv,
1683 5709 1735 5762 4.

1388 5777 1437 5809 ⁸ο
1462 5778 1625 5831 liebr.
1662 5795 1737 5847 tv,
1780 5778 1861 5843 l5,
1898 5777 1983 5831 16.

1747 4612 1831 4658 sto
1857 4603 2102 4671 loquens.
2126 4601 2182 4654 in
2212 4601 2388 4670 ignem
2430 4607 2692 4662 aromata,
2756 4599 3013 4668 spiritalis
3065 4599 3329 4655 doctrinae

1747 4694 2075 4757 orationem,
2132 4699 2189 4744 et
2237 4690 2501 4744 orationis
2548 4690 2721 4743 virtus
2781 4691 2957 4757 operit
3020 4693 3325 4753 oraculum,

1751 4785 1898 4853 quod
1923 4792 2007 4836 est
2034 4796 2197 4849 super
2220 4779 2619 4833 testimonium.
2679 4774 2797 4828 Non
2825 4776 3093 4844 permittit
3142 4785 3323 4832 autem

1748 4890 1873 4932 eum
1910 4887 2155 4943 qu:crere
2179 4871 2247 4924 de
2275 4868 2626 4939 passionibus
2675 4865 2971 4920 Dominicas
3008 4868 3217 4932 carnis,
3261 4883 3323 4920 ea

1747 4982 1869 5041 quae
1928 4979 2095 5035 super
2158 4962 2416 5017 virtutem
2490 4959 2788 5029 quaerentis
2857 4965 3037 5022 sunt;
3101 4967 3157 5011 et
3212 4973 3321 5011 non

1743 5061 2043 5118 msrientur
2068 5071 2130 5112 ea
2161 5072 2282 5127 qua:
2318 5054 2539 5111 definita
2585 5061 2670 5108 est
2718 5050 3096 5106 immoderatis
3142 5050 3322 5119 inqui-

1743 5152 2140 5223 sitoribus,qui
2203 5167 2267 5205 ea
2329 5156 2584 5219 quatrunt
2649 5162 2769 5216 qua:
2836 5141 3153 5197 hominibus
3209 5159 3317 5197 non

1744 5250 1873 5304 libet
1911 5262 2175 5318 quaerere,
2210 5253 2405 5298 morte.

1816 5341 1977 5395 Vens.
2006 5341 2096 5394 14.
2127 5359 2145 5390 ι
2174 5338 2348 5392 'l‘ollet
2370 5349 2585 5405 quoque
2613 5333 2679 5389 de
2696 5329 2961 5402 sanguine
2981 5328 3132 5383 vituli
3160 5336 3213 5383 et
3233 5344 3323 5383 as-

1752 5443 1941 5505 perget
1972 5431 2137 5504 digito
2161 5433 2364 5500 septies
2387 5438 2575 5484 contra
2590 5412 3023 5497 propitiatorium
3046 5423 3112 5477 ad
3134 5422 3319 5476 orien-

1748 5536 1853 5580 tem
1865 5567 1876 5578 .
1921 5546 1938 5577 ι

2405 5702 2449 5733 ⁷⁸
2479 5701 2617 5754 Psal.
2660 5717 2801 5764 xvn,
2832 5702 2884 5755 9.
2961 5699 3006 5729 '”
3042 5697 3196 5751 Joan.
3229 5711 3317 5764 xv,

1812 5708 1858 5738 ⁷⁵
1887 5706 2015 5758 Luc.
2065 5721 2207 5769 tum,
2239 5704 2328 5756 2|.
2405 5704 2449 5733 ⁷⁸
2479 5704 2617 5754 Psal.
2660 5717 2801 5764 xvn,
2832 5704 2884 5755 9.
2961 5704 3006 5729 ⁷⁷
3042 5704 3196 5751 toan.

1812 5778 1861 5837 ὕ,
1898 5777 1983 5831 16.
2061 5776 2101 5805 ⁸⁸
2136 5774 2269 5828 ibid.
2345 5772 2388 5802 “
2428 5771 2571 5825 Psal.
2603 5787 2718 5837 CXL,
2747 5778 2799 5826 2.
2876 5770 2921 5801 ‘"
2949 5768 3094 5823 Psal.
3120 5781 3203 5822 sv.

2061 5776 2101 5805 ⁸⁸
2136 5774 2269 5828 ibid.
