3810 6318
476 356 585 423 995

1674 350 2033 413 HESYCHII
2072 347 2546 413 PRESBYTERI

3691 342 3773 406 93

546 472 676 531 Sive
704 479 764 526 ut
792 469 956 536 LXX,
995 475 1246 539 asperget
1295 464 1461 537 digito
1510 480 1609 521 suo
1643 481 1811 536 super
1868 466 2056 535 propi-
2086 472 2131 527 Α
2160 465 2282 519 dam
2318 481 2428 520 non
2466 478 2722 534 populus,
2756 476 2912 517 nunc
2928 470 3112 519 autem
3150 460 3425 532 populus,
3470 474 3556 514 ex
3586 466 3771 531 quod:

478 563 756 618 tiatorium
804 561 872 615 ad
925 561 1192 616 orientem
1254 565 1383 612 ante
1442 555 1637 610 faciem
1696 556 2058 626 propitiatorii

481 657 731 721 asperget
751 648 954 717 septies
984 648 1151 717 digito
1180 662 1302 701 suo.
1362 644 1700 700 Sacriﬁcium
1758 644 2058 716 Unigeniti,

483 754 605 794 esse
632 739 850 808 quidem
889 738 1008 807 ejus
1033 736 1214 790 carnis
1250 750 1349 805 per
1367 737 1622 790 virtutem
1674 750 1861 789 rursus
1920 734 2061 790 divi.

483 831 671 886 nitatis
688 831 827 899 ejus,
850 840 907 884 et
938 846 1038 900 per
1066 828 1479 898 beneplacitum
1524 826 1724 889 Patris,
1762 826 1828 882 ad
1869 827 2065 882 remis-

486 924 695 978 sionem
765 929 1110 992 peccatorum
1178 929 1511 981 nostrorum,
1586 926 1640 973 et
1702 918 2063 987 emptionem,

484 1012 754 1081 simulque
788 994 855 1064 ad
886 1010 1089 1064 donum
1118 1008 1641 1064 subministrationis
1683 1008 1908 1077 spiritus
1938 1024 2064 1077 per-

485 1103 611 1172 agi,
661 1109 847 1170 aperte
902 1116 971 1155 ex
1031 1101 1116 1155 his
1148 1139 1164 1164 ,
1216 1116 1339 1170 quae
1392 1114 1542 1154 nunc
1588 1100 1722 1153 dicit
1769 1100 2062 1168 legislator,

485 1192 887 1247 manifestatur.
920 1192 1131 1263 Digitus
1161 1191 1305 1245 enim
1338 1190 1606 1262 signiﬁcat
1644 1191 1899 1246 virtutem
1929 1191 2067 1244 divi-

486 1282 702 1348 nitatis;
737 1282 883 1335 unde
933 1282 1105 1336 David
1164 1282 1336 1335 dixit:
1394 1281 1657 1345 Quoniam
1686 1280 1868 1335 videbo
1916 1282 2067 1336 caelos

489 1390 647 1443 Opera
681 1376 968 1443 digitorum
1008 1382 1237 1440 tuorum,
1270 1373 1473 1439 lunam,
1523 1384 1571 1426 et
1622 1373 1802 1427 stellas
1828 1389 1958 1443 quas
2011 1382 2071 1427 tu

490 1466 729 1534 fundasti
749 1466 814 1519 ⁸⁸.
847 1463 1154 1534 Utrumque
1178 1480 1307 1534 ergo
1333 1464 1401 1518 ad
1435 1462 1734 1518 divinitatis
1770 1464 2071 1532 accipimus

489 1555 774 1623 virtutem,
804 1555 1027 1623 ipseque
1058 1552 1280 1623 sanguis
1321 1552 1476 1607 vituli
1529 1567 1697 1622 super
1749 1553 2071 1621 propitiatu-

493 1643 634 1696 rium
688 1643 755 1696 ad
802 1642 1070 1695 orientem
1116 1641 1444 1710 aspergitur.
1498 1639 1582 1694 Ad
1631 1639 2071 1710 propitiationem

493 1736 641 1789 enim
701 1742 967 1801 nostram,
1038 1733 1308 1802 simulque
1362 1732 1837 1798 illuminationem,
1891 1718 2071 1803 passio

2163 555 2323 609 nobis
2350 554 2619 623 primitias
2639 553 2800 609 Jesus
2830 554 3088 624 suscepit.
3127 554 3273 623 Ergo
3316 561 3383 607 ut
3414 552 3771 610 demonstra-

2164 654 2269 711 ret,
2324 645 2392 700 de
2447 644 2653 700 Judaeis
2699 645 3074 714 principaliter
3131 646 3471 708 Christum,
3552 658 3769 717 propter

2164 736 2462 798 Abraham,
2491 736 2869 806 cognationem
2897 751 3041 802 esse,
3068 737 3162 793 sed
3191 746 3389 793 tamen
3419 740 3634 793 omnis
3687 756 3769 794 ns-

2170 834 2303 885 strae
2330 833 2564 887 naturae,
2594 841 2716 896 quas
2744 828 2800 879 in
2842 835 3065 896 peccato
3086 836 3169 881 est
3203 828 3501 896 primitias
3538 841 3765 898 portare,

2166 924 2391 985 propter
2418 914 2566 983 quod
2616 912 2787 967 Adam
2829 913 3133 985 appellatus
3165 922 3272 976 est,
3329 914 3593 969 vitulum
3625 917 3767 969 simul

2167 1014 2224 1061 et
2253 1006 2465 1060 hircum
2497 1005 2581 1058 lex
2626 1005 2691 1059 ad
2724 1006 2946 1074 figuram
2991 1004 3242 1059 sacriﬁcii
3278 1005 3410 1075 ejus
3441 1008 3762 1076 assumpsit.

2167 1097 2305 1152 Cum
2346 1106 2529 1151 autem
2589 1112 2759 1151 unum
2828 1096 2899 1151 sit
2951 1095 3306 1159 sacriﬁcium,
3357 1097 3488 1152 sive
3550 1098 3760 1161 vitatas,

2169 1190 2286 1244 sive
2320 1189 2511 1243 hircus
2536 1188 2879 1251 nominetur,
2902 1185 3237 1256 elIectusque
3258 1201 3414 1241 unus
3448 1187 3513 1239 in
3541 1197 3759 1254 utroque

2162 1279 2257 1343 sit,
2284 1285 2638 1348 peccatorum
2669 1274 2818 1328 enim
2865 1288 2935 1329 ex
2979 1287 3047 1328 eo
3080 1272 3408 1343 profligator
3455 1274 3751 1338 absolutis,

2163 1369 2478 1425 necessarie
2506 1363 2821 1422 communia
2867 1373 2997 1418 sunt
3027 1379 3112 1428 ea,
3143 1379 3266 1434 quae
3300 1363 3361 1417 in
3400 1363 3754 1433 hireofagua-

2166 1471 2275 1525 tur,
2327 1468 2382 1514 et
2439 1458 2635 1513 vitulo.
2685 1455 2877 1511 Cernis
2910 1442 3086 1518 enim,
3135 1455 3267 1525 quia
3309 1454 3491 1510 etiam
3556 1455 3757 1509 hircum

2164 1555 2448 1615 occidens,
2485 1559 2613 1604 ante
2650 1548 2938 1603 Dominum
2982 1546 3235 1602 videlicet
3264 1557 3528 1614 patrem,
3565 1555 3627 1599 et
3652 1564 3761 1600 ssn-

2167 1645 2385 1716 guinern
2422 1643 2670 1697 inferens
2698 1640 2750 1694 in
2794 1640 3057 1694 interiora
3108 1637 3429 1699 velaminis.
3501 1637 3566 1691 id
3603 1637 3762 1692 estad

2167 1747 2403 1809 patrem.
2445 1735 2657 1789 Rursus
2709 1746 2841 1802 ergo
2896 1730 3045 1786 hunc
3094 1728 3329 1784 interius
3395 1729 3758 1799 intelligihilss

494 1821 746 1876 salutaris
798 1829 1019 1889 peracta
1073 1829 1198 1873 est:
1256 1819 1402 1874 unde
1456 1819 1570 1888 ipsa
1631 1818 1817 1888 passio
1875 1812 2477 1892 dicituereIamiuis,
2510 1825 2742 1883 visibilis
2766 1824 3023 1879 videlicet
3061 1821 3274 1880 Domini
3307 1822 3511 1876 carnis
3568 1820 3758 1875 intelli-

494 1914 956 1983 propitiatorium,
1005 1912 1148 1966 sicut
1185 1911 1499 1981 frequenter
1531 1910 1888 1966 ostendimus.
1924 1910 2069 1966 Dici-

494 2015 580 2061 tur
612 2016 792 2063 autem
824 2017 879 2059 et
898 2004 1120 2066 Oriens;
1152 2003 1227 2059 ait
1259 2006 1403 2058 enim
1432 2003 1500 2057 de
1535 2018 1600 2057 eo
1631 2002 1922 2059 Zacharias
1943 2001 2072 2057 Pro-

492 2098 690 2168 pheta:
730 2095 860 2148 lt‘cce
888 2094 988 2158 vir,
1036 2094 1224 2148 Oriens
1272 2108 1460 2147 nomen
1512 2091 1648 2161 ejus,
1697 2100 1745 2144 et
1789 2092 1966 2146 subter
2010 2107 2071 2146 eo

428 2196 439 2203 ‘
494 2189 782 2244 orietur".
824 2189 914 2243 Ait
938 2196 1122 2243 autem
1149 2195 1204 2242 et
1247 2185 1540 2241 Zacharias
1590 2185 1861 2250 sacerdos,
1920 2192 2094 2255 pater.

491 2276 753 2335 Joannis:
785 2275 850 2330 1η
895 2275 1080 2345 quibus
1127 2290 1219 2327 nos
1267 2272 1524 2336 uisitauit,
1564 2271 1770 2339 Oriens,
1821 2288 1887 2326 ea:
1940 2271 2070 2336 alto,

492 2368 807 2423 Illuminare
842 2367 922 2419 Itis
945 2366 1036 2435 qui
1062 2366 1117 2418 in
1171 2364 1392 2419 tenebris
1440 2367 1636 2429 sedent,
1691 2373 1740 2418 et
1782 2364 1836 2417 in
1887 2362 2074 2417 umbra

494 2457 770 2514 mortis".
796 2456 980 2510 Sedet
1021 2464 1210 2510 contra
1261 2455 1716 2526 propitiatorium,
1766 2454 1822 2509 id
1877 2463 1960 2509 est
2020 2455 2075 2508 in

494 2555 794 2618 conspectu
832 2547 1024 2616 patris,
1055 2555 1306 2617 asperget
1349 2548 1573 2616 septies,
1618 2554 1677 2600 ut
1722 2554 1833 2600 tam
1883 2544 2075 2599 remis-

494 2642 708 2696 sionem
751 2647 1121 2709 peccatorum,
1155 2654 1317 2708 quam
1350 2636 1589 2707 Spiritus
1616 2637 1790 2692 sancti
1846 2636 2071 2701 donum,

497 2735 567 2790 de
624 2734 913 2790 Dominico
948 2733 1212 2804 sanguine
1247 2750 1416 2804 genus
1438 2733 1722 2788 hominum
1755 2731 2074 2803 susciperet.

496 2826 804 2896 Utrumque
858 2825 1007 2879 enim
1061 2824 1407 2894 septenarius
1467 2839 1731 2879 numerus
1765 2822 2075 2895 _signiﬁcat,

495 2921 623 2986 quia
650 2917 910 2971 videlicet
939 2924 1146 2981 septem
1176 2924 1305 2968 sunt
1332 2915 1475 2968 dona
1529 2912 1785 2983 Spiritus,
1822 2919 1887 2966 act
1934 2912 2076 2966 idem

497 3024 763 3063 numerus
791 3014 1144 3076 peccatorum
1180 3004 1451 3074 signiﬁcat
1493 3005 1890 3058 remissionem.
1943 3002 2078 3057 Nam

497 3099 661 3153 l‘etro
712 3099 990 3152 Christum
1043 3096 1433 3165 interrogante,
1470 3095 1529 3150 Si
1570 3094 1855 3164 peccaverit
1901 3095 1957 3147 in
1997 3109 2076 3148 me

498 3192 664 3263 frater
681 3205 845 3252 meus,
871 3189 1070 3259 quoties
1098 3188 1365 3240 dimittam
1391 3188 1458 3252 ei,
1481 3203 1641 3255 usque
1655 3187 1839 3255 septies
1857 3188 1882 3239 ?
1926 3186 2076 3241 Cleri-

496 3292 607 3337 stus
636 3283 745 3335 ait:
780 3281 901 3336 Non
923 3282 1060 3346 dico,
1094 3282 1304 3350 septies,
1336 3280 1427 3332 sed
1457 3295 1616 3349 usque
1644 3279 1935 3349 septuagies
1959 3279 2077 3348 sep"-

499 3373 674 3429 ties".
714 3373 1077 3442 )lultiplicans
1106 3386 1401 3425 numerum
1443 3370 1836 3439 scptenarium.

570 3462 732 3518 Vsus.
780 3463 867 3516 15.
931 3483 949 3514 ι
1006 3464 1256 3532 Cumque
1314 3461 1632 3516 mactaverit
1706 3461 1918 3516 hircum
1977 3477 2077 3532 pro

497 3564 726 3626 peccato
754 3556 962 3625 populi,
997 3554 1194 3609 inferet
1218 3554 1537 3624 sanguinem
1561 3553 1681 3622 ejus
1701 3553 1840 3607 intra
1874 3553 2075 3620 velum,

499 3647 644 3700 sicut
678 3653 1012 3717 praeceptum
1042 3653 1129 3699 est
1156 3644 1222 3699 de
1247 3643 1511 3716 sanguine
1530 3643 1709 3708 vituli,
1745 3652 1804 3697 ut
1826 3651 2078 3714 aspergat

498 3754 529 3792 e
562 3737 782 3808 regione
813 3737 1035 3803 oraculi,
1062 3745 1117 3790 et
1138 3736 1319 3805 expiet
1352 3735 1722 3789 sanctuarium
1750 3735 1818 3789 ab
1841 3735 2077 3789 immun-

496 3829 646 3883 ditiis
674 3829 909 3883 ﬁliorum
928 3822 1097 3883 lsrael
1134 3835 1190 3883 et
1217 3843 1247 3882 a
1278 3826 1815 3898 praevaricationibus
1847 3843 2033 3883 eorum
2055 3866 2074 3894 ,

497 3919 818 3989 cunctisque
857 3919 1115 3989 peccatis.
1158 3938 1179 3973 ι

569 4009 942 4066 Admirandus
967 4022 1055 4066 est
1078 4011 1382 4083 legislator,
1422 4009 1697 4066 sufﬁciens
1725 4008 1793 4066 ad
1850 4009 2075 4083 ﬁguram

498 4103 766 4181 mysterii,
789 4104 1211 4173 nullatenusque
1238 4104 1724 4174 reprehendendus
1744 4115 1827 4159 est
1846 4105 1900 4159 in
1933 4104 2075 4159 mul-

501 4192 571 4245 tis
592 4191 782 4245 formis
808 4193 1167 4263 multiplicem
1216 4194 1712 4263 prwligurationem
1764 4195 2074 4250 necessarie

497 4282 766 4338 dividens.
812 4282 948 4349 Quia
976 4285 1125 4338 enim
1157 4283 1407 4339 Christus
1435 4285 1504 4339 de
1543 4284 1744 4340 Judaeis
1774 4288 2073 4343 secundum

498 4388 744 4435 carnem,
778 4374 870 4441 qui
904 4375 1005 4427 sub
1027 4374 1156 4445 jugo
1187 4374 1320 4443 legis
1345 4375 1599 4428 vivebant
1633 4383 1784 4429 ortus
1805 4385 1905 4440 est,
1927 4385 2073 4432 recte

2167 1920 2272 1991 gis,
2299 1926 2482 1988 utpote
2507 1917 2838 1972 invisibilem
2860 1914 3100 1969 inferens
3116 1913 3456 1982 sanguinem
3482 1913 3620 1982 ejus
3636 1915 3757 1967 iam

2174 2013 2380 2075 velum,
2415 2012 2565 2066 sicut
2604 2018 2932 2078 praeceptum
2975 2015 3083 2062 est.

2241 2102 2311 2157 Et
2336 2103 2399 2156 de
2426 2102 2680 2170 sanguine
2712 2098 2865 2153 vituli
2890 2105 3129 2167 asperget
3155 2094 3331 2165 digito
3350 2097 3569 2166 septies
3595 2104 3757 2149 contra

2172 2185 2613 2254 propitiatorium
2666 2185 2738 2238 ad
2789 2185 3061 2239 orientem.
3094 2182 3193 2239 Vel
3234 2185 3389 2241 sicut
3430 2185 3592 2242 LXX
3632 2205 3759 2256 super

2172 2277 2605 2346 propitiatorium
2664 2284 2788 2330 ante
2863 2277 3051 2346 {aciem
3104 2278 3515 2347 propitiatorii.
3580 2278 3758 2335 Deinde

2173 2368 2303 2438 quid
2333 2366 2617 2437 sequitur?

2245 2458 2410 2512 Vens.
2454 2458 2541 2512 l6.
2583 2478 2602 2511 ‹
2644 2460 2729 2514 'Et
2759 2459 2944 2530 expiet
2990 2461 3375 2516 sanctuarium
3411 2463 3494 2517 ab
3539 2462 3759 2518 immur-

2175 2548 2325 2603 ditiis
2351 2549 2588 2604 ﬁliorum
2616 2550 2808 2616 Israel,
2839 2559 2895 2606 et
2917 2566 2950 2607 a
2977 2552 3552 2621 praevaricationihus
3571 2568 3758 2611 eorum.

2176 2641 2498 2710 cunctisque
2523 2643 2783 2713 peccatis.
2832 2662 2851 2695 ι

2248 2732 2479 2787 Videtur
2538 2735 2761 2803 quidem
2811 2734 2880 2790 de
2944 2734 3301 2791 tabernaculo
3359 2736 3605 2807 dicere,
3652 2738 3762 2793 dicit

2177 2834 2359 2879 autem
2385 2840 2495 2880 non
2522 2825 2591 2880 de
2628 2840 2695 2880 eo
2717 2825 2861 2894 quod
2905 2827 3090 2881 sensui
3123 2826 3404 2897 subiacet.
3439 2828 3595 2894 Quid
3638 2830 3760 2884 enin

2178 2917 2505 2987 expiationis
2537 2933 2635 2973 seu
2670 2918 3254 2989 propitiationis’ligna
3287 2921 3568 2991 egerint?
3588 2921 3761 2991 quidve

2186 3012 2359 3080 pelles
2376 3010 2460 3065 vel
2478 3009 2777 3081 reliqua,ex
2797 3013 2994 3081 quibus
3011 3012 3442 3068 tabernaculum
3462 3013 3759 3069 Iudaeorum

2178 3104 2325 3173 quod
2355 3104 2539 3158 sensui
2571 3105 2907 3175 suhjacebat,
2939 3105 3250 3161 confectum
3284 3108 3595 3164 eratYSed
3631 3124 3760 3179 gene-

2181 3194 2473 3258 ralitatem,
2491 3196 2608 3251 sive
2633 3206 2800 3253 totam
2822 3199 2955 3254 dicit
2974 3201 3255 3256 hominum
3273 3203 3572 3272 speciem.
3591 3206 3756 3262 Sana:

2179 3287 2327 3342 enim
2358 3288 2459 3343 fuit
2482 3291 2551 3345 ab
2577 3291 2737 3347 initio
2774 3307 2953 3348 massa
2994 3304 3202 3361 nostra,
3244 3295 3327 3350 ita
3378 3307 3449 3353 ut
3486 3297 3590 3354 Dei
3633 3300 3684 3354 in
3708 3315 3755 3355 ει

2179 3384 2451 3441 habitaret
2480 3386 2728 3455 spiritus.
2764 3385 2924 3452 Quod
2958 3387 3377 3445 demonstratur
3410 3406 3489 3446 es
3519 3408 3614 3459 eo,
3642 3393 3753 3462 quod

2178 3475 2396 3531 auferre
2426 3475 2560 3531 illud
2586 3475 2832 3533 irascens
2855 3477 3094 3533 minatus
3124 3488 3209 3533 est
3249 3478 3432 3546 Dens,
3475 3484 3694 3552 quando
3713 3484 3753 3537 ﬁ

2177 3565 2269 3636 qui
2324 3580 2391 3619 es
2423 3565 2557 3621 Seth
2621 3566 3051 3631 descendebant,
3094 3582 3221 3623 cum
3273 3582 3483 3627 essent
3524 3574 3674 3646 justi,
3714 3584 3753 3628 et

2178 3655 2274 3711 ﬁlii
2303 3656 2394 3712 Dei
2425 3657 2855 3728 appellarentur,
2896 3658 3364 3728 concupiscentes
3400 3678 3508 3720 eas
3557 3682 3675 3737 qua
3702 3679 3747 3719 es

2178 3763 2242 3801 ea
2281 3748 2337 3801 in
2393 3759 2752 3819 posterosque
2785 3751 2905 3820 ejus
2953 3766 3054 3821 per
3095 3753 3529 3810 successionem
3588 3758 3749 3829 genite

2177 3848 2325 3904 sunt,
2349 3854 2471 3908 quae
2505 3849 2561 3895 et
2581 3840 2706 3896 ﬁliae
2730 3840 3014 3897 hominum
3035 3841 3391 3912 dicebantur,
3425 3849 3605 3903 unius
3622 3863 3749 3921 gent-

2176 3930 2254 3986 ris
2292 3946 2420 3986 cum
2458 3931 2616 3988 malis
2659 3940 2717 3987 et
2758 3932 2959 4003 iniquis
3012 3932 3194 3989 eﬂecti
3220 3944 3381 4002 sunt,
3433 3937 3584 3995 dixit
3629 3941 3745 3994 eai-

2177 4021 2258 4076 sic
2293 4040 2308 4076 :
2353 4022 2591 4079 Videntes
2618 4024 2718 4094 ﬁlii
2749 4023 2847 4078 Dei
2886 4025 3028 4095 ﬁlias
3071 4026 3372 4093 hominum,
3424 4032 3577 4100 quod
3610 4041 3744 4086 mea:

2176 4111 2430 4183 pulchris,
2460 4124 2770 4183 acceperunt
2795 4115 2894 4170 sibi
2916 4132 3101 4171 uxores
3124 4133 3189 4172 ea;
3209 4120 3466 4175 omnibus
3507 4141 3640 4193 quas
3662 4126 3741 4177 dr-

2179 4216 2389 4277 gerunt,
2420 4217 2469 4260 et
2493 4208 2630 4261 dixit
2667 4206 2921 4262 Dominus
2954 4207 3125 4263 Deus:
3145 4208 3267 4263 Non
3292 4214 3635 4280 permanebit
3655 4215 3738 4279 spi-

2178 4300 2313 4354 ritus
2336 4316 2481 4354 meus
2511 4300 2564 4353 in
2589 4300 2800 4354 homine
2843 4300 2901 4353 in
2943 4309 3219 4366 a'ternunt,
3272 4303 3408 4372 quia
3443 4320 3576 4360 caro
3613 4303 3731 4359 est“.

2183 4391 2323 4464 Ergo
2346 4392 2393 4448 si
2424 4392 2707 4448 habitabat
2732 4392 2958 4464 spiritus
2993 4393 3085 4449 Dei
3117 4394 3173 4449 in
3209 4394 3446 4452 homine
3472 4410 3733 4476 antequam

496 4464 652 4517 νίιιιιί
686 4465 1014 4520 sacriﬁcium
1046 4466 1383 4520 nominatur.
1646 4470 1792 4523 enim
1844 4471 1991 4541 iugo,
2019 4480 2075 4525 Θι
2105 4500 2152 4559 D
2176 4499 2370 4540 omnes
2388 4484 2543 4555 sequi
2570 4486 2853 4555 passiones
2891 4485 3077 4540 carnis
3113 4486 3410 4557 inciperet,

495 4560 795 4630 pertinenti
837 4561 904 4616 ad
929 4576 1054 4616 eum
1111 4562 1437 4632 operationi,
1500 4571 1556 4618 et
1598 4564 1823 4634 iustitia:
1874 4566 2074 4621 vitulus

496 4661 865 4721 comparatur,
920 4654 1113 4722 jugum
1156 4664 1453 4710 consuetus
1506 4656 1747 4721 trahere,
1790 4665 1950 4727 atque
1998 4657 2073 4711 ita

496 4752 697 4797 terram
720 4746 956 4814 operari.
998 4745 1135 4812 Quia
1173 4755 1354 4802 autem
1386 4749 1687 4803 secundum
1716 4750 1860 4819 quod
1888 4752 2071 4804 incar-

492 4845 655 4891 natus
681 4846 820 4904 erat,
854 4839 921 4895 de
942 4840 1219 4897 communi
1238 4858 1416 4899 massa
1441 4844 1723 4900 hominum
1758 4844 1932 4901 factus
1956 4853 2060 4910 est,

491 4940 781 4998 propterea
813 4947 1004 4986 rursus
1027 4934 1213 4988 hircus
1257 4936 1578 5005 appellatur.
1626 4939 1897 5008 Asperum
1939 4952 2070 5007 ergo

492 5016 596 5072 hoc
620 5020 821 5074 animal
855 5020 1088 5090 pilorum
1144 5023 1526 5079 indumentum
1579 5026 1719 5094 gerit
1754 5048 1767 5081 :
1814 5042 2069 5096 asperum

493 5118 672 5164 autem
722 5120 910 5182 utpote
965 5121 1194 5181 peccato
1228 5115 1513 5181 refertum,
1554 5132 1717 5171 omne
1766 5119 2066 5172 viventium

2178 4576 2284 4630 rito
2315 4583 2436 4630 erat
2470 4576 2754 4631 hominum
2784 4590 2996 4631 massa:
3024 4592 3150 4631 nam
3171 4591 3273 4633 nec
3307 4579 3593 4648 primitias
3614 4596 3668 4635 ex
3683 4595 3728 4632 es

2178 4668 2411 4723 Sanctus
2432 4675 2743 4721 sanctorum
2764 4678 3086 4723 assumeret.
3116 4668 3253 4734 Quia
3278 4679 3473 4725 autem
3492 4674 3726 4727 sordidata
3800 4688 3801 4727 γ

2174 4768 2278 4822 est,
2311 4758 2548 4829 expiavit
2575 4772 2701 4839 eum
2747 4759 2817 4812 ab
2861 4758 3226 4815 immunditiis
3280 4760 3526 4818 ﬁliorum
3578 4764 3723 4819 Israel.

2174 4847 2420 4904 Primum
2450 4849 2666 4919 quidem
2697 4851 2978 4906 sensibilis
3026 4851 3159 4922 ipsis
3186 4852 3310 4907 data
3340 4861 3432 4907 est
3464 4855 3578 4922 lex,
3628 4854 3722 4925 quis

2173 4941 2500 5012 transgressi
2563 4948 2710 5006 sunt,
2780 4956 2905 4995 reos
2962 4941 3084 4998 illos
3127 4942 3443 5008 maledicto,
3482 4952 3540 4997 et
3592 4942 3721 4999 ωοιὰ
3800 4940 3801 5012 ξ

2173 5033 2484 5097 constituit,
2554 5043 2616 5088 ut
2682 5044 2974 5103 propterea
3054 5035 3426 5090 necessariam
3484 5036 3722 5090 haberem

2173 5123 2564 5193 expiationem,
2597 5132 2652 5178 et
2688 5140 2787 5193 pro
2814 5125 2898 5179 eis
2948 5124 3170 5195 quidem
3200 5123 3580 5196 principaliter
3628 5126 3721 5180 uei-

493 5217 688 5269 genus,
722 5204 849 5272 quia
901 5204 1042 5258 nihil
1075 5214 1161 5260 est
1196 5217 1423 5275 peccato
1456 5209 1725 5277 asperius.
1769 5208 1921 5263 Uudc
1962 5209 2065 5264 hoc
2175 5214 2343 5284 geniti
2380 5214 2695 5269 immolatur
2724 5213 3084 5271 sacriﬁcium:
3135 5216 3453 5271 immolatur
3486 5228 3658 5272 autem
3682 5228 3721 5269 cl

491 5295 794 5361 approbare
820 5303 1005 5364 aperte
1035 5296 1308 5367 legislator
1344 5297 1529 5352 volens
1570 5297 1778 5367 inquit:

565 5380 801 5453 Cumque
873 5387 1183 5440 mactavcrit
1220 5387 1425 5439 hircum
1457 5403 1552 5455 pro
1606 5400 1817 5457 peccato
1858 5390 2059 5460 populi.

492 5466 692 5524 Totum
713 5470 802 5525 hic
825 5471 1133 5544 intelligens
1164 5475 1464 5530 humanum
1490 5493 1678 5548 genus,
1707 5481 1853 5549 quod
1886 5498 2034 5551 quon

560 5662 781 5752 'tul’sal.
812 5686 929 5737 vm,
961 5672 1015 5729 4.
1090 5674 1134 5708 ⁸⁸
1161 5673 1327 5730 Zach.
1365 5692 1438 5751 Ψ»
1476 5676 1562 5729 η·
1640 5679 1686 5711 ⁸⁸
1709 5678 2018 5749 Luc-1,78:

2184 5684 2352 5742 rlallh.
2386 5703 2539 5752 xvut,

496 5729 650 5787 ιῡ-ὕι
663 5774 675 5788 .

2162 5318 2265 5375 pro
2314 5305 2574 5359 omnibus
2603 5304 2939 5373 hominibus,
2987 5306 3063 5361 ita
3116 5317 3176 5363 ut
3231 5308 3466 5377 Caiphas
3507 5309 3719 5364 diceret:

2164 5395 2378 5466 Oportet
2420 5408 2477 5451 ut
2508 5415 2645 5453 unus
2685 5400 2839 5453 homo
2870 5400 3135 5454 moriatur
3190 5415 3284 5469 pro
3320 5401 3534 5469 populo,
3567 5410 3612 5455 et
3635 5416 3720 5453 seu

2163 5497 2271 5541 tota
2313 5505 2435 5558 gens
2484 5500 2663 5557 pereat
2683 5490 2751 5546 θ’.
2791 5489 3057 5560 Quodque
3103 5491 3309 5546 dictum
3352 5499 3492 5557 erat,
3548 5489 3721 5546 contir-
3800 5490 3801 5503 ‘

2570 5688 2658 5756 2i,
2696 5688 2787 5745 22.
2863 5691 2908 5724 ⁸⁸
2929 5688 3067 5748 Gen.
3106 5709 3180 5759 vr,
3220 5693 3329 5748 1-5.
3402 5696 3449 5728 ⁸⁸
3474 5695 3623 5753 Joan.
3655 5712 3717 5749 si.
