3810 6318
49 411 127 474 97

1197 411 1277 471 IN
1318 410 1758 469 LEVl'l‘ICUM.
1797 436 1863 445 -α
1902 409 2048 470 LIB.
2094 412 2157 472 V.

3184 418 3295 484 998'

70 535 177 575 ans
216 517 488 589 simulque
527 525 584 573 et
635 518 913 592 corrigens
965 521 1292 593 evangelista
1353 520 1612 584 Joannes,
1642 518 1997 577 Abonum”.
2051 519 2223 576 Nemo
2281 521 2559 577 caelestem
2620 523 3096 582 conversationem
3157 535 3292 581 tune

49 610 265 666 ddidit:
302 608 417 664 Hoc
450 618 626 664 autem
649 628 681 665 a
708 613 984 681 semetipso
1012 628 1112 666 non
1177 612 1328 676 dixit,
1350 613 1441 665 sed
1483 627 1601 665 cum

49 713 150 756 sset
178 702 414 774 pontifex
446 703 575 756 anni
603 702 767 768 illius,
821 704 1167 774 prophetavit,
1201 706 1323 773 quia
1382 704 1604 756 moritu-

49 810 108 847 us
143 794 286 848 esset
310 793 462 858 Iesus
489 810 585 864 pro
614 804 786 865 gente,
817 804 866 849 et
890 811 994 848 non
1013 795 1182 849 solum
1201 812 1297 864 pro
1325 804 1492 865 gente,
1512 795 1602 847 sed

53 895 69 936 t
102 885 246 953 filios
280 885 398 951 Dei,
432 887 522 956 qui
551 887 775 956 dispersi
806 896 957 941 erant
986 887 1042 941 in
1069 903 1232 940 unum
1294 886 1557 955 colligeret
1584 901 1598 938 :

49 987 217 1041 nentes
259 976 536 1043 videlicet,
584 977 654 1031 de
700 977 831 1048 ipsis
862 978 1007 1033 enim
1058 977 1324 1032 Dominus
1353 967 1599 1031 dicebat:

49 1069 210 1124 labeo
238 1069 377 1123 enim
411 1068 547 1122 alias
571 1084 709 1134 oues,
740 1085 857 1140 qua:
886 1085 991 1121 non
1018 1079 1138 1123 sunt
1167 1069 1231 1122 de
1257 1069 1351 1121 hoc
1383 1068 1522 1129 ovili.
1555 1076 1602 1121 et

49 1159 150 1212 llas
195 1165 396 1227 oportet
426 1172 508 1210 me
528 1156 770 1228 colligere
793 1157 861 1211 9°.
900 1154 1102 1227 Aperte
1135 1166 1317 1211 autem
1354 1156 1447 1209 ﬁlii
1484 1155 1601 1222 Dei,

49 1250 200 1305 multo
231 1249 402 1320 magis
430 1257 555 1303 sunt
591 1247 864 1314 lsraelitte,
891 1249 1014 1319 quia
1033 1248 1198 1303 Israel
1224 1246 1415 1305 videns
1432 1248 1603 1303 Deum

49 1346 440 1409 interpretatur,
471 1347 526 1394 et
573 1339 875 1394 secundum
912 1339 1175 1393 rationem
1222 1353 1321 1409 pro
1360 1338 1603 1394 sensibili

49 1431 192 1485 arael
234 1429 389 1485 lesus
418 1429 748 1496 immolatus,
799 1430 849 1484 id
885 1438 969 1485 cst
1016 1429 1360 1493 sacriﬁcium,
1409 1439 1462 1484 et
1504 1445 1604 1501 pro

57 1524 173 1577 mni
225 1522 470 1579 humano
505 1540 728 1596 genere,
776 1525 843 1579 ad
897 1523 1265 1595 expiationem
1305 1524 1604 1579 immundi-

49 1616 221 1670 larum
250 1626 567 1671 nostrarum
596 1616 813 1672 obtulit.
833 1614 1073 1681 Quarum
1104 1615 1607 1671 immunditiarum?

49 1709 79 1761 d
108 1717 197 1763 est
223 1722 257 1762 a
279 1707 828 1779 praevaricationibus
858 1724 1072 1774 eorum,
1112 1708 1308 1777 inquit,
1364 1709 1605 1764 cunctis-

58 1816 128 1855 ue
163 1800 427 1871 peccatis.
459 1799 673 1855 Animae
701 1801 903 1871 quippe
921 1799 1284 1864 immunditia,
1317 1816 1427 1856 non
1456 1815 1605 1854 mor-

49 1892 100 1945 ui
142 1891 398 1961 pollutio,
452 1907 564 1948 non
618 1894 878 1963 porcinus
932 1893 1107 1959 cibus,
1161 1908 1271 1947 non
1327 1892 1602 1962 quippiam

55 1984 170 2039 liud
201 1984 400 2051 simile,
430 1986 530 2040 sed
566 2002 769 2041 nocere
796 1986 1046 2056 proximo
1074 1994 1177 2052 est,
1209 1994 1265 2039 et
1299 2000 1527 2055 peccare
1549 1984 1606 2039 in

49 2080 226 2141 leum,
256 2077 342 2131 vel
373 2076 629 2130 mandata
652 2075 768 2131 Dei.

90 2169 261 2223 Juxta
297 2170 433 2223 hunc
466 2170 630 2223 ritum
681 2169 839 2240 faciet
890 2167 1296 2222 tabernaculum
1324 2169 1608 2223 testimonii

49 2262 164 2312 tuod
204 2258 367 2327 ﬁxum
400 2268 474 2313 est
496 2259 631 2314 inter
662 2275 767 2324 eos,
796 2259 852 2312 in
885 2259 1054 2313 medio
1071 2259 1292 2312 sortium
1323 2259 1607 2313 habitatio-

49 2353 109 2406 tis
139 2367 347 2406 eorum.
375 2350 572 2406 Nullus
598 2352 867 2406 hominum
901 2351 968 2405 sit
989 2353 1042 2404 in
1066 2351 1424 2418 tabernaculo,
1445 2367 1609 2421 quan-

49 2442 91 2495 lo
126 2443 367 2512 pontifex
403 2443 692 2513 ingreditur
717 2444 769 2496 in
806 2443 1192 2508 sanctuarium,
1235 2452 1292 2498 ut
1322 2452 1462 2514 roget
1513 2460 1608 2512 pro

54 2551 81 2588 e
112 2545 162 2589 et
214 2551 312 2606 pro
340 2535 494 2589 domo
541 2551 655 2598 sua,
687 2544 735 2588 et
787 2551 883 2605 pro
935 2534 1175 2588 uniuerso
1231 2545 1363 2589 coetu
1414 2535 1605 2591 Israel.

49 2627 190 2693 Quod
243 2627 330 2681 lex
388 2627 641 2697 superius
680 2627 974 2698 appellavit
1029 2636 1237 2694 sancta,
1284 2644 1412 2683 ecce
1459 2646 1608 2686 nunc

50 2715 442 2771 abernaculum
504 2716 801 2770 testimonii
837 2715 1097 2786 appellat,
1130 2717 1277 2787 quod
1318 2716 1486 2771 ﬁxum
1525 2726 1609 2772 est

50 2817 172 2861 nter
213 2821 328 2872 eos,
392 2807 450 2861 in
508 2806 692 2861 medio
723 2807 953 2861 sortium
1000 2805 1356 2862 habitationis
1393 2823 1603 2862 eorum.

49 2884 157 2952 Sive
193 2897 499 2953 secundum
529 2896 670 2952 LXX
712 2897 1037 2952 aediﬁcatum
1090 2897 1145 2950 in
1173 2898 1274 2960 eis,
1315 2898 1370 2951 in
1426 2898 1608 2953 medio

51 2990 505 3044 mmunditiarum
556 3006 766 3045 eorum.
801 2988 999 3044 Eadem
1028 2990 1256 3067 quippe
1296 2990 1523 3055 ratione,
1555 2998 1610 3044 et

49 3089 218 3136 ancta
247 3096 391 3145 esse,
456 3092 513 3136 et
548 3081 843 3136 testimonii
875 3081 1135 3151 appellari
1173 3082 1603 3146 tabernaculum,

1705 599 2056 678 sequebatur,
2084 626 2188 666 nec
2211 612 2427 684 dignam
2455 615 2664 671 caelesti
2683 615 2908 672 homine
2935 616 3286 687 sapientiam,

1708 702 2010 770 usquedum
2049 703 2103 756 in
2139 711 2327 760 sancto
2353 708 2586 776 propriae
2606 709 2789 763 carnis
2807 720 3016 778 rogaret
3047 723 3146 779 per
3161 723 3290 762 cru-

1706 805 1847 858 cem,
1878 801 1934 846 et
1964 807 2221 863 egressus,
2236 804 2321 851 est
2345 812 2412 851 ex
2447 812 2511 852 ea
2561 798 2679 870 lege
2711 800 3018 855 communis
3062 799 3281 863 mortis,

1704 883 1962 938 emittens
1985 885 2260 953 spiritum,
2283 895 2338 942 et
2358 904 2579 944 carnem
2620 892 2941 962 relinquens
2986 893 3042 946 in
3099 893 3291 962 sepul-

1705 985 1839 1035 cro,
1875 974 2021 1042 quod
2063 975 2183 1043 ejus
2237 977 2522 1032 evidenter
2570 981 2749 1035 exitus
2789 982 3119 1038 nominatur.
3182 983 3290 1037 Sed

1705 1079 1815 1119 non
1868 1069 2208 1137 generalitati
2261 1071 2506 1125 omnium
2559 1071 2845 1129 hominum
2904 1075 3108 1145 proluit
3175 1074 3286 1130 hoc

1705 1157 1849 1227 quod
1872 1174 2022 1213 nunc
2055 1168 2140 1214 est
2173 1163 2481 1242 expositum
2512 1166 2858 1221 sacriﬁcium.
2886 1168 3078 1222 Rullus
3113 1168 3294 1221 homi-

1705 1263 1839 1302 num
1872 1249 1963 1315 sit,
2001 1251 2196 1321 inquit,
2254 1253 2309 1306 in
2344 1255 2717 1322 tabernaculo,
2768 1264 2987 1328 quando
3036 1259 3290 1314 Pontifex

1706 1338 2013 1410 ingreditur
2047 1345 2101 1396 in
2131 1348 2505 1400 sanctuarium
2529 1355 2590 1402 ut
2620 1359 2789 1418 roget.
2826 1351 2989 1420 Atqui
3027 1351 3081 1404 in
3117 1352 3291 1405 sacri-

1707 1430 1832 1485 ﬁcio
1866 1433 2013 1501 quod
2058 1443 2146 1489 est
2193 1437 2495 1491 secundum
2533 1437 2788 1507 litteram,
2845 1442 2993 1496 solus
3047 1457 3292 1512 praesens

1707 1532 1853 1577 esset
1882 1524 2115 1593 populus
2150 1524 2486 1584 Judmorum.
2517 1526 2634 1582 Non
2658 1540 2841 1585 autem
2899 1533 3078 1585 omnis
3126 1529 3293 1585 homo

1708 1614 1776 1669 de
1810 1616 2167 1671 tabernaculo
2217 1619 2517 1674 secundum
2563 1628 2780 1691 tempus
2823 1623 3095 1686 sacriﬁcii,
3144 1622 3292 1692 quod

1708 1721 1857 1762 nunc
1882 1705 2089 1762 dictum
2119 1715 2222 1770 est,
2246 1710 2673 1765 excluderetur:
2699 1713 2796 1767 sed
2812 1713 3097 1785 signiﬁcat,
3126 1727 3293 1769 omne

1711 1796 1998 1851 hominum
2025 1813 2217 1869 genus,
2249 1808 2466 1856 terrena
2492 1817 2642 1858 nunc
2679 1818 2890 1874 sapere,
2942 1813 2999 1859 et
3049 1806 3105 1859 in
3160 1821 3295 1876 pec-

1711 1889 1848 1943 catis
1872 1903 2016 1955 essc,
2045 1904 2108 1943 ac
2142 1899 2433 1960 propterea
2479 1892 2535 1947 in
2566 1893 2894 1966 iutelligibili
2939 1895 3293 1965 tabernaculo

1709 1982 2010 2036 testimonii
2046 1993 2195 2039 recte
2224 1999 2334 2038 non
2360 1984 2617 2058 inveniri.

1779 2071 1943 2129 Vens.
1980 2073 2186 2137 18,19.
2224 2094 2244 2127 α
2278 2074 2421 2131 Cum
2480 2064 2687 2132 a‘utem
2734 2077 2929 2133 exierit
2976 2077 3046 2133 ad
3095 2077 3291 2145 altare,

1709 2166 1856 2235 quod
1889 2180 2074 2221 coram
2127 2165 2360 2221 Domino
2387 2176 2473 2223 est
2505 2177 2625 2223 oret
2660 2182 2761 2238 pro
2805 2183 2866 2224 se
2903 2176 2958 2224 et
3010 2174 3288 2238 sumptum

1708 2258 2035 2329 sanguinem
2087 2260 2246 2314 vituli
2281 2270 2444 2330 atque
2490 2261 2626 2316 hirci
2652 2262 2848 2317 fundat
2886 2277 3051 2332 super
3081 2276 3289 2317 cornua

1707 2348 1829 2418 ejus
1851 2364 1951 2417 per
1977 2364 2190 2420 gyrum,
2225 2366 2598 2423 spargensque
2621 2353 2791 2423 digito
2820 2353 3043 2423 septies,
3076 2352 3284 2422 expiet,

1709 2434 2129 2505 sanctiﬁcetque
2224 2437 2360 2492 illud
2449 2438 2520 2492 ab
2609 2439 2974 2495 immunditiis
3054 2439 3289 2494 ﬁliorum

1707 2527 1897 2582 Israel.
1945 2546 1966 2580 ι

1777 2617 1916 2684 Quia
1953 2635 2076 2690 qua:
2114 2620 2293 2687 vituli,
2315 2628 2372 2676 et
2402 2621 2541 2676 hirci
2568 2630 2775 2687 essent,
2810 2623 2943 2678 satis
2975 2624 3030 2677 in
3057 2623 3145 2679 bis
3168 2638 3292 2694 qua:

1709 2710 1854 2765 dicta
1894 2720 2043 2774 sunt,
2070 2713 2422 2781 explanatum
2452 2720 2555 2767 est.
2607 2711 2784 2767 Simul
2831 2714 2978 2770 enim
3007 2718 3296 2785 utriusque

1710 2818 1935 2861 sumens
1984 2807 2329 2877 sanguinem,
2388 2823 2670 2877 unumque
2729 2808 2861 2863 illud
2917 2810 3295 2880 conjunctioni

1707 2896 2116 2963 demonstrans,
2161 2913 2327 2969 super
2358 2913 2568 2954 cornua
2591 2899 2781 2954 altaris
2816 2901 2991 2970 ponit,
3020 2917 3117 2956 seu
3162 2902 3294 2956 fun-

1710 2988 1810 3042 dit.
1863 2987 1975 3043 Sed
2029 2988 2160 3058 quid
2215 2989 2368 3060 agit‘l
2439 2988 2793 3059 Qurecuuque
2850 2991 3092 3062 mysterii
3155 2993 3291 3049 ordo

1711 3078 1898 3149 exigit,
1927 3086 1984 3133 et
2008 3080 2416 3149 consequentia:
2436 3081 2555 3135 vult
2588 3080 2778 3153 ﬁgura,
2803 3098 2964 3151 quam
2994 3097 3120 3137 cum
3141 3085 3293 3138 omni

49 3187 212 3228 nassa
246 3181 429 3228 nostra
449 3175 653 3243 potest.
715 3170 770 3227 Si
799 3173 946 3228 enim
1000 3173 1411 3228 tabernaculum
1449 3176 1602 3230 testi-
1630 3185 1674 3244 ο
1710 3170 2019 3227 subtilitate
2047 3171 2327 3240 legislator
2349 3171 2568 3241 scripsit
2588 3182 2779 3242 postea
2801 3181 3054 3228 nostrum
3104 3190 3296 3246 egres-

50 3264 201 3318 nonii
260 3264 456 3319 cmlum
518 3264 782 3331 diximus,
842 3274 992 3319 recte
1048 3274 1235 3319 sancta
1291 3268 1608 3322 nominatur

49 3356 271 3412 :mlestis
297 3364 484 3411 noster
506 3356 691 3419 homo,
719 3355 787 3410 de
818 3372 926 3426 quo
952 3355 1030 3410 ait
1052 3354 1282 3412 Paulus:
1320 3355 1465 3413 Sicut
1488 3377 1611 3429 por-

51 3453 261 3505 avimus
315 3450 598 3521 imaginem
644 3449 857 3513 terreni,
906 3457 1170 3518 portemus
1222 3457 1272 3502 et
1324 3450 1617 3527 imaginem.

49 3541 249 3596 'telestis
265 3541 332 3595 ".
371 3539 616 3595 Rursus:
651 3539 708 3594 Si
741 3540 1209 3615 terrestrisdomus
1239 3552 1415 3595 nostra
1453 3543 1610 3612 hujus

49 3633 734 3698 rabitationis'dissoluatur,
766 3632 1016 3686 habemus
1042 3634 1445 3703 mdiﬁcationem
1492 3652 1609 3705 qua:

49 3737 93 3775 ιτ
129 3722 241 3777 Deo
272 3731 368 3788 est,
414 3723 629 3777 domum
678 3738 781 3776 non
810 3739 971 3776 manu
1014 3725 1231 3794 factam,
1279 3734 1530 3779 teternam
1555 3726 1612 3779 in

49 3815 169 3868 'wlis
189 3814 259 3868 ”.
285 3812 452 3869 Recte
475 3830 605 3885 ergo
638 3822 890 3868 sanctum
924 3817 1263 3881 nominatur,
1292 3819 1417 3886 quia
1443 3818 1612 3874 aediﬁ-

49 3912 304 3962 mtus'est
330 3906 385 3960 in
414 3906 592 3961 nobis.
625 3904 869 3959 Primum
902 3907 1039 3962 enim
1070 3909 1316 3978 formavit
1357 3908 1612 3965 Dominus

49 3996 173 4052 Deus
199 3999 264 4053 de
290 3999 502 4068 puluere
534 4007 688 4053 terra:
716 3999 1001 4067 hominem,
1025 4010 1074 4056 et
1105 4010 1228 4056 tunc
1252 4002 1534 4073 insufﬂauit
1556 4004 1611 4058 in

49 4089 223 4144 'aciem
242 4089 358 4158 ejus
377 4089 624 4159 spiritum
653 4090 771 4143 vitae
783 4087 852 4143 ".
886 4088 987 4145 llic
1012 4097 1099 4145 est
1118 4104 1247 4158 ergo
1274 4099 1464 4146 noster
1499 4104 1613 4146 cce-

52 4182 187 4235 estis
229 4179 415 4245 homo,
451 4180 545 4251 qui
580 4181 635 4235 in
670 4181 852 4237 medio
892 4181 1360 4236 immunditiarum
1392 4189 1614 4237 nostra-

49 4287 155 4326 rum
190 4279 296 4338 est,
327 4271 419 4342 qui
451 4271 613 4327 etiam
645 4273 995 4342 passionibus
1020 4274 1202 4329 carnis
1246 4283 1610 4345 oppugnatur,

49 4360 340 4417 secundum
381 4363 526 4432 quod
576 4363 776 4419 Paulus
828 4365 996 4419 dixit:
1050 4364 1202 4419 Video
1257 4366 1395 4419 enim
1447 4364 1615 4419 aliam

49 4452 199 4524 legem
216 4455 273 4508 in
289 4455 533 4510 membris
554 4456 704 4520 meis,
727 4466 1103 4527 repugnantem
1130 4456 1229 4527 legi
1255 4457 1441 4512 mentis
1460 4472 1610 4523 meae,

1709 3278 1831 3319 sum
1885 3264 1956 3319 ad
2014 3264 2204 3330 altare,
2275 3265 2422 3335 quod
2478 3273 2565 3319 est
2615 3280 2801 3320 coram
2844 3265 3095 3321 Domino.
3155 3266 3298 3322 Dicit

1709 3365 1891 3410 autem
1922 3371 2071 3422 eum,
2100 3357 2195 3426 qui
2225 3365 2309 3412 est
2341 3356 2732 3427 thymiamatis,
2758 3358 2905 3427 quod
2953 3370 3076 3413 esse
3107 3359 3294 3413 sedem

1709 3448 2006 3503 Cherubim
2034 3450 2393 3513 ostendimus,
2452 3467 2581 3505 cum
2639 3466 2804 3505 carne
2856 3450 3183 3515 ascendens,
3238 3461 3299 3506 et

1709 3546 1954 3590 nostram
1990 3536 2047 3590 in
2101 3552 2168 3591 eo
2197 3537 2570 3606 captivitatem
2616 3538 2942 3605 sublevavit,
2987 3538 3150 3592 simul
3192 3554 3297 3594 nos

1710 3629 2003 3693 suscitans,
2027 3638 2082 3683 et
2110 3630 2305 3684 sedere
2326 3629 2538 3684 iaciens
2572 3629 2627 3683 in
2651 3629 2841 3684 dextra
2868 3630 2922 3684 in
2954 3629 3292 3685 cmlestibus.

1709 3721 1778 3778 Et
1804 3732 2082 3791 sumptum
2123 3723 2447 3793 sanguinem
2490 3722 2911 3792 etl‘unditsuper
2937 3734 3142 3776 cornua
3177 3722 3298 3791 ejus

1710 3829 1812 3885 per
1836 3828 2044 3884 gyrum,
2073 3827 2480 3884 aspergensque
2517 3813 2688 3885 digito
2743 3814 2966 3884 septies,
3005 3814 3190 3883 expiet
3243 3822 3301 3868 et

1712 3904 2017 3959 sanctiticet
2082 3904 2215 3960 illud
2273 3905 2342 3960 ab
2401 3904 2771 3959 immunditiis
2820 3903 3056 3960 ﬁliorqu
3108 3904 3296 3960 Israel.

1711 3996 1849 4064 Quia
1884 3996 2105 4067 propria
2144 3997 2402 4066 passione
2430 4012 2541 4052 non
2584 3996 2761 4051 solum
2795 4011 3001 4053 cornua
3030 3996 3169 4066 ejus,
3206 3996 3301 4067 qui

1712 4087 1878 4163 estin
1911 4088 2053 4145 coelo
2076 4088 2288 4151 altaris,
2322 4090 2556 4146 virtutes
2608 4090 2822 4146 scilicet
2871 4091 3199 4162 pra-cipuas,
3245 4099 3302 4146 et

1714 4180 2017 4251 generales,
2047 4175 2396 4251 sapientiam,
2430 4182 2803 4238 fortitudinem
2826 4223 2841 4249 ,
2869 4184 3134 4253 justitiam
3160 4224 3175 4250 ,
3205 4198 3301 4237 ca—

1716 4270 1961 4324 stitatem
1995 4271 2382 4327 sanctiﬁcavit:
2416 4289 2536 4343 quae
2580 4289 2788 4328 cornua
2825 4274 3123 4328 Cherubim
3157 4282 3301 4330 recte

1716 4370 1868 4429 sunt,
1934 4362 2134 4434 ﬁguras
2187 4364 2337 4419 enim
2395 4382 2585 4422 eorum
2643 4366 2870 4421 creleste
2925 4366 3030 4422 hoc
3095 4366 3301 4421 animal

1718 4455 1903 4521 habet,
1936 4457 1994 4511 in
2032 4473 2383 4529 personaque
2416 4460 2657 4515 hominis
2686 4471 2744 4514 et
2772 4459 2945 4515 leonis
2973 4467 3026 4514 et
3058 4459 3213 4513 vituli
3248 4466 3298 4512 et

49 4553 82 4595 et
107 4547 374 4614 captivum
404 4563 487 4599 me
513 4547 783 4600 ducentem
813 4546 869 4599 in
903 4545 1013 4617 lege
1056 4547 1275 4617 peccati,
1308 4562 1425 4612 qua:
1453 4555 1527 4600 est
1558 4549 1615 4601 in
1646 4551 1690 4608 D
1718 4549 1913 4619 aquilae
1949 4551 2108 4622 gerit,
2154 4552 2438 4623 sapientia:
2464 4544 2684 4623 quidem
2715 4552 2768 4606 in
2809 4566 3047 4623 persona
3102 4552 3300 4614 leonis,

50 4636 281 4692 nembris
305 4637 436 4691 meis
452 4636 520 4690 ".
551 4635 782 4707 Propter
803 4638 951 4707 quod
974 4637 1138 4692 nimis
1166 4638 1253 4694 lex
1283 4654 1617 4710 consequen-

57 4744 115 4781 er
136 4727 383 4783 subdidit
410 4744 425 4782 :

107 4816 267 4871 Vens.
303 4816 391 4869 l7.
426 4834 445 4866 ι
482 4814 675 4871 Nullus
704 4816 869 4873 homo
893 4817 963 4873 sit
998 4818 1053 4874 in
1079 4818 1432 4877 tabernaculo
1462 4820 1615 4878 testi-

53 4908 226 4975 nonii,
247 4908 470 4979 quando
496 4909 742 4979 pontifex
773 4910 1082 4981 ingreditur
1110 4921 1172 4967 ut
1210 4923 1364 4984 roget
1394 4929 1497 4983 pro
1534 4930 1615 4984 se,

49 5006 90 5051 et
114 5015 214 5068 pro
249 5001 414 5057 domo
434 5016 555 5068 sua,
574 5011 631 5058 et
651 5017 748 5074 pro
777 5003 1036 5059 universo
1058 5012 1203 5058 coetu
1227 5002 1412 5063 Israel,
1450 5024 1473 5057 ι

108 5092 336 5157 Quando
363 5099 509 5152 enim
530 5096 786 5153 Christus
832 5096 1147 5170 ingreditur
1168 5096 1225 5151 in
1256 5105 1527 5165 sanctum,
1562 5101 1618 5155 id

49 5191 143 5248 est,
171 5185 397 5263 quando
411 5187 822 5253 incarnabatur,
844 5189 1120 5245 caelestem
1151 5189 1427 5245 hominem
1457 5199 1618 5260 atque

49 5284 104 5324 ex
137 5273 298 5328 nobis
328 5274 597 5344 primitias
624 5280 897 5346 sumebat,
932 5295 1091 5334 nemo
1113 5286 1229 5334 erat
1258 5281 1317 5335 in
1362 5280 1622 5350 intelligi-

49 5364 134 5418 bili
166 5367 524 5424 tabernaculo
548 5369 866 5435 testimonii,
891 5386 994 5427 nec
1016 5372 1232 5443 gentilis
1253 5386 1358 5426 nec
1381 5371 1616 5426 circum-

49 5454 203 5522 nisus,
237 5473 343 5513 nec
375 5459 561 5522 levita,
596 5473 702 5516 nec
722 5464 989 5525 sacerdos,
1023 5464 1149 5533 quia
1183 5479 1357 5517 omnes
1377 5462 1613 5517 declina-

49 5558 244 5614 verunt,
276 5551 437 5605 simul
485 5550 701 5608 inutiles
734 5552 861 5621 facti
899 5562 1040 5620 sunt,
1077 5571 1179 5615 non
1202 5564 1281 5608 est
1334 5555 1422 5624 qui
1450 5553 1615 5624 faciat

49 5800 91 5831 η
178 5748 335 5831 J_oan.
360 5752 541 5831 1,“!6.

74 5808 91 5836 °
122 5816 280 5877 llebr.
315 5808 505 5891 13,25:

619 5749 665 5782 ’ί
698 5747 717 5802 ι
748 5747 875 5802 Cor.
934 5753 1144 5816 “,49.
1222 5753 1268 5783 ⁹¹
1303 5750 1345 5803 ll
1383 5748 1507 5804 Cor.
1542 5764 1596 5811 v,
1628 5751 1674 5801 l.

1710 4641 1943 4712 iustitiae
2000 4643 2057 4697 in
2122 4659 2357 4713 persona
2414 4645 2594 4713 vituli,
2636 4645 2905 4699 castitatis
2951 4642 3007 4697 in
3068 4653 3305 4712 persona

1713 4736 1939 4805 aquilae:
1969 4736 2036 4790 de
2073 4736 2274 4804 quibus
2311 4736 2529 4806 plenius
2575 4738 2629 4789 in
2672 4736 2956 4805 propheta
2998 4733 3301 4789 Ezechielis

1712 4825 2168 4897 interpretatione
2198 4826 2326 4879 olim
2356 4828 2730 4894 exposuimus.

1787 4915 1979 4984 Expiet
2007 4922 2056 4968 et
2077 4913 2368 4980 sancti/ioc:
2399 4913 2534 4967 illud
2567 4913 2633 4966 ab
2668 4912 3024 4967 immunditiis
3067 4912 3297 4980 ﬁliorum

1717 5006 1908 5064 Israel.
1931 5005 2139 5064 Christi
2180 5006 2328 5060 enim
2367 5005 2639 5061 sacriﬁcio
2682 5006 2975 5076 expiantur
3027 5018 3083 5059 et
3134 5004 3299 5059 coele-

1718 5102 1822 5156 stia
1844 5101 1913 5164 ",
1940 5100 2014 5153 ita
2045 5109 2103 5154 ut
2134 5099 2336 5154 Paulus
2369 5098 2610 5154 diceret:
2637 5096 2999 5154 diﬂ'erentiam
3047 5096 3298 5167 legalium

1718 5190 2133 5253 sacriﬁciorum,
2179 5201 2235 5243 et
2281 5188 2549 5259 unigeniti
2609 5188 2901 5243 ostendere
2935 5187 3122 5241 volens
3160 5199 3291 5238 :ne-

1719 5296 1875 5335 cesse
1904 5290 1991 5335 est
2027 5295 2156 5351 ergo
2197 5278 2527 5348 exemplaria
2562 5279 2863 5336 caelestium
2898 5278 2985 5331 bis
3023 5275 3295 5338 mandari,

1722 5372 1837 5441 ipsa
1878 5381 2060 5426 autem
2089 5371 2338 5428 coelestia
2388 5371 2691 5442 majoribus
2739 5371 2931 5426 hostiis
2963 5385 3124 5440 quam
3155 5368 3294 5422 istis.

1724 5460 1829 5514 Sed
1892 5461 2050 5529 cujus
2109 5459 2189 5514 rei
2245 5459 2416 5529 gratia
2472 5459 2781 5528 expiatione
2836 5474 2976 5529 opus
3021 5457 3295 5513 habebant

1723 5537 1967 5608 ccelestia
2002 5551 2273 5622 legislator
2303 5551 2563 5619 ostendit,
2592 5553 2812 5607 dicens:

1757 5748 1955 5803 “Gen.
2026 5765 2085 5813 ιι,
2119 5751 2169 5803 7.
2247 5748 2292 5781 ”
2317 5747 2476 5804 Rom.
2530 5766 2628 5818 vn,
2660 5751 2750 5806 ‘25.
2825 5751 2871 5783 "
2898 5749 3041 5805 Psai.
3089 5772 3209 5817 xm,
3235 5749 3291 5804 5ο
