3810 6318
509 364 617 432 999

1658 422 1661 427 η
1698 351 2058 411 HESYCHII
2092 345 2566 411 PBESBY’I‘ERI

3646 332 3760 400 ιοω

574 473 766 545 Expiet
805 469 1199 541 sanctiﬁcetque
1228 467 1360 521 illud
1384 465 1449 520 ab
1467 464 1818 519 immunditiis
1849 463 2084 533 ﬁliorum
2113 468 2157 526 Α
2188 462 2385 515 emittit
2423 474 2547 513 eum
2602 471 2700 526 per
2730 453 3006 509 hominem
3061 460 3313 545 paratum
3347 449 3415 545 in,
3470 447 3757 504 desertus.

504 565 692 620 Israel.
724 562 1000 628 Quantum
1018 560 1238 630 quidem
1281 558 1349 611 ad
1379 555 1641 611 caelorum
1674 556 1943 620 virtutes,’
1964 568 2076 606 non

505 667 727 708 necesse
755 660 873 705 erat
900 650 1155 720 quaelibet
1197 647 1457 716 expiatio,
1489 646 1616 717 quia
1669 646 1724 699 in
1769 643 2077 700 sanctifica-

505 747 653 800 tione
679 744 936 799 continua
966 747 1388 795 conversantur:
1435 740 1528 792 sed
1572 738 1697 807 quia
1726 737 1983 805 frequens
2012 736 2079 790 ad

504 839 671 895 cmlos
716 844 1033 891 nostrorum
1068 840 1419 903 peccatorum
1464 829 1713 885 ascendit
1758 828 1961 893 fumus,
2011 828 2080 881 de

503 946 611 1000 quo
640 927 995 984 dixitDavid:
1030 925 1275 979 Ascendit
1309 925 1482 995 fumus
1504 924 1560 975 in
1586 923 1669 975 ira
1709 922 1844 991 ejus,
1875 933 1922 974 et
1944 921 2079 990 ignis

503 1023 639 1093 facie
665 1021 778 1090 ejus
808 1017 1197 1075 exardescit":
1234 1017 1308 1070 ita
1340 1024 1398 1070 ut
1431 1016 1576 1071 Deus
1605 1015 1674 1070 ad
1712 1014 1907 1070 Jonam
1937 1013 2080 1068 dice-

502 1122 620 1167 ret:
665 1111 805 1166 Vade
835 1115 904 1163 ad
943 1109 1172 1163 Niniven
1203 1108 1471 1162 civitatem
1524 1124 1795 1179 magnam,
1847 1115 1897 1160 et
1941 1121 2075 1175 price

501 1202 622 1256 dica
651 1201 707 1253 in
727 1218 789 1254 ea
831 1200 1264 1269 pradicationem
1318 1214 1476 1269 quant
1515 1214 1608 1268 ego
1668 1198 1851 1267 loquor
1892 1198 1961 1250 ad
2009 1206 2076 1261 te,

500 1294 629 1362 quia
686 1291 897 1346 malitia
919 1291 1033 1360 ejus
1073 1290 1306 1344 ascendit
1360 1305 1538 1342 coram
1586 1289 1746 1366 me".
1777 1289 1844 1341 Et
1892 1300 2081 1341 rursus

502 1383 575 1437 ad
632 1382 908 1436 Abraham
959 1381 1029 1436 de
1077 1380 1361 1435 Sodomis:
1422 1380 1768 1443 Descendunt,
1802 1388 1850 1432 et
1898 1377 2081 1431 videbo

502 1482 681 1526 utrum
714 1473 1021 1532 clamorem,
1049 1471 1139 1540 qui
1179 1471 1315 1524 venit
1341 1471 1411 1523 ad
1466 1485 1569 1535 me,
1601 1485 1755 1537 opere
1795 1467 2081 1537 compleve-

503 1566 631 1630 rint,
655 1580 728 1616 an
764 1563 947 1616 non".
975 1561 1145 1616 Recte
1193 1561 1261 1615 de
1305 1560 1508 1614 nostris
1542 1558 1902 1615 immunditiis
1958 1574 2083 1615 san-

503 1655 726 1717 ctificat,
757 1664 814 1708 et
843 1653 1022 1722 expiat
1068 1667 1231 1722 super
1279 1666 1381 1705 nos
1405 1653 1621 1715 choros,
1654 1659 1714 1705 ut
1756 1649 1972 1705 auferat
2016 1665 2081 1703 ex

503 1748 585 1802 eis
636 1747 1085 1801 circumstantem
1137 1742 1667 1812 abominabilemque
1733 1742 1981 1807 odorem,
2026 1751 2082 1797 et

505 1838 883 1910 gloriationem
918 1836 1128 1900 falsam,
1159 1850 1320 1905 quam
1349 1841 1540 1889 contra
1569 1848 1664 1888 eos
1702 1833 2078 1903 deposuimus.

502 1933 798 2002 Propterea
822 1944 935 1984 non
964 1928 1286 1998 simpliciter
1319 1934 1590 1998 asperget,
1613 1927 1711 1981 sed
1756 1926 1980 1996 septies,
2021 1935 2082 1980 ut

503 2022 777 2091 intelligas
831 2019 1052 2076 veniam
1108 2025 1462 2089 peccatorum
1524 2027 1878 2083 nostrorum,
1938 2016 2082 2072 hanc

502 2113 651 2168 enim
680 2112 1030 2182 septenarius
1072 2125 1338 2165 numerus
1387 2109 1603 2181 ﬁgurat.
1652 2109 1794 2165 Loca
1838 2108 2080 2165 coalestia

501 2201 839 2256 mundantur
867 2199 1222 2255 abominabili
1251 2199 1441 2265 odore,
1473 2208 1529 2253 et
1559 2198 1882 2269 gloriatione
1916 2215 2080 2269 quam

500 2287 885 2357 deposuimus:
915 2287 1080 2357 hujus
1110 2287 1256 2340 enim
1290 2287 1371 2342 rei
1393 2301 1578 2347 causa.
1609 2285 1761 2356 prius
1795 2286 2079 2341 inimicitia

499 2396 529 2434 a
559 2380 737 2445 nobis,
762 2389 952 2438 contra
978 2395 1042 2435 ea
1082 2395 1203 2449 qua:
1231 2387 1358 2434 sunt
1406 2379 1464 2433 in
1503 2378 1839 2443 ccclestibus,
1893 2390 2079 2435 exorta

498 2478 600 2527 est.

568 2581 731 2636 Vens.
752 2582 843 2637 20.
879 2602 897 2634 ε
924 2581 1219 2651 Postquam
1246 2582 1628 2638 emundaverit
1675 2583 2044 2638 sanctuarium
2063 2623 2076 2635 .

500 2681 554 2725 et
587 2674 1014 2737 tabernaculum,
1042 2681 1098 2727 et
1122 2673 1308 2727 altare.
1350 2691 1370 2724 ι

574 2761 667 2815 Vel
693 2762 834 2816 sicut
864 2762 1028 2816 LXX.
1080 2761 1411 2833 Deﬁnietque
1444 2779 1668 2818 exorans
1713 2772 1977 2829 sanetum,
2027 2773 2076 2818 et

501 2852 899 2905 tabernaculum
923 2852 1226 2916 testimonii,
1264 2863 1311 2907 et
1336 2853 1612 2920 altarium,
1641 2864 1689 2908 et
1708 2871 1801 2924 pro
1829 2855 2078 2909 sacerdo-

502 2943 638 2997 tibus
661 2944 926 3013 purgaoit.
966 2942 1283 2998 Secundum
1310 2959 1546 3014 quorum
1578 2946 1899 3011 editionem,
1931 2955 2078 3001 recte

506 3037 588 3089 lex
620 3034 897 3104 praecipue
936 3034 1252 3087 memoriam
1305 3035 1649 3088 sacerdotum
1705 3037 1855 3097 fecit,
1904 3046 1966 3091 ut
2020 3037 2078 3092 in

502 3123 764 3177 omnibus
793 3122 963 3193 ﬁgura
988 3123 1241 3178 sacrificii
1270 3124 1537 3194 tmigeniti
1585 3125 1906 3180 salvaretur.
1938 3124 2076 3191 Quia
2107 3148 2152 3207 ο

501 3213 649 3267 enim
684 3228 714 3266 a
764 3211 986 3267 Christo
1034 3212 1400 3267 sacerdotium
1445 3213 1647 3267 chorus
1697 3214 2083 3283 Apostolorum

503 3303 732 3358 sortitus
761 3313 866 3370 est,
899 3303 992 3373 qui
1040 3313 1097 3359 et
1121 3319 1248 3374 pars
1281 3310 1400 3358 erat
1432 3304 1657 3358 humani
1708 3306 1946 3376 generis,
1981 3321 2084 3376 pro

499 3411 610 3465 quo
640 3396 904 3452 Dominus
931 3396 1288 3467 semetipsum
1328 3397 1551 3463 obtulit,
1601 3398 1698 3453 sed
1746 3406 1927 3453 tamen
1955 3414 2082 3469 spe-

498 3488 659 3552 ciale,
713 3489 1174 3558 quemadmodum
1221 3497 1587 3560 unguentum,
1636 3499 1692 3544 et
1738 3492 2083 3561 precipuum

500 3575 853 3642 sacriﬁcium,
920 3576 1137 3631 Domini
1182 3576 1512 3646 appellavit:
1544 3578 1690 3644 quod
1741 3578 2084 3634 demonstrat

502 3667 788 3733 Dominus,
811 3667 881 3721 ad
908 3667 1128 3721 Patrem
1160 3668 1348 3722 dicens
1368 3683 1386 3720 :
1420 3665 1533 3738 Ego
1583 3669 1854 3737 sancti/ica
1914 3670 2082 3739 meip-

497 3774 641 3825 sum,
672 3768 729 3812 ut
747 3759 854 3812 sint
879 3769 928 3812 et
961 3758 1063 3827 ipsi
1105 3758 1426 3825 sanctiﬁcati
1454 3759 1510 3810 in
1536 3759 1814 3812 veritate‘.
1855 3759 1922 3813 Et
1959 3775 2083 3813 rur-

500 3864 594 3904 sus
621 3849 691 3903 ad
719 3864 852 3903 eos:
889 3847 1156 3917 Majorem
1203 3850 1303 3903 hac
1330 3848 1664 3903 dilectionem
1714 3865 1864 3903 nemo
1904 3851 2078 3916 habet,

499 3956 658 4010 quam
689 3949 745 3993 ut
768 3941 1009 3994 animum
1033 3956 1186 3994 suam
1236 3941 1353 4011 quis
1392 3949 1554 4010 ponat
1585 3956 1679 4010 pro
1709 3942 1895 3995 amicis
1927 3944 2081 4009 suis;

499 4048 588 4084 vos
642 4033 801 4085 amici
841 4033 943 4086 mei
987 4035 1132 4099 estis,
1180 4034 1226 4086 si
1260 4034 1487 4104 feceritis
1539 4049 1657 4102 qua:
1694 4050 1787 4104 ego
1833 4036 2080 4103 principio

499 4122 696 4175 uobis'.
731 4123 963 4193 ltespice
1009 4131 1195 4179 autem
1244 4132 1301 4178 et
1341 4124 1530 4194 legalis
1566 4124 1751 4194 figura:
1803 4125 2076 4193 ordinem,

498 4214 773 4282 quomodo
809 4215 876 4269 ad
905 4214 1078 4284 ipsam
1131 4215 1352 4270 deducit
1396 4216 1716 4282 veritatem;
1777 4218 2080 4272 secundum

503 4304 664 4370 LXX,
697 4306 844 4360 enim
866 4306 972 4360 ait:
1007 4306 1227 4375 Deﬁniet
1267 4323 1490 4360 exorans
1516 4317 1779 4374 sanctum,
1813 4316 1863 4362 et
1907 4308 2082 4362 taber-

501 4401 751 4451 naculum
780 4399 1081 4459 testimonii,
1106 4409 1152 4452 et
1191 4397 1365 4450 altare
1389 4413 1409 4461 ;
1459 4397 1510 4450 id
1540 4407 1614 4451 est
1641 4399 1787 4467 ﬁniet
1819 4409 1867 4454 et
1897 4402 2082 4454 termi-

2180 554 2427 622 Cumque
2485 548 2787 622 portaverit
2806 548 2993 603 hircus
3011 560 3207 602 omnes
3241 542 3575 613 iniquitates
3594 557 3758 596 eorum

2181 646 2237 699 in
2274 654 2473 699 terram
2496 641 2816 706 solitariam,
2834 647 2889 694 et
2902 640 3164 694 dimissus
3192 636 3362 691 fuerit
3396 636 3459 689 in
3482 635 3755 689 desertas

2251 735 2454 789 Eadem
2488 732 2654 785 etiam
2685 745 2835 784 nunc
2888 730 3111 793 iterare,
3154 734 3387 797 prepter
3441 739 3548 778 eos
3582 725 3676 792 qui
3718 724 3759 776 in

2180 826 2304 879 luce
2338 823 2644 884 ollendunt,
2675 837 2816 890 opus
2844 820 3132 875 habemus.
3159 817 3442 871 Probatur
3477 816 3632 867 enim
3659 816 3761 882 quia

2187 915 2565 983 nulli'iniquo,
2598 912 2683 966 vel
2715 911 2975 979 maligno,
3019 909 3115 963 sed
3148 908 3252 978 ipsi
3315 907 3437 960 Deo
3468 904 3763 959 efﬁciuntur

2183 1018 2246 1056 ea
2271 1017 2392 1071 qua:
2424 1014 2573 1054 nunc
2594 999 2646 1052 in
2677 997 2780 1052 hoc
2815 997 2971 1051 hirco
2987 996 3115 1050 vivo
3138 995 3504 1050 sanciantur.
3545 990 3760 1044 Primum

2183 1091 2569 1160 quidem,quia
2606 1097 2896 1155 utramque
2950 1099 3174 1139 manum
3204 1082 3376 1153 capiti
3410 1081 3567 1136 hirci
3606 1096 3762 1135 sacer-

2184 1183 2282 1237 dos
2341 1181 2595 1251 imponit.
2668 1181 2933 1234 Manuum
2995 1175 3297 1247 impositio,
3377 1176 3442 1228 in
3518 1176 3762 1229 sacriﬁcia

2184 1274 2527 1330 ministrabat
2560 1271 3018 1334 benedictionem,
3043 1276 3139 1323 aut
3167 1273 3545 1338 peccatorum
3597 1269 3761 1321 remis-

2184 1368 2416 1431 sionem,
2449 1373 2545 1419 aut
2602 1363 2776 1419 sancti
2816 1362 3054 1433 Spiritus
3083 1361 3413 1422 adventum,
3469 1370 3573 1412 aut
3614 1360 3761 1427 expia-

2186 1455 2768 1527 tioncsintelligibiles.
2795 1453 3080 1521 Quomodo
3113 1468 3242 1522 ergo
3278 1451 3338 1505 in
3372 1451 3567 1515 hunc,
3601 1451 3653 1503 in
3678 1467 3761 1519 quo

2182 1564 2305 1604 sors
2339 1548 2571 1613 inimici,
2600 1558 2657 1602 et
2683 1547 2802 1617 ejus
2825 1545 2917 1616 qui
2941 1553 3134 1600 contra
3171 1542 3357 1597 Deum
3384 1544 3621 1607 militat,
3650 1543 3764 1595 sicut

2183 1643 2338 1696 aiunt
2368 1641 2421 1695 hi
2445 1640 2537 1710 qui
2564 1640 2709 1693 illius
2730 1637 2900 1708 partis
2930 1645 3078 1702 sunt,
3105 1637 3222 1690 haec
3254 1651 3388 1705 qua:
3431 1635 3594 1689 dicta
3641 1645 3763 1697 sunt,

2185 1734 2439 1789 sacerdos
2467 1740 2694 1788 acturus
2726 1731 2879 1786 erat?
2908 1728 3007 1784 Vel
3054 1729 3337 1799 quomodo
3374 1730 3437 1782 in
3508 1729 3635 1798 ipso
3658 1728 3765 1782 ﬁlm-

2186 1840 2306 1880 rum
2361 1823 2528 1880 Israel
2561 1823 2896 1894 iniquitates,
2945 1827 3002 1874 et
3061 1819 3392 1890 injustitias,
3454 1830 3519 1873 et
3575 1828 3763 1889 peccata

2185 1916 2451 1971 redemit?
2495 1914 2762 1973 Confiteri
2816 1913 3019 1984 quippe
3060 1912 3321 1967 inimicus
3385 1924 3632 1981 peccata
3681 1927 3763 1965 nea

2186 2008 2338 2073 sinit,
2371 2007 2468 2063 sed
2504 2007 2615 2061 imo
2637 2007 2899 2077 suggerit,
2927 2013 2987 2059 ut
3014 2005 3365 2059 occultemus
3406 2003 3627 2058 anima:
3673 2001 3764 2055 vul-

2184 2112 2338 2163 nera,
2368 2106 2427 2152 ut
2452 2111 2561 2150 non
2580 2096 2928 2151 inveniamus
2956 2094 3256 2157 medicum,
3280 2095 3384 2163 qui
3410 2094 3765 2148 medicamen-

2187 2195 2302 2239 tum
2342 2186 2515 2256 possit
2542 2185 2848 2255 imponere,
2879 2184 3223 2252 salutemque
3266 2191 3588 2253 prazstare.
3627 2182 3766 2252 Prop-

2188 2287 2338 2333 terea
2377 2294 2504 2333 mox
2546 2286 2607 2332 ut
2638 2277 2955 2347 increpatus
2983 2283 3068 2330 est
3100 2274 3269 2329 David
3307 2291 3342 2328 a
3381 2275 3648 2335 Natban,
3674 2274 3769 2328 Pe:-

2186 2371 2302 2424 cavi
2374 2369 2638 2436 Domino,
2717 2369 3093 2425 exclamavit:
3164 2378 3224 2423 et
3290 2369 3457 2425 illico
3533 2370 3767 2441 prepheta

2186 2459 2460 2514 subdidit:
2514 2460 2583 2513 Et
2618 2459 2877 2514 Dominus
2933 2459 3209 2513 transtulit
3261 2470 3572 2528 peccatum
3631 2471 3767 2521 tanta,

2184 2561 2547 2605 verumtamen
2577 2568 2681 2606 non
2721 2553 2979 2616 morieris,
3020 2555 3146 2622 quia
3188 2551 3588 2621 blasphemare
3635 2554 3769 2623 fuisti

2186 2644 2425 2697 inimicos
2443 2643 2661 2698 Domini
2682 2645 2724 2700 ³.
2776 2644 2930 2700 Unde
2956 2654 3011 2699 et
3039 2660 3138 2715 per
3166 2645 3471 2699 hominem
3525 2658 3767 2716 paratum,

2187 2734 2364 2789 emitti
2389 2735 2663 2805 legislator
2692 2737 2908 2792 hircum
2939 2737 2998 2791 in
3024 2736 3394 2791 solitudinem
3426 2738 3601 2792 dixit.
3652 2737 3768 2790 Prt-

2184 2834 2436 2897 paratum
2472 2837 2677 2892 autem,
2709 2830 2765 2883 id
2805 2837 2893 2884 est
2935 2830 3292 2885 accedentem
3321 2872 3341 2897 ,
3396 2831 3533 2886 sive
3588 2832 3770 2886 adeon-

2187 2929 2315 2975 tem.
2349 2918 2418 2973 Et
2451 2935 2556 2975 nec
2574 2920 2896 2991 dignitatem
2930 2920 3096 2991 hujus
3126 2921 3283 2986 dicit,
3333 2929 3542 2976 utrum
3586 2922 3767 2984 Levita,

2185 3028 2257 3067 an
2290 3014 2567 3079 sacerdos,
2625 3022 2722 3068 aut
2754 3014 3025 3083 quiSpiam
3078 3014 3148 3068 de
3193 3015 3414 3083 populo
3466 3025 3652 3081 esset,
3700 3014 3770 3084 qui

2187 3106 2295 3162 hoc
2330 3115 2537 3178 ageret.
2562 3104 2707 3176 Ergo
2737 3120 2863 3159 cum
2901 3104 3158 3175 omnibus
3205 3104 3511 3161 Christum
3553 3121 3769 3176 prasen-

2187 3206 2299 3253 tem
2334 3212 2459 3251 esse
2500 3196 2773 3268 signiﬁcat
2806 3195 3032 3251 hircus:
3088 3195 3593 3261 Quemadmodum
3647 3199 3766 3253 enin

2185 3306 2286 3361 per
2319 3304 2542 3345 carnem
2573 3290 2633 3344 in
2659 3288 2838 3359 primo
2865 3288 3272 3349 immolabatur.
3294 3291 3382 3344 sic
3408 3307 3578 3347 nunc
3606 3293 3767 3345 vivas

2185 3392 2410 3454 propter
2472 3383 2820 3437 divinitatem
2874 3382 3101 3451 dicitur.
3158 3380 3270 3437 Sed
3327 3383 3467 3453 quia
3541 3398 3683 3438 unus
3724 3391 3764 3435 et

2187 3472 2563 3543 impassibilis,
2590 3481 2647 3526 et
2675 3471 2948 3542 passibilis
2975 3480 3080 3534 est,
3107 3473 3433 3528 necessarie
3465 3483 3534 3528 et
3585 3471 3760 3528 viventi

2187 3579 2382 3618 manus
2451 3564 2708 3619 sacerdos
2764 3563 3001 3633 imponit
3047 3571 3106 3617 ut
3154 3579 3357 3619 manus
3423 3566 3759 3636 impositioa:

2186 3657 2530 3723 ostendatur,
2568 3656 2697 3727 quia
2733 3657 2927 3712 vivens
2965 3658 3192 3713 verbum
3243 3658 3366 3719 Dei,
3416 3658 3753 3729 impassibile,

2184 3755 2518 3821 immortale,
2549 3753 2655 3810 hoc
2679 3770 2781 3824 pro
2809 3754 2969 3810 nobis
3007 3770 3172 3809 carne
3201 3756 3531 3824 suscipiens
3582 3753 3755 3811 sacriﬁ-

2182 3849 2329 3904 cium
2362 3850 2626 3920 suscepit.
2651 3849 2825 3904 Recte
2850 3865 3001 3921 ergo.
3060 3851 3117 3904 in
3142 3850 3264 3919 ipso
3318 3851 3676 3920 iniquitates.
3717 3860 3757 3902 tt

2186 3941 2505 4012 injustitias,
2540 3951 2594 3999 et
2645 3951 2876 4010 peccata
2920 3942 3180 3997 sacerdos
3227 3942 3642 4012 pronuntiabit.
3678 3940 3757 3994 His

2183 4043 2268 4087 est
2294 4034 2362 4088 de
2391 4049 2501 4103 quo
2557 4033 2727 4087 Isaias
2782 4033 3053 4103 propheta
3096 4033 3347 4088 dicebat:
3388 4034 3755 4102 Dominam

2184 4123 2409 4176 credidit
2460 4122 2926 4190 audituilnostro?
2977 4121 3046 4175 Et
3098 4123 3377 4176 brachium
3424 4122 3642 4176 Domini
3690 4122 3755 4174 cui

2182 4214 2471 4268 revelatum
2504 4213 2652 4266 est“!
2690 4212 2981 4268 Bracbium
3016 4212 3230 4268 Domini
3260 4212 3438 4267 lilium
3464 4213 3751 4283 appellans,

2181 4309 2321 4376 patri
2354 4306 2823 4361 consubstantialc
2847 4305 2917 4361 de
2942 4322 3052 4376 quo
3102 4316 3161 4360 et
3196 4320 3264 4360 ea
3300 4322 3428 4374 qua:
3464 4314 3752 4374 sequuntur

2183 4397 2459 4478 subdidit:
2514 4396 2822 4468 Languores
2870 4407 3076 4451 nostros
3126 4397 3237 4466 ipse
3289 4397 3435 4462 tulit,
3472 4407 3529 4451 et
3573 4398 3747 4449 doleret

502 4487 650 4541 nubit
680 4488 1118 4556 deprecationem,
1148 4503 1269 4557 qua:
1296 4496 1414 4543 acta
1448 4497 1533 4543 est
1560 4505 1656 4558 per
1690 4505 1941 4557 crucem;
1976 4508 2079 4562 pro
2112 4477 2152 4532 ο
2184 4477 2387 4543 nostras
2418 4489 2528 4555 ipse
2553 4490 2810 4558 portavit.
2840 4487 2963 4558 Ipse
2996 4497 3175 4542 autem
3204 4488 3524 4543 uulneratus
3552 4499 3745 4557 estpra-

500 4579 650 4632 omni
678 4582 885 4650 genere
906 4578 1212 4645 hominum,
1244 4589 1299 4634 et
1322 4595 1440 4633 eam
1468 4595 1591 4650 qua:
1624 4581 1676 4634 in
1707 4581 1881 4637 altare
1910 4582 2077 4639 intel-
2175 4592 2295 4652 pter
2327 4582 2640 4649 iniquitates
2680 4592 2907 4648 nostras,
2938 4584 3154 4636 attritus
3197 4592 3273 4636 est
3317 4592 3545 4651 propter
3579 4582 3744 4636 sccich

501 4668 719 4740 ligibilis
744 4666 867 4731 fuit,
891 4679 1178 4739 p05tquam
1216 4679 1530 4739 assumptus
1571 4669 1738 4725 fuerit
1767 4671 1824 4725 in
1856 4673 2077 4739 coelum,

499 4769 557 4815 et
580 4760 861 4815 sederitin
898 4760 1121 4816 dextera
1151 4762 1341 4832 patris.
1377 4764 1541 4834 Atqui
1583 4765 1651 4820 de
1703 4767 2080 4822 sacerdotibus

499 4866 609 4907 non
646 4852 849 4923 expiat,
878 4853 1047 4909 mittit
1075 4854 1221 4908 enim
1246 4854 1326 4909 eis
1345 4856 1787 4913 emundationem
1808 4873 1908 4929 per
1928 4858 2084 4913 intel-

501 4943 760 5013 ligibilem
816 4945 1020 5015 ignem,
1074 4954 1131 5000 et
1186 4961 1285 5015 per
1334 4948 1547 5018 linguas
1604 4949 1791 5019 igneas
1837 4950 2078 5020 spiritus,

472 5047 725 5108 .propter
763 5038 911 5108 quod
952 5038 1169 5092 dicebat
1204 5039 1322 5094 eis:
1369 5040 1480 5094 Vos
1532 5051 1715 5096 autem
1774 5042 2080 5111 baptizahi-

501 5130 635 5183 mini
663 5130 872 5199 Spiritu
903 5138 1114 5194 sancto,
1148 5144 1258 5183 non
1282 5138 1408 5199 post
1438 5132 1639 5186 multos
1662 5133 1764 5186 hos
1795 5133 1938 5187 dies.

586 5219 738 5274 Vens.
791 5221 883 5276 21.
928 5240 948 5273 ‹
981 5219 1136 5276 Tunc
1173 5221 1372 5276 oneret
1426 5222 1638 5278 hircum
1682 5223 1978 5287 viventem,
2023 5233 2080 5280 ct

505 5311 683 5380 posita
711 5320 943 5382 utraque
971 5329 1136 5368 manu
1167 5330 1332 5384 super
1376 5324 1541 5384 caput
1568 5315 1710 5384 ejus,
1756 5316 2080 5371 confiteatur

505 5417 696 5457 omnes
724 5403 1038 5473 iniquitates
1058 5404 1290 5459 filiorum
1322 5404 1487 5459 Israel
1513 5444 1527 5470 ,
1556 5413 1611 5459 et
1647 5404 1901 5460 universa
1938 5406 2074 5460 deli-

505 5501 613 5559 cta,
630 5503 791 5564 atque
807 5505 1030 5566 peccata
1052 5510 1263 5564 eorum.
1280 5495 1413 5561 Quae
1433 5496 1720 5566 increpans
1740 5497 1902 5565 capiti
1933 5500 2071 5565 ejus,

579 5720 624 5752 "
657 5721 799 5778 Psal.
836 5741 966 5791 xvn,
996 5727 1050 5781 9.
1125 5726 1170 5757 "
1198 5726 1351 5780 Jonze
1380 5743 1417 5792 l,
1453 5728 1506 5781 9..

1583 5730 1626 5761 ⁸⁹
1661 5727 1796 5783 Gen.
1837 5741 1984 5795 mn,
2016 5728 2108 5782 2|.

514 5796 534 5827 ⁸
564 5791 678 5847 lsai.
704 5807 819 5860 un,
862 5795 912 5846 1·
990 5797 1009 5826 ⁵
1039 5796 1173 5849 lbid.
1210 5797 1263 5864 4,
1300 5799 1350 5852 5.

2177 4684 2378 4728 nostra.
2412 4672 2706 4742 Disciplina
2742 4674 2890 4742 pacis
2925 4682 3117 4727 nostrw
3144 4689 3302 4741 super
3337 4689 3485 4737 um,
3522 4686 3575 4727 et
3616 4672 3745 4724 lim

2178 4766 2292 4835 ejus
2325 4765 2507 4819 sanati
2549 4765 2791 4819 sumus“.
2830 4762 2922 4819 Sic
2975 4773 3166 4834 aperte
3221 4778 3391 4834 super
3425 4778 3486 4818 se
3547 4770 3743 4833 peccat:

2185 4867 2397 4925 nostra,
2449 4866 2504 4913 et
2544 4857 2868 4928 injustitias,
2919 4866 2975 4912 et
3022 4857 3346 4926 iniquitates
3390 4857 3660 4926 portavit.
3697 4853 3743 4905 ιι

2184 4960 2477 5019 propterea
2512 4948 2816 5003 secundum
2865 4946 3032 5012 LXX,
3066 4949 3182 5003 ait:
3210 4948 3456 5018 [atposset
3492 4964 3596 5001 eas
3620 4959 3745 5013 sura

2186 5052 2346 5111 caput
2380 5043 2523 5096 ἠωάὶ
2547 5042 2679 5097 uiui:
2709 5041 2867 5112 hujus
2903 5044 3044 5096 enim
3093 5041 3265 5112 ﬁgura
3297 5049 3391 5104 est,
3422 5041 3579 5109 quod
3628 5050 3678 5095 et
3698 5050 3745 5088 tt

2185 5134 2359 5203 spinis
2381 5149 2640 5188 coronam
2666 5132 2875 5203 imponi
2904 5133 3065 5203 capiti
3096 5147 3197 5187 suo
3215 5132 3468 5187 Christus
3493 5131 3743 5203 per-maia.
3806 5131 3807 5189 ἲ

2185 5225 2314 5294 quia
2348 5224 2403 5278 in
2434 5224 2607 5294 Spinis
2637 5234 2863 5294 peccata
2901 5224 3080 5279 solent
3105 5223 3298 5293 accipi.
3332 5223 3582 5293 Propter
3629 5220 3745 5292 quod

2186 5326 2244 5370 et
2270 5316 2441 5370 Adam
2467 5316 2655 5385 spinas
2683 5315 2991 5385 germinare
3024 5322 3168 5370 terra
3197 5314 3542 5384 praecipitur,
3598 5312 3745 5382 siqui—
3806 5312 3807 5385 ξ

2188 5408 2312 5462 dem
2339 5416 2394 5460 et
2431 5405 2549 5477 ipse
2594 5420 2660 5459 ex
2709 5406 3077 5461 inobedientia
3121 5415 3346 5477 peccata
3408 5402 3748 5476 germinavit.

2185 5496 2292 5551 Sed
2340 5507 2395 5550 et
2446 5497 2700 5569 Salomon
2764 5497 2841 5551 ait
2872 5514 2887 5552 :
2917 5494 3096 5566 Spinte
3154 5504 3447 5552 nascuntur
3495 5496 3557 5549 in
3604 5506 3748 5548 tum

2187 5729 2200 5760 '
2234 5725 2393 5782 loan.
2438 5741 2565 5792 xvn,
2599 5726 2687 5782 19.
2767 5728 2787 5759 ²
2822 5725 2976 5783 Joan.
3015 5743 3099 5793 xv,
3138 5727 3222 5782 {5.
3332 5729 3353 5761 ³
3376 5727 3510 5800 Reg.
3532 5742 3637 5795 ut,
3670 5721 3746 5789 13,
