3810 6318
86 360 209 428 1001

1218 353 1300 414 1Ν
1335 347 1772 413 LEVITICUM.
1814 373 1880 385 -
1920 345 2066 407 LIB.
2104 346 2168 408 V.

3189 336 3325 403 1002

79 471 343 528 temulenti
355 470 398 536 ⁸,
420 467 663 539 peccatis
694 465 883 535 plenas
905 476 1027 517 esse
1053 460 1298 514 actiones
1329 460 1450 528 ejus
1469 458 1645 528 signi-
1675 462 1720 518 A
1818 454 1971 520 Quod
2012 453 2180 508 semel
2217 452 2417 506 factum
2458 458 2563 516 est,
2617 449 2948 522 unigenitum
2997 453 3324 511 sacriﬁcium

78 567 269 620 ﬁcans.
301 562 394 617 Sic
419 575 549 631 ergo
574 558 710 626 legis
732 554 1011 625 accipiens
1044 551 1232 613 verba,
1257 565 1369 604 non
1430 549 1648 619 ignora-

78 657 164 713 bis
192 654 555 710 intentionem
584 649 728 718 ejus,
746 656 908 716 atque
939 644 1228 697 virtutem:
1269 640 1365 694 sed
1397 647 1453 693 et
1496 638 1649 692 inve-

79 749 197 803 nies
222 753 471 816 paratum
516 738 818 802 hominem,
861 752 958 806 per
986 734 1145 803 cujus
1176 746 1396 786 manum
1462 730 1652 784 hircus

79 840 271 894 vivens
318 835 374 889 in
417 846 664 887 eremum
722 828 975 882 mittitur.
1029 825 1283 881 Christus
1334 823 1480 878 enim
1534 820 1653 889 ipse

80 945 244 984 omne
269 926 351 981 sui
384 921 633 980 sacriﬁcii
663 920 842 974 factus
871 923 956 972 est
987 929 1041 971 et
1073 916 1349 976 sacerdos,
1400 922 1455 967 et
1480 910 1654 965 sacri-

81 1020 289 1081 ﬁcium,
313 1024 368 1070 et
388 1015 648 1074 cultrum,
679 1018 735 1064 et
764 1008 954 1062 altare.
980 1006 1100 1075 ipse
1133 1013 1218 1060 est
1242 1012 1296 1059 et
1318 1008 1655 1073 prmparatus

82 1110 273 1170 homo,
310 1112 533 1175 paratus
567 1087 664 1170 pro
693 1100 853 1154 nobts
883 1099 949 1151 ad
985 1097 1320 1166 passionem,
1358 1094 1431 1148 ita
1460 1093 1655 1161 utipsc

82 1215 179 1269 per
215 1197 405 1252 Isaiam
437 1194 608 1247 dicat:
636 1190 747 1260 Ego
775 1206 896 1243 vero
927 1203 1030 1241 non
1056 1186 1439 1248 contradicam,
1463 1193 1656 1237 retror-

77 1307 201 1344 sum
232 1304 336 1342 non
370 1286 493 1338 abii.
536 1282 734 1350 Corpus
772 1295 942 1333 meum
973 1278 1089 1332 dedi
1132 1275 1557 1347 percutientibus,
1609 1280 1658 1326 et

81 1396 248 1452 genas
274 1393 416 1431 meas
446 1373 766 1429 vellentibus.
798 1371 1013 1424 Faciem
1043 1384 1214 1421 meam
1266 1383 1370 1419 non
1398 1368 1565 1420 averti
1593 1369 1659 1422 ab

84 1469 479 1539 increpantibus
504 1477 550 1520 et
578 1460 1036 1535 eonspuentibus".
1072 1459 1150 1512 Ad
1182 1472 1342 1524 quem
1385 1464 1441 1511 et
1493 1457 1661 1512 David

67 1562 245 1633 ’dicit,
281 1556 677 1613 incarnationis
700 1554 822 1622 ejus
843 1551 1162 1624 mysterium
1192 1550 1526 1617 signiﬁcans,
1565 1562 1663 1617 per

78 1640 235 1725 quod
261 1660 510 1706 nostrum
531 1647 760 1715 adeptus
781 1655 863 1699 est
894 1659 1119 1714 regnum
1145 1663 1157 1697 :
1186 1644 1440 1697 Dominus
1470 1656 1663 1711 regna-

84 1747 182 1810 uit,
222 1745 458 1796 decorem
489 1739 682 1800 induit,
713 1736 885 1789 induit
918 1734 1169 1787 Dominus
1198 1732 1581 1804 fortitudinem,
1614 1740 1665 1785 et

1750 545 2034 599 ostendere
2101 545 2344 613 cupiens,
2372 557 2431 597 ut
2480 542 2682 598 dictum
2731 552 2816 596 est
2845 562 2856 596 :
2885 541 3118 598 Christus
3168 546 3327 600 semel
3357 583 3386 649 ί
3422 580 3427 597 τ

1753 636 1960 691 oblatus
2009 637 2077 690 ad
2112 635 2397 689 multorum
2430 634 2784 688 exhaurienda
2823 644 3059 703 peccata,
3101 634 3375 735 secundo;
3421 682 3428 715 τ

1752 731 1865 782 sine
1889 738 2101 797 peccato
2119 728 2391 798 apparebit
2413 726 2833 798 exspectantibus
2865 728 2990 781 sein
3015 728 3240 783 salutem
3262 732 3325 790 ".
3363 726 3373 798 ξ

1754 834 1852 889 per
1874 796 2054 885 ﬁdem,
2085 796 2206 871 cum
2236 833 2340 887 qua
2377 818 2470 887 qui
2506 796 2699 885 legem
2730 818 3044 881 meditatur,
3105 834 3330 888 compar

1758 908 1965 963 invenit
2009 908 2135 962 huic
2180 907 2552 978 Evangelium,
2596 906 2935 976 multumque
2979 924 3143 963 verax
3181 910 3331 979 quod

1756 999 2022 1063 Christus,
2051 999 2103 1054 id
2130 1008 2214 1054 est
2242 1000 2461 1062 veritas,
2490 997 2692 1052 Iudaeis
2718 998 2930 1053 locutus
2959 1010 3041 1055 est
3071 1020 3084 1055 :
3118 1001 3176 1056 Si
3219 1019 3332 1056 cre—

1757 1092 1946 1146 deretis
1976 1092 2166 1161 Moysi,
2201 1093 2477 1146 crederetis
2498 1093 2677 1164 utique
2700 1102 2749 1147 et
2787 1095 2914 1147 mihi
2926 1110 2945 1157 ;
2986 1096 3048 1147 de
3083 1111 3163 1147 me
3191 1095 3331 1148 enim

1759 1181 1848 1236 ille
1878 1182 2084 1251 scripsit
2122 1183 2184 1236 ¹³.
2217 1182 2358 1247 Quid
2415 1192 2618 1248 autem,
2647 1192 2741 1237 aut
2801 1184 2913 1249 ubi,
2946 1200 3053 1238 non
3105 1184 3328 1250 addidit,

1760 1276 1884 1343 quia
1909 1291 2248 1344 qumcunque
2277 1277 2519 1345 mystica,
2547 1292 2884 1346 qua-cunque
2912 1277 3037 1341 alta,
3070 1293 3333 1347 quincun-

1761 1382 1868 1434 que
1899 1367 2079 1420 divina
2111 1374 2256 1429 sunt,
2294 1366 2410 1420 hzrc
2434 1367 2500 1419 de
2530 1366 2746 1420 Christo
2776 1382 2806 1420 a
2826 1366 3005 1433 Moyse
3031 1368 3084 1419 in
3118 1368 3333 1430 umbra,

1762 1469 1817 1510 et
1849 1456 2038 1526 ﬁgura,
2065 1463 2122 1510 et
2153 1456 2481 1527 imaginibus
2507 1456 2845 1510 dicebantur.

2340 1570 2567 1629 CAPUT
2595 1571 2758 1627 XVII.

1836 1664 1996 1720 Vens.
2025 1666 2139 1720 4-7.
2182 1686 2200 1717 ‹
2228 1666 2292 1720 Et
2329 1667 2541 1721 locutus
2584 1676 2668 1722 est
2699 1666 2964 1723 Dominus
3012 1668 3078 1722 ad
3120 1667 3339 1740 Moysen

1767 1756 1989 1810 dicens:
2024 1756 2269 1827 Loquere
2290 1757 2467 1811 Aaron
2506 1766 2561 1812 et
2581 1756 2701 1811 ﬁliis
2722 1759 2860 1827 ejus,
2884 1766 2939 1812 et
2982 1761 3193 1814 cunctis
3217 1760 3341 1814 ﬁliis

89 1834 367 1905 prtecinxit
394 1847 467 1884 se.
497 1830 707 1883 Etenim
750 1827 979 1896 ﬁrmavit
1009 1825 1178 1878 orbem
1213 1834 1383 1890 terrm,
1444 1824 1533 1894 qui
1563 1839 1666 1876 non

1792 1848 1951 1909 srael,
1984 1857 2040 1901 et
2073 1849 2223 1902 dices
2252 1848 2319 1902 ad
2345 1864 2475 1902 eos:
2505 1848 2605 1902 Iste
2632 1857 2714 1903 est
2743 1865 2923 1903 sermo
2962 1866 3123 1919 quem
3187 1865 3342 1906 man-

90 1924 518 1981 contmovebitur.
545 1921 752 1974 Parata
777 1920 921 1973 sedes
953 1927 1043 1971 tua
1086 1932 1150 1969 ea:
1184 1925 1307 1969 tunc
1322 1914 1365 1969 ⁸.
1414 1917 1667 1971 Christus

89 2036 225 2090 ergo
263 2013 618 2085 intelligibilis
645 2013 848 2071 Aaron,
899 2012 1252 2080 semetipsum
1302 2009 1467 2064 etiam
1522 2022 1668 2062 nunc

93 2131 194 2185 per
228 2112 443 2167 haedum
477 2106 784 2169 immolans,
816 2106 933 2174 ipse
963 2120 1059 2175 per
1082 2104 1361 2158 hominem
1396 2111 1667 2172 paratum,

93 2209 211 2261 sive
236 2207 292 2258 in
320 2219 488 2258 manu
518 2201 759 2256 hominis
790 2198 987 2268 parati,
1035 2197 1087 2251 id
1112 2207 1216 2260 est,
1267 2210 1364 2264 per
1396 2193 1670 2263 propriam

96 2300 404 2359 virtutem,
462 2294 579 2363 ipse
631 2293 777 2346 enim
825 2304 947 2344 cum
1004 2288 1074 2341 sit
1118 2296 1174 2341 et
1227 2286 1410 2349 homo,
1454 2292 1673 2353 paratus

96 2399 359 2446 ostensus
384 2394 487 2440 est.
522 2385 590 2439 Et
625 2383 827 2438 emittit
864 2381 1075 2435 hircum
1102 2378 1375 2433 viventem
1401 2376 1456 2429 in
1485 2376 1675 2429 solitu-

98 2483 313 2544 dinem,
347 2482 463 2533 sive
513 2477 565 2530 in
610 2484 807 2530 terram
849 2471 1076 2532 inviam,
1113 2480 1168 2523 et
1222 2469 1497 2523 desertam
1531 2466 1674 2520 viam

99 2588 264 2628 suam
294 2579 351 2625 et
375 2568 757 2632 immortalem,
797 2576 853 2618 et
882 2561 1275 2632 impassibtlem
1305 2559 1674 2624 divinitatem,

103 2667 174 2720 ad
211 2665 356 2718 invia
392 2662 551 2716 nobis
606 2663 744 2722 loca,
778 2664 833 2711 et
873 2656 942 2710 ab
993 2656 1140 2710 omni
1197 2653 1400 2707 malitia
1435 2652 1674 2714 deserta,

103 2755 408 2811 secundum
464 2752 609 2821 quod
636 2748 876 2804 Joannes
923 2747 1047 2801 ait:
1109 2745 1290 2800 Videas
1340 2742 1489 2796 Iesus
1552 2741 1676 2810 quia

102 2848 283 2901 omnia
307 2845 448 2898 dedit
474 2846 520 2897 ei
540 2843 706 2896 Pater
731 2842 789 2895 in
817 2855 1025 2903 manus,
1045 2847 1094 2891 et
1115 2838 1237 2907 quia
1261 2852 1292 2889 a
1319 2834 1427 2888 Deo
1451 2835 1605 2888 exivit
1629 2841 1679 2886 et

106 2939 177 2993 ad
205 2938 371 2990 Deum
396 2935 597 2988 vadit'.
828 2937 832 2940 ‘

187 3030 342 3097 \f'sns.
385 3026 471 3080 3'2.
520 3043 538 3075 ι
569 3022 813 3093 Expiabit
858 3020 1006 3075 enim
1043 3018 1297 3074 sacerdos
1345 3016 1435 3085 qui
1486 3023 1681 3069 unctus

108 3120 295 3181 fuerit,
331 3127 385 3171 et
410 3116 567 3184 cujus
592 3115 819 3182 expiata:
843 3125 1059 3175 manus,
1100 3116 1161 3163 ut
1206 3106 1510 3162 sacerdotio
1552 3106 1681 3158 fun-

107 3220 268 3282 gatur
296 3222 394 3277 pro
423 3214 574 3276 patre
600 3219 718 3258 suo.
749 3221 769 3254 ι

188 3300 337 3365 Sive,
360 3308 419 3353 ut
447 3294 619 3352 LXX:
646 3294 1042 3365 Deprecabitur,
1059 3291 1252 3361 inquit,
1271 3292 1514 3344 sacerdos
1537 3302 1683 3358 quat-

104 3407 319 3461 sunque
360 3389 586 3450 unxerit,
641 3395 690 3440 et
746 3386 1037 3454 quicunque
1076 3389 1467 3435 consummatus
1528 3381 1686 3449 fuerit

104 3499 306 3538 manus
325 3497 449 3536 suas
469 3494 770 3533 consecrare
792 3477 860 3529 atl
888 3484 1095 3544 patrem
1119 3489 1291 3526 suum.
1316 3471 1385 3526 Ut
1412 3471 1685 3538 Christum

98 3579 234 3633 sine
255 3577 435 3644 aliqua
467 3572 739 3628 dubietate
766 3550 1095 3629 ostenderet,
1130 3567 1257 3634 quia
1274 3566 1421 3619 enim
1442 3562 1689 3617 Christus

100 3677 301 3740 patres
351 3665 650 3720 secundum
696 3675 941 3722 carnem,
989 3658 1298 3712 iud-morum
1343 3654 1688 3709 sacerdotum

104 3760 394 3832 principes
431 3755 683 3819 habebat,
720 3752 813 3806 ﬁlii
846 3751 992 3805 enim
1035 3759 1091 3804 et
1118 3750 1217 3819 ipsi
1263 3747 1553 3813 Abraham,
1582 3747 1688 3801 sic-

108 3864 174 3909 ut
198 3862 257 3907 et
292 3852 538 3906 Christus
566 3849 683 3903 fuit.
720 3845 968 3901 Ostendit
999 3845 1105 3911 lex,
1137 3854 1195 3897 ut
1227 3844 1351 3913 quia
1378 3842 1690 3897 Judaeorum

109 3944 428 4002 sacerdotes
458 3957 565 3995 non
602 3945 868 4009 poterant,
899 3938 1041 3992 sicut
1064 3935 1140 3990 ait
1179 3933 1397 3999 Paulus,
1423 3934 1690 3989 acceden-

108 4053 202 4095 tes
223 4036 493 4107 perl’cctos
521 4034 718 4097 facere,
751 4028 1084 4100 impossibile
1111 4027 1256 4081 enim
1280 4035 1397 4081 erat
1432 4026 1695 4098 sanguine

110 4141 404 4186 taurorum
444 4134 499 4180 et
543 4125 817 4178 hircorum
856 4121 1072 4175 auferre
1114 4127 1356 4187 peccata,
1386 4128 1533 4172 recte
1579 4118 1694 4187 ipse

110 4222 374 4278 Christus
398 4234 451 4272 m
476 4216 837 4272 sacerdotium
865 4222 1082 4277 unctus,
1115 4219 1170 4266 ct
1211 4223 1404 4263 manus
1448 4224 1544 4279 per
1571 4223 1697 4263 cru-

113 4327 243 4369 cem
271 4324 675 4372 consummans,
715 4308 898 4376 expiat
939 4321 1058 4362 nos.
1089 4306 1170 4360 De'
1195 4320 1304 4376 quo
1338 4304 1392 4358 in
1437 4296 1700 4359 alio’loco

112 4414 270 4463 recte
315 4404 397 4459 lex
433 4404 597 4459 dicit:
638 4402 905 4458 Sacerdos
938 4420 1100 4473 quem
1158 4404 1417 4459 unxerint
1465 4410 1520 4456 et
1567 4417 1700 4457 con-

1770 1937 1918 1991 davit
1964 1938 2223 1991 Dominus
2277 1938 2464 1993 dicens
2504 1953 2516 1988 :
2559 1937 2730 1992 llomo
2780 1939 3005 2007 quilibet
3057 1941 3124 1994 de
3181 1940 3344 1994 domo

1771 2025 1956 2089 Israel,
1975 2027 2018 2081 si
2041 2027 2297 2082 occiderit
2316 2027 2530 2091 bovem,
2551 2027 2664 2082 sive
2684 2043 2926 2098 capram,
2952 2029 3005 2083 in
3028 2030 3243 2097 castris,
3257 2032 3344 2086 vel

1772 2120 1924 2173 cntra
1948 2128 2142 2179 castra,
2167 2129 2217 2173 et
2253 2134 2363 2173 non
2398 2120 2655 2174 obtulerit
2682 2120 2751 2173 ad
2782 2121 2982 2174 ostium
3008 2122 3341 2178 tabernaculi

1771 2211 2099 2266 oblationem
2143 2211 2392 2278 Domino,
2455 2212 2732 2283 sanguinis
2777 2228 2904 2267 reus
2942 2214 3078 2280 erit;
3110 2216 3267 2284 quasi
3299 2217 3345 2271 si

1774 2300 2092 2372 sanguinem
2124 2301 2344 2367 fuderit,
2375 2304 2456 2357 sic
2490 2302 2685 2372 peribit
2713 2303 2781 2357 de
2806 2303 2986 2358 medio
3014 2306 3197 2376 populi
3234 2308 3342 2362 sui.

1777 2391 1902 2445 ideo
1960 2392 2156 2447 oﬁerre
2214 2393 2415 2447 debent
2458 2387 2721 2447 sacerdoti
2781 2393 2874 2447 ﬁlii
2919 2394 3085 2450 Israel
3140 2397 3348 2454 hostias

1777 2497 1903 2537 suas
1924 2500 2058 2553 quas
2085 2485 2338 2540 occidunt
2380 2487 2435 2540 in
2488 2503 2637 2558 agro,
2665 2497 2725 2544 ut
2772 2489 3184 2546 sanetiﬁcentur
3240 2490 3348 2544 Do-

1776 2574 1928 2626 mino
1960 2582 2085 2627 ante
2118 2576 2319 2629 ostium
2349 2577 2679 2632 tabernaculi
2718 2579 3036 2645 testimonii,
3074 2588 3128 2633 et
3151 2583 3349 2635 immoa

1779 2662 1891 2714 lent
1919 2677 2011 2716 eas
2035 2663 2240 2717 hostias
2268 2666 2519 2732 paciﬁcas
2542 2669 2793 2722 Domino.
2824 2667 3143 2736 Fundetque
3171 2684 3350 2722 sacer-

1780 2754 1876 2809 dos
1906 2756 2225 2824 sanguinem
2256 2757 2359 2810 sub
2395 2757 2562 2811 altare
2592 2756 2825 2822 Domini,
2853 2768 2908 2813 et
2929 2759 2997 2813 ad
3028 2758 3224 2813 ostium
3269 2767 3351 2813 ta-

1781 2845 2055 2899 bernaculi
2084 2847 2407 2913 testimonii,
2443 2858 2495 2903 et
2518 2849 2753 2904 adolebit
2788 2851 3001 2920 adipem
3041 2850 3096 2903 in
3128 2851 3353 2905 odorem

1781 2935 2061 2990 suavitatis
2084 2933 2331 2991 Domino.
2366 2939 2428 2990 Et
2451 2952 2790 3007 nequaquam
2824 2940 2963 2993 ultra
2995 2940 3357 2994 immolabant

1782 3026 1984 3081 hostias
2010 3043 2137 3081 suas
2164 3020 2521 3095 daemonibus,
2546 3045 2670 3084 cum
2692 3031 2890 3099 quibus
2923 3030 3170 3085 fornicati
3203 3040 3354 3085 sunt.

1785 3115 2109 3187 Legitimum
2162 3119 2555 3188 sempiternum
2610 3121 2714 3175 erit
2757 3120 2881 3186 illis,
2918 3128 2973 3174 et
3003 3120 3234 3189 posteris
3265 3136 3359 3175 co-

1788 3222 1931 3260 rum.
1976 3225 1994 3257 1

1853 3298 1991 3364 Quia
2033 3314 2223 3368 parum
2252 3298 2542 3370 legislatori
2576 3300 2643 3355 de
2680 3299 2865 3371 ﬁguris
2898 3300 3221 3371 pertinebat,
3266 3305 3361 3358 sed

1784 3399 1838 3444 et
1859 3392 2002 3459 quod
2030 3392 2098 3481 de
2128 3391 2209 3445 eis
2240 3393 2512 3461 cogitabat
2569 3393 2741 3463 magis
2774 3402 2994 3463 propter
3046 3395 3363 3466 praeﬁgura-

1789 3489 1893 3533 tam
1929 3481 1982 3533 in
2022 3480 2103 3534 eis
2136 3481 2440 3547 veritatem,
2482 3498 2586 3552 qua
2627 3491 2815 3552 postea
2866 3485 3201 3552 temporibus
3251 3487 3366 3538 suis

1787 3571 2096 3640 dispensata
2134 3572 2252 3625 illas
2273 3589 2490 3627 cessare
2526 3574 2656 3634 vult.
2682 3583 2866 3643 aperte
2896 3589 3135 3643 praesens
3157 3577 3367 3631 sanctio

1789 3663 2142 3729 demonstrat,
2164 3680 2286 3734 quae
2337 3680 2444 3718 non
2507 3665 2823 3734 simpliciter
2874 3666 2940 3719 ad
3001 3666 3238 3736 Moysen,
3271 3670 3366 3724 sed

1790 3756 1857 3809 ad
1880 3757 2053 3809 Aaron
2082 3764 2135 3811 et
2164 3756 2301 3811 ﬁlios
2331 3758 2469 3826 ejus.
2497 3766 2551 3811 et
2583 3759 2648 3811 ad
2674 3773 2866 3811 oumes
2894 3758 3030 3813 ﬁlios
3053 3757 3210 3813 Israel
3231 3776 3369 3829 prat-

1793 3848 1962 3918 cepit:
1977 3848 2069 3903 sed
2084 3860 2280 3919 aperte
2292 3848 2794 3920 manifestans,quia
2812 3852 2922 3906 haec
2937 3852 3066 3922 legis
3078 3856 3373 3923 pratceptio

1792 3955 1901 3995 non
1924 3948 2310 4012 magnummon
2325 3940 2699 4010 perfectiorem
2712 3943 3156 4013 quempiam,non
3176 3945 3372 4016 imper-

1797 4029 1997 4083 lectum
2033 4029 2279 4100 ignorare
2299 4029 2432 4089 vult.
2465 4030 2607 4099 quod
2633 4030 2851 4099 expedit
2873 4031 2954 4085 eis
2987 4031 3145 4095 scire,
3185 4032 3238 4087 id
3267 4040 3372 4101 est,

1795 4122 1920 4192 quia
1939 4122 2249 4191 temporalis
2264 4130 2346 4175 est
2363 4122 2551 4176 littera:
2571 4123 2741 4189 lex,ut
2767 4133 3010 4194 tempore
3023 4125 3374 4193 expleto,non

1792 4215 1902 4285 jam
1918 4215 2059 4270 circa
2079 4214 2245 4284 ipsam
2268 4213 2461 4269 frustra
2487 4225 2538 4269 et
2560 4230 2891 4285 supervacue
2912 4217 3273 4287 nosmetipsos
3293 4230 3381 4271 oe-

1799 4322 2081 4376 cupemus.
2110 4306 2241 4372 Quis
2257 4318 2435 4362 autem
2462 4318 2544 4363 cst
2565 4318 2868 4379 temporum
2888 4310 3010 4364 ﬁnis
3029 4311 3379 4367 ?Omnimoda

1801 4399 1905 4453 loci
1937 4398 2106 4469 ipsius
2132 4400 2383 4468 perditio,
2415 4400 2470 4454 in
2493 4416 2601 4469 quo
2634 4401 2899 4456 sacriﬁcia
2937 4400 3126 4455 oﬁ‘erri
3176 4417 3381 4471 praece-

114 4500 520 4557 summaverint
551 4513 765 4563 manus,
809 4495 1173 4552 sacerdotium
1215 4496 1527 4550 ministrare
1576 4502 1700 4565 post
1735 4506 1778 4563 ι)
1805 4491 1905 4561 pit,
1933 4490 2318 4545 comminando
2359 4490 2702 4560 praecipiens,
2730 4507 2852 4546 eum
2884 4492 2975 4563 qui
3011 4493 3151 4547 intra
3183 4500 3380 4556 castra,

115 4603 333 4664 patrem
369 4607 552 4646 suum.
595 4592 830 4645 Primum
868 4592 1013 4646 enim
1049 4594 1193 4648 hunc
1233 4602 1384 4662 pater
1410 4589 1583 4654 unxit,
1615 4603 1703 4643 sed

118 4685 369 4741 eundum
402 4685 547 4754 quod
573 4685 647 4739 ait
704 4684 868 4739 David
904 4684 1229 4755 :Propterea
1285 4685 1434 4738 unxit
1466 4692 1515 4736 te
1541 4683 1699 4745 Deus,

120 4779 267 4833 Deus
292 4786 411 4830 tuus
437 4777 688 4833 ‘°.Unxit
742 4786 923 4832 autem
973 4777 1199 4832 dicens:
1241 4779 1314 4830 Tu
1352 4793 1404 4829 es
1447 4776 1703 4830 Sacerdos

114 4873 183 4926 in
212 4880 486 4941 wternum,
505 4870 787 4925 secundum
804 4868 1035 4922 ordinem
1057 4868 1422 4924 Melchisedech
1454 4869 1515 4919 ιι.
1546 4867 1704 4921 Post-

116 4979 193 5019 ea
228 4965 298 5019 ab
342 4963 655 5018 hominibus
722 4962 813 5032 qui
866 4962 1311 5016 ministraverunt
1374 4959 1609 5027 passioni
1650 4966 1709 5012 et

120 5056 395 5110 sacriﬁcio
439 5064 639 5111 unctus
680 5064 801 5110 est:
843 5054 1025 5109 crucis
1072 5052 1220 5107 enim
1262 5046 1608 5113 sacriﬁcium,
1652 5058 1708 5104 et

121 5160 354 5214 agnum,
416 5155 472 5200 et
526 5144 883 5205 sacerdotem,
940 5153 995 5198 et
1060 5143 1405 5217 liberatorem
1455 5149 1705 5193 nostrum

122 5236 389 5291 ostendit.
424 5235 645 5306 Propter
674 5238 815 5307 quod
851 5238 916 5291 ad
956 5236 1074 5305 ejus
1122 5233 1424 5305 planiorem
1480 5234 1708 5286 demon-

123 5329 491 5394 strationem,
563 5337 617 5383 et
670 5330 1007 5385 subtiliorem
1064 5327 1249 5399 ﬁgurae
1311 5323 1709 5379 manifestatio-

124 5433 260 5474 nem
281 5436 295 5473 2
836 5428 837 5431 “

207 5507 369 5564 Vens.
397 5508 491 5562 δι.
539 5526 558 5559 ε
599 5506 798 5574 Semel,
827 5508 1002 5577 inquit
1024 5550 1038 5573 ,
1070 5508 1123 5562 in
1156 5522 1300 5562 anno
1324 5505 1483 5561 faciet
1524 5503 1649 5558 hoc.
1691 5521 1710 5554 ι

216 5688 236 5718 ⁸
266 5688 426 5744 Prov.
463 5703 607 5750 ιχνι,
632 5688 686 5743 9.
799 5686 818 5717 ⁷
848 5687 968 5741 lsai.
1010 5705 1059 5750 ι,
1096 5689 1149 5751 5,
1172 5688 1222 5741 0.

128 5756 187 5827 9³
213 5756 379 5815 Hebr.
409 5774 486 5825 ιχ,
511 5757 601 5810 9.8.
682 5755 725 5787 ³³
762 5755 918 5810 Joan.
951 5774 1002 5821 ν,
1033 5757 1122 5810 46.

501 5852 747 5910 ΡΑτιιοι.
812 5851 925 5909 Gn.
970 5849 1174 5912 XClll.

1318 5686 1359 5718 η⁶
1378 5681 1523 5737 Psal.
1558 5694 1691 5763 seu,
1713 5680 1764 5733 l.

1808 4588 1924 4643 sive
1954 4585 2106 4647 foris,
2133 4596 2282 4640 extra
2314 4595 2494 4640 tamen
2536 4587 2944 4640 tabernaculum
2972 4584 3268 4641 testimonii
3296 4600 3383 4638 sa-

1804 4683 2072 4741 criﬁcium
2106 4681 2196 4736 Dei
2226 4680 2423 4749 explet,
2461 4679 2684 4732 interire
2716 4677 2783 4730 de
2809 4677 3035 4745 populo.
3077 4675 3148 4730 Ut
3165 4675 3384 4743 quando

1809 4771 2217 4827 tabernaculum
2252 4765 2566 4827 testimonii,
2599 4772 2654 4816 et
2688 4762 2946 4829 templum
2975 4759 3121 4828 quod
3149 4760 3215 4811 ad
3266 4758 3385 4824 ejus

1806 4861 2095 4931 imaginem
2125 4857 2325 4911 factum
2356 4862 2457 4914 est,
2487 4851 2841 4920 disperditum
2876 4848 3057 4911 fuerit,
3091 4861 3388 4929 cognosca-

1809 4965 1897 5007 tur
1925 4953 2049 5021 quia
2079 4949 2239 5001 ﬁnem
2277 4945 2478 4998 habeat
2511 4943 2691 4996 omnia
2719 4954 2840 5010 qua:
2871 4938 2941 4994 ibi
2979 4936 3092 4992 ﬁeri
3124 4937 3206 4991 lex
3255 4952 3388 5006 pra:-

1809 5045 1987 5115 cepit;
2017 5042 2179 5097 etiam
2210 5036 2299 5095 illa
2332 5038 2445 5093 Deo
2477 5052 2586 5091 non
2612 5034 2846 5106 placent,
2878 5046 3055 5102 neque
3084 5028 3229 5084 enim
3252 5028 3388 5083 alias

1809 5135 2226 5207 disperdidisset
2275 5132 2452 5187 locum
2491 5128 2545 5182 in
2589 5143 2696 5197 quo
2724 5123 2905 5196 peragi
2953 5120 3264 5176 omnimodo
3298 5134 3385 5172 se—

1812 5228 2051 5284 cundum
2105 5224 2274 5296 legem
2317 5222 2615 5277 debuisset.
2649 5217 2805 5284 Quod
2852 5215 3012 5270 etiam
3062 5211 3228 5276 dices,
3260 5226 3386 5265 cum

1816 5321 1895 5374 sic
1913 5319 2088 5388 justas
2122 5315 2383 5377 actiones,
2413 5314 2463 5368 id
2509 5319 2593 5366 est
2620 5324 2729 5363 non
2774 5305 3041 5367 occidere,
3069 5318 3177 5356 non
3234 5301 3389 5357 adul-

1826 5408 2009 5476 tcrari,
2039 5424 2148 5462 non
2183 5406 2374 5472 furari,
2408 5420 2520 5459 non
2564 5401 2757 5455 falsum
2782 5396 3151 5453 testimonium
3188 5393 3390 5455 dicere,

1823 5511 2030 5573 patrem
2090 5509 2145 5553 et
2190 5508 2419 5553 matrem
2475 5499 2762 5556 honorare,
2814 5489 3036 5561 diligere
3096 5484 3393 5556 proximos,

1862 5679 1882 5712 ⁹
1918 5676 2074 5733 Joan.
2107 5690 2225 5737 xm,
2253 5676 2303 5729 5.
2421 5672 2464 5705 ¹⁰
2500 5669 2641 5726 Psal.
2667 5683 2810 5733 κων,
2835 5667 2889 5722 8.
3002 5666 3043 5696 ¹¹
3077 5663 3166 5717 Ps.
3202 5675 3309 5725 (ιιι,
3342 5658 3409 5713 4.

2974 5822 3048 5885 32
