3810 6318
439 292 569 355 1003

1618 296 1977 357 HESYCIIII
2030 294 2503 354 PRESBYTERI

3594 292 3697 359 ltiti

427 422 611 460 scr-ros
640 406 841 463 liberos
862 407 1059 476 facere,
1082 409 1330 479 jejunare
1353 408 1689 479 frequenter,
1719 411 1800 464 vel
1822 425 1998 473 orare,
2034 418 2076 472 Α
2106 413 2161 460 et
2210 406 2370 461 docet
2398 408 2557 476 quale
2597 415 2680 462 est
2700 406 3082 464 fornicationis
3115 418 3446 478 peccatum,
3484 419 3549 463 ut
3606 410 3693 463 Μει-

352 480 369 539 ’-
429 516 536 551 ιιυη
569 499 1132 569 circumseribitloco.
1161 501 1287 570 quia
1317 515 1531 571 semper
1571 510 1698 555 sunt
1740 500 1914 565 utilia,
1951 508 2006 554 et

426 605 550 643 cum
584 591 893 661 evangelica
942 593 1355 647 conversatione
1382 592 1712 647 communia.
1744 590 1867 645 Ihee
1911 606 2007 643 au-

430 692 534 736 tem
558 698 679 752 qum
707 684 1010 739 secundum
1040 684 1333 754 semetipsa
1379 692 1508 738 sunt
1561 681 1853 754 superﬂua,
1910 679 2004 735 sed

424 789 605 829 causm
653 775 935 845 cujusdam
989 783 1119 830 sunt
1176 775 1443 845 exquisita
1485 775 1681 844 gratia,
1728 772 2007 828 concludit

423 865 561 930 loco,
600 876 659 919 ut
708 878 1037 936 cognoscant
1064 866 1188 937 quia
1245 866 1563 937 temporalia
1604 873 1735 920 sunt
1770 882 1783 917 :
1822 863 2003 919 omnia

422 955 570 1009 enim
615 970 738 1024 qua
790 955 909 1011 loco
954 957 1222 1022 serviunt,
1269 957 1479 1012 servire
1529 956 1695 1012 etiam
1752 955 2004 1010 ordinata

422 1056 550 1100 sunt
577 1047 830 1115 tempori.
867 1046 1134 1117 Deputata
1169 1056 1298 1103 sunt
1346 1048 1508 1118 igitur
1554 1049 1673 1102 loco
1717 1045 2002 1112 sacriﬁcia,

421 1135 838 1189 emundationes
892 1145 1258 1201 mortuorum,
1289 1145 1345 1191 et
1395 1137 1620 1191 seminis
1657 1135 1862 1189 ﬂuxum
1909 1150 2007 1204 pa-

421 1224 698 1291 tientium,
734 1234 790 1279 et
828 1225 1192 1294 leprosorum,
1236 1233 1291 1280 et
1341 1235 1799 1280 menstruatarum
1835 1243 1848 1277 :
1881 1224 2006 1294 quia

417 1323 474 1369 et
532 1315 648 1370 haec
688 1330 785 1385 per
836 1315 1099 1369 sacriﬁcia
1145 1314 1402 1371 effectum
1471 1316 1718 1371 habent:
1761 1315 2009 1370 similiter

416 1421 626 1478 azyma,
657 1416 713 1460 et
737 1406 1026 1476 ﬁguratum
1045 1408 1268 1478 pascha,
1298 1408 1643 1479 scenopegia,
1667 1416 2002 1477 pentecoste,

417 1513 631 1552 necnon
692 1499 1018 1562 neomeniaa,
1073 1507 1130 1553 et
1176 1498 1401 1553 sabbata
1444 1515 1463 1553 :
1517 1500 1802 1568 oportebat
1860 1499 2006 1551 enim

417 1590 566 1643 omni
611 1591 773 1644 modo
814 1590 1081 1644 sacriﬁcia
1113 1590 1167 1644 in
1212 1590 1332 1645 istis
1382 1590 1587 1645 offerri.
1630 1592 1766 1656 Quia
1819 1598 2002 1646 autem

419 1680 535 1734 hate
560 1680 942 1750 mysteriorum
966 1680 1195 1735 Domino
1226 1681 1628 1750 implendorum
1677 1682 1876 1754 ﬁguras
1908 1684 2006 1739 ha-

2106 495 2281 548 lorum
2322 496 2491 561 cultu,
2522 496 2959 566 fornicationem,
2991 508 3047 553 et
3080 500 3148 554 ad
3175 500 3474 555 daemones
3527 503 3693 555 confr-

2108 582 2277 654 gium,
2320 584 2739 641 fornicationem
2762 589 3139 644 nominaretur
3163 604 3180 641 :

2179 672 2338 727 Vnus.
2364 675 2418 738 8,
2444 676 2499 730 9.
2537 694 2555 725 t
2582 676 2648 729 Et
2673 676 2824 732 dices
2871 679 2939 733 ad
2998 680 3186 749 ipsos:
3227 679 3412 735 llomo
3456 682 3533 735 de
3593 683 3693 737 Elis

2106 758 2292 827 Israel,
2317 770 2373 815 et
2403 762 2471 816 de
2498 764 2725 819 advenis
2778 767 2871 835 qui
2893 768 3322 837 peregrinantur
3380 774 3542 839 apud
3598 790 3693 833 vos,

2105 850 2198 920 qui
2252 852 2513 908 obtulerit
2570 855 2973 923 holocaustum,
3035 861 3151 916 sive
3200 863 3523 931 victimam,
3552 876 3603 919 et
3642 871 3692 922 ad

2106 944 2307 997 ostium
2339 945 2673 1001 tabernaculi
2724 949 3020 1005 testimonii
3059 968 3171 1006 non
3220 954 3534 1011 adduxerit
3573 973 3693 1020 ean.

2109 1042 2168 1089 ut
2206 1034 2470 1090 oﬁeratur
2501 1039 2751 1107 Domino,
2794 1043 3038 1097 interibit
3062 1046 3131 1098 de
3159 1047 3373 1114 populo
3393 1064 3530 1102 suo.
3562 1069 3583 1102 ι

2179 1126 2246 1181 Et
2308 1127 2355 1181 si
2405 1127 2598 1183 eadem
2626 1130 2811 1186 dicere
2868 1132 3139 1204 legislator
3189 1136 3438 1201 videtur,
3506 1157 3697 1194 verun-

2106 1223 2291 1273 tamen
2318 1220 2603 1289 populum,
2671 1223 2764 1277 cui
2792 1223 2863 1277 ab
2901 1240 2968 1279 eo
3014 1226 3097 1280 lex
3122 1227 3456 1297 imponitur.
3503 1244 3695 1288 cautim

2108 1310 2291 1364 reddit
2327 1329 2340 1363 :
2372 1312 2564 1366 eadem
2586 1317 2788 1383 quippe
2828 1314 3143 1385 frequenter
3188 1318 3417 1387 dicens,
3475 1325 3698 1376 estaudi;

2110 1399 2222 1454 boc‘
2244 1402 2561 1457 mandatum
2620 1408 2993 1462 necessarium
3058 1424 3203 1473 esse,
3244 1412 3544 1481 nimisque
3568 1416 3695 1467 utile.

2114 1488 2497 1547 Verumtamen
2530 1509 2602 1549 ne
2648 1496 2853 1550 frustra
2901 1497 3138 1567 idipsum
3189 1515 3399 1554 rursus
3429 1502 3587 1561 dicit.
3626 1506 3699 1557 sed

2109 1597 2274 1652 supra
2295 1583 2512 1652 quidem
2538 1584 2875 1640 occidentem
2899 1588 3271 1653 solummodo,
3299 1598 3369 1645 ut
3389 1592 3618 1661 aliquod
3640 1593 3699 1645 la-

2110 1680 2261 1727 ceret
2279 1674 2624 1741 sacriﬁcium,
2649 1692 2761 1732 non
2791 1685 2971 1732 tamen
3002 1680 3153 1733 omni
3197 1682 3377 1736 modo
3408 1692 3471 1737 et
3516 1685 3699 1753 reliqua

418 1770 658 1837 hebant,
710 1771 763 1825 in
828 1772 1204 1843 superioribus
1250 1772 1584 1828 sufﬁcienter
1642 1774 2001 1829 ostendimus.

2117 1764 2362 1818 sacriﬁcii
2389 1763 2703 1831 facientem,
2733 1783 2912 1837 pinna:
2960 1770 3215 1839 subjecit,
3272 1773 3361 1825 ait
3390 1773 3549 1827 enim
3581 1792 3598 1826 :
3620 1776 3697 1839 Qui

418 1862 681 1918 Parvulus
704 1878 835 1935 ergo
864 1880 987 1919 eum
1023 1874 1170 1920 esset
1221 1866 1480 1935 populus,
1507 1865 1599 1935 qui
1629 1866 1801 1937 legem
1853 1866 2008 1920 acci-

413 1951 631 2020 piebat,
662 1960 717 2007 et
746 1952 813 2006 ad
846 1968 909 2007 ea
938 1969 1061 2023 qua:
1087 1963 1214 2009 sunt
1263 1954 1579 2025 imperfecta
1616 1956 1851 2021 inhians,
1880 1956 2007 2027 quia

416 2043 782 2099 adhmsiturus
802 2054 922 2100 erat
953 2046 1183 2108 umbris,
1214 2054 1271 2100 et
1296 2061 1682 2116 compassurus
1716 2046 1871 2111 locis,
1896 2046 2007 2101 sie-

418 2145 478 2191 ut
535 2137 793 2206 parvulus
839 2136 894 2192 in
927 2138 1253 2207 quibusdam
1293 2138 1427 2192 locis
1483 2138 1805 2203 delectatur,
1848 2138 2006 2193 inve-

411 2230 496 2283 nit
518 2230 739 2285 modum
769 2229 1063 2301 legislator,
1090 2245 1187 2301 per
1217 2246 1378 2300 quem
1418 2245 1485 2285 ex
1510 2230 1835 2286 necessitate
1881 2231 2002 2286 illos

411 2331 738 2377 reinoveata
768 2322 976 2394 ﬁguris,
1026 2323 1246 2392 quando
1280 2331 1525 2392 tempore
1584 2322 1775 2377 harum
1822 2338 2001 2378 reces—

411 2412 583 2468 sionis
612 2412 800 2477 fuerit,
834 2413 957 2467 loco
989 2413 1426 2468 circumcludens
1478 2427 1572 2467 eas
1600 2428 1721 2482 quae
1780 2413 2003 2467 destru-

410 2515 596 2561 eturus
645 2513 784 2570 erat,
842 2515 897 2558 et
935 2504 1256 2573 praecipiens
1302 2512 1457 2558 extra
1497 2503 1677 2558 locum
1731 2503 1876 2557 hunc
1925 2503 2002 2556 nil

410 2611 600 2649 eorum
630 2610 751 2665 qua:
780 2595 925 2649 dicta
956 2604 1105 2658 sunt,
1154 2595 1293 2661 ﬁeri,
1326 2597 1420 2651 sed
1446 2611 1571 2651 eum
1602 2597 1694 2666 qui
1744 2604 1998 2662 tentaret,

413 2700 537 2740 esse
563 2686 708 2739 sicut
729 2685 1049 2755 sanguinem
1097 2685 1491 2740 effundentem.
1518 2684 1659 2755 Ergo
1686 2684 1999 2754 quicunque

412 2785 468 2832 et
498 2791 648 2830 nunc
692 2775 893 2847 ﬁguras
926 2792 1188 2846 peragere
1248 2776 1511 2831 destructi
1552 2786 1821 2830 conantur
1870 2777 1996 2840 loci,

412 2866 737 2937 sanguinem
769 2863 1084 2931 elIundunt,
1116 2864 1168 2919 id
1195 2874 1279 2919 est
1317 2880 1667 2920 communem
1701 2881 1998 2921 conversa-

414 2954 618 3010 tionem
654 2953 922 3023 polluunt,
964 2954 1018 3006 in
1049 2969 1340 3008 commune
1371 2965 1618 3023 peccant,
1654 2955 1798 3009 sicut
1825 2964 1880 3010 et
1941 2957 1997 3010 hi

411 3049 504 3118 qui
570 3047 891 3116 sanguinem
950 3044 1207 3111 fundunt,
1266 3044 1623 3115 similiterque
1678 3047 1996 3117 sanguinem

2112 1857 2359 1909 occiderit
2392 1857 2589 1922 bovem,
2623 1869 2717 1911 aut
2752 1876 2917 1927 ovem,
2943 1862 3050 1915 sive
3095 1862 3151 1915 in
3178 1866 3414 1930 castris,
3440 1867 3528 1919 vel
3576 1880 3697 1921 exta:
3746 1886 3747 1889 ‘

2110 1958 2309 2012 castra,
2337 1960 2385 2004 et
2419 1967 2524 2005 non
2546 1952 2789 2007 obtulerit
2819 1954 2891 2007 ad
2928 1958 3120 2009 ostium
3163 1957 3529 2013 tabernaculi
3578 1964 3696 2015 abl:-

2109 2042 2302 2095 tionem
2368 2042 2613 2097 Domino.
2660 2042 2738 2099 lbi
2798 2047 3110 2115 prohibitus
3172 2049 3528 2122 intelligitur
3546 2055 3613 2107 ab
3648 2072 3696 2108 eo

2106 2135 2252 2202 quod
2281 2136 2507 2189 tentavit
2552 2155 2564 2188 :
2600 2137 2689 2192 hic
2709 2150 2893 2209 autem
2918 2155 3027 2195 non
3058 2142 3153 2208 ita,
3185 2145 3293 2198 sed
3323 2164 3342 2200 :
3374 2145 3491 2211 Qui
3523 2148 3695 2202 obtutu
3746 2160 3747 2171 ‘

2110 2226 2182 2279 rit
2209 2224 2591 2294 holocaustum,
2618 2230 2725 2284 sive
2744 2232 3037 2298 victimam,
3065 2244 3114 2288 et
3142 2236 3215 2289 ad
3241 2231 3461 2292 ostium
3492 2243 3695 2295 tabem-
3748 2244 3749 2265 ‘

2108 2315 2214 2368 culi
2249 2319 2531 2371 testimonii
2553 2335 2656 2373 non
2676 2322 2958 2376 adduxerit
2985 2340 3125 2389 eam,
3150 2335 3207 2379 ut
3239 2328 3523 2397 offeratur
3550 2332 3697 2385 Doni-

2104 2422 2190 2464 no.
2222 2407 2672 2468 Consummatum
2702 2412 2816 2467 sive
2867 2414 3197 2471 sacriﬁcium
3249 2420 3585 2488 perfectum
3636 2426 3698 2478 di-

2103 2492 2253 2564 cens,
2277 2500 2331 2553 in
2355 2509 2567 2556 tantum
2598 2512 2658 2557 ut
2689 2504 3065 2560 holocaustum
3093 2507 3282 2575 ﬁeret,
3323 2516 3599 2569 eamdem
3636 2526 3699 2569 ta-

2103 2605 2230 2645 men
2261 2601 2317 2646 et
2342 2592 2398 2646 in
2428 2593 2531 2648 hoc
2577 2611 2793 2664 pinnam
2826 2600 3103 2668 praecepit.
3134 2599 3244 2665 Qui
3289 2604 3461 2658 enim
3518 2607 3699 2661 initiata

2102 2680 2233 2737 fecit
2261 2684 2364 2739 hoc
2394 2689 2741 2754 attrectandi,
2782 2699 2838 2744 et
2866 2692 3175 2759 prohibitus
3205 2702 3319 2761 est,
3365 2697 3523 2752 nihil
3547 2699 3702 2752 diﬁcit

2101 2775 2170 2829 ab
2193 2790 2260 2830 eo
2292 2777 2383 2846 qui
2406 2778 2717 2848 complevit.
2753 2780 2859 2835 Sed
2881 2791 2937 2837 et
2969 2784 3259 2854 utriusque
3322 2804 3527 2857 penna,
3550 2791 3705 2860 perdi-

2103 2868 2180 2923 tio
2211 2870 2279 2924 de
2301 2872 2504 2940 populo
2533 2881 2636 2936 est,
2667 2873 2740 2927 ita
2765 2883 2826 2928 ut
2851 2890 2961 2929 non
2989 2878 3165 2943 possit
3194 2880 3353 2934 ultra
3386 2882 3491 2937 hic
3530 2885 3585 2937 in
3625 2900 3704 2952 po-

2105 2961 2237 3031 pulo
2263 2962 2480 3033 degere.
2505 2979 2683 3032 neque
2713 2966 2781 3020 de
2807 2968 3227 3024 circumcisione
3253 2971 3526 3041 gloriari,
3550 2990 3703 3044 neque

2107 3052 2175 3108 de
2196 3068 2394 3124 genere
2422 3052 2699 3110 Abraham
2739 3059 3096 3128 semetipsum
3131 3076 3368 3127 ornare,
3408 3075 3516 3118 aut
3545 3066 3703 3121 Israe-

412 3105 535 3211 ejus
556 3138 647 3209 qui
695 3139 764 3194 ab
794 3137 874 3192 eis
904 3138 957 3191 in
987 3151 1228 3191 errorem
1252 3137 1501 3203 mittitur,
1521 3137 1754 3191 fundunt
1780 3156 1792 3190 :
1823 3139 2004 3207 perdi-
2031 3105 2073 3163 ϐ
2107 3105 2226 3198 lita0
2251 3145 2379 3209 dici,
2408 3146 2501 3201 sed
2537 3146 2681 3202 inter
2731 3105 3056 3218 praeputium
3083 3105 3368 3208 habentes
3409 3167 3472 3212 et
3529 3159 3699 3212 alieni.

413 3233 577 3290 tionis
609 3233 755 3287 enim
787 3232 838 3285 ei
883 3244 1048 3284 causa
1078 3228 1407 3284 efﬁciuntur.
1443 3228 1580 3293 Quia
1610 3236 1791 3282 autem
1829 3229 1999 3299 possi-

412 3323 526 3377 bile
552 3321 653 3376 fuit
677 3321 795 3375 illos
826 3320 1185 3388 interrogare,
1219 3324 1316 3371 aut
1344 3317 1602 3386 cogitare,
1624 3326 1677 3370 et
1711 3318 1870 3386 cujus
1924 3319 2002 3373 rei

413 3415 583 3487 gratia
619 3414 736 3468 haec
762 3413 970 3467 sancita
996 3420 1145 3476 sunt,
1178 3411 1221 3464 si
1246 3411 1437 3464 localia
1467 3421 1594 3465 sunt
1620 3450 1636 3476 ,
1668 3402 1751 3464 ad'
1789 3421 2005 3481 tempus

411 3508 665 3571 dicimus,
694 3505 817 3576 quia
849 3519 1071 3559 causam
1096 3502 1388 3573 ﬁgurarum
1433 3517 1763 3572 cognoscere
1816 3513 2004 3572 aperte

412 3616 522 3655 nou
585 3607 857 3671 poterant,
907 3612 1087 3666 neque
1138 3595 1433 3665 cupiebant
1492 3595 2000 3666 revelatediscere,

412 3692 539 3762 quia
567 3692 795 3745 aliorum
831 3689 1099 3744 haberent
1144 3688 1406 3757 imagines
1444 3701 1507 3741 ea
1533 3703 1653 3756 qua:
1680 3688 2001 3742 sancieban—

414 3794 524 3838 tur.
558 3783 922 3849 Quamobrem
945 3796 1165 3835 causam
1202 3781 1310 3834 illis
1339 3780 1502 3833 aliam
1535 3780 1802 3833 veriorem
1826 3779 2001 3849 ipsam

412 3877 694 3949 legislator
728 3875 971 3945 scripsit,
1006 3888 1168 3943 quam
1202 3873 1348 3927 hanc
1378 3890 1391 3926 :

486 3968 555 4022 Et
586 3984 920 4040 nequaquam
950 3966 1090 4019 ultra
1115 3964 1465 4020 immolabant
1497 3965 1696 4019 hostias
1736 3981 1862 4018 suas
1893 3965 2003 4018 da?-

414 4061 653 4115 monibus
677 4077 794 4115 cum
818 4059 1006 4131 quibus
1030 4059 1279 4131 fornicati
1304 4069 1443 4112 sunt.
1470 4057 1616 4124 Sive,
1643 4066 1701 4111 ut
1728 4056 1862 4110 LXX
1891 4075 1904 4110 :
1938 4058 2002 4110 Et

414 4170 517 4207 non
569 4151 914 4206 immolabant
945 4150 1088 4204 ultra
1144 4149 1409 4218 sacriﬁcia
1470 4165 1567 4201 sua
1614 4149 2000 4218 supervacuis:

412 4263 537 4301 cum
575 4250 657 4301 eis
689 4246 851 4300 allec
905 4251 1239 4313 pracceptum
1289 4240 1661 4295 fuissetzNon
1695 4241 1857 4312 facies
1910 4240 2005 4294 tibi

414 4337 634 4398 idolum,
664 4352 754 4390 nec
776 4350 980 4388 omnem
1011 4332 1407 4386 similitudinem
1437 4347 1619 4385 eorum
1654 4347 1770 4399 quw
1792 4335 1846 4385 in
1878 4332 2004 4386 caelo

413 4514 567 4588 aquis
593 4517 774 4571 subtus
835 4525 1034 4569 terram
1066 4516 1129 4568 ".
1160 4512 1401 4568 Vitulum
1461 4513 1713 4569 fecerunt
1756 4514 2005 4572 conﬂati-

415 4610 521 4663 lcm
561 4618 616 4664 et
652 4608 822 4664 vitulo
877 4606 1558 4670 sacriﬁciumobtuleruut,
1598 4619 1761 4660 causa
1810 4610 2005 4677 gastri-

416 4700 885 4771 margiac'sumere
925 4699 1192 4755 sacriﬁcia
1224 4699 1486 4754 volentes.
1525 4696 1855 4769 Ptedagogus
1907 4715 1994 4753 eo-

415 4807 537 4845 rum
572 4791 677 4855 lex,
709 4791 775 4845 de
830 4790 911 4847 eis
975 4789 1174 4845 oﬁ‘crre
1229 4787 1493 4844 sacriﬁcia
1523 4788 1800 4858 praecepit,
1836 4798 1894 4843 ut
1943 4789 1998 4842 in

415 4887 534 4942 haec
585 4884 831 4954 occupati
861 4884 930 4938 ab
954 4883 1105 4939 omni
1140 4882 1458 4938 idololatria:
1481 4880 1748 4937 sacriﬁcio
1801 4889 2002 4935 semct-

416 4976 564 5045 ipsos
598 4974 911 5029 abstineant
938 4991 950 5026 :
987 4981 1043 5026 et
1066 4973 1181 5025 haec
1214 4973 1411 5051 sancit,
1432 4986 1553 5039 quae
1581 4970 1666 5026 lex
1691 4985 1788 5025 eos
1808 4969 2000 5039 prohi-

415 5067 551 5123 bens
569 5066 640 5121 ab
667 5066 935 5135 idolorum
967 5061 1271 5127 sacriﬁciis,
1301 5060 1462 5115 simul
1491 5059 1688 5115 docere
1725 5060 1887 5113 etiam
1938 5058 2003 5111 ﬁ-

416 5174 578 5227 guras
609 5156 990 5229 mysleriorum
1022 5152 1326 5207 futurorum
1350 5150 1675 5221 potuissent.
1710 5150 1853 5204 Bene
1906 5165 2004 5204 au-

419 5261 527 5303 tem
564 5249 770 5303 servire
793 5247 976 5312 idolis,
1013 5243 1427 5299 fornicationem
1463 5243 1792 5313 appellavit:
1820 5251 2006 5312 aperte

422 5324 523 5393 nos
551 5338 777 5398 docens.
814 5338 938 5407 quia
970 5342 1183 5390 nostras
1204 5332 1415 5387 animas
1439 5331 1581 5386 Deus
1613 5333 1714 5387 sibi
1748 5334 1814 5388 ad
1855 5334 2002 5388 salu-

426 5441 533 5485 tem
562 5430 869 5501 despondit,
907 5441 962 5482 et
996 5428 1115 5482 ideo
1140 5425 1427 5481 fornicatio
1452 5425 1650 5479 dicitur
1675 5427 1743 5480 ab
1776 5426 1866 5480 illo
1896 5426 2005 5480 dis-

419 5521 616 5575 cessio.
654 5521 880 5591 Insuper
903 5526 1072 5573 terret
1104 5533 1199 5571 eos
1228 5517 1320 5588 qui
1367 5516 1422 5571 in
1446 5531 1611 5571 carne
1634 5517 1997 5583 fornicamur,

505 5722 547 5755 “
584 5725 753 5780 Exod.
784 5741 876 5793 xx,
912 5726 944 5778 4
971 5730 1027 5776 et
1057 5720 1237 5776 Levii.
1264 5739 1407 5788 xxvi,
1451 5724 1496 5779 Ι.

2107 3250 2273 3306 genas
2302 3237 2686 3303 constituatur,
2720 3240 2826 3294 hoc
2858 3251 2945 3295 est
2974 3242 3211 3311 disperdi
3280 3251 3614 3319 quempiam
3648 3253 3699 3304 de

2107 3332 2312 3398 populo
2338 3343 2458 3383 suo.
2503 3328 2646 3397 Ergo
2700 3331 3012 3402 quicunque
3045 3350 3193 3389 nunc
3228 3336 3377 3409 legis
3443 3341 3697 3401 mandata.

2107 3431 2204 3470 seu
2235 3418 2498 3473 terminos
2525 3420 3024 3490 transgrediuntur,
3049 3433 3203 3477 extra
3255 3429 3548 3497 templum
3567 3446 3698 3501 agea—

2106 3512 2190 3560 tes
2234 3523 2575 3578 qumcunque
2628 3512 2909 3567 destructo
2939 3514 3140 3583 templo
3174 3514 3264 3569 lex
3294 3519 3389 3587 agi
3430 3536 3549 3574 non
3586 3521 3692 3582 ruit,

2101 3598 2213 3669 jam
2244 3614 2354 3653 non
2385 3611 2514 3655 sunt
2543 3600 2823 3666 Israelitae,
2854 3620 2957 3659 nec
3015 3605 3351 3661 Iudaeorum
3386 3612 3690 3680 appellatio-

2104 3703 2230 3742 nem
2251 3691 2397 3759 juste
2419 3691 2519 3745 sibi
2550 3702 2834 3762 usurpant.
2865 3694 2970 3749 Sed
3004 3696 3168 3750 etiam
3203 3697 3348 3752 illud
3390 3717 3515 3769 pra:
3539 3702 3687 3756 omni-

2105 3780 2208 3835 bus
2230 3784 2407 3837 notari
2432 3793 2665 3853 Oportet,
2693 3787 2839 3855 quod
2862 3803 2973 3841 non
2999 3788 3176 3843 solum
3206 3804 3312 3845 eos
3334 3794 3440 3861 qui
3470 3810 3541 3848 ex
3594 3795 3689 3848 ﬁliis

2106 3871 2270 3927 Israel
2299 3881 2447 3939 sunt,
2502 3880 2619 3930 haec
2669 3879 2931 3948 praecepit
2951 3882 3252 3946 custodire,
3289 3884 3397 3937 sed
3432 3901 3560 3939 cum
3586 3886 3688 3955 ipsis

2106 3974 2162 4019 et
2192 3967 2513 4037 proselytas,
2542 3971 2658 4023 sive
2712 3969 2969 4036 advenas,
2996 3971 3094 4040 qui
3151 3975 3601 4044 peregrinantur
3623 3980 3686 4030 ia-

2109 4063 2189 4110 ter
2225 4071 2339 4121 eos,
2378 4058 2430 4111 id
2455 4067 2541 4112 est
2567 4060 2817 4128 gentiles,
2851 4059 2908 4114 hi
2939 4062 3086 4116 enim
3120 4078 3234 4117 non
3289 4067 3381 4120 eis
3432 4069 3687 4138 conjuncti

2108 4156 2254 4212 sunt,
2285 4148 2381 4203 sed
2401 4149 2546 4217 apud
2574 4164 2671 4204 eos
2700 4159 2849 4217 sunt,
2882 4151 3007 4222 quia
3038 4155 3184 4222 apud
3209 4169 3315 4209 eos
3367 4172 3588 4225 sumus,
3620 4169 3689 4212 ut-

2108 4246 2235 4308 pote
2258 4239 2431 4311 legem
2461 4255 2674 4312 eorum,
2708 4250 2765 4297 et
2799 4244 3115 4314 prophetas,
3151 4256 3210 4299 et
3253 4251 3600 4316 promissam
3625 4252 3686 4304 eis

2110 4331 2482 4386 hereditatem
2511 4332 2797 4389 habentes.
2822 4335 3181 4391 Adhirremus
3214 4347 3411 4393 autem
3463 4356 3576 4396 non
3624 4344 3687 4411 ip-

229 4474 239 4485 .
334 4412 341 4417 l
413 4439 535 4483 sunt
564 4445 796 4490 sursum,
821 4438 867 4481 et
914 4427 971 4478 in
999 4435 1141 4478 terra
1189 4425 1454 4488 deorsum,
1505 4433 1554 4476 et
1584 4440 1905 4496 quiscunque
1947 4425 2003 4478 in
2037 4435 2079 4491 ι)
2108 4423 2201 4488 sis,
2228 4424 2324 4478 sed
2370 4425 2514 4479 Deo:
2556 4436 2824 4496 praeterea
2853 4428 3155 4483 secundum
3192 4428 3371 4496 LXX,
3404 4432 3577 4488 homo
3623 4435 3687 4486 di-

2112 4517 2210 4581 xit,
2235 4531 2361 4571 cum
2384 4516 2571 4572 liceret
2607 4519 2931 4589 simpliciter
2972 4520 3153 4574 dicere
3191 4519 3515 4590 hominem,
3540 4526 3688 4595 dupli-

2110 4620 2200 4664 cat
2225 4619 2428 4676 tamen,
2454 4620 2516 4664 ut
2550 4612 2803 4666 ostendat
2849 4620 2958 4666 tam
2996 4628 3121 4666 eum
3151 4612 3247 4681 qui
3310 4614 3374 4668 in
3423 4618 3687 4674 circumci-

2109 4715 2286 4767 sione,
2322 4717 2483 4771 quam
2502 4701 2609 4771 .qui
2639 4702 2695 4755 in
2731 4702 2998 4772 praeputio
3017 4702 3261 4758 adhaeret
3306 4704 3453 4774 Deo,
3490 4708 3684 4764 bocde—

2110 4788 2240 4843 bere
2272 4790 2543 4846 custodire
2571 4793 2914 4847 mandatum.

2116 4954 2119 4961 η
2183 4879 2345 4934 Vens.
2388 4880 2572 4937 10-12.
2604 4900 2621 4931 ι
2651 4880 2828 4936 Homo
2870 4882 3100 4961 quilibet
3142 4883 3212 4939 de
3243 4884 3415 4941 domo
3441 4885 3685 4952 lsrsel,et

2105 4968 2175 5026 de
2200 4972 2425 5030 advenis
2457 4973 2548 5044 qui
2586 4960 3008 5046 peregrinantur
3039 4976 3185 5031 inter
3211 4993 3331 5046 eos,
3373 4980 3419 5035 si
3450 4982 3683 5037 comede-

2106 5065 2178 5119 rit
2212 5066 2555 5136 sanguinem,
2582 5052 2886 5121 obﬁrmabo
2915 5064 3110 5124 faciem
3141 5084 3323 5125 meam
3349 5082 3550 5127 contra
3588 5074 3681 5127 ani-

2107 5171 2255 5210 mam
2284 5157 2447 5223 illius,
2472 5165 2528 5211 et
2559 5157 2871 5228 disperdam
2898 5174 3020 5214 eam
3054 5160 3123 5215 de
3165 5162 3377 5231 populo
3409 5179 3540 5220 suo.
3570 5164 3680 5229 Quia

2110 5247 2291 5301 anima
2318 5247 2500 5302 carnis
2525 5247 2579 5302 in
2605 5248 2871 5319 sanguine
2903 5258 3008 5315 est,
3044 5261 3099 5304 et
3133 5265 3235 5322 ego
3267 5251 3401 5305 dedi
3432 5253 3589 5308 illum
3611 5268 3663 5304 re

2109 5338 2214 5402 bis,
2247 5348 2306 5393 ut
2335 5355 2499 5410 super
2523 5340 2689 5395 altare
2712 5340 2767 5394 in
2794 5356 2862 5396 eo
2893 5342 3124 5411 expietis
3146 5359 3245 5411 pro
3283 5344 3685 5401 animabusre-

2112 5430 2261 5493 stris,
2292 5438 2345 5483 et
2369 5432 2589 5501 sanguis
2617 5446 2715 5501 pro
2742 5432 2938 5484 anima:
2968 5432 3185 5500 piaculo
3212 5432 3305 5498 sit,
3335 5429 3553 5488 idcirco
3590 5430 3681 5486 dixi

2115 5520 2236 5575 ﬁliis
2265 5521 2429 5576 Israel
2460 5539 2474 5575 :
2500 5520 2693 5577 Omnis
2740 5521 2920 5577 anima
2977 5537 3043 5576 ex
3094 5523 3251 5578 vobis
3295 5538 3410 5578 non
3451 5522 3686 5578 comedet
