3810 6318
33 334 200 400 1005

1204 326 1285 385 ΙΝ
1321 320 1757 387 LEVITICUM.
1798 344 1864 356 υ·-
1897 318 2044 379 LIB.-
2082 317 2149 379 V.

3184 308 3322 376 1008

31 453 404 526 sanguinem,
439 462 541 506 nec
564 464 631 505 ex
665 447 889 503 advenis
917 445 1008 516 qui
1042 442 1459 516 peregrinantur
1497 453 1641 498 inter
1669 456 1711 513 Α
1742 435 1836 499 cit.
1863 436 2055 489 Anima
2089 432 2267 526 omnis
2307 432 2488 526 carnis
2514 432 2570 486 in
2600 431 2862 526 sanguine
2907 431 3027 526 ejus
3048 437 3170 526 est,
3202 431 3324 484 nul-
3414 437 3426 447 '

76 558 176 599 OS.
224 560 244 593 ι
1178 587 1183 593 η

76 561 176 599 os.
224 561 244 593 ι
1178 587 1183 593 .

32 561 69 600 γ
117 631 275 686 LXX
296 639 478 685 autem
504 628 592 682 hic
612 627 801 691 edunt,
834 625 1003 679 Homo
1024 627 1197 679 homo.
1230 626 1385 691 Quod
1411 640 1643 695 quomo-

35 726 119 781 do
154 730 414 794 oporteat
445 719 695 789 intelligi,
729 717 982 787 superius
1017 718 1275 771 diximus.
1310 717 1452 787 Ergo
1479 732 1643 785 opor-

41 824 130 870 tet
163 813 411 868 mandati
446 812 610 874 hujus
640 810 878 863 litteram
902 810 1201 872 custodire,
1235 816 1291 862 et
1331 810 1642 862 nullatenus

39 905 353 961 comedere
383 901 723 972 sanguinem.
751 899 867 955 Hoc
898 902 1045 955 enim
1076 910 1133 955 et
1164 901 1459 970 apostolos_
1482 900 1643 965 iuve-

42 998 179 1051 nies
215 994 560 1065 praecepisse,
592 992 809 1061 quando
838 992 906 1046 de
931 992 1256 1061 quibusdam
1272 992 1513 1047 Judaicis
1543 992 1643 1046 ob-

39 1087 467 1141 servationibus
510 1083 860 1138 contentione
902 1083 959 1136 in
1001 1085 1353 1139 Antiochensi
1402 1084 1643 1138 Ecclesia

42 1179 229 1242 facta,
257 1178 323 1232 ad
357 1192 451 1231 eos
477 1176 645 1229 relata
682 1184 767 1230 est
800 1175 1050 1244 quaaStio,
1085 1175 1178 1244 qui
1228 1176 1402 1247 legem
1444 1191 1645 1245 posue-

43 1278 216 1330 runt.
250 1265 523 1323 Solventes
553 1268 910 1337 quaestionem
941 1269 1100 1335 hanc,
1153 1277 1211 1323 et
1263 1269 1591 1325 deﬁnientes
1626 1290 1640 1325 :

48 1361 248 1413 Visum
279 1368 352 1413 est
380 1376 500 1429 ergo
529 1357 749 1429 Spiritui
774 1371 955 1413 sancto
994 1370 1041 1414 et
1065 1362 1228 1423 nobis,
1260 1362 1393 1415 nihil
1416 1362 1646 1431 amplius

43 1450 335 1518 imponere
386 1448 524 1511 vobis
576 1448 766 1511 oneris,
798 1465 961 1518 quam
1010 1457 1067 1502 ut
1112 1450 1420 1503 abstineatis
1462 1467 1549 1504 vos
1577 1451 1644 1504 ab

45 1540 358 1595 immolatis
410 1539 837 1601 simulacrorum,
875 1549 924 1591 et
968 1539 1242 1609 sanguine,
1276 1548 1324 1591 et
1372 1540 1641 1608 suﬂ'o'cato,

42 1641 98 1686 et
130 1630 492 1703 fornicatione
513 1633 577 1685 ¹⁸.
620 1631 915 1700 Propterea
940 1631 1255 1701 sanguinem
1280 1631 1498 1700 quidem
1519 1647 1647 1701 pro-

45 1724 179 1794 prie
211 1723 587 1790 homicidium,
613 1739 832 1778 omnem
870 1732 1052 1778 autem
1108 1725 1448 1794 sanguinem,
1482 1739 1645 1779 omne

1744 527 1957 580 latentis
1982 525 2340 581 substantiam
2368 525 2564 580 animae
2590 525 2907 595 sanguinem
2930 523 3318 592 intelligamus,
3331 548 3378 636 ί

1745 618 1841 671 sed
1875 620 2009 686 quia
2036 617 2354 672 societatem
2384 632 2510 671 cum
2533 634 2697 672 carne
2721 634 2820 687 per
2866 617 3183 688 sanguinem
3223 617 3360 713 Μαι-ξ
3394 649 3403 694 ἶ

1744 708 1857 774 bet,
1894 719 1949 763 et
1977 710 2196 778 quando
2225 709 2333 764 hoc
2365 719 2684 770 evacuatum
2712 709 2896 777 fuerit,
2929 721 3022 765 aut
3056 702 3348 782 l'riguerit,‘
3398 702 3403 735 ³

1746 808 1877 854 tunc
1905 816 1936 854 a
1961 815 2125 856 carne
2153 802 2467 858 dissolvitur
2511 804 2588 858 sic
2610 803 2870 860 Creatore
2925 815 3178 861 naturam
3225 820 3327 860 no-

1747 901 1917 947 stram
1946 894 2292 963 disponente.
2332 895 2471 960 Quia
2520 911 2649 966 ergo
2697 897 2948 953 Christus
3003 900 3324 969 sanguinem

1746 995 1904 1036 suum
1936 984 2002 1038 ad
2027 984 2389 1053 expiationem
2412 986 2721 1040 animarum
2776 998 3089 1044 nostrarum
3146 992 3322 1054 dedit,

1747 1084 1807 1128 ut
1833 1074 1902 1129 ab
1932 1077 2080 1130 omni
2108 1092 2209 1131 nos
2232 1077 2548 1140 homicidio,
2569 1080 2828 1149 omnique
2855 1082 2959 1135 alia
3011 1083 3321 1154 iniquitate,

1744 1180 1864 1233 quae
1891 1165 2186 1222 homicidio
2203 1169 2450 1237 proxima
2478 1177 2583 1235 est,
2634 1172 3029 1229 abstineamus.
3068 1177 3326 1233 Commu-

1744 1255 1833 1309 nis
1856 1257 2005 1311 enim
2038 1258 2124 1312 lex
2157 1267 2262 1324 est,
2285 1268 2339 1313 et
2365 1270 2554 1314 contra
2588 1276 2781 1321 omnes
2803 1267 3134 1321 extenditur.

1818 1347 1978 1403 Vens.
2022 1348 2109 1415 I5,
2146 1351 2231 1403 M;
2269 1368 2288 1400 ‹
2323 1351 2497 1406 Ilomo
2519 1343 2832 1422 quicunque
2867 1357 2935 1410 de
2966 1358 3091 1413 ﬁliis
3137 1359 3322 1425 Israel,

1745 1448 1799 1494 et
1827 1440 1895 1494 de
1919 1441 2145 1496 advenis
2171 1443 2264 1511 qui
2289 1444 2709 1514 peregrinantur
2736 1448 2881 1515 apud
2912 1464 3026 1514 vos,
3063 1451 3109 1504 si
3160 1466 3329 1507 vena;

1749 1528 1909 1583 tione-
1943 1538 2107 1599 atque
2131 1532 2363 1600 aucupio
2385 1534 2593 1601 ceperit
2622 1534 2793 1589 feram
2820 1538 2904 1591 vel
2923 1554 3104 1604 avem,
3130 1543 3329 1610 quibus

1745 1621 1892 1675 vesci
1924 1621 2130 1676 licitum
2155 1631 2258 1687 est,
2290 1624 2819 1696 fundatsanguinem
2851 1630 2990 1698 ejus,
3025 1640 3079 1686 et
3122 1636 3332 1702 operiat

1746 1712 1897 1767 illum
1936 1722 2077 1768 terra
2105 1731 2118 1765 :
2154 1716 2334 1770 anima
2365 1718 2510 1770 enim
2551 1720 2730 1774 omnis
2755 1723 2937 1778 carnis
2977 1726 3034 1779 in
3064 1728 3333 1798 sanguine

45 1814 370 1869 fraternum
391 1815 577 1869 odium
603 1814 981 1885 intelligamus,
1012 1815 1137 1884 quia
1169 1817 1258 1886 qui
1283 1817 1390 1869 odit
1426 1818 1646 1886 fratrem
1679 1795 1722 1851 Β
1749 1816 1854 1860 εει·
1908 1806 2063 1862 Unde
2121 1808 2232 1862 ἀίκί
2285 1809 2411 1863 ﬁliis
2458 1810 2659 1865 Ῑετίὶθιτ
2693 1811 3022 1884 5³11ευὶ11εὲ11)
3061 1795 3331 1876 uniiersae

47 1919 241 1968 suum,
289 1903 552 1956 homicida
582 1913 658 1956 est
685 1904 749 1968 ιδ,
781 1903 922 1958 sicut
971 1902 1210 1959 Joannes
1234 1905 1469 1974 scripsit.
1508 1905 1646 1959 Dicit

48 2008 191 2063 ergo
248 2009 470 2048 omnem
517 1993 878 2064 sanguinein,
929 1994 1254 2064 injustitiam
1310 1996 1643 2050 dolosorum.

54 2083 251 2137 Virum
311 2086 451 2138 enim
502 2087 818 2154 sanguinum
875 2094 923 2138 et
975 2085 1211 2139 dolosam
1260 2087 1649 2141 abominabitur

50 2174 324 2231 Dominus
377 2160 461 2229 ‘i:
518 2184 575 2229 et
616 2191 958 2246 quacunque
1025 2179 1394 2246 proximorum
1447 2189 1650 2234 nocent

51 2268 215 2333 vitre,
250 2283 346 2338 per
382 2266 607 2322 insidias
631 2269 927 2337 quaslibet,
954 2268 1034 2322 ita
1058 2276 1119 2323 ut
1166 2270 1463 2326 homicidio
1518 2287 1648 2326 san-

53 2360 253 2432 guinis
272 2370 674 2430 comparentur.
703 2362 771 2416 Iit
804 2370 1091 2431 propterea
1120 2368 1188 2417 ab
1208 2365 1357 2418 omni
1386 2366 1650 2435 sanguine

53 2452 338 2506 abstineri
362 2460 599 2520 oportet,
631 2453 865 2508 scientes
895 2454 1023 2522 quia
1067 2470 1234 2524 super
1262 2455 1500 2510 animam
1528 2472 1650 2526 quae

57 2545 237 2598 talem
268 2545 591 2612 sanguinem
614 2545 928 2609 comedunt,
957 2547 1025 2601 de
1058 2546 1257 2615 quibus
1287 2548 1505 2601 dicebat
1544 2548 1645 2601 Da-

54 2636 156 2693 vid
180 2654 195 2690 :
227 2637 329 2700 Qui
352 2640 598 2690 devorant
621 2636 819 2705 plebem
850 2653 1022 2690 meam
1052 2639 1184 2690 sicut
1208 2655 1381 2692 escam
1409 2641 1562 2708 panis
1582 2641 1648 2706 ",

57 2730 270 2795 faciem
295 2745 448 2783 suam
470 2729 722 2783 obﬁrmat
756 2730 919 2795 Deus,
941 2730 1195 2785 videlicet
1223 2732 1493 2787 Christus.
1532 2733 1652 2803 Ipse

60 2829 151 2875 est
181 2822 334 2875 enim
373 2821 551 2890 imago
585 2819 777 2889 patris,
812 2821 938 2889 quia
971 2820 1065 2889 qui
1108 2820 1241 2875 vidit
1272 2821 1488 2887 Filium,
1519 2822 1654 2877 vidit

61 2921 118 2967 et
144 2911 388 2966 Patrem.
423 2910 543 2980 Ipse
581 2912 748 2965 etiam
773 2912 938 2981 judex
975 2919 1093 2976 est,
1123 2920 1177 2965 et
1212 2913 1526 2966 necessarie
1584 2913 1651 2966 ad

60 3005 518 3058 coiit-ninandum
568 3003 654 3059 his
690 3006 781 3074 qui
828 3005 1096 3059 malorum
1151 3014 1281 3060 sunt
1317 3014 1652 3074 operatores,

58 3095 374 3165 disperdam
406 3096 646 3166 ponitur.
678 3097 821 3165 quod
852 3098 1192 3152 demonstrat
1226 3097 1390 3152 David
1413 3099 1605 3153 dicens
1636 3117 1649 3152 :
1683 3121 1725 3177 ο

73 3187 270 3244 Vultus
300 3198 479 3243 autem
507 3189 718 3243 Domini
763 3205 918 3258 super
953 3192 1203 3261 facientes
1240 3191 1406 3255 mala,
1439 3202 1495 3245 ut
1532 3209 1651 3261 per-

64 3278 158 3332 dat
192 3278 265 3331 de
289 3287 432 3330 terra
468 3279 778 3332 memoriam
809 3295 988 3332 eorum
1020 3280 1081 3333 ¹⁹.
1116 3281 1218 3334 llic
1250 3282 1486 3334 animam
1519 3296 1650 3335 san-

64 3369 294 3441 guinem
350 3371 725 3425 comedentem
787 3373 965 3441 perdit
1009 3373 1077 3427 de
1126 3366 1339 3443 'populo
1383 3375 1522 3444 ejus.
1580 3373 1650 3428 de

65 3463 350 3518 communi
376 3462 626 3518 videlicet
646 3463 930 3517 hominum
953 3479 1184 3534 genere;
1215 3465 1355 3520 hanc
1379 3466 1523 3519 enim
1547 3467 1654 3518 sic—

65 3563 127 3609 ut
155 3554 653 3609 immisericordem
684 3563 741 3609 et
785 3555 1009 3624 impiam
1063 3570 1343 3625 separaris,
1379 3572 1503 3611 cum
1536 3572 1652 3609 ma-

65 3644 240 3713 lignis
285 3645 613 3699 condemnat
659 3644 1017 3707 daamonibus,
1046 3654 1101 3700 et
1148 3646 1204 3699 in
1260 3647 1439 3716 ignem
1486 3646 1654 3700 mittit

65 3748 362 3803 aeternum,
387 3740 476 3810 qui
501 3735 723 3809 paratus
746 3736 823 3791 est
848 3737 1076 3797 diabolo.
1119 3749 1167 3792 et
1206 3740 1406 3808 angelis
1435 3739 1550 3808 ejus
1581 3740 1647 3793 ²⁰.

69 3833 287 3890 Deinde
330 3834 614 3887 insinuans
654 3841 919 3902 quantum
955 3850 1055 3889 nos
1081 3834 1342 3888 debemus
1391 3834 1649 3904 compati,

68 3934 125 3981 ct
159 3925 551 3982 misericordes
591 3939 733 3987 esse,
792 3925 1022 3979 invicem
1077 3925 1382 3994 diligentes,
1430 3934 1654 3994 propter

68 4030 198 4071 cum
223 4015 316 4084 qui
341 4023 545 4069 tantam
575 4014 833 4082 pietatem
865 4014 918 4067 in
945 4014 1101 4068 nobis
1122 4014 1379 4079 ostendit,
1413 4022 1473 4068 ut
1493 4029 1652 4068 suum

70 4105 399 4177 sanguinem
424 4104 677 4157 funderet
698 4104 764 4157 ad
810 4104 1253 4173 propitiationem
1298 4112 1564 4167 nostram,
1600 4112 1653 4156 et

69 4213 173 4267 pro
197 4197 409 4250 nostris
438 4195 725 4249 animabus
746 4195 921 4260 daret,
951 4197 1065 4249 ait:
1101 4193 1238 4260 Quia
1262 4196 1442 4248 anima
1488 4195 1655 4249 omnis

72 4290 257 4343 carnis
286 4288 342 4340 in
370 4287 625 4356 sanguine
647 4296 739 4352 est,
768 4297 817 4340 et
849 4303 941 4358 ego
979 4288 1101 4341 dedi
1120 4286 1271 4341 illum
1296 4287 1457 4351 vobis,
1486 4299 1541 4343 ut
1565 4304 1655 4341 su-

72 4397 167 4449 per
189 4379 367 4433 altare
395 4380 450 4432 in
472 4396 531 4433 eo
555 4379 771 4448 expietis
796 4395 892 4448 pro
916 4379 1193 4432 animabus
1221 4379 1402 4432 vestris
1430 4381 1495 4433 ".
1539 4378 1654 4450 My-

1751 1898 1931 1951 carnis
1950 1914 2062 1953 non
2096 1899 2412 1966 comedetis,
2439 1904 2567 1970 quia
2614 1905 2798 1959 anima
2851 1909 3032 1965 carnis
3087 1912 3141 1965 in
3202 1929 3332 1968 san-

1749 1992 1914 2060 guine
1971 2001 2073 2046 est.
2130 1992 2194 2046 Et
2232 1993 2541 2064 quicunque
2584 1995 2735 2051 illum
2785 2003 3116 2070 comederit,
3162 2006 3332 2062 inter-

1757 2081 1876 2136 ibit.
1908 2100 1927 2133 ι

1825 2172 2049 2228 Multum
2084 2189 2231 2230 cura:
2283 2186 2366 2230 est
2404 2178 2515 2232 Deo
2549 2187 2608 2233 ut
2644 2180 2964 2237 alterutrum
3010 2185 3172 2241 nobis
3226 2189 3332 2242 mi-

1753 2265 1900 2319 nime
1960 2282 2273 2322 noceamus.
2308 2268 2601 2339 Pr0pterea
2645 2277 2972 2342 percutienti
3035 2280 3330 2345 maxillam,

1752 2355 1896 2421 cedi,
1927 2364 1983 2410 et
2009 2371 2117 2411 non
2145 2373 2269 2412 cum
2299 2375 2367 2414 eo
2384 2361 2590 2429 judicio
2644 2366 3000 2431 contendere,
3054 2369 3335 2425 similiter:

1752 2461 1858 2514 que
1888 2454 1942 2500 et
1968 2448 2035 2501 de
2060 2462 2127 2502 eo
2157 2449 2247 2518 qui
2278 2450 2459 2505 aufert
2487 2453 2647 2507 nobis
2686 2456 2906 2523 pallium
2931 2456 3092 2515 Jesus
3125 2477 3329 2531 praece-

1754 2539 1874 2607 pit:
1909 2547 1970 2592 ut
2018 2556 2090 2595 ne
2122 2543 2367 2610 quidem
2397 2559 2463 2598 ex
2510 2547 2863 2602 contentione
2909 2551 2977 2604 ad
3025 2554 3332 2608 nocendum

1754 2631 2001 2697 proximo
2051 2647 2433 2701 provocemur,
2458 2636 2553 2690 sed
2588 2636 2699 2691 imo
2727 2645 2787 2691 ut
2812 2654 2941 2693 eum
2985 2641 3076 2710 qui
3133 2644 3337 2713 injuste

1754 2731 1943 2776 contra
1972 2738 2073 2778 nos
2106 2724 2235 2795 agit,
2274 2741 2370 2794 per
2414 2737 2654 2782 nostram
2720 2733 3036 2799 patientiam
3093 2738 3335 2808 corriga-

1758 2829 1899 2867 mus.
1939 2814 2085 2868 Nihil
2113 2830 2243 2887 ergo
2290 2819 2544 2888 amplius,
2573 2836 2736 2889 quam
2787 2823 3072 2891 injustitia,
3114 2836 3168 2881 et
3205 2844 3335 2883 ava-

1756 2905 1878 2959 ritia
1902 2947 1917 2970 ,
1957 2914 2011 2960 et
2051 2908 2323 2963 alternum
2360 2911 2543 2965 odium
2589 2921 2831 2968 coarctat
2867 2918 3033 2969 vitam
3069 2928 3333 2975 nostram.

1758 2995 1838 3048 Ad
1877 2995 1980 3050 hoc
2033 2997 2325 3054 intendens
2348 3000 2652 3072 .legislator,
2706 3009 2990 3078 sanguinis
3023 3013 3342 3069 mandatum

1758 3100 1869 3139 non
1897 3085 2095 3142 frustra
2124 3091 2522 3161 recapitulavit,
2553 3095 2651 3149 sed
2684 3097 2811 3166 quia
2857 3100 3079 3169 quidam
3130 3100 3339 3160 lraudi-

1760 3175 1862 3230 bus
1892 3177 2238 3246 quibusdam,
2263 3189 2319 3235 ct
2346 3183 2866 3254 machinationibus,
2894 3192 3171 3262 variisque
3199 3196 3340 3251 dolis

1757 3282 1959 3321 nocere
1988 3271 2362 3338 pepularibus,
2394 3275 2546 3343 quasi
2591 3277 2906 3346 ignorantes
2958 3284 3156 3351 solent,
3192 3289 3346 3356 peri-‘

1758 3374 1909 3414 mere
1936 3362 2101 3416 etiam
2151 3364 2466 3433 hujusmodi
2526 3371 2807 3426 molimina
2868 3379 3172 3446 perspexit.
3200 3379 3345 3435 Nam

1758 3450 1882 3505 vide
1903 3453 2032 3520 quid
2065 3458 2364 3526 praecipiat.

1828 3543 1888 3598 Si
1916 3549 2190 3602 venatione
2219 3561 2379 3622 atque
2405 3558 2632 3626 aucupio
2655 3561 2848 3627 ceperit
2874 3562 3063 3632 ferant,
3083 3564 3165 3617 uel
3192 3574 3342 3619 avem

1758 3633 1946 3703 quibus
1987 3637 2122 3689 vesci
2171 3636 2374 3693 licitum
2414 3652 2511 3703 est.
2561 3646 2750 3715 fundat
2779 3650 3094 3718 sanguinem
3124 3652 3259 3721 ejus,
3293 3663 3342 3707 et

1760 3726 1963 3793 aperiat
1990 3725 2142 3780 illum
2175 3737 2338 3783 terra.
2380 3729 2535 3796 Quod
2573 3736 2790 3790 venatio
2834 3739 3070 3795 maxime
3117 3727 3369 3811 injusti—‘

1763 3814 1914 3877 tiam,
1946 3815 2273 3886 iniustitiam
2325 3829 2508 3875 autem
2550 3838 2659 3877 non
2725 3827 3044 3894 quamlibet,
3104 3833 3198 3885 sed
3222 3848 3342 3889 eam

1760 3920 1880 3974 qua:
1892 3907 1959 3962 ad
1979 3909 2294 3979 sanguinem
2310 3912 2506 3979 tendit,
2522 3914 2795 3985 vitamque
2814 3916 2987 3987 ipsam
2998 3923 3171 3990 quoda
3180 3939 3346 3981 mmo-

1761 3996 1832 4050 do
1856 4012 1955 4066 per
1967 3999 2151 4053 dolum
2171 4000 2525 4073 fraudemque
2554 4005 2820 4075 iniustitia
2846 4011 3103 4079 patientis
3118 4024 3297 4083 nocet,
3314 4034 3344 4071 a

1762 4089 1945 4144 divina
1984 4089 2268 4162 Scriptura
2282 4095 2452 4166 accipi
2477 4099 2672 4166 soleat,
2697 4101 2822 4157 audi
2844 4100 3010 4158 David
3029 4106 3298 4162 dicentem
3327 4151 3341 4165 .

1762 4180 2062 4247 Captabunt
2096 4185 2151 4238 in
2204 4187 2442 4241 animam
2474 4189 2633 4258 justi,
2664 4200 2713 4244 et
2749 4196 3061 4259 sanguinem
3093 4199 3349 4254 immoene

1764 4282 1867 4327 tem
1894 4277 2311 4331 condemnabam
2333 4281 2398 4332 ³³.
2427 4280 2495 4335 Et
2519 4299 2745 4339 rursus:
2783 4286 2975 4341 Anima
3001 4303 3177 4344 nostra
3211 4291 3352 4348 sicut

1762 4384 1951 4436 passer
2018 4381 2198 4441 erepta
2248 4381 2324 4427 est
2367 4375 2432 4428 de
2464 4375 2646 4445 laqueo
2691 4381 2997 4434 venantium
3019 4385 3084 4436 ἰ.
3133 4383 3190 4438 Si
3223 4386 3348 4457 quis

75 4471 276 4527 sticum
298 4468 501 4525 Christi
531 4470 851 4540 sanguinem
904 4470 1251 4540 signiﬁcans;
1278 4470 1499 4540 sanguis
1529 4485 1660 4541 ergo
1691 4470 1736 4524 D
1763 4473 1894 4530 ετεο
1932 4464 2277 4518 venationem
2316 4467 2566 4536 οωυθτίι.
2599 4469 2654 4524 id
2684 4479 2769 4524 est
2796 4484 3115 4541 peccantem
3147 4477 3351 4533 viderit

76 4562 254 4631 ipsius
287 4578 388 4632 pro
437 4563 637 4617 animae
661 4562 881 4630 piaculo
905 4563 1034 4617 erit.
1064 4563 1300 4635 Sanguis
1362 4580 1531 4636 super
1578 4567 1660 4620 al-

79 4657 195 4703 tare
227 4648 297 4702 ad
325 4649 691 4729 expiationem
721 4651 1030 4705 animarum
1062 4661 1393 4719 nostrarum,
1417 4670 1516 4724 pro
1538 4656 1658 4708 ani-

79 4755 169 4794 ma
201 4741 446 4808 cxpians,
477 4740 566 4793 hic
614 4749 697 4795 est
722 4757 886 4811 quem
907 4743 1098 4798 ell‘udit
1128 4760 1228 4814 pro
1264 4745 1426 4800 nobis
1477 4746 1660 4802 cruci-

80 4830 247 4890 ﬁxus.
281 4839 338 4885 et
387 4832 776 4900 expiationem,
811 4833 928 4888 sive
970 4836 1409 4905 propitiationem
1470 4838 1658 4906 generi

84 4921 327 4976 humano
354 4924 624 4992 praestitit,
649 4923 918 4994 primitias
945 4926 1201 4993 otl‘crens,
1248 4938 1473 4997 propter
1514 4929 1661 4999 quod

84 5022 235 5066 recte
270 5012 407 5066 dicit
435 5034 449 5068 ;

162 5102 231 5155 Et
266 5106 477 5173 sanguis
497 5122 591 5174 pro
623 5108 820 5163 animm
846 5108 1055 5175 piaculo
1107 5110 1198 5161 sit.
1263 5107 1458 5162 Anima
1513 5110 1661 5163 enim

90 5192 231 5261 ejus,
267 5193 507 5261 primum,
528 5199 748 5265 quidem
777 5215 899 5268 quae
924 5200 993 5254 ab
1023 5215 1090 5255 eo
1147 5200 1434 5271 plasmata,
1463 5202 1661 5256 deinde

90 5282 219 5351 quia
270 5291 475 5338 nostra:
514 5300 634 5339 eam
678 5290 1201 5368 consubstantialem
1256 5293 1477 5353 animm.
1538 5308 1663 5347 cum

92 5374 477 5431 incarnaretur
526 5378 758 5445 accepit,
789 5389 849 5434 ut
899 5381 1016 5450 ipse
1066 5399 1166 5452 pro
1195 5384 1357 5439 nobis
1412 5384 1669 5438 redderet

94 5481 255 5536 quam
281 5484 383 5523 nos
406 5467 741 5522 debebamus
765 5481 1016 5525 mortem.
1033 5474 1308 5537 Quoniam
1343 5478 1524 5529 autem
1583 5475 1669 5530 di-

173 5673 214 5703 ¹⁸
254 5671 373 5726 Act.
407 5688 495 5731 xv,
539 5671 627 5726 38.

156 5673 214 5748 1iis
407 5688 495 5748 xv:
539 5671 627 5726 38.
710 5671 802 5748 'fl
837 5672 993 5748 ἔφη,
1024 5692 1081 5741 tr,
1118 5679 1173 5730 ll
1205 5686 1364 5741 clm,
1393 5679 1501 5743 15η
1546 5678 1659 5748 ,ΠΡ

1787 5695 1892 5738 Liv,
1925 5678 2035 5735 Ἠ..
2095 5678 2137 5739 ξ’
2173 5676 2313 5731 Psai.
2347 5691 2465 5748 xiii,
2500 5682 2532 5735 4
2563 5687 2615 5732 et
2648 5694 2743 5744 LII,
2779 5678 2830 5733 ii.

104 5739 188 5794 I7.
264 5744 307 5773 ’θ
336 5742 531 5795 Matth.
560 5757 684 5806 xxv,
722 5741 811 5795 ll.
885 5745 926 5773 "
953 5739 1129 5800 Levit.
1164 5765 1256 5815 vn,
1282 5739 1372 5801 26.
1450 5739 1501 5779 ²²’
1526 5747 1659 5803 Matt

1768 5766 1801 5815 τ,
1828 5750 1913 5803 79.
1992 5750 2038 5780 ’³
2065 5748 2212 5801 Psal.
2238 5743 2428 5813 XCVIII,
2455 5739 2551 5803 9.1.

1766 4562 1891 4602 eum
1931 4551 2025 4619 qui
2060 4554 2340 4608 venationi
2371 4570 2436 4608 ex
2476 4555 2795 4613 inﬁrmitate
2840 4562 2927 4615 vel
2977 4577 3043 4616 ex
3082 4563 3349 4634 simplici-

1767 4648 1877 4696 tate
1938 4648 2220 4713 expositus
2274 4657 2379 4713 est,
2433 4649 2582 4704 hunc
2620 4651 2854 4706 dicimus
2905 4670 3027 4709 esse
3076 4670 3191 4709 rem
3226 4673 3349 4725 quae

1768 4737 2002 4805 capitur.
2050 4738 2280 4808 Propter
2306 4742 2452 4809 quod
2480 4743 2617 4796 dixit
2652 4764 2665 4797 :
2697 4744 2890 4797 Ferant
2916 4748 2996 4800 vel
3022 4762 3191 4811 avent,
3224 4752 3349 4818 qui-

1770 4827 1865 4880 bus
1901 4829 2036 4907 uesci
2079 4829 2285 4881 licitum
2336 4839 2434 4882 est.
2467 4830 2572 4884 Per
2616 4831 2811 4897 feram,
2851 4834 2919 4888 de
2965 4836 3127 4905 vulgo
3152 4852 3347 4903 quem-

1769 4919 1914 4986 piam
1967 4920 2240 4972 carnalem
2274 4927 2484 4973 tantum
2532 4930 2588 4975 et
2613 4922 2960 4990 pastionibus
2989 4926 3346 4983 incubantem

1767 5009 2100 5080 signiﬁcans,
2134 5021 2522 5081 expertemque
2553 5013 2988 5070 commistionem
3034 5027 3346 5075 causarum.

1766 5103 1870 5157 Per
1913 5119 2068 5157 avem
2112 5113 2316 5170 autem,
2346 5120 2473 5158 eum
2516 5107 2609 5176 qui
2649 5122 2678 5161 a
2711 5108 2943 5162 terrenis
2989 5110 3347 5180 semetipsum

1769 5207 2014 5251 removet
2039 5197 2223 5251 rebus.
2258 5197 2578 5267 Huiusmodi
2613 5201 2757 5254 enim
2785 5199 3038 5257 homines
3068 5218 3098 5257 a
3145 5203 3352 5260 violen-

1770 5287 1839 5340 tis
1875 5296 1931 5341 et
1964 5288 2167 5354 avaris,
2211 5289 2269 5343 in
2297 5289 2477 5342 causis
2525 5291 2883 5344 saecularibus
2924 5303 3348 5363 consumuntur,

1777 5381 1866 5435 illa
1898 5383 2151 5439 videlicet
2194 5383 2490 5451 incongrua
2556 5383 2897 5455 malignaque
2925 5391 3351 5455 comessatione,

1776 5475 1842 5529 dc
1874 5490 1977 5544 qua
2027 5474 2226 5529 Paulus
2274 5475 2618 5543 prohibebat.
2650 5476 2879 5534 dicens:
2913 5477 2972 5534 Si
3021 5482 3090 5536 ad
3134 5483 3352 5539 invicem

2910 5681 2952 5712 "
2984 5679 3131 5754 Psal:
3157 5698 3353 5754 εἵκω,-

2629 5750 2673 5779 ’⁵
2700 5748 2840 5803 I’sal.
2871 5766 3069 5819 cxxut,
3102 5751 3162 5807 7;
