3810 6318
544 320 678 387 10οἹ

1725 323 2085 384 HESYCHII
2139 327 2615 387 PRESBYTERI
3704 324 3779 393 iiii

538 430 826 494 comeditis,
876 430 981 484 vidi
997 438 1046 483 te
1077 446 1140 484 ne
1170 429 1235 483 ab
1263 428 1482 482 invicem
1529 432 1985 485 consumamini".
2018 433 2127 487 Aut
2154 442 2200 497 Α
2228 434 2589 503 pollutionum
2641 434 2908 491 sacriﬁcia
2976 436 3257 505 legislator
3308 447 3667 506 exponeret.
3715 444 3776 495 ἃ(

540 536 600 580 ιιι
637 525 730 595 qui
776 524 927 593 prius
952 530 1108 577 erant
1131 521 1286 592 justi,
1319 520 1462 573 inter
1486 534 1551 575 ea
1589 522 1789 590 quibus
1817 522 1967 576 vesci
1992 523 2116 578 lici-

539 628 653 671 tum
706 626 810 677 est,
866 615 920 669 id
971 622 1054 668 est
1102 613 1244 666 inter
1293 612 1516 678 munda,
1562 624 1709 669 recte
1736 615 2112 669 nominantur.

544 704 921 779 Verumtamen
962 701 1008 755 si
1047 700 1169 768 quis
1215 699 1513 767 peccantis,
1560 701 1711 757 velut
1760 702 1990 756 inferius
2033 703 2117 771 ja-

537 797 732 856 centis,
768 804 822 847 et
858 789 1180 862 paenitentia
1224 791 1445 859 sepulti,
1491 790 1721 846 elIundit
1766 793 2111 863 sanguinem,

536 885 591 940 id
618 893 699 939 est
731 890 1011 952 peccatum
1035 880 1181 950 quod
1205 881 1466 949 peccavit,
1498 881 1729 937 effundit
1748 890 1936 937 autem
1956 884 2112 949 illud,

535 975 602 1028 ad
649 970 1024 1041 operationem
1074 969 1338 1023 accedens
1382 978 1438 1023 et
1473 970 1890 1035 confessionem,
1914 987 2109 1040 quem-

532 1066 824 1122 admodum
893 1062 970 1116 ait
1019 1061 1233 1115 David:
1268 1061 1549 1131 Effundam
1595 1063 1652 1115 in
1684 1076 1955 1131 conspectu
1997 1063 2112 1131 ejus

531 1158 818 1212 orationem
848 1170 1041 1217 meam,
1072 1154 1275 1221 operiat
1297 1153 1430 1205 illud
1458 1162 1599 1206 terra
1615 1155 1680 1206 ’⁸.
1708 1152 1935 1208 Peccata
1966 1155 2110 1208 enim

532 1247 911 1304 conﬁtentium
938 1256 1082 1299 terra
1110 1244 1310 1312 operit,
1343 1250 1533 1310 utpote
1558 1240 1788 1296 inferius
1813 1256 2112 1295 remanen-

533 1341 632 1402 tia,
668 1347 724 1392 et
771 1315 1481 1406 pmuitentiaﬁtnortiﬁcata.
1534 1332 1603 1385 Et
1635 1342 1868 1400 quorum
1918 1332 2111 1401 prohi-

534 1432 681 1486 bitus
718 1437 804 1484 est
831 1429 1041 1481 clamor
1084 1427 1151 1479 ad
1190 1424 1360 1478 cmlos
1389 1424 1710 1487 ascendere,
1746 1423 2108 1492 quemadmo-

532 1524 664 1580 dum
700 1522 1061 1577 Sodomorum
1119 1516 1482 1571 ascendebat:
1511 1531 1615 1570 nec
1659 1516 1805 1570 enim
1857 1515 2111 1569 volebant

529 1613 906 1686 paenitentiam
977 1624 1158 1681 agerc,
1223 1610 1296 1662 ita
1385 1617 1444 1661 ut
1517 1608 1658 1662 Deus
1732 1607 1800 1660 de
1857 1606 1991 1675 ipsis
2039 1608 2108 1661 ab

529 1707 806 1761 Abraham
872 1704 1082 1757 diceret
1131 1717 1144 1753 :
1189 1699 1539 1761 Descendunt,
1610 1707 1657 1751 et
1704 1696 1882 1750 videbo
1928 1704 2104 1749 utrum

2222 523 2331 578 illic
2363 525 2605 594 quidem,
2638 541 2764 580 eum
2809 530 2899 595 qui
2943 527 3122 597 tetigit
3168 528 3502 589 morticina,
3560 534 3779 584 atate-

2218 615 2341 669 stiis
2386 624 2565 685 capta,
2603 617 2656 670 id
2699 627 2803 682 est,
2855 619 2948 686 qui
3005 620 3468 683 communicavit,
3506 621 3633 675 sive
3663 628 3779 689 part;-

2217 718 2345 773 ceps
2398 703 2502 758 fuit
2539 721 2662 759 cum
2723 705 2806 759 his
2851 707 2944 774 qui
2981 707 3224 775 praedicti
3273 719 3436 773 sunt,
3500 709 3686 764 dicit":
3730 714 3777 765 ha

2215 802 2398 848 autem
2425 810 2550 848 eum
2589 797 2683 864 qui
2711 798 2968 861 comedit,
3010 797 3265 852 videlicet
3303 799 3407 867 qui
3451 796 3639 853 totum
3681 802 3777 856 il‘i-s

2215 895 2495 955 peccatum
2528 901 2685 940 suum
2712 889 2990 957 proprium
3023 888 3171 954 fecit,
3206 903 3496 958 suamque
3530 891 3773 961 malignis

2215 975 2576 1030 intentionem
2617 977 2855 1045 explevit
2883 993 2948 1032 ex
2982 979 3122 1033 malo
3170 979 3321 1047 quod
3376 981 3479 1034 ille
3529 985 3773 1035 com-usa

2214 1068 2353 1120 sicut
2379 1066 2601 1122 fuerunt
2631 1072 2817 1121 Annas
2839 1076 2895 1121 et
2922 1068 3182 1138 Caiphas,
3210 1071 3307 1139 qui
3333 1085 3459 1124 non
3488 1072 3771 1141 simpliciter

2211 1157 2368 1212 ludat
2403 1160 2697 1231 participes
2725 1167 2855 1213 sunt
2900 1161 3225 1229 proditionis
3285 1163 3508 1227 effecti,
3546 1166 3649 1234 ipsi
3666 1170 3771 1220 cui:

2212 1261 2461 1307 ementes
2536 1253 2864 1322 proditionis
2917 1253 2998 1308 eis
3063 1254 3336 1308 dederunt
3387 1258 3704 1324 pecuniam.
3742 1272 3780 1312 et

2210 1342 2338 1398 olim
2378 1344 2704 1411 esurientes,
2754 1345 2838 1399 vel
2871 1344 3248 1399 desiderantes
3277 1355 3533 1399 mortem
3578 1348 3769 1407 Domi.

2210 1436 2277 1489 ad
2307 1437 2632 1504 pascendam
2666 1436 3089 1490 nutriendamve
3133 1451 3289 1489 suam
3339 1437 3780 1494 intentionemd

2210 1528 2279 1583 ad
2304 1528 2752 1583 satisfaciendum
2784 1529 3078 1592 desiderio,
3126 1543 3225 1596 per
3264 1528 3486 1583 ludam
3517 1534 3778 1599 praevales-

2209 1630 2376 1673 runt:
2428 1620 2741 1689 hujusmndi
2778 1619 3069 1673 comedere
3116 1619 3451 1687 morticina,
3486 1631 3601 1677 eta
3628 1623 3776 1677 bestiis

2164 1754 2181 1759 _
2209 1718 2362 1777 capta
2408 1709 2686 1763 dicuntur.
2732 1706 2836 1773 Qui
2885 1722 3115 1762 necesse
3153 1708 3372 1763 habent
3420 1710 3621 1766 lavare
3645 1715 3775 1766 resti-

528 1797 813 1850 clamorem
866 1792 954 1861 qui
995 1790 1133 1843 venit
1180 1789 1248 1841 ad
1282 1803 1363 1840 me
1395 1802 1547 1855 opere
1593 1784 1992 1854 compleverunt,
2034 1800 2105 1837 an
2138 1790 2179 1844 Β
2205 1804 2388 1850 meum
2437 1810 2554 1860 sua,
2596 1804 2652 1849 ει
2699 1810 2942 1864 corpus:
3000 1797 3144 1851 ιανθι
3176 1806 3373 1853 autem
3406 1811 3633 1855 vestem
3664 1818 3773 1855 sa“

531 1903 633 1941 non
676 1895 751 1939 est
781 1885 878 1948 ita,
911 1892 968 1935 ut
1005 1881 1253 1935 sciam".
1292 1878 1400 1932 Sed
1433 1886 1489 1932 et
1528 1877 1631 1932 Job
1671 1877 1785 1931 sive
1806 1891 1837 1929 a
1860 1876 2100 1940 diabolo,

528 1980 643 2034 sive
696 1988 802 2031 tam
834 1977 1003 2039 illam,
1039 1974 1154 2028 sive
1181 1973 1251 2026 ab
1283 1971 1368 2025 his
1396 1969 1488 2039 qui
1516 1969 1899 2038 exprobrando
1931 1968 1982 2022 ei
2014 1968 2100 2021 in-

527 2065 791 2136 gerebant
816 2060 1180 2130 iniquitatem,
1223 2072 1334 2111 non
1366 2057 1537 2111 latere
1570 2056 1882 2118 Dominum,
1921 2055 1974 2110 id
2019 2063 2105 2109 est

526 2172 635 2211 non
691 2153 896 2223 despici
948 2151 1016 2205 ab
1075 2166 1162 2211 eo,
1214 2164 1381 2203 orans
1440 2147 1711 2202 clamabat
1739 2160 1754 2198 :
1784 2146 1966 2211 Terra,
1999 2161 2102 2198 non

526 2249 813 2303 abscondas
843 2244 1153 2314 sanguinem
1199 2257 1391 2302 meum,
1451 2255 1618 2309 neque
1665 2239 1898 2292 inveniat
1932 2237 2102 2290 locum

523 2343 583 2395 in
606 2350 654 2394 te
690 2338 888 2393 latendi
919 2335 1119 2389 clamor
1145 2332 1369 2387 meus”.
1411 2331 1471 2385 ld
1500 2338 1604 2395 est,
1639 2344 1751 2384 non
1781 2328 2103 2383 cohibeatur

524 2433 668 2498 loco,
693 2431 787 2486 sed
819 2430 887 2482 ad
910 2428 1081 2481 Deum
1115 2423 1395 2479 ascendat.
1423 2422 1653 2491 Propter
1681 2421 1827 2488 quod
1849 2420 2059 2474 addidit
2085 2437 2096 2472 :

524 2525 660 2579 Ecce
710 2537 848 2576 nunc
899 2521 955 2572 in
1006 2517 1131 2571 caelo
1179 2516 1322 2570 testis
1381 2531 1547 2578 meus,
1591 2523 1639 2567 et
1683 2513 1917 2566 conscius
1956 2526 2100 2565 meus

524 2617 583 2668 in
607 2614 822 2669 excelsis
840 2612 927 2665 η’.
948 2609 1263 2664 Secundum
1291 2608 1432 2660 hanc
1454 2620 1583 2674 ergo
1607 2604 1988 2666 intentionem,
2019 2601 2099 2654 le-

526 2704 747 2776 gislator
773 2717 835 2756 ea
856 2715 975 2769 quin
1001 2700 1144 2754 dicta
1166 2706 1296 2751 sunt
1320 2710 1550 2764 ponens,
1569 2692 1778 2747 addidit
1803 2706 1819 2744 :

596 2796 787 2850 Anima
817 2793 951 2845 enini
998 2789 1163 2842 omnis
1192 2787 1369 2840 carnis
1396 2786 1451 2838 in
1479 2784 1733 2855 sanguine
1763 2790 1857 2835 est.
1893 2779 2100 2834 Deinde

526 2889 717 2958 adjicit
744 2904 757 2940 :
794 2885 935 2940 Unde
985 2881 1093 2934 dixi
1123 2880 1248 2948 ﬁliis
1286 2877 1486 2931 Israel.
1526 2878 1582 2931 ld
1609 2885 1692 2930 est
1721 2874 1844 2929 dic:
1876 2871 1950 2926 De
1976 2888 2101 2924 san-

525 2977 682 3046 guine
727 2974 983 3028 universa:
1044 2969 1221 3022 carnis
1264 2983 1369 3020 non
1418 2965 1695 3018 comedetis
1740 2963 1865 3032 quia
1916 2961 2098 3014 anima

526 3068 702 3123 carnis
725 3068 781 3119 in
812 3064 1069 3133 sanguine
1103 3070 1176 3115 est
1204 3100 1218 3123 ,
1259 3067 1578 3113 contestans
1608 3056 1675 3109 ab
1714 3054 1864 3109 omni
1899 3051 2098 3121 iniqui-

527 3168 640 3216 tate
690 3158 974 3216 abstineri.
1010 3156 1342 3210 Contestans
1367 3163 1549 3204 autem
1594 3162 1707 3201 non
1735 3159 2010 3215 exponere
2034 3157 2096 3197 ea
2128 3124 2170 3181 (ἶ

522 3273 647 3329 quae
677 3264 865 3312 contra
886 3253 1217 3308 voluntatem
1240 3246 1530 3303 commissa
1551 3251 1681 3297 sunt
1706 3241 1934 3294 fratrum
1958 3253 2094 3306 pec-

523 3358 667 3416 cata,
698 3348 794 3403 sed
818 3347 1032 3401 tradere
1079 3352 1238 3398 terra:
1282 3340 1404 3410 ejus
1432 3336 1526 3407 qui
1561 3342 1757 3403 captus
1784 3340 1890 3393 est,
1923 3331 1979 3383 id
2014 3337 2101 3383 est

523 3444 676 3499 visus
701 3440 1044 3512 sanguinem,
1069 3433 1450 3505 cooperientes
1505 3427 1639 3483 illud
1667 3425 1826 3482 venia
1861 3433 1916 3478 et
1945 3438 2098 3477 com-

524 3532 799 3604 passione.
844 3526 1175 3597 Sanguinem
1223 3523 1367 3576 enim
1398 3518 1711 3579 comedens,
1763 3525 1819 3568 et
1863 3513 2096 3567 animam

524 3602 618 3697 qui
646 3622 891 3679 diffamat
918 3618 1172 3690 proximi,
1196 3621 1480 3685 peccatum
1510 3616 1656 3662 recte
1704 3612 1944 3675 putatur,
1972 3602 2100 3671 quia

525 3694 722 3774 animae
801 3730 950 3772 mors
1016 3722 1295 3782 peceatum
1352 3714 1436 3760 est
1484 3704 1571 3758 his
1622 3701 1715 3770 qui
1767 3698 1958 3753 volunt
2007 3694 2102 3749 lilii

524 3809 694 3865 Israel
724 3805 1012 3878 appellari,
1058 3802 1263 3870 ﬁliique
1291 3797 1383 3852 Dei
1429 3791 1776 3864 primogeniti
1808 3787 2011 3854 vocari,
2043 3795 2099 3839 et

521 3918 644 3974 qua:
671 3899 1007 3956 subinfertur
1033 3908 1249 3966 pugnam
1275 3889 1550 3957 ell'ugere;
1574 3885 1653 3940 ait
1668 3883 1849 3937 enim:

596 3994 662 4051 Et
706 3993 998 4064 quicunque
1043 3982 1321 4040 comederit
1359 3977 1515 4042 illud,
1542 3973 1797 4030 interibit.
1824 3971 1894 4064 Et
1917 3982 2097 4037 neque

522 4063 913 4146 sacerdotium,
936 4093 1117 4148 neque
1138 4076 1291 4137 ﬁdes,
1316 4085 1497 4140 neque
1517 4063 1896 4127 sanctiﬁcatio,
1917 4075 2097 4129 neque

522 4178 626 4231 alia
647 4176 826 4244 aliqua
847 4174 1039 4234 virtus,
1069 4176 1162 4222 aut
1182 4166 1435 4233 dignitas,
1460 4157 1821 4231 patrocinium
1850 4153 2097 4244 praebere

521 4266 616 4322 tali
667 4242 863 4335 potest,
900 4260 1156 4316 omnibus
1193 4257 1342 4309 enim
1396 4250 1718 4323 sanguinem
1756 4242 2097 4303 comedenti-

523 4356 648 4418 bus,
679 4351 960 4406 interitum
990 4354 1074 4401 est
1099 4345 1359 4399 minatus.

2204 1896 2258 1942 et
2310 1901 2530 1956 corpus,
2572 1888 2666 1954 qui
2701 1887 2929 1941 mundat
2972 1887 3336 1956 semetipsum
3388 1900 3607 1957 totum,
3658 1895 3705 1945 id
3724 1904 3775 1946 est

2202 1978 2519 2033 interiorem
2583 1987 3017 2047 exterioremquc
3074 1995 3235 2033 suum
3284 1981 3636 2044 hominem,
3678 1985 3765 2053 qa'a

2200 2070 2345 2124 intra
2374 2071 2695 2125 vestimenta
2725 2086 2924 2140 corpus
2958 2077 3065 2137 est,
3098 2071 3241 2125 sicut
3292 2072 3457 2126 intra
3492 2077 3770 2130 exteriores

2202 2161 2479 2215 hominem
2505 2164 2666 2215 homo
2690 2162 2781 2230 qui
2807 2161 3051 2214 interior.
3081 2160 3381 2226 Quomodo
3409 2176 3611 2218 autem
3641 2167 3770 2218 ιιι-δν

2203 2250 2303 2305 Per
2333 2252 2684 2321 baptismum,
2719 2262 2812 2305 aut
2843 2267 2938 2320 per
2966 2252 3378 2306 abundantiam
3417 2254 3767 2324 lacrymarn,

2201 2343 2531 2396 imitantium
2580 2358 2752 2412 aquas
2787 2342 3148 2411 baptismatis.
3184 2340 3296 2406 Qui
3341 2353 3552 2399 autem
3585 2348 3680 2399 hoc
3698 2364 3771 2399 ne.

2202 2435 2350 2499 facit,
2387 2435 2627 2504 portabit
2654 2435 3001 2503 iniquitatem
3031 2448 3212 2496 suam,
3252 2437 3692 2492 retributionem
3720 2455 3774 2489 ι.-

2199 2527 2397 2582 delicet
2426 2525 2732 2594 injustitire.
2769 2525 2858 2579 Sic
2890 2525 3036 2578 enim
3065 2524 3319 2580 divinam
3368 2525 3711 2597 Scriptura:
3737 2528 3774 2579 is

2202 2620 2438 2689 peccatis
2468 2618 2815 2687 potissimum
2851 2616 3144 2669 restituere
3165 2615 3445 2671 invenies
3469 2620 3774 2673 comminan-

2203 2722 2331 2777 tem,
2373 2713 2514 2764 unde
2551 2710 2805 2763 Ezechiel
2861 2709 3031 2763 Deum
3063 2710 3287 2763 induxit
3319 2712 3620 2766 dicentem
3644 2730 3658 2764 :
3682 2711 3773 2764 Non

2200 2812 2378 2872 parcet
2410 2802 2590 2855 oculus
2628 2818 2771 2855 meus
2800 2818 2958 2870 super
2988 2810 3054 2865 te,
3085 2812 3131 2854 et
3179 2818 3288 2855 non
3326 2805 3689 2867 miserebitur,
3718 2810 3777 2858 tri

2200 2896 2313 2947 vias
2356 2904 2475 2946 tuas
2502 2908 2695 2961 ponam
2724 2906 2880 2960 super
2946 2902 3015 2957 te,
3043 2903 3092 2945 et
3136 2892 3597 2950 abominatioues
3637 2908 3778 2950 tua

2201 2984 2370 3038 medio
2428 2984 2506 3036 tui
2554 2983 2782 3035 erunt".
2816 2981 2923 3035 Sed
2954 2990 3011 3035 et
3049 2981 3222 3035 Isaias
3261 2984 3454 3038 dicit:
3490 2986 3777 3041 Sacerdotes.

2204 3075 2482 3147 loquimini
2527 3075 2599 3128 ad
2639 3090 2728 3127 cor
2764 3073 3083 3140 Jerusalem,
3123 3084 3173 3128 et
3207 3079 3495 3130 advocate
3525 3095 3666 3143 eam,
3692 3084 3779 3145 quis
3808 3076 3810 3143 ἢ

2203 3169 2458 3239 completa
2490 3179 2564 3222 est
2590 3170 2797 3223 malitia
2822 3169 2959 3238 ejus,
2989 3169 3213 3222 dimissa
3246 3177 3327 3221 est
3354 3170 3631 3239 iniquitas
3654 3172 3776 3223 illius.
3808 3146 3810 3153 Ι

2201 3259 2439 3329 Suscepit
2469 3262 2532 3314 de
2562 3277 2723 3314 inanu
2748 3259 2959 3314 Domini
2985 3258 3217 3329 duplicia
3273 3275 3385 3327 pro
3416 3263 3671 3315 carnibus
3694 3278 3777 3331 ρα·
3808 3278 3810 3281 ·

2200 3352 2332 3404 catis
2356 3352 2463 3404 suis
2476 3351 2544 3403 ³⁸.

2756 3440 2985 3497 CAPUT
3025 3438 3217 3495 XVIII.

2271 3553 2434 3610 Vsus.
2467 3555 2581 3609 1-5.
2631 3572 2649 3606 ‹
2694 3555 2763 3609 Et
2797 3554 2939 3608 dixit
2967 3554 3237 3607 Dominus
3267 3544 3363 3608 ad!
3403 3554 3641 3627 Moysen
3663 3572 3679 3605 :
3701 3554 3773 3609 Lo-

2197 3661 2366 3715 quere
2409 3645 2534 3700 ﬁliis
2581 3644 2769 3710 Israel,
2802 3654 2858 3699 et
2911 3646 3062 3699 dices
3116 3644 3183 3698 ad
3216 3659 3361 3698 eos:
3400 3647 3524 3716 Ego
3559 3646 3771 3702 Domina!

2201 3738 2347 3792 Deus
2376 3746 2580 3792 vester.
2604 3737 2765 3792 Juxta
2782 3737 3239 3792 consuetudinem
3274 3746 3456 3791 terrae
3485 3738 3769 3809 Ᾱ-ἷςγρῑίῥι

2196 3843 2302 3897 qua
2350 3827 2655 3893 habitastis,
2701 3843 2812 3881 non
2842 3826 3077 3881 facietis.
3112 3825 3274 3881 Juxta
3304 3842 3542 3881 morem
3575 3826 3768 3897 regionis

2197 3917 2479 3983 Chanaan,
2512 3916 2576 3970 ad
2613 3930 2776 3977 quam
2801 3931 2903 3985 ego
2932 3915 3359 3970 introducturus
3382 3932 3517 3969 sum
3550 3933 3665 3980 vos,
3690 3930 3767 3967 nae

2197 4007 2387 4078 agetis,
2420 4022 2523 4062 nec
2548 4007 2603 4061 in
2624 4008 2884 4079 legitimis
2913 4021 3102 4061 eorum
3134 4005 3538 4061 ambulabitis.
3576 4007 3771 4061 Faciem

2204 4098 2412 4168 judicia
2448 4113 2593 4163 mea,
2621 4106 2676 4152 et
2709 4104 2979 4168 prmcepta
3012 4111 3135 4150 mea
3174 4095 3508 4162 servabitis,
3538 4108 3595 4151 et
3620 4098 3769 4151 amba-

2199 4190 2381 4245 labitis
2406 4191 2464 4244 in
2515 4190 2612 4244 eis.
2650 4188 2762 4260 Ego
2795 4188 3060 4243 Dominus
3091 4188 3237 4241 Deus
3264 4199 3487 4242 vester.
3524 4188 3767 4243 Custodit?

2197 4281 2343 4352 leges
2373 4295 2523 4335 meas
2559 4287 2721 4349 atque
2761 4277 2970 4347 judicia
2996 4296 3011 4332 :
3044 4292 3164 4347 quae
3192 4277 3413 4331 faciens
3437 4279 3631 4342 homo,
3660 4279 3763 4330 viret

2201 4388 2257 4428 ιι]
2288 4388 2388 4426 CIS.
2431 4390 2450 4423 1

592 4461 758 4516 Vlms-
807 4460 896 4522 i5.
924 4457 1011 4512 16·
1049 4475 1068 4507 ί
1111 4453 1309 4507 Anima
1353 4466 1475 4522 quae
1515 4447 1815 4504 comederit
1846 4443 2088 4500 morm"
2123 4451 2169 4506 Ῐ)
2265 4463 2536 4530 Quoniam
2571 4463 2743 4517 multa
2794 4462 2926 4526 illis,
2973 4470 3030 4516 et
3073 4459 3409 4515 diﬁ‘erenter
3439 4461 3690 4519 sancivit.
3716 4473 3760 4510 ac

522 4567 678 4616 num,
717 4556 811 4605 aut
865 4555 1082 4616 captum
1111 4560 1141 4598 a
1171 4543 1363 4609 bestia,
1399 4550 1509 4595 tam
1539 4541 1606 4595 de
1635 4538 1902 4610 indigenis
1927 4550 2093 4607 quam

524 4645 595 4701 de
647 4640 909 4703 advenis,
963 4636 1163 4693 lavabit
1212 4642 1393 4690 vestes
1446 4646 1575 4687 suas
1626 4640 1683 4685 et
1733 4629 2093 4697 semetipsum

523 4750 685 4806 aqua,
735 4741 789 4787 et
822 4730 1224 4786 contaminatus
1249 4725 1351 4780 erit
1382 4737 1558 4794 usque
1599 4721 1668 4776 ad
1700 4734 2010 4789 vesperum,
2039 4725 2096 4771 et

526 4827 631 4883 hoc
664 4824 858 4881 ordine
890 4822 1128 4877 mundus
1153 4819 1267 4874 ﬁet.
1296 4817 1452 4884 Quod
1479 4815 1526 4870 si
1555 4830 1666 4877 non
1707 4812 1904 4867 laverit
1924 4809 2094 4865 vesti-
2124 4819 2129 4825 '

523 4927 709 4975 menta
738 4933 855 4982 sua,
885 4930 990 4970 nec
1008 4927 1226 4984 corpus,
1259 4909 1501 4980 portabit
1526 4906 1867 4977 iniquitatem
1882 4915 2091 4956 suam.»

594 5011 941 5069 Morticinnm
971 5023 1091 5063 esse
1131 5014 1496 5076 peccatorem,
1551 5004 1739 5069 utpote
1784 4992 1877 5065 qui
1902 4993 2096 5048 crude-

527 5105 631 5159 lem
685 5100 893 5173 peccati
944 5098 1180 5152 sustinet
1240 5104 1519 5156 mortem,
1582 5107 1613 5145 a
1666 5088 1862 5146 bestiis
1917 5093 2095 5140 autem

476 5206 479 5207 '
525 5205 763 5266 captum,
813 5208 924 5247 non
972 5198 1182 5245 tantum
1215 5185 1558 5255 simpliciter,
1591 5183 1686 5238 sed
1719 5181 1876 5235 valde
1904 5192 2097 5248 pecca—

474 5266 483 5344 i
528 5297 728 5349 torem,
754 5285 810 5339 in
838 5292 1047 5338 tantum
1078 5290 1138 5335 ut
1182 5277 1402 5349 maligni
1438 5277 1495 5331 in
1538 5288 1605 5329 eo
1647 5281 1946 5343 operentur
1984 5271 2099 5325 dte-

474 5351 484 5444 ξ
525 5391 737 5441 mones,
769 5376 908 5430 sicut
937 5373 1040 5427 fuit
1070 5371 1256 5430 Judas,
1283 5368 1375 5438 qui
1408 5366 1627 5422 diabolo
1673 5363 2011 5435 ingrediente
2040 5365 2093 5416 in

477 5448 483 5456 ’
526 5473 689 5526 cordo
730 5485 851 5531 suo,
901 5467 1178 5521 Christum
1212 5463 1469 5522 tradidit,
1501 5461 1628 5513 olim
1659 5460 1918 5523 diximus,
1971 5475 2093 5513 cum

598 5666 642 5697 "
670 5665 787 5718 Gal.
809 5681 860 5727 γ,
884 5664 965 5716 iii.

530 5739 576 5774 ιο
617 5737 715 5787 lsa.
754 5734 916 5795 xu.,2.

1045 5666 1089 5694 ’⁸
1120 5666 1260 5719 Ρ.ς;ι1.
1304 5679 1445 5730 CXLI,
1481 5664 1533 5717 ’5.

1610 5663 1653 5694 ’⁷
1686 5661 1823 5716 Gen.
1852 5677 2006 5725 xvut,
2028 5656 2117 5714 2|.

2199 4558 2255 4612 in
2295 4556 2645 4611 multitudine
2691 4570 2881 4609 eorum
2919 4568 3042 4623 qum
3075 4554 3479 4608 sanciebantur
3542 4554 3757 4608 deﬁunt!

2199 4649 2246 4703 is
2265 4649 2358 4716 qui
2387 4646 2561 4718 legem
2587 4646 2909 4716 accipiebat,
2946 4644 3312 4700 intentionem
3341 4645 3689 4713 simpliciter,
3718 4653 3755 4693 ei

2200 4754 2313 4794 non
2342 4739 2398 4793 in
2430 4739 2587 4808 plura
2631 4737 3059 4806 discerpentem,
3085 4734 3325 4789 ostendit
3352 4752 3368 4788 :
3406 4734 3483 4787 ita
3532 4743 3595 4787 ut
3616 4736 3755 4788 scires

2201 4831 2332 4902 quid
2380 4831 2452 4884 sit
2501 4830 2907 4900 corrigendum,
2967 4839 3022 4882 et
3071 4827 3135 4881 ad
3172 4841 3332 4896 quem
3390 4826 3565 4879 ﬁnem
3602 4824 3750 4880 tential

2203 4918 2338 4988 legis
2391 4916 2717 4977 intellectus,
2766 4929 2881 4984 pra:
2931 4913 3330 4984 multiplicitate
3385 4927 3500 4965 non
3553 4911 3752 4966 deﬁciat

2207 5005 2363 5062 Sicut
2396 5006 2453 5061 hi
2477 5007 2571 5075 qui
2601 5020 2751 5059 mare
2775 5006 3057 5076 navigant,
3086 5004 3306 5074 quando
3328 5003 3401 5056 ad
3428 5002 3601 5055 ﬁnem
3636 5006 3752 5056 nari-

2203 5098 2300 5168 gii,
2331 5106 2386 5151 et
2413 5095 2482 5149 ad
2507 5095 2802 5149 terminum
2830 5102 3125 5161 cursus,et
3140 5102 3357 5163 portum
3377 5091 3576 5145 oculos
3611 5102 3761 5145 estes-
3808 5094 3810 5129 |

2203 5190 2360 5253 dunt,
2408 5186 2567 5241 facile
2614 5186 3008 5255 longitudinem
3058 5184 3253 5255 pelagi,
3311 5192 3368 5237 et
3406 5182 3532 5237 sine
3573 5182 3755 5238 deleti!

2205 5285 2558 5351 percurrunt.
2615 5276 2947 5346 Praecipiens
2996 5292 3126 5345 ergo
3165 5291 3229 5330 ea
3290 5289 3415 5344 quae
3452 5289 3610 5329 nunc
3644 5275 3753 5327 dict:

2202 5379 2350 5432 sunt,
2378 5370 2491 5438 Ego
2518 5384 2633 5423 sum
2661 5366 2916 5420 Dominus
2944 5366 3081 5420 Deus
3101 5375 3287 5429 vester,
3313 5365 3515 5434 inquit,
3547 5374 3608 5418 ut
3633 5378 3757 5417 σεῖο

2207 5473 2377 5519 torem
2411 5471 2467 5516 et
2505 5460 2800 5516 Dominum
2842 5460 3117 5516 discentes
3152 5473 3278 5512 eum
3325 5455 3421 5526 qui
3473 5455 3755 5515 mundat-it.

2197 5661 2241 5690 "
2270 5660 2388 5715 Job.
2422 5676 2529 5721 xw,
2569 5657 2648 5711 19.
2728 5657 2794 5690 ’ν
2820 5657 2952 5711 ibid.
2981 5655 3070 5709 ‘20.
3141 5658 3189 5689 ¹⁹
3229 5654 3429 5709 Ezech.
3456 5668 3557 5719 vn,
3592 5652 3688 5706 de!
3712 5646 3753 5702 9.
