3810 6318
21 276 190 343 [009

1214 282 1296 342 IN
1335 281 1775 345 LEVITICUM.
1814 308 1885 319 -
1921 285 2070 344 LIB.
2106 285 2175 345 ν.

3180 279 3317 345 1610

21 408 260 450 nmmo
289 391 470 450 studio
498 409 560 449 ea
588 408 710 466 quae
736 403 1005 466 praecepta
1040 404 1169 451 sunt
1206 397 1276 452 ab
1305 412 1393 462 eo,
1440 406 1626 452 custo-
1657 397 1702 453 A
1726 396 1944 468 JEgypti
1986 399 2032 431 “
2055 440 2071 465 ,
2114 408 2261 453 recte
2316 399 2559 453 secundo
2612 398 2944 469 judiciorum
3007 404 3316 466 praeceptu-

21 486 277 544 liamus.
349 488 443 544 Sic
496 505 625 560 ergo
693 491 994 547 sanctionis
1047 492 1215 548 totius
1266 492 1629 549 intentionem

21 582 370 650 :xplanavit.
422 582 554 651 Quae
596 593 680 639 est
708 596 891 640 autem
934 586 1088 641 haec?
1118 582 1191 641 Ut
1230 586 1299 640 ab
1330 589 1486 644 omni
1519 587 1628 642 ini-

21 675 252 743 [uitate
297 678 695 743 abstineamus,
733 688 785 735 et
818 695 940 750 quae
966 681 1187 737 virtutis
1221 692 1348 737 sunt
1380 697 1625 754 agamus,

21 775 178 821 uxta
206 770 668 825 consuetudinem
703 784 863 826 terrae
886 772 1124 844 Egypti,
1158 784 1213 829 et
1236 776 1393 844 juxta
1416 790 1626 831 morem

21 873 191 915 erras
222 858 483 916 Chanaan
508 863 644 917 nihil
673 863 876 925 facere.
914 865 994 920 sic
1032 865 1102 920 ab
1139 867 1287 920 omni
1333 866 1627 937 iniquitate

22 949 299 1007 ,bstineri
334 955 614 1025 prmcepit.
665 955 1023 1029 Septuaginta
1094 968 1277 1015 autem
1335 976 1437 1030 pro
1488 976 1625 1016 con-

27 1044 347 1109 uetndine,
386 1048 563 1101 studia
614 1048 959 1118 interpretati
1008 1061 1171 1106 sunt:
1207 1054 1333 1122 quia
1362 1053 1625 1126 malignas

22 1134 476 1203 dinventiones,
533 1147 589 1195 et
646 1140 860 1197 fabulas
909 1143 1048 1198 solet
1092 1145 1277 1199 divina
1334 1145 1623 1216 Scriptura

30 1229 316 1298 ppellare
344 1233 608 1288 malorum
634 1234 810 1288 studia
840 1253 853 1289 ε
882 1244 1070 1305 utpote
1096 1235 1384 1293 Ezechiele
1405 1239 1622 1296 dicente

21 1329 144 1375 ιοει
208 1321 530 1392 iniquitates
585 1340 723 1394 quas
804 1325 950 1382 Deus
1002 1328 1057 1382 in
1120 1331 1325 1399 templo
1373 1332 1621 1407 seniores

21 1413 191 1468 srael
251 1430 411 1483 agere
471 1418 714 1472 ostendit
747 1438 759 1473 :
788 1418 858 1473 Et
903 1421 1038 1474 dixit
1083 1423 1154 1475 ad
1188 1440 1270 1476 me
1309 1423 1563 1477 Dominus
1599 1441 1616 1477 :

21 1504 197 1566 ’ides,
247 1503 325 1574 ﬁli
370 1506 631 1561 hominis?
669 1506 736 1561 Et
792 1524 1029 1563 rursus:
1081 1510 1389 1575 Conversus,
1423 1511 1619 1567 videbis

21 1595 202 1648 tudio
241 1597 452 1665 majora
489 1598 755 1654 horum".
800 1598 915 1654 Non
947 1601 1121 1655 solum
1153 1616 1284 1673 ergo
1317 1617 1345 1656 a
1378 1601 1617 1657 fornica-

21 1688 193 1755 ione,
249 1698 302 1743 et
330 1690 587 1756 avaritia,
633 1700 689 1746 et
720 1692 999 1761 superbia,
1049 1693 1144 1748 sed
1178 1702 1234 1749 et
1259 1710 1289 1749 a
1319 1694 1615 1749 divinatio-

21 1791 145 1829 lum
220 1784 276 1831 et
334 1779 688 1848 auguriorum
750 1780 1152 1848 abjectionibus
1207 1790 1262 1835 et
1330 1782 1611 1836 veneﬁciis

21 1868 284 1937 .raacepit
328 1869 616 1933 abstineri,
680 1871 777 1926 sed
841 1879 951 1927 eta
983 1872 1177 1942 magis,
1231 1882 1286 1927 et
1337 1874 1610 1928 similibus

27 1959 177 2015 liis:
235 1960 308 2014 ita
367 1970 426 2015 ut
478 1961 689 2032 Moyses
748 1963 803 2017 in
858 1963 1290 2021 Deuteronomio
1352 1965 1604 2020 diceret:

21 2050 536 2127 Quandoingressus
568 2057 729 2126 fueris
757 2066 952 2111 terram
984 2073 1145 2127 quam
1192 2056 1448 2111 Dominus
1471 2055 1609 2110 Deus

21 2157 135 2195 uas
175 2126 375 2196 dederit
407 2145 521 2209 tibi,
554 2162 676 2200 cave
706 2163 769 2200 ne
797 2147 1001 2200 imitari
1034 2147 1159 2200 velis
1192 2145 1609 2199 abominationes

22 2232 244 2286 (larum
293 2235 547 2303 gentium,
579 2252 669 2289 nec
703 2237 1002 2290 inveniatur
1030 2238 1083 2290 in
1118 2244 1166 2289 te
1198 2236 1288 2305 qui
1317 2236 1607 2289 sciscitetur

21 2333 51 2376 τι
124 2323 366 2377 observet
393 2327 595 2380 somnia
635 2336 793 2397 atque
819 2329 1065 2396 auguria,
1108 2344 1171 2380 ne
1205 2328 1273 2381 sit
1315 2327 1602 2395 maleﬁcus.

21 2429 104 2466 rec
158 2414 483 2477 incantator,
533 2431 624 2469 nec
663 2416 911 2485 pythones
949 2414 1209 2478 consulat,
1261 2431 1354 2468 nec
1383 2416 1602 2477 divinos,

21 2521 109 2558 rec
141 2514 357 2572 quierat
412 2523 445 2558 a
492 2508 712 2560 mortuis
754 2507 1050 2560 veritatem.
1095 2506 1287 2562 Omnia
1330 2507 1464 2560 enim
1495 2508 1604 2560 haec

21 2594 420 2649 abominabitur
455 2595 724 2652 Dominus.
766 2597 953 2652 Omnes
986 2598 1075 2668 qui
1103 2598 1212 2651 haec
1239 2599 1460 2669 faciunt,
1509 2615 1603 2665 pro

21 2685 504 2740 tbominationibus
558 2687 636 2740 his
680 2687 942 2757 disperdat
983 2704 1068 2741 eos
1099 2686 1354 2740 Dominus
1375 2704 1437 2741 ea“.
1468 2696 1516 2740 te
1533 2689 1599 2741 ³¹.

21 2777 93 2832 \b
131 2778 222 2832 his
252 2793 380 2849 ergo
408 2780 672 2834 abstineri
730 2780 883 2849 prius
935 2789 1172 2850 oportet,
1227 2788 1283 2834 et
1317 2781 1395 2835 sic
1444 2780 1602 2834 nobis

21 2868 161 2923 )eus
198 2870 370 2925 dicit:
406 2871 631 2925 Facietis
660 2871 858 2935 iudicia
910 2889 1050 2937 mea,
1086 2880 1134 2925 et
1178 2880 1441 2941 praecepta
1484 2888 1599 2924 mea

21 2964 310 3026 :ervahitis,
352 2973 400 3016 et
448 2965 784 3019 ambulabitis
833 2966 888 3017 in
930 2966 1022 3027 eis,
1069 2963 1123 3017 id
1178 2971 1263 3018 est
1303 2963 1599 3017 movemini

1735 505 1927 545 rumve
1978 489 2298 547 memoriam
2346 491 2497 559 facit,
2545 502 2606 547 ut
2642 492 2741 565 illa
2800 492 3136 553 ostenderet,
3197 506 3318 558 qum

1731 589 1848 634 erat
1885 588 2075 650 postea
2122 581 2457 638 sanciturus.
2515 581 2592 638 De
2623 583 2828 653 quibus
2893 598 3043 637 nunc
3085 579 3314 636 addidit.

1801 673 1930 739 Quae
1988 676 2185 746 faciens
2216 676 2389 739 homo,
2446 678 2582 731 vivet
2626 678 2681 730 in
2734 677 2827 731 eis.
2890 676 2954 729 In
2987 674 3122 744 ipsis
3165 674 3313 727 enim

1728 780 1855 820 vera
1897 766 2005 822 vita
2051 768 2405 824 credentibus
2454 769 2509 823 in
2561 768 2843 824 Christum
2904 766 3212 838 perﬁcitur,
3248 768 3315 821 de

1728 871 1836 925 quo
1881 856 1937 911 in
1966 858 2261 928 Evangelio
2298 857 2562 913 Dominus
2608 859 2871 914 dicebat:
2925 855 3052 912 ch
3095 867 3168 911 est
3221 871 3315 910 vo-

1729 947 1904 1001 luntas
1942 947 2121 1002 Patris
2164 950 2288 1011 mei,
2344 957 2401 1001 ut
2442 949 2611 1002 omnis
2657 948 2748 1019 qui
2794 948 2934 1002 videt
2992 944 3211 1007 Filium,
3265 950 3312 996 et

1726 1036 1890 1090 credit
1951 1037 2004 1089 in
2059 1054 2218 1101 eum,
2287 1037 2476 1091 habent
2522 1038 2686 1092 vitam
2733 1046 2987 1092 wternam
3026 1036 3092 1089 “.
3142 1032 3311 1087 Valde

1725 1144 1855 1199 ergo
1916 1128 2313 1184 rationabiliter
2366 1130 2609 1185 secundo
2665 1129 2834 1187 dicit:
2886 1128 2999 1199 Ego
3054 1127 3309 1182 Dominus

1725 1217 1864 1272 Deus
1911 1231 2096 1274 vester.
2153 1219 2481 1275 Contestans
2519 1221 2646 1290 quia
2693 1221 2811 1290 ipse
2864 1219 3131 1274 Dominus
3170 1260 3184 1284 ,
3253 1224 3310 1271 et

1723 1310 1902 1380 priora
1947 1311 2149 1380 judicia
2175 1350 2190 1375 ,
2242 1312 2328 1366 vel
2386 1321 2697 1383 praecepta,
2740 1319 2796 1367 et
2842 1310 3143 1381 posteriora
3179 1324 3312 1364 san-

1723 1402 1877 1466 civit,
1904 1419 2026 1472 quae
2052 1403 2144 1472 qui
2184 1402 2379 1459 fecerit
2422 1405 2567 1460 vivet
2608 1404 2663 1458 in
2703 1403 2804 1459 eis.
2848 1402 2983 1457 Nam
3028 1400 3306 1472 prioribus

1718 1494 1983 1563 judiciis,
2040 1500 2096 1549 et
2132 1496 2465 1567 praeceptis,
2529 1495 2651 1551 vide
2704 1495 2834 1566 quid
2903 1494 3129 1549 addidit.
3191 1495 3306 1563 Ego

1722 1585 1996 1641 Dominus.

1788 1676 1949 1734 Vens.
1982 1677 2135 1733 6-17.
2170 1697 2188 1730 t
2229 1677 2420 1734 Omnis
2454 1680 2619 1735 homo
2647 1680 2714 1735 ad
2748 1679 3053 1750 proximam
3087 1678 3305 1747 sangui-

1718 1770 1804 1825 nis
1831 1772 1913 1825 sui
1954 1787 2064 1826 non
2094 1771 2337 1835 accedet,
2369 1783 2431 1827 ut
2469 1774 2679 1828 revelet
2725 1772 3130 1842 turpitudinem
3154 1771 3296 1841 ejus.

1720 1857 1829 1930 Ego
1861 1860 2144 1914 Dominus.
2198 1859 2618 1930 Turpitudinem
2671 1862 2842 1931 patris
2881 1863 2981 1925 tui,
3024 1870 3080 1917 et
3120 1861 3297 1931 turpi-

1719 1950 1963 2005 tudinem
2020 1951 2212 2005 matris
2248 1960 2355 2006 tute
2392 1967 2503 2005 non
2554 1950 2967 2021 diseooperies:
2999 1960 3177 2005 mater
3205 1960 3297 2005 tua

1716 2050 1820 2106 est,
1859 2057 1969 2095 non
2022 2042 2293 2098 revelabis
2340 2041 2738 2111 turpitudinem
2782 2043 2925 2113 ejus.
2972 2043 3297 2112 Turpitudi-

1714 2148 1839 2186 nem
1872 2134 2058 2189 uxoris
2106 2135 2280 2203 patris
2312 2135 2388 2189 tui
2421 2150 2532 2189 non
2592 2134 2981 2205 discooptries,
3017 2136 3296 2205 turpitudo

1714 2224 1858 2278 enim
1903 2226 2074 2294 patris
2120 2225 2196 2279 tui
2244 2235 2346 2280 est.
2389 2224 2809 2295 Turpitudinem
2861 2225 3064 2280 sororis
3092 2234 3199 2281 tute
3227 2240 3296 2281 ex

1711 2326 1867 2385 patre
1915 2316 2002 2371 vel
2042 2332 2108 2371 ex
2142 2325 2314 2371 matre
2362 2333 2483 2387 quae
2521 2317 2669 2371 domi
2714 2316 2801 2370 vel
2843 2317 2977 2373 foris
3005 2317 3186 2388 genita
3207 2324 3294 2373 est

1712 2423 1823 2461 non
1885 2409 2171 2464 revelabis.
2228 2407 2649 2479 Turpitudinem
2704 2408 2829 2463 filias
2889 2408 2985 2463 lilii
3042 2408 3144 2475 tui,
3205 2408 3292 2464 vel

1710 2498 1890 2567 neptis
1915 2513 1980 2552 ex
2011 2498 2137 2565 ﬁlia,
2158 2513 2265 2553 non
2288 2498 2574 2565 revelabis,
2606 2500 2733 2569 quia
2761 2499 3037 2569 turpitudo
3064 2509 3156 2555 tua
3184 2508 3290 2557 est.

1711 2589 2129 2658 Turpitudinem
2171 2591 2296 2645 [Iliae
2329 2590 2513 2646 uxoris
2543 2591 2715 2661 patris
2741 2591 2841 2657 tui,
2874 2607 3036 2661 quam
3074 2592 3289 2662 peperit

1708 2682 1847 2749 patri
1880 2691 1994 2747 tuo,
2036 2691 2092 2736 et
2120 2691 2205 2737 est
2229 2696 2383 2736 soror
2409 2692 2522 2747 tua,
2558 2698 2671 2736 non
2701 2682 2989 2737 revelabis.
3020 2681 3291 2752 Turpitu-

1708 2774 1891 2828 dinem
1949 2775 2156 2830 sororis
2202 2775 2378 2845 patris
2430 2774 2510 2828 tui
2572 2789 2681 2828 non
2738 2773 3128 2843 discooperies,
3162 2772 3290 2843 quia

1708 2879 1835 2919 caro
1887 2874 1970 2919 est
2007 2866 2180 2936 patris
2225 2865 2324 2919 tui.
2364 2863 2784 2934 Turpitudinem
2828 2865 3009 2934 patrui
3062 2864 3141 2919 tui
3172 2879 3286 2919 non

1705 2958 1995 3020 revelabis,
2050 2972 2153 3012 nec
2201 2957 2426 3013 accedes
2463 2956 2530 3010 ad
2581 2971 2808 3010 uxorem
2862 2956 3001 3026 ejus,
3034 2971 3154 3026 quas
3185 2956 3287 3013 tibi

21 3065 61 3108 et
108 3055 517 3109 convcrsamini
588 3055 644 3108 in
698 3054 797 3118 eis,
864 3063 920 3109 et
970 3054 1121 3108 nullo
1195 3062 1439 3123 tempore
1501 3068 1672 3134 νει-ο
1705 3048 1966 3104 alIlnitate
2022 3048 2390 3118 coujungitur.
2469 3045 2891 3116 Turpitudinem
2952 3064 3125 3102 nurus
3180 3056 3289 3104 tuae

21 3144 149 3198 :ctis
209 3144 280 3198 ab
339 3159 528 3198 eorum
590 3144 953 3200 correctione.
1001 3143 1212 3199 Deinde
1242 3159 1435 3198 rursus
1467 3142 1597 3198 sub-

21 3236 156 3290 lidit
196 3252 213 3290 :

72 3329 201 3398 Ego
247 3327 504 3382 Dominus
557 3327 700 3383 Deus
743 3336 929 3382 vester.
989 3325 1258 3381 Custodite
1284 3324 1419 3392 leges
1452 3338 1597 3377 meas

21 3429 176 3490 itque
200 3420 430 3490 judicia,
458 3436 574 3488 qua:
602 3420 802 3491 faciens
829 3420 1001 3482 homo,
1031 3420 1166 3472 vivet
1195 3418 1253 3471 in
1290 3419 1383 3472 eis.
1408 3415 1601 3471 Absti-

21 3522 214 3567 tentes
272 3527 373 3567 nos
414 3513 565 3582 prius
614 3512 683 3566 ab
731 3509 1233 3565 abominationibus
1283 3523 1407 3578 qua:
1435 3506 1594 3563 dicta:

22 3613 164 3666 sunt,
213 3604 339 3674 quia
387 3620 495 3660 non
545 3610 631 3658 est
670 3602 1023 3672 participatio
1069 3600 1299 3670 justitim
1327 3615 1452 3676 cum
1482 3601 1593 3654 ini-

21 3696 269 3765 Iuitate,
327 3710 504 3764 neque
553 3693 774 3748 luminis
827 3693 1063 3763 societas
1120 3691 1188 3745 ad
1249 3692 1587 3757 tenebras”,

21 3800 193 3856 neque
242 3785 418 3853 placet
466 3784 515 3837 ei
558 3792 619 3837 ut
663 3783 752 3851 qui
822 3782 1023 3853 gentile
1071 3780 1353 3849 quodlibet
1390 3780 1588 3833 malum

21 3877 563 3943 rbservationemque
613 3875 840 3937 studet,
892 3872 1113 3942 gloriari
1177 3871 1246 3926 de
1297 3872 1435 3942 legis
1494 3872 1587 3927 Dei

27 3971 242 4028 cientia
287 3970 503 4032 debeat,
537 3976 669 4022 tunc
707 3966 925 4021 demum
965 3964 1190 4033 judiciis
1223 3963 1317 4018 Dei
1371 3973 1589 4018 utamur

21 4074 55 4119 ει
90 4062 413 4134 prteceptis.
451 4059 642 4124 Qualia
674 4067 854 4112 autem
898 4056 1009 4110 sint
1045 4055 1276 4121 judicia,
1315 4063 1371 4108 et
1408 4054 1587 4122 qualia

21 4165 308 4224 trzecepta,
359 4169 479 4224 quas
530 4152 737 4206 faciens
780 4151 947 4205 homo
992 4148 1139 4203 vivet
1181 4147 1236 4200 in
1283 4145 1385 4210 eis,
1426 4154 1487 4199 ut
1527 4154 1586 4200 tu

21 4263 313 4322 :ognoscas
365 4246 491 4316 quia
528 4260 635 4299 non
668 4241 778 4297 Deo
822 4242 1013 4304 donas,
1046 4240 1309 4295 obediens
1333 4238 1435 4307 legi
1468 4238 1586 4305 ejus

21 4352 58 4396 ξι
114 4342 398 4409 complens
454 4337 574 4405 ejus
626 4335 829 4406 judicia
873 4341 929 4387 et
991 4339 1285 4401 praecepta,
1327 4332 1422 4385 sed
1457 4331 1584 4385 tibi-

1709 3155 1820 3194 non
1846 3139 2145 3203 revelabis,
2179 3139 2306 3207 quia
2327 3152 2466 3192 uxor
2496 3136 2589 3191 lilii
2622 3138 2699 3192 tui
2729 3146 2834 3203 est,
2865 3153 2970 3193 nee
3000 3138 3287 3209 discoope-

1708 3226 1816 3281 ries
1841 3225 2195 3296 ignominiam
2245 3226 2385 3295 ejus.
2414 3225 2833 3294 Turpitudinem
2880 3227 3070 3283 uxoris
3099 3227 3287 3284 fratris

1707 3317 1786 3370 tui
1839 3331 1949 3371 non
1996 3316 2288 3381 revelabis,
2336 3317 2463 3386 quia
2497 3316 2781 3386 turpitudo
2823 3316 3012 3372 fratris
3045 3317 3122 3372 tui
3176 3329 3280 3374 est.

1707 3404 2123 3473 Turpitudinem
2209 3406 2395 3460 uxoris
2456 3415 2602 3473 tua),
2672 3415 2727 3461 et
2787 3407 2910 3461 tiliae
2993 3408 3114 3478 ejus
3169 3423 3284 3464 non

1704 3498 1992 3554 revelabis.
2029 3498 2218 3552 Filiam
2261 3498 2355 3552 ﬁlii
2385 3499 2526 3568 ejus.
2566 3508 2622 3555 et
2656 3499 2822 3554 tiliam
2867 3499 2993 3555 ﬁliae
3018 3500 3139 3570 ejus
3168 3517 3280 3556 non

1703 3601 1907 3652 sumes,
1938 3594 1998 3640 ut
2030 3586 2240 3640 reveles
2269 3586 2624 3657 ignominiam
2655 3588 2798 3657 ejus,
2825 3588 2953 3658 quia
2975 3603 3106 3645 caro
3136 3589 3281 3645 iilius

1702 3688 1849 3733 sunt.
1888 3697 1907 3730 ι

1769 3768 1925 3834 Quod
1966 3785 2079 3824 non
2130 3767 2467 3839 negligenda
2499 3769 2611 3823 sint
2667 3784 2730 3823 ea
2766 3768 2895 3839 quas
2933 3771 3275 3839 sanciuntur,

1700 3859 2048 3915 manifestum
2099 3866 2184 3914 est
2212 3873 2278 3914 ex
2306 3874 2373 3914 eo
2401 3860 2545 3929 quod
2573 3860 2770 3914 iterum
2800 3861 2936 3917 dixit
2969 3877 2984 3914 :
3026 3861 3137 3932 Ego
3169 3863 3277 3917 Do-

1699 3952 1889 4004 minus.
1927 3949 2080 4005 Facit
2116 3961 2298 4003 autem
2335 3951 2442 4004 hoc
2469 3950 2682 4020 Moyses
2705 3991 2719 4016 ,
2755 3951 2867 4006 imo
2912 3952 3144 4022 spiritus
3181 3954 3276 4023 qui

1698 4042 1754 4095 in
1789 4056 1856 4096 eo
1898 4041 2241 4111 loquebatur,
2283 4049 2344 4096 ut
2367 4056 2475 4095 non
2517 4041 2938 4111 despicerentur
2969 4059 3092 4113 quae
3118 4046 3274 4102 dice-

1696 4134 1916 4200 bantur,
1959 4133 2266 4189 dicentibus
2292 4133 2643 4203 quibusdam,
2686 4133 2812 4203 quia
2843 4133 3090 4202 Moyseos
3121 4146 3270 4193 sunt.

1694 4225 1817 4281 Non
1862 4234 1993 4281 sunt
2034 4234 2216 4281 autem
2251 4226 2372 4296 ejus
2411 4226 2532 4280 haec
2577 4240 2701 4296 qua:
2727 4226 3146 4297 praecipiuntur,
3177 4230 3271 4285 sed

1694 4321 1813 4387 Dei,
1870 4337 1994 4377 eum
2031 4336 2380 4393 summopere
2424 4321 2568 4391 quod
2597 4323 2879 4377 inventum
2908 4332 2994 4378 est
3027 4324 3270 4380 studium

21 4435 265 4504 netipsi:
319 4442 375 4487 tu
411 4431 559 4487 enim
604 4428 657 4483 in
716 4427 795 4482 eis
836 4426 1007 4488 vives,
1039 4423 1335 4478 virtutibus
1360 4438 1584 4493 cperam
1621 4429 1660 4482 ε)
1689 4414 1995 4469 adhibitum
2036 4414 2128 4478 sit,
2162 4421 2224 4467 ut
2264 4414 2445 4504 littera
2480 4429 2670 4468 eorum
2718 4423 3161 4478 conservaretur,
3213 4427 3271 4472 et

21 4525 163 4590 lans,
214 4540 311 4595 per
347 4538 486 4592 quas
533 4528 737 4576 aeterna
769 4517 889 4571 vita'
922 4513 1238 4569 hominibus
1274 4521 1585 4583 praestatur.

21 4617 114 4672 ἰοί]
150 4616 320 4685 qumri
366 4610 800 4683 pertractarique
851 4607 1076 4676 dignum
1110 4612 1193 4658 est
1260 4620 1358 4659 cur
1387 4603 1445 4657 in
1475 4619 1588 4658 uno

21 4724 125 4765 oco
154 4708 292 4776 legis
336 4704 421 4759 bis
453 4703 612 4764 dixit,
654 4699 768 4754 ﬁeri
815 4697 1018 4767 judicia
1063 4710 1181 4758 sua,
1216 4703 1273 4749 et
1314 4704 1585 4764 praecepta

21 4816 102 4855 tua
162 4794 472 4857 custodiri?
524 4791 622 4847 Vel
674 4806 773 4845 cur
822 4789 911 4843 bis
959 4786 1126 4852 dicat,
1166 4785 1282 4854 Ego
1321 4784 1585 4840 Dominus

22 4893 188 4948 )eus?
217 4876 456 4944 Putasne
478 4885 671 4942 eadem
690 4882 942 4937 iterando
958 4880 983 4932 ?
1007 4878 1365 4932 Nullatenus:
1398 4876 1582 4931 brevis

21 4992 90 5040 ast
140 4983 289 5037 enim
327 4981 506 5035 omnis
534 4977 714 5032 divina
764 4973 1078 5042 Scriptura;
1116 4968 1578 5023 maximetamen

22 5068 410 5140 tielegislator.
440 5067 583 5122 sicut
607 5052 700 5135 qui
728 5063 898 5118 multa
928 5060 1177 5112 dicturus
1204 5065 1343 5117 erat,
1373 5054 1477 5108 fuit
1512 5056 1580 5110 de

22 5162 276 5217 trevitate
327 5157 645 5211 sollicitus:
691 5155 815 5224 quia
858 5153 967 5207 duo
1023 5156 1151 5204 sunt
1208 5153 1529 5201 testamenta
1561 5188 1577 5211 ,

21 5252 178 5309 Vetus
206 5259 257 5305 ct
302 5249 537 5311 Novum,
571 5246 719 5299 unde
747 5254 802 5300 et
859 5244 981 5313 ipse
1016 5255 1117 5311 per
1154 5237 1449 5295 Jeremiam
1487 5238 1574 5291 di-

21 5347 121 5401 tit:
156 5344 305 5399 Dabo
338 5338 477 5393 vobis
509 5345 873 5390 testamentum
921 5350 1130 5393 novum,
1162 5348 1267 5387 non
1292 5331 1577 5384 secundum

21 5440 377 5490 festamentum
444 5425 581 5496 quod
622 5425 739 5477 dedi
785 5422 1022 5491 patribus
1054 5421 1256 5481 vestris,
1283 5420 1341 5472 in
1368 5419 1451 5471 die
1478 5435 1583 5484 qua

21 5524 326 5598 apprehendi
358 5534 572 5574 manum
596 5534 795 5580 eorum,
826 5524 882 5568 ut
912 5515 1177 5568 educerem
1202 5512 1319 5565 illos
1345 5511 1407 5564 de
1438 5520 1579 5563 terra

80 5674 120 5707 “
152 5667 492 5727 Ezech.vm,
528 5660 613 5715 15.
719 5659 761 5690 ³¹
800 5656 952 5710 Deut.
995 5670 1142 5717 xvtu,
1187 5651 1343 5708 9-19..

21 5741 100 5809 59,
131 5743 216 5796 to.

1452 5650 1496 5681 ³³
1522 5648 1563 5703 ll
1586 5647 1713 5703 Cor.
1759 5663 1833 5713 v1,
1871 5646 1954 5699 Η.

1690 4505 1947 4573 spiritalis
1987 4504 2320 4559 intellectus.
2365 4501 2519 4559 Unde
2546 4514 2732 4559 nostra
2772 4505 3063 4561 translatio
3088 4506 3267 4561 dicit:

1689 4595 1880 4650 Omnis
1909 4597 2072 4652 homo
2096 4596 2162 4650 ad
2187 4595 2490 4665 proximam
2534 4595 2821 4666 sanguinis
2849 4596 2937 4650 sui
2972 4612 3084 4651 non
3105 4612 3267 4651 acce-

1687 4685 1799 4752 det,
1852 4694 1913 4739 ut
1970 4685 2173 4740 revelet
2229 4685 2627 4752 turpitudinem
2680 4684 2822 4750 ejus.
2906 4684 3264 4754 Septuaginta

1683 4778 1890 4831 edunt:
1925 4777 2110 4836 Homo,
2173 4776 2323 4827 homo
2362 4777 2433 4827 ad
2467 4790 2673 4827 omnem
2705 4774 3055 4827 domesticam
3083 4778 3265 4829 carnis

1684 4868 1847 4936 ipsius
1893 4882 1996 4918 non
2041 4865 2271 4926 accedet,
2320 4870 2381 4916 ut
2419 4863 2630 4931 aperiat
2675 4863 3077 4929 turpitudinem.
3126 4864 3262 4919 Pro-

1682 4968 1870 5028 pterea
1898 4955 2140 5011 secundo
2179 4954 2446 5021 dicentes,
2494 4955 2646 5008 homo
2673 4954 2848 5013 homo.
2894 4963 2956 5007 ut
2993 4956 3262 5023 quemad-

1682 5051 1900 5105 modum
1954 5057 2038 5104 est
2094 5048 2261 5103 homo
2309 5046 2530 5117 duplex,
2575 5045 2653 5102 sic
2694 5044 3077 5113 intelligantur
3107 5055 3279 5102 erea-

1679 5157 1802 5211 quae
1830 5140 2149 5195 sanciuntur
2174 5154 2297 5193 esse
2318 5137 2552 5202 duplicia
2578 5180 2594 5204 ,
2626 5147 2992 5208 oportereque
3021 5149 3077 5195 et
3101 5151 3259 5196 exte-

1682 5235 1879 5287 riorem
1908 5247 2099 5287 eorum
2131 5230 2347 5294 faciem,
2379 5239 2436 5283 et
2466 5230 2783 5283 interiorem
2817 5243 3008 5284 eorum
3034 5229 3256 5294 faciem,

1684 5334 1739 5380 et
1766 5325 2081 5379 interiorem
2105 5321 2621 5390 contemplationem
2643 5320 2942 5385 custodire,
2977 5329 3039 5377 ut
3060 5337 3256 5394 magna
3346 5346 3363 5365 ο

1688 5422 1945 5482 rectaque
1998 5413 2085 5466 lex
2120 5410 2447 5466 exteriorem
2487 5409 2915 5478 interioremque
2962 5422 3257 5481 componat

1689 5506 1986 5560 hominem.
2041 5500 2149 5557 Sed
2203 5516 2267 5555 ea
2313 5501 2533 5570 quidem
2581 5516 2704 5569 qua:
2730 5500 2862 5556 foris
2896 5511 2981 5557 est
3011 5502 3148 5573 legis
3172 5503 3255 5557 fa-

2071 5641 2115 5672 "
2144 5642 2344 5696 Jcrcm.
2378 5654 2539 5705 χιιι,
2582 5639 2671 5704 5t,
2706 5638 2793 5696 5‘2.
2900 5642 2945 5675 ³⁸
2973 5641 3129 5696 Joan.
3174 5658 3252 5708 ν’,
