3810 6318
495 341 626 410 1311

1686 345 2045 423 HESYCHII
2084 346 2550 406 PRESBYTER!

3650 330 3749 395 illi!

491 469 623 525 cies.
662 465 942 533 Proximos
969 465 1232 535 sanguine
1261 463 1487 533 nuptiali
1523 462 1668 535 coitu
1702 463 1914 535 misceri
1950 478 2071 532 pro-
2103 470 2143 525 Α
2176 474 2258 518 tos
2318 462 2678 529 cnumeravit,
2734 477 2858 516 cum
2912 458 3223 515 carnalibus
3282 464 3339 510 et
3390 453 3528 508 illos
3574 460 3753 520 oportet

501 556 689 617 bibet”
726 555 852 624 quia
908 563 963 608 et
1014 554 1117 607 hoc
1164 553 1387 607 tenebat
1413 551 1555 621 apud
1582 560 1789 621 gentes,
1841 567 2071 620 quarum

497 658 692 715 terram
731 648 783 700 in
818 647 1186 719 iimreilitatem
1213 648 1373 703 Jesus
1397 631 1627 711 accepit.
1665 643 1868 701 Servus
1893 657 2073 699 autem

495 740 795 796 carnalium
842 724 1182 808 voluptatum
1229 737 1391 791 Israel
1433 746 1571 797 erat.
1612 737 1687 789 ita
1719 746 1780 791 ut
1817 736 2072 803 Moabiti-

495 848 587 903 cas
618 832 876 885 mulieres
896 829 1293 893 desiderantes,
1325 828 1665 898 Beelphegor
1702 828 1846 887 idolo
1875 828 2070 880 immo-

494 924 692 994 lareut,
725 920 871 1007 quod
909 920 978 992 ab
1004 920 1137 990 ipsis
1168 921 1451 974 colebatur
1479 920 1543 983 ³⁸,
1577 928 1632 973 et
1666 929 1949 978 accusaret
1976 933 2070 972 eos

490 1014 650 1077 Osee,
679 1028 741 1066 ac
770 1012 978 1068 diceret
1013 1012 1080 1066 dc
1105 1012 1185 1065 eis
1212 1030 1224 1064 :
1285 1011 1478 1065 Omnes
1517 1010 1899 1076 adulterantes,
1929 1010 2066 1065 sicut

490 1106 724 1157 clibanus
746 1105 936 1170 ardens
954 1105 1020 1157 ³⁷.
1066 1103 1133 1156 Et
1181 1103 1382 1156 iterum
1416 1101 1560 1155 Deus
1594 1101 1675 1156 sic
1702 1100 1769 1155 ad
1795 1115 1890 1154 eos
1915 1099 2069 1153 dice-

490 1205 604 1250 ret:
638 1196 759 1249 Non
783 1197 1003 1250 visitabo
1029 1213 1188 1265 super
1211 1195 1355 1263 ﬁlias
1386 1207 1605 1261 vestras,
1633 1195 1758 1248 dum
1793 1193 2070 1264 fornicata:

488 1291 702 1361 fuerint,
758 1301 808 1344 et
865 1308 1023 1358 super
1059 1307 1277 1358 sponsas
1333 1300 1550 1352 vestras,
1611 1305 1729 1341 cum
1756 1287 2069 1341 adulterata:

488 1384 767 1455 fuerint”,
815 1384 1077 1453 quoniam
1125 1382 1233 1452 ipsi
1274 1398 1398 1449 cum
1448 1380 1830 1443 meretricibus
1877 1393 2067 1433 versa-

486 1477 708 1551 bantur,
765 1485 820 1530 et
875 1492 1001 1530 cum
1054 1475 1381 1530 effeminatis
1445 1473 1840 1539 sacriﬁcabant.
1880 1469 1985 1523 Sed
2015 1478 2070 1523 et

486 1567 749 1622 Jeremias
801 1569 933 1622 dicit
972 1568 1041 1622 ad
1084 1577 1252 1622 totam
1297 1566 1635 1621 Jerusalem:
1687 1565 1870 1618 Facies
1899 1579 2067 1616 mere-

490 1663 635 1728 tricis
663 1664 806 1732 facta
844 1670 917 1715 est
953 1662 1126 1717 tibi”.
1157 1660 1311 1716 Unde
1350 1670 1405 1715 et
1447 1660 1527 1714 eis
1566 1658 1824 1713 mulieres
1869 1656 2068 1710 multas

489 1754 736 1823 accipere
777 1765 1111 1824 prmceptum
1153 1762 1291 1818 erat,
1341 1761 1402 1806 ut
1446 1767 1544 1821 per
1597 1751 1701 1804 hoc
1764 1750 1957 1804 saltem
1999 1748 2068 1801 ab

489 1846 790 1909 alienarum
842 1846 1134 1900 mulierum
1186 1842 1668 1907 fornicationibus,
1701 1851 1756 1896 et
1785 1840 2070 1895 adulteriis

490 1940 847 2008 abstinerent.
878 1939 1005 1993 Ideo
1048 1954 1176 2008 ergo
1225 1952 1373 1991 nunc
1404 1937 1627 2007 longum
1674 1933 1920 1989 extendit
1950 1948 2071 1986 ser-

489 2048 730 2097 monem,
784 2041 839 2087 et
890 2041 1269 2103 generationes
1326 2047 1422 2100 per
1454 2030 1701 2084 ordinem
1730 2026 2070 2096 exsequitur,

490 2126 690 2195 quibus
735 2125 1018 2180 continere
1062 2139 1121 2177 se
1161 2123 1394 2177 debeant
1442 2137 1472 2175 a
1520 2120 1903 2175 commistione
1934 2133 2069 2172 con-

491 2218 730 2287 cubitus,
752 2215 1108 2286 praecipiens.
1146 2214 1217 2269 Ut
1251 2213 1568 2268 ostenderet
1599 2212 1913 2267 mandatum
1951 2225 2072 2264 esse

491 2309 887 2373 necessarium,
922 2307 1065 2375 ipsas
1097 2306 1452 2376 cognationes
1483 2302 1816 2365 dinumerat,
1845 2300 1901 2352 in
1932 2313 2071 2352 enu-

490 2401 855 2456 merationem
889 2412 1107 2453 causam
1167 2395 1467 2453 sanctionis
1503 2393 1880 2463 manifestans,
1924 2389 2070 2459 quod

492 2493 698 2555 studet,
759 2501 818 2545 ut
862 2506 970 2563 non
1036 2488 1444 2549 confundantur
1511 2483 1921 2555 generationes,
1972 2496 2075 2541 nec

493 2586 811 2655 dispeream
842 2581 1206 2649 haereditates,
1250 2593 1427 2648 neque
1468 2576 1631 2630 frater
1667 2584 1722 2635 et
1748 2583 1904 2644 pater
1929 2572 2071 2627 idem

495 2676 673 2742 ﬁeret,
728 2674 1088 2743 ejusdemque
1148 2680 1297 2725 esset
1347 2685 1480 2723 uxor
1508 2677 1563 2722 et
1602 2677 1796 2721 mater.
1835 2665 2075 2732 Utraque

496 2769 644 2834 enim
698 2768 814 2821 haec
854 2764 1201 2827 eveniebant,
1229 2763 1272 2815 si
1302 2760 1550 2821 eamdem
1580 2774 1805 2815 uxorem
1840 2766 1994 2826 pater
2021 2765 2077 2811 et

497 2860 642 2913 ﬁlius
672 2857 1014 2920 habuissent,
1061 2869 1126 2909 ex
1155 2867 1330 2922 eaque
1381 2851 1521 2905 ﬁlios
1564 2855 1966 2921 procreasscnt.
1996 2844 2077 2901 Ex

496 2953 611 3007 tilio
665 2951 809 3005 enim
870 2947 1104 3017 genitus,
1158 2954 1265 2999 tam
1304 2952 1511 3014 patrem
1559 2943 1861 3014 genitorem
1892 2953 2076 3004 suum,

498 3059 661 3113 quam
705 3042 929 3096 fratrem
980 3039 1166 3097 habet,
1216 3037 1418 3106 quippe
1462 3035 1553 3113 qui
1586 3049 1651 3088 ex
1677 3048 1740 3087 ea
1780 3040 1941 3085 natus
1971 3038 2073 3095 est,

2177 558 2370 627 accipi.
2398 557 2474 611 De
2501 557 2699 626 quibus
2721 551 2922 609 Paulus
2952 550 3085 607 dicit
3109 569 3123 604 :
3157 547 3484 602 Sermonem
3520 557 3594 594 ne
3616 541 3753 592 intra~

2176 653 2402 720 paveris,
2434 652 2526 704 sed
2561 650 2770 703 obsecra
2820 655 2877 700 ut
2914 654 3140 714 patrem,
3180 640 3416 709 juvenes
3470 642 3543 688 ut
3571 635 3751 702 fratres.

2177 760 2310 796 unus
2364 752 2421 795 ut
2472 751 2686 805 matres,
2741 736 3053 807 juvenculas
3096 743 3155 786 ut
3188 745 3407 786 sorores
3444 726 3521 778 “.
3548 720 3551 723 ’
3577 724 3750 777 Deinde

2175 845 2427 891 cunctam
2485 835 2661 897 nobis,
2718 833 2807 902 qui
2863 830 3051 885 ﬁdeles
3092 840 3308 887 sumus,
3354 835 3493 876 cum
3521 816 3749 870 omnibus

2174 928 2265 998 qui
2309 927 2554 997 ejusdem
2583 933 2710 979 sunt
2745 922 2891 987 fidei,
2924 919 3252 988 conquirere
3286 911 3543 981 cupiens
3578 924 3746 977 cogna-

2175 1021 2404 1083 tionem,
2450 1019 2528 1072 sic
2558 1031 2747 1070 rursus
2776 1013 2913 1069 dicit
2942 1009 3136 1067 :Multi
3169 1022 3335 1060 unum
3368 1017 3578 1069 corpus
3600 1016 3747 1051 ηιιιι

2173 1112 2229 1163 in
2258 1110 2484 1174 Christo,
2507 1106 2700 1176 singuli
2743 1112 2943 1167 autem,
2993 1099 3130 1153 alter
3183 1095 3417 1148 alterius
3452 1089 3745 1143 membra“.

2172 1202 2328 1257 Unde
2364 1210 2416 1255 et
2460 1199 2708 1269 impium,
2755 1194 2998 1250 revelare
3022 1188 3319 1259 cujuslibet
3376 1183 3746 1254 praedictorum

2175 1293 2591 1363 turpitudinem,
2618 1287 2940 1359 appellavit,
2974 1283 3100 1352 quia
3122 1277 3397 1350 spiritalis
3425 1275 3747 1345 cognationis

2173 1383 2548 1455 praevaricatio
2579 1381 2646 1434 ad
2681 1378 2966 1434 Dominum
2990 1373 3184 1436 tendit,
3212 1378 3526 1441 postquam
3553 1381 3672 1420 cum
3698 1375 3775 1417 eo“

2174 1479 2440 1533 habemus
2486 1474 2867 1545 cognationem
2929 1467 3161 1523 vinculis
3207 1461 3635 1534 spiritualibus.
3666 1458 3751 1511 Ye-

2174 1579 2479 1625 rumtamen
2508 1582 2577 1620 ne
2624 1565 2728 1618 hoc
2771 1558 3048 1632 praeterire
3094 1561 3317 1625 oportet
3361 1566 3503 1622 eum
3550 1547 3645 1617 qui
3686 1547 3752 1599 di-

2173 1664 2406 1733 ligenter
2437 1658 2730 1713 meditatur
2753 1653 2886 1724 legis
2914 1648 3151 1719 eloquia,
3174 1645 3302 1715 quia
3329 1641 3655 1698 secundum
3682 1637 3754 1691 Se—

2172 1730 2454 1825 ptuaginta
2476 1751 2663 1805 decem
2701 1746 2966 1818 graduum
3003 1737 3355 1811 cognationis
3389 1746 3690 1788 numerum
3712 1730 3753 1781 is

2175 1824 2430 1918 praesenti
2474 1841 2655 1912 posuit
2711 1836 3029 1909 legislator,
3083 1832 3240 1900 cujus
3302 1825 3539 1881 numeri
3598 1824 3751 1877 omnia

2175 1912 2429 1990 inundata
2476 1938 2604 1986 sunt
2634 1929 2792 1997 legis,
2816 1924 3115 1980 ostendens
3138 1921 3270 1990 quia
3300 1916 3575 1987 quisquis
3608 1912 3752 1981 turpi-

2174 2026 2418 2081 tudinem
2468 2022 2693 2083 revelat,
2749 2016 3067 2077 carnalium,
3101 2009 3514 2081 spiritualium,
3566 2006 3652 2058 vel
3681 2019 3753 2057 co-

2174 2128 2484 2189 gnatorum,
2526 2113 2693 2166 totius
2720 2109 2852 2179 legis
2882 2105 3161 2160 invenitur
3192 2115 3321 2156 esse
3367 2110 3748 2168 transgressu:

2174 2208 2387 2278 Quare?
2410 2206 2536 2277 quia
2575 2204 2812 2257 alienum
2857 2206 2942 2253 est
2969 2213 3000 2251 a
3034 2195 3303 2251 charitate
3336 2191 3497 2260 quod
3523 2190 3640 2259 agit
3660 2203 3749 2255 qu:

2174 2313 2257 2358 est
2278 2301 2413 2372 legis
2454 2295 2756 2370 plenitudo.
2813 2290 2926 2344 Hoc
2953 2296 3036 2345 est
3093 2286 3239 2358 quod
3269 2285 3350 2338 ait
3378 2282 3637 2336 Paulus:
3663 2279 3751 2332 Nam

2175 2370 2539 2451 adulterabis:
2576 2390 2692 2445 Non
2749 2386 2977 2441 occides:
3009 2382 3124 2435 Non
3163 2378 3369 2447 furtum
3417 2375 3591 2445 [acies
3613 2388 3632 2423 :
3664 2370 3754 2423 3‘s;

2175 2487 2519 2556 concupisces.
2556 2482 2625 2536 Et
2675 2481 2721 2534 si
2773 2475 2913 2547 quod
2947 2482 3021 2527 est
3051 2471 3202 2524 aliud
3229 2468 3591 2524 mandatum.
3614 2463 3755 2515 inea

2174 2554 2706 2635 verboiinstauratur
2749 2588 2766 2625 :
2818 2568 3015 2638 Diliges
3059 2563 3364 2634 proximum
3436 2566 3594 2609 tuum
3644 2554 3755 2604 sim

2177 2674 2420 2739 teipsum.
2453 2667 2676 2736 Dilectio
2702 2661 2930 2734 proximi
2962 2656 3159 2712 malum
3197 2668 3304 2705 non
3335 2658 3627 2718 operatur.
3655 2644 3757 2697 Plc-

2177 2738 2358 2821 nitudo
2388 2779 2507 2833 ergo
2538 2761 2663 2830 legis
2681 2768 2753 2812 est
2775 2754 2984 2810 dilectio
2997 2750 3063 2811 ⁵³,
3111 2746 3339 2800 Planior
3372 2752 3574 2796 autem
3604 2738 3672 2791 sit
3689 2738 3756 2788 in—

2177 2859 2446 2920 tellectus,
2473 2853 2516 2908 si
2545 2853 2715 2922 ipsam
2754 2853 3157 2918 perscrutemur
3176 2839 3451 2892 litteram.

2249 2950 2432 3012 Omnis
2457 2948 2610 3015 homo
2633 2945 2702 2998 ad
2717 2947 2867 3019 promi
2875 2956 3011 2993 mam
3033 2932 3306 3005 sanguinis
3330 2931 3418 2983 sui
3443 2945 3553 2981 non
3567 2924 3758 2978 accedet

2181 3053 2235 3098 ut
2278 3040 2464 3101 revelet
2495 3014 2873 3106 turpitudinem
2903 3031 3036 3103 ejus.
3072 3028 3143 3083 Ut
3185 3039 3295 3088 non
3343 3019 3683 3085 accedamus
3706 3014 3757 3066 ad

497 3152 624 3206 quae
680 3144 738 3190 et
794 3132 943 3186 illum
995 3130 1231 3201 peperit,
1286 3136 1342 3182 et
1394 3143 1533 3181 uxor
1558 3127 1678 3195 ejus
1725 3123 2074 3192 simulatque

2185 3143 2440 3207 cognatos
2483 3132 2539 3186 in
2568 3130 2683 3201 lege
2733 3122 3071 3197 cognationis
3108 3121 3543 3189 praesumentes,
3581 3120 3636 3163 et
3682 3121 3759 3175 per

499 3235 674 3286 mater
725 3225 844 3281 fuit.
910 3224 1037 3280 Haec
1101 3232 1283 3277 autem
1343 3236 1411 3275 ex
1456 3218 1665 3273 nefaria
1720 3224 2074 3289 cognatorum

480 3320 901 3384 'commistione,
934 3327 992 3377 et
1026 3317 1130 3371 alia
1166 3316 1249 3370 bis
1283 3312 1545 3370 eveniunt
1593 3309 1812 3364 similia.
1848 3306 2079 3375 Propter

501 3411 647 3481 quod
674 3420 925 3476 avertere
949 3425 978 3465 a
1023 3408 1116 3462 tali
1145 3407 1557 3477 conjunctione,
1589 3415 1647 3457 et
1669 3401 1818 3456 coitu
1852 3399 2077 3453 volens:

578 3504 1001 3573 Turpitudinem,
1021 3498 1219 3571 inquit,
1250 3500 1416 3569 patris
1440 3498 1517 3551 tui
1555 3505 1604 3550 et
1625 3494 1817 3549 matris
1849 3500 1951 3546 tua:
1979 3506 2081 3543 non

503 3596 843 3664 discooperics
864 3635 878 3657 .
907 3594 1096 3649 eadem
1126 3600 1182 3646 et
1209 3592 1264 3647 in
1299 3587 1758 3659 subsequentibus
1783 3586 1850 3640 de
1884 3598 2082 3638 nover-

504 3702 590 3753 ca,
621 3694 677 3738 et
707 3699 915 3749 sorore,
951 3693 1005 3737 et
1035 3698 1200 3748 nuru,
1234 3690 1290 3734 et
1315 3679 1435 3733 aliis
1465 3678 1742 3740 omnibus,
1789 3673 2082 3731 revelatio-

503 3792 631 3837 nem
665 3775 1020 3845 turpitudinis
1069 3775 1264 3829 horum
1297 3768 1743 3840 conjunctionem
1777 3765 2079 3836 appellans.

505 3869 585 3923 Ex
622 3870 730 3924 hoc
779 3883 1033 3925 sermone
1057 3866 1331 3930 erubesci,
1362 3871 1419 3918 et
1449 3862 1644 3924 averti,
1678 3859 1793 3914 sive
1830 3857 1958 3913 odio
1981 3856 2081 3911 ba-

503 3961 620 4017 beri
652 3960 814 4015 debet
841 3962 1022 4015 omnis
1055 3957 1370 4028 hujusmodi
1396 3954 1600 4010 faciens
1628 3952 1895 4011 actiones.

575 4052 833 4108 Similiter
862 4062 912 4107 et
945 4052 1080 4107 illud
1125 4059 1413 4124 opportune
1443 4047 1752 4109 intuendum
1790 4052 1885 4106 est,
1947 4043 2084 4105 quod

505 4147 713 4201 dicens:
746 4145 931 4200 Omnis
957 4146 1110 4201 homo
1148 4147 1219 4199 ad
1245 4144 1544 4213 proximam
1575 4138 1847 4209 sanguinis
1870 4136 1951 4189 sui
1982 4150 2084 4187 non

505 4240 735 4302 accedet,
762 4246 821 4291 ut
842 4236 1031 4290 revelet
1065 4235 1443 4304 turpitudinem
1480 4233 1614 4301 ejus.
1645 4226 1903 4285 Addidit:
1970 4224 2084 4295 Ego

504 4332 780 4388 Dominus.
818 4332 887 4385 Et
917 4331 1048 4400 quid
1090 4346 1229 4400 opus
1262 4336 1380 4382 erat
1404 4328 1510 4381 hoc
1537 4326 1681 4390 addi,
1720 4340 1843 4379 cum
1885 4321 2080 4386 semel,

505 4431 561 4479 et
590 4424 696 4477 hoc
727 4422 887 4477 initio
918 4421 1200 4491 praesentis
1234 4418 1534 4473 sanctionis
1576 4415 1811 4471 dixerit:
1843 4415 1956 4485 Ego
1982 4412 2084 4467 Do-

2182 3231 2286 3285 hoc
2303 3242 2398 3282 eos
2424 3229 2718 3285 tentantes,
2752 3235 2816 3273 ac
2847 3215 3046 3271 deinde
3076 3212 3322 3266 actiones
3353 3219 3560 3259 eorum
3590 3212 3755 3268 turpes

2180 3326 2591 3392 cognoscentes,
2614 3312 2909 3385 prodamus
2943 3322 3054 3361 eos.
3087 3303 3245 3359 Unde
3268 3308 3326 3353 et
3359 3296 3539 3350 nimis
3572 3306 3755 3362 oppor-

2181 3386 2314 3471 tune
2358 3408 2601 3466 subdidit
2639 3425 2654 3459 :
2693 3405 2804 3476 Ego
2859 3400 3135 3456 Dominus.
3173 3394 3235 3448 Id
3269 3401 3358 3446 est
3407 3386 3755 3443 manifestans

2183 3507 2468 3563 hominum
2510 3493 3128 3571 peccata,‘quaecunque
3160 3481 3401 3540 confessi
3442 3480 3656 3534 fuerint
3681 3482 3755 3537 ;et

2182 3597 2389 3655 orando
2419 3590 2794 3664 exposuerint,
2838 3596 3025 3656 tegens
3053 3588 3109 3635 et
3156 3576 3464 3644 dissipans,
3509 3573 3587 3625 ita
3620 3577 3677 3621 ut
3700 3579 3751 3616 ne

2181 3693 2401 3763 quidem
2418 3656 2707 3756 vestigium
2736 3674 2925 3735 eorum
2949 3672 3268 3745 reperiatur.
3289 3666 3434 3733 Quia
3469 3678 3605 3732 ergo
3634 3656 3751 3712 mul-
3808 3678 3810 3681 ·

2182 3796 2299 3841 tum
2331 3795 2520 3837 eorum
2544 3792 2665 3847 qua:
2694 3787 2839 3827 nunc
2879 3767 3084 3825 sancita
3127 3770 3274 3823 sunt,
3321 3759 3552 3812 lucrum
3588 3748 3751 3808 didici-

2184 3890 2328 3938 mus,
2363 3873 2429 3927 ad
2460 3886 2523 3924 ea
2552 3883 2674 3937 quae
2706 3868 3013 3932 sequuntur
3043 3863 3415 3908 transeamus.

2254 3931 2648 4035 Turpitudinem
2680 3931 2856 4011 uxoris
2894 3966 2996 4005 tua:
3028 3957 3075 4002 et
3125 3944 3251 4014 ﬁlia:
3285 3940 3407 4009 ejus
3436 3954 3551 3992 non
3580 3931 3751 3988 reviso

2185 4060 2283 4122 bis,
2319 4029 2371 4109 et.
2395 4054 2565 4122 filiam
2591 4048 2688 4118 lilii
2716 4046 2851 4115 ejus,
2882 4052 2930 4095 et
2955 4039 3122 4108 ﬁliam
3153 4032 3280 4102 [ilice
3310 4029 3567 4122 ejusnou
3584 4035 3749 4078 sums,

2188 4159 2243 4204 ut
2288 4144 2477 4210 repeles
2518 4137 2864 4211 ignominiam
2899 4132 3033 4200 ejus,
3058 4127 3181 4198 quia
3209 4136 3337 4175 caro
3374 4118 3529 4172 illius
3551 4122 3685 4174 sunt,
3712 4117 3751 4161 et

2188 4238 2310 4293 talis
2338 4237 2507 4293 coitus
2530 4233 2752 4287 incestus
2779 4235 2874 4280 est.
2908 4216 3284 4276 Necessarium
3309 4226 3448 4281 ergo
3483 4211 3593 4263 hoc
3622 4219 3750 4260 man-

2186 4333 2371 4387 datum
2393 4325 2668 4397 legislator
2690 4319 2872 4391 posuit
2900 4335 2915 4371 :
2939 4331 3029 4385 qui
3051 4312 3195 4367 enim
3223 4322 3354 4363 cum
3377 4314 3564 4359 matre
3585 4308 3640 4354 et
3663 4294 3748 4349 ili:

2187 4387 2478 4481 miscetur:
2516 4424 2573 4470 et
2615 4387 2954 4479 dc—utraque
3000 4405 3138 4459 ﬁlios
3183 4402 3438 4471 generat,
3493 4387 3749 4449 confundit

507 4517 681 4569 minus
728 4516 870 4569 Deus
909 4516 1110 4577 vester?
1138 4514 1250 4568 Sed
1288 4524 1477 4583 aperte
1506 4512 1638 4567 illud
1663 4510 1926 4576 ostendit,
1953 4508 2081 4578 quia
2120 4496 2162 4552 ο
2191 4515 2310 4585 ipse
2341 4507 2742 4581 generationes.
2774 4501 2877 4577 Qui
2902 4497 3047 4554 enim
3071 4495 3137 4549 de
3164 4501 3343 4547 matre
3366 4488 3420 4542 ei
3442 4490 3749 4557 generantur

506 4607 554 4661 is
578 4605 668 4676 qui
699 4604 818 4660 huic
850 4603 1050 4669 sanxit,
1082 4604 1198 4676 ipse
1236 4610 1319 4657 est
1353 4602 1447 4671 qui
1470 4602 1628 4657 nobis
1650 4615 1817 4657 carne
1842 4599 2083 4668 conjun-

506 4706 627 4763 ctus
654 4705 758 4762 est,
797 4705 1106 4767 nostraeque
1144 4693 1486 4764 cognationis
1527 4692 1760 4759 eﬂectus
1789 4699 1875 4746 est
1913 4689 2086 4760 parti-

506 4807 657 4861 ceps.
693 4790 844 4845 Unde
894 4790 1157 4859 injustam
1190 4796 1277 4843 est
1304 4795 1364 4842 ut
1410 4784 1845 4856 magnitudinem
1885 4796 2087 4851 cogna-

506 4884 670 4938 tionis
697 4884 815 4953 ejus
858 4884 1201 4952 injuriemus.
1244 4883 1380 4937 (lum
1411 4892 1593 4936 autem
1639 4880 1755 4934 haec
1787 4877 1862 4931 ita
1893 4891 1953 4930 se
1991 4875 2088 4928 ha—

505 4974 692 5038 beant,
736 4974 1147 5043 intelligendum
1196 4980 1280 5026 est
1331 4970 1529 5026 sanciri
1581 4968 1899 5039 spiritaliter
1930 4984 1945 5018 :
1975 4978 2090 5018 non

506 5070 625 5122 vult
707 5067 855 5121 enim
912 5080 1014 5119 nos
1092 5063 1344 5117 revelare
1401 5062 1660 5131 quislibet
1735 5065 1997 5129 peccata,
2059 5072 2090 5110 a

508 5160 774 5231 cognatis,
825 5157 1084 5212 amicisve
1134 5156 1296 5210 nobis
1326 5170 1447 5224 quae
1492 5154 1699 5209 credita
1728 5149 1950 5211 fuerint,
1987 5162 2092 5202 nec

508 5252 741 5319 prodere
776 5260 961 5319 turpes
985 5250 1229 5304 actiones
1257 5247 1496 5310 illorum,
1530 5261 1600 5300 ne
1645 5245 1787 5303 forte
1820 5242 2091 5312 patiamur

509 5340 657 5411 quod
702 5341 896 5404 Cliam,
942 5342 1036 5411 qui
1093 5341 1264 5409 patris
1309 5339 1614 5401 nuditatem
1669 5335 1864 5390 videns
1881 5333 1949 5398 “’,
1979 5346 2091 5385 non

511 5437 814 5508 cooperuit,
845 5437 939 5491 sed
967 5437 1226 5491 fratribus
1247 5434 1535 5505 egrediens
1548 5429 1822 5501 patefecit.
1848 5425 1906 5479 in
1936 5433 2091 5495 patre

513 5543 643 5600 ergo
670 5535 727 5582 et
757 5536 951 5591 matre,
986 5536 1042 5580 et
1074 5540 1284 5590 sorore,
1324 5537 1679 5594 quoscunque
1723 5519 1859 5574 alios
1890 5527 2091 5581 cogna-

582 5731 631 5762 ⁸⁶
671 5732 829 5785 Num.
865 5749 989 5791 xxv,
1026 5731 1111 5783 5|.
1218 5731 1261 5761 "
1287 5730 1425 5784 Osce
1457 5745 1553 5788 vn.
1588 5728 1641 5781 lt.

516 5797 608 5871 liii
636 5800 762 5855 Cor.
793 5816 895 5866 nt,
932 5802 1015 5852 Η..
1094 5801 1138 5832 ⁵³
1164 5798 1319 5854 Rom.
1353 5814 1469 5864 xlii,
1499 5799 1552 5881 il,
1581 5800 1661 5852 10.

1734 5727 1776 5759 ³⁸
1815 5726 1952 5781 Osee
1997 5741 2069 5791 tv,
2107 5723 2191 5779 Η.

2187 4570 2305 4669 filii,
2345 4601 2541 4664 fratres
2594 4570 2912 4664 eorum'qui
2960 4592 3291 4660 generantur
3330 4596 3403 4634 ex
3432 4577 3628 4632 uxoris
3669 4570 3749 4624 ﬁlia

2188 4694 2353 4754 simul
2408 4704 2572 4763 atque
2622 4690 2680 4745 bi
2725 4687 2882 4747 ﬁunt.
2916 4684 3211 4749 Patresque
3253 4674 3517 4730 similiter
3572 4678 3628 4722 et
3666 4664 3747 4719 ari.

2188 4788 2409 4860 quando
2425 4761 2549 4843 cum
2578 4792 2771 4857 matre,
2800 4789 2856 4835 et
2894 4779 3015 4848 ejus
3041 4783 3206 4846 nepte
3226 4770 3419 4825 coiens
3448 4775 3616 4838 pater
3640 4761 3751 4816 ﬁlio-

2191 4898 2336 4946 rum,
2373 4881 2467 4951 qui
2508 4895 2574 4934 ex
2621 4884 2849 4944 utraque
2893 4871 3062 4943 geniti
3108 4875 3255 4931 sunt,
3300 4862 3471 4917 fuerit
3524 4860 3750 4914 effectus.

2185 4977 2306 5033 Non
2335 4984 2517 5029 autem
2542 4968 2752 5031 matris,
2785 4976 2841 5021 et
2867 4965 3009 5030 ﬁliae,
3050 4971 3106 5016 et
3137 4957 3317 5027 neptis
3346 4953 3750 5023 turpitudinem.

2191 5068 2391 5123 malum
2427 5060 2778 5130 desiderium,
2819 5056 3199 5122 actionemque
3223 5065 3287 5121 ex
3313 5043 3603 5103 desiderio
3628 5036 3753 5111 geni-

2190 5167 2299 5212 tam
2331 5126 2721 5224 intelligamus,
2752 5163 2871 5218 qua:
2905 5145 2971 5199 ad
3003 5118 3466 5211 actionemaliam
3499 5132 3755 5204 egreditur
3808 5106 3810 5129 ¹

2190 5245 2563 5316 maligniorem
2614 5249 2778 5309 atque
2830 5236 3118 5307 majorem.
3169 5230 3261 5283 Ait
3305 5227 3456 5299 enim
3501 5224 3751 5278 lacubus:

2192 5334 2619 5403 Concupiscentia
2649 5348 2766 5385 cum
2803 5336 3053 5396 concepta
3084 5323 3261 5395 fuerit,
3292 5320 3441 5387 parit
3473 5325 3752 5385 peccans.

2196 5437 2468 5497 peccatum
2501 5435 2673 5478 autem
2709 5439 2824 5476 cum
2858 5425 3279 5483 consummatum
3308 5412 3468 5486 fuerit
3500 5447 3518 5470 ,
3564 5408 3753 5477 genere!

2193 5528 2412 5574 mortem
2436 5518 2480 5549 “
2516 5534 2528 5570 :
2560 5531 2681 5585 quae
2720 5522 2803 5568 est
2840 5507 3093 5571 desiderii
3134 5520 3330 5577 nepos,
3359 5500 3507 5577 quod
3552 5490 3650 5553 tibi
3681 5508 3753 5547 se-

2271 5723 2314 5755 "
2340 5722 2543 5775 .lcrcm.
2581 5735 2662 5785 Ill,
2698 5716 2751 5769 5.
2829 5716 2870 5747 ⁶⁰
2901 5713 3034 5770 Gen.
3072 5725 3127 5774 ι,
3160 5708 3260 5785 22.
3332 5706 3377 5742 δι
3412 5703 3598 5759 lTim.
3625 5696 3674 5765 ἑ,
3703 5698 3746 5749 1
