3810 6318
101 262 285 326 1013

1302 275 1380 339 IN
1420 277 1864 340 LEVITICUM.
1889 300 1960 310 -
1998 273 2143 332 LIB.
2174 272 2240 335 ν.

3276 258 3407 321 1014

100 377 387 430 cundum
439 381 609 447 ipsam
655 378 940 438 historiam
987 394 1044 440 et
1080 383 1439 457 'Scripturam
1484 389 1723 444 divinam
1755 398 1798 454 Α
1829 385 2180 440 ιΕιηιιΙαηεκν
2198 400 2286 439 vos
2314 398 2417 437 non
2446 382 2589 445 bene,
2613 381 2704 435 sed
2729 379 3002 435 excludere
3016 395 3104 433 vos
3129 377 3307 431 volunt
3335 378 3400 432 ".

104 470 522 525 ostendemus.
547 471 880 544 Concupivit
911 490 1042 546 ergo
1067 478 1236 534 David
1274 479 1415 534 Uria:
1448 496 1675 536 uxorem
1706 499 1719 535 :

107 576 280 616 ecce
348 562 552 630 peccati
581 572 759 619 mater
804 569 1267 638 concupiscentia.
1316 571 1724 642 Concupiscens

106 654 452 709 rnmchatus
485 665 569 711 est
601 672 615 707 :
641 666 869 712 matrem
902 659 1010 714 ﬁlia
1041 663 1328 718 subsecuta
1359 672 1461 719 est.
1495 665 1724 721 Adulte-

109 754 302 800 ratus
360 748 605 804 occidit:
657 751 893 820 pessima
937 754 1393 822 concupiscentia
1425 755 1721 810 mortilerre

109 850 270 905 qua:
317 840 597 906 pnecessit
651 842 850 910 neptis.
902 842 1049 896 Nihil
1092 859 1223 915 ergo
1267 846 1459 900 horum
1494 847 1723 903 revelari

112 942 152 978 ν
164 927 265 981 ult
286 945 300 981 :
324 944 502 999 neque
518 931 661 985 enim
680 941 897 1002 oportet
917 935 1288 1003 proximorum
1311 939 1462 1007 prodi
1483 949 1722 1008 peccata,

114 1021 241 1074 sed
292 1021 574 1083 admoneri
607 1009 779 1094 magis
819 1041 934 1091 eos,
978 1036 1034 1081 et
1068 1029 1135 1082 ad
1169 1030 1486 1083 memoriam
1536 1045 1728 1085 eorum

117 1125 427 1176 revocare,
475 1127 599 1167 cum
635 1115 781 1169 dicat
815 1116 1110 1184 Apostolus
1140 1135 1154 1171 :
1184 1116 1424 1183 Fratres,
1449 1121 1494 1174 si
1545 1121 1728 1189 depre-

116 1200 341 1255 hensus
371 1202 527 1271 fuerit
568 1206 680 1275 quis
717 1223 781 1260 ea:
802 1208 941 1261 vobis
983 1210 1038 1262 in
1065 1210 1246 1280 aliquo
1283 1213 1492 1278 delicto,
1526 1230 1615 1268 vos
1639 1216 1728 1285 qui

120 1291 421 1359 spiritales
444 1296 584 1358 estis,
612 1297 857 1354 instruit:
885 1300 1188 1370 hujusmodi
1226 1304 1280 1357 in
1324 1307 1513 1373 spiritu
1534 1306 1727 1360 lenita-

126 1384 242 1448 tis,
296 1386 633 1441 considerans
665 1389 908 1454 teipsum,
938 1408 1001 1446 ne
1039 1403 1089 1447 et
1135 1404 1192 1448 tu
1232 1397 1444 1451 tenteris
1467 1398 1532 1452 "'.
1566 1397 1729 1453 Vides

124 1474 279 1542 quia
307 1490 418 1529 non
453 1476 652 1533 frustra
678 1479 952 1550 legislator
989 1484 1206 1539 dicebat
1239 1505 1251 1540 :
1286 1485 1423 1542 Caro
1462 1497 1553 1541 tua
1584 1499 1724 1544 sunt.

124 1561 463 1621 Ostendens
496 1567 622 1634 quia
663 1579 953 1640 cognatum
994 1575 1155 1630 nobis
1200 1570 1622 1646 quodammodo,
1673 1588 1731 1634 et

124 1655 415 1711 [auxiliare
443 1668 546 1723 est,
588 1674 833 1728 peccare,
869 1674 1089 1734 propter
1119 1669 1529 1737 quodcompati
1569 1670 1728 1725 nobis

124 1746 381 1802 invicem
404 1749 667 1806 debemus
688 1763 998 1821 peccantes.
1022 1756 1155 1810 Nam
1179 1757 1382 1814 Paulus
1406 1762 1730 1831 dispensans

126 1838 254 1892 hoc
275 1839 419 1909 quod
450 1857 599 1897 nunc
626 1843 829 1898 dictum
858 1857 959 1907 est,
984 1849 1222 1904 subdidit
1253 1869 1266 1905 :
1304 1851 1531 1907 Invicem
1567 1870 1728 1909 onera

121 1939 320 1984 vestra
380 1942 606 1999 portate,
649 1945 696 1988 et
740 1937 815 1989 sic
843 1939 1198 2009 adimplebitis
1239 1940 1401 2014 legem
1437 1942 1630 1999 Christi
1658 1946 1725 1999 “.

124 2017 146 2071 ι
158 2032 269 2087 pse
294 2033 422 2090 ergo
454 2032 675 2090 peccata
700 2036 883 2079 nostra
914 2029 1174 2096 portavit.
1200 2030 1304 2096 Qui
1357 2042 1539 2088 autem
1590 2051 1730 2092 onus

126 2109 377 2178 proximi
411 2123 609 2181 portat,
639 2125 693 2170 et
727 2118 954 2188 suscipit
978 2120 1031 2174 in
1060 2124 1356 2193 semetipso
1392 2125 1573 2183 fratris
1596 2144 1728 2199 pec-

125 2210 289 2259 cata.
319 2218 430 2257 non
460 2205 577 2260 baac
606 2209 806 2277 prodit,
848 2226 954 2265 nec
982 2214 1206 2280 revelat,
1235 2217 1330 2271 sed
1381 2219 1550 2289 magis
1576 2222 1730 2276 cohi-

126 2292 259 2354 bet,
287 2302 344 2348 et
369 2297 549 2352 verbis
571 2301 984 2358 medicinalibus
1005 2316 1180 2371 curat,
1210 2317 1265 2362 et
1289 2309 1432 2364 sicut
1453 2313 1729 2381 propriam

128 2383 521 2441 inﬁrmitatem
551 2391 1021 2450 exhortationibus
1046 2397 1297 2469 benignis
1322 2401 1592 2458 exhaurit.
1617 2403 1730 2459 Un-

129 2477 210 2531 de
245 2479 508 2547 prophcta
534 2481 704 2543 Isaias
720 2485 788 2539 de
814 2485 1094 2543 Salvatore
1112 2489 1300 2546 dicens
1324 2510 1336 2544 :
1361 2492 1487 2548 Vere
1510 2509 1729 2564 peccata

130 2576 327 2621 nostra
352 2570 462 2636 ipse
486 2575 734 2640 portavit,
756 2576 998 2632 subdidit
1023 2597 1036 2631 :
1058 2567 1126 2632 Et
1143 2596 1239 2648 pro
1259 2586 1730 2654 transgressoribus

133 2661 348 2729 rogavit
380 2663 445 2717 ".
468 2664 639 2736 Atiligi
685 2667 849 2738 igitur
873 2678 927 2724 et
959 2687 1176 2740 gemere
1200 2675 1462 2731 debemus
1496 2694 1595 2747 pro
1647 2681 1728 2736 eis

133 2752 238 2819 qui
272 2751 338 2806 ad
375 2768 591 2821 pravam
634 2772 877 2825 operam,
911 2763 1405 2836 cogitationemque
1457 2772 1729 2841 progressi

134 2852 296 2907 sunt,
328 2860 433 2898 non
468 2856 650 2902 autem
687 2852 803 2906 haec
832 2855 1201 2913 manifestare.
1316 2924 1323 2931 ο

219 2933 376 2989 Vens.
398 2936 483 2993 18.
520 2958 538 2991 ι
570 2939 826 2997 Sororem
853 2947 1037 3002 uxoris
1062 2958 1166 3003 tua:
1195 2950 1251 3005 in
1272 2953 1581 3022 pellicatum
1607 2956 1729 3025 ejus

138 3025 530 3127 non'aecipies,
564 3046 666 3086 nec
680 3036 946 3092 revelabis
970 3039 1359 3108 turpitudinem
1384 3046 1524 3115 ejus.
1548 3046 1729 3102 adhuc
1759 3071 1800 3127 ο

139 3115 241 3170 ila
275 3118 511 3174 vivente.
561 3140 581 3174 ι

222 3206 390 3264 Recte
420 3210 534 3267 haec
551 3215 962 3286 praecipiuntur,
984 3226 1111 3291 quia
1137 3223 1190 3277 in
1222 3240 1358 3294 pace
1385 3228 1603 3284 vocavit
1626 3245 1730 3284 nos

138 3302 412 3359 Dominus
437 3307 599 3364 Deus.
639 3310 741 3377 Qui
770 3314 915 3368 enim
953 3331 1076 3371 cum
1112 3320 1366 3376 omnibus
1407 3337 1510 3376 nos
1540 3339 1730 3393 pacem

139 3392 351 3450 habere
384 3400 518 3465 vult,
562 3401 724 3456 etiam
748 3419 843 3472 per
867 3405 1092 3461 Paulum
1127 3409 1315 3464 dicens
1345 3428 1358 3463 :
1387 3409 1447 3466 Si
1487 3392 1731 3481 possibile

138 3496 247 3545 est.
283 3491 421 3558 quod
454 3508 518 3545 ex
543 3494 685 3548 vobis
712 3505 819 3562 est,
837 3514 957 3552 cum
980 3500 1216 3554 omnibus
1239 3501 1533 3557 hominibus
1552 3520 1733 3573 pacem

140 3578 333 3634 habete
360 3581 426 3650 “,
458 3584 628 3640 multo
670 3588 841 3658 magis
874 3590 1113 3659 placatos
1151 3608 1253 3647 nos
1286 3593 1401 3647 vult
1438 3610 1559 3650 esse
1606 3611 1729 3651 cum

141 3670 436 3741 proximis,
466 3677 612 3744 quod
640 3680 932 3743 subvertit,
972 3681 1018 3735 si
1038 3682 1199 3737 simul
1230 3684 1353 3752 quis
1380 3687 1532 3739 uxori
1573 3702 1731 3741 soro-

144 3762 307 3831 rique
333 3765 454 3834 ejus
468 3766 746 3839 jungatur,
787 3779 849 3824 ut
874 3787 1090 3827 sorores
1117 3775 1278 3829 simul
1303 3776 1570 3843 habitent,
1600 3786 1656 3832 et
1674 3787 1733 3832 ut

143 3853 295 3908 inter
305 3855 469 3912 simul
482 3858 790 3916 habitantes
804 3864 1071 3918 excitetur
1086 3866 1256 3931 zelus,
1287 3870 1431 3923 unde
1453 3869 1731 3925 contentio

147 3947 375 4017 rixaque
404 3961 714 4020 generatur.
746 3952 874 4009 Post
911 3955 1015 4011 hoc
1044 3957 1127 4012 lex
1157 3959 1291 4014 illud
1326 3961 1589 4031 praecipit,
1620 3978 1731 4018 non

144 4047 404 4108 oportere
426 4041 480 4094 in
505 4041 729 4098 Judaioa
755 4047 1171 4102 conversatione
1197 4050 1620 4106 ecclesiasticam
1642 4068 1732 4108 ac-

147 4125 358 4194 cipere,
380 4144 480 4183 nec
502 4130 662 4184 simul
688 4135 909 4200 pascha.
941 4137 1084 4205 quod
1115 4137 1170 4191 in
1200 4136 1369 4209 figura
1397 4151 1482 4195 est
1510 4156 1635 4197 cum
1664 4159 1731 4199 eo

147 4221 297 4289 quod
315 4235 398 4277 est
414 4224 773 4297 intelligibile,
792 4231 1088 4299 celebrare,
1106 4249 1212 4290 nec
1232 4235 1580 4291 festivitatem
1606 4254 1731 4310 azy-

149 4329 365 4370 morum
408 4318 769 4388 celebrantes,
801 4324 1001 4381 Christi
1028 4328 1187 4396 panis
1226 4343 1439 4384 emnam
1484 4345 1725 4398 sumere,

1825 475 1962 541 Quia
1997 485 2177 530 autem
2213 488 2326 529 non
2370 472 2609 527 Ecclesia
2656 470 2992 542 Synagogam
3036 467 3263 532 zelatur,
3306 468 3402 520 sed

1825 563 1942 632 ipsa
1969 579 2001 617 a
2026 563 2303 634 Synagoga
2325 563 2498 617 zelum
2522 561 2744 632 patitur,
2764 558 3109 614 manifestum
3133 567 3216 612 est
3242 572 3310 611 ex
3340 572 3406 610 eo

1828 654 1974 724 quod
2002 670 2110 708 non
2133 655 2370 708 secunda
2402 669 2537 713 uxor
2558 654 2769 723 primae,
2792 652 2887 706 sed
2917 650 3094 721 prima
3121 648 3315 704 :emula
3338 650 3423 725 sit.

1828 745 2082 800 secundat:
2104 785 2120 811 ,
2165 745 2308 800 sicut
2342 760 2409 800 ex
2433 745 2705 801 desiderio
2733 744 2834 798 viri
2852 742 3294 815 subingrediente
3316 760 3408 797 so-

1826 839 1900 892 let
1925 856 1937 892 :
1958 838 2100 893 unde
2112 838 2277 893 etLia
2296 838 2572 891 zelabatur
2588 835 2813 890 Rachel.
2846 833 2985 889 Vide
3023 843 3206 890 autem
3229 834 3407 904 qualia

1829 929 2098 1000 legislator
2143 929 2421 984 subdidit:
2464 928 2682 983 Etcum
2729 927 2997 982 dixisset:
3034 925 3115 980 Da
3164 926 3293 980 mihi
3341 926 3405 979 de

1830 1021 2195 1091 mandragoris
2246 1020 2345 1089 filii
2373 1020 2469 1085 tui,
2500 1019 3106 1089 respondit:Parumne
3127 1020 3219 1073 tibi
3261 1021 3410 1073 vide-

1831 1120 1918 1163 tur
1941 1112 2078 1180 quod
2102 1110 2439 1179 prteripueris
2474 1111 2725 1163 maritum
2742 1111 2867 1163 mihi
2886 1111 2974 1164 “‘3
3004 1111 3205 1181 Aperte
3227 1119 3409 1164 autem

1832 1201 1949 1256 haec
1976 1203 2286 1258 aemulantis
2308 1204 2473 1257 verba
2496 1212 2644 1256 sunt.

1903 1291 2065 1346 Vnus.
2092 1293 2282 1348 19-25.
2329 1311 2348 1343 ι
2395 1293 2477 1347 Ad
2516 1294 2801 1348 mulierem
2835 1308 2956 1362 qua)
3007 1294 3212 1363 patitur
3255 1308 3412 1348 men-

1829 1390 1980 1435 strua
2009 1397 2116 1435 non
2149 1383 2397 1446 accedes,
2429 1397 2531 1437 nec
2544 1384 2752 1438 reveles
2771 1383 3071 1439 fmditatem
3104 1386 3242 1455 ejus.
3273 1386 3409 1440 Cum

1831 1488 2002 1527 uxore
2040 1473 2271 1542 proximi
2304 1474 2378 1528 tui
2419 1489 2527 1527 non
2561 1474 2749 1539 coibis,
2790 1491 2895 1530 nec
2926 1472 3148 1530 seminis
3179 1478 3408 1531 commi-

1831 1563 2006 1619 stione
2027 1565 2407 1620 maculabcris.
2440 1566 2516 1621 De
2533 1565 2737 1620 semine
2757 1574 2848 1622 tuo
2874 1582 2982 1622 non
3007 1566 3161 1623 dabis
3182 1576 3235 1623 ut
3278 1583 3411 1622 con-

1832 1666 2078 1710 secretur
2095 1655 2238 1714 idolo
2257 1656 2487 1723 Molach,
2510 1675 2529 1707 ι
2569 1658 2673 1724 vel,
2710 1658 3008 1713 secundum
3035 1657 3409 1729 Septuaginta,

1761 1736 1804 1795 Β
1834 1746 2033 1803 Prwsto
2077 1766 2186 1803 esse
2220 1750 2467 1819 principi.
2507 1770 2525 1801 ι
2569 1749 2679 1805 Nec
2711 1751 2920 1821 pollues
2951 1766 3152 1806 nomen
3181 1752 3276 1807 Dei
3313 1753 3409 1807 tui.

1830 1839 1942 1910 Ego
1963 1840 2241 1894 Dominus.
2279 1842 2415 1895 Cum
2449 1835 2689 1897 masculo
2722 1857 2833 1897 non
2866 1843 3106 1899 dormies
3139 1844 3286 1899 coitu
3331 1843 3413 1898 fo-

1832 1934 2034 1995 ntineo,
2060 1932 2186 2001 quia
2218 1933 2552 1988 abominatio
2585 1943 2690 1988 est.
2717 1934 2852 1989 Cum
2887 1936 3035 1990 omni
3078 1951 3274 2006 pecore
3301 1951 3411 1990 non

1831 2021 2023 2087 coibis,
2042 2039 2145 2077 nec
2166 2024 2665 2079 maculabcriscum
2686 2040 2769 2080 eo.
2801 2027 3116 2082 Muliernon
3155 2043 3412 2082 succum-

1832 2115 1922 2170 bet
1946 2116 2218 2185 jumento,
2248 2132 2351 2172 nec
2379 2118 2698 2173 miscebitur
2724 2118 2795 2183 ei,
2825 2119 2951 2189 quia
2980 2120 3158 2175 scelus
3182 2128 3285 2176 est.
3322 2139 3342 2172 ι

1903 2206 2048 2262 Bene
2076 2208 2195 2263 haec
2237 2209 2701 2279 interpretationis
2741 2211 2881 2281 stylo
2922 2211 3213 2283 conjuncta
3260 2224 3407 2271 sunt.

1831 2297 2079 2353 Praesens
2100 2315 2229 2372 ergo
2256 2300 2576 2372 legislatoris
2618 2301 2849 2357 intentio
2888 2310 3028 2357 esta
3071 2303 3409 2371 libidinibus,

1831 2399 1887 2444 et
1930 2390 2156 2445 nefariis
2198 2392 2695 2458 eommistionibus,
2725 2401 2780 2446 et
2806 2409 2835 2446 a
2881 2392 3244 2449 fornicatione
3302 2398 3425 2449 tam'

1832 2483 2073 2537 sensibili
2104 2487 2265 2553 qua’m
2321 2480 2639 2555 inielligibili
2668 2485 2925 2540 cohibere
2952 2500 3075 2539 eum
3103 2486 3192 2556 qui
3216 2487 3412 2558 accipit

1832 2571 2026 2641 legem.
2044 2572 2177 2626 Eum
2205 2582 2492 2643 propterea
2517 2590 2625 2628 non
2650 2575 2907 2645 pra'cepit
2933 2576 2983 2630 ei
3018 2591 3140 2645 qua:
3170 2578 3225 2631 in
3253 2592 3414 2633 men-

1836 2663 1971 2717 truis
1999 2665 2299 2719 constituta
2321 2675 2410 2719 est
2428 2674 2652 2735 propter
2682 2665 3037 2735 pollutionem
3063 2667 3411 2733 concubitus,

1833 2764 2022 2809 contra
2047 2755 2217 2827 legem
2243 2757 2480 2822 misceri,
2515 2757 2608 2811 sed
2638 2772 2743 2811 nec
2769 2756 2921 2811 uxori
2952 2757 3184 2827 proximi
3219 2777 3232 2812 :
3259 2759 3415 2814 adul-

1834 2846 2028 2900 terium
2086 2847 2230 2900 enim
2288 2848 2387 2901 ista
2432 2848 2758 2913 commistio,
2794 2863 2904 2902 non
2957 2849 3268 2921 conjugium
3308 2861 3412 2906 est.

1834 2936 1989 2993 Unde
2010 2953 2133 2992 cum
2165 2938 2425 2994 dixisset:

1904 3026 2038 3083 Cum
2090 3047 2249 3085 uxore
2289 3033 2516 3100 proximi
2550 3034 2627 3087 tui
2665 3050 2766 3087 non
2806 3034 2986 3100 coibis,
3011 3034 3218 3090 addidit
3254 3053 3268 3090 :
3307 3034 3417 3090 Nec

1833 3121 2048 3174 seminis
2102 3123 2468 3178 commistione
2527 3126 2896 3181 maculaberis.
2929 3125 3044 3182 Hoc
3093 3128 3415 3198 explanans,

1833 3211 1957 3280 quia
1981 3212 2095 3280 jam
2126 3230 2236 3269 non
2270 3224 2355 3270 est
2392 3217 2740 3288 conjugium;
2774 3233 2953 3288 neque
2976 3218 3123 3273 enim
3154 3219 3419 3290 polluerat

1833 3320 1958 3359 eum
1989 3308 2081 3375 qui
2126 3309 2587 3364 commiscebatur
2615 3325 2629 3376 ;
2658 3310 2784 3379 quia
2816 3311 3139 3366 honorabile
3178 3320 3264 3366 est
3282 3327 3418 3367 con-

1826 3394 2058 3465 jugium,
2095 3405 2148 3450 ct
2188 3406 2339 3452 torus
2379 3399 2756 3453 immaculatus
2795 3419 2807 3453 :
2854 3398 2949 3453 sed
2996 3413 3121 3452 eum
3173 3399 3417 3454 sensibili

1834 3483 2211 3552 fornicatione,
2232 3496 2286 3542 et
2306 3489 2373 3542 ab
2390 3488 2709 3559 intelligibili
2738 3503 2839 3543 nos
2861 3503 3147 3543 removere
3171 3490 3416 3544 maximo

1832 3577 2016 3632 studio
2063 3578 2273 3645 nititur,
2320 3592 2543 3651 propter
2583 3582 2728 3651 quod
2773 3580 3017 3635 subdidit
3055 3599 3066 3634 :
3104 3581 3182 3636 De
3220 3584 3418 3637 semine

1833 3678 1923 3723 tuo
1965 3686 2069 3723 non
2111 3671 2260 3725 dabis
2300 3673 2494 3726 servire
2528 3672 2747 3734 Moloch,
2780 3673 2915 3737 sive,
2948 3682 3009 3726 ut
3038 3671 3415 3744 Septuaginta,

1833 3758 2096 3830 Principi.
2132 3760 2234 3816 Cui
2287 3773 2465 3816 autem
2514 3763 2772 3833 principi,
2822 3771 3006 3819 nostra
3056 3764 3340 3819 translatio
3362 3775 3417 3821 ct

1833 3851 2027 3922 reliqui
2071 3852 2402 3922 interpretes
2447 3853 2828 3908 ostenderunt.
2855 3853 2961 3923 ipsi
2990 3856 3138 3909 enim
3172 3853 3414 3916 Moloch,

1832 3958 1933 4013 pro
1949 3958 2016 3997 eo
2039 3945 2182 4012 quod
2205 3952 2290 3998 est
2309 3944 2560 4013 principi,
2586 3960 2828 4000 consone
2860 3947 3176 4002 ediderunt.
3207 3946 3415 4001 Idolum

1832 4042 2016 4089 autem
2058 4036 2165 4091 hoc
2221 4035 2393 4091 fuisse
2430 4037 2597 4091 etiam
2648 4037 2961 4107 Stephanus
2991 4039 3038 4070 “
3062 4040 3415 4103 concionans,

1812 4128 2065 4183 \maxime
2092 4130 2258 4184 Amos
2290 4114 2418 4199 ante
2450 4146 2573 4184 eum
2610 4130 2968 4200 pr0phetans,
2999 4131 3414 4195 demonstravit,

1833 4220 1909 4274 ait
1936 4220 2082 4275 enim
2111 4238 2124 4274 :
2150 4221 2219 4276 Et
2261 4223 2515 4292 portastis
2558 4222 2958 4277 tabernaculum
2996 4222 3196 4278 Moloch
3225 4234 3414 4285 vestro,

1831 4320 1879 4365 et
1920 4311 2209 4383 imaginem
2264 4313 2529 4369 idolorum
2579 4324 2893 4380 vestrorum,
2937 4315 3081 4370 sidus
3120 4313 3218 4368 Dei
3258 4317 3417 4369 vestri

148 4423 270 4476 qua;
293 4418 564 4466 ευηινεη
581 4427 906 4485 azymamec
922 4417 1395 4476 circumcisionem
1410 4421 1569 4477 simul
1592 4439 1732 4494 pm
1761 4412 1804 4466 1)
1832 4403 2024 4474 fecistis
2054 4405 2194 4459 vobis
2217 4404 2282 4462 ⁸³.
2321 4406 2520 4461 Semen
2553 4418 2734 4464 autem
2765 4423 2876 4462 non
2919 4417 3097 4464 solum
3133 4417 3412 4480 cognatos.

149 4498 330 4555 dicare
345 4510 401 4556 et
417 4502 704 4572 baptisma.
729 4506 1105 4565 Memoramini
1123 4526 1252 4584 ergo
1278 4514 1423 4569 illius
1440 4515 1533 4584 qui
1550 4515 1687 4571 dixit
1712 4537 1726 4574 :

152 4590 286 4646 Ecce
306 4610 399 4661 ego
413 4595 614 4651 Paulus
629 4600 745 4653 dico
762 4602 924 4667 vobis,
937 4603 983 4656 si
999 4604 1472 4674 circumcidamini,
1492 4606 1728 4664 Christus

152 4683 293 4738 vobis
310 4686 441 4739 nihil
456 4696 663 4755 prodest
680 4689 748 4748 ⁸⁸.
772 4691 879 4747 Sed
904 4701 958 4748 et
981 4693 1026 4747 si
1048 4693 1189 4750 forte
1209 4696 1332 4765 quis
1354 4695 1577 4753 Iudaica
1596 4714 1728 4754 con-

152 4775 459 4831 versatione
475 4793 608 4834 usus
627 4788 733 4844 est,
751 4781 1071 4853 negligendo
1091 4798 1210 4838 eam
1228 4785 1536 4853 mortiﬁcet,
1561 4787 1616 4842 id
1643 4796 1729 4843 est

152 4864 392 4921 viliorem
417 4877 578 4938 atque
595 4870 929 4926 inefﬁcacem
955 4874 1168 4939 reddat,
1200 4881 1255 4927 et
1278 4884 1409 4929 tunc
1425 4874 1477 4929 ei
1501 4890 1622 4945 quzr
1640 4884 1727 4933 est

154 4955 403 5014 Ecclesiae
434 4962 752 5026 misceatur,
786 4979 908 5033 quae
946 4980 1099 5021 soror
1128 4964 1437 5033 illius,qlee
1474 4967 1723 5022 eamdem

157 5042 324 5113 legem
352 5048 535 5114 habet,
552 5052 887 5123 eosdemque
909 5052 1039 5123 legit
1061 5053 1377 5122 prophetas,
1409 5054 1507 5109 sed
1529 5058 1724 5112 aemula

157 5146 257 5200 est,
275 5152 383 5192 non
404 5142 546 5207 quod
575 5144 691 5212 ipsa
712 5145 941 5212 zeletur,
968 5147 1062 5200 sed
1086 5146 1228 5215 quod
1259 5147 1374 5201 haec
1392 5147 1533 5202 illius
1550 5150 1724 5204 zelum

94 5240 101 5249 ‘
161 5227 388 5296 patiatur
469 5204 827 5301 quia-divitiae
853 5239 971 5306 ejus
999 5238 1066 5292 ad
1095 5204 1195 5291 nos
1224 5254 1322 5308 per
1352 5238 1522 5308 ipsam
1555 5239 1724 5295 devo-

160 5319 280 5375 luta:
304 5331 451 5390 sunt,
470 5324 525 5378 in
549 5334 758 5380 tantum
777 5339 832 5382 ut
854 5328 1050 5385 Paulus
1072 5330 1140 5384 de
1156 5331 1239 5385 his
1265 5331 1358 5399 qui
1383 5346 1447 5385 ex
1487 5330 1725 5386 circum-

160 5412 358 5469 cisione
375 5424 523 5477 sunt,
548 5417 614 5470 ad
640 5416 851 5473 Galatas
873 5421 962 5488 qui
979 5436 1042 5474 ex
1055 5421 1307 5490 gentibus
1323 5429 1479 5475 erant
1496 5421 1722 5475 diceret:

1832 4495 1927 4550 sed
1962 4511 2181 4552 omnem
2231 4507 2474 4554 nostram
2504 4501 2775 4556 actionem
2817 4511 2873 4555 et
2902 4502 3206 4557 doctrinam
3257 4501 3416 4556 intel-

1831 4588 2079 4659 ligamus,
2130 4600 2325 4646 utnec
2362 4592 2632 4646 actionem
2671 4603 2913 4648 nostram
2952 4594 3150 4649 demus
3196 4593 3261 4647 ad
3300 4608 3416 4646 scr-

1830 4682 2089 4736 viendum
2114 4682 2293 4746 idolis,
2318 4683 2446 4751 quia
2475 4683 2633 4735 radix
2651 4684 2887 4736 omnium
2918 4684 3181 4737 malorum
3205 4682 3413 4751 cupidi-

1828 4784 1931 4838 tas,
1963 4787 2080 4843 quat
2100 4781 2173 4826 est
2200 4772 2463 4824 idolorum
2478 4774 2696 4825 servitus
2717 4773 2782 4824 “.
2813 4771 2920 4824 Sed
2946 4788 3050 4827 nec
3070 4773 3198 4826 talia
3216 4772 3380 4827 docea
3394 4805 3408 4813 -

1828 4883 1967 4930 mus,
1989 4882 2111 4935 quas
2135 4865 2202 4919 ad
2229 4865 2431 4918 erroris
2452 4864 2718 4918 idolorum
2741 4864 3078 4934 impietatem
3107 4866 3407 4935 pertinent.

1827 4957 1920 5013 Sic
1954 4956 2101 5012 enim
2132 4954 2391 5026 intelligis
2429 4969 2537 5009 non
2568 4963 2821 5024 oportere
2866 4956 2933 5010 ad
2971 4957 3254 5011 mulierem
3285 4974 3407 5027 qua:

1827 5053 1882 5107 in
1913 5036 2207 5105 menstruis
2230 5049 2527 5104 constituta
2547 5056 2651 5113 est,
2690 5048 2920 5120 ingredi,
2952 5049 3020 5104 ad
3052 5048 3403 5105 revolandum

1829 5147 2220 5218 turpitudinem
2264 5146 2404 5216 ejus,
2436 5154 2497 5200 ut
2533 5145 2723 5201 nonin
2771 5160 3013 5200 errorem
3068 5161 3402 5217 paganorum

1831 5256 1930 5294 nos
1978 5239 2326 5294 misceamus.
2375 5239 2551 5308 Hujus
2577 5237 2722 5291 enim
2758 5237 2984 5309 figuram
3032 5254 3240 5310 gerere,
3283 5256 3404 5295 eam

1830 5348 1950 5401 quae
1967 5332 2021 5385 in
2040 5330 2335 5386 menstruis
2350 5331 2646 5385 constituta
2658 5340 2759 5394 est,
2775 5331 3024 5401 superius
3038 5332 3404 5401 ostendimus,

1832 5440 1955 5479 cum
1987 5425 2054 5479 de
2094 5423 2465 5486 menstruatis,
2498 5430 2553 5476 et
2590 5421 2793 5477 fluxum
2827 5425 3105 5495 sanguinis
3148 5424 3403 5494 patienti»

238 5579 283 5613 ⁸³
445 5579 589 5670 vhl‘.
627 5656 641 5670 ι
668 5576 713 5609 ⁸⁸
738 5579 945 5670 ἰὺὶίξλὲ.
985 5583 1197 5670 ις’·ιεε.
1229 5585 1410 5670 Πηλῆά
1444 5584 1657 5670 etii.“
1686 5584 1730 5615 “

1844 5603 1924 5670 tt);
1948 5604 2042 5648 xu,
2090 5588 2171 5641 I8.
2252 5588 2292 5618 "9
2322 5588 2436 5642 Gal.
2472 5607 2522 5656 v,
2546 5594 2598 5646 2.
2677 5598 2721 5629 ⁸⁸³
2756 5603 2870 5660 Gal.
2909 5621 2978 5670 Iv,
3013 5607 3094 5661 l7.
3187 5614 3228 5645 δ’
3256 5614 3389 5669 Gen.

171 5664 290 5711 xxx,
326 5648 403 5702 lii.

482 5648 660 5701 "Act.
700 5665 792 5713 vn,
819 5650 905 5703 49.
983 5652 1028 5683 ⁵³
1058 5653 1219 5707 Amos
1247 5652 1404 5719 \',9.6.
1481 5654 1523 5685 ”
1553 5654 1568 5705 Ι
1601 5651 1736 5707 ΊΊηι.
1771 5671 1840 5716 \‘I,
1869 5655 1945 5707 Η).
