3810 6318
71 332 206 398 1017

1219 328 1303 402 ΙΝ
1333 330 1773 393 LEVITICUM.
1812 355 1883 400 -τ-
1914 331 2059 390 LIB.
2100 333 2170 392 V.

3183 330 3323 396 1013

66 468 99 507 a
130 449 245 504 Deo
273 447 530 502 virtutem
568 455 712 501 terra
731 444 1018 501 evomendi
1038 459 1132 501 eos
1153 444 1247 514 qui
1274 444 1330 498 in
1360 444 1645 515 eainjuste
1673 452 1720 508 Α
1747 446 1851 504 bus
1880 456 2117 519 oportet,
2160 454 2216 502 et
2240 448 2556 504 nullatenus
2584 448 2704 505 hac
2764 447 2947 503 facere
2999 463 3122 518 qua:
3171 447 3319 504 cole-

68 550 256 614 agunt,
288 547 517 607 accepit.
553 535 710 591 Unde
743 546 800 593 et
837 536 1133 592 crabrones
1173 535 1228 589 in
1279 535 1641 605 perditionem

69 630 432 688 habitantium
457 628 732 698 produxit,
752 643 890 697 quos
912 627 1079 681 etiam
1097 641 1158 681 se
1190 626 1486 680 immittere
1513 633 1641 679 ante

65 724 267 781 faciem
319 721 554 776 filiorum
586 720 754 775 lsracl
780 731 970 774 contra
995 717 1347 773 Amorrhmos
1388 728 1445 771 et
1510 715 1642 770 reli—

65 832 202 886 quas
224 823 415 887 gentes
444 828 540 883 per
569 811 980 868 Deuteronomii
1013 811 1208 866 librum
1236 826 1339 865 nos
1356 808 1544 864 docuit
1570 808 1638 861 "’.
1689 863 1692 865 Α

66 909 133 964 Ει
160 909 275 962 base
299 904 519 975 quidem
549 918 653 959 nos
684 903 842 957 docet
864 917 961 972 per
997 902 1236 956 litteram
1266 901 1372 954 lex.
1409 898 1507 953 His
1535 914 1639 952 au-

63 1006 174 1051 tent
195 995 487 1061 conjuncta
525 1002 671 1056 sunt,
698 1000 755 1045 et
792 1005 901 1045 non
932 989 1230 1054 contraria,
1271 990 1315 1041 si
1346 1003 1445 1058 per
1474 986 1641 1056 spiri-

63 1087 226 1142 talem
268 1085 607 1140 intellcctum
639 1091 829 1154 gentes
868 1082 922 1135 in
956 1081 1042 1135 bis
1068 1080 1324 1135 omnibus
1376 1080 1635 1147 pollutas,

61 1178 342 1232 dazmones
364 1174 832 1238 intellexerimus;
887 1179 1078 1243 gentes
1111 1171 1382 1241 siquidem
1436 1172 1489 1224 hi
1520 1187 1643 1240 pro-

62 1278 186 1338 pter
209 1267 615 1322 multitudinem
646 1266 908 1319 dicuntur
935 1281 948 1317 :
1016 1278 1141 1318 cum
1168 1263 1315 1317 enim
1338 1262 1502 1318 nimis
1531 1262 1641 1317 sint

59 1356 259 1425 iniqui,
291 1364 346 1409 et
384 1354 531 1408 omni
594 1354 850 1407 ltetantur
887 1352 1109 1416 malitia,
1166 1351 1401 1406 maxinte
1459 1360 1639 1405 tamen

58 1447 449 1507 fornicatione,
481 1454 537 1500 et
558 1444 765 1498 nefaria
795 1443 1179 1508 fornicatione,
1217 1459 1281 1497 ac
1308 1444 1480 1497 multo
1515 1457 1634 1496 ma-

58 1540 140 1610 gis
168 1537 473 1594 idololatria
501 1536 743 1607 gaudent
768 1549 782 1586 :
817 1534 939 1603 quia
971 1534 1027 1588 in
1056 1535 1141 1589 his
1162 1550 1361 1604 corpus
1382 1544 1437 1588 et
1457 1533 1638 1587 anima

59 1630 371 1683 maculatur
403 1635 458 1681 et
480 1636 625 1681 totus
659 1626 842 1689 homo,
878 1624 970 1694 qui
990 1634 1134 1678 terra
1157 1623 1483 1693 appellatur,
1540 1637 1638 1691 per

59 1721 164 1775 hoc
208 1719 496 1789 polluitur.
529 1718 636 1771 Sed
681 1716 867 1771 visitat
899 1717 1042 1770 Deus
1105 1725 1331 1779 terram,
1383 1715 1638 1768 videlicet

59 1810 348 1865 hominum
379 1824 571 1877 genus,
598 1814 654 1860 et
684 1807 884 1871 scelus,
918 1807 1020 1872 vel,
1051 1818 1111 1860 ut
1132 1806 1510 1876 Septuaginta,
1544 1806 1631 1857 in-
1666 1792 1710 1851 Β

50 1898 329 1968 justitiam
374 1897 488 1966 ejus
531 1897 587 1949 in
649 1911 791 1956 eam,
834 1895 887 1949 id
915 1904 1163 1965 cst,qua3
1216 1897 1285 1950 ab
1317 1896 1454 1965 ipsa,
1483 1904 1538 1949 et
1582 1895 1636 1947 in

57 1990 409 2059 semetipsam
430 1988 790 2042 committitur
826 2004 839 2040 :
879 1988 947 2042 ab
968 2003 1031 2042 ea
1070 1988 1291 2057 quidem
1321 1988 1413 2058 qui
1441 1987 1510 2041 ab
1538 1987 1633 2040 bo-

60 2068 301 2135 ntiuibus
322 2088 455 2134 sunt
487 2087 796 2149 peccantes,
825 2086 882 2132 et
910 2078 953 2132 si
983 2094 1015 2132 a
1051 2079 1412 2144 daemonibus,
1445 2087 1502 2133 et
1533 2079 1637 2132 hoc

57 2175 455 2249 protrahuntur
483 2173 537 2225 in
558 2171 877 2240 semetipsa.
942 2172 1070 2241 quia
1121 2172 1453 2241 accipientes
1478 2185 1637 2225 occa-

59 2260 274 2314 sionem
305 2260 383 2314 illi
410 2274 475 2314 ει
497 2269 685 2312 nostra
721 2259 1072 2329 negligentia,
1109 2261 1493 2315 contumeliam
1547 2260 1634 2314 in-

57 2361 263 2420 gerunt
293 2362 498 2408 nostra:
524 2364 754 2408 naturae.
788 2353 894 2408 Sed
950 2353 1208 2406 visitante
1237 2346 1349 2407 Deo
1381 2367 1480 2421 per
1517 2350 1636 2405 Sal-

60 2454 200 2498 valor
216 2444 263 2498 is
289 2445 604 2511 adventum,
644 2447 710 2501 de
740 2462 848 2516 quo
877 2444 1170 2500 Zacharias
1191 2445 1426 2506 dicebat,
1504 2457 1637 2513 pro-

57 2539 295 2606 phetans
324 2537 383 2591 in
410 2538 595 2607 januis
619 2554 741 2593 esse
773 2537 986 2600 Domini
1014 2537 1354 2591 nativitatem
1386 2553 1398 2586 :
1440 2535 1634 2589 Visita-

56 2630 128 2682 vit
158 2644 253 2682 nos
314 2630 484 2683 oriens
544 2646 608 2684 ea:
640 2630 752 2705 alto
779 2631 843 2684 ⁶³.
895 2628 1238 2682 llabitatores
1265 2642 1396 2681 suos
1445 2636 1633 2680 nostra

45 2728 273 2793 natura,
308 2720 360 2773 id
391 2729 493 2781 est,
525 2736 621 2775 eos
653 2721 743 2790 qui
764 2737 885 2776 eam
919 2730 1067 2775 sorte
1118 2732 1501 2790 perceperunt,
1549 2720 1631 2772 vel

54 2812 107 2866 in
136 2827 198 2866 ea
216 2826 453 2881 quorum
476 2812 779 2882 principem
807 2813 1011 2866 malum
1033 2811 1201 2866 David
1229 2811 1470 2880 figurans
1487 2810 1632 2879 psal-

52 2905 196 2959 lebat
233 2925 249 2960 :
295 2902 451 2958 Sedet
494 2905 553 2957 in
609 2904 818 2958 insidiis
870 2920 988 2957 cum
1020 2903 1269 2957 divitibus
1321 2903 1378 2954 in
1415 2901 1633 2955 occultis

52 3007 106 3049 ut
152 2996 441 3065 interﬁciat
499 2996 828 3050 innocentem
857 2997 937 3060 “,
1002 2998 1077 3050 ita
1138 3003 1195 3049 ut
1247 2995 1352 3065 ipsi
1418 2993 1628 3063 expulsi

48 3088 295 3155 dicerent
321 3105 334 3141 :
368 3085 427 3141 Si
461 3087 610 3155 ejicis
634 3103 746 3152 nos,
778 3087 928 3140 mitte
948 3102 1042 3166 nos
1077 3087 1133 3139 in
1181 3102 1393 3155 gregem
1447 3101 1632 3152 porco-
1658 3123 1699 3180 ε

48 3197 161 3234 rum
184 3181 255 3232 οδ.
291 3177 518 3248 Propter
546 3179 691 3248 quod
727 3178 1004 3233 custodire
1056 3178 1230 3247 legem
1267 3192 1485 3231 omnem
1534 3192 1630 3245 per

46 3270 270 3343 Moysen
307 3270 644 3341 propalatam
691 3279 747 3325 ct
812 3276 1086 3340 praecepta
1136 3268 1461 3337 evangelicae
1508 3283 1632 3321 con-

45 3363 375 3417 versationis
405 3363 691 3426 debemus,
737 3371 924 3433 utpote
954 3363 1050 3432 qui
1087 3362 1251 3416 talem
1281 3362 1351 3416 ab
1387 3377 1454 3415 eo
1500 3376 1630 3430 per-

45 3456 279 3524 cipimus
313 3455 703 3511 visitationem.

115 3547 283 3601 Vnns.
315 3547 508 3601 26-29.
532 3566 549 3598 ι
582 3546 652 3600 Et
683 3562 790 3599 non
812 3544 976 3599 faciet
1009 3560 1078 3600 ex
1128 3544 1386 3598 omnibus
1441 3543 1630 3597 admo-

43 3639 353 3693 nitionibus
383 3639 523 3702 istis,
574 3646 683 3692 tam
729 3637 986 3707 indigena
1040 3651 1205 3706 quam
1254 3636 1486 3690 colonus
1534 3633 1627 3703 qui

44 3727 432 3798 peregrinatur
457 3728 605 3796 apud
630 3743 745 3782 eos.
772 3725 978 3782 Omnes
1010 3728 1156 3781 enim
1215 3726 1632 3780 exsecrationes

42 3817 173 3871 istas
207 3820 461 3871 fecerunt
484 3818 684 3872 accola:
707 3827 869 3871 terras
897 3820 989 3886 qui
1015 3817 1241 3871 fuerunt
1267 3827 1396 3871 ante
1427 3832 1543 3880 vos,
1574 3824 1631 3870 et
1666 3820 1675 3833 '

41 3908 526 3975 polluerunteam.
579 3908 783 3963 Cavete
828 3924 958 3979 ergo
1003 3924 1076 3964 ne
1129 3917 1184 3964 et
1234 3925 1334 3963 vos
1384 3909 1633 3964 similiter

41 4010 286 4065 evomat,
323 4017 448 4056 cum
482 4003 630 4072 paria
654 4002 902 4059 feceritis
935 4004 1077 4059 sicut
1129 4003 1373 4059 evomuit
1413 4012 1631 4074 gentem

39 4109 159 4163 quae
201 4095 310 4148 fuit
370 4105 496 4150 ante
542 4113 658 4151 vos.
694 4096 886 4153 Omnis
938 4099 1121 4152 anima
1165 4114 1286 4168 quae
1329 4097 1523 4151 fecerit
1563 4096 1633 4151 de

38 4187 549 4243 abominationibus
594 4189 715 4245 istis
746 4191 1046 4260 quidpiam,
1096 4190 1293 4260 peribit
1334 4189 1403 4244 de
1450 4188 1632 4243 medio

36 4278 230 4349 populi
267 4279 372 4332 sui.
405 4298 423 4331 ι

112 4369 364 4425 Reiterat
406 4379 462 4425 ct
515 4374 724 4428 stabilit
778 4375 973 4445 legem,
1038 4385 1093 4430 et
1144 4376 1629 4441 comminationem

1744 539 2257 608 bantantiquiores,
2281 542 2373 610 qui
2430 549 2629 596 terram
2689 548 2933 595 nostram
2986 539 3316 609 polluerunt.

1745 630 1811 686 Hi
1840 647 1968 702 ergo
1987 631 2322 701 antiquiores
2340 631 2500 687 nobis
2555 641 2684 693 sunt
2718 631 2778 686 in
2798 630 3136 693 conditione,
3187 628 3316 698 quia

1744 722 2043 777 invisibiles
2078 730 2207 777 sunt
2224 731 2511 777 creaturae.
2568 721 2887 777 Polluerunt
2919 729 3101 774 autem
3135 718 3317 773 homi-

1744 830 1874 869 num
1914 830 2105 885 genns,
2143 814 2566 870 inobedientiam
2603 814 2653 869 ei
2712 813 2907 878 Adam,
2945 820 3002 866 et
3047 811 3154 884 alia
3191 817 3320 879 post

1744 906 1898 961 illum
1918 907 2058 961 mala
2102 918 2476 978 suggerentes,
2521 906 2690 961 veluti
2738 903 3106 965 mendacium,
3138 902 3315 956 homi-

1743 995 1945 1051 cidium
1973 1002 2028 1050 et
2058 1011 2395 1065 quaecunque
2448 996 2535 1051 his
2568 993 2767 1049 similia
2800 1000 2953 1059 sunt,
2983 990 3058 1046 ita
3094 997 3155 1044 ut
3205 989 3314 1042 Do—

1743 1088 1925 1142 minus
1947 1088 2014 1142 de
2042 1088 2257 1143 diabolo
2282 1088 2490 1143 diceret
2522 1105 2535 1140 :
2561 1085 2660 1141 Ille
2684 1086 2749 1139 ab
2780 1085 2935 1138 initio
2983 1081 3213 1135 mendax
3255 1087 3317 1163 et

1742 1178 2001 1231 homicida
2025 1186 2101 1231 est
2140 1178 2206 1231 ⁵⁷.
2241 1176 2639 1247 Suggesserunt
2695 1184 2882 1230 autem
2909 1173 2988 1228 eis
3023 1173 3117 1242 qui
3163 1185 3321 1225 men-

1744 1278 1853 1323 tem
1878 1269 2144 1323 lubricam
2179 1280 2234 1322 et
2275 1279 2588 1338 vergentem
2617 1268 2684 1321 ad
2742 1266 2947 1320 malum
2987 1263 3266 1317 habebant
3299 1277 3313 1311 :

1743 1375 1868 1414 nam
1906 1375 2009 1413 nec
2034 1359 2192 1424 Abel,
2224 1374 2327 1413 nec
2355 1358 2509 1423 Seth,
2535 1373 2637 1412 nec
2671 1358 2881 1420 Enoch,
2917 1371 3021 1409 nec
3040 1353 3177 1418 Noe,
3212 1366 3318 1407 nec

1741 1454 1865 1508 aliis
1892 1453 2055 1523 justis
2079 1468 2367 1523 suggerere
2394 1461 2712 1521 potuerunt,
2754 1450 2840 1505 vel
2867 1448 3038 1518 magis
3091 1460 3317 1516 sugges-

1743 1555 1953 1609 serunt,
1979 1545 2073 1598 sed
2090 1559 2200 1597 non
2231 1544 2608 1607 obtinuerunt,
2657 1542 2751 1595 sed
2788 1539 2935 1594 irrisi
2967 1545 3095 1592 sunt
3118 1538 3184 1589 ab
3211 1536 3313 1598 eis,

1740 1645 1797 1691 et
1840 1643 2206 1691 recesserunt.
2254 1633 2440 1701 Neque
2488 1632 2634 1686 enim
2689 1628 2895 1684 inimici
2956 1624 3314 1697 cogitationes

1743 1725 2416 1796 ignorantjusti.sicutait
2450 1723 2692 1779 Paulus:
2739 1720 2859 1774 Non
2912 1720 3051 1773 enim
3105 1718 3315 1787 ignora-

1740 1836 1854 1872 mus
1876 1819 2216 1889 cogitationes
2239 1816 2352 1885 ejus
2381 1816 2446 1869 ⁶⁸.
2474 1815 2726 1869 Scientes
2760 1822 2945 1867 autem
2976 1825 3092 1874 eos,
3124 1810 3193 1862 ab
3234 1806 3316 1862 eis

1740 1921 1797 1959 se
1835 1906 2168 1959 custodiunt.
2197 1904 2301 1958 Sed
2327 1904 2449 1957 illos
2477 1903 2699 1972 quidem
2736 1898 3093 1969 intelligibilis
3127 1905 3316 1949 nostra

1738 2007 1880 2051 terra
1909 1995 2125 2049 visitata
2166 2011 2194 2049 a
2232 1996 2384 2059 Deo,‘
2411 2009 2509 2063 per
2534 1992 2833 2047 Salvatoris
2854 1991 3150 2044 adventum
3182 2003 3315 2040 evo-

1737 2091 1896 2144 muit.
1943 2090 2171 2159 Propter
2199 2088 2345 2155 quod
2379 2101 2482 2141 nec
2514 2085 2672 2140 venia
2700 2084 2791 2136 tali
2835 2097 2983 2135 nunc
3010 2082 3206 2150 dignus
3230 2087 3317 2133 est

1738 2180 1863 2233 talia
1885 2194 2138 2249 peccans,
2167 2178 2314 2247 quia,
2336 2183 2622 2249 postquam
2648 2172 2911 2228 destructi
2947 2181 3076 2225 sunt
3096 2169 3186 2238 qui
3213 2183 3316 2223 nos

1738 2272 2026 2335 seducunt,
2062 2282 2115 2325 et
2155 2278 2439 2340 postquam
2475 2267 2720 2322 evomuit
2751 2281 2845 2320 eos
2878 2272 3042 2327 terra,
3092 2277 3195 2316 nos
3251 2276 3314 2314 ea

1736 2380 1856 2433 qua:
1878 2363 1944 2416 ad
1977 2378 2070 2417 eos
2106 2361 2386 2431 pertinent
2424 2359 2723 2422 imitamur,
2781 2365 2843 2433 et
2884 2355 3122 2424 patimur
3166 2349 3313 2420 quod

1738 2455 2002 2508 Dominus
2036 2453 2292 2507 dicebat:
2348 2451 2507 2505 Fiunt
2568 2449 2850 2504 novissima
2897 2445 3120 2500 hominis
3168 2442 3314 2496 illius

1736 2546 1993 2599 deteriora
2016 2544 2275 2614 prioribus
2305 2543 2370 2595 “.
2390 2542 2457 2599 Hi
2486 2542 2634 2595 enim
2683 2540 2776 2610 qui
2801 2547 2923 2609 post
2942 2535 3312 2606 evangelicam

1739 2634 2178 2702 prmdicationem
2208 2633 2262 2687 in
2304 2647 2419 2695 eas,
2450 2647 2570 2702 qua:
2609 2631 2751 2685 dicta
2802 2636 2952 2692 sunt,
2992 2626 3314 2696 ‘impietates

1736 2735 2094 2780 excesserunt
2126 2735 2180 2779 et
2214 2726 2444 2791 scelera,
2467 2724 2583 2778 sive
2607 2721 3067 2782 abominationes,
3090 2723 3315 2787 propter

1734 2814 1961 2868 nimiam
2027 2815 2095 2868 ab
2145 2816 2224 2869 eis
2280 2813 2372 2866 Dei
2418 2812 2785 2876 aversionem,
2818 2818 2969 2863 recte
3024 2807 3150 2861 dicti
3184 2814 3316 2859 sunt

1734 2907 1896 2974 mali;
1919 2916 2057 2961 terra
2089 2908 2349 2961 abhorret
2377 2914 2433 2960 et
2461 2914 2679 2959 cvomct
2701 2904 2823 2958 illos
2856 2920 2869 2956 :
2902 2918 3014 2957 non
3036 2901 3181 2955 enim
3206 2900 3313 2969 iam

1734 3001 1788 3053 in
1817 3000 2096 3054 hominum
2131 2997 2400 3068 portione,
2470 2996 2565 3050 sed
2635 2996 2689 3049 in
2743 2996 3050 3049 daatnonum
3090 2992 3314 3046 ordina-

1733 3091 1941 3144 buntur
1975 3108 1989 3143 :
2023 3088 2322 3158 perdentur
2344 3083 2493 3140 enim
2515 3100 2703 3138 eorum
2752 3084 2970 3138 animm.
2996 3081 3109 3135 lloc
3130 3089 3313 3134 autem

1734 3182 1786 3235 in
1828 3182 2076 3252 gelrenna
2105 3179 2185 3244 fit,
2208 3177 2299 3231 ubi
2335 3176 2569 3230 maxime
2593 3175 2747 3230 locus
2778 3181 2833 3229 ct
2856 3189 2976 3228 sors
3001 3173 3311 3227 d:emonum

1732 3281 1835 3335 est,
1854 3272 1996 3342 quod
2014 3270 2326 3327 manifestat
2341 3269 2604 3324 Dominus
2623 3268 2813 3322 dicens
2835 3285 2846 3320 :
2874 3266 3137 3320 Discedite
3158 3282 3188 3316 a
3211 3280 3312 3329 me,

1733 3363 2019 3426 maledicti,
2052 3363 2108 3414 in
2133 3362 2304 3430 ignem
2333 3369 2610 3422 aeternum,
2646 3358 2735 3429 qui
2765 3364 2990 3425 paratus
3012 3362 3085 3407 est
3103 3352 3316 3406 diabolo

1732 3465 1781 3509 et
1799 3454 2001 3524 angelis
2032 3454 2145 3522 ejus
2174 3453 2241 3507 7°.

1805 3548 1964 3601 Vsus.
2002 3547 2090 3599 '50.
2132 3566 2151 3599 ί
2187 3545 2469 3600 Custodite
2526 3542 2793 3598 mandata
2829 3555 2967 3604 mea,
3005 3537 3175 3592 nolite
3233 3537 3315 3591 fa-

1732 3656 1857 3695 cere
1906 3654 2028 3708 quae
2065 3637 2316 3692 fecerunt
2368 3637 2421 3690 hi
2455 3636 2546 3705 qui
2602 3635 2826 3689 fuerunt
2855 3641 2983 3685 ante
3014 3646 3130 3693 vos,
3164 3638 3219 3682 et
3248 3645 3316 3683 ne

1732 3731 2049 3803 polluamini
2092 3730 2149 3785 in
2206 3728 2305 3783 eis.
2348 3727 2459 3797 Ego
2514 3741 2635 3780 sum
2699 3723 2966 3777 Dominus
3021 3719 3166 3773 Deus
3218 3734 3313 3773 ve-

1733 3834 1867 3881 ster.
1907 3844 1925 3876 ι

1805 3917 1945 3972 Vere
1972 3919 2026 3970 in
2060 3917 2257 3970 duobus
2290 3924 2339 3968 et
2370 3914 2534 3967 tribus
2558 3915 2772 3967 testibus
2800 3920 2904 3965 stat
2967 3925 3118 3963 omne
3197 3923 3332 3983 ver-g

1732 4011 1854 4063 bum
1881 4009 1950 4063 ”¹¹.
1979 4008 2092 4062 Hoc
2125 4023 2253 4076 ergo
2278 4006 2554 4075 legislator
2619 4004 2944 4058 confirmare
2980 4000 3191 4063 volens,
3244 3999 3313 4053 de

1734 4100 1943 4156 eisdem
1972 4099 2133 4154 tertio
2154 4098 2436 4169 praecepit.

1809 4190 2098 4256 Custodite,
2136 4189 2333 4259 inquit,
2372 4189 2628 4242 mandata
2657 4183 2972 4248 mea,nolite
3006 4185 3178 4255 facere
3194 4194 3312 4251 qua:

1737 4284 1970 4354 fecerunt
1991 4281 2045 4333 hi
2083 4280 2173 4350 qui
2200 4282 2412 4351 fuerunt
2460 4289 2582 4332 ante
2624 4294 2731 4332 vos.
2771 4276 2837 4331 Ut
2885 4272 3137 4329 ostendat
3184 4271 3310 4341 quia

1734 4388 1843 4426 non
1877 4370 2119 4425 hominis
2153 4371 2468 4440 cujuslibet,
2498 4371 2593 4425 sed
2646 4370 2820 4440 ipsius
2864 4367 2958 4422 Dei
2990 4373 3121 4420 sunt
3152 4379 3314 4418 man-

38 4463 350 4518 conlirmat.
385 4463 560 4519 Etiam
595 4466 711 4520 haec
736 4482 925 4521 rursus
946 4468 1175 4531 addens,
1212 4484 1431 4538 poenam
1468 4483 1615 4521 man~
1658 4465 1702 4519 D
1730 4464 1883 4519 data.
1923 4464 2027 4530 Qui
2080 4466 2356 4534 quomodo
2402 4464 2600 4519 debeat
2627 4462 2914 4527 custodiri,
2951 4476 3063 4516 non
3118 4460 3311 4521 verba,

36 4554 129 4610 dat
165 4566 396 4622 terrere,
444 4565 500 4611 et
531 4559 745 4628 erigere
796 4574 896 4613 nos
945 4560 1134 4615 volens
1178 4560 1245 4614 ad
1301 4561 1519 4616 vitanda
1561 4576 1625 4615 ea

35 4660 156 4714 qua:
177 4647 374 4711 vetuit,
407 4656 465 4702 ut
492 4664 604 4703 non
633 4650 704 4713 ei,
729 4666 891 4719 quam
920 4651 1282 4706 comminatus
1308 4661 1414 4717 est,
1449 4669 1625 4722 paena:

36 4736 418 4806 subjiciamur.
446 4738 579 4804 Quae
614 4750 699 4795 est
727 4743 872 4797 enim
901 4744 1017 4821 huic
1045 4745 1242 4800 anima:
1265 4746 1541 4815 perditio?
1569 4746 1621 4800 id

34 4836 140 4893 est,
166 4845 333 4898 quam
366 4831 457 4886 hic
489 4834 697 4902 peccati
724 4836 993 4903 praevenit
1017 4852 1186 4901 mors,
1222 4838 1463 4907 complet
1492 4852 1623 4909 ergo

35 4918 90 4971 in
125 4919 371 4976 futurum
397 4924 669 4993 gehenna.
721 4927 814 4982 Ait
850 4928 995 4982 enim
1060 4928 1324 4983 Dominus
1356 4947 1370 4982 :
1429 4930 1624 4985 Timete

34 5028 157 5065 eum
199 5016 290 5084 qui
314 5025 481 5085 potest
501 5027 551 5071 et
579 5034 767 5088 corpus
811 5028 859 5072 et
890 5020 1131 5073 animum
1171 5023 1394 5086 perdas
1442 5021 1497 5074 in
1544 5039 1626 5092 ge-

33 5104 213 5156 Itenna
239 5107 305 5160 “.
333 5107 566 5179 Propter
580 5112 731 5180 quod
764 5104 872 5165 tam
933 5112 1189 5176 incolam,
1223 5113 1277 5166 id
1337 5121 1441 5176 εει,
1498 5129 1623 5169 eum

36 5191 463 5263 quiapatribus
492 5200 548 5253 in
567 5202 683 5272 lege
712 5203 956 5256 nutritus
994 5211 1096 5268 est,
1151 5213 1208 5256 et
1264 5203 1333 5257 ab
1394 5203 1624 5258 infantia

37 5288 236 5341 doctus
264 5295 350 5341 est
377 5289 610 5354 litteras,
646 5309 807 5363 quam
836 5294 1190 5364 proselytum,
1226 5296 1391 5365 etqui
1420 5295 1623 5365 adjun-

34 5387 158 5430 ctus
180 5388 266 5433 est
296 5380 476 5445 nobis,
499 5383 552 5437 id
570 5393 674 5448 est,
700 5400 826 5439 eum
845 5387 937 5455 qui
960 5386 1167 5441 deforis
1182 5389 1344 5443 nobis
1368 5388 1619 5457 adjectus

36 5480 142 5533 est,
173 5472 265 5539 qui
299 5471 537 5527 interius
565 5489 781 5539 sumus,
810 5479 1067 5534 recedere
1090 5480 1161 5533 ab
1192 5479 1620 5534 abominationi-

1733 4558 1826 4612 sed
1863 4572 2052 4627 opere,
2104 4557 2419 4612 incarnatus
2474 4573 2574 4627 per
2626 4572 2807 4613 suam‘
2838 4553 3311 4611 conversationem

1733 4651 1997 4705 ostendit.
2030 4649 2100 4704 Ut
2131 4665 2243 4704 non
2277 4650 2540 4706 faciamus
2580 4661 2760 4704 autem
2792 4648 2975 4702 omnia
3004 4660 3126 4715 qua:
3164 4633 3313 4698 fecei

1733 4752 1865 4799 runt
1895 4743 1949 4796 hi
1995 4745 2085 4812 qui
2122 4735 2344 4797 fuerunt
2372 4751 2501 4795 ante
2555 4756 2678 4804 nos,
2715 4739 3033 4793 necessarie
3056 4735 3266 4789 addidit
3295 4774 3309 4797 ,

1733 4846 1795 4891 ut
1819 4836 2085 4890 sciremus
2111 4835 2237 4901 quia
2267 4835 2480 4887 veniam
2516 4831 2878 4901 peccantibus
2912 4845 3024 4882 non
3059 4834 3306 4897 praestat.

1732 4927 1888 4995 Quod
1920 4925 2294 4996 prince-dentes
2325 4924 2416 4977 alii
2444 4923 2662 4992 quidam
2687 4921 2883 4975 similia
2906 4919 3141 4989 posteris
3158 4932 3313 4972 com-

1732 5021 2001 5077 miserunt
2026 5026 2250 5088 peccata
2276 5036 2292 5074 :
2319 5016 2557 5088 primum
2616 5016 2860 5086 quidem,
2889 5014 3014 5083 quia
3048 5027 3153 5065 nec
3204 5009 3312 5063 illis

1732 5114 1890 5170 venia
1918 5113 2041 5169 data
2078 5120 2181 5173 est,
2210 5112 2306 5167 sed
2336 5109 2515 5180 ptenis
2532 5105 3062 5177 cqndemnatisunt;
3087 5102 3307 5169 deinde,

1732 5209 1859 5279 quia
1891 5203 2319 5276 praecedentium
2347 5218 2506 5274 poena
2526 5202 2800 5257 sufficiens
2831 5208 2951 5255 erat
2984 5199 3052 5254 ad
3075 5214 3311 5267 sequen-

1733 5311 1819 5356 tes
1842 5299 2224 5371 corrigendos;
2258 5300 2486 5369 insuper
2538 5298 2665 5368 quia
2699 5298 2812 5351 Deo
2842 5295 2910 5350 de
2940 5295 3147 5350 eisdem
3172 5308 3308 5348 con-

1684 5447 1695 5461 ,
1732 5402 1966 5448 testante
1997 5408 2141 5462 saepe
2172 5409 2272 5463 per
2306 5394 2503 5464 legem,
2534 5400 2588 5446 et
2618 5389 2949 5459 Prophetas,
2975 5396 3029 5442 ct
3062 5388 3310 5456 Evange-

1728 5484 1821 5550 lia,
1841 5484 2128 5554 Oportebat
2143 5485 2209 5538 ad
2232 5482 2597 5538 obedientiam
2619 5480 2764 5536 ﬂecti
2793 5479 3092 5550 quamlibet
3108 5477 3304 5532 durum

187 5647 347 5727 Deut.
389 5664 503 5727 vlt_,_
525 5650 656 5727 20,__
768 5652 897 5727 Luc.
929 5670 967 5716 ι,
998 5656 1088 5709 28.
1170 5655 1214 5687 εδ
1243 5655 1388 5727 Psal.
1416 5674 1489 5721 Ix,
1513 5659 1566 5711 5.

1746 5660 1933 5714 Matth.
1968 5676 2084 5719 \‘lll,
2106 5661 2193 5713 51.
2274 5662 2316 5690 ¹⁴⁶
2344 5660 2529 5714 Matth.
2556 5677 2608 5725 κ,
2641 5660 2726 5714 9.8.
2777 5622 2856 5692 ’⁸⁷
2883 5660 3040 5716 Joan.
3064 5673 3181 5727 vttt,
3214 5656 3302 5710 Η.

44 5714 87 5745 ⁸³
119 5714 164 5769 ιι
189 5717 316 5772 Cor.
346 5734 421 5781 tu,
449 5720 534 5774 ll.

615 5722 658 5753 “9
690 5719 1004 5792 Matthaxn,
1036 5727 1124 5783 45.
1203 5727 1249 5759 ὀ
1271 5719 1620 5795 Μειιιιιζχκγ,

1809 5732 1850 5762 ⁷¹
1883 5731 2073 5786 Matth.
2099 5746 2251 5798 xvttt,
2285 5732 2370 5786 lli.
