3810 6318
432 309 578 375 1019
1610 312 1989 376 ‘HESYCHII
2028 317 2501 377 PRESBYTERI
3597 314 3731 380 1039

428 444 545 484 cor.
580 427 685 483 Sed
723 427 846 483 vide
874 429 1070 499 quibus
1118 439 1443 500 praesentem
1475 431 1818 487 sanctionem
1870 448 2008 488 con-
2041 444 2081 497 Α
2113 435 2254 495 estis,
2290 445 2339 487 et
2374 435 2590 501 spiritus
2621 432 2717 487 Dei
2765 433 2972 486 habitat
3020 434 3077 486 in
3138 434 3279 487 vobis
3300 434 3325 486 .’
3399 432 3731 503 Quicunque

433 518 891 573 tirmavitverbis.
2126 543 2247 594 ergo
2267 525 2513 594 templum
2560 523 2654 577 Dei
2677 525 2970 589 violaverit,
3028 527 3292 594 disperdet
3348 526 3517 579 illum
3568 526 3725 587 Deus.

503 609 584 663 Ne
611 610 926 677 polluamini
950 613 1006 664 in
1031 613 1123 676 eis,
1162 612 1288 681 quia
1317 627 1411 681 ego
1434 627 1553 664 sum
1594 610 1852 666 Dominus
1876 612 2014 667 Deus
2126 614 2376 682 templum
2426 614 2567 667 enim
2625 613 2720 667 Dei
2768 625 3012 668 sanctum
3033 624 3129 679 est,
3195 618 3338 685 quod
3368 618 3509 669 estis
3540 633 3638 670 vos
3665 618 3723 670 τ’.

432 711 635 766 uester,
681 718 871 757 omnes
900 718 995 757 vos
1050 719 1081 757 a
1127 703 1426 772 pollutione
1478 705 1747 759 mundare
1798 704 2008 759 volens.
2121 703 2565 758 Consummatam
2606 719 2734 774 ergo
2781 704 3270 760 sanetificationem
3305 707 3725 795 custodientes.

430 791 571 858 Quia
600 793 889 862 imaginem
923 795 1044 862 ejus
1072 775 1392 849 circumdati
1440 811 1650 862 sumus,
1700 806 1754 851 et
1803 798 2010 867 polluta
2120 803 2289 851 totam
2314 799 2367 850 in
2422 798 2584 852 nobis
2634 798 2901 852 habemus
2961 786 3371 853 inhabitantem
3430 788 3724 855 Trinitatis

432 882 652 952 quidem
721 900 802 948 ea,
855 899 886 937 a
939 885 1182 954 qualibet
1223 900 1432 949 earum,
1485 902 1608 955 qua:
1641 889 1826 942 vetitae
1857 898 2008 953 sunt,
2118 888 2540 958 plenitudinem,
2569 889 2615 942 si
2654 897 2833 941 tamen
2878 888 3141 957 templum
3174 887 3271 942 Dei
3308 904 3546 953 sumus,
3578 891 3723 944 vide-

435 976 702 1029 malarum
735 985 791 1030 et
823 976 1159 1030 nefariarum
1187 978 1423 1042 actione,
1474 979 1784 1033 necessarie
1816 980 2008 1034 irasci-
2117 980 2246 1034 licet
2285 979 2480 1041 Patris,
2527 977 2731 1033 Christi
2757 987 2941 1033 autem
3000 994 3203 1047 corpus
3237 986 3298 1033 et
3323 980 3623 1042 membra,
3672 993 3720 1034 et

435 1076 566 1118 tur:
597 1064 797 1117 munda
827 1075 1012 1120 antem
1065 1076 1407 1132 conservata,
1457 1066 1512 1119 in
1576 1077 1783 1121 tantum
1831 1069 2009 1138 placet
2118 1070 2357 1141 Spiritus
2386 1081 2609 1126 sanctus
2640 1072 2692 1124 in
2729 1072 2887 1125 nobis
2944 1070 3177 1136 habitat,
3221 1071 3279 1125 in
3312 1070 3557 1126 Christo
3594 1072 3717 1127 ἔδει

436 1163 500 1207 nt.
528 1154 689 1208 etiam
715 1155 985 1210 inhabitet
1014 1158 1067 1210 in
1098 1157 1275 1220 nobis,
1299 1157 1446 1225 quod
1475 1158 1788 1212 manifestat
1812 1157 2010 1213 Paulus
2115 1162 2344 1216 Domino
2376 1171 2587 1223 nostro,
2630 1161 2717 1215 cui
2735 1161 3033 1231 est’gloria,
3058 1162 3258 1229 honor,
3295 1171 3353 1218 et
3378 1177 3648 1234 regnum,
3665 1163 3713 1216 in

436 1253 729 1315 utrumque
758 1264 773 1314 ;
817 1246 892 1301 ait
923 1262 1053 1319 ergo
1077 1248 1192 1303 sic:
1224 1247 1450 1302 Nescitis
1480 1250 1605 1318 quia
1625 1247 1877 1321 templum
1911 1249 2008 1303 Dei
2117 1252 2313 1306 Stccula
2344 1252 2695 1307 saeculorum.
2722 1254 2918 1308 Amen.

465 1425 517 1442 ιιι

520 1428 3247 1455 mm

1516 1593 1930 1685 LIBER
2023 1527 2577 1728 SEXTUS.

2045 1812 2121 1829 ρ

1015 1958 1433 2024 PR/EFATIO,
2033 1964 2076 2023 Β
2108 1961 2426 2031 sionemque
2443 1962 2728 2035 removet),
2744 1964 3231 2022 sanctiﬁcationem
3251 1970 3697 2039 consequimini;

2108 2063 2333 2107 sanctus
2367 2064 2552 2110 autem
2575 2058 2832 2129 conjungi
2881 2058 3129 2129 profanis
3153 2075 3265 2115 non
3292 2062 3531 2130 patitur.
3584 2063 3706 2120 Pro-

2107 2155 2293 2213 pterea
2323 2146 2522 2202 Paulus
2544 2150 2762 2204 diccbat
2795 2168 2808 2203 :
2853 2151 3083 2206 Nescitis
3116 2155 3245 2224 quia
3296 2157 3568 2225 templum
3620 2158 3705 2211 Dei

2106 2237 2334 2290 estis?et
2363 2239 2582 2304 spiritus
2615 2239 2713 2292 Dei
2765 2241 2970 2294 habitat
3037 2243 3093 2295 in
3151 2243 3338 2298 vobis?
3392 2246 3705 2317 Quicunque

2106 2336 2283 2381 autem
2321 2330 2572 2397 templum
2616 2332 2833 2386 Domini
2875 2334 3169 2401 violaverit,
3226 2338 3507 2407 disperde:
3562 2342 3704 2394 illa:

2105 2418 2266 2472 Deus.
2288 2419 2557 2489 Templum
2580 2424 2720 2476 enim
2742 2424 2836 2477 Dei
2853 2435 3094 2479 sanctum
3112 2436 3205 2494 est,
3227 2432 3373 2499 quod
3387 2432 3522 2485 estis
3540 2449 3628 2485 eos
3645 2434 3701 2484 ".

2184 2509 2645 2579 Superaediﬁcans
2667 2523 2852 2568 autem
2878 2519 3135 2572 mandata
3166 2533 3341 2589 super
3368 2522 3485 2575 hoc
3515 2523 3702 2578 funda-

2107 2610 2373 2667 mentum,
2425 2616 2578 2659 extra
2629 2607 2773 2676 quod
2819 2624 2982 2663 nemo
3028 2620 3213 2680 potest
3258 2628 3485 2682 ponere
3517 2618 3697 2672 aliud:

2113 2691 2492 2764 Unusquisque,
2534 2697 2630 2761 ait,
2675 2709 2904 2767 patrem,
2954 2712 3004 2755 et
3042 2715 3262 2758 matrem
3298 2722 3467 2759 suam
3501 2711 3697 2763 timeat.

2105 2781 2210 2836 Per
2238 2787 2726 2844 sanetiticationem
2761 2793 2981 2861 quidem
3033 2810 3228 2864 puram
3264 2809 3528 2853 mentem
3586 2818 3701 2871 erga

2105 2872 2420 2930 Creatorem
2449 2880 2738 2947 mandans,
2776 2898 2872 2951 per
2902 2885 3166 2941 honorem
3210 2897 3403 2942 autem
3441 2893 3625 2960 patris
3652 2900 3702 2946 et

2105 2969 2295 3023 matris
2331 2970 2594 3040 impendi,
2624 2984 2833 3031 natura:
2876 2977 3294 3049 benignitatem,
3352 2998 3489 3051 quae
3510 3000 3703 3054 paren—

2106 3058 2254 3114 tibus
2277 3061 2564 3128 honorem,
2599 3066 2696 3120 sed
2730 3069 3067 3148 etotimorem
3100 3071 3292 3129 deberi
3318 3089 3350 3127 a
3379 3073 3538 3139 filiis,
3558 3078 3698 3131 sicut

2106 3148 2371 3207 Dominus
2405 3154 2579 3209 dedit.
2609 3158 2813 3213 Deinde
2864 3161 2998 3232 legis
3038 3163 3299 3218 mandata
3326 3168 3701 3236 reeapitulare

2109 3242 2320 3309 volens,
2349 3245 2402 3299 id
2428 3254 2532 3309 est,
2583 3247 2704 3302 Non
2760 3253 2992 3317 occides;
3050 3253 3171 3307 Non
3202 3256 3485 3325 fut-aberis
3530 3276 3550 3313 :
3587 3262 3700 3315 Non

2110 3335 2444 3392 adulterabis
2475 3356 2494 3393 :
2522 3342 2645 3394 Non
2659 3342 2961 3412 perjurabis
2991 3359 3010 3398 :
3058 3344 3183 3399 Non
3239 3364 3492 3405 mutes
3520 3370 3701 3407 nomen

2105 3426 2320 3483 Domini
2357 3430 2456 3485 Dei
2476 3433 2554 3486 tui
2590 3434 2646 3486 in
2673 3450 2869 3488 vanum
2897 3451 2916 3489 :
2942 3435 3063 3490 Non
3110 3440 3452 3505 concupisces
3482 3461 3695 3498 uxorem

2103 3519 2333 3586 proximi
2355 3521 2433 3573 tui
2461 3536 2480 3574 :
2523 3529 2580 3575 et
2628 3530 2690 3576 ut
2745 3522 2985 3578 breviter
3033 3525 3439 3583 continentiam
3491 3548 3524 3586 a
3565 3536 3696 3587 malo

2103 3607 2430 3676 praeciperet
2458 3626 2473 3676 ;
2498 3608 2732 3665 Sabbato
2769 3629 2887 3667 mea
2943 3617 3221 3682 custodite,
3290 3622 3696 3679 rationabiliter

2105 3697 2348 3752 subdidit
2379 3739 2394 3765 ,
2426 3701 2553 3769 quia
2576 3718 2766 3758 verum
2796 3704 3101 3760 Sabbatum
3130 3717 3219 3763 est
3254 3710 3477 3766 nullum
3513 3732 3692 3769 corru-

2103 3788 2308 3857 ptionis
2328 3777 2467 3859 opus
2499 3794 2712 3861 operari
2742 3815 2755 3849 :
2797 3811 2929 3849 nam
2953 3805 3010 3851 et
3030 3812 3194 3852 omne
3223 3815 3368 3868 opus
3396 3807 3604 3860 servile
3640 3808 3690 3861 in

2103 3879 2341 3937 Sabbato
2358 3898 2477 3938 non.
2494 3885 2635 3951 fieri,
2668 3886 2886 3958 Moyses
2922 3891 3185 3958 prteeepit
3216 3904 3449 3962 :aperte
3472 3897 3547 3950 ah
3568 3914 3691 3967 ope-

2104 3973 2256 4029 ribus
2276 3978 2481 4044 carnis,
2506 3995 2629 4049 qua:
2658 3991 2789 4035 sunt
2817 3981 3133 4049 fornicatio,
3205 3986 3599 4055 immunditia,
3641 4002 3687 4045 et

997 4079 1222 4139 CAPUT
1258 4084 1404 4141 χιχ,
2103 4065 2301 4122 similia
2331 4069 2440 4136 his,
2469 4087 2662 4128 cavere
2685 4075 3011 4146 praecipiens
3045 4091 3173 4132 eum
3220 4081 3314 4149 qui
3387 4083 3684 4138 Sabbatum

2105 4161 2380 4219 celebrare
2413 4165 2528 4221 vult
2580 4169 2883 4224 secundum
2933 4171 3107 4243 legem
3139 4173 3393 4243 spiritus.
3428 4177 3542 4233 Sed
3594 4196 3683 4234 nec
3736 4257 3741 4260 .

500 4231 657 4289 Vsus.
693 4236 804 4291 1-4.
828 4254 849 4289 t
886 4238 1129 4295 Locutus
1158 4250 1246 4297 est
1271 4243 1537 4301 Dominus
1566 4248 1633 4303 ad
1668 4249 1886 4321 Moysen
1917 4253 2006 4307 di-
2103 4267 2319 4310 causam
2359 4256 2577 4311 Sabbati
2607 4259 2860 4330 ignorare
2905 4231 3139 4333 oportet,
3166 4231 3244 4319 sic
3267 4270 3483 4322 etenim
3518 4271 3681 4324 virtu-

425 4338 590 4381 ccns:
618 4325 862 4396 Loquere
886 4329 953 4384 ad
984 4346 1201 4386 omnem
1232 4344 1434 4389 costum
1470 4337 1706 4396 filiorum
1733 4342 1917 4410 Israel,
1950 4354 2007 4401 et
2105 4357 2212 4402 tem
2260 4348 2412 4419 legis,
2461 4367 2581 4420 qua:
2617 4353 2685 4406 de
2742 4369 2809 4409 eo
2854 4363 2959 4420 est,
2999 4359 3254 4413 sciemus.
3305 4359 3547 4425 Quando
3566 4379 3681 4433 ergo

426 4419 576 4473 dices
622 4421 690 4474 ad
743 4436 837 4476 eos
873 4443 887 4478 :
935 4424 1120 4479 Sancti
1171 4435 1369 4493 estote,
1394 4430 1520 4498 quia
1565 4440 1619 4487 et
1641 4450 1741 4504 ego
1781 4447 2006 4495 sanctus
2103 4438 2325 4496 Sabbati
2352 4419 2669 4498 mandatum
2698 4444 2839 4502 Dens
2869 4447 3062 4502 dedit?
3114 4459 3348 4519 putasne
3413 4455 3523 4508 sub
3554 4422 3677 4519 Nec,

425 4525 546 4564 sum
571 4511 1005 4571 DominusDeus
1027 4527 1229 4574 vester.
1264 4519 1653 4592 Unusquisque
1678 4535 1886 4594 patrem
1948 4540 2005 4586 et
2104 4533 2321 4600 quando
2353 4549 2463 4587 non
2499 4537 2711 4590 comedi
2746 4539 3072 4608 sanguinem
3114 4511 3419 4611 praecepit?
3478 4560 3675 4615 nequa-

426 4609 654 4655 matrem
692 4617 848 4658 suam
878 4605 1083 4661 timeat.
1120 4608 1354 4667 Sabbato
1383 4627 1503 4667 mea
1534 4617 1825 4673 custodite.
1887 4618 1999 4690 Ego
2033 4637 2077 4692 ι)
2103 4639 2287 4693 quam,
2320 4626 2416 4680 sed
2436 4627 2538 4682 sub
2564 4605 2871 4692 Abraham,
2894 4646 3056 4698 quem
3077 4605 3266 4687 habuit
3289 4605 3538 4691 amicum

429 4693 689 4750 Dominus
724 4694 866 4752 Deus
893 4707 1094 4755 vester.
1119 4701 1302 4758 Nolite
1326 4706 1569 4761 converti
1588 4706 1656 4762 a'd
1696 4708 1861 4777 idola,
1894 4728 1999 4769 nec
2100 4715 2231 4781 lem,
2261 4733 2423 4787 quem
2453 4719 2726 4788 probavit,
2763 4730 2821 4775 et
2849 4693 3137 4791 nunquam
3163 4723 3232 4778 ab
3265 4739 3335 4779 eo
3361 4729 3674 4783 mandatum

423 4786 556 4842 deos
592 4788 897 4846 conflatiles
925 4791 1136 4850 facietis
1166 4795 1343 4862 vobis,
1372 4813 1473 4869 ego
1507 4799 1791 4858 Dominus.
1835 4823 1854 4855 ι
2102 4786 2304 4862 bonum
2328 4786 2633 4864 abscondit.
2659 4811 2766 4865 Sed
2787 4827 2893 4867 nec
2920 4786 3071 4878 tunc,
3119 4815 3341 4884 quando
3402 4817 3475 4871 de
3545 4830 3675 4872 terra

495 4879 663 4936 Recte
713 4884 1201 4942 sanetiticationem
1268 4896 1585 4961 praeposuit,
1640 4898 1769 4964 quia
1819 4898 2000 4954 omnis
2100 4897 2317 4970 Egypti
2365 4900 2625 4970 populum
2658 4901 2974 4957 Judatornm
3045 4879 3334 4969 eduxit,ct
3378 4908 3677 4961 esurientes

425 4971 644 5029 virtutis
663 4984 748 5030 est
768 4975 1208 5035 fundamentum.
1236 4982 1408 5048 Quam
1457 4988 1588 5055 quia
1641 4990 1842 5044 sectari
1875 5008 1990 5046 tno-
2104 5000 2604 5056 murmuraverunt,
2633 4990 2919 5047 dicentes:
2953 4991 3167 5046 Utinam
3194 4995 3391 5046 mortui
3407 4995 3677 5062 fuissemus

425 5064 510 5119 dis
537 5069 791 5124 omnibus
828 5079 1045 5140 oportet
1090 5071 1367 5144 legislator
1406 5079 1726 5149 ostendens,
1794 5097 1999 5136 conve-
2102 5094 2195 5147 per
2247 5096 2464 5135 manum
2526 5081 2734 5135 Domini
2764 5083 2817 5135 in
2845 5092 2987 5137 terra
3030 5082 3271 5154 Egypti,
3296 5088 3509 5156 quando
3540 5089 3679 5141 sede-

425 5156 641 5212 nienter
663 5160 774 5215 ait:
2103 5169 2284 5224 bamus
2308 5187 2466 5239 super
2494 5172 2627 5226 ollas
2654 5175 2915 5239 carnium,
2941 5184 2989 5227 et
3020 5176 3425 5231 comedebamus
3448 5181 3677 5247 parnasia

496 5248 678 5304 Sancti
699 5260 878 5320 estote,
902 5256 1028 5325 quia
1051 5273 1144 5327 ego
1171 5269 1385 5312 sanctus
1429 5276 1545 5314 sum
1581 5261 1839 5337 Dominus
1864 5264 2000 5321 Deus
2103 5264 2443 5317 saturitatem
2466 5265 2512 5296 ⁷⁵
2540 5265 2552 5317 ἶ
2596 5265 2970 5335 Misitquidem
2996 5268 3078 5321 eis
3104 5267 3249 5323 Deus
3297 5286 3523 5336 ιιιειωιαν
3588 5275 3676 5329 (Ιο-

427 5350 616 5396 vester.
651 5343 707 5399 ld
733 5347 894 5408 est,si
929 5348 1082 5402 vobis
1112 5348 1287 5416 placet
1309 5351 1521 5419 placere
1539 5355 1669 5418 Deo,
1699 5358 1999 5414 autadesse
2107 5368 2237 5409 cens
2265 5364 2446 5409 autem
2474 5370 2576 5411 nos
2599 5363 2873 5425 oportere,
2901 5372 3023 5426 quae
3058 5359 3293 5427 amplius
3318 5376 3485 5429 quam
3507 5369 3676 5433 quoli-

433 5432 735 5499 vobiscum,
762 5436 847 5489 vel
879 5437 1052 5507 magis
1072 5452 1193 5492 esse
1217 5454 1339 5493 cum
1377 5455 1444 5494 eo
1504 5441 1666 5497 vultis
1696 5444 1812 5514 (Dei
1845 5447 1995 5501 enim
2107 5443 2328 5500 dianum
2344 5446 2550 5511 cibum,
2588 5461 2699 5501 non
2728 5446 3078 5516 praecipiebat
3103 5448 3227 5517 plus
3253 5449 3326 5504 de
3353 5449 3565 5505 Gomor
3586 5469 3674 5522 per

430 5524 718 5601 praesentia
743 5535 798 5580 et
822 5528 1134 5598 conjunctio
1157 5545 1347 5585 omnes
1399 5546 1429 5584 a
1456 5532 1609 5587 vobis
1653 5534 1875 5590 insidias
1906 5536 1997 5590 lte-
2110 5536 2321 5607 singula
2343 5538 2522 5621 capita
2553 5536 2727 5609 colligi
2765 5555 2788 5608 ~:
2827 5551 3080 5592 mensura
3125 5546 3306 5593 autem
3357 5541 3479 5596 haec
3536 5543 3672 5612 apud

501 2095 716 2163 Quanta
746 2098 887 2152 bona
919 2101 985 2156 ad
1016 2103 1425 2157 meditationem
1451 2103 1585 2174 legis
1617 2115 1673 2159 et
1730 2105 2005 2174 interpre-

431 2188 691 2244 tationem
730 2200 972 2246 mentem
1060 2195 1476 2261 transferentes,
1524 2196 1820 2264 lucremur,
1874 2198 2005 2267 quid

430 2296 566 2350 opus
587 2291 669 2336 est
696 2283 922 2338 dicere?
952 2283 1137 2355 Neque
1158 2288 1304 2342 enim
1336 2290 1512 2343 solum
1541 2292 1772 2346 virtutes
1795 2301 1999 2348 conse-

428 2371 667 2439 quimur,
708 2374 804 2428 sed
834 2385 890 2430 et
918 2378 1056 2431 mala
1087 2380 1390 2441 renuimus,
1457 2398 1524 2435 ex
1585 2383 1750 2452 hujus
1797 2386 2002 2451 studio,

372 2444 379 2452 ’
428 2474 644 2514 necnon
707 2478 947 2518 amorem
1004 2468 1340 2536 acquirimus
1384 2469 1499 2533 Dei,
1542 2473 2003 2543 pulchritudinem

428 2552 706 2619 sapientia:
736 2556 857 2623 ejus
885 2556 1176 2624 discentes,
1209 2560 1478 2633 simulque
1505 2578 1534 2615 a
1557 2565 1804 2618 saeculari
1852 2566 2005 2623 fumo

425 2643 644 2697 oculum
681 2645 878 2700 animae
908 2649 1218 2714 liberamus,
1256 2664 1310 2706 et
1337 2655 1703 2723 corruptionis
1751 2657 2004 2713 humana:

429 2731 699 2784 sustinere
730 2748 1010 2788 cessamus
1031 2736 1347 2804 imperium,
1370 2750 1426 2792 et
1460 2743 1779 2797 excedimus
1841 2744 1998 2799 dein-

431 2833 563 2889 ceps
593 2820 872 2887 homines,
907 2838 1073 2878 carne
1105 2826 1228 2889 hac,
1261 2844 1382 2896 quae
1425 2839 1597 2884 estex
1631 2840 1846 2888 terrena
1885 2851 2004 2891 ma-

434 2911 590 2974 teria,
620 2912 873 2967 viventes
898 2915 1207 2982 sublimius,
1230 2946 1239 2954 ο
1265 2919 1350 2972 vel
1381 2921 1551 2991 magis
1581 2924 1846 2979 etiicimur
1901 2927 2002 2982 bo-

429 3002 625 3057 mines.
656 3001 906 3058 Hominis
924 3006 1069 3059 enim
1099 3017 1181 3062 est
1207 3009 1471 3064 rationale
1497 3000 2005 3084 contemplativum—

429 3107 537 3160 que
574 3094 877 3162 proprium,
914 3097 1059 3151 unde
1089 3106 1145 3152 et
1166 3099 1233 3153 ad
1278 3100 1569 3171 imaginem
1628 3105 1722 3158 Dei
1786 3117 2005 3184 creatus

430 3181 654 3236 dicitur.
680 3182 808 3239 Haec
836 3195 1022 3241 autem
1051 3190 1210 3244 nobis
1249 3207 1347 3261 per
1383 3193 1623 3247 studium
1674 3206 1731 3250 et
1767 3181 2003 3270 occupa-

431 3270 636 3326 tionem
662 3273 805 3330 circa
832 3277 1060 3333 verbum
1089 3278 1182 3334 Dei
1221 3284 1575 3351 proveniunt.
1610 3285 1837 3356 Propter
1856 3292 2000 3359 quod
2033 3296 2078 3355 α

430 3356 655 3413 Levitici
685 3361 808 3417 libri
837 3368 1122 3435 sequentia
1150 3384 1558 3438 percurramus,
1583 3375 1815 3430 multum
1836 3356 2001 3447 juva-

428 3464 556 3503 men
583 3450 1258 3522 legentibusconferentia.
1288 3462 1381 3517 Dei
1401 3464 1549 3518 enim
1575 3475 1706 3520 sunt
1723 3471 2002 3540 mandata,

428 3543 743 3600 adumbrata
766 3549 988 3617 quidem
1015 3550 1072 3605 in
1104 3553 1351 3622 pluribus
1374 3566 1600 3627 propter
1630 3560 2003 3621 inﬁrmitatem

428 3636 613 3704 populi
641 3637 951 3696 .ludasorum
984 3644 1041 3699 in
1086 3646 1313 3703 littera:
1362 3649 1759 3718 perfectionem
1820 3663 2003 3717 autem

429 3730 733 3785 secundum
760 3732 996 3790 litteram
1045 3738 1285 3794 intuenti
1333 3752 1616 3811 praestant,
1670 3754 1725 3800 et
1762 3762 2004 3803 consona

428 3817 784 3878 inveniuntur
800 3841 884 3893 ea,
917 3844 1039 3897 quae
1059 3846 1161 3900 per
1197 3831 1417 3905 Moysen
1438 3837 1582 3893 dicta
1629 3849 1779 3906 sunt,
1832 3842 1879 3896 si
1918 3842 2004 3899 itt-

430 3918 814 3986 terpretentur,
846 3915 1156 3994 Evangelia.

503 5687 874 5771 "lCor.tn,
916 5708 994 5772 ιθ,
1031 5710 1111 5761 l7.
1189 5711 1234 5743 τι
1258 5710 1386 5766 ibid.
1466 5710 1926 5769 "Exod.xvt.5:
