3810 6318
155 364 316 437 1021

1321 369 1405 429 IN
1446 369 1885 432 LEVITICUM.
1920 396 1991 406 -—
2028 372 2175 431 LIB.
2211 322 2314 434 Vi.

3311 371 3447 438 1022

132 490 400 547 Iudaeos
455 488 593 554 erat,
640 470 771 555 quae.
797 491 1014 555 poterat
1064 500 1515 563 unumquemque
1549 488 1761 542 nutrire
1790 495 1837 549 Α
1866 491 1922 544 in
1972 506 2080 560 quo
2109 505 2172 544 ea
2219 506 2341 561 quae
2396 490 2674 562 pertinent
2723 490 2790 545 ad
2839 466 3069 545 salutem
3128 474 3465 560 cperemur.'

155 583 480 638 hominem.
517 577 673 632 Tunc
701 593 831 647 ergo
859 577 1059 638 docere
1087 594 1184 634 eos
1213 579 1282 634 de
1311 580 1639 650 intelligibili
1669 595 1758 635 re-

154 674 304 744 quie
336 681 392 727 et
445 670 553 725 line
587 668 776 723 mundi
806 668 1015 735 volens,
1053 669 1179 738 quia
1229 668 1325 733 illo
1374 676 1620 744 tempore
1657 669 1761 722 im-

155 764 439 835 possibile
490 770 574 816 est
627 760 813 815 cibum
865 760 1209 830 conquirere,
1262 761 1349 815 vel
1379 761 1613 837 operari,
1658 776 1761 816 nec

156 857 322 910 circa
360 854 644 924 corporale
690 852 894 920 aliquid
927 853 1208 922 occupari,
1265 853 1389 906 talia
1445 853 1525 907 eis
1579 853 1760 907 dicere

154 935 393 1016 Moysen
415 944 675 1014 praecepit
702 962 714 1005 ;
754 942 991 1003 Sabbata
1023 943 1179 995 hodie
1199 941 1448 1006 Domino,
1471 960 1573 996 non
1612 945 1757 996 inve-

157 1036 332 1097 nietis
366 1034 502 1086 illud
542 1034 597 1094 in
630 1049 756 1103 agro
781 1048 799 1084 :
831 1047 926 1086 sex
955 1032 1151 1086 diebus
1177 1033 1475 1102 colligitur,
1527 1034 1760 1102 septima

158 1135 364 1180 autem
391 1125 481 1179 die
514 1123 773 1189 Sabbata,
804 1138 915 1176 non
942 1122 1046 1177 erit
1065 1122 1120 1175 in
1143 1137 1231 1176 ea.
1253 1122 1375 1176 Non
1436 1123 1757 1189 Sabbatum,

158 1219 276 1273 sed
314 1218 573 1285 Sabbata,
605 1216 732 1285 quia
785 1214 1142 1284 intclligibilis
1181 1216 1398 1284 requies
1423 1231 1534 1270 non
1564 1217 1631 1270 ab
1650 1232 1760 1270 uno

161 1308 440 1377 quodam,
494 1307 588 1361 sed
634 1307 704 1360 ab
760 1304 1017 1363 omnibus
1058 1304 1372 1360 carnalibus
1418 1306 1760 1361 vacationem

159 1398 683 1467 alienationemque
715 1399 980 1467 possidet.
1009 1398 1165 1457 Unde
1189 1415 1454 1468 nusquam
1490 1398 1640 1468 prius
1672 1398 1758 1450 in-

157 1492 372 1546 venies
409 1490 553 1559 apud
585 1489 826 1544 divinam
871 1490 1215 1559 Scripturam
1243 1490 1610 1544 Sabbatorum
1655 1503 1758 1543 no-

158 1600 327 1647 men,
351 1591 412 1636 ut
431 1583 783 1637 manifestum
817 1582 890 1636 sit
939 1582 1063 1653 quia
1090 1581 1390 1637 Sabbatum
1414 1596 1633 1636 omnem
1662 1596 1758 1634 va-

158 1677 455 1732 cationem
481 1671 809 1736 carnalium,
837 1679 893 1726 et
917 1671 1263 1725 saecularium
1313 1685 1499 1724 rerum
1557 1683 1760 1738 prame-

157 1765 278 1835 pit.
317 1765 472 1824 Unde
502 1779 665 1818 omne
690 1764 944 1845 opuslcx
998 1765 1324 1833 prohibens,
1364 1779 1486 1841 quae
1553 1761 1760 1818 faciunt

156 1856 438 1915 adversus
467 1871 686 1911 omnem
715 1856 976 1921 animam,
1030 1856 1272 1910 subdidit
1308 1873 1321 1908 :
1356 1853 1590 1909 Sabbata
1642 1871 1759 1908 mea

158 1949 452 2005 custodite.
472 1947 576 2005 Per
606 1950 711 2003 hoc
733 1957 920 2017 aperte
943 1948 1240 2005 ostendens
1288 1946 1415 2017 quia
1472 1963 1502 2001 a
1561 1962 1760 2017 corpo-

160 2039 383 2094 ralibus
418 2055 519 2093 nos
549 2054 743 2094 vacare
792 2038 1087 2103 desiderat,
1134 2047 1188 2093 et
1238 2040 1448 2108 quaead
1497 2040 1757 2108 juvanien

160 2139 307 2185 sunt
329 2131 546 2195 animae,
575 2140 629 2184 et
664 2130 974 2200 profectum
1018 2130 1352 2199 pertinentia
1388 2133 1622 2200 operari.
1650 2132 1759 2186 Ve-

161 2236 298 2277 rum
335 2222 481 2274 enim
512 2220 813 2274 Sabbatum
856 2228 960 2285 est,
990 2220 1130 2273 nihil
1161 2220 1464 2284 materiale,
1498 2221 1636 2275 nihil
1691 2221 1759 2276 ad

169 2319 386 2364 terram
421 2309 697 2362 hominem
729 2308 1064 2377 deprimens,
1126 2317 1182 2361 et
1219 2308 1286 2361 ad
1347 2309 1759 2378 corruptionem

159 2400 454 2454 carnalem
496 2400 719 2454 trahens
737 2414 918 2470 agere.
950 2398 1088 2453 Cum
1119 2399 1221 2453 hoc
1252 2408 1437 2453 autem
1463 2399 1593 2469 quid
1610 2399 1759 2454 aliud

164 2504 330 2544 nunc
358 2488 501 2543 Deus
522 2490 815 2559 praecepit:

248 2578 489 2635 VensJ.
520 2599 538 2632 ι
574 2580 752 2635 Nolite
799 2582 1048 2636 converti
1105 2581 1174 2637 ad
1234 2582 1402 2647 idola,
1468 2597 1572 2636 nec
1621 2583 1757 2638 deos

160 2673 474 2728 conﬂatiles
517 2673 728 2731 facietis
752 2674 925 2728 vobis.
956 2674 1070 2744 Ego
1098 2674 1382 2729 Dominus.
1409 2692 1431 2728 ι

204 2807 217 2825 ,
244 2764 365 2818 Non
396 2762 642 2818 converti
663 2772 846 2817 autem
880 2764 949 2818 ad
973 2764 1151 2830 idola,’
1177 2774 1263 2819 est
1285 2780 1394 2819 non
1416 2766 1757 2829 condescen-

161 2858 305 2911 dere
372 2855 459 2911 his
526 2871 650 2925 quae
717 2856 987 2910 idolorum
1044 2857 1131 2911 lex
1192 2859 1363 2911 multa
1418 2857 1758 2930 profanaque

161 2945 360 3016 exigit.
385 2944 492 3001 Sed
527 2961 629 2999 nec
650 2945 953 3000 conﬂatiles
984 2946 1117 3000 deos
1148 2944 1411 3010 faciamus
1447 2948 1757 3012 nobis,non

166 3038 354 3094 solum
384 3038 443 3091 in
466 3037 788 3091 animalium
828 3037 1042 3103 formis,
1073 3038 1168 3097 sed
1199 3055 1303 3094 nec
1326 3040 1382 3093 in
1414 3041 1756 3109 peculiorum

164 3130 468 3195 thesauris,
519 3145 623 3184 nec
677 3128 734 3182 in
757 3128 876 3183 auri
932 3138 1043 3191 aut.
1086 3130 1296 3203 argenti
1351 3130 1590 3185 massis:
1638 3131 1755 3185 haec

166 3219 329 3274 enim
361 3220 493 3274 deos
522 3233 650 3272 suos
675 3218 883 3286 iaciunt
910 3218 968 3279 hi
1040 3218 1133 3288 qui
1167 3234 1232 3285 ea
1280 3227 1636 3290 congregant,
1701 3220 1756 3274 in

165 3322 386 3367 tantum
416 3311 518 3374 sub
542 3325 727 3376 earum
760 3310 1003 3373 dominio
1024 3311 1328 3378 constituti,
1359 3320 1419 3364 ut
1449 3311 1758 3377 time-antes

162 3403 254 3456 cis
283 3401 369 3457 vel
395 3403 941 3471 quantulumcunque
998 3402 1338 3473 contingere.
1391 3401 1533 3470 Quid
1573 3412 1757 3456 autem

167 3497 293 3549 haec
329 3509 555 3550 necesse
584 3495 894 3549 habemus?
936 3495 1031 3564 qui
1084 3510 1185 3564 pro
1209 3494 1467 3557 omnibus
1513 3495 1759 3564 posside-

166 3601 298 3640 mus
324 3586 528 3641 divitiis
553 3603 679 3641 eum
702 3587 797 3656 qui
835 3586 1008 3641 dicit:
1041 3584 1153 3656 Ego
1199 3588 1452 3641 Dominus
1477 3587 1503 3641 7
1550 3588 1601 3642 id
1651 3597 1758 3654 est,

163 3679 269 3749 qui
293 3678 526 3733 volatilia
566 3679 774 3744 nutrio,
796 3679 890 3748 qui
914 3678 1025 3732 lilia
1080 3679 1196 3749 agri
1232 3680 1427 3743 vestio,
1458 3680 1551 3749 qui
1574 3694 1642 3734 ex
1670 3681 1758 3733 ni-

165 3767 293 3823 hilo
327 3767 452 3829 feci,
482 3767 623 3822 facta
665 3766 897 3831 nutrivi,
920 3777 1083 3837 atque
1113 3769 1232 3823 haec
1253 3769 1434 3823 omnia
1464 3783 1655 3824 rursus
1689 3770 1757 3824 ad

166 3860 532 3930 indigentiam
555 3860 807 3931 redigere
838 3860 1014 3915 valeo.
1386 3924 1397 3927 _

247 3952 408 4007 Vens.
434 3951 544 4006 5-8.
585 3968 604 4002 σ
632 3950 690 4005 Si
715 3950 1126 4005 immolaveritis
1148 3951 1381 4006 hostiam
1405 3952 1757 4022 pacificorum

169 4041 427 4106 Domino,
458 4049 519 4095 ut
549 4041 621 4095 sit
650 4041 1023 4110 acceptabilis,
1047 4057 1112 4096 eo
1125 4042 1213 4096 die
1233 4058 1342 4112 quo
1367 4043 1527 4096 fuerit
1561 4044 1757 4097 inuno-

167 4135 303 4197 lata,
329 4131 632 4187 comedetis
660 4146 805 4196 eam,
838 4140 894 4186 et
921 4131 1011 4186 die
1041 4131 1235 4186 altero.
1266 4131 1545 4201 Quidquid
1567 4142 1756 4187 autem

169 4225 457 4281 residuum
484 4221 651 4277 fuerit
676 4223 731 4276 in
755 4223 898 4279 diem
944 4224 1190 4290 tertium,
1224 4224 1348 4296 igne
1395 4226 1753 4280 comburetis.

172 4316 234 4371 Si
263 4316 387 4386 quis
418 4323 538 4384 post
568 4314 795 4387 biduum
853 4315 1153 4370 comederit
1196 4331 1262 4371 ex
1321 4332 1384 4370 ea
1410 4359 1424 4381 ,
1478 4316 1745 4386 profanus

169 4407 301 4473 erit,
349 4414 407 4461 et
460 4406 759 4476 impietatis
813 4421 964 4471 reus,
1013 4408 1360 4478 portabitque
1400 4409 1754 4479 iniquitatem

1862 581 2001 637 Hinc
2029 591 2232 647 autem,
2250 593 2307 637 ut
2335 581 2405 637 sit
2430 581 2729 664 placabilis,
2765 588 2984 652 oportet
3012 582 3307 642 immolari.
3326 581 3447 636 hzec

1860 675 2049 744 utique
2102 666 2422 729 omnimodo
2471 683 2849 742 asscquentes,
2901 688 3023 743 quae
3085 672 3446 743 acceptabilia

1861 767 1973 821 Deo
2003 776 2148 827 sunt.
2171 767 2239 820 de
2271 782 2379 836 quo
2400 766 2540 821 dixit
2560 766 2780 831 Paulus,
2811 781 2934 819 cum
2963 781 3072 834 quo
3096 764 3254 818 modo
3283 778 3447 832 opor-

1863 867 2005 912 teret
2043 860 2258 929 assequi
2289 870 2552 912 remotam
2606 866 2663 912 et
2702 856 2941 927 quietam
2976 857 3165 921 vitam,
3201 857 3257 910 in
3294 854 3446 912 omni

1860 950 2062 1021 pietate
2096 960 2151 1017 et
2176 950 2457 1021 pudicitia,
2510 949 2799 1002 Timotheo
2850 947 3094 1002 scribens
3144 946 3443 1001 ostendit:

1859 1044 1974 1102 Hoc
1998 1041 2189 1094 bonum
2232 1050 2281 1093 et
2311 1048 2580 1108 acceptum
2620 1055 2800 1091 coram
2821 1036 3097 1091 Saluatore
3118 1046 3291 1089 nostra
3314 1034 3439 1098 Deo,

1861 1132 2142 1196 quiomnes
2171 1130 2401 1184 homines
2433 1127 2540 1182 vult
2570 1127 2738 1181 salvos
2769 1127 2905 1195 ﬁeri,
2945 1134 2992 1179 et
3022 1125 3092 1178 ad
3122 1124 3440 1194 agnitionem

1860 1222 2098 1276 veritatis
2123 1223 2297 1276 venire
2325 1221 2388 1273 ⁷⁵.
2423 1219 2528 1273 Sed
2553 1219 2595 1272 si
2630 1219 2768 1273 dicis
2800 1235 2812 1268 :
2853 1216 3022 1285 Cujus
3048 1217 3124 1269 rei
3150 1215 3317 1286 gratia
3355 1229 3443 1268 ac-

1862 1317 2018 1378 cepta
2051 1317 2250 1370 vestra,
2273 1307 2573 1361 secundum
2607 1306 2961 1376 Septuaginta
2983 1304 3257 1373 legislator
3274 1302 3446 1356 dixit?

1859 1398 2023 1464 Scito,
2044 1400 2168 1468 quia
2185 1398 2577 1453 conscientiam
2602 1398 2876 1468 designat,
2898 1412 2993 1465 per
3012 1412 3172 1465 quam
3193 1410 3315 1464 quae
3336 1394 3447 1448 sint

1861 1490 1974 1544 Deo
1997 1500 2237 1559 accepta,
2265 1490 2642 1562 unusquisque
2659 1497 2840 1560 potest
2867 1487 3030 1550 scire,
3057 1496 3284 1557 propter
3300 1486 3447 1555 quod

1859 1581 2096 1637 Joannes
2120 1580 2337 1637 dicebat
2368 1581 2644 1644 :Fratres,
2676 1582 2722 1634 si
2751 1597 2839 1634 cor
2889 1588 3121 1633 nostrum
3145 1595 3248 1644 non
3267 1594 3445 1645 repre-

1858 1676 2170 1738 hendilnos,
2210 1674 2461 1743 ﬁduciam
2489 1672 2738 1726 habemus
2791 1671 2860 1724 ad
2914 1669 3084 1722 Deum
3115 1670 3183 1722 ".
3244 1667 3445 1722 Come-

1861 1770 1992 1823 dere
2019 1776 2201 1823 autem
2233 1767 2300 1829 de
2332 1764 2620 1828 sacrificio,
2643 1779 2711 1821 eo
2742 1763 2829 1818 die
2859 1761 3440 1832 quoimmolatumest,

1862 1871 1916 1917 et
1949 1862 2076 1927 alio,
2114 1870 2218 1924 est,
2256 1860 2394 1919 utin
2423 1858 2679 1928 praesenti
2731 1859 2862 1921 vita,
2888 1869 3227 1925 quaecunque
3252 1853 3319 1907 ad
3355 1867 3443 1907 sa-

1861 1956 2029 2010 lutem
2063 1954 2345 2025 pertinent
2371 1967 2683 2022 operemur.
2717 1948 2889 2004 Hodie
2928 1958 3113 2001 autem
3166 1954 3221 1999 et
3249 1945 3443 1999 crasti-

1860 2061 2013 2111 num,
2044 2045 2098 2099 in
2128 2043 2383 2114 pnescnti
2420 2042 2619 2096 saeculo
2650 2039 2833 2099 divina
2871 2037 3150 2106 Scriptura
3186 2036 3325 2089 solet
3353 2049 3443 2089 ac—

1860 2137 2063 2207 cipere,
2089 2136 2158 2191 de
2184 2150 2292 2205 qua
2342 2143 2539 2188 testem
2586 2131 2850 2186 Jacobum
2898 2129 3261 2199 producamus
3304 2126 3444 2180 scri-
3503 2195 3508 2203 η

1861 2229 2078 2283 bentem
2102 2245 2114 2280 :
2134 2226 2243 2296 Age
2261 2241 2417 2288 nunc,
2432 2225 2523 2294 qui
2547 2224 2754 2276 dicitis:
2774 2220 2967 2283 Hodie,
2995 2219 3327 2275 autcrastino
3344 2217 3444 2270 ibi-

1862 2336 1978 2373 mus
2000 2319 2057 2371 in
2086 2317 2241 2370 illaut
2272 2317 2532 2373 civitatem
2564 2313 2630 2367 ⁷⁸.
2666 2310 2791 2366 Dies
2836 2318 3021 2363 autem
3078 2307 3259 2372 tertia,
3316 2305 3447 2375 quia

1860 2410 1916 2464 in
1946 2411 2062 2480 ipsa
2088 2425 2120 2463 a
2148 2408 2382 2463 mortuis
2412 2405 2673 2461 Dominus
2713 2411 2898 2457 noster
2950 2399 3273 2463 resurrexit,
3304 2397 3443 2468 ﬁgu-

1862 2518 1978 2556 ram
2003 2501 2171 2556 futuri
2203 2499 2409 2564 saeculi,
2443 2508 2499 2552 et
2533 2505 2874 2552 mortuorum
2904 2490 3327 2547 resurrectionis
3344 2504 3441 2559 ge-

1860 2594 1949 2655 rit,
1974 2594 2034 2647 in
2059 2607 2168 2661 quo
2194 2592 2304 2660 jam
2328 2606 2440 2645 non
2469 2589 2595 2643 licet
2619 2578 2857 2657 operari,
2881 2585 2980 2639 sed
3003 2584 3097 2653 qui
3124 2597 3271 2636 nunc
3300 2596 3436 2650 ope-

1859 2684 1962 2739 rati
1990 2692 2138 2749 sunt,
2160 2683 2272 2736 illic
2297 2681 2362 2736 ad
2392 2678 2808 2736 retributionem
2872 2674 3120 2729 veniunt.
3183 2670 3285 2737 Qui
3316 2686 3446 2740 ergo

1859 2778 1938 2832 sic
1971 2777 2062 2831 hic
2109 2775 2259 2839 vivit,
2305 2784 2563 2843 tanquam
2613 2769 2723 2825 illic
2762 2766 3010 2836 quaedam
3089 2762 3445 2835 praesentium

1858 2878 2180 2939 Operaturus
2208 2868 2296 2930 sit,
2329 2875 2382 2919 et
2410 2870 2701 2934 propterea
2737 2858 3024 2913 comedere
3057 2854 3217 2909 tertia
3241 2851 3329 2907 die
3356 2866 3446 2905 sa-

1857 2960 2126 3015 criﬁcium
2159 2957 2532 3029 paciﬁcorum,
2564 2953 2681 3008 sive
2746 2950 2984 3004 salutare
3010 2945 3228 3010 dicitur,
3281 2958 3442 3014 opus,

1858 3062 2111 3110 attrectat
2141 3071 2172 3107 a
2200 3052 2508 3123 legislatore
2554 3045 2915 3118 prohibitum,
2952 3044 3211 3096 virtutem
3246 3039 3447 3106 imper-

1787 3179 1827 3235 ο
1862 3148 2057 3202 fectam
2084 3146 2425 3213 relinquens,
2463 3141 2616 3195 velut
2645 3138 2756 3192 illic
2787 3143 3112 3205 operaturus
3133 3130 3225 3194 sit,
3262 3137 3318 3183 et
3340 3127 3448 3181 bu-

1855 3237 1947 3306 jus
1971 3232 2295 3289 sacrificium
2322 3229 2628 3284 rectissime
2682 3233 2971 3294 acceptum
3022 3235 3134 3274 non
3173 3226 3276 3281 est,
3343 3229 3449 3270 nec

1858 3328 1967 3389 vita
1988 3333 2238 3394 correpta
2265 3330 2367 3377 est.
2395 3320 2503 3374 Sed
2533 3319 2625 3389 qui
2653 3316 2816 3371 talem
2841 3309 3166 3380 sibimetipsi
3190 3314 3449 3378 operatur

1859 3417 2137 3481 virtutem,
2168 3413 2511 3483 iniquitatem
2543 3425 2697 3464 suam
2748 3404 3002 3476 portabit,
3038 3402 3188 3472 prius
3227 3399 3445 3468 quidem

1858 3507 2174 3577 imperfecte
2200 3519 2456 3575 operans,
2489 3502 2688 3557 deinde
2722 3507 2781 3553 ut
2811 3498 3066 3568 ingerens
3105 3490 3443 3547 calumniam

1859 3599 2057 3666 divina:
2083 3597 2206 3667 legi,
2241 3605 2297 3651 et
2330 3594 2528 3664 dogma
2569 3589 2934 3647 disseminans
2993 3585 3220 3654 impium
3285 3589 3450 3650 atque

1858 3690 2118 3749 alienum,
2148 3687 2311 3757 hujus
2327 3684 2507 3739 anima
2523 3682 2665 3753 perit
2693 3682 2760 3735 de
2784 3677 2987 3750 populo
3018 3691 3138 3731 suo.
3169 3670 3447 3742 InpOpulo

1858 3789 2042 3835 autem
2079 3777 2171 3847 qui
2194 3776 2452 3838 salvetur,
2477 3789 2591 3827 non
2626 3769 2993 3833 ordinabitur,
3056 3764 3183 3835 quia
3215 3760 3442 3830 reliquit

1859 3870 2234 3942 imperfectam
2265 3868 2452 3931 vitam,
2495 3880 2617 3935 qua:
2665 3878 2792 3918 eum
2852 3860 3062 3916 salvare
3109 3862 3346 3927 poterat,
3399 3851 3447 3907 si

1857 3978 1979 4023 eam
2000 3964 2459 4017 consummasset.

1928 4052 2093 4110 Vens.
2124 4053 2177 4117 9,
2216 4051 2298 4105 10.
2331 4067 2349 4100 ι
2387 4048 2525 4105 Cum
2553 4042 2851 4100 messueris
2878 4048 3092 4112 segetes
3122 4046 3286 4093 terrae
3314 4044 3444 4098 tuae,

1858 4162 1967 4202 non
1999 4143 2250 4200 tondebis
2283 4155 2457 4209 usque
2514 4137 2583 4192 ad
2645 4135 2820 4190 solam
2866 4131 3214 4203 superﬁciem
3266 4138 3443 4193 teme,

1858 4252 1962 4293 nec
1990 4241 2338 4291 remanentes
2362 4230 2541 4300 spicas
2571 4227 2813 4296 colliges,
2841 4239 3022 4293 neque
3059 4223 3115 4275 in
3136 4221 3297 4275 vinea
3353 4226 3447 4273 tua

1859 4342 2120 4391 racemos,
2154 4333 2211 4379 et
2232 4325 2399 4395 grana
2435 4317 2742 4375 decidentis
2785 4313 3159 4387 congregabis,
3193 4311 3289 4366 sed
3309 4325 3447 4380 pau-

1862 4415 2084 4487 peribus
2113 4422 2170 4468 et
2213 4410 2518 4483 peregrinis
2582 4406 2857 4478 carpenda
2880 4405 3142 4460 dimittes.
3177 4402 3291 4473 Ego
3337 4400 3447 4456 Do-

170 4516 350 4563 suam,
371 4498 499 4569 quia
523 4497 1005 4568 sanctum;Domini
1022 4499 1238 4567 polluit,
1270 4509 1325 4555 et
1346 4501 1549 4575 peribit
1573 4502 1754 4563 anima
1790 4503 1835 4562 D
1860 4506 2045 4561 minus
2077 4503 2219 4558 Deus
2241 4510 2442 4558 vester.
2481 4519 2500 4552 ι

171 4591 264 4645 illa
293 4591 361 4645 de
384 4589 587 4659 populo
607 4603 730 4642 suo.
777 4605 797 4638 ι

250 4680 449 4735 Omnia
479 4680 722 4749 quidem,
756 4687 818 4734 ut
861 4679 934 4733 ita
966 4678 1236 4744 dicamus,
1266 4679 1473 4752 Moyses
1499 4681 1632 4752 legis
1661 4696 1754 4736 ca?

172 4774 347 4844 pitula
397 4772 484 4826 bis
516 4781 704 4840 terque
732 4773 934 4846 populo
964 4772 1241 4842 praecepit,
1274 4773 1549 4844 frequenti
1582 4776 1753 4831 tradi-

172 4867 324 4920 tione
367 4863 687 4918 memoriam
730 4868 921 4918 eor‘um
966 4864 1310 4920 auditoribus
1377 4868 1749 4940 promulgatis.

172 4955 340 5010 Multo
353 4955 525 5024 magis
552 4962 733 5008 tamen
761 4954 1016 5009 mandata
1057 4969 1182 5023 quae
1203 4955 1578 5019 necessariora
1602 4964 1752 5022 sunt,
1798 5018 1801 5019 ν

175 5047 319 5101 sicut
338 5058 393 5100 et
440 5061 679 5116 praesens
730 5046 1087 5112 mandatum;
1125 5051 1348 5113 propter
1367 5047 1509 5114 quod
1535 5057 1590 5102 et
1624 5048 1756 5103 illud

176 5152 487 5206 proponens
514 5138 744 5206 pridem,
803 5151 928 5191 cum
979 5136 1048 5190 de
1096 5134 1375 5191 sacriﬁciis
1417 5140 1755 5207 praeciperet,

178 5242 304 5281 cum
335 5234 392 5279 et
412 5240 512 5280 nos
546 5229 703 5296 plene
734 5228 802 5283 de
824 5226 1000 5282 hocin
1045 5226 1226 5296 primo
1255 5227 1395 5283 libro
1428 5228 1592 5298 hujus
1653 5230 1760 5284 Le-

177 5319 357 5373 viticae
386 5318 857 5386 interpretationis
874 5319 1234 5375 discussimus
1260 5338 1274 5374 :
1304 5335 1433 5375 ecce
1460 5337 1608 5377 nunc
1639 5339 1759 5376 rur-

178 5426 275 5468 sus
298 5409 703 5479 recapitulabit,
758 5422 820 5464 ut
864 5425 967 5465 nos
1002 5411 1241 5466 breviter
1305 5412 1753 5481 recapitulemus,

177 5519 300 5576 quae
333 5514 608 5570 nuncper
663 5501 836 5556 multa
882 5501 1140 5557 diximus.
1206 5502 1545 5557 Sacriﬁcium
1604 5504 1751 5559 enim

177 5595 417 5651 salutare
443 5592 713 5647 immolari
736 5591 1080 5661 praecipiens,
1141 5594 1317 5664 ipsum
1379 5604 1525 5651 recte
1550 5595 1751 5661 innuit,

249 5802 295 5836 ⁷³
324 5796 501 5857 Exod.
536 5813 647 5865 am,
685 5796 779 5851 26.
857 5796 902 5828 ⁷⁸
931 5797 951 5852 Ι
986 5797 1129 5854 Tim.
1163 5818 1223 5867 ιι,
1261 5799 1313 5852 ci.

1394 5800 1435 5829 ’τ
1473 5799 1670 5856 lJoan.
1707 5818 1785 5870 ιιι,
1826 5801 1916 5855 21.

1932 4598 2062 4654 Vult
2086 4595 2365 4668 legislator
2393 4602 2452 4648 ut
2478 4607 2580 4647 nos
2610 4591 2849 4647 invicem
2880 4591 3187 4660 diligamus,
3246 4594 3449 4641 amato-

1862 4704 2058 4759 resque
2110 4702 2411 4757 pauperum
2459 4700 2560 4739 nos
2613 4698 2736 4737 esse
2789 4683 3083 4746 desiderat,
3124 4691 3448 4748 semperque

1860 4779 2220 4847 eleemosynis
2245 4777 2484 4846 studere,
2521 4790 2673 4827 nunc
2717 4774 2936 4841 quidem
2996 4774 3188 4826 dantes
3245 4771 3449 4838 egenti-

1858 4874 1982 4933 bus,
2021 4883 2170 4924 nunc
2196 4875 2380 4920 autem
2398 4880 2510 4919 non
2539 4864 2816 4932 exigentes
2854 4877 2976 4930 quae
3033 4860 3192 4915 nobis
3219 4860 3445 4926 debent,

1861 4954 1959 5018 sed
1978 4967 2032 5015 et
2065 4956 2433 5012 concedentes
2460 4954 2540 5007 eis
2594 4951 2848 5022 colligere
2897 4965 3251 5020 quascunque
3310 4950 3445 5004 reli-

1862 5054 2018 5126 quias
2047 5049 2293 5107 omnium
2323 5049 2611 5112 bonorum,
2638 5061 2762 5116 qua:
2792 5060 2823 5099 a
2879 5044 2990 5101 Deo
3031 5042 3228 5098 donata
3281 5043 3443 5099 nobis

1864 5154 2012 5210 sunt,
2042 5141 2368 5213 repererint,
2394 5148 2451 5195 et
2490 5139 2689 5193 imitari
2720 5154 2847 5193 eum
2893 5137 2987 5207 qui
3030 5134 3273 5196 donavit,
3328 5149 3439 5188 non

1864 5246 2074 5295 tantum
2097 5233 2521 5299 misericordem,
2557 5233 2654 5287 sed
2684 5240 2741 5287 et
2767 5231 2859 5301 qui
2915 5230 3100 5285 multae
3131 5227 3440 5283 miseratio-

1858 5328 1945 5382 nis
1975 5335 2061 5382 est
2115 5334 2281 5394 atque
2308 5325 2526 5379 dicitur.
2566 5322 2632 5377 Et
2679 5334 2971 5393 proriterea
3017 5331 3305 5387 metentes,
3344 5331 3440 5377 aut

1859 5414 2082 5469 omnino
2109 5412 2529 5473 vindemiantes,
2557 5411 2756 5465 iterare
2777 5411 2967 5467 eodem
2992 5419 3239 5480 tempore
3266 5411 3437 5481 ipsam
3500 5457 3506 5463 .
3572 5422 3581 5431 '

1860 5520 2160 5560 messuram
2220 5503 2656 5572 vindemiamque
2710 5519 2819 5556 non
2855 5503 3273 5574 przecepit:sed
3332 5516 3439 5558 nec

1863 5613 1928 5653 ex
1955 5606 2067 5652 toto
2089 5606 2294 5652 metere
2353 5605 2448 5651 aut
2478 5596 2810 5652 vindemiarc
2863 5594 3112 5663 sancivit',
3150 5599 3246 5655 sed
3268 5598 3435 5655 relin-

1992 5801 2036 5833 "
2099 5799 2214 5855 Jac.
2248 5815 2320 5862 ιγ,
2352 5799 2437 5853 l3.
