3810 6318
399 265 536 350 10:3

1577 290 1936 352 HESYCHII
1973 287 2441 351 PRESBYTERI

3530 275 3675 344 Β)Ξὶ

390 415 563 468 quere
587 400 848 468 quasdam
888 402 1205 457 omnimodo
1232 403 1457 473 pauperi
1490 412 1545 457 et
1573 405 1847 475 proselyto
1897 405 1965 459 dc
1993 411 2037 467 Α
2067 407 2192 476 quia
2217 403 2510 483 exspectavi
2529 411 2583 456 ut
2608 403 2805 472 faceret
2829 415 3008 464 uvam,
3028 408 3077 453 et
3099 394 3512 467 fecitspinas“.
3534 393 3675 457 Ou:

399 490 674 545 messione
719 500 774 545 et
804 490 1074 546 vindemia
1105 495 1377 562 reliquias,
1410 504 1469 549 et
1517 496 1649 560 Deo,
1701 498 1790 566 qui
1859 497 1968 552 fru-

394 591 520 635 ctus
551 582 695 650 ipsos
720 582 850 635 oriri
879 582 1025 647 facit,
1056 583 1373 652 operatoriis
1397 585 1690 653 gratiarum
1738 576 1966 641 actioni-

397 672 500 726 bus
525 687 902 741 compensare,
932 687 1036 726 nec
1066 672 1175 726 ullo
1197 672 1358 726 modo
1408 674 1527 743 ejus
1574 675 1965 745 dispensationi

402 762 675 833 ingratum
705 764 1000 817 exsistere:
1031 762 1117 815 cui
1144 762 1463 831 quibusdam
1492 766 1708 835 quidem
1751 767 1966 822 divitias

391 854 521 906 dare
552 854 768 922 placuit,
793 855 913 907 aliis
934 863 1114 907 autem
1158 855 1275 910 sine
1337 857 1521 911 labore
1556 859 1750 911 nutriri
1775 859 1842 912 de
1882 874 1966 912 re-

396 944 577 1013 liquiis
603 946 948 1000 abundantia:
983 947 1233 1011 aliorum,
1276 958 1336 1002 ut
1367 958 1421 1003 et
1481 964 1668 1009 eorum
1696 950 1784 1018 qui
1821 949 1966 1005 divi~

394 1046 476 1091 tes
518 1050 662 1104 sunt,
715 1039 1068 1109 dispensatio,
1096 1050 1151 1095 et
1181 1058 1478 1111 pauperum
1524 1052 1728 1111 quanta
1751 1042 1821 1096 sit
1866 1058 1964 1111 pa-

392 1126 581 1179 tientia
600 1128 876 1195 probetur.
907 1129 1054 1194 Quos
1082 1131 1207 1199 quia
1243 1148 1347 1186 nec
1386 1131 1510 1186 odio
1565 1132 1749 1196 habet,
1804 1147 1905 1185 nec
1933 1147 1965 1185 a

391 1232 488 1271 sua
538 1217 879 1287 providentia
928 1222 1142 1290 repulit,
1190 1223 1334 1290 quod
1387 1222 1605 1291 quidam
1647 1222 1965 1291 insipienter

389 1313 604 1380 putant,
657 1308 911 1375 pauperis
967 1306 1021 1362 et
1062 1309 1315 1379 proselyti
1369 1310 1684 1364 memoriam
1737 1309 1959 1376 faciens,

389 1393 533 1447 illico
553 1395 795 1448 subdidit
828 1413 842 1447 :

460 1481 581 1551 Ego
620 1498 736 1534 sum
783 1483 1036 1538 Dominus
1105 1485 1241 1538 Deus
1306 1495 1493 1540 vester.
1544 1485 1783 1540 Primum
1849 1489 1965 1557 qui-

386 1571 513 1625 dem
557 1571 707 1625 illum
763 1574 1135 1639 manifestans,
1181 1575 1274 1645 qui
1336 1577 1531 1651 divites
1566 1578 1696 1633 facit
1727 1597 1738 1632 :
1766 1580 1962 1636 deinde

385 1676 515 1713 eum
569 1662 659 1730 qui
718 1678 817 1731 pro
851 1664 1008 1719 nobis
1054 1681 1259 1734 pauper
1319 1668 1544 1723 effectus
1585 1680 1687 1733 est,
1764 1681 1818 1726 et
1866 1675 1958 1743 qui

2068 495 2341 565 quondam
2370 503 2550 547 tamen
2580 491 2938 563 paucissimos
2998 503 3243 543 racemos
3271 485 3542 549 habebat,
3584 486 3673 538 dio

2069 599 2353 639 versorum
2427 593 2739 652 temporum
2788 581 2986 650 justos,
3039 586 3263 654 propter
3299 590 3447 646 quos
3497 574 3670 628 etiam

2071 675 2234 729 totius
2263 676 2433 729 vineae
2457 690 2644 728 curam
2691 686 2865 741 usque
2893 671 3162 741 quoddam
3190 679 3433 737 tempus,
3458 676 3668 751 .pater-

2069 765 2297 820 familias
2325 766 2507 837 gessit.
2547 765 3089 819 Demonstratautem
3123 768 3178 815 et
3219 761 3325 814 hoc
3381 759 3563 813 Isaias
3592 760 3668 813 di-

2068 873 2198 911 cens
2233 875 2244 909 :
2287 856 2554 921 Quomodo
2579 858 2634 917 ,si
2662 856 2961 909 inveniatur
2999 869 3221 923 granum
3269 852 3325 905 in
3382 851 3565 913 botro,
3619 860 3666 903 α

2067 951 2275 1002 dicatur
2301 966 2319 1002 :
2343 949 2421 1003 Ne
2450 950 2670 1018 dissipes
2707 949 2856 1011 illud,
2895 949 3141 1004 quoniam
3173 946 3519 998 benedictum
3550 957 3665 1006 est;

2065 1041 2141 1093 sic
2170 1041 2367 1110 faciam
2394 1050 2606 1108 propter
2637 1056 2809 1093 servos
2849 1055 3009 1102 meos,
3067 1047 3123 1090 ut
3181 1055 3287 1090 non
3345 1038 3663 1103 disperdat:

2067 1141 2232 1185 totum
2256 1133 2318 1184 ⁸⁸.
2349 1131 2457 1185 llos
2480 1147 2610 1203 ergo
2636 1145 2881 1185 racemos
2931 1129 3147 1184 sibimet
3176 1129 3438 1198 colligere
3456 1126 3659 1191 Judei,

2064 1224 2194 1277 etin
2227 1224 2339 1278 suis
2374 1223 2576 1278 divitiis
2616 1221 2984 1276 thesaurizare
3032 1235 3143 1274 non
3201 1228 3464 1288 possunt,
3536 1219 3661 1287 quia

2064 1331 2253 1371 eorum
2275 1316 2440 1370 vitam
2468 1315 2695 1369 minime
2725 1321 2855 1368 sunt
2896 1312 3075 1376 zelati,
3120 1310 3353 1380 pauperi
3387 1320 3587 1363 autem
3610 1319 3661 1362 et

2064 1420 2158 1459 eos
2187 1405 2455 1475 proselyto
2492 1404 2826 1473 relinquunt.
2859 1402 3156 1456 Nobiscum
3178 1400 3327 1454 enim
3364 1409 3507 1453 sunt
3533 1414 3660 1467 pro-

2063 1497 2262 1567 phetaz,
2300 1506 2354 1551 et
2382 1505 2643 1565 quotquot
2669 1495 2799 1563 justi
2847 1494 2991 1563 apud
3040 1492 3303 1561 populum
3358 1491 3660 1545 Iudaicum

2062 1589 2301 1652 fuerunt,
2331 1587 2386 1641 in
2417 1596 2628 1642 tantum
2670 1595 2728 1641 ut
2778 1584 3057 1640 memoria:
3086 1598 3277 1638 eorum
3300 1599 3328 1636 a
3366 1584 3539 1636 nobis
3561 1599 3658 1635 an-

2063 1677 2147 1731 nis
2176 1677 2400 1748 singulis
2429 1678 2766 1731 honorentur
2798 1689 2813 1728 :
2842 1673 2987 1743 quod
3014 1674 3158 1742 apud
3179 1674 3303 1727 illos
3338 1689 3457 1726 non
3491 1674 3578 1735 fit,
3604 1684 3660 1726 ut

386 1745 708 1841 proselytus
747 1748 801 1841 in
846 1758 987 1803 terra
1035 1767 1133 1806 sua
1166 1752 1338 1808 factus
1388 1765 1471 1810 cst
1514 1757 1611 1811 :in
1655 1760 1767 1815 suis
1789 1762 1954 1829 enim,
1993 1736 2032 1788 Β
2060 1769 2434 1837 experimento
2457 1779 2818 1841 cognoscatur
2864 1769 3166 1825 veridicum
3218 1766 3479 1820 divinum
3541 1765 3655 1819 elo-

383 1833 535 1888 velut
562 1833 616 1886 in
642 1835 852 1901 alienis,
888 1841 1263 1910 peregrinatus
1290 1853 1393 1907 cst,
1421 1861 1525 1900 nec
1557 1847 1733 1902 locum
1755 1851 1959 1908 habens

391 1923 444 1975 in
473 1931 614 1977 terra
638 1925 939 1981 diversorii.
982 1929 1097 1984 Non
1126 1933 1269 1988 enim
1325 1939 1580 2006 pauperis
1621 1951 1677 1994 et
1707 1943 1957 2011 proselyti

386 2014 688 2081 susciperet
723 2032 1029 2085 personam,
1070 2023 1114 2076 si
1135 2039 1227 2078 cos
1267 2037 1625 2084 aversarctur.
1667 2031 1819 2087 Unde
1862 2050 1959 2103 per

391 2104 554 2159 David
577 2106 715 2161 dixit
752 2124 764 2160 :
801 2109 1027 2179 Propter
1056 2116 1324 2171 miseriam
1344 2121 1579 2188 inopum,
1604 2132 1652 2175 et
1708 2126 1956 2194 gemitum

386 2208 701 2264 pauperum,
732 2214 869 2252 nunc
921 2217 1219 2272 exsurgant,
1265 2208 1391 2261 dicit
1454 2209 1707 2264 Dominus
1732 2213 1795 2267 ⁷³.
1853 2214 1958 2269 Sed

387 2292 672 2353 postquam
707 2289 845 2344 hanc
879 2294 1183 2360 reperimus
1208 2296 1494 2352 utilitatem
1534 2300 1750 2362 litterae.
1814 2303 1959 2360 inte—

389 2374 584 2428 riorem
616 2378 670 2431 in
706 2395 767 2432 ea
789 2380 1122 2437 intellectum
1155 2387 1588 2446 consideremus.
1616 2394 1751 2448 Cum
1810 2397 1955 2452 enim

382 2480 512 2539 ager
535 2471 605 2523 sit
639 2472 893 2538 mundus,
933 2475 1389 2542 quemadmodum
1433 2483 1590 2537 nobis
1616 2484 1867 2542 Christus
1882 2489 1959 2541 zi-

384 2556 658 2617 zaniornm
674 2564 989 2632 parabolam
1013 2564 1377 2637 interpretans
1401 2574 1689 2642 tradidit”,
1713 2593 1956 2633 messura

383 2665 513 2705 vero
537 2652 846 2723 evangelica
876 2655 1139 2721 doctrina,
1174 2659 1315 2712 sicut
1333 2677 1520 2716 rursus
1552 2664 1686 2718 dixit
1713 2667 1956 2737 discipu-

381 2739 448 2799 iis
469 2744 730 2798 Dominus
767 2763 780 2796 :
828 2745 1006 2798 Messis
1042 2749 1249 2816 quidem
1282 2751 1468 2816 multa,
1500 2756 1728 2823 operarii
1783 2769 1957 2813 autem

380 2836 555 2902 pauci.
580 2834 778 2905 Regale
798 2852 917 2906 ergo
963 2836 1242 2893 Dominum
1300 2845 1499 2908 messis,
1538 2856 1594 2898 ut
1634 2848 1808 2900 mittat
1833 2866 1956 2918 ope-

381 2928 553 2981 rarios
576 2928 630 2980 in
663 2943 876 2980 messem
894 2945 1046 2981 suam
1074 2930 1144 2980 3‘.
1217 2931 1371 2996 Quod
1433 2938 1598 3004 opere
1641 2940 1955 3008 explanans,

2057 1873 2267 1928 quium.

2094 1940 2292 2004 'Vens.
2338 1951 2423 2005 12.
2469 1969 2487 2002 ι
2519 1950 2640 2005 Non
2682 1950 2896 2006 facietis
2935 1951 3136 2006 furtum
3172 1969 3187 2004 :
3234 1949 3357 2004 Non
3410 1949 3652 2005 mentie-

2058 2041 2229 2095 mini:
2265 2040 2376 2095 Nec
2414 2042 2646 2110 decipiet
2673 2044 3046 2114 unusquisque
3076 2043 3394 2112 proximum
3429 2056 3600 2095 suum
3636 2060 3649 2093 :

2060 2134 2177 2187 Non
2213 2134 2527 2203 pcrjurabis
2557 2133 2609 2186 in
2639 2136 2859 2188 nomine
2888 2150 3011 2188 meo
3051 2151 3065 2186 :
3111 2132 3231 2186 Non
3272 2131 3498 2201 pollues
3567 2145 3658 2184 no-

2060 2239 2183 2277 men
2212 2223 2307 2276 Dei
2348 2222 2445 2277 tui.
2473 2221 2586 2293 Ego
2612 2223 2892 2279 Dominus.
2929 2240 2949 2274 ι

2130 2314 2291 2369 Fines
2333 2315 2493 2369 nobis
2546 2315 2706 2369 home
2757 2314 3190 2370 conversationis
3237 2312 3532 2383 legislator
3570 2328 3657 2367 os-

2066 2404 2262 2472 tendit,
2301 2405 2572 2475 simulque
2617 2415 2673 2460 et
2714 2414 2960 2475 peccata,
2990 2420 3152 2474 quam
3181 2404 3248 2458 ad
3304 2419 3366 2459 se
3406 2404 3651 2457 invicem

2058 2501 2294 2555 habeant
2321 2499 2723 2570 cognationem,
2748 2497 2933 2550 tradit.
2970 2497 3101 2561 Qua:
3144 2495 3292 2548 enim
3329 2510 3441 2549 nos
3482 2509 3653 2565 parva

2059 2597 2331 2657 putamus,
2360 2587 2597 2641 maxima
2623 2592 2777 2640 sunt:
2805 2584 3072 2654 siquidem
3097 2584 3151 2637 in
3192 2582 3512 2645 mendacio,
3536 2582 3651 2636 sin-

2058 2677 2219 2745 gulis,
2250 2684 2308 2730 ut
2331 2676 2402 2729 ita
2424 2676 2621 2741 dicam,
2654 2676 2845 2729 diebus
2878 2673 3117 2729 solemus
3165 2671 3521 2739 delinquere,
3567 2672 3647 2724 vel

2059 2765 2198 2830 loco,
2236 2767 2320 2820 vel
2342 2765 2543 2830 studio,
2576 2764 2936 2832 similiterque
2984 2759 3345 2830 jurisjurandi
3381 2758 3646 2828 praevari-

2016 2862 2019 2863 '
2059 2857 2293 2909 catione.
2327 2855 2455 2909 Haec
2499 2864 2683 2908 autem
2718 2856 2770 2907 in
2820 2864 3027 2907 tantum
3079 2860 3207 2907 sunt
3241 2865 3441 2919 parva,
3493 2860 3558 2903 ut
3583 2863 3646 2902 ca

2058 2944 2207 2998 furto
2233 2945 2625 3013 conjungeret:
2667 2952 2724 2996 et
2753 2941 3077 3010 recte,-quia
3127 2940 3336 2994 furtum
3379 2946 3647 3006 operatur

378 3018 669 3072 duodecim
694 3017 988 3086 discipulos
1015 3035 1077 3074 ex
1112 3020 1191 3075 eis
1229 3025 1568 3090 convocavit,
1624 3036 1678 3081 ct
1694 3030 1773 3084 eis
1815 3031 1958 3085 illico
1984 3067 2026 3124 ε
2061 3034 2380 3105 plerumque
2441 3033 2810 3088 mendacium.
2858 3032 3088 3101 Propter
3149 3030 3297 3100 quod
3341 3028 3647 3083 Zacharias

381 3107 605 3161 verbum
638 3106 941 3161 doctrinale
990 3110 1279 3167 commisit.
1328 3115 1526 3181 Aperte
1581 3134 1678 3186 per
1720 3135 1783 3174 ea
1837 3138 1958 3191 qum

377 3212 526 3251 nunc
584 3198 725 3252 dicta
771 3207 918 3263 sunt,
966 3201 1242 3271 legislator
1290 3206 1603 3264 doctoribus
1640 3211 1950 3269 Iudaeorum

376 3290 652 3359 praecepit,
710 3308 1049 3364 nequaquam
1094 3297 1259 3352 totius
1284 3298 1417 3369 legis
1456 3299 1954 3370 interpretationem

375 3394 479 3466 eos.
497 3380 808 3449 attrectare,
844 3387 940 3440 sed
979 3387 1176 3441 cedere
1216 3390 1459 3458 qua‘dam
1486 3387 1709 3461 pauperi
1741 3406 1796 3448 et
1828 3411 1957 3464 pro-

376 3472 578 3543 selyto,
610 3475 926 3532 doctoribus
963 3479 1213 3535 videlicet
1261 3483 1503 3553 gentium
1538 3502 1549 3536 :
1586 3501 1849 3555 pauperes
1875 3497 1957 3542 et-

374 3564 519 3618 enim
543 3567 594 3619 hi
632 3579 777 3635 sunt,
818 3572 942 3638 quia
970 3572 1168 3640 spiritu
1222 3590 1487 3643 pauperes
1536 3592 1657 3631 esse
1700 3582 1954 3650 praecepti

376 3664 525 3719 sunt,
549 3668 604 3712 et
624 3661 688 3714 ad
737 3676 832 3716 eos
885 3664 1165 3718 dicebatur
1201 3685 1212 3718 :
1251 3666 1400 3720 Beati
1434 3686 1691 3738 pauperes
1742 3675 1954 3741 spiritu,

373 3751 496 3819 quia
525 3755 756 3820 ipsorum
791 3764 863 3808 est
909 3773 1137 3827 regnum
1170 3758 1415 3813 caelorum
1446 3761 1490 3792 ⁸¹
1525 3778 1537 3813 :
1575 3764 1828 3833 proselyti
1861 3781 1956 3818 au-

373 3848 505 3903 tem,
533 3850 591 3895 ut
630 3858 774 3897 nunc
804 3844 1129 3914 semetipsos
1164 3848 1474 3917 cognationi
1502 3848 1732 3905 Abralue
1761 3853 1954 3907 subin-

372 3932 632 3995 fcrentes,
675 3942 729 3987 et
757 3935 823 3988 ad
854 3933 1020 3988 Deum
1048 3940 1371 3993 accedentes
1426 3940 1587 3995 modo
1618 3957 1714 4010 per
1769 3943 1950 3997 fidem.

374 4022 516 4090 Ergo
551 4025 655 4079 hoc
680 4028 823 4095 quod
853 4029 1049 4099 legitur
1087 4046 1098 4080 :
1129 4030 1252 4083 Non
1295 4031 1512 4086 occides
1543 4050 1555 4085 :
1583 4031 1701 4086 Non
1734 4035 1952 4089 adulte-

372 4115 538 4178 rabis,
576 4117 807 4172 doceant
834 4119 1221 4174 et-Judazorum
1275 4122 1543 4176 doctores.
1603 4123 1953 4196 Qumcunque

370 4211 554 4256 autem
579 4206 945 4260 necessariam
988 4208 1189 4260 habent
1215 4210 1727 4276 contemplationem
1754 4222 1810 4267 et
1864 4214 1953 4267 in-

371 4294 820 4361 terpretationem
848 4337 862 4358 ,
887 4298 1054 4350 veluti
1088 4312 1149 4349 ea
1181 4312 1300 4365 qua:
1332 4307 1459 4352 sunt
1489 4300 1555 4354 de
1586 4304 1954 4358 mundationi-

2060 3126 2346 3197 propheta,
2382 3124 2575 3179 falcem
2604 3139 2770 3193 quam
2793 3122 3194 3192 contemplatus
3227 3129 3314 3175 est
3341 3117 3647 3191 longitudi-

2059 3217 2146 3270 nis
2198 3217 2504 3271 cubitorum
2560 3215 2773 3286 viginti,
2838 3223 2894 3269 et
2963 3213 3264 3268 latitudinis
3327 3212 3643 3266 cubitorum

2059 3309 2270 3372 decem,
2304 3318 2489 3362 contra
2509 3310 2654 3361 fures
2691 3322 2832 3371 eam,
2854 3314 2909 3360 et
2940 3315 3126 3360 contra
3151 3303 3409 3373 periuros
3441 3318 3642 3360 exacu-

2060 3409 2166 3454 tam
2203 3400 2616 3465 demonstravit,
2641 3399 2720 3453 ait
2742 3399 2923 3453 enim:
2952 3398 3282 3468 lngredietur
3309 3397 3366 3449 in
3426 3398 3641 3450 domum

2059 3493 2211 3562 furis,
2233 3501 2282 3544 et
2319 3492 2520 3561 perjuri
2534 3492 2598 3545 ⁸³⁸.
2629 3490 2734 3545 Sed
2759 3499 2815 3547 et
2835 3490 3089 3545 omnibus
3108 3488 3347 3558 peccatis
3370 3504 3639 3559 coopera-

2060 3589 2148 3632 tur
2198 3580 2575 3642 mendacium,
2633 3594 2977 3648 nequaquam
3037 3577 3182 3632 enim
3253 3586 3638 3646 corrumperet

2059 3669 2294 3725 Thamar
2371 3674 2601 3727 Ammon
2620 3672 2695 3734 ⁸⁷,
2764 3672 2808 3725 si
2877 3670 3287 3739 corruptionem
3349 3670 3637 3723 mendacio

2062 3762 2225 3816 David
2282 3762 2560 3832 decipiens
2623 3761 3012 3832 praevenisset:
3086 3760 3182 3815 sed
3253 3776 3361 3816 nec
3423 3760 3634 3815 Naboth

2058 3855 2343 3909 lsraeliten
2385 3853 2602 3909 Jezabel
2658 3854 3012 3920 occideret";
3058 3854 3163 3907 nisi
3202 3852 3394 3907 falsam
3445 3863 3635 3908 contra

2056 3961 2182 3999 eum
2215 3959 2310 4013 per
2344 3944 2588 3997 seniores
2622 3942 3024 3996 accusationem
3054 3941 3501 4009 composuisset:
3533 3941 3633 3995 Bc-

2057 4037 2257 4089 uedixit
2309 4035 2414 4089 Deo
2457 4044 2506 4087 et
2554 4035 2683 4104 regi.
2753 4034 2820 4087 Et
2856 4033 2972 4087 hrcc
3026 4033 3246 4102 quidem
3306 4049 3435 4088 cum
3488 4034 3634 4087 omni

2055 4127 2378 4192 subtilitate,
2435 4135 2644 4195 utpote,
2703 4124 2815 4178 Deo
2866 4124 3168 4191 sancientc,
3202 4124 3629 4178 custodiamus:

2055 4235 2177 4273 cum
2207 4218 2292 4272 his
2320 4228 2501 4272 autem
2526 4225 2579 4271 ct
2608 4217 2775 4281 furto,
2806 4232 2917 4270 non
2973 4217 3088 4271 selo
3136 4231 3244 4285 quo
3276 4216 3332 4269 in
3386 4217 3630 4284 pecuniis

2054 4310 2293 4378 delinqui
2322 4317 2518 4378 potest,
2567 4308 2661 4361 sed
2708 4318 2764 4360 et
2810 4306 2879 4361 ab
2908 4307 3056 4361 omni
3099 4307 3204 4361 alio
3259 4308 3630 4375 nosmetipsos

372 4384 497 4447 bus,
524 4386 593 4438 de
637 4387 936 4453 sacrificiis,
971 4398 1027 4443 et
1055 4389 1156 4442 alia
1180 4388 1396 4455 similia,
1421 4392 1734 4448 doctoribus
1763 4406 1818 4450 et
1843 4396 1944 4452 Ec-
1978 4407 2021 4460 ι)
2050 4399 2418 4453 abstineamus
2440 4438 2454 4462 ,
2501 4397 2646 4466 quod
2698 4412 2782 4451 εει
2832 4398 3100 4452 malitiose
3154 4398 3298 4451 circa
3355 4399 3628 4466 proximos

367 4475 550 4528 clesize
570 4476 785 4529 cedant.

434 4565 504 4616 Et
530 4581 646 4634 qua:
683 4566 924 4619 decidunt
944 4568 1006 4621 de
1037 4585 1268 4623 messura
1330 4588 1528 4625 eorum.
1566 4572 1622 4626 Id
1658 4582 1762 4638 est,
1792 4591 1942 4644 qua:-

373 4670 595 4725 cunque
625 4666 855 4711 cernunt
880 4673 974 4713 eos
1022 4662 1494 4732 transgredientia,
1538 4680 1660 4734 qua:
1691 4667 1943 4722 videlicet

358 4747 642 4831 ignorant.
677 4747 832 4804 Unde
857 4749 1000 4804 enim
1027 4763 1255 4821 possunt
1304 4755 1485 4810 dicere
1532 4756 1664 4827 legis
1717 4758 1944 4830 ﬁgurata

369 4840 649 4909 mysteria,
703 4855 824 4894 cum
872 4841 991 4910 ejus
1039 4843 1322 4899 veritatem
1374 4845 1621 4902 Christus
1660 4857 1944 4918 postquam

369 4931 606 4996 advenit,
662 4932 982 4988 tradiderit?
1008 4932 1177 4988 Vinea
1210 4946 1389 4991 autem
1439 4937 1554 5007 ipse
1582 4940 1814 5013 populus
1844 4939 1946 4995 Ju-

370 5020 607 5075 dteorum
630 5022 930 5089 dicebatur,
954 5025 1098 5092 quod
1115 5025 1452 5081 demonstrat
1478 5027 1622 5082 Deus
1640 5045 1736 5098 per
1751 5031 1943 5084 Isaiam

372 5107 805 5167 dicens”:Vinea
832 5115 970 5168 enim
998 5113 1209 5167 Domini
1238 5116 1488 5180 Sabaoth,
1538 5120 1722 5173 domus
1768 5121 1945 5175 Israel

372 5210 466 5254 est.
503 5202 609 5256 Ista
641 5203 881 5257 fructum
905 5204 1190 5259 mulierem
1217 5221 1327 5259 non
1350 5206 1579 5274 ferebat,
1612 5210 1665 5262 in
1698 5227 1806 5279 quo
1821 5227 1941 5266 eam

374 5294 786 5361 reprehendens
816 5310 915 5364 per
936 5295 1083 5351 Isaia:
1107 5299 1448 5366 prophetiam
1478 5301 1740 5357 Dominus
1768 5304 1938 5359 dixit:

376 5377 512 5443 Quid
546 5384 739 5452 faciam
769 5386 932 5440 vinea:
962 5402 1090 5440 mea:
1118 5387 1288 5440 adhuc
1329 5390 1468 5457 quod
1496 5392 1544 5443 ei
1574 5406 1676 5444 non
1697 5393 1946 5462 fecerim?

448 5577 494 5609 "
525 5577 718 5633 Psalm.
753 5597 826 5645 ιιι,
859 5583 911 5636 6.

383 5642 424 5672 ⁸⁸
446 5645 609 5719 Zach.
640 5667 690 5713 ν,
724 5652 774 5703 5.
814 5642 893 5682 ’⁸⁷
924 5654 967 5706 ll
997 5654 1127 5725 Reg.
1158 5671 1271 5708 xm.
1348 5642 1393 5687 δέ
1419 5657 1487 5711 Ill
1522 5656 1663 5730 Reg.’
1688 5642 1799 5714 xxi.

984 5585 1029 5615 ⁸³
1058 5584 1244 5638 Matth.
1270 5602 1387 5645 xm.
1416 5588 1507 5641 50.
1580 5588 1620 5620 ⁸¹
1653 5589 1781 5643 Luc.
1815 5606 1866 5653 x,
1897 5591 1950 5644 2.
2001 5591 2252 5647 “Matth.
2282 5609 2332 5656 ν,
2370 5596 2422 5649 5.

997 5654 1127 5716 Reg.
1158 5671 1271 5708 xm.
1348 5657 1393 5687 ⁸⁸
1419 5657 1487 5711 Ill
1522 5656 1663 5716 Rea.’
1688 5674 1799 5714 xxI.
1876 5661 1919 5694 ⁸³
1944 5660 2082 5716 Gen.
2112 5678 2196 5716 xc.
2242 5663 2325 5716 15.

2068 5700 2082 5715 ο
2112 5700 2196 5728 ΑΝ,
2246 5700 2325 5716 IV!

2052 4500 2233 4554 agere,
2261 4485 2572 4552 malumque
2627 4484 2708 4538 eis
2737 4485 2971 4554 operari.
3033 4496 3089 4539 et
3138 4485 3315 4539 moliri
3369 4487 3630 4540 adversus

2053 4590 2148 4629 eos
2180 4582 2433 4638 mortem,
2470 4572 2555 4626 vel
2596 4572 2801 4643 fugam,
2853 4581 2948 4626 aut
2994 4576 3337 4635 servitutem.
3394 4577 3484 4629 vel
3531 4576 3626 4629 alia

2051 4665 2247 4719 similia
2272 4664 2457 4718 dolosa
2474 4673 2636 4732 atque
2665 4663 2892 4717 nefaria.
2934 4664 3091 4719 Unde
3141 4671 3197 4717 et
3215 4664 3442 4734 Joseph,
3484 4667 3538 4717 in
3571 4680 3626 4718 se

2048 4758 2373 4827 injustitiam
2408 4772 2437 4810 a
2480 4756 2739 4811 fratribus
2787 4756 3007 4819 factam,
3046 4755 3250 4810 furtum
3307 4756 3629 4826 appellavit,

2047 4850 2113 4905 ad
2143 4849 2447 4919 principem
2477 4849 2884 4917 pincernarum,
2914 4848 3142 4903 dicens:
3183 4847 3450 4902 Memento
3506 4850 3623 4912 mei,

2045 4956 2162 4994 cum
2191 4940 2317 4993 bene
2346 4941 2440 4994 tibi
2469 4940 2647 5010 fuerit,
2682 4946 2741 4991 ut
2775 4955 3030 5008 suggeras
3074 4939 3138 4992 de
3184 4956 3267 4992 me
3319 4938 3618 4999 Pharaoni.

2045 5042 2092 5086 et
2123 5031 2307 5085 educat
2332 5047 2414 5084 me
2438 5033 2501 5084 de
2532 5032 2630 5084 isto
2649 5034 2874 5093 carcere,
2912 5031 3036 5100 quia
3075 5032 3217 5100 furto
3248 5029 3487 5083 sublatus
3506 5046 3623 5081 sum

2043 5126 2107 5177 de
2136 5133 2277 5177 terra
2302 5123 2639 5177 Hebraeorum
2653 5123 2721 5175 ”.
2751 5122 3060 5176 Devitemus
3094 5130 3277 5175 autem
3304 5129 3363 5175 et
3400 5119 3623 5175 menda~

2043 5214 2210 5279 cium,
2231 5214 2285 5267 in
2313 5229 2421 5283 quo
2443 5213 2661 5282 quidam
2683 5214 2784 5267 sub
2807 5214 2986 5283 specie
3006 5213 3251 5266 veritatis
3270 5212 3621 5279 delinquunt,

2044 5304 2368 5358 calumniam
2403 5303 2669 5358 facientes
2700 5305 2946 5374 proximo
2988 5303 3162 5373 magis
3214 5312 3401 5355 mente
3454 5317 3619 5370 quam

2050 5395 2253 5465 lingua,
2279 5395 2734 5465 quemadmodum
2768 5395 2823 5449 hi
2853 5394 2944 5464 qui
2975 5393 3236 5448 dixerunt
3258 5393 3324 5447 de
3359 5392 3618 5447 Domino.

2498 5595 2547 5627 ³⁸
2573 5593 2678 5648 lsa.
2708 5610 2760 5661 v,
2781 5595 2832 5646 7.
2909 5593 2954 5627 "'
2984 5593 3115 5647 ibid.
3194 5594 3239 5625 ⁸⁸
3270 5593 3372 5647 lsa.
3414 5608 3538 5659 ur,
3558 5595 3605 5649 8.
