3810 6318
275 366 419 429 1025

1422 376 1504 437 ΙΝ
1544 379 1983 448 LEVJTICUM.
2008 405 2079 417 -
2108 384 2253 444 LIB.
2286 386 2385 448 VI.

3375 401 3395 463 1
3406 401 3515 470 026

261 481 418 533 Desit
459 479 923 576 ‘Dossumsofuere
957 488 1205 555 templum
1228 490 1340 553 hoc,
1371 499 1420 544 et
1449 493 1503 544 in
1536 492 1703 546 tribus
1733 492 1845 548 die-
1871 505 1919 560 Α
1949 496 2002 550 in
2040 498 2180 565 cibo,
2211 501 2305 556 sed
2342 511 2397 557 et
2425 516 2520 571 per
2551 505 2697 561 hunc
2713 509 2875 563 etiam
2907 509 2958 563 in
2986 512 3135 569 vita?
3162 516 3331 573 vitam
3366 519 3512 576 enim

259 577 363 625 bus
387 572 652 641 ludificare
701 575 918 630 illud“.
967 577 1208 634 Locutus
1258 580 1437 636 fuerat
1467 584 1686 651 quidem
1728 586 1845 640 haec

261 661 554 725 Dominus,
612 666 831 733 quando
867 667 1036 723 Judaei
1075 670 1140 724 ad
1172 686 1295 724 cum
1346 672 1633 727 dixerunt:
1692 672 1842 738 Quod

256 756 475 825 signum
507 758 735 810 ostendis
762 759 906 813 nobis
927 761 1051 826 quia
1085 762 1195 816 hac
1227 764 1399 833 facis?
1423 764 1542 833 Ipse
1566 773 1747 820 autem
1774 768 1843 821 ad

256 860 363 899 eos
400 863 413 898 :
447 845 642 900 Solvite
664 849 914 916 templum
949 851 1061 914 hoc,
1095 862 1143 904 et
1173 853 1227 904 in
1266 853 1432 907 tribus
1473 855 1650 908 diebus
1673 856 1842 924 wdiﬁ-

257 938 392 990 cubo
418 938 553 992 illud
567 940 635 991 ⁹¹.
688 938 794 993 Sed
827 956 935 995 non
990 943 1288 997 secundum
1317 944 1463 998 illam
1511 946 1701 1001 dicens
1738 946 1842 1001 hoc

258 1028 649 1093 intentionem,
682 1030 985 1084 secundum
1029 1048 1191 1101 quam
1237 1034 1291 1088 hi
1319 1036 1412 1104 qui
1466 1037 1838 1092 testimonium

257 1128 457 1174 contra
514 1136 639 1174 eum
691 1120 914 1185 dabant,
971 1122 1260 1176 dixerunt:
1326 1126 1540 1179 Dicebat
1587 1131 1727 1182 enim
1777 1130 1840 1182 de

266 1210 464 1279 templo
499 1211 730 1278 corporis
758 1212 862 1266 sui.
890 1211 971 1264 Illi
1007 1219 1188 1266 autem
1222 1214 1336 1267 hmc
1368 1214 1508 1269 sicut
1540 1216 1608 1270 de
1637 1219 1838 1286 templo

263 1301 416 1355 dicta
451 1301 762 1356 Judseorum
814 1304 1241 1368 asseverabant;
1261 1306 1407 1360 unde
1442 1314 1634 1367 eos_et
1672 1307 1836 1363 falsos

264 1403 439 1449 testes
484 1396 530 1426 "
595 1396 822 1465 spiritus
860 1398 1172 1466 appellavit.
1215 1397 1321 1453 Pro
1372 1400 1614 1470 perjurio
1655 1411 1836 1456 autem

261 1486 618 1557 Septuaginta
646 1488 846 1542 edunt:
891 1478 1013 1541 Non
1067 1489 1301 1543 levabitis
1344 1488 1525 1544 nomén
1572 1504 1741 1545 meum
1779 1493 1836 1545 in

255 1578 543 1647 injustam.
599 1577 991 1647 Jusjurandum
1048 1596 1181 1636 vero
1210 1580 1266 1635 in
1307 1580 1511 1650 injusto
1574 1591 1678 1645 est,
1724 1597 1835 1636 non

257 1669 435 1723 snlum
471 1670 615 1738 quod
663 1671 1069 1740 praevaricatur,
1108 1671 1201 1725 sed
1254 1671 1416 1746 etiam
1455 1672 1600 1741 quod
1634 1673 1834 1743 injuste

256 1760 585 1824 custoditur,
645 1761 812 1815 veluti
862 1762 1020 1831 quale
1068 1762 1199 1815 illud
1235 1762 1356 1828 fuit,
1393 1764 1537 1832 quod
1589 1763 1833 1819 Herodes

1948 588 2004 641 in
2033 588 2157 644 cibo
2178 592 2500 659 quotidiano
2520 596 2688 651 ducit.
2742 598 2884 670 Ergo
2912 608 2967 655 et
3002 602 3046 657 si
3086 612 3330 663 crastmo
3378 608 3519 663 reci-

1944 681 2081 750 piat,
2112 682 2240 750 quia
2269 686 2546 752 praeterito
2580 689 2688 753 die,
2737 690 2791 744 in
2821 708 2929 761 quo
2956 695 3190 751 laborem
3225 698 3519 769 sustinuit,

1942 774 2507 845 permansitjejunus,
2535 780 2643 833 vim
2675 784 2896 850 pertulit
2926 795 2981 840 et
3012 789 3341 845 calumniam
3388 808 3521 862 pas-

1945 881 2039 921 sus
2071 876 2174 921 est.
2202 869 2269 922 Et
2291 870 2435 938 quod
2460 871 2582 926 aliis
2610 875 2909 931 substantia
2938 888 3040 942 est.
3076 880 3179 935 hoc
3218 892 3347 937 sunt
3368 898 3515 938 mer-

1944 955 2106 1009 cedes
2150 955 2554 1013 laborantibus:
2615 977 2744 1030 ergo
2795 975 2941 1018 recte
2982 968 3061 1021 vis
3105 969 3267 1022 etiam
3316 971 3520 1026 borum

1940 1050 2175 1119 privatio
2194 1051 2413 1106 dicitur.
2446 1053 2553 1108 Sed
2573 1064 2628 1110 et
2652 1057 2743 1125 qui
2770 1060 3046 1114 maledicit
3074 1063 3258 1128 surdo,
3282 1065 3520 1120 multum.

1940 1151 2121 1208 nocet,
2154 1152 2210 1197 et
2246 1144 2335 1211 qui
2370 1146 2525 1213 ponit
2554 1162 2735 1202 coram
2771 1152 2929 1205 caicis
2971 1152 3385 1215 oil'endiculum.
3444 1157 3505 1211 in

1939 1247 2047 1299 quo
2076 1234 2306 1302 pedibus
2336 1235 2635 1292 oﬂ‘endant.
2669 1239 2720 1294 ls
2767 1241 2985 1310 quidem
3038 1244 3130 1311 qui
3159 1247 3359 1300 surdus
3402 1257 3507 1311 est,

1938 1322 2065 1375 dum
2098 1326 2459 1391 maledicitur,
2499 1339 2747 1394 nocetur,
2807 1347 2917 1385 non
2957 1335 3130 1387 solum
3162 1337 3287 1405 quia
3321 1338 3388 1391 de
3441 1354 3517 1394 eo-

1937 1411 2261 1478 detrahitur,
2289 1419 2383 1470 sed
2418 1418 2546 1484 quia
2575 1427 2629 1473 et
2658 1423 2969 1487 emendare,
3006 1431 3101 1476 aut
3135 1423 3253 1479 haec
3288 1441 3501 1493 cavere,

1938 1503 1995 1557 in
2024 1506 2222 1573 quibus
2275 1507 2342 1561 de
2385 1523 2452 1561 eo
2496 1509 2822 1578 detrahitur,
2868 1528 2975 1567 non
3016 1522 3215 1583 potest.
3254 1515 3358 1571 Sed
3403 1533 3505 1573 nec

1936 1610 2113 1648 caecus
2139 1595 2207 1649 ab
2232 1596 2584 1662 oﬂ'endiculo,
2617 1601 2758 1667 quod
2788 1601 2839 1653 ei
2872 1603 3117 1670 ponitur,
3146 1606 3420 1662 custodire
3445 1623 3506 1662 se

1934 1694 2131 1753 potest.
2160 1687 2356 1740 Evenit
2376 1697 2557 1741 autem
2583 1700 2632 1742 et
2659 1690 2787 1744 huic
2813 1701 2865 1744 et
2897 1691 2970 1745 illi
2995 1709 3058 1746 ex
3085 1701 3316 1764 utroque
3336 1712 3501 1761 mors,

1935 1789 2078 1829 caaeo
2116 1777 2358 1844 quidem,
2404 1778 2533 1831 dum
2583 1781 2886 1834 conteritur
2941 1797 3038 1851 per
3070 1782 3493 1842 ofl‘endiculum:

259 1850 387 1944 θυῖε
432 1850 754 1944 "Nomadis
805 1852 1029 1920 iurans:
1072 1852 1303 1907 Joannis
1360 1854 1616 1922 Βθβιίείαθ
1660 1863 1825 1924 Cap!“
1859 1843 1901 1902 Β
1930 1865 2097 1919 surdo
2122 1843 2302 1921 autem
2332 1868 2661 1935 maledictio,
2684 1872 2836 1941 quasi
2873 1843 3218 1944 de-la‘rincipe
3235 1876 3504 1933 detraxis-

256 1942 538 1997 abscidit:
600 1945 891 2013 oportebat
936 1944 1081 1998 enim
1130 1945 1235 1999 hoc
1270 1961 1395 1999 eum
1447 1947 1827 2016 jusjurandum

256 2052 370 2089 non
397 2036 661 2106 praebere,
697 2047 985 2106 postquam
1020 2044 1201 2090 tamen
1224 2037 1448 2106 juravit,
1492 2053 1603 2091 non
1643 2046 1829 2092 custo-

257 2129 400 2193 dire,
434 2129 561 2198 quia
613 2130 738 2183 talia
788 2138 1145 2194 sacramenta,
1195 2144 1298 2183 nec
1343 2129 1557 2183 initium
1610 2145 1827 2184 sumere

257 2220 405 2274 Deus
430 2220 565 2283 vult,
599 2219 693 2273 sed
720 2234 822 2273 nec
876 2219 1149 2273 sumentia
1182 2219 1249 2273 ad
1292 2218 1453 2272 finem
1510 2220 1822 2289 pervenire;

260 2309 406 2362 unde
431 2309 643 2363 dicens:
667 2308 783 2361 Non
811 2309 1045 2362 levabitis
1092 2325 1278 2363 nomen
1319 2326 1491 2362 meum
1520 2311 1576 2362 in
1604 2310 1822 2379 injusto,

259 2399 610 2452 addidit:Et
665 2415 767 2451 non
814 2399 1167 2467 profanabitis
1223 2415 1410 2452 nomen
1467 2399 1677 2453 Domini
1726 2400 1824 2453 Dei

256 2490 454 2554 vestri;
494 2490 637 2558 quod
665 2489 975 2560 Hieronymi
1004 2488 1288 2544 translatio
1321 2490 1513 2546 edidit.

330 2579 451 2633 Non
482 2580 682 2650 pollues
710 2596 896 2634 nomen
918 2579 1013 2633 Dei
1036 2581 1132 2633 tui.
1164 2578 1447 2645 Quomodo
1484 2589 1666 2635 autem
1699 2582 1824 2651 quis

258 2670 393 2724 illud
428 2669 702 2739 profanat,
752 2670 876 2724 dico
922 2686 937 2723 :
972 2669 1026 2724 id
1062 2679 1167 2734 est,
1204 2670 1345 2725 male
1371 2670 1644 2737 faciendo,
1697 2672 1822 2741 quia

251 2762 641 2833 jusjurandum
662 2761 960 2831 transgredi
991 2776 1101 2815 non
1131 2769 1330 2830 potest.
1361 2762 1524 2831 Atqui
1542 2761 1703 2828 Deus,
1726 2777 1823 2831 per

253 2872 417 2927 quem
441 2856 682 2919 intravit,
709 2856 765 2908 in
798 2855 1179 2927 tantum'bona
1208 2856 1345 2922 vult,
1371 2856 1521 2925 quia,
1547 2856 1650 2911 etsi
1696 2871 1821 2926 per-

254 2946 470 2999 miserit
519 2946 587 2999 de
621 2944 944 3014 quibusdam
990 2944 1271 3008 terribilia,
1318 2945 1391 2999 illi
1426 2954 1606 3000 autem
1647 2947 1821 3015 paeni-

258 3047 500 3103 tuerunt,
538 3053 648 3092 non
689 3038 865 3092 tardat
888 3038 1088 3091 mutari
1150 3038 1500 3102 sententiam,
1553 3053 1819 3106 suumque

256 3143 567 3183 sermonem
594 3144 707 3182 non
734 3128 1030 3199 refragare,
1048 3138 1110 3183 ut
1132 3129 1385 3197 quiddam
1414 3129 1573 3183 nobis
1601 3129 1818 3198 pietatis

253 3218 553 3290 impendat,
570 3226 791 3288 propter
808 3219 954 3288 quod
982 3218 1225 3273 addidit:
1255 3219 1365 3289 Ego
1385 3220 1653 3273 Dominus.
1683 3220 1820 3285 Qua-

250 3305 359 3364 lis?
386 3310 453 3364 de
483 3325 591 3379 quo
632 3310 709 3364 ait
748 3308 901 3366 Iona:
948 3310 1256 3380 prophetia,
1309 3312 1526 3380 quando
1568 3312 1820 3366 Ninivitze

251 3398 658 3475 ieiunaverunt,
712 3411 768 3458 et
808 3410 1118 3469 oraverunt,
1151 3413 1206 3458 et
1255 3404 1508 3473 ptenituit
1550 3406 1719 3459 Deum
1753 3405 1820 3459 de

255 3496 459 3550 malitia
476 3511 636 3565 quam
656 3495 869 3549 locutus
893 3503 997 3560 est,
1016 3504 1075 3548 ut
1100 3495 1306 3549 faceret
1326 3495 1426 3560 eis,
1452 3503 1507 3550 et
1535 3510 1645 3549 non
1667 3495 1817 3551 fecit.

252 3586 419 3642 Multa
450 3596 629 3643 autem
664 3598 720 3641 et
744 3587 846 3640 alia
880 3585 1194 3655 hujusmodi
1217 3587 1497 3656 prophetae
1542 3587 1814 3642 dixerunt.

328 3678 602 3744 Vens.15,
636 3679 721 3733 14.
758 3696 778 3730 ι
823 3678 941 3732 Non
985 3677 1154 3734 facies
1200 3677 1527 3731 calumniam
1572 3673 1820 3744 proximo

256 3780 367 3835 tuo,
395 3786 496 3825 nec
540 3771 593 3824 vi
649 3769 926 3838 opprimes
983 3783 1128 3822 eum.
1181 3766 1298 3821 Non
1350 3765 1644 3829 morabitur
1681 3777 1820 3832 opus

254 3863 579 3919 mercenarii
631 3864 772 3931 apud
795 3871 866 3918 'te
907 3876 1079 3932 usque
1125 3875 1308 3914 mane.
1357 3858 1478 3913 Non
1528 3855 1819 3910 maledices

251 3957 435 4021 surdo,
472 3970 575 4010 nec
606 3969 792 4009 coram
839 3968 984 4008 caaco
1040 3966 1213 4022 pones
1259 3949 1668 4012 ofl'endiculum,
1721 3946 1818 4001 sed

250 4048 470 4103 timebis
499 4049 669 4101 Deum
706 4054 884 4110 tuum,
912 4043 1036 4113 quia
1061 4057 1162 4112 ego
1191 4057 1311 4095 sum
1338 4041 1621 4095 Dominus.
1651 4057 1670 4089 ι

321 4138 483 4193 Vides
503 4136 956 4207 quemadmodum
975 4132 1232 4205 paulatim
1255 4132 1340 4185 lex
1385 4130 1504 4199 ejus
1528 4131 1619 4198 qui
1642 4131 1816 4199 legem

246 4231 479 4300 accepit,
508 4228 651 4283 colat
682 4237 941 4291 mentem,
987 4235 1043 4281 et
1091 4241 1154 4280 ea
1204 4239 1327 4293 quae
1356 4222 1612 4277 videntur
1652 4236 1816 4290 parva

248 4321 530 4392 conjunxit
556 4319 783 4390 magnis,
812 4327 872 4372 ut
899 4317 1092 4372 timore
1136 4314 1373 4371 definitae
1421 4314 1478 4367 in
1519 4312 1814 4382 majoribus

248 4409 486 4481 peccatis
514 4421 711 4477 preme,
747 4413 802 4459 et
829 4419 858 4458 a
890 4403 1195 4457 minoribus
1223 4401 1614 4456 abstineamus.
1660 4397 1815 4454 Sicut

1933 1963 2036 2018 set,
2062 1964 2156 2009 aut
2183 1956 2327 2011 aliud
2346 1958 2619 2027 quidpiam
2650 1958 2883 2025 fecisset,
2924 1964 3066 2032 quod
3097 1964 3148 2018 ei
3200 1968 3498 2032 periculum

1931 2044 2225 2114 ingereret,
2291 2050 2639 2116 semetipsum
2674 2051 2899 2105 minime
2950 2055 3263 2124 corrigenti,
3311 2066 3367 2111 et
3394 2057 3511 2113 hoc

1929 2136 2073 2204 quod
2124 2137 2340 2191 videtur
2391 2153 2511 2193 esse
2560 2156 2812 2209 parvum,
2847 2144 2991 2213 quod
3043 2159 3075 2198 a
3126 2146 3309 2201 multis
3353 2162 3497 2217 saepe

1928 2228 2244 2282 ludentibus
2270 2230 2623 2301 delinquitur,
2679 2235 2874 2288 transit
2913 2236 2981 2290 ad
3029 2247 3290 2293 mortem:
3352 2242 3501 2296 unde

1927 2318 2089 2371 nimis
2123 2331 2431 2388 opportune
2478 2320 2648 2376 David
2678 2323 2814 2377 dixit
2840 2340 2986 2388 eum,
3017 2327 3106 2395 qui
3148 2328 3203 2381 in
3246 2330 3507 2384 cathedra

1925 2409 2254 2478 pestilentiw,
2308 2412 2363 2465 id
2412 2420 2519 2479 est,
2561 2413 2924 2469 deridentium
2960 2432 3063 2469 non
3109 2419 3323 2474 sedit“.
3381 2420 3505 2475 Nos.

1925 2508 2104 2554 autem
2137 2501 2203 2555 ad
2232 2502 2420 2556 eadem
2443 2518 2634 2557 rursus
2668 2507 3010 2573 exsequenda
3034 2523 3340 2579 pergamus.
3372 2510 3494 2565 Non

1924 2593 2070 2646 enim
2134 2594 2312 2648 solum
2364 2595 2720 2664 pecuniarum
2758 2598 3086 2652 calumniam
3149 2610 3204 2654 et
3254 2602 3364 2654 vim
3406 2601 3494 2657 lex

1923 2682 2236 2751 prohibuit,
2258 2686 2353 2739 sed
2380 2681 2436 2739 et
2456 2701 2671 2740 omnem
2696 2687 2877 2752 aliam,
2906 2697 2960 2742 et
2986 2691 3156 2756 multo
3176 2692 3344 2762 magis
3372 2708 3501 2748 eam:

1923 2786 2044 2840 qua:
2076 2780 2158 2826 est
2184 2773 2239 2826 in
2267 2773 2625 2842 spiritalibus,
2658 2787 2720 2829 ut
2767 2791 2878 2831 non
2916 2778 3138 2848 gloriam
3171 2780 3494 2850 arripiamus

1922 2861 2169 2928 alterius,
2197 2879 2301 2919 nec
2330 2866 2475 2934 quod
2505 2867 2729 2945 alterius
2769 2858 2953 2924 labore
2977 2879 3279 2926 correctum
3309 2881 3412 2937 est,
3432 2874 3493 2928 in

1922 2951 2328 3021 nobismetipsis
2362 2954 2723 3020 attrahamus,
2770 2965 2997 3027 propter
3025 2960 3166 3028 quod
3208 2969 3264 3014 et
3289 2960 3500 3018 Paulus

1920 3039 2167 3095 dicebat:
2199 3042 2319 3097 Non
2347 3046 2483 3097 enim
2523 3045 2700 3099 aliena
2724 3046 2930 3116 regula,
2967 3048 3021 3101 in
3050 3049 3128 3102 his
3158 3066 3274 3119 qum
3293 3063 3487 3121 parata

1919 3141 2059 3197 sunt,
2096 3133 2402 3203 gloriari".
2436 3134 2502 3189 Et
2526 3152 2734 3203 rursus,
2758 3137 3016 3192 donatum
3048 3139 3150 3193 sibi
3171 3140 3297 3195 dicit
3328 3155 3497 3197 evan~

1921 3221 2174 3290 gelizare,
2207 3239 2319 3279 non
2354 3225 2444 3279 ubi
2475 3227 2788 3282 nominatus
2809 3237 2893 3283 est
2919 3227 3192 3297 Christus,
3229 3245 3298 3284 ne
3328 3246 3501 3301 super

1919 3311 2139 3365 alterius
2177 3312 2588 3369 fundamentum
2619 3316 2995 3373 aediﬁcaret”.
3028 3319 3270 3375 Alterum
3306 3330 3489 3377 autem

1919 3401 2143 3456 alterius
2172 3402 2546 3473 interpretatio
2567 3416 2671 3461 est.
2695 3407 2922 3462 Nolebat
2943 3409 3086 3462 enim
3110 3411 3487 3480 prejudicare.

1919 3492 2013 3545 ubi
2069 3493 2207 3547 alter
2251 3496 2584 3564 praedicavit,
2635 3505 2842 3552 utnon
2890 3500 3168 3555 mercedes
3224 3501 3491 3571 arriperet

1919 3582 2142 3638 alienas.
2172 3584 2246 3638 De
2282 3586 2367 3639 his
2398 3587 2545 3640 enim
2572 3588 2911 3643 mercedibus
2933 3589 3010 3643 ait
3026 3590 3333 3660 legislator:
3368 3591 3489 3645 Non

1920 3675 2212 3729 morabitur
2245 3692 2371 3744 opus
2409 3680 2720 3732 mercenarii
2745 3681 2889 3748 apud
2917 3690 2968 3734 te
3000 3697 3165 3751 usque
3205 3698 3378 3737 mane.

1991 3764 2109 3821 Non
2150 3771 2260 3837 jam
2311 3768 2750 3837 praedicantibus,
2783 3770 2878 3824 sed
2924 3770 3102 3827 adhuc
3151 3773 3489 3828 discentibus

1919 3858 2185 3913 mandans
2202 3875 2311 3913 non
2342 3860 2636 3931 negligere.
2663 3875 2765 3915 nec
2793 3862 3030 3916 otiosum
3057 3864 3198 3933 apud
3229 3878 3287 3918 se
3307 3864 3487 3918 sinere

1918 3946 2196 4003 doctorale
2226 3949 2485 4015 verbum;
2524 3952 2897 4007 mercenarius
2944 3953 3088 4007 enim
3124 3954 3219 4008 Dei
3255 3963 3358 4018 est,
3393 3954 3489 4023 qui

1917 4040 2176 4108 praedicat
2230 4040 2456 4094 verbum
2518 4041 2659 4109 ejus.
2710 4032 3155 4097 Merces'autem
3229 4044 3348 4111 ejus
3402 4052 3485 4098 est

1918 4128 2205 4182 retributio
2236 4127 2663 4196 prmdicationis,
2695 4130 2875 4184 veraci
2904 4131 3179 4185 existente
3212 4130 3376 4199 hujus
3404 4132 3484 4185 rei

1917 4227 2055 4273 teste
2081 4216 2271 4283 Paulo,
2307 4218 2400 4287 qui
2432 4217 2564 4272 dicit
2601 4236 2613 4270 :
2652 4216 2781 4282 Quae
2811 4226 2886 4272 est
2926 4235 3047 4289 ergo
3092 4234 3288 4273 merces
3326 4219 3486 4272 mea?

1921 4306 1982 4361 Ut
2028 4304 2373 4375 Evangelium
2440 4303 2770 4373 prwdicans,
2833 4305 2945 4359 sine
3008 4314 3219 4375 sumptu
3285 4320 3482 4374 ponam

1913 4394 2260 4465 Evangelium
2285 4392 2480 4448 Christi
2493 4394 2560 4448 ⁸⁷.
2583 4393 2933 4464 Septuaginta
2953 4404 3133 4450 autem
3151 4396 3321 4450 edunt
3337 4395 3485 4449 :Non

248 4501 392 4555 enim
430 4499 510 4553 eis
554 4496 834 4552 sociantur
883 4493 939 4547 in
996 4492 1271 4557 mandato,
1325 4492 1396 4544 ita
1446 4498 1501 4543 et
1550 4490 1606 4543 in
1654 4504 1811 4558 poena
1841 4505 1888 4560 ι)
1916 4488 2138 4541 dormiet
2170 4502 2362 4541 merces
2394 4487 2706 4541 mercenarii
2737 4487 2815 4539 tui
2843 4487 2987 4556 apud
3021 4497 3091 4551 te,
3121 4503 3284 4558 usque
3309 4503 3480 4540 mane.

248 4593 562 4655 sociantur;
594 4587 721 4658 quia
753 4587 843 4656 qui
865 4584 1028 4656 legem
1050 4591 1216 4638 totam
1252 4583 1549 4647 servaverit,
1587 4581 1812 4651 oﬁ'endat

247 4693 423 4737 autem
470 4681 527 4733 in
573 4696 695 4741 uno,
724 4680 893 4748 factus
928 4684 1004 4730 est
1048 4675 1279 4727 omnium
1313 4675 1515 4729 reus”.
1565 4672 1671 4728 Sed
1707 4688 1811 4728 nec

247 4776 442 4830 frustra
476 4771 763 4827 calumniae
792 4769 903 4824 vim
947 4767 1227 4837 conjunxit
1259 4783 1420 4836 :quae
1448 4766 1594 4821 enim
1650 4765 1809 4820 ditl‘e-

248 4864 418 4920 rentia
444 4871 527 4918 est
551 4862 694 4931 apud
726 4876 849 4915 eum
882 4860 972 4929 qui
1005 4860 1169 4913 rebus
1215 4859 1329 4913 suis
1367 4865 1534 4919 caret,
1584 4856 1706 4937 sive
1731 4856 1809 4919 vi,

245 4959 356 5013 sive
379 4954 547 5009 armis
579 4953 832 5017 forsitan,
888 4958 983 5005 aut
1015 4949 1259 5020 potentia
1293 4948 1551 5017 qualibet,
1593 4947 1683 5002 vel
1710 4961 1810 5016 per

246 5046 765 5101 circumventionem
798 5043 1149 5113 iudiciorum,
1180 5046 1279 5093 aut
1317 5037 1527 5102 fraude,
1552 5037 1639 5092 vel
1669 5051 1809 5106 quo-

248 5137 377 5190 libet
405 5137 513 5189 alio
539 5136 702 5191 simili
754 5135 920 5190 modo
950 5132 1037 5187 his
1082 5129 1304 5186 careat?
1340 5127 1447 5183 Sed
1494 5136 1549 5182 et
1578 5127 1670 5197 qui
1719 5128 1809 5182 die

251 5230 356 5276 tota
386 5228 639 5288 operatus
663 5231 767 5285 est,
795 5229 855 5275 ut
874 5220 1147 5289 acciperet
1181 5215 1479 5279 mercedes,
1514 5230 1579 5268 ex
1611 5214 1811 5282 quibus

246 5327 366 5369 cum
391 5309 537 5374 filiis,
575 5320 629 5364 et
671 5326 864 5375 uxore,
916 5320 972 5365 et
1017 5307 1335 5380 parentibus
1369 5305 1811 5376 exspectantibus

247 5403 461 5458 easdem
483 5401 764 5455 mercedes
794 5403 1022 5466 viveret,
1065 5408 1122 5455 et
1151 5414 1261 5453 non
1287 5397 1518 5467 accepit,
1553 5395 1648 5451 sed
1675 5394 1810 5449 dila-

249 5506 330 5550 tus
349 5500 455 5558 est,
474 5504 656 5546 nonne
678 5492 1003 5546 calumniam
1026 5500 1081 5546 et
1104 5489 1479 5560 vimpatitur?
1494 5504 1604 5543 non
1629 5487 1807 5542 solum

311 5689 356 5721 ⁹⁰
388 5686 553 5740 Marc.
582 5700 689 5740 xiv.
724 5682 815 5737 58.
920 5682 964 5713 "
1006 5682 1160 5736 Joan.
1190 5700 1250 5745 ιι,
1282 5684 1368 5736 19.

1478 5683 1524 5714 ⁹¹
1551 5679 1739 5734 Matth.
1785 5696 1892 5734 xw.

1916 4577 2055 4643 Quia
2086 4578 2234 4633 enim
2292 4576 2533 4633 dormire
2561 4577 2896 4648 negligentes
2949 4578 3227 4640 dicuntur,
3255 4577 3482 4631 demon-

1916 4677 2053 4723 strat
2081 4668 2363 4730 Dominus,
2397 4667 2678 4735 discipulis
2707 4669 3019 4722 mandatum
3050 4669 3209 4722 dans.
3241 4666 3483 4736 Vigilate,

1915 4761 2041 4830 quia
2097 4761 2311 4813 nescitis
2361 4775 2468 4826 qua
2516 4759 2647 4810 liora
2701 4758 2958 4810 Dominus
3019 4767 3186 4810 uester
3235 4765 3489 4808 venturus

1915 4859 1990 4905 est
2009 4850 2077 4901 ⁸⁸.
2108 4850 2216 4903 Sed
2242 4858 2295 4902 et
2321 4850 2539 4916 quando
2558 4847 2961 4903 dormientibus
2980 4846 3312 4908 hominibus,
3334 4845 3486 4899 vide-

1914 4940 2043 4993 licet
2097 4938 2537 5023 negligentib’us,
2596 4936 2871 4991 seminare
2931 4934 3148 4990 dicebat
3199 4934 3485 4989 inimicum

1915 5030 2211 5095 zizaniam;
2242 5043 2407 5083 mane
2431 5027 2579 5084 enim
2622 5027 2866 5083 futurum
2901 5024 3160 5082 saeculum
3205 5033 3309 5091 est,
3353 5027 3481 5094 quia

1913 5123 2064 5177 nocti
2090 5120 2373 5191 praesentis
2393 5120 2518 5175 vitae
2551 5120 2814 5185 succedit,
2841 5124 2894 5174 et
2910 5120 3002 5172 lux
3024 5113 3485 5187 inexstinguibilis

1914 5213 1969 5266 in
2004 5226 2071 5267 eo
2097 5211 2324 5265 habitat.
2365 5209 2485 5265 Non
2526 5225 2655 5280 ergo
2693 5218 2909 5278 oportet
2931 5206 3166 5262 otiosum
3191 5220 3311 5260 esse
3338 5207 3484 5274 apud-

1913 5319 2015 5359 nos
2043 5305 2328 5358 doctorum
2374 5304 2602 5358 verbum
2652 5317 2751 5372 per
2773 5316 2934 5355 omne
2968 5301 3075 5355 hoc
3123 5308 3357 5368 tempus,
3389 5299 3479 5351 cui

1914 5393 2082 5448 futuri
2108 5392 2370 5463 temporis
2402 5407 2562 5447 mane
2584 5390 2848 5456 succedit,
2868 5389 2993 5459 quia
3021 5395 3076 5443 et
3113 5387 3170 5440 in
3216 5387 3321 5440 hoc
3342 5400 3481 5441 avai-

1914 5483 2037 5538 ritia
2061 5492 2117 5538 et
2149 5483 2417 5552 injustitia
2442 5483 2498 5537 in
2533 5481 2847 5537 doctoribus
2875 5484 3222 5542 exercentur,
3264 5489 3479 5531 merce-

2000 5679 2046 5712 ”
2080 5678 2198 5732 Jac.
2225 5695 2283 5741 ιι,
2312 5680 2397 5733 10.
2503 5678 2548 5711 ³⁸
2574 5676 2716 5731 Psal.
2745 5691 2781 5740 ι,
2813 5677 2860 5730 ι.
2967 5676 3013 5707 ⁸⁸
3038 5674 3085 5729 ιι
3106 5673 3240 5729 Cor.
3282 5687 3340 5741 ι,
3390 5667 3476 5727 16.

241 5756 281 5789 ’⁸
310 5755 472 5813 Rom.
504 5771 591 5823 xv,
621 5754 713 5808 20.
790 5752 832 5785 "‘
863 5752 884 5805 Ι
912 5748 1039 5805 Cor.
1061 5769 1135 5820 is,
1165 5753 1254 5809 i8.
1327 5750 1373 5785 ⁸⁸
1406 5750 1595 5806 Μειιιὶι.
1620 5766 1760 5815 sxw,
1786 5751 1820 5805 4

1927 5749 2195 5815 ;xxv,i5.
