3810 6318
441 328 574 400 tua“!
1628 310 1996 379 HESYCHII
2035 313 2514 375 PRESBYTERI
3604 311 3738 376 ωερε

431 457 559 512 dem
593 446 967 521 perdentibus,
990 458 1113 515 qua:
1142 440 1223 501 eis
1251 436 1594 509 exprolectu
1624 434 2012 521 discipulorum
2045 437 2090 494 Α
2120 432 2222 493 nis,
2263 433 2389 502 quia
2430 431 2696 501 judicium
2728 430 2825 484 Dei
2869 430 3003 485 αι’.
3046 429 3189 500 Ergo
3242 430 3290 485 si
3336 429 3429 485 vis
3477 446 3736 501 persona

434 520 751 602 deberetur.
803 541 904 592 l’er
949 534 1174 591 surdum
1204 540 1386 584 autem
1434 535 1489 582 et
1531 541 1760 591 caecum,
1796 537 1894 579 eos
1920 520 2015 591 qui
2120 522 2324 577 donare
2350 523 2612 592 potentis,
2642 537 2893 591 personae
2930 521 3027 576 Dei
3051 523 3234 577 dona:
3278 523 3469 576 donas
3524 534 3729 587 aute,

434 629 824 690 inobedientise
853 637 911 681 et
946 620 1270 696 ignorantiae
1311 618 1503 673 morbo
1548 610 1884 677 detinentur,
1929 611 2016 664 lex
2121 610 2166 664 si
2193 610 2259 664 ad
2284 623 2493 679 partem
2522 618 2575 663 te
2598 609 2825 677 justitiaa
2847 610 3171 669 contuleris.
3200 609 3313 665 illic
3334 610 3498 663 enim
3534 610 3730 666 habet:

437 724 639 789 innuit,
681 721 748 775 ad
786 718 932 788 quod
966 715 1134 770 lsaias
1163 711 1332 766 dixit:
1366 707 1548 772 Surdi,
1574 706 1776 770 audite,
1801 712 1849 757 et
1870 701 2016 766 caci,
2121 700 2249 771 quia
2310 702 2496 770 justus
2538 699 2796 752 Dominus
2820 700 3094 769 justitiam
3141 700 3356 764 dilexit,
3416 703 3727 771 αξᾳυὶκιε,

2122 792 2259 844 uidet
2288 791 2465 844 vultus
2518 790 2705 860 ejus":
2762 791 3116 859 quamobrem
3163 792 3338 848 etiam
3377 808 3548 845 nunc.
3594 795 3728 862 just:

2120 883 2353 952 judicari
2386 883 2642 951 proximo
2661 881 2942 951 praecepit.
2964 879 3192 950 Oportet
3215 884 3374 936 enim
3413 899 3533 938 nos
3574 901 3729 941 nosse

2125 975 2252 1043 quia
2281 974 2337 1025 in
2372 988 2473 1042 quo
2508 973 2944 1041 judicaverintus,
2974 972 3028 1024 in
3059 973 3239 1025 eodem
3261 974 3728 1041 judicabimnr“.

2129 1063 2224 1118 llis
2257 1062 2488 1118 addidit.

2201 1140 2363 1207 Vens.
2401 1151 2487 1204 l6.
2529 1169 2549 1203 ι
2583 1151 2702 1206 Νοιι
2762 1153 2873 1208 eris
2920 1154 3242 1210 criminator
3293 1165 3355 1210 et
3397 1171 3646 1213 susurro
3682 1159 3729 1211 in

2129 1244 2370 1314 populis.
2419 1262 2438 1295 υ

2206 1333 2320 1398 Vel,
2354 1333 2492 1388 sicut
2527 1332 2885 1405 Septuaginta
2914 1335 3115 1389 edunt:
3156 1318 3280 1389 Ilion
3320 1338 3651 1391 ambulabis
3686 1341 3735 1391 is

2132 1424 2251 1479 dolo
2298 1425 2355 1478 in
2396 1436 2547 1495 gente
2602 1436 2717 1480 tua.
2772 1429 2893 1480 Non
2948 1429 3110 1480 stabis
3171 1438 3363 1480 contra
3414 1432 3737 1500 sanguine.

2132 1515 2365 1582 proximi
2407 1516 2505 1568 tui.
2542 1514 2677 1569 Dolo
2729 1516 3052 1585 sanguinem
3094 1508 3416 1585 cenjunxit,
3481 1522 3740 1575 videlicet

2136 1607 2517 1672 homicidium,
2571 1607 2715 1661 sicut
2742 1618 2799 1664 et
2837 1609 3008 1665 David
3057 1611 3224 1664 solet:
3264 1612 3461 1665 Virum
3522 1617 3738 1683 sangui-

2136 1715 2261 1753 num
2288 1710 2336 1753 et
2365 1701 2603 1756 dolosum
2622 1702 3016 1758 abominabitur
3057 1702 3311 1757 Dominus
3329 1705 3380 1756 '.
3413 1705 3487 1759 Et
3506 1707 3735 1760 iterum:

438 816 718 873 intuemini
737 814 806 866 ad
827 809 1108 865 videndum
1129 805 1199 858 ”.
1242 803 1304 856 lli
1332 816 1442 855 non
1477 795 1835 852 maledicendi
1868 794 2017 858 sunt,

441 910 537 963 sed
567 903 922 966 admonendi,
974 900 1021 954 si
1074 908 1255 952 tamen
1302 909 1399 948 eos
1447 890 1694 947 converti
1750 887 2018 943 volumus.

443 997 601 1052 Unde
631 1003 687 1049 et
730 992 951 1053 Paulus,
994 1003 1119 1042 enim
1153 985 1246 1055 qui
1300 984 1461 1038 docet
1505 981 1561 1034 in
1603 977 2023 1034 mansuetudine

442 1089 641 1143 docere
668 1100 787 1148 eos,
828 1082 921 1152 qui
956 1078 1361 1142 contradicunt,
1396 1071 1714 1129 doctoribus
1746 1068 2021 1133 Ecclesiae,

443 1176 761 1251 praecepit‘.
797 1174 904 1228 Sed
932 1188 1036 1227 nec
1064 1170 1265 1226 offendi
1306 1182 1428 1222 eum
1461 1166 1541 1242 eis
1570 1163 1703 1218 falsa
1757 1160 2023 1251 dicentes,

445 1248 543 1323 aut
563 1276 788 1337 agentes
817 1264 1082 1318 debemus
1109 1258 1245 1313 ellici
1272 1274 1287 1322 ;
1314 1258 1417 1310 hoc
1438 1254 1585 1309 enim
1613 1251 1813 1308 Paulus
1839 1248 2027 1318 prohi-

444 1362 608 1424 bens,
646 1366 810 1425 atque
840 1353 1141 1422 corrigens,
1177 1347 1424 1416 scripsit:
1461 1343 1520 1398 Si
1544 1341 1861 1410 quisiiderit
1887 1355 2026 1405 eum,

450 1452 541 1522 qui
565 1449 721 1500 habet
753 1444 1052 1505 scientiam,
1074 1442 1130 1493 in
1161 1438 1322 1491 idolio
1362 1433 1915 1522 recumbat-eruption
1967 1430 2031 1522 de

451 1516 769 1590 conscientia
804 1531 941 1599 ejus,
988 1542 1105 1580 cum
1144 1525 1211 1577 sit
1267 1522 1509 1590 inﬁrma,
1566 1517 1921 1587 wdiﬁcabitur
1961 1516 2032 1569 ad

451 1606 883 1680 manducandum
920 1616 1269 1684 idolotltgtum
1300 1614 1341 1663 ².
1391 1608 1449 1664 Si
1502 1608 1637 1679 legis
1686 1617 1797 1662 tam
1848 1606 2030 1660 littera

454 1733 619 1789 quam
649 1715 844 1785 spiritu
865 1710 1043 1782 iuvari
1073 1720 1392 1785 possumus.

522 1764 709 1864 Vens.r
719 1808 807 1860 15.
853 1764 882 1856 ι’
907 1804 1018 1858 Nec
1065 1764 1233 1855 iacies
1286 1797 1430 1867 quod
1480 1797 1728 1865 iniquum
1775 1803 1880 1859 est,
1932 1764 2106 1847 necB
2145 1793 2250 1846 Viri
2303 1795 2624 1864 sanguinum
2693 1804 2744 1847 et
2827 1795 2994 1849 dolosi
3055 1811 3160 1847 non
3212 1797 3605 1850 dimidiabunt
3642 1800 3739 1851 dies

455 1891 969 1965 injustejudicabis.
997 1888 1108 1942 Nec
1136 1887 1456 1942 consideres
1488 1899 1776 1954 personam
1830 1897 2036 1952 paupe-

456 1987 554 2052 ris,
605 2000 706 2039 nec
772 1984 1010 2037 honores
1054 1979 1264 2034 vultum
1322 1976 1581 2047 potentis.
1636 1975 1789 2031 iuste
1852 1973 2038 2042 judica

457 2077 717 2147 proximo
759 2085 871 2128 tuo.
927 2071 1049 2126 Non
1092 2071 1202 2124 eris
1243 2069 1561 2123 criminator
1599 2076 1656 2121 et
1697 2079 1926 2146 susurro
1968 2064 2035 2137 .in

460 2165 695 2236 populis.
727 2162 844 2217 Non
875 2161 1046 2215 stabis
1066 2167 1259 2215 contra
1291 2158 1612 2229 sanguinem
1651 2153 1884 2226 proximi
1936 2148 2035 2208 tui.

460 2259 572 2329 Ego
594 2255 873 2311 Dominus.
919 2272 938 2304 ι

536 2345 655 2399 Νοιι
695 2344 998 2414 quamlibet
1024 2342 1313 2411 justitiam,
1343 2341 1439 2395 sed
1486 2353 1775 2402 summam,
1816 2345 1872 2391 et
1912 2351 2043 2407 per-

463 2434 659 2489 fectam
685 2433 912 2497 studeri,
963 2433 1048 2486 lex
1079 2433 1315 2485 maxime
1349 2431 1402 2484 in
1447 2429 1809 2500 praesentibus
1837 2427 2041 2482 consti-

464 2531 590 2588 tuit.
632 2536 782 2582 recto
816 2526 1016 2580 itinere
1058 2526 1360 2592 ordiueque
1407 2522 1737 2592 procedens,
1788 2532 1847 2575 ut
1894 2519 2043 2589 prius

463 2619 715 2672 videatur
779 2616 1111 2686 pauperibus
1176 2616 1354 2684 legem
1406 2615 1741 2669 constituere
1774 2648 1789 2679 ,-
1845 2611 2046 2667 deinde

466 2710 809 2780 potentibus,
882 2723 947 2761 ac
1000 2707 1198 2762 deinde
1250 2706 1587 2776 principatus
1637 2715 1687 2761 et
1750 2713 2046 2775 potestates

472 2801 824 2865 habentibus,
887 2808 948 2853 ut
981 2813 1078 2868 per
1135 2799 1240 2851 hoc
1271 2800 1548 2862 ostendat,
1604 2812 1889 2867 personam
1934 2811 2045 2850 non

468 2892 657 2946 deberi
703 2889 898 2958 accipi.
933 2887 1051 2943 Non
1103 2888 1307 2941 furtum
1354 2888 1523 2953 enim,
1573 2903 1677 2942 nec
1718 2887 2046 2941 calumniam

470 2982 675 3046 facere,
720 2995 823 3034 nec
870 2982 1057 3048 jurare
1111 2978 1165 3031 in
1225 2979 1466 3046 injusto,
1516 2978 1920 3032 etsi'divitibus
1962 2978 2048 3030 vel

2137 1899 2259 1936 suos
2278 1883 2321 1938 ⁸.
2351 1882 2575 1938 Gladius
2612 1885 2758 1938 enim
2781 1887 3027 1939 occultus
3061 1894 3145 1939 est
3172 1886 3355 1953 dolus,
3421 1890 3591 1943 ensis
3624 1905 3739 1943 en-

2139 1981 2321 2039 cutus,
2352 1982 2407 2027 et
2430 1975 2606 2029 latens
2642 1975 2719 2029 ita
2751 1985 2810 2029 ut
2838 1976 3010 2045 David
3040 1992 3232 2031 rursus
3278 1978 3551 2033 diceret:
3604 1978 3737 2034 Sicut

2141 2064 2398 2117 novacula
2428 2074 2586 2118 acuta
2613 2067 2782 2135 fecisti
2802 2065 3037 2120 dolum”.
3073 2048 3180 2121 Sed
3211 2083 3317 2121 nos
3348 2069 3524 2124 abeo
3544 2072 3736 2125 veloci-

2140 2161 2226 2207 ter
2275 2155 2621 2220 recedamus,
2680 2165 3110 2225 expavescentes
3163 2157 3319 2211 illum
3370 2174 3481 2227 pro
3541 2160 3735 2229 peccati

2141 2245 2361 2312 vicinia,
2380 2247 2468 2300 cui
2496 2239 2694 2300 mei-uit
2723 2262 2845 2301 esse
2862 2249 3211 2318 conjunctus.
3239 2248 3357 2303 Nec
3375 2257 3586 2303 contra
3620 2266 3733 2305 sal-

2143 2337 2369 2408 guinem
2407 2338 2643 2408 proximi
2687 2346 2916 2403 stemus,
2972 2339 3068 2393 sed
3123 2354 3323 2394 omnes
3376 2341 3648 2405 insidias,
3694 2354 3738 2396 α

2145 2432 2455 2501 collegium,
2507 2430 2652 2500 quod
2688 2446 2788 2500 pro
2816 2431 3062 2500 qualibet
3105 2431 3406 2501 iniquitate
3435 2433 3522 2499 ﬁt,
3576 2434 3737 2503 fugia-

2147 2540 2290 2580 mus.
2314 2524 2453 2590 Quia
2478 2523 2696 2592 quidam
2716 2525 3066 2594 singulariter
3087 2524 3312 2589 inﬁrmi,
3328 2533 3388 2579 et
3409 2542 3516 2594 per
3544 2538 3737 2580 semet-

2147 2618 2296 2688 ipsos
2334 2632 2532 2671 nocere
2573 2633 2683 2671 non
2739 2617 3007 2681 valentes,
3062 2617 3277 2671 misceri
3319 2618 3517 2672 solent
3567 2620 3735 2673 multi.

2148 2710 2351 2774 tudini,
2374 2725 2609 2764 necesse
2638 2717 2724 2764 est
2754 2721 2807 2762 ut
2826 2750 2841 2775 ,
2868 2709 3088 2779 quando
3114 2709 3302 2778 plures
3330 2710 3509 2763 simul
3549 2728 3735 2766 conre-

2151 2801 2338 2866 niunt,
2393 2799 2600 2853 malitia
2690 2799 2961 2868 valentior
3014 2798 3352 2852 inveniatur.
3433 2798 3542 2853 llic
3605 2798 3735 2852 enim

2151 2889 2461 2943 commodat
2512 2904 2757 2949 manum,
2816 2888 2954 2942 alter
3001 2889 3263 2958 linguam,
3315 2889 3470 2943 alius
3509 2889 3599 2944 his
3632 2904 3736 2958 qua

2152 2990 2385 3052 aguntur
2416 2996 2745 3035 consensum
2775 2982 3000 3050 prazbet,
3044 2982 3180 3034 alter
3220 2982 3431 3046 innuit,
3462 2991 3521 3036 et
3549 2983 3609 3036 in
3638 2997 3736 3034 nu-

469 3072 788 3143 poiemibus
813 3070 1107 3139 aliquando
1129 3068 1807 3138 contingit,verumtamen
1829 3069 2048 3138 propria
2076 3088 2117 3143 ο
2152 3077 2281 3131 litias
2306 3085 2719 3131 consummatur
2741 3076 2973 3129 insania.
3001 3075 3107 3130 Sed
3130 3091 3253 3129 cum
3282 3076 3373 3129 bis
3413 3077 3591 3130 etiam
3621 3076 3735 3129 illud

474 3177 777 3233 pauperum
805 3160 1208 3230 quodammodo
1240 3169 1368 3213 sunt
1389 3166 1634 3228 peccata.
1676 3158 1781 3211 Per
1812 3168 2049 3228 pauper;

475 3265 645 3312 tatem
673 3255 820 3307 enim
851 3252 1045 3316 furari,
1076 3261 1131 3306 et
1163 3251 1504 3314 calumniari,
1535 3260 1591 3303 et
1616 3252 1919 3320 transgredi
1949 3266 2038 3305 sa-

481 3355 766 3400 cramenta
793 3343 1043 3412 compelli
1098 3344 1373 3406 videntur,
1407 3354 1478 3395 Ita
1517 3352 1579 3395 ut
1605 3356 1823 3410 sapiens
1867 3341 1955 3395 ille
1994 3342 2049 3394 in

474 3437 788 3492 Proverbiis
822 3438 1056 3491 diceret:
1080 3436 1308 3489 Divitias
1348 3446 1397 3491 et
1421 3444 1786 3505 paupertatem
1814 3452 1876 3489 ne
1897 3434 2052 3489 dede-

433 3520 435 3522 .
476 3530 549 3583 ris
577 3531 725 3592 mihi,
759 3546 821 3583 ne
850 3532 984 3600 forte
1013 3531 1241 3582 satiatus
1262 3528 1460 3582 illiciar
1484 3529 1554 3581 ad
1611 3529 1925 3596 negandum,
1958 3536 2051 3581 aut

477 3631 701 3691 egestate
739 3621 1057 3689 compulsus,
1096 3622 1261 3691 [ιιι-εν,
1312 3629 1364 3673 et
1413 3620 1680 3689 perjurem
1724 3636 1911 3674 nomen
1953 3620 2052 3673 Dei

477 3713 637 3769 mei'.
674 3713 738 3767 Vi
764 3724 948 3767 autem
981 3713 1308 3781 opprimere,
1343 3719 1397 3766 et
1427 3712 1767 3766 mercedibus
1811 3712 2048 3780 privare,

475 3811 534 3856 et
562 3801 795 3855 irridere
826 3801 1049 3855 surdum
1075 3799 1551 3867 autcaecum,quia
1583 3800 1828 3867 quaedam
1858 3814 2050 3853 eorum

478 3898 610 3943 sunt
633 3888 914 3957 potentias,
947 3887 1194 3954 quaedam
1228 3902 1355 3940 vero
1382 3888 1618 3957 prodigae
1654 3888 2051 3955 quodammodo

477 3979 629 4042 vitae,
658 3985 714 4030 et
735 3976 1081 4041 deliciarum,
1107 3974 1491 4029 centumeliam
1522 3975 1903 4044 generautium
1927 3990 2056 4043 pec-

477 4076 622 4134 cata,
664 4069 940 4137 pra-cipue
967 4065 1217 4133 personis
1241 4064 1472 4118 divitum
1525 4072 1581 4118 et
1640 4074 1920 4133 potentum
1970 4065 2053 4118 lex

478 4157 685 4213 sanciri
714 4157 934 4212 dicitur.
969 4156 1265 4211 Personam
1301 4163 1486 4209 autem
1519 4155 1770 4223 accipere
1822 4156 1876 4208 in
1906 4155 2055 4223 judia-

477 4251 588 4314 cio,
614 4250 673 4302 hi
720 4251 813 4318 qui
865 4248 1282 4317 magistratuum
1328 4247 1624 4315 praesident
1666 4247 1754 4301 vel
1804 4247 2053 4315 iudicum

481 4342 867 4403 tribunalibus,
887 4355 1024 4409 quos
1038 4339 1350 4409 iudicantes
1380 4354 1483 4392 nec
1500 4338 1721 4407 quidem
1752 4355 2053 4409 pauperum

2152 3170 2453 3232 intuemur,
2486 3179 2674 3223 utnon
2696 3168 2872 3223 solum
2904 3184 3028 3221 cum
3059 3169 3128 3221 de
3157 3168 3442 3237 pecuniis,
3477 3180 3578 3222 aut
3628 3168 3733 3220 aliis

2152 3260 2760 3328 similibusjudicatnus,
2785 3257 3408 3328 custodiamuspauperi
3443 3270 3505 3312 et
3541 3257 3731 3328 potenti

2152 3355 2486 3423 aequitatem.
2516 3352 2624 3406 Sed
2655 3351 2861 3420 ubique
2895 3352 2948 3404 in
2982 3351 3130 3405 omni
3182 3350 3423 3420 judicio,
3453 3352 3607 3420 quod
3640 3367 3731 3405 non

2153 3443 2328 3497 solum
2355 3443 2498 3511 apud
2531 3441 2792 3504 tribunal,
2831 3441 2924 3495 sed
2964 3441 3018 3494 in
3071 3442 3217 3494 omni
3265 3441 3664 3505 collocutione,
3690 3450 3732 3493 et

2153 3530 2425 3586 amicabili
2456 3531 2712 3594 concilio,
2744 3539 2907 3599 atque
2937 3531 2993 3582 in
3032 3530 3280 3585 doctrina
3332 3533 3581 3600 spiritali
3632 3546 3728 3585 ma-

2154 3616 2304 3671 xime
2346 3618 2694 3688 intelligitur.
2730 3618 3104 3672 Recordemur
3126 3619 3315 3673 Jacobi
3352 3622 3600 3676 dicentis
3638 3642 3651 3676 :
3683 3620 3727 3673 Si

2153 3711 2417 3764 introierit
2457 3712 2514 3763 in
2568 3721 2819 3764 conventu
2853 3722 3021 3764 vestro
3084 3713 3165 3765 uir
3213 3730 3451 3767 aureum
3493 3715 3727 3768 astutis-

2152 3799 2363 3864 habens,
2394 3801 2450 3853 in
2471 3809 2607 3854 ueste
2632 3799 2913 3868 pra'clara,
2942 3801 3272 3871 ingrediatur
3304 3814 3496 3857 autem
3545 3817 3594 3859 et
3615 3823 3727 3873 pes-

2153 3903 2246 3957 per
2286 3891 2341 3940 in
2370 3901 2507 3943 veste
2536 3891 2774 3954 sordida,
2808 3887 3100 3944 intendatis
3142 3903 3327 3946 autem
3380 3896 3457 3947 ad
3504 3912 3621 3949 eum
3658 3898 3726 3959 qui

2155 3984 2396 4036 induitur
2419 3985 2703 4054 pra-clara,
2745 3996 2796 4041 et
2844 3989 3084 4042 dixeritis
3107 4005 3126 4043 :
3177 3987 3257 4042 Tn
3283 3992 3415 4043 sede
3458 3992 3549 4044 hic
3585 3998 3723 4051 bene;

2153 4072 2375 4139 pauperi
2429 4068 2614 4124 autem
2646 4074 2887 4127 dixeritis
2910 4089 2930 4127 :
2984 4074 3058 4129 Tu
3084 4085 3166 4128 sta
3192 4076 3325 4141 illic,
3359 4089 3460 4130 aut
3508 4080 3627 4132 sede
3648 4078 3722 4130 sui

2155 4149 2381 4214 scabello
2401 4163 2591 4230 pedum
2622 4180 2877 4230 meorum,
2936 4182 3104 4219 nonne
3123 4166 3393 4235 judicatis
3438 4172 3591 4237 apud
3628 4186 3721 4222 m-

2154 4254 2420 4322 metipsos,
2452 4263 2500 4307 et
2533 4256 2660 4323 facti
2688 4258 2812 4310 estis
2837 4257 3044 4326 judices
3087 4259 3482 4328 cogitationum
3537 4265 3719 4332 inique.

2156 4363 2274 4399 rum
2296 4345 2379 4399 ¹⁰ἲ
2411 4345 2478 4400 Et
2507 4362 2633 4401 eum
2665 4347 2733 4402 de
2784 4348 2891 4403 hoc
2957 4351 3203 4419 quaedam
3238 4352 3348 4406 alia
3393 4355 3647 4421 dixisset,
3678 4367 3717 4407 et

479 4445 744 4500 personas
780 4437 999 4497 Oportet
1019 4429 1287 4497 accipere.
1319 4427 1490 4483 Nemo
1541 4428 1688 4482 enim
1744 4430 1855 4484 Deo
1884 4432 2052 4486 mise-
2083 4433 2128 4488 ι)
2156 4446 2464 4507 Opportuno
2492 4446 2740 4508 tempore
2776 4455 3035 4496 revocare
3057 4443 3123 4496 ad
3139 4444 3471 4499 memoriam
3498 4456 3711 4501 ηοειηω

481 4519 751 4575 ricordior
802 4528 905 4585 est,
946 4520 1039 4588 qui
1094 4519 1405 4573 misericors
1449 4528 1506 4573 et
1544 4519 1833 4574 miseratur
1883 4536 2050 4591 super

481 4630 675 4672 omnes
702 4615 1045 4685 appellatur:
1099 4621 1479 4668 verumtamen
1528 4612 1721 4682 judicii
1783 4622 2049 4684 tempore,

479 4724 820 4781 nequaquam
856 4708 966 4777 jam
1000 4707 1075 4762 ita
1104 4707 1364 4777 appellari
1394 4707 1528 4774 vult,
1557 4707 1650 4761 sed
1678 4706 1882 4775 justus,
1906 4715 2051 4762 teste

478 4802 648 4857 David
671 4801 765 4871 qui
793 4790 949 4868 dicit,
984 4799 1126 4855 Deus
1161 4799 1331 4869 judex
1361 4799 1560 4868 justus,
1587 4799 1737 4870 {ortis
1784 4808 1831 4852 et
1860 4800 2049 4871 longa-

480 4894 641 4948 nimis
656 4894 700 4946 ⁸.
729 4893 839 4948 Nec
868 4894 1087 4963 quidem
1118 4892 1360 4962 potentis
1396 4900 1613 4963 oportet
1646 4892 1900 4946 admirari
1934 4908 2051 4962 per-

480 5000 668 5039 sonam
696 4985 748 5038 in
781 4985 1007 5053 judicio,
1067 4985 1199 5052 quia
1238 4984 1349 5037 Deo
1385 4984 1568 5039 nullus
1598 4991 1686 5038 est
1742 4984 2046 5051 potentior:

479 5075 651 5145 ipsius
682 5084 864 5130 autem
892 5085 977 5130 est
998 5074 1287 5145 judicium,
1311 5076 1430 5144 ipse
1460 5076 1608 5129 enim
1628 5076 1787 5131 nobis
1802 5077 2053 5145 judican-

481 5166 650 5229 tibus.
679 5168 957 5221 causantis
986 5180 1275 5236 personam
1297 5166 1547 5234 suscipit.
1578 5164 1748 5234 Cujus
1786 5168 1864 5222 rei
1894 5169 2051 5223 testis

484 5270 565 5313 est
592 5260 735 5315 idem
760 5258 967 5328 Moyses
998 5258 1059 5312 iu
1092 5257 1516 5313 Deuteronomio
1555 5257 1627 5311 ita
1658 5259 1879 5314 dicens:
1930 5260 2052 5315 Non

482 5346 724 5419 respicies
762 5360 1037 5414 personam
1080 5345 1136 5396 in
1159 5344 1403 5414 judicio;
1432 5345 1714 5397 secundum
1754 5363 1975 5414 parvum
2002 5358 2050 5402 et

482 5438 737 5493 minorem
750 5437 1038 5509 judicabis.
1070 5435 1195 5491 Non
1222 5436 1516 5508 distinguas
1557 5454 1835 5506 personam
1880 5442 2051 5496 homi-

551 5634 599 5704 f’
624 5633 733 5704 lsa.
754 5648 886 5703 seu,
914 5638 1000 5694 l8.
1115 5640 1132 5672 ⁸
1161 5637 1271 5696 Tit.
1296 5627 1379 5704 ιιι,
1402 5643 1459 5697 2.

483 5703 505 5734 ⁵
533 5701 735 5757 Psalm.
760 5723 817 5772 ι,
845 5701 898 5761 8.
973 5709 1015 5741 ⁸⁸
1040 5705 1198 5762 Rom.
1234 5726 1294 5777 ιι,
1322 5701 1376 5766 l.
1449 5710 1631 5767 7Psal.
1658 5729 1718 5781 v,
1747 5713 1803 5767 7.

1572 5622 1791 5697 ilCor.
1815 5648 1936 5702 vin.
1966 5644 2055 5699 l0.
2134 5646 2155 5676 ³
2181 5644 2341 5699 Prov.
2377 5664 2504 5712 xxx,
2542 5648 2595 5701 8.
2673 5647 2695 5678 ⁸
2722 5647 2867 5702 Psal.
2928 5659 3020 5710 cu,
3050 5646 3103 5700 8.

1878 5715 1900 5745 "
1934 5714 2133 5769 Psalm.
2161 5731 2277 5784 xw,
2300 5717 2392 5771 ‘14.
2469 5720 2491 5750 ⁹
2523 5717 2668 5772 Psal.
2699 5734 2772 5785 ιι,
2813 5718 2867 5772 4.

2156 4529 2289 4598 legis
2328 4528 2643 4582 mandatum
2673 4531 2882 4594 volens,
2917 4533 3156 4587 addidit:
3190 4532 3250 4587 Si
3276 4542 3464 4589 autem
3495 4556 3715 4606 persons.

2157 4617 2410 4685 accipitis,
2434 4627 2702 4687 peccatum
2743 4622 3053 4687 operamini,
3075 4624 3166 4675 sed
3193 4627 3379 4693 arguti
3406 4640 3442 4679 ι
3471 4628 3598 4697 lege,
3622 4640 3715 4682 tu.

2157 4727 2317 4780 quam
2350 4713 2836 4781 transgressores“.
2867 4712 3010 4784 Ergo
3034 4715 3183 4784 juste
3206 4717 3463 4785 judicare
3497 4723 3713 4791 proximo

2157 4797 2443 4861 debemus,
2472 4808 2529 4852 et
2568 4814 2678 4852 non
2709 4813 2874 4852 unam
2921 4803 3281 4872 eamdemque
3326 4807 3631 4873 actionem,
3672 4809 3711 4860 in

2156 4890 2325 4944 divite
2346 4891 2563 4960 quidem
2587 4891 2769 4947 dicere
2786 4894 3022 4949 bonam:
3050 4895 3104 4948 in
3126 4911 3373 4965 paupere
3398 4908 3588 4952 autem
3620 4915 3715 4953 un—

2157 4980 2285 5045 lam,
2321 4988 2378 5035 et
2407 4982 2559 5037 hunc
2579 4998 2833 5053 arguere,
2865 4985 3020 5039 illum
3044 4996 3227 5041 autem
3273 4990 3462 5043 sinere
3502 5006 3715 5059 ρεοςιιιιο

2157 5080 2290 5127 tem.
2327 5074 2434 5128 Sed
2466 5092 2569 5130 nec
2625 5078 2812 5132 dolose
2847 5079 2900 5132 in
2926 5079 3145 5150 propria
3182 5092 3364 5152 gente,
3422 5085 3474 5138 id
3532 5096 3636 5150 est,
3674 5086 3711 5138 in

2157 5166 2363 5235 populo
2395 5167 2677 5223 ambulare
2710 5169 2994 5233 debemus,
3043 5187 3147 5227 nec
3193 5188 3395 5229 vexare
3448 5178 3712 5246 populares

2156 5257 2305 5313 viros
2329 5259 2431 5314 sub
2459 5263 2645 5329 specie
2677 5261 2914 5330 pietatis,
2964 5278 3144 5332 neque
3171 5275 3361 5320 contra
3412 5270 3707 5340 sanguinea

2158 5348 2394 5419 proximi
2420 5349 2745 5416 consistere,
2790 5352 2843 5406 id
2886 5361 2990 5417 est,
3033 5369 3144 5407 non
3198 5356 3397 5409 sociari
3427 5358 3510 5411 eis
3538 5361 3625 5429 qui
3666 5363 3705 5409 ia

2153 5442 2366 5498 animas
2393 5440 2625 5495 fratrum
2650 5450 2911 5513 peccant,
2944 5453 2999 5498 et
3030 5446 3298 5503 malorum
3323 5452 3629 5505 sententia.
3653 5450 3706 5503 Et

3211 5648 3232 5678 ‘
3262 5649 3422 5704 Deut.
3474 5667 3584 5711 ενι,
3632 5650 3700 5704 l9.

2950 5718 2993 5750 ¹⁰
3013 5715 3132 5776 Jac.
3157 5733 3216 5789 tt,
3245 5718 3358 5775 2-4.
3440 5722 3480 5753 “
3512 5720 3701 5776 ibid.9.
