3810 6318
116 332 244 400 1029

1230 347 1315 411 IN
1354 352 1789 414 LEVITICUM.
1828 378 1896 389 -
1932 358 2080 418 LIB.
2119 361 2215 422 VI.

3219 370 3357 439 1030

104 462 226 501 cum
251 447 432 503 omnis
458 448 682 518 quidem
725 452 1111 508 mandatorum
1160 460 1372 526 justitia
1425 465 1677 533 conside-
1704 475 1749 529 Α
1779 481 1870 521 ne.
1904 467 2122 525 Vestem
2161 488 2283 542 quae
2311 487 2377 527 ex
2415 475 2626 535 duobus
2663 488 2806 539 texta
2858 493 2944 540 est
3001 501 3109 542 non
3153 485 3351 549 indue-

107 538 270 593 randa
299 539 392 607 sit,
426 540 576 595 illam
620 552 804 600 tamen
864 544 1223 602 subtilitatem
1252 567 1367 621 pra:
1419 558 1675 611 omnibus

104 630 341 696 intende,
365 631 554 687 dicens
582 635 726 689 enim
750 654 763 688 :

175 719 328 773 VERS.
371 722 455 775 l7.
493 741 511 773 ι
548 724 625 778 Ne
658 726 840 783 oderis
869 727 1091 788 fratrem
1133 741 1323 801 tuum,
1360 732 1587 802 addidit,
1618 736 1673 791 in

101 813 262 866 corde
303 820 416 867 tuo.
468 833 487 864 ι

170 903 303 971 Quia
335 905 658 976 frequenter
687 909 743 964 in
783 915 1034 981 personis
1070 919 1442 986 peccantium,
1478 935 1671 990 perso-

99 1012 224 1050 nam
246 998 370 1053 odio
404 1014 500 1054 eos
531 1001 848 1058 habentium
878 1006 1033 1062 indui
1067 1010 1468 1079 compellimur.
1513 1011 1671 1066 Unde

104 1089 296 1147 Paulus
314 1091 897 1153 Thessalonicensibus
928 1103 1314 1173 praecipiebat:
1349 1104 1407 1159 Si
1432 1108 1549 1177 quis
1569 1124 1670 1161 non

102 1180 268 1234 obedit
296 1182 448 1235 verbo
476 1193 669 1249 nostra,
695 1202 789 1255 per
812 1190 1089 1256 epistolam
1114 1193 1253 1246 hunc
1278 1204 1476 1259 notate,
1507 1206 1672 1250 etnon

102 1275 542 1329 commisceamini
599 1294 718 1331 cum
774 1279 887 1346 illo,
951 1291 1009 1335 ut
1068 1286 1504 1355 confundatur“.
1556 1288 1673 1343 Hoc

100 1371 278 1418 autem
303 1365 432 1418 dum
464 1368 541 1426 llt.
571 1368 681 1422 odii
714 1370 920 1438 pratbet
968 1377 1469 1444 praesumptionem.
1525 1379 1671 1445 Quo-

100 1470 218 1508 rum
240 1456 383 1509 enim
417 1457 671 1524 aliorum,
717 1461 823 1515 nisi
853 1463 1154 1519 odientium
1180 1475 1234 1520 et
1260 1468 1664 1526 adversantium

99 1556 212 1599 est:
244 1546 363 1599 Non
389 1551 778 1605 commisceris?
819 1554 925 1608 Sed
963 1555 1105 1609 hanc
1129 1559 1526 1615 aversationem
1559 1578 1667 1617 non

100 1638 350 1706 praecepit
372 1638 427 1693 in
452 1641 615 1695 corde
661 1641 798 1707 ﬁeri,
834 1643 911 1698 ait
945 1645 1115 1698 enim:
1157 1645 1280 1700 Non
1323 1652 1666 1706 commiscea-

100 1728 226 1780 mini
264 1729 330 1794 ei,
374 1740 432 1782 ut
483 1732 860 1801 confundatur,
924 1744 974 1790 et
1022 1737 1320 1793 erubescens
1369 1743 1666 1798 omnimodo

1776 573 1870 612 l‘lS.
1919 576 1938 609 ι

1846 646 1972 703 Haec
2025 651 2422 719 quodammodo
2481 658 2550 712 ad
2610 661 2846 717 litteram
2918 668 3170 727 videntur
3227 691 3351 733 esse

1775 736 2026 805 ridicula,
2070 742 2215 796 unde
2245 760 2347 799 nec
2377 747 2448 801 ita
2479 763 2543 804 ea
2573 756 2831 810 custodiri
2852 746 2906 812 ‘a
2960 765 3243 833 prophetis
3294 775 3352 826 et

1774 829 2111 898 spiritalibus
2155 834 2485 907 invenimus,
2537 829 2990 912 quemadmodum
3037 829 3351 920 Judaeorum

1773 919 1870 975 ﬁlii
1896 922 2111 980 inﬁrme
2151 927 2582 1002 imperfecleque
2608 936 2879 1008 viventes,
2910 947 3000 1014 qui
3026 949 3108 1004 lac
3138 964 3346 1021 amant,

1774 1014 1829 1060 et
1861 1009 2094 1064 solidum
2122 1014 2305 1068 cibum
2344 1032 2456 1071 non
2498 1021 2739 1090 capiunt.
2785 1009 3168 1092 Nam-intende
3216 1009 3351 1110 quid

1773 1099 1840 1153 ad
1890 1099 2065 1157 Sadoc
2101 1107 2460 1173 sacerdotem,
2508 1120 2565 1166 et
2598 1114 2811 1171 Nathan
2835 1125 3178 1195 prophetam,
3201 1099 3256 1186 εἰ
3277 1135 3347 1188 ad

1773 1186 2025 1245 Banaiam
2061 1193 2304 1249 dicebat:
2353 1196 2540 1276 Ponite
2564 1202 2734 1270 ﬁlium
2785 1186 2958 1265 meum
3013 1186 3351 1276 Salomonern

1771 1278 1826 1330 in
1854 1279 2056 1334 mulam
2082 1299 2255 1338 meam
2274 1287 2341 1341 ".
2393 1273 2592 1344 Dicens
2621 1295 2791 1356 enim.
2857 1316 3047 1370 meam,
3108 1311 3355 1366 ostendit

1771 1370 1897 1439 quia
1934 1381 1990 1425 et
2017 1372 2135 1443 ipse
2164 1375 2218 1429 in
2251 1378 2457 1433 mulum
2491 1380 2735 1440 sedebat.
2768 1386 2824 1441 Si
2872 1402 3053 1447 autem
3096 1398 3355 1465 jumenta

1771 1465 2113 1521 commisceri
2152 1469 2377 1526 alterius
2429 1478 2648 1544 generis
2695 1480 3084 1555 animantibus,
3139 1492 3192 1547 id
3238 1506 3345 1562 est,

1769 1552 1981 1606 asinum
2017 1570 2160 1625 equo
2205 1561 2551 1618 commisceri
2588 1565 2673 1620 lex
2726 1573 2921 1638 vetuit,
2954 1584 3011 1629 et
3060 1552 3348 1637 abomina;

1766 1639 1876 1695 bile
1909 1642 2013 1699 hoc
2042 1654 2184 1713 erat,
2228 1652 2517 1718 oportebat
2564 1664 2617 1709 et
2659 1671 2722 1711 ea
2756 1675 2876 1729 qua:
2920 1662 3143 1734 ﬁebant,
3195 1678 3252 1726 et
3278 1689 3348 1729 ea

1768 1741 1889 1795 quae
1938 1735 2307 1792 nascebantur
2335 1755 2401 1794 ex
2431 1743 2531 1809 eis,
2569 1750 2759 1815 procul
2810 1751 2974 1806 dubio
3015 1757 3342 1819 abominari.

99 1820 413 1874 emendetur.
470 1821 574 1887 Qui
638 1833 829 1889 autem
874 1828 1202 1883 emendabat
1240 1845 1364 1884 eum
1420 1834 1506 1887 cui
1552 1851 1665 1891 non
1694 1812 1739 1867 Β
1770 1819 1877 1872 sed
1907 1828 1964 1874 ει
1985 1822 2029 1919 fi
2064 1825 2452 1919 νεεξίηῖεῐῖφῐη
2486 1847 2553 1919 εξ
2617 1835 2834 1893 ἀυοῧυε
2882 1840 3001 1896 ﬁeri
3050 1861 3157 1901 non
3203 1853 3342 1919 vult,

96 1911 568 1979 commiscebatur,
601 1916 919 1971 nullatenus
939 1933 1064 1972 eum
1092 1920 1247 1976 odire
1285 1922 1342 1975 in
1375 1926 1541 1980 corde
1564 1942 1664 1982 suo

94 2011 322 2071 poterat,
359 2005 504 2073 quod
543 2006 874 2062 conﬁrmans
921 2010 1086 2065 etiam
1141 2013 1243 2068 hoc
1291 2014 1555 2070 addidit:
1592 2022 1662 2072 Et

96 2092 249 2146 nolite
273 2095 428 2163 quasi
458 2095 732 2149 inimicum
760 2097 1063 2153 existimare
1092 2100 1263 2165 illum,
1297 2106 1388 2158 sed
1419 2108 1663 2176 corripite

92 2194 150 2237 ut
172 2187 388 2254 fratrem
410 2187 474 2242 ¹³.
503 2186 735 2243 Omnem
786 2200 969 2245 autem
995 2193 1262 2262 justitiam
1310 2199 1555 2267 explens,
1606 2209 1662 2256 et

93 2290 190 2344 per
248 2276 486 2345 singulas
541 2279 755 2347 species
822 2282 946 2337 vitae
1010 2285 1414 2352 quodammodo
1484 2290 1658 2361 legem

90 2382 320 2435 ponens,
351 2368 824 2426 conﬁrmationem
870 2375 1163 2441 mandatis,
1211 2392 1375 2446 quam
1421 2391 1656 2450 oportet,

87 2457 337 2526 apponit,
400 2474 564 2527 quam
623 2460 667 2514 si
734 2464 1185 2529 custodierimus,
1239 2483 1401 2523 nemo
1457 2474 1659 2529 nostris

88 2560 288 2600 nocere
343 2546 568 2615 divitiis,
622 2565 785 2607 nemo
834 2563 1082 2611 nostrum
1131 2557 1448 2617 thesaurum
1490 2565 1658 2624 furari

83 2647 285 2707 potest.
316 2638 415 2694 Est
434 2651 616 2697 autem
643 2646 982 2702 conﬁrmatio
1011 2650 1160 2708 haec:

155 2728 223 2782 Et
251 2730 436 2802 diliges
480 2736 729 2803 amicum,
778 2740 915 2806 sive,
949 2750 1010 2796 ut
1052 2744 1425 2817 Septuaginta,
1473 2755 1654 2821 proxi-

84 2838 225 2875 mum
255 2832 403 2878 tuum
449 2827 583 2880 sicut
621 2830 866 2898 teipsum.
899 2833 1116 2889 llabens
1145 2837 1202 2891 in
1232 2840 1447 2897 modico
1488 2853 1655 2900 totam

83 2911 277 2982 legem,
315 2923 371 2968 et
413 2931 510 2984 per
559 2934 728 2973 unum
764 2922 860 2975 tibi
916 2922 1020 2978 hoc
1075 2928 1415 2997 mandatum,
1471 2935 1654 2989 omnia

82 3005 358 3059 custodire
402 3006 565 3063 facile
609 3020 711 3066 est.
763 3010 1015 3069 Charitas
1069 3018 1240 3084 enim,
1299 3022 1376 3074 ait
1429 3022 1653 3093 Paulus,

80 3096 318 3160 proximo
370 3098 569 3152 malum
617 3118 720 3154 non
773 3114 1043 3173 operatur.
1104 3107 1387 3166 Plenitudo
1419 3130 1540 3185 ergo
1572 3117 1649 3170 ιε.
1677 3140 1722 3197 C

75 3185 159 3255 gis
189 3186 419 3241 charitas
445 3198 519 3241 est
538 3189 602 3244 υ.
628 3189 734 3245 Sed
756 3203 811 3247 et
826 3210 1045 3249 omnem
1073 3198 1238 3252 vitam
1263 3210 1500 3256 nostram
1525 3220 1647 3260 esse

76 3278 133 3331 in
165 3264 323 3333 bonis
348 3279 494 3335 facit.
523 3280 578 3335 Si
613 3284 759 3339 enim
787 3287 955 3357 diligo
983 3291 1289 3358 proximum
1319 3295 1459 3349 sicut
1480 3298 1650 3369 meip-

74 3383 221 3435 sum,
254 3379 310 3425 et
340 3372 563 3427 forsitan
612 3374 752 3430 ﬁlios
783 3393 893 3453 non
950 3380 1214 3449 habuero,
1259 3394 1353 3438 aut
1408 3387 1644 3456 divitias,

72 3468 172 3514 aut
207 3461 483 3529 decorem,
526 3474 620 3520 aut
660 3468 851 3522 mundi
907 3470 1155 3539 gloriam,
1186 3484 1281 3529 aut
1325 3479 1643 3546 potentiam,

72 3551 239 3607 video
254 3564 438 3608 autem
460 3557 772 3625 proximum
794 3560 1108 3629 habentem,
1122 3566 1351 3634 gaudeo,
1370 3577 1427 3621 et
1444 3569 1646 3624 nihilo-

67 3644 257 3699 minus
306 3654 562 3715 tanquam
619 3663 721 3719 ego
771 3650 887 3705 hac
922 3649 1172 3716 habeam,
1219 3654 1375 3710 laetor
1403 3673 1533 3728 ego:
1590 3660 1646 3713 in

66 3739 166 3794 illo
194 3741 341 3795 enim
359 3750 415 3796 et
442 3758 544 3812 ego
581 3743 777 3798 habeo.
810 3743 1051 3813 ldipsum
1094 3754 1277 3801 autem
1307 3757 1362 3802 et
1394 3747 1449 3801 in
1482 3749 1645 3818 spiri-

67 3833 294 3896 talibus,
338 3833 393 3887 in
433 3833 635 3903 quibus
683 3835 918 3889 maxime
949 3849 1070 3890 eam
1101 3852 1222 3906 quae
1266 3839 1333 3893 ad
1372 3842 1645 3909 proximos

62 3924 312 3993 pertinet
372 3925 725 3979 dilectionem
774 3925 1052 3980 custodire
1101 3928 1386 3994 debemus,
1436 3938 1492 3983 et
1532 3944 1644 3984 non

58 4017 315 4071 invidere
341 4018 697 4087 operantibus
714 4018 1002 4087 justitiam,
1023 4034 1126 4073 nec
1169 4020 1407 4075 morderi
1427 4023 1644 4090 quando

55 4108 156 4161 alii
191 4111 493 4163 secundum
535 4109 818 4163 Christum
874 4107 1266 4180 gloriﬁcantur,
1322 4112 1540 4181 quando
1586 4112 1640 4166 in

54 4203 239 4256 verbo
296 4200 561 4255 doctrinae
620 4201 1042 4270 locupletantur,
1091 4202 1312 4271 quando
1363 4203 1643 4258 abundant

50 4294 269 4349 divinis
304 4293 484 4369 donis.
524 4292 631 4348 Sed
661 4293 953 4348 imitandus
997 4301 1083 4349 est
1122 4292 1397 4361 Christus,
1426 4295 1520 4364 qui
1584 4298 1640 4352 in

54 4395 279 4441 tantum
311 4400 415 4441 nos
463 4385 672 4449 dilexit,
707 4394 769 4439 ut
800 4385 1063 4454 apostolis
1110 4386 1316 4455 majora
1374 4387 1526 4457 signa
1554 4388 1639 4443 fa-

1766 1909 2039 1974 quomodo
2068 1912 2287 1981 sapiens
2317 1915 2409 1969 ille
2443 1919 2511 1972 de
2532 1918 2656 1974 forti
2684 1925 2910 1981 muliere
2942 1930 3059 1985 hac
3114 1934 3169 1988 in
3206 1909 3342 1993 Pro:-

1764 1998 1945 2053 verbis
1968 2000 2128 2056 dicit:
2156 2002 2363 2059 Invenit
2397 2007 2579 2063 lanam
2623 2022 2673 2065 et
2695 2014 2882 2081 linum,
2930 2032 2981 2072 et
3023 2037 3238 2090 operata
3265 2039 3341 2083 est

1764 2088 1894 2142 utile
1918 2092 2161 2147 manibus
2211 2098 2341 2159 suis.
2379 2109 2435 2153 et
2465 2116 2691 2158 rursus:
2722 2107 2809 2161 Ea:
2847 2110 2998 2178 bysso
3027 2088 3077 2166 et
3099 2133 3339 2187 purpura

1762 2176 1863 2230 sibi
1882 2179 2186 2236 vestimenta
2209 2185 2289 2238 ‘3?
2318 2186 2430 2243 Nec
2463 2191 2610 2245 enim
2648 2195 2798 2249 utilia
2834 2176 2963 2252 sunt
2991 2176 3343 2274 vestimenta,

1761 2267 1967 2323 bonum
2001 2285 2182 2328 autem
2236 2277 2615 2335 indumentum
2679 2287 2820 2354 ejus,
2866 2289 2980 2343 sive
3024 2294 3155 2349 utile
3202 2267 3348 2356 dixit.

1763 2374 1883 2414 esse
1911 2364 2317 2432 vestimentum,
2352 2384 2521 2424 unum
2554 2373 2775 2440 quidem
2830 2377 2896 2431 de
2924 2380 3046 2436 lana
3093 2394 3148 2439 et
3201 2388 3338 2455 lino,-

1762 2450 1910 2506 aliud
1971 2463 2152 2508 autem
2206 2473 2396 2514 rursus
2423 2476 2490 2514 ex
2545 2462 2707 2533 bysso
2757 2475 2812 2520 et
2849 2485 3089 2540 purpura
3139 2450 3332 2535 conﬁci

1760 2543 2151 2621 intelligamus.
2217 2549 2324 2605 Sed
2380 2553 2511 2622 quid
2567 2556 2672 2611 hoc
2731 2559 2835 2625 sit,
2898 2560 3097 2620 Paulus
3146 2582 3334 2638 aperte

1759 2633 2063 2689 Corinthiis
2102 2638 2329 2694 scribit:
2360 2640 2479 2694 Non
2506 2647 2721 2710 potestis
2751 2648 2966 2704 culicem
2999 2633 3209 2710 Domini
3250 2658 3333 2711 bi-

1758 2724 1892 2789 bere,
1942 2736 1990 2778 et
2027 2727 2244 2782 calicem
2284 2732 2688 2789 daemoniorum.
2725 2737 2847 2792 Non
2885 2747 3098 2810 potestis
3142 2765 3333 2806 mensae

1758 2815 1856 2869 Dei
1879 2819 2213 2887 participari,
2237 2831 2287 2874 et
2316 2839 2509 2877 meum
2538 2828 2918 2884 daemoniorum
2941 2835 3004 2900 ‘9;
3027 2846 3081 2891 et
3109 2855 3328 2897 rursus:

1759 2903 1861 2969 Qui
1888 2908 1943 2959 in
1972 2907 2079 2978 lege
2095 2910 2492 2979 justiﬁcamini,
2526 2933 2558 2968 a
2582 2920 2759 2987 gratia
2780 2925 3124 2981 excidistis".
3144 2930 3340 3001 Neque

1758 2998 1904 3049 enim
1926 2996 2168 3055 Judaicis
2197 3004 2630 3073 seductionibus,
2686 3026 2791 3067 nec
2831 3019 3003 3071 errori
3048 3025 3331 3089 gentilium

1758 3100 1972 3157 oportet
1998 3090 2183 3146 ﬁdeles
2212 3097 2572 3154 commisceri.
2629 3099 2885 3160 Jumeuta
2926 3126 3076 3180 ergo,
3135 3114 3189 3170 id
3225 3128 3338 3185 est,

1756 3181 2046 3248 populares
2082 3184 2484 3253 homines,.non
2510 3195 2889 3258 permittamus
2914 3202 3138 3258 alterius
3166 3181 3335 3276 gena;

1756 3275 1832 3329 ris
1858 3276 2247 3345 animantibus,
2304 3284 2667 3352 commisceri,
2718 3289 2772 3343 id
2829 3300 2931 3358 est,
2963 3310 3072 3350 non
3136 3300 3337 3355 sectari:

1756 3367 2256 3441 circumcisionem,
2299 3384 2353 3430 et
2400 3378 2689 3447 baptisma.
2742 3383 2983 3439 Alterius
3027 3389 3172 3445 enim
3215 3390 3333 3460 jugi

1755 3461 2122 3527 circumcisio,
2160 3468 2340 3536 gravis
2372 3481 2428 3523 et
2477 3471 2860 3540 importabilis,
2925 3478 2993 3530 de
3042 3494 3150 3547 quo
3193 3471 3331 3536 dixit

1756 3551 1984 3609 Petrus:
2027 3554 2164 3619 Quid
2202 3562 2417 3614 tentatis
2453 3561 2639 3628 Deum,
2677 3568 3101 3636 superimponere
3139 3572 3329 3641 jugum

1754 3645 1808 3698 in
1840 3648 2122 3701 cervicibus
2147 3649 2544 3719 discipulorum,
2562 3657 2701 3723 quod
2725 3673 2817 3709 nec
2838 3668 3013 3727 patres
3035 3664 3201 3715 nostri
3232 3679 3327 3720 nec

1756 3751 1848 3789 nos
1878 3746 2092 3804 portare
2110 3742 2379 3806 potuimus
2397 3741 2439 3772 ¹¹
2461 3741 2733 3799 ?Alterius
2751 3755 2834 3800 est
2855 3756 3035 3801 autem
3057 3750 3331 3819 baptisma

1753 3826 1979 3893 Christi,
2008 3837 2065 3883 et
2085 3829 2219 3883 levis
2241 3830 2385 3900 jugi:
2418 3833 2562 3902 quod
2587 3834 2744 3889 nobis
2768 3836 3021 3892 Christus
3046 3838 3331 3906 imposuit,

1752 3920 1832 3975 sic
1857 3921 2072 3976 dicens:
2108 3921 2292 3976 Tollite
2314 3940 2509 3995 Jugum
2535 3943 2726 3979 meum.
2778 3929 2844 3983 Et
2881 3944 3097 3985 rursus:
3130 3931 3329 4003 Iugum

1752 4013 1890 4066 enim
1916 4030 2087 4067 meum
2119 4030 2280 4068 suave
2303 4025 2397 4081 est,
2422 4027 2472 4070 et
2524 4034 2654 4071 auus
2685 4035 2856 4073 meum
2892 4022 3001 4075 leve
3021 4032 3094 4076 est
3113 4025 3178 4078 “.
3217 4024 3330 4080 Sed

1751 4117 1856 4157 nec
1888 4103 2264 4168 vineam,sive
2292 4120 2479 4176 agrum
2515 4107 2779 4161 creditum
2824 4110 3000 4177 nobis,
3036 4113 3188 4167 vario
3237 4129 3326 4169 se-

1751 4209 1871 4248 rere
1900 4194 2165 4250 debemus
2187 4196 2418 4263 semine,
2448 4207 2507 4252 ut
2531 4213 2640 4252 non
2671 4202 2945 4254 contraria
2998 4202 3198 4257 divinis
3224 4204 3323 4258 do.

1730 4286 1949 4341 ‘ctrinis
1982 4287 2276 4341 Ecclesium
2299 4289 2615 4356 doceamus,
2669 4293 3126 4360 quemadmodum
3159 4309 3329 4364 prava

1746 4380 2021 4449 sapientes
2050 4380 2314 4446 haeretici,
2349 4380 2571 4435 Christo
2623 4382 2843 4451 nuptias
2867 4399 2963 4453 per
2995 4400 3149 4439 suam
3181 4401 3321 4455 pra:-

48 4480 265 4545 cere",
297 4493 461 4548 quam
498 4477 614 4547 ipse
646 4476 796 4538 fecit,
831 4477 1178 4531 concederet.
1214 4476 1367 4532 Unde
1414 4486 1471 4532 et
1493 4493 1639 4534 nunc

1758 4471 1976 4525 sentiam
2021 4471 2404 4538 bencdicente,
2435 4481 2600 4542 atque
2648 4474 2904 4530 dicente:
2951 4475 3072 4530 Non
3116 4493 3178 4531 ea
3207 4493 3330 4546 qua

49 4572 286 4627 dicens:
322 4570 522 4641 Diliges
543 4570 775 4622 amicum
802 4578 970 4634 tuum,
1008 4569 1117 4622 sive
1145 4571 1442 4638 proximum
1490 4580 1638 4626 tuum

46 4666 192 4718 sicut
211 4665 460 4730 teipsum,
479 4662 723 4717 addidit:
746 4660 861 4733 Ego
894 4662 1147 4715 Dominus
1170 4678 1188 4716 :
1210 4663 1345 4734 leges
1379 4681 1523 4719 meas
1548 4681 1639 4720 cu-

45 4754 272 4808 stodite.
306 4752 540 4817 Quando
568 4766 698 4805 vero
733 4767 836 4806 nos
883 4751 1028 4806 Deus
1087 4752 1356 4819 dilexerit,
1400 4753 1517 4823 ipso
1551 4754 1637 4809 di-

40 4856 217 4902 cente
240 4858 536 4916 cognosce,
570 4843 647 4897 ait
684 4843 829 4897 enim
856 4861 869 4896 :
901 4841 1170 4911 Majorem
1197 4844 1297 4897 hac
1323 4844 1638 4900 charitata's

38 4956 204 4994 nemo
235 4938 414 5000 habet,
448 4954 610 5008 quam
634 4948 692 4990 ut
713 4937 949 4990 animam
981 4934 1137 4991 suam
1177 4937 1294 5007 quis
1337 4948 1497 5005 ponat
1543 4956 1641 5005 pro

35 5031 240 5082 amicis
261 5029 456 5083 suis“.
490 5028 645 5083 Unde
666 5034 722 5082 et
747 5027 918 5095 legem
952 5043 1106 5083 suam
1138 5026 1466 5095 pracipuam
1517 5044 1639 5084 esse

38 5119 373 5173 dilectionis
401 5118 722 5173 mandatum
767 5115 938 5172 dixit:
979 5117 1087 5170 hoc
1114 5114 1205 5168 hic
1242 5114 1449 5170 addens
1493 5117 1637 5186 quod

36 5208 103 5264 in
138 5206 271 5261 aliis
300 5207 573 5262 mandatis
601 5221 713 5261 non
745 5204 992 5275 reperies
1020 5203 1316 5273 adjectum.

118 5299 296 5355 Vsus.
336 5298 422 5353 19.
461 5316 482 5349 ι
522 5297 779 5353 Iumenta
805 5312 927 5351 non
954 5305 1045 5352 tua
1087 5294 1259 5350 facies
1294 5294 1634 5350 commisceri

36 5407 177 5449 cum
203 5389 434 5445 alterius
455 5388 671 5459 generis
709 5387 1100 5442 animantibus.
1146 5387 1373 5455 Agrum,
1399 5385 1536 5449 sive,
1573 5391 1635 5439 ut

37 5482 436 5554 Septuaginta,
466 5481 685 5535 vineam
714 5487 861 5533 tuam
885 5494 999 5534 non
1024 5493 1177 5533 seres
1200 5477 1417 5532 diverso
1464 5477 1632 5531 semi-

114 5618 159 5648 ¹¹
193 5616 237 5672 ll
261 5616 460 5671 Thess.
488 5632 571 5679 ιιι,
605 5614 694 5668 14.
773 5615 963 5670 “ibid.
985 5615 1073 5670 15.

34 5692 83 5724 ³⁸
103 5689 279 5745 Prov.
315 5703 464 5752 χχχι,
492 5688 580 5740 15.
687 5685 728 5717 ¹⁹
758 5683 780 5738 1
809 5682 936 5739 Cor.
964 5702 1020 5751 x,
1052 5684 1143 5739 20.

34 5762 109 5816 15
137 5770 197 5815 ct
218 5774 378 5832 seqq.
453 5758 497 5790 "
527 5755 688 5811 Joan.
716 5755 919 5820 vu,‘2l.

1252 5684 1298 5716 ὀ
1330 5683 1448 5736 Gal.
1481 5697 1534 5747 v,
1566 5685 1617 5735 4.

1117 5858 1156 5879 λ.
1200 5880 1203 5881 ,

1748 4561 2115 4630 ingrediuntur
2144 4571 2326 4615 nocent
2355 4563 2615 4618 hominem
2648 4567 2973 4633 prohibentes
3022 4569 3234 4632 nubere,
3273 4578 3328 4622 et

1746 4651 2105 4720 prazcipientes
2133 4651 2383 4704 abstineri
2417 4670 2449 4705 a
2480 4654 2605 4706 cibis
2655 4669 2773 4722 quae.
2814 4654 2952 4708 Deus
2979 4657 3171 4709 creavit
3224 4658 3317 4720 eis,

1745 4743 1949 4795 sibimet
1974 4743 2270 4809 impietates
2290 4755 2595 4812 praeparant
2616 4755 2835 4797 mortem
2848 4746 2912 4797 ”.
2932 4746 2989 4798 ln
3006 4748 3203 4813 quibus
3222 4761 3321 4800 ne-

1745 4831 1981 4885 cessarie
2010 4831 2309 4884 secundum
2341 4830 2695 4899 Septuaginta
2727 4832 2969 4885 subdidit
3001 4851 3014 4884 :
3057 4833 3168 4901 Ego
3200 4848 3321 4886 sum

1741 4921 2001 4974 Dominus
2032 4921 2171 4974 Deus
2197 4932 2384 4982 vester,
2421 4904 2489 4974 ab
2519 4919 2670 4973 omni
2695 4934 2791 4973 vos
2837 4921 3149 4990 hujusmodi
3185 4938 3319 4978 con-

1743 5012 1980 5065 tinentes
2007 5024 2133 5064 esse
2159 5008 2365 5064 malitia
2415 5008 2666 5079 cupiens,
2713 5014 2768 5063 et
2805 5009 2897 5080 qui
2938 5023 3033 5079 per
3071 5011 3317 5082 Evange-

1738 5106 1868 5158 lium
1899 5103 2012 5157 dixi
2061 5103 2127 5156 ad
2181 5118 2275 5158 eos
2330 5102 2425 5172 qui
2476 5089 2617 5156 male
2667 5098 2867 5173 legem,
2926 5109 2981 5155 et
3037 5102 3105 5157 ad
3156 5116 3318 5157 suam

1736 5195 2073 5249 voluntatem
2122 5192 2432 5262 accipiunt:
2487 5190 2668 5245 Nolite
2722 5190 2974 5261 judicare
3026 5193 3312 5247 secundum

1736 5287 1946 5359 faciem,
1971 5288 2061 5341 sed
2070 5286 2279 5356 justum
2296 5284 2562 5354 judicium
2582 5282 2905 5353 judicate".
3222 5360 3225 5365 _

1807 5376 1913 5430 Nec
1939 5377 2107 5429 oderis
2137 5376 2354 5445 fratrem
2378 5384 2524 5427 tuum
2550 5374 2605 5427 in
2636 5370 2788 5428 corde
2836 5384 2944 5437 tuo,
2974 5372 3071 5428 sed
3104 5375 3310 5444 publica

1735 5487 1898 5541 argue
1920 5485 2061 5533 eum,
2100 5485 2163 5523 ne
2191 5468 2383 5522 habeas
2408 5484 2565 5536 super
2595 5484 2654 5521 eo
2690 5475 2981 5537 peccatum.
3011 5464 3133 5519 Non
3163 5478 3308 5537 qua:-

1153 5615 1195 5647 "
1217 5614 1371 5668 Rom.
1391 5628 1510 5675 xm,
1540 5612 1627 5666 10.

1777 5609 1933 5665 Joan.
1956 5626 2064 5673 xiv,
2100 5608 2186 5662 12.
2238 5609 2282 5639 ¹⁸
2306 5605 2464 5660 Joan.
2507 5623 2596 5669 xv,
2631 5607 2716 5660 15.
2795 5607 2835 5637 ⁸⁷
2859 5605 2947 5661 Ill.
2974 5603 3116 5675 Reg.
3143 5619 3182 5670 ι,
3210 5602 3302 5657 55.

1728 5682 1772 5711 ἰ
1811 5681 1929 5733 Act.
1958 5672 2053 5744 xv,
2088 5679 2171 5733 10.
2254 5678 2299 5708 ³⁸
2326 5676 2511 5729 Matth.
2538 5691 2612 5742 xl,
2643 5675 2733 5742 29,
2757 5677 2843 5730 50.
2940 5674 2986 5705 ³³
3017 5672 3182 5727 Marc.
3205 5687 3304 5739 vn,
