3810 6318
527 363 659 429 1031

1714 367 2068 428 HESYCHII
2119 365 2587 429 PRESBYTERI

3669 356 3781 423 ιω

526 490 608 527 res
638 471 904 537 ultionem,
937 487 1030 526 nec
1053 485 1248 526 memor
1271 470 1374 525 eris
1417 470 1630 539 injuriis
1658 472 1845 526 civium
1869 483 2095 528 tuorum.
2127 484 2172 539 Α
2271 472 2546 540 Quantum
2571 472 2713 526 inter
2738 470 3048 526 libertatem
3070 474 3126 524 et
3180 466 3518 524 servitutem
3575 467 3777 524 intersit

529 564 728 635 Diliges
761 565 990 619 amicum
1024 574 1169 619 tuum
1215 565 1348 618 sicut
1379 564 1619 632 teipsum.
1669 564 1781 635 Ego
1818 566 2091 619 Dominus.

528 655 691 729 Leges
722 673 865 710 meas
896 656 1167 710 custodite.
1199 653 1366 709 Recte
1403 652 1653 710 Christus
1706 656 1905 711 Judaeis
1949 656 2098 711 dice-

528 744 621 799 bat
654 762 666 797 :
697 744 818 798 Non
850 745 1095 808 credatis,
1125 743 1249 813 quia
1277 744 1393 797 veni
1421 743 1615 798 solvere
1644 743 1829 815 legem,
1856 754 1947 798 aut
1977 760 2100 815 pro-

527 841 886 906 phetas:non
948 835 1063 888 veni
1113 834 1330 899 solvere,
1358 834 1448 888 sed
1497 834 1712 902 implere
1737 837 1806 888 “.
1844 834 1901 888 Si
1951 838 2097 889 enim

528 925 1028 993 perscruterisbaac
1058 925 1246 987 verba,
1298 923 1545 978 invenies
1586 932 1849 992 quantum
1898 938 2096 978 conso-

529 1016 713 1069 nantia
738 1016 847 1069 sint
877 1016 960 1069 his
989 1015 1259 1069 mandatis
1303 1015 1435 1086 legis
1469 1015 1776 1086 evangelica
1823 1016 2095 1086 dogmata,

528 1114 716 1175 utpote
765 1106 955 1159 eodem
997 1104 1106 1159 Deo
1144 1112 1368 1173 utraque
1402 1104 1659 1173 loquente
1696 1121 1709 1156 :
1745 1105 1960 1159 Etenim
2006 1106 2099 1177 qui

528 1213 675 1255 nunc
717 1198 962 1260 fratrem,
993 1197 1038 1251 si
1067 1198 1396 1265 peccaverit,
1435 1195 1838 1264 corripiendum
1892 1210 2099 1266 praece-

528 1289 630 1359 pit,
659 1288 748 1342 hic
783 1302 882 1356 per
905 1286 1198 1357 Evangelia
1227 1286 1489 1356 praecepit
1516 1303 1530 1339 :
1565 1283 1625 1340 Si
1648 1295 1822 1339 autem
1853 1303 2099 1356 peccave-

528 1379 598 1431 rit
627 1380 685 1431 in
716 1386 765 1429 te
786 1378 951 1448 frater
980 1386 1116 1440 tuus,
1142 1376 1274 1428 vade
1295 1385 1343 1428 et
1367 1376 1568 1445 corripe
1598 1390 1715 1429 eum
1754 1376 1889 1430 inter
1922 1387 2102 1431 temet-

528 1469 702 1538 ipsum
735 1467 905 1520 solum
938 1482 957 1519 :
989 1482 1092 1520 non
1129 1474 1414 1519 correctum
1445 1476 1642 1531 autem,
1667 1482 1844 1520 coram
1875 1482 1978 1521 uno
2011 1485 2100 1521 ar-

529 1575 649 1629 gue,
680 1567 729 1612 et
763 1573 940 1611 coram
968 1556 1096 1620 alio,
1128 1557 1315 1613 deinde
1361 1574 1542 1611 rursus
1569 1559 1625 1611 in
1678 1556 1936 1623 Ecclesia,
1983 1572 2101 1611 cum

531 1664 696 1715 neque
739 1664 915 1701 coram
960 1646 1067 1699 illis
1109 1648 1408 1717 increpatus
1444 1657 1702 1699 correctus
1728 1647 1886 1716 fuerit
1923 1648 1989 1699 ".
2033 1647 2101 1700 Et

533 1740 624 1793 hic
648 1740 868 1808 quidem
902 1754 1025 1794 cum
1062 1739 1260 1794 dixerit
1295 1752 1311 1792 :
1345 1738 1426 1792 Ne
1457 1738 1630 1792 oderis
1664 1738 2096 1807 fratremtuum,

533 1828 739 1883 addidit
765 1845 780 1881 :

601 1917 682 1970 Ne
698 1917 888 1970 habeas
911 1932 1067 1985 super
1087 1916 1179 1971 illo
1206 1928 1495 1986 peccatum.
1535 1917 1614 1972 lbi
1647 1926 1826 1972 autem
1856 1927 1912 1973 et
1953 1917 2099 1987 quod

530 2019 814 2079 peccatum
873 2009 1149 2073 ostendit,
1191 2009 1266 2062 ait
1310 2011 1459 2063 enim
1489 2027 1502 2063 :
1529 2009 1587 2064 Si
1640 2020 1744 2063 nan
1795 2011 2099 2063 dimiseritis

532 2099 844 2163 hominibus,
877 2115 970 2152 nec
1024 2098 1192 2153 Pater
1220 2109 1386 2154 vester
1437 2102 1661 2155 dimittet
1687 2101 1825 2155 vobis
1884 2111 2099 2169 peccata

529 2200 699 2245 vestra
729 2192 795 2243 ³⁷.
820 2191 935 2256 llic,
992 2205 1102 2245 non
1150 2207 1361 2261 qureres
1404 2193 1686 2259 ultionem,
1736 2209 1833 2263 per
1874 2192 2098 2247 Paulum

529 2293 711 2335 autem
739 2299 752 2333 :
785 2280 902 2334 Non
924 2283 1257 2350 vosmetipsos
1285 2284 1628 2351 vindicantes,
1661 2285 1980 2350 charissimi,
2010 2286 2101 2339 sed

531 2374 653 2426 date
671 2372 839 2425 locum
867 2373 961 2427 ira:
984 2374 1051 2427 “.
1086 2370 1244 2426 Nunc
1274 2374 1410 2427 dixit
1430 2390 1527 2442 per
1554 2366 1686 2444 legis
1714 2375 1913 2429 librum
1945 2395 1960 2430 :
1990 2372 2103 2430 Nec

532 2476 740 2515 memor
764 2462 873 2516 eris
902 2461 1115 2531 injuriae
1136 2462 1357 2516 civium.
1376 2463 1480 2516 Per
1503 2454 1858 2534 Evangélium
1882 2474 2064 2520 autem
2084 2484 2098 2519 :

531 2553 710 2609 Omnis
740 2555 828 2623 qui
858 2554 1108 2608 irascitur
1159 2555 1315 2624 fratri
1338 2570 1451 2619 suo,
1483 2556 1605 2609 sine
1647 2570 1831 2622 causa,
1866 2573 1984 2610 reus
2028 2566 2103 2611 est

524 2644 730 2714 judicio
756 2642 849 2696 ²⁸·.
883 2644 1109 2713 Propter
1152 2645 1297 2713 quod
1336 2660 1429 2701 eos
1463 2648 1811 2701 canteriatam
1858 2649 2104 2704 habentes

533 2753 686 2790 suam
704 2736 1073 2789 conscientiam
1103 2737 1148 2768 "
1193 2736 1392 2791 Paulus
1448 2737 1770 2793 nominavit.
1800 2739 2105 2796 Vestimen-

534 2836 651 2882 tum
672 2836 856 2882 autem
878 2826 1261 2893 abominabile,
1290 2843 1355 2882 ex
1387 2828 1602 2883 duobus
1658 2836 1970 2886 contentum
2020 2832 2105 2886 in-

535 2920 673 2984 duit,
702 2921 794 2989 qui
819 2919 952 2975 dicit
976 2934 1035 2975 se
1071 2919 1351 2975 Christum
1380 2921 1626 2986 adorare,
1651 2932 1706 2978 et
1761 2925 1952 2980 adorat
1995 2925 2106 2979 das—

535 3027 748 3077 mones,
770 3012 862 3080 qui
892 3010 1035 3065 Solis
1054 3011 1281 3080 justitia:
1309 3026 1368 3066 se
1388 3027 1643 3067 asserens
1669 3013 1922 3082 militem,
1943 3016 2104 3070 etiam

534 3103 802 3157 visibilem
826 3103 991 3167 hunc,
1020 3109 1075 3156 et
1099 3102 1194 3172 qui
1230 3103 1299 3158 ad
1329 3104 1693 3158 ministerium
1718 3116 1984 3162 creaturae
2010 3107 2105 3162 da-

536 3200 625 3245 tus
653 3199 737 3246 est
766 3192 933 3246 solem
967 3193 1163 3262 placat,
1195 3192 1284 3247 vel
1334 3194 1545 3263 reliqua
1598 3194 1795 3262 sidera,
1851 3206 1945 3250 aut
2001 3199 2105 3251 ali-

535 3284 665 3354 quid
699 3284 1026 3352 bujusmodi,
1056 3284 1197 3338 sicut
1224 3283 1504 3338 Manichtei
1549 3293 1605 3339 et
1629 3284 1720 3338 alii
1763 3285 1915 3339 multi
1939 3287 2107 3340 haere-

538 3378 630 3432 tici
642 3375 1026 3432 faciunt.Unde
1042 3391 1141 3446 pro
1162 3376 1393 3445 reprobo
1413 3386 1469 3430 et
1481 3376 2107 3441 abominabili,Theodo-

537 3469 650 3524 tion
669 3467 886 3522 Satanw
904 3468 1094 3532 edidit,
1108 3467 1187 3521 sic
1204 3467 1394 3537 utique
1411 3466 1697 3521 inveniens
1713 3466 1769 3520 in
1786 3467 2034 3532 Hebraeo,
2051 3478 2107 3523 et

537 3575 867 3616 conservans
886 3561 1030 3614 sicut
1055 3560 1285 3625 invenit,
1314 3568 1375 3612 ut
1393 3559 1613 3613 nomine
1647 3557 1865 3613 Satanae
1893 3562 2107 3630 planior

535 3650 856 3722 legislatoris
875 3650 1103 3704 elﬁcitur
1118 3650 1366 3704 intentio.
1383 3649 1501 3703 Non
1533 3649 1647 3704 vult
1677 3650 1821 3704 enim
1843 3666 1963 3715 nos,
1981 3666 2104 3706 cum

536 3742 705 3798 simus
723 3742 840 3807 Dei,
856 3741 1136 3796 diabolicis
1157 3734 1447 3795 immisceri
1463 3742 1713 3812 negotiis,
1729 3757 1903 3811 neque
1944 3742 2107 3796 simul

537 3833 876 3888 orationibus
907 3843 964 3888 et
1010 3833 1472 3888 incantationibus
1514 3849 1728 3898 vacare,
1761 3849 1864 3889 nec
1888 3862 1894 3879 ι
1920 3835 2105 3905 phyla-

537 3927 721 3982 cteriis
793 3924 1052 3981 Ecclesiae
1125 3924 1263 3991 Dei,
1324 3936 1744 3994 sanctorumque
1814 3926 2052 3981 virorum
2087 3966 2102 3991 ,

534 4019 926 4074 velediverso
947 4032 1236 4087 pravorum
1292 4015 1660 4070 veneﬁcarum
1714 4016 1876 4070 simul
1932 4016 2102 4079 indui,

536 4119 593 4165 et
616 4125 821 4179 eaquae
859 4117 988 4164 sunt
1030 4107 1420 4163 daemoniorum
1459 4106 1867 4162 circumducere
1919 4116 2106 4161 sancto

535 4201 781 4271 Spiritui,
811 4201 867 4253 in
898 4215 1025 4269 quo,
1050 4202 1125 4253 ait
1158 4199 1378 4265 Paulus,
1408 4199 1601 4269 signati
1630 4214 1818 4252 sumus
1838 4198 1906 4254 ⁸⁸.
1936 4198 2106 4253 [lece-

536 4292 618 4345 dit
656 4291 823 4354 enim,
857 4299 1045 4352 utpote
1102 4305 1395 4358 perpessus
1432 4291 1843 4355 contumeliam,
1871 4299 1926 4345 et
1961 4291 2104 4345 obti-

536 4383 691 4437 nebit
749 4382 1062 4435 immundus
1090 4382 1317 4448 Spiritus
1348 4417 1365 4446 ,
1412 4388 1468 4434 et
1516 4383 1749 4450 patietur
1795 4382 2105 4452 liujusmodt

536 4474 681 4541 quod
713 4473 842 4526 Saul
873 4468 1445 4541 pertulit’°‘:Spiritus
1460 4481 1637 4526 autem
1670 4473 1879 4526 Domini
1935 4490 2106 4527 reces-

537 4563 607 4616 sit
657 4580 688 4615 a
742 4562 925 4626 Saule,
955 4571 1004 4615 et
1037 4561 1342 4632 exagitabat
1371 4578 1489 4615 eum
1527 4562 1745 4633 spiritus
1781 4563 1880 4617 Dei
1908 4565 2101 4620 malus.

534 4652 655 4707 Non
681 4651 805 4720 quia
837 4652 980 4706 Deus
1003 4652 1305 4707 transmisit
1346 4653 1569 4717 malum,
1591 4652 1684 4706 sed
1723 4653 1851 4722 quia
1899 4655 2102 4722 permi-

534 4747 606 4800 sit
630 4742 880 4799 obtinere
902 4759 1028 4798 eum
1055 4743 1146 4813 qui
1170 4743 1319 4797 illum
1341 4745 1523 4815 elegit.

609 4835 771 4891 Vens.
808 4835 997 4901 20—22.
1029 4853 1046 4886 ι
1088 4837 1265 4891 Homo
1304 4836 1349 4890 si
1383 4834 1668 4889 dormierit
1693 4849 1819 4890 cum
1876 4834 2105 4889 muliere

531 4927 679 4982 coitu
707 4928 949 4991 seminis,
979 4943 1099 4996 qua:
1128 4927 1195 4981 sit
1231 4926 1423 4980 ancilla
1449 4926 1612 4980 etiam
1665 4925 1885 4989 nubilis,
1918 4933 1974 4979 et
2020 4932 2104 4980 ta-

532 5034 662 5073 men
717 5019 893 5088 pretio
937 5034 1044 5070 non
1096 5018 1400 5087 redempta,
1427 5032 1531 5070 nec
1577 5016 1825 5071 libertate
1878 5017 2100 5082 donata,

533 5110 868 5179 vapulabunt
897 5110 1076 5171 ambo,
1108 5116 1163 5162 et
1192 5125 1300 5162 non
1323 5109 1644 5172 morientur,
1681 5108 1805 5176 quia
1847 5120 1959 5159 non
2001 5106 2103 5160 fuit

534 5194 727 5249 libera.
754 5197 857 5249 Pro
901 5194 1100 5265 delicto
1150 5205 1333 5249 autem
1381 5210 1483 5249 suo
1518 5195 1714 5251 oﬂ'erct
1762 5195 1992 5250 Domino
2031 5195 2099 5249 ad

534 5284 733 5339 ostium
764 5285 1096 5339 tabernaculi
1160 5285 1458 5338 testimonii
1508 5286 1754 5351 arietem,
1812 5285 2101 5354 orabitque

536 5389 634 5443 pro
659 5390 723 5429 eo
744 5375 1019 5441 sacerdos,
1046 5385 1100 5429 et
1120 5392 1217 5445 pro
1248 5376 1445 5430 delicto
1472 5377 1590 5445 ejus
1622 5393 1803 5432 coram
1847 5377 2098 5443 Domino,

534 5471 591 5518 et
612 5466 1055 5535 repropitiabitur
1076 5466 1145 5532 ei,
1168 5466 1576 5536 dimitteturque
1602 5476 1902 5538 peccatum.
1937 5486 1955 5519 ι

642 5716 686 5787 ξ’
709 5713 967 5787 Matinum
999 5717 1082 5768 l7.
1155 5718 1208 5787 ff
1234 5716 1420 5770 Matth.
1441 5719 1685 5781 xvm,l5.
1760 5719 1804 5749 ¹⁷
1842 5718 2028 5772 Matth.
2050 5736 2121 5783 vr,
2154 5720 2242 5773 15.
2320 5721 2363 5752 ’³
2394 5720 2550 5773 Rom.
2581 5737 2678 5787 xu,
2713 5723 2798 5777 l9.

2196 565 2487 621 ostendere
2542 577 2642 634 per
2690 577 2753 616 ea
2780 576 2901 633 quae
2932 576 3079 615 nunc
3108 560 3253 614 dicta
3294 567 3473 619 sunt.
3518 558 3776 628 legislatcs

2196 656 2461 721 intendit;
2492 670 2620 709 nam
2645 655 2701 708 in
2727 669 2790 708 ea
2832 668 2954 722 qua:
2990 651 3161 705 libera
3189 659 3274 705 est
3300 650 3676 719 desponsata.
3704 651 3775 702 sd-

2197 745 2453 800 ulterium
2470 759 2591 798 esse
2613 744 2875 798 delictum
2886 742 3006 812 ejus
3025 742 3258 810 quicum
3286 754 3353 793 ea
3374 738 3695 793 fornicatus
3712 750 3773 792 est

2196 836 2411 899 asserit,
2439 834 2738 902 mortisque
2772 848 2947 902 prensa
2961 847 3085 886 eum
3099 832 3392 900 subjacere
3431 830 3698 884 sancivit.
3728 829 3772 882 in

2198 922 2393 977 ancilla
2412 932 2587 976 autem
2606 921 2789 985 nubili,
2806 921 2951 990 quod
2971 919 3324 990 Septuaginta
3341 918 3679 979 ediderunt,
3691 917 3775 971 Cs-

2197 1015 2369 1068 stodia
2395 1014 2617 1076 homini,
2648 1012 2700 1066 id
2730 1019 2835 1076 est,
2865 1011 3211 1079 desponsata,
3232 1009 3603 1062 absolvensa
3623 1023 3772 1076 piem.

2198 1102 2523 1159 sacriﬁcium
2536 1103 2691 1173 jubet
2709 1102 2907 1157 ollerre
2923 1116 3069 1165 eum,
3094 1100 3184 1169 qui
3204 1100 3264 1153 in
3283 1115 3414 1153 eam
3442 1099 3777 1168 pecavit,er

2199 1195 2303 1249 hac
2327 1194 2574 1249 sensibili
2597 1193 2857 1248 servitute
2900 1190 3295 1261 intelligibilem
3339 1191 3559 1244 volens
3620 1199 3776 1242 estea-

2198 1284 2348 1339 dere.
2380 1283 2568 1353 Neque
2621 1283 2768 1338 enim
2819 1280 3080 1351 praecepit
3122 1281 3179 1332 in
3219 1278 3467 1333 ancillas
3509 1279 3776 1348 quaslibet.

2198 1384 2403 1445 quanto
2459 1375 2632 1445 magis
2690 1374 3047 1443 desponsatas
3086 1371 3353 1426 delictum
3418 1370 3781 1425 fornicationis

2199 1467 2432 1532 admitti,
2471 1467 2567 1521 sed
2601 1466 2850 1520 ancillam
2885 1465 3295 1534 desponsatam,
3329 1462 3465 1516 sive
3499 1463 3783 1517 custodiam

2201 1558 2407 1612 homini
2438 1555 2751 1611 Iudaeorum
2775 1556 2907 1611 dicit
2933 1555 3293 1626 Synagogam,
3322 1569 3462 1623 quae
3489 1553 3607 1623 legi
3634 1562 3786 1606 custo-

2200 1647 2311 1702 dita
2335 1655 2439 1713 est,
2470 1661 2574 1701 nec
2604 1647 2868 1717 despondi
2905 1645 3143 1711 Christo,
3167 1646 3519 1715 priusquam
3571 1658 3785 1699 morere-

2201 1746 2293 1791 tur
2343 1738 2476 1808 legis
2518 1737 2722 1802 littera,
2752 1746 2986 1807 poterat.
3014 1736 3171 1791 Unde
3206 1746 3264 1791 et
3291 1737 3525 1791 Paulus
3556 1736 3781 1791 dicebat:

2128 1811 2172 1866 Β
2200 1824 2360 1896 Ergo,
2385 1828 2596 1896 fratres,
2626 1836 2676 1879 et
2717 1842 2807 1879 vos
2853 1827 3047 1879 mortui
3098 1827 3220 1879 estis
3273 1826 3416 1893 legi,
3469 1842 3578 1895 per
3632 1841 3781 1892 corpu

2199 1915 2411 1982 Christi,
2468 1925 2527 1969 ut
2573 1917 2688 1969 sitis
2744 1915 2982 1982 alterius,
3022 1916 3112 1986 qui
3170 1931 3233 1969 ea:
3277 1918 3531 1969 mortuis
3584 1932 3782 1969 reser

2196 2007 2275 2060 xit
2297 2006 2366 2063 “.
2397 2006 2519 2077 Ipse
2541 2016 2745 2071 autem,
2771 2008 3020 2061 ancillam
3047 2022 3167 2062 esse
3186 2006 3537 2062 Iudaeorum
3572 2006 3780 2077 δμηθῆ-

2198 2114 2341 2169 gam,
2368 2100 2484 2154 hinc
2521 2100 2712 2154 dicens
2731 2100 2951 2155 docuit:
2988 2099 3126 2166 Quia
3175 2099 3470 2155 Abraham
3510 2103 3651 2155 duos
3676 2101 3778 2168 ﬂia

2198 2192 2402 2258 habuit,
2426 2208 2590 2247 unum
2616 2208 2681 2249 ea:
2703 2193 2922 2259 ancilla],
2950 2203 2999 2246 et
3022 2210 3186 2246 unum
3206 2209 3272 2247 ea:
3292 2193 3478 2248 libera
3511 2196 3585 2246 ³¹.
3614 2195 3776 2249 [laciniae

2199 2300 2362 2353 quam
2387 2286 2559 2339 voluit
2585 2285 2838 2339 ancillam
2886 2285 3131 2355 intelligi,
3170 2299 3481 2354 exponens
3525 2287 3773 2340 subdidit:

2200 2370 2329 2436 Quae
2355 2382 2477 2426 sunt
2504 2389 2598 2441 per
2624 2373 2935 2444 allegoriam
2962 2374 3104 2426 dicta
3130 2389 3150 2437 ;
3176 2374 3293 2427 hac
3322 2376 3482 2427 enim
3529 2384 3659 2427 sunt
3702 2378 3775 2426 dna

2203 2474 2535 2528 testamenta,
2559 2482 2721 2519 unum
2743 2468 2951 2536 quidem
2983 2483 3047 2520 ea:
3094 2480 3271 2520 monte
3295 2465 3443 2521 Sina
3472 2470 3536 2521 in
3588 2472 3775 2522 servits-

2203 2566 2305 2609 tem
2354 2572 2628 2625 generous,
2653 2558 2791 2624 quod
2840 2566 2915 2611 est
2950 2557 3112 2627 Agar.
3140 2556 3275 2610 Sina
3313 2568 3513 2611 autem
3547 2576 3691 2611 mons
3722 2570 3773 2610 est

2203 2646 2260 2699 in
2307 2646 2524 2709 Arabia,
2554 2648 2859 2715 conjunctus
2904 2649 2971 2712 ei,
3002 2664 3117 2718 quae
3167 2664 3307 2701 nunc
3360 2660 3451 2703 est
3483 2650 3771 2707 lanula.

2204 2753 2320 2806 qua:
2343 2739 2498 2792 servit
2520 2737 2587 2791 ³⁸.
2620 2738 2756 2792 Cum
2786 2740 2891 2794 hac
2921 2754 3051 2811 ergo
3079 2741 3124 2794 si
3145 2741 3269 2810 quis
3299 2741 3608 2797 dormierit
3656 2745 3773 2797 coitu

2205 2828 2449 2895 seminis,
2488 2829 2542 2884 id
2570 2838 2675 2895 est,
2705 2831 2795 2899 qui
2836 2831 3001 2901 hujus
3027 2833 3301 2902 particeps
3341 2835 3592 2891 ell'ectus
3639 2836 3774 2890 fuerit

2205 2921 2487 2987 doctrinae,
2527 2921 2584 2975 in
2643 2932 2854 2998 tantum
2901 2932 2959 2977 ut
3004 2925 3370 2996 conjungatur
3419 2929 3499 2992 ei,
3552 2940 3609 2983 ct
3652 2940 3774 2984 eoa:

2206 3026 2332 3066 cum
2364 3027 2448 3077 ea,
2480 3027 2578 3082 per
2634 3014 2768 3084 legis
2806 3014 3057 3069 videlicet
3116 3020 3641 3083 conversationem,
3678 3039 3773 3091 qua

2211 3118 2379 3157 unum
2413 3105 2759 3173 reperiuntur
2810 3106 2867 3159 bi
2888 3106 2982 3175 qui
3026 3107 3131 3161 sibi
3173 3109 3458 3180 conjugali
3522 3115 3773 3167 consortio

2210 3196 2488 3249 sociantur
2509 3199 2719 3264 (semen
2748 3205 2931 3251 autem
2962 3213 3060 3267 pro
3099 3198 3392 3253 doctrinali
3428 3205 3608 3257 verbo
3630 3206 3771 3272 scrip

2210 3284 2428 3349 debere,
2464 3286 2837 3355 multipliciter
2858 3287 2917 3341 in
2951 3287 3055 3341 hoc
3086 3287 3334 3342 Levitico
3388 3290 3545 3345 libro
3596 3294 3772 3361 pridem

2210 3374 2755 3447 demonstravimus);
2801 3379 3113 3449 quicunque
3157 3396 3288 3452 ergo
3327 3392 3641 3454 antequam
3686 3387 3767 3438 lu:

2210 3482 2310 3536 per
2328 3468 2619 3524 adventum
2650 3468 2853 3523 Christi
2874 3470 3219 3535 liberaretur,
3253 3473 3362 3529 hoe
3384 3474 3629 3541 fecerat,
3658 3488 3767 3530 recte

2211 3574 2321 3612 non
2345 3559 2711 3613 moriebatur:
2741 3574 2866 3613 nam
2912 3570 2968 3615 et
3000 3563 3046 3615 si
3075 3564 3383 3618 secundum
3442 3566 3701 3629 litteram,
3730 3578 3765 3618 et

2211 3664 2319 3705 non
2374 3650 2672 3705 secundum
2704 3651 2959 3721 spiritum
2992 3653 3166 3724 legem
3216 3656 3553 3725 accipiebat,
3610 3674 3764 3728 quem»

2211 3744 2501 3798 admodum
2526 3743 2839 3799 Iudaeorum
2867 3745 3026 3800 docet
3064 3744 3369 3818 Syuagoga,
3403 3751 3613 3805 ancilla
3656 3756 3763 3820 just:

2211 3835 2540 3900 nominatur,
2565 3836 2691 3905 quia
2731 3836 3445 3907 legislatorisintentionem
3491 3842 3763 3912 ignorabat.

2211 3922 2398 3978 Servus
2419 3936 2620 3989 autem,
2640 3926 2783 3979 sicut
2802 3925 2940 3979 dixit
2966 3926 3235 3988 Christus,
3260 3930 3426 3981 nescit
3474 3931 3763 3983 natanata

2214 4015 2414 4068 domini
2452 4016 2535 4069 sui
2562 4015 2637 4081 ³⁵,
2687 4025 2743 4070 et
2785 4026 3073 4086 pmpterea
3108 4018 3433 4088 delinquere
3490 4022 3759 4075 dicebatur.

2211 4106 2698 4176 remissionemque
2725 4108 3087 4162 necessariam
3116 4108 3377 4172 habebat,
3406 4111 3543 4179 quia
3564 4112 3762 4167 domis;-

2211 4211 2334 4250 cum
2360 4207 2689 4267 praeceptum
2730 4214 2838 4253 non
2875 4200 3175 4254 secundum
3214 4202 3559 4259 dominicam
3608 4205 3761 4258 stude-

2211 4289 2304 4344 bat
2325 4290 2679 4344 voluntatem.
2716 4290 3101 4347 Verumtamen
3132 4295 3261 4362 quia
3285 4310 3401 4350 non
3448 4298 3631 4352 adhuc
3671 4304 3759 4351 eral

2210 4379 2459 4441 liberata,
2490 4389 2780 4450 propterea
2809 4384 3021 4437 occulta
3052 4393 3171 4439 erat
3208 4386 3345 4455 legis
3375 4388 3755 4458 contemptae.

2213 4469 2367 4525 Unde
2386 4470 2442 4525 et
2464 4479 2680 4540 tempus
2707 4472 2992 4528 videbatur
3022 4475 3225 4530 habere
3257 4480 3612 4534 conversatio
3644 4479 3756 4531 litte-

2206 4576 2302 4623 rae.
2322 4576 2425 4616 nec
2469 4571 2643 4618 morte
2673 4564 2869 4633 subjici
2907 4565 3186 4629 dicuntur,
3217 4576 3275 4621 et
3306 4568 3675 4623 visitationem
3698 4568 3754 4621 eis

2204 4652 2475 4722 promisit.
2504 4654 2641 4707 Nam
2666 4655 2813 4723 quod
2842 4665 3030 4712 nostra
3055 4657 3340 4713 translatio
3375 4658 3589 4715 habet:
3618 4661 3753 4726 ch-

2206 4741 2386 4795 labunt
2433 4743 2606 4807 ambo,
2633 4743 2990 4815 Septuaginta
3039 4748 3251 4811 dicunt,
3292 4748 3548 4804 Visitatio
3574 4751 3751 4804 tritas.

2204 4842 2382 4886 etnon
2411 4834 2719 4888 morientur.
2758 4833 3139 4892 Visitationem
3175 4846 3363 4893 autem
3399 4841 3484 4895 eis
3520 4840 3750 4911 promisit.

2210 4925 2262 4979 id
2296 4934 2380 4981 est
2408 4943 2439 4983 a
2468 4927 2600 4998 legis
2614 4929 2877 4985 servitute
2902 4930 3231 4986 libertatem.
3267 4934 3389 4989 Mos
3417 4936 3569 4989 enim
3601 4945 3678 4991 est
3699 4935 3751 4987 ὥς

2208 5019 2350 5074 vinae
2370 5021 2693 5091 Scriptum,
2720 5022 3050 5089 libertatem,
3078 5026 3443 5082 visitationem
3491 5029 3749 5098 appellari:

2207 5127 2335 5166 nam
2359 5122 2413 5167 et
2453 5115 2833 5169 liberationem
2864 5115 3151 5172 servitutis
3205 5118 3472 5190 Egyptiie
3521 5122 3749 5175 visitata-
3796 5138 3797 5159 ι

2206 5218 2337 5257 nem
2364 5204 2676 5259 invenimus
2693 5205 2861 5261 Deum
2880 5208 3275 5273 nominantem,
3298 5212 3533 5280 quando
3559 5215 3627 5267 ad
3644 5212 3749 5278 In?

2205 5304 2303 5345 sen
2340 5291 2558 5346 dicebat
2592 5311 2605 5345 :
2641 5291 2881 5348 Convoca
2926 5297 3157 5352 seniores
3208 5298 3440 5353 ﬁliorum
3508 5301 3674 5356 Israel
3716 5307 3748 5349 εί

2204 5382 2342 5435 dices
2368 5382 2439 5434 ad
2463 5398 2553 5435 eos
2579 5398 2598 5437 :
2636 5382 2889 5439 Dominus
2917 5385 3060 5440 Deus
3087 5399 3303 5457 patrum
3342 5400 3638 5446 vestros-ut
3676 5405 3749 5455 Ir

2206 5474 2384 5540 paruit
2415 5474 2564 5539 mihi,
2595 5475 2735 5530 Deus
2756 5476 3046 5544 Abraham,
3099 5489 3150 5534 et
3180 5481 3320 5536 Deus
3352 5483 3537 5550 Isaac,
3558 5495 3609 5538 ct
3642 5483 3749 5536 Dat

2905 5725 2969 5795 f7"
2999 5724 3190 5781 Matth.
3224 5745 3277 5795 v,
3308 5728 3400 5783 22.
3508 5730 3557 5761 ”
3584 5729 3604 5784 l
3639 5728 3748 5782 Tia.

538 5780 685 5844 “,2.
734 5783 801 5857 ,ξ’
822 5783 1023 5851 Ephes.
1054 5801 1126 5849 IV,
1151 5785 1240 5839 '50.
1306 5788 1371 5819 ³⁶⁹
1393 5788 1414 5841 ι
1438 5780 1709 5859 κρεέιιχ,
1741 5788 1793 5843 9.
1870 5788 1912 5821 ³¹
1933 5788 2091 5841 Rom.

2205 5790 2278 5850 ,t.
2358 5790 2401 5821 δ’
2425 5789 2539 5844 Gal.
2566 5807 2640 5859 ιν,
2657 5780 2748 5846 '22.
2822 5786 2877 5825 ἰι
2900 5793 3033 5851 ibid.
3061 5780 3277 5851 23:25]
3312 5780 3536 5855 T-Luc.
3566 5780 3665 5854 ιῐιιζ
3684 5796 3731 5845 τ·
