3810 6318
134 305 248 374 1033

1219 301 1302 360 IN
1353 299 1791 361 LEVITICUM.
1826 322 1900 333 -
1935 300 2084 358 LIB.
2121 300 2222 359 VI.

3205 307 3342 372 1034

126 422 282 485 Iacob,
301 421 469 475 dicens
496 437 512 474 :
555 420 779 474 Visitans
811 421 1016 474 visitavi
1045 436 1131 473 vos
1189 429 1237 472 et
1260 419 1364 471 vitii
1413 432 1663 487 qua’cun-
1693 429 1738 481 Α
1767 424 1914 468 ctum
1952 415 2157 470 bonum
2185 414 2496 471 Iudaeorum
2525 419 2782 488 populum
2806 428 2932 474 ante
2963 420 3176 476 Domini
3202 439 3346 494 prae-

125 529 210 583 que
234 521 492 566 evenerunt
513 512 650 564 vobis
675 512 730 564 in
759 511 1006 581 /Egypto,
1041 520 1086 564 et
1124 511 1232 563 dixi
1258 523 1276 561 :
1309 507 1562 561 Liberabo
1579 523 1664 560 vos

123 620 181 658 ea:
204 604 518 672 oppressione
540 601 909 672 zEgyptiorum
940 602 1006 654 ⁸³.
1034 602 1234 670 Aperte
1257 615 1384 671 ergo
1414 616 1511 669 per
1532 616 1665 669 pra:-

121 705 304 749 sentem
332 694 506 764 legem
535 692 756 747 visitare
787 707 880 746 eos
940 692 1186 760 permisit
1217 707 1314 760 per
1339 689 1542 745 Christi
1595 689 1664 742 li-

115 785 518 846 berationem,de
541 800 645 853 qua
659 783 944 838 manifeste
965 784 1251 838 Zacharias
1263 798 1361 852 per
1379 782 1664 836 Canticum

113 893 256 931 suum
280 877 410 931 dixit
443 895 454 929 :
488 875 798 929 Benedictus
848 876 1098 928 Dominus
1137 874 1276 928 Deus
1319 873 1508 936 Israel,
1539 874 1664 942 quia

111 968 337 1030 uisitauit,
363 977 412 1020 et
463 968 582 1020 fecit
645 967 1050 1034 redemptionem
1079 966 1240 1034 plebis
1265 981 1375 1019 aute
1409 967 1474 1017 “.
1495 1004 1502 1010 .
1527 965 1666 1020 Dicit

110 1060 240 1112 enim
267 1058 634 1112 liberationem
671 1073 832 1126 quam
875 1057 1130 1111 Christus
1179 1058 1234 1110 in
1273 1056 1560 1119 sacriﬁcio,
1609 1063 1663 1109 et

107 1151 395 1218 evangelica
456 1150 896 1211 conversatione,
926 1149 1113 1203 Judaeo
1144 1149 1400 1218 primum,
1431 1157 1485 1200 et
1542 1156 1664 1215 post

112 1239 205 1292 hoc
223 1238 418 1298 Grieco,
437 1239 733 1292 secundum
753 1237 898 1306 quod
917 1237 1055 1291 dixit
1073 1235 1379 1306 Apostolus,
1394 1234 1659 1305 praestitit.

105 1330 195 1382 Ait
214 1330 344 1382 enim
368 1330 434 1383 de
465 1328 756 1398 Evangelia
777 1328 922 1397 quod
947 1345 975 1381 a
1003 1327 1232 1381 Domino
1256 1329 1518 1381 donatum
1542 1334 1624 1379 est
1646 1342 1658 1376 :

109 1419 266 1473 Virtus
296 1419 385 1472 Dei
411 1428 485 1472 est
516 1419 570 1471 iu
599 1419 821 1472 salutem
845 1419 985 1472 omni
1009 1419 1258 1481 credenti,
1287 1417 1470 1470 Judwo
1493 1417 1661 1484 primo

97 1523 150 1563 et
208 1509 464 1563 Graeco”.
498 1510 614 1564 Non
668 1511 969 1564 secundum
1013 1509 1245 1578 aliquam
1303 1523 1660 1577 personarum

97 1605 475 1672 acceptionem,
502 1602 595 1656 sed
627 1602 750 1670 quia
778 1600 937 1670 primi
967 1600 1142 1654 Judaei
1166 1601 1305 1654 hanc
1327 1599 1555 1654 salutem
1605 1607 1660 1653 et

97 1694 474 1758 liberationem,
512 1703 698 1762 utpote
749 1694 913 1747 etiam
950 1694 1083 1747 alios
1117 1692 1459 1757 sedocentes,
1494 1692 1658 1747 habe-

1772 506 2000 559 sentiam
2053 506 2315 574 potuisse.
2361 505 2469 562 Cur
2515 508 2663 564 enim
2713 510 2950 567 triennio
2979 511 3216 568 fructum
3263 516 3346 572 eis

1772 595 1948 650 omnis
1973 595 2103 665 ligni
2134 611 2244 650 non
2265 611 2386 652 esse
2410 599 2656 654 esibilem
2697 600 2946 656 dicebat?
2967 602 3076 659 Sed
3101 620 3204 660 nec
3234 606 3345 660 ullo

1772 689 1932 744 modo
1953 689 2239 751 mundum,
2262 689 2354 744 sed
2389 700 2445 745 et
2492 692 2900 748 inundationem
2956 704 3152 764 quarto
3199 713 3345 753 anno

1773 783 2135 837 necessariam
2168 784 2481 840 habentem.
2513 786 2580 839 Et
2608 801 2726 856 qua:
2750 788 2866 843 haec
2893 799 3012 844 erat
3039 791 3347 847 inundatio?

1771 871 1888 925 Non
1917 873 2182 941 aspersio,
2215 889 2324 927 non
2359 873 2706 941 sacriﬁcium,
2745 890 2852 930 non
2884 877 3028 933 aliud
3063 879 3344 950 quidpiam

1773 962 2104 1033 huiusmodi,
2129 964 2289 1034 quale
2326 964 2432 1018 alio
2473 964 2590 1020 loco
2615 968 2914 1022 secundum
2950 970 3188 1024 litteram
3253 970 3342 1024 lex

1770 1055 2046 1124 praecepit.
2073 1056 2214 1126 Ergo
2242 1067 2399 1110 vocat
2433 1057 2744 1112 necessarie
2799 1059 2867 1113 ad
2929 1059 3345 1128 contemplatio-

1769 1158 1896 1197 nem
1930 1145 2176 1213 spiritus,
2208 1162 2332 1200 emn
2363 1147 2457 1215 qui
2479 1163 2588 1201 non
2615 1149 2791 1203 solum
2833 1151 3083 1205 meditari
3141 1151 3342 1221 legem,

1769 1231 1865 1286 sed
1915 1243 1970 1287 et
1997 1233 2212 1302 aliquod
2275 1250 2337 1288 ex
2385 1250 2447 1290 ea
2470 1237 2751 1307 percipere
2771 1241 3117 1294 commodum
3167 1242 3338 1311 cupit.

1769 1321 1994 1377 Terram
2019 1341 2147 1395 ergo
2185 1327 2328 1380 Deus
2383 1327 2496 1392 dat,
2531 1344 2693 1397 quam
2750 1331 2926 1398 ipsum
2983 1331 3113 1386 dare
3162 1333 3338 1397 decet,

1768 1414 1822 1468 id
1851 1423 1956 1479 est,
1988 1417 2226 1472 divinam
2257 1418 2617 1488 Scripturam,
2651 1436 2772 1490 qua:
2815 1426 3076 1476 virtutum
3124 1405 3340 1478 fructus

1768 1504 1890 1571 fert,
1919 1522 2040 1576 quae
2071 1507 2236 1562 habet
2267 1508 2409 1564 illam
2439 1510 2630 1573 vitam,
2650 1519 2706 1565 et
2728 1512 2878 1576 colit,
2909 1513 3025 1567 sive
3056 1523 3337 1582 operatur,

1765 1612 1927 1666 quam
1979 1597 2148 1652 David
2175 1599 2354 1654 colere
2387 1610 2443 1656 et
2483 1603 2696 1669 operari
2727 1604 3017 1673 promittit,
3050 1605 3144 1659 ubi
3188 1606 3339 1660 enim

1769 1685 1876 1742 Deo
1931 1691 2145 1758 placere
2194 1695 2364 1762 magis
2426 1693 2608 1755 homo,
2651 1707 2813 1762 quam
2837 1693 2891 1748 in
2942 1694 3233 1757 mandatis,
3284 1705 3341 1749 et

96 1784 221 1838 bant
248 1784 622 1838 necessariam.
646 1783 784 1836 Cum
839 1783 922 1836 his
945 1783 1037 1852 qui
1095 1783 1314 1846 dormit,
1339 1781 1394 1835 id
1419 1790 1521 1846 est,
1567 1783 1660 1851 qui
1691 1774 1734 1830 Β
1761 1781 2020 1848 operibus
2059 1781 2218 1837 bonis
2248 1793 2463 1852 potest:
2505 1785 2604 1854 Ait.
2626 1785 2771 1839 enim
2809 1802 2822 1837 :
2861 1785 3086 1839 Placebo
3114 1787 3340 1840 Domino

93 1875 296 1940 miscet,
347 1885 406 1928 ut
457 1868 687 1928 seminis
737 1889 924 1928 eorum
973 1882 1029 1927 et
1085 1873 1345 1928 doctrin-te
1392 1873 1660 1943 particeps

81 1967 359 2029 eﬁieiatur,
394 1968 520 2021 huic
547 1983 644 2036 per
674 1966 998 2021 sacriﬁcium
1035 1973 1326 2034 praestatur
1369 1964 1656 2019 remissio:

89 2059 182 2112 sed
207 2075 298 2128 per
320 2057 551 2119 Christi,
591 2059 695 2111 hoc
743 2057 892 2110 enim
951 2056 1275 2111 sacriﬁcium
1326 2054 1657 2126 signiﬁcans,

86 2150 307 2202 arietem
338 2165 437 2217 pro
465 2157 689 2218 peccato
741 2147 1000 2216 praecepit
1042 2145 1248 2207 oﬁ'erri,
1277 2154 1334 2199 et
1391 2161 1490 2214 per
1541 2146 1660 2214 ejus

85 2239 407 2292 oblationem
436 2239 778 2293 sacerdotem
828 2238 1131 2306 deprecari.
1167 2235 1301 2302 Quis
1350 2235 1421 2289 sit
1475 2246 1658 2290 autem

88 2331 197 2394 hic,
227 2329 314 2397 qui
349 2345 447 2398 pro
475 2329 622 2383 omni
671 2328 875 2382 mundo
901 2327 1244 2397 {deprecatus
1275 2335 1382 2390 est,
1438 2336 1494 2381 et
1537 2325 1659 2396 quis

85 2423 244 2488 aries,
267 2421 358 2490 qui
401 2437 498 2490 pro
529 2429 750 2490 peccato
796 2419 1045 2483 oﬁ‘ertur,
1084 2427 1138 2473 et
1183 2435 1280 2473 cur
1305 2425 1429 2472 ante
1459 2417 1656 2472 ostium

83 2512 413 2568 tabernaculi
493 2510 782 2566 testimonii
892 2511 961 2564 ad
1033 2510 1356 2565 sacriﬁcium
1426 2510 1658 2565 deduca-

80 2617 190 2665 tur,
246 2605 339 2658 sed
369 2613 424 2658 et
479 2603 608 2672 quid
655 2602 874 2672 proprie
903 2602 1345 2670 debeatintelligi
1373 2610 1655 2671 peccatum

76 2696 280 2758 delicti,
309 2711 372 2749 ea
407 2711 528 2764 quae
555 2694 623 2748 de
649 2693 929 2748 sacriﬁciis
979 2694 1109 2748 olim
1149 2693 1363 2748 sancita
1421 2703 1569 2758 sunt,
1602 2703 1658 2745 et

74 2789 319 2856 exposita
344 2797 710 2856 perscrutans,
748 2787 995 2840 invenies
1029 2783 1305 2838 Christum
1339 2783 1392 2837 in
1428 2783 1528 2849 eis,
1556 2797 1652 2836 ve-

73 2879 159 2932 lut
192 2879 241 2931 in
277 2878 511 2948 imagine
543 2878 830 2949 ﬁguratum
863 2895 876 2930 ε
915 2875 1008 2944 qui
1034 2890 1130 2944 per
1161 2889 1378 2930 crucem
1404 2874 1650 2930 immola-

72 2982 186 3030 tus,
217 2987 338 3024 cum
359 2969 479 3023 aiiis
507 2969 762 3024 omnibus
798 2968 1035 3037 peccatis
1063 2967 1227 3020 etiam
1279 2967 1383 3021 hoc
1405 2965 1650 3036 ignovit,

69 3062 220 3132 quod
253 3061 566 3116 .ludteorum
595 3060 868 3114 commisit
900 3059 1151 3128 populus,
1187 3066 1242 3112 et
1269 3057 1316 3111 is
1345 3057 1576 3125 quierat
1602 3058 1654 3111 ei

66 3156 267 3211 mistus
290 3171 353 3207 ex
383 3153 656 3223 gentibus,
690 3150 780 3220 qui
804 3152 967 3206 etiam
1004 3149 1410 3210 dormirecum
1454 3149 1532 3204 eis
1573 3149 1654 3202 di-

63 3249 234 3310 citur,
268 3249 437 3317 legem
462 3261 571 3299 non
601 3245 900 3300 secundum
933 3243 1296 3298 intentionem
1329 3241 1654 3314 legislatoris

59 3339 410 3408 accipiendo.
435 3335 560 3391 llaec
581 3343 761 3390 autem
787 3350 894 3390 non
916 3334 1227 3403 iportune
1269 3334 1324 3388 in
1347 3333 1456 3388 hoc
1505 3333 1650 3395 loco,

61 3429 167 3484 sed
201 3429 308 3483 imo
339 3427 506 3482 nimis
529 3435 838 3496 opportuno
862 3426 1125 3494 tempore,
1152 3440 1260 3495 quo
1284 3425 1526 3494 iumenta
1542 3440 1651 3479 non

58 3527 353 3588 oporteret
401 3518 624 3572 alterius
680 3515 897 3588 generis
939 3515 1204 3583 jumentis
1253 3515 1544 3586 conjungi,
1597 3515 1652 3568 id

57 3622 174 3668 est.
206 3626 317 3665 non
350 3612 540 3664 liceret
566 3625 660 3663 eos
680 3608 771 3676 qui
791 3607 893 3662 sub
911 3608 1099 3678 jugum
1122 3605 1248 3661 facti
1276 3615 1402 3662 sunt
1427 3607 1649 3672 Christi,

53 3705 364 3761 Judaicum
391 3702 578 3772 jugum
605 3700 902 3770 suscipere,
939 3699 1280 3769 signiﬁcavit.
1309 3697 1652 3754 Conﬁrmans

53 3795 216 3851 enim
270 3795 393 3857 hoc,
427 3791 710 3862 praesentia
767 3789 1030 3854 subdidit,
1062 3804 1160 3858 per
1212 3805 1332 3858 quae
1388 3789 1647 3854 ostendit,

51 3891 190 3958 quia
213 3895 271 3942 et
316 3895 448 3941 ante
479 3884 768 3938 adventum
810 3882 1035 3947 Christi,
1059 3882 1372 3952 quicunque
1431 3892 1650 3939 extero-

49 3997 186 4034 rum
217 3979 328 4032 illis
362 3975 837 4036 commiscebatur,
862 3987 1001 4042 opus
1031 3973 1268 4028 habebat
1297 3973 1650 4043 intelligibilis

45 4072 253 4128 arietis
287 4069 556 4124 sacriﬁcio
589 4068 655 4122 ad
687 4065 1132 4136 prepitiationem
1156 4080 1329 4130 suam,
1360 4067 1649 4120 conferens

45 4163 190 4218 illud
224 4170 435 4226 mente,
469 4171 522 4213 et
541 4158 857 4213 describens
878 4157 1022 4223 apud
1047 4157 1407 4226 semetipsum
1434 4173 1532 4227 per
1582 4159 1647 4212 ﬁ-

37 4267 228 4324 guras
265 4251 573 4305 veritatem.
603 4248 691 4303 Sic
716 4247 863 4302 enim
904 4262 1013 4301 non
1043 4247 1217 4302 solum
1243 4261 1353 4300 non
1389 4248 1648 4302 condem-

39 4343 181 4398 nari
207 4357 276 4394 ex
314 4339 642 4395 obveniente
671 4339 770 4393 sibi
820 4339 1086 4392 servitute
1112 4337 1357 4392 Judaicai
1426 4337 1642 4404 litterte,

1761 1870 1818 1922 in
1843 1871 2049 1940 regione
2105 1873 2339 1928 vivorum
2365 1874 2429 1928 ³⁸.
2467 1874 2544 1928 De
2595 1875 2794 1944 quibus
2839 1877 2956 1946 ipse
3007 1877 3143 1932 dicit
3183 1895 3196 1930 :
3233 1877 3339 1943 Qui

1760 1977 1879 2015 vero
1897 1972 2191 2030 exspectant
2209 1964 2513 2030 Dominum,
2537 1968 2843 2021 hereditate
2872 1970 3204 2036 possidebunt
3233 1981 3340 2024 ter-

1761 2071 1876 2106 ram
1899 2054 1964 2106 3’.
1998 2053 2358 2111 Possidcbunt
2382 2058 2529 2112 enim
2561 2059 2775 2128 plenam
2808 2058 2900 2114 Dei
2952 2061 3148 2129 spiritu
3187 2061 3334 2117 Scri-

1760 2154 1998 2214 pturam,
2030 2155 2085 2202 et
2104 2163 2225 2216 quae
2254 2163 2317 2202 ex
2359 2165 2420 2204 ea
2457 2161 2586 2205 sunt
2615 2151 2775 2215 bona,
2814 2151 2908 2220 qui
2936 2151 3108 2208 Deum
3135 2167 3336 2224 exspe-

1759 2245 1934 2298 ctant,
1986 2237 2078 2306 qui
2133 2239 2533 2306 mandatorum,
2565 2257 2686 2310 quae
2728 2241 2783 2294 in
2836 2257 2901 2296 ea
2957 2243 3332 2310 continentur,

1760 2326 2180 2381 retributionem
2212 2329 2500 2398 promittit.
2541 2329 2692 2387 Hanc
2725 2333 2924 2386 terram
2957 2333 3166 2404 ingredi
3207 2333 3334 2403 qui-

1758 2416 1882 2470 dem
1912 2417 2006 2470 ﬁlii
2039 2416 2354 2473 Iudaeorum
2416 2421 2673 2490 praecepti
2712 2430 2860 2486 sunt,
2901 2432 2957 2476 et
3004 2432 3337 2493 acceperunt

1760 2509 1984 2577 priores.
2017 2508 2182 2565 Primi
2225 2514 2369 2567 enim
2411 2516 2629 2568 'sarras
2689 2526 3049 2584 susceperunt
3105 2518 3331 2581 litteras,

1758 2607 1980 2666 propter
2008 2600 2153 2669 quod
2186 2609 2243 2654 et
2293 2600 2500 2669 lignum
2559 2601 2708 2671 quod
2760 2602 2845 2656 edi
2874 2611 3073 2672 potest,
3105 2603 3161 2658 id
3223 2614 3330 2663 est.

1757 2689 2030 2752 mandata,
2062 2705 2182 2760 quae
2205 2690 2462 2754 diximus,
2488 2691 2734 2760 plantare
2761 2693 3015 2760 praecepti
3077 2700 3225 2756 sunt,
3275 2691 3334 2746 hi

1756 2779 1972 2848 quidem
2000 2795 2092 2834 eas
2149 2781 2497 2846 meditantes,
2523 2781 2577 2834 hi
2616 2790 2799 2836 autem
2833 2789 2888 2836 et
2946 2782 3329 2851 praedicantes.

1755 2871 1892 2937 Quia
1922 2872 2067 2926 enim
2103 2871 2426 2942 plantationi
2472 2871 2744 2942 lignorum
2777 2871 3056 2927 meditatio
3081 2873 3235 2943 legis,
3277 2885 3334 2930 et

1756 2963 2066 3033 pmdicatio
2089 2973 2312 3033 propter
2343 2978 2469 3019 eum
2499 2965 2824 3034 proiectum,
2852 2965 2945 3034 qui
2984 2979 3085 3034 per
3147 2974 3333 3034 patres

1755 3055 2026 3123 provenit,
2052 3054 2404 3117 assimilatur,
2455 3055 2581 3110 audi
2613 3056 2782 3112 David
2813 3057 3087 3114 dicentem
3124 3078 3136 3113 :
3175 3058 3244 3116 Et
3275 3059 3332 3114 in

1753 3145 1866 3215 lege
1887 3146 2000 3215 ejus
2043 3146 2386 3202 meditabitur
2418 3147 2502 3200 die
2516 3163 2579 3200 ac
2605 3156 2776 3203 nocte.
2810 3147 2880 3204 Et
2912 3150 3010 3204 erit
3071 3159 3332 3220 tanquam

1754 3238 1974 3308 lignum,
2031 3238 2170 3307 quod
2208 3237 2512 3304 plantatum
2540 3248 2614 3294 est
2645 3255 2791 3294 secus
2843 3241 3094 3296 decursus
3154 3257 3329 3309 aqua-

1753 3345 1872 3382 rum
1900 3328 1966 3385 ‘°.
2005 3328 2205 3383 Paulus
2229 3329 2377 3384 enim
2407 3328 2476 3383 de
2504 3329 2888 3398 praedicatione
2914 3347 3078 3400 quam
3134 3331 3330 3401 βιωάὶ-

1753 3421 1893 3474 cavit
1913 3419 2210 3474 Corinthiis
2231 3421 2451 3490 scripsit
2478 3437 2492 3473 :
2523 3417 2636 3490 Ego
2668 3421 2925 3489 plantavi,
2950 3421 3136 3490 Apollo
3179 3422 3328 3492 riga-

1753 3512 1846 3572 vit,
1882 3513 1971 3566 sed
2023 3510 2164 3568 Deus
2200 3513 2578 3566 incrementum
2639 3513 2780 3566 dedit
2801 3513 2869 3567 δ’.
2907 3511 3016 3568 Sed
3069 3513 3327 3567 mandata

1753 3603 1970 3672 quidem
2009 3601 2148 3656 bona
2176 3601 2344 3656 nimis
2371 3611 2549 3665 erant,
2582 3612 2805 3671 propter
2831 3602 2978 3672 quod
3015 3612 3072 3657 et
3119 3587 3324 3672 lignum

1751 3693 1940 3748 esibile
1965 3691 2270 3763 appellavit.
2303 3691 2384 3745 llli
2443 3701 2625 3752 autem
2679 3692 2842 3748 modo
2887 3709 2997 3762 quo
3026 3693 3323 3756 debebant,

1751 3797 1863 3838 non
1893 3781 2258 3851 operabantur
2289 3780 2592 3835 secundum
2639 3780 2876 3836 litteram
2932 3782 3049 3853 lege
3084 3791 3320 3837 utentes.

1752 3874 1882 3929 Erat
1905 3889 2035 3944 ergo
2087 3887 2275 3928 eorum
2330 3873 2557 3938 fructus,
2589 3873 2836 3944 operatio
2878 3873 3128 3930 videlicet
3189 3875 3325 3947 legis

1751 3963 1988 4018 triennio
2005 3963 2474 4022 immnnda.Dieit
2502 3972 2685 4019 autem
2744 3963 3067 4028 triennium,
3099 3979 3132 4019 a
3181 3974 3324 4020 tem-

1750 4069 1882 4123 pore
1911 4053 2042 4125 legis
2069 4068 2240 4123 usque
2263 4053 2330 4107 ad
2351 4053 2514 4108 David
2550 4063 2782 4125 tempus,
2806 4065 2860 4110 et
2883 4069 2914 4109 a
2947 4054 3117 4110 David
3151 4047 3326 4124 usque

1748 4143 1815 4196 ad
1865 4141 2398 4210 transmigrationem
2455 4141 2784 4209 Babyloniae,
2815 4153 2871 4198 et
2907 4159 2939 4197 a
2971 4144 3326 4215 transmigra-

1747 4233 1896 4287 tioue
1968 4231 2273 4302 Babylonia:
2348 4246 2520 4301 usque
2565 4233 2632 4287 ad
2687 4233 2982 4288 adventum
3040 4233 3252 4288 Domini
3307 4251 3324 4287 :

1747 4326 1827 4379 sic
1887 4323 2033 4380 enim
2078 4332 2136 4378 et
2205 4323 2493 4378 Matthacus
2549 4323 2797 4379 distinxit
2851 4325 2920 4381 ".
3003 4324 3142 4391 Quia
3196 4340 3328 4396 ergo

37 4434 152 4490 sed
183 4433 359 4486 etiam
413 4430 630 4485 liberari
677 4429 746 4483 ab
775 4444 859 4490 ea,
894 4438 1007 4484 eta
1067 4436 1244 4482 morte
1304 4427 1644 4483 inﬁdelitatis
1676 4423 1937 4496 nquam)
1996 4415 2101 4469 hoc
2159 4427 2324 4479 anno,
2376 4427 2597 4468 omnem
2651 4412 2891 4468 fructum
2943 4412 3116 4484 ipsius
3167 4414 3324 4486 lesis.

33 4526 387 4597 spiritaliter
409 4526 582 4595 legem
649 4523 948 4592 accipiens,
974 4529 1030 4576 et
1071 4521 1332 4576 sacriﬁcia
1391 4523 1510 4592 ejus
1574 4521 1643 4576 ad

30 4621 349 4676 Christum
380 4617 647 4678 referens,
678 4621 918 4684 poterat.

122 4710 302 4764 Vens.
336 4707 526 4762 23—25.
568 4726 586 4758 ι
615 4705 842 4772 Quando
877 4704 1106 4775 ingressi
1157 4701 1367 4758 fueritis
1421 4712 1641 4765 terram,

25 4813 98 4858 et
152 4799 548 4870 plantaveritis
607 4798 662 4851 in
715 4811 778 4850 ea
843 4796 985 4865 ligna
1037 4793 1335 4864 pomifera,
1382 4792 1644 4848 auferetis

27 4892 332 4965 priaputia
367 4906 576 4946 eorum.
601 4887 763 4943 Poma
811 4902 933 4955 quae
998 4886 1328 4957 germinant,
1365 4883 1643 4938 immunda

23 4992 215 5038 erunt
255 4982 436 5046 vobis,
476 4994 579 5034 nec
604 4978 778 5034 edetis
811 4992 877 5031 ex
917 4975 1016 5030 eis.
1050 4973 1256 5040 Quarto
1295 4987 1438 5024 anno
1467 4973 1645 5027 omnis

26 5074 55 5128 ί
56 5081 276 5126 ructus
297 5086 487 5136 eorum
505 5066 934 5126 sanctiﬁeabitur
950 5064 1204 5120 laudabili
1224 5060 1646 5127 Domino.Quin-
1675 5131 1678 5137 ι

25 5176 96 5219 tu
124 5171 334 5216 autem
363 5178 508 5216 anno
531 5177 641 5217 non
679 5158 978 5217 comedetis
1018 5157 1246 5216 fructus,
1313 5167 1647 5223 congregan-

24 5266 127 5310 tes
146 5265 330 5321 poma
363 5261 482 5319 quae
495 5252 793 5319 proferunt.
819 5250 928 5320 Ego
945 5247 1220 5301 'Dominus
1246 5244 1385 5298 Deus
1407 5250 1639 5297 vester.»

116 5343 439 5396 Permanet
493 5341 548 5393 in
598 5340 902 5396 intentione
949 5339 1112 5393 etiam
1146 5349 1293 5390 nunc
1353 5333 1647 5404 legislator,

23 5452 218 5508 quam
253 5433 457 5488 habuit
493 5431 667 5502 prius,
697 5433 818 5487 aliis
869 5433 1052 5488 verbis
1106 5428 1540 5500 praecedentibus
1578 5427 1650 5480 si-

23 5527 202 5585 milia
253 5525 538 5590 sanciens,
573 5525 865 5580 ostendens
893 5525 1113 5594 quidem
1159 5536 1260 5574 nec
1290 5519 1492 5573 habere
1534 5518 1649 5572 fru—

107 5663 162 5694 ⁸⁸
197 5659 390 5717 Exod.
421 5673 506 5721 ιιι,
532 5657 619 5712 i6.
723 5657 768 5688 '°
804 5656 938 5711 Luc.
962 5673 1001 5718 ι,
1033 5656 1122 5709 68.
1230 5656 1274 5686 ³⁷
1299 5653 1455 5705 Rom.
1490 5669 1526 5713 ι,
1567 5652 1650 5704 16.

23 5733 89 5797 Ξ,
124 5733 190 5788 ὃ.
279 5733 329 5763 ⁶¹
369 5730 391 5783 Ι
423 5729 552 5783 Cor.
586 5744 669 5792 in,
712 5726 766 5780 6.
847 5726 892 5756 “
926 5726 1114 5780 Matth.
1144 5743 1180 5789 I,
1209 5725 1227 5776 i
1266 5739 1416 5791 seqq.

363 5823 640 5885 PATBOL.
681 5822 799 5884 Gn.
833 5821 1044 5884 XCIII.

1750 4515 1997 4560 sanctum
2017 4513 2071 4559 et
2089 4503 2359 4559 laudabile
2390 4503 2622 4560 Domino
2649 4504 3073 4571 commendavit,
3103 4520 3214 4560 non
3243 4513 3329 4559 ta-

1750 4611 1876 4650 men
1909 4596 1996 4650 vel
2030 4606 2157 4651 tunc
2186 4595 2378 4651 esibile
2407 4595 2539 4650 illud
2570 4611 2692 4652 esse
2747 4595 2952 4652 Judaeis
2989 4597 3220 4660 dixerat,
3257 4597 3327 4652 il-

1752 4686 1841 4740 lud
1874 4687 1993 4741 sine
2022 4686 2200 4754 aliqua
2227 4686 2566 4741 dubitatione
2608 4687 2880 4756 probavit,
2914 4702 3020 4756 qua
3057 4687 3222 4742 totius
3245 4687 3328 4741 le-

1751 4778 1832 4848 gis
1861 4777 2096 4841 fructus,
2128 4776 2184 4830 in
2237 4776 2480 4832 adventu
2531 4778 2746 4831 Domini
2793 4787 2916 4832 est:
2950 4777 3122 4847 llujus
3176 4779 3329 4831 enim

1754 4879 1988 4938 tempus,
2053 4866 2354 4922 secundum
2399 4867 2652 4922 ordinem
2701 4875 3008 4936 temporum
3069 4869 3327 4938 superius
3392 4892 3398 4897 ο

1751 4956 2156 5010 nominatorum
2213 4969 2390 5008 annus
2454 4962 2602 5008 recte
2659 4954 3031 5009 nominabitur
3074 4967 3322 5025 quartus,

1753 5055 1972 5100 sanctus
2000 5041 2256 5099 laudabili
2293 5043 2422 5099 Deo.
2451 5043 2590 5110 Quia
2611 5043 2863 5101 Christus
2900 5061 3026 5102 eum
3077 5047 3324 5102 fructife-

1755 5153 1877 5192 rum
1929 5136 2180 5201 faciebat,
2233 5137 2691 5206 quemadmodum
2746 5148 2957 5208 oportet
3019 5140 3182 5195 etiam
3224 5155 3325 5195 nos

1755 5233 2078 5289 fructiﬁcare
2125 5233 2348 5288 docens.
2385 5235 2554 5289 Recte
2607 5250 2736 5306 ergo
2797 5247 3018 5292 sanctus
3064 5245 3200 5298 erat,
3235 5244 3324 5290 ut-

1757 5334 1882 5395 pote
1905 5341 1936 5380 a
1974 5325 2173 5380 Sancto
2194 5333 2505 5380 sanctorum
2536 5325 2833 5394 perfectus.
2873 5325 2979 5382 Sed
3015 5337 3070 5382 ct
3133 5327 3324 5382 lauda-

1757 5421 1922 5476 bilis:
1974 5421 2154 5476 omnia
2183 5421 2328 5474 enim
2383 5435 2504 5488 quae
2556 5420 2810 5474 Christus
2848 5433 3124 5492 operatur,
3183 5422 3325 5475 bona

1758 5513 1898 5567 fama
1933 5519 2062 5567 sunt
2090 5518 2252 5580 atque
2281 5512 2539 5581 gloriosa,
2576 5513 2650 5565 ita
2687 5521 2746 5566 ut
2775 5512 2937 5568 etiam
2987 5515 3055 5569 ab
3097 5512 3326 5582 ingratis

1748 5649 1790 5682 ³³
1823 5646 1964 5701 Psal.
1989 5660 2130 5707 σειν,
2162 5643 2214 5697 9.
2337 5645 2379 5676 ³⁹
2415 5644 2614 5699 Psalm.
2647 5660 2833 5708 xxxvr,
2868 5645 2920 5699 9.
3016 5644 3062 5676 “
3097 5643 3239 5699 Psal.
3284 5661 3326 5710 ι,

2938 5808 3010 5870 33
