3810 6318
509 301 645 366 1035
1693 287 2057 350 llESYCHII
2094 282 2575 347 PRESBYTERI
3662 271 3770 337 te}

507 408 708 466 ludatis
735 403 1124 479 glorificentur.
1157 400 1292 455 Cum
1355 398 1499 452 enim
1551 396 1907 467 paralyticum
1952 408 2084 464 por-
2111 400 2159 457 Α
2188 392 2481 447 admodum
2545 390 2710 444 etiam
2755 389 2810 443 hi
2841 387 3022 442 facere
3060 392 3509 447 consueverunt,
3542 382 3646 479 qui
3674 382 3769 436 bu-

507 511 714 557 tantem
736 470 908 569 super
928 498 1188 561 humeros
1223 492 1505 564 grabatum
1558 490 1848 553 vidissent,
1881 486 2083 557 gloriﬁ-
2185 483 2399 538 baricas
2437 483 2659 536 student
2706 494 2912 544 comas,
2942 485 3171 549 propter
3188 476 3336 546 quod
3370 476 3491 529 hoc
3558 470 3771 541 Septu-

504 595 698 648 cabant
742 591 930 656 Deum,
956 589 1046 659 qui
1069 587 1231 641 talem
1266 583 1820 654 potestatem-dedisset
1858 581 2084 635 homini-
2184 576 2332 647 ginta
2360 575 2567 645 σισόην,
2595 573 2820 628 forsitan
2875 582 3096 642 propter
3145 569 3607 641 magnitudinem
3668 590 3769 626 coa-

498 685 603 738 Jbus
634 683 702 737 ".
736 681 889 737 Unde
912 695 1022 735 non
1051 678 1394 747 simpliciter,
1428 678 1525 731 sed
1551 675 2085 730 laudabile'Domino
2185 682 2471 724 cursorum
2525 665 2849 735 capillorum
2897 664 3336 733 appellaverunt.
3383 660 3519 715 Non
3583 676 3769 731 οροηςι

496 775 744 829 rfructum
778 772 923 826 hunc
960 769 1048 822 lex
1104 766 1415 837 appellavit.
1444 764 1685 820 Necdum
1738 772 1921 819 autem
1971 773 2088 819 erat
2186 769 2370 813 autem
2400 757 2505 811 hoc
2536 754 2676 816 ﬁeri,
2702 752 2798 807 sed
2821 760 3111 806 contentos
3143 764 3269 804 esse
3298 749 3667 803 naturalibus
3706 767 3765 802 α-

509 862 712 934 populo
738 858 958 924 esibilis,
992 856 1226 912 necdum
1253 856 1399 911 enim
1445 855 1536 910 hic
1570 854 1868 910 secundum
1921 853 2086 923 spiri-
2186 848 2483 911 tumentis,
2517 845 2656 899 nihil
2709 844 3017 913 exquirere,
3074 840 3181 895 nisi
3213 841 3410 895 forsan
3484 841 3767 894 Creatom

496 933 627 1009 *tum
653 950 855 1007 Christi
895 949 1365 1005 conversationem
1390 948 1621 1017 adeptus
1643 945 1821 1000 fuerat
1850 964 1865 998 :
1892 946 1989 1000 sed
2031 947 2087 999 in
2187 940 2392 1010 aliquid
2422 938 2723 1009 indiguisse
2744 937 2809 991 ad
2835 934 3230 1006 perliciendum
3289 933 3519 987 animal
3570 949 3768 988 accusa-

505 1060 652 1099 anno
672 1043 883 1114 quinto,
912 1043 967 1097 in
991 1041 1287 1111 apostolica
1312 1039 1569 1095 videlicet
1615 1040 1986 1110 generatione,
2024 1039 2088 1092 ιι-
2188 1050 2332 1087 inus.
2363 1032 2469 1086 Sed
2500 1045 2601 1085 nec
2622 1030 2908 1084 cincinnos
2937 1026 3149 1081 nutrire
3174 1025 3231 1079 in
3261 1024 3557 1079 honorem
3603 1026 3768 1079 dama-

496 1137 618 1192 ~linc
643 1137 788 1192 enim
811 1136 927 1206 ipse
953 1134 1268 1189 Judteorutn
1306 1132 1563 1202 populus,
1597 1132 1649 1187 id
1680 1141 1783 1196 est,
1818 1132 1871 1185 hi
1896 1132 1987 1200 qui
2020 1147 2085 1185 ex
2188 1143 2342 1191 num,
2375 1125 2585 1195 capillis
2613 1122 2733 1176 aliis
2759 1120 3036 1185 fortiores,
3062 1128 3119 1172 et
3157 1117 3267 1171 hoc
3291 1132 3519 1171 vovere
3546 1134 3563 1168 :
3594 1118 3768 1170 stum

498 1230 590 1285 eis
645 1228 1016 1293 crediderunt,
1066 1233 1119 1279 et
1157 1232 1349 1295 gentes
1387 1238 1601 1287 omnes,
1656 1222 1903 1277 csibilem
1956 1222 2089 1293 legis
2188 1219 2335 1272 enim
2371 1218 2474 1271 hoc
2496 1213 2712 1286 pagani,
2750 1222 2914 1283 caput
2945 1224 3246 1281 puerorum
3280 1208 3507 1262 oﬁerre
3542 1209 3768 1263 daemoni-

507 1319 770 1380 fructum,
802 1316 1175 1386 operationem
1213 1316 1462 1370 videlicet
1515 1315 1846 1370 habuerunt.
1885 1315 1950 1368 Et
2002 1332 2089 1371 se-
2188 1311 2310 1366 bus.
2346 1309 2500 1365 Unde
2518 1308 2589 1363 de
2613 1308 2717 1361 hoc
2745 1305 2982 1359 maxime
3007 1311 3229 1372 oportet
3274 1302 3474 1370 putari
3528 1303 3767 1373 legislata-

507 1408 1134 1478 cundum'Septuaginta
1184 1408 1416 1477 adjectio
1476 1407 1751 1462 fructuum
1791 1408 1925 1478 legis
1973 1416 2090 1462 erat
2189 1419 2304 1458 rem
2330 1400 2647 1472 praecipere.
2679 1396 2788 1451 Sed
2818 1411 2923 1451 nec
2950 1395 3173 1450 barbam
3221 1395 3435 1447 radere
3466 1393 3564 1446 vel
3610 1408 3797 1446 secus-t

507 1500 730 1569 populo,
765 1500 816 1553 id
861 1507 943 1553 est
980 1498 1195 1552 lucrum
1260 1509 1315 1553 et
1353 1501 1721 1555 commodmn.
1767 1499 1899 1566 Qua:
1945 1499 2087 1553 enim
2190 1494 2319 1550 dum
2371 1491 2725 1563 Septuaginta
2769 1501 3123 1557 corrumpere
3170 1486 3381 1540 faciem
3430 1486 3670 1540 barbas:
3704 1502 3771 1537 tibi

506 1597 810 1660 operantur
856 1588 1010 1658 prius
1068 1588 1189 1642 sine
1234 1588 1407 1654 lucro,
1460 1590 1730 1645 inutiliter
1766 1599 2087 1659 operantur.
2192 1587 2459 1641 incisuras
2488 1585 2543 1638 in
2573 1598 2807 1653 corpore
2836 1580 2942 1635 sibi
2975 1580 3156 1634 facere
3184 1594 3285 1633 eos
3304 1579 3415 1648 qui
3465 1579 3612 1633 flent
3652 1595 3770 1647 supra

508 1680 657 1734 Bene
681 1689 865 1734 autem
893 1680 1216 1749 adiectionis
1260 1680 1348 1734 lex
1378 1681 1699 1734 memoriam
1748 1680 1877 1735 facit
1926 1680 2091 1735 verbo
2191 1688 2437 1733 mortuos
2467 1677 2651 1741 etiam,
2679 1675 2785 1729 hoc
2815 1673 2961 1728 enim
2993 1674 3186 1742 pagani
3220 1684 3684 1725 consueverunt.
3715 1678 3771 1723 ex

509 1772 826 1839 convenire,
858 1771 1004 1841 quod
1033 1771 1169 1826 dixit
1218 1770 1481 1826 Dominus
1520 1771 1574 1824 in
1608 1772 1941 1842 Evangelio:
1975 1771 2090 1840 ipse
2124 1757 2163 1810 Β
2193 1770 2339 1825 enim
2362 1767 2527 1839 allligi
2567 1781 2732 1836 supra
2769 1773 3013 1819 mortuos
3043 1772 3285 1833 oportet,
3326 1773 3397 1817 ut
3445 1778 3565 1816 nec
3622 1764 3772 1817 fariis:

509 1861 656 1916 enim
687 1869 804 1916 erat
828 1901 842 1923 ,
877 1860 971 1930 qui
1030 1861 1147 1915 haec
1173 1868 1229 1915 et.
1258 1860 1348 1913 illa
1392 1859 1641 1914 dicebat.
1674 1859 1828 1915 Omni
1878 1861 2088 1914 habenti
2193 1862 2372 1927 laedat,
2414 1875 2518 1914 nec
2548 1850 2747 1927 corpus
2784 1864 3117 1924 corrumpat,
3150 1869 3180 1906 a
3203 1854 3427 1923 quibus
3465 1869 3581 1908 nos
3617 1855 3775 1908 ΡῧῐιῘίῖξ

510 1952 724 2006 dabitur
738 1961 786 2006 ct
814 1952 1097 2020 adjiciatur
1116 1952 1180 2005 “.
1199 1951 1525 2021 Quicunque
1550 1961 1755 2019 autem,
1780 1962 2086 2023 utoportel,
2192 1953 2490 2022 prohibens
2545 1951 2621 2005 ait
2653 1968 2665 2002 :
2702 1947 2840 2002 Nolo
2867 1963 2953 2000 vos
2980 1947 3249 2017 ignorare,
3316 1947 3567 2016 fratres,
3598 1958 3653 1999 at
3708 1965 3773 1997 ne:

508 2053 667 2101 vetus
699 2052 848 2098 tenet
872 2051 1275 2108 testamentum,
1304 2044 1353 2098 ei
1399 2054 1453 2097 et
1485 2059 1685 2098 novum
1718 2042 1992 2114 adjicitur,
2037 2055 2091 2100 et
2193 2041 2596 2105 contristemini,
2626 2039 2760 2093 sicut
2787 2048 2833 2091 et
2870 2038 3045 2092 cwteri
3070 2038 3160 2106 qui
3180 2052 3337 2103 spem
3382 2053 3504 2090 non
3537 2039 3773 2093 habent".

510 2151 609 2205 per
638 2136 743 2190 hoc
767 2134 819 2190 ei
843 2134 1051 2190 esibilis
1089 2135 1252 2190 etiam
1278 2133 1487 2189 fructus
1529 2135 1843 2189 testamenti
1892 2136 2090 2190 veteris
2193 2135 2326 2189 Nam
2357 2132 2639 2203 quodlibet
2667 2146 2876 2195 eorum,
2896 2145 3018 2199 qua:
3047 2130 3311 2199 praedicta
3338 2140 3490 2184 sunt
3518 2146 3681 2200 agerc
3701 2147 3772 2181 nia

512 2227 811 2305 invenitur.
2192 2235 2278 2282 est
2310 2240 2462 2296 spem
2500 2225 2703 2279 habere
2761 2221 3182 2277 resurrectionis
3239 2231 3643 2287 mortuorum,
3689 2224 3771 2291 qs;

580 2319 745 2374 Vens.
770 2318 958 2375 ἢεῖ-28.
998 2338 1017 2372 ι
1050 2317 1173 2374 Νοιι
1208 2319 1508 2374 comedetis
1540 2334 1759 2375 carnem
1803 2336 1928 2375 cum
1962 2336 2089 2375 san-
2194 2326 2452 2387 tanquam
2487 2315 2593 2369 illis
2622 2313 2915 2383 corruptis,
2951 2311 3280 2380 semetipsos
3307 2312 3619 2382 dissipant
3657 2328 3775 2381 sua:

508 2409 696 2480 guine,
724 2424 837 2463 non
866 2408 1292 2480 augurabimini,
1321 2423 1426 2463 nec
1444 2409 1808 2464 observabitis
1857 2412 2088 2478 somnia,
2195 2415 2575 2478 corrumpunt.
2616 2404 2878 2459 Prohibet
2926 2403 3177 2475 stigmata
3232 2403 3361 2458 fieri
3438 2405 3500 2459 in
3563 2421 3773 2476 corpore.

511 2517 615 2557 nec
646 2503 701 2556 in
721 2502 1017 2581 rotundum
1037 2500 1278 2555 tondetis
1312 2515 1546 2564 comam,
1587 2514 1690 2554 nec
1736 2500 1936 2555 radetis
1969 2502 2092 2556 bar-
2196 2502 2438 2571 undique
2494 2499 2707 2554 decoris
2743 2496 3020 2568 legislator
3062 2510 3253 2550 curam
3319 2512 3569 2567 gerens,
3602 2508 3658 2553 et
3696 2515 3771 2550 non

512 2592 659 2657 bam,
682 2599 741 2645 et
766 2604 933 2659 super
951 2598 1168 2644 mortuo
1196 2602 1306 2642 non
1331 2587 1582 2642 incidetis
1605 2601 1825 2642 carnem
1854 2598 2093 2642 vestram
2195 2592 2506 2647 concedens
2554 2590 2703 2645 abuti
2752 2602 2939 2665 carne‘
2973 2586 3028 2640 in
3089 2585 3340 2655 quolibet
3405 2586 3658 2653 horum;
3692 2604 3774 2656 qu

512 2695 692 2752 neque
714 2680 931 2752 ﬁguras,
957 2687 1013 2734 et
1032 2679 1283 2753 stigmata
1313 2677 1526 2735 facietis
1558 2678 1734 2733 vobis.
1766 2677 1881 2750 Ego
1910 2679 2093 2734 Domi-
2194 2683 2413 2754 quidem
2458 2681 2560 2753 ipsi
2602 2687 2828 2743 nocent,
2876 2687 3047 2731 totum
3085 2688 3274 2731 autem
3323 2678 3553 2732 animal
3605 2680 3768 2733 {indum

514 2786 643 2827 nus.
686 2789 706 2823 δ
1583 2827 1586 2831 ,
2195 2773 2449 2829 reddunt.
2482 2771 2783 2826 Comedere
2813 2770 2961 2825 enim
2993 2783 3159 2837 super
3190 2778 3447 2836 montes,
3504 2773 3657 2840 quod
3707 2774 3773 2825 Sc-

585 2862 670 2918 ιιι)
696 2859 847 2915 omni
882 2858 1152 2914 fermento
1171 2856 1393 2912 malitiae
1426 2856 1690 2912 mundum
1719 2870 1842 2912 esse
1881 2855 2094 2911 fidelem
2197 2865 2479 2937 ριυαεῑηω
2518 2863 2574 2916 in
2606 2863 2765 2917 initio
2818 2861 3101 2932 praesentis
3146 2860 3283 2931 legis
3330 2874 3680 2932 posueram,
3704 2880 3771 2933 μη

514 2955 652 3021 vult,
683 2962 738 3009 et
760 2957 1053 3023 propterea
1080 2963 1230 3003 nunc
1255 2946 1475 3017 quidem
1504 2947 1760 3017 prohibet
1778 2963 1809 3001 a
1831 2948 2018 3002 servin

2296 2957 2441 3027 quod
2460 2964 2645 3010 nostra
2677 2954 2846 3009 editio
2872 2954 3054 3017 habet,
3085 2953 3204 3006 Non
3225 2956 3536 3008 comedetis
3561 2973 3771 3009 cuum

515 3046 650 3120 legis
703 3044 914 3108 litterae,
944 3048 1002 3096 et
1054 3039 1339 3094 Iudaicam
1390 3038 1694 3093 doctrinam
1756 3038 2019 3093 demonstt

2272 3052 2374 3116 ine,
2413 3058 2635 3120 propter
2667 3062 2763 3102 eos
2800 3046 2891 3116 qui
2934 3045 3200 3100 idolorum
3239 3045 3655 3103 festivitatibus
3682 3064 3770 3103 ces-

519 3111 788 3194 inutilem.
812 3133 967 3188 Nunc
995 3139 1178 3186 autem
1206 3145 1402 3186 rursus
1429 3129 1495 3185 ad
1521 3143 1764 3184 errorem
1811 3131 2095 3200 gentilium
2122 3111 2166 3169 ο
2199 3111 2340 3199 gn,“
2360 3111 2369 3116 ’
2388 3111 2844 3211 εὶιηίνι-οιιίιῃιίί,
2868 3140 2986 3193 Hoc
3034 3138 3178 3193 enim
3228 3146 3287 3192 εί
3343 3137 3501 3195 Osee
3547 3156 3769 3197 “cum,

518 3241 827 3287 sermonem
868 3224 1055 3291 νθηῖῑι
1101 3237 1283 3293 ne(llic
1333 3222 1481 3276 enim
1532 3222 1738 3288 omnia,
1782 3237 1904 3291 qua
1952 3239 2100 3278 ἰηιηο
2198 3236 2459 3306 populum
2502 3232 2837 3297 Judaeorum,
2896 3230 3073 3284 dixit:
3107 3228 3343 3298 Spiritus
3391 3233 3767 3301 fornicationi:

517 3322 686 3378 vetita
718 3329 866 3385 sunt,
898 3316 1191 3373 studeatur
1211 3332 1231 3371 ξ
1260 3314 1461 3386 quippe
1480 3330 1604 3370 cum
1650 3330 1761 3369 non
1784 3315 1960 3370 solum
1990 3319 2100 3373 sint
2201 3326 2401 3395 decepit
2426 3340 2530 3387 eos,
2561 3334 2609 3376 et
2636 3321 2881 3394 fornicati
2907 3328 3029 3373 sunt
3056 3336 3089 3372 α
3124 3319 3230 3373 Deo
3265 3336 3391 3376 suo.
3426 3321 3608 3393 Super
3646 3327 3763 3377 terti-

514 3413 763 3480 ridicula,
800 3412 896 3468 sed
950 3408 1113 3465 etiam
1153 3416 1211 3463 et
1262 3408 1427 3463 noxia
1471 3406 1823 3463 studentibus
1857 3424 1941 3476 ea,
1979 3425 2100 3480 quae
2204 3433 2312 3471 cem
2338 3416 2591 3468 montium
2630 3399 2897 3466 incensum
2930 3410 3233 3475 adolebaut,
3261 3422 3311 3465 et
3339 3430 3512 3481 super
3535 3416 3685 3468 colle:
3702 3431 3763 3466 ta-

519 3505 752 3574 maxime
793 3498 1444 3566 ostenditEcclesiastes;
1479 3499 1555 3554 ait
1585 3499 1732 3553 enim
1757 3518 1769 3555 :
1792 3499 1894 3565 Qui
1924 3502 2101 3555 obser-
2200 3507 2509 3576 criﬁcabant
2562 3504 2629 3558 ιτ.
2653 3503 2760 3558 Sed
2807 3501 3090 3556 videamus
3117 3512 3320 3571 praeter
3378 3504 3527 3567 hac,
3559 3520 3673 3575 qua
3698 3522 3762 3557 ns

519 3608 609 3655 vat
633 3606 862 3662 ventum,
892 3610 994 3649 non
1034 3593 1260 3647 seminat
1293 3607 1307 3643 :
1342 3600 1393 3646 et
1433 3592 1522 3663 qui
1564 3593 1859 3647 considerat
1890 3595 2096 3662 nubem,
2196 3602 2385 3672 jubcat
2408 3615 2601 3655 cavere
2632 3599 2973 3653 :secundum
3021 3597 3326 3668 spiritalem
3366 3601 3757 3670 contemptam...

502 3705 788 3762 nunquam
820 3695 971 3742 metet
999 3686 1067 3742 ".
1095 3683 1394 3754 Augurium
1430 3699 1559 3755 ergo
1602 3697 1714 3739 non
1768 3684 1945 3739 solum
1998 3702 2099 3740 vox
2200 3710 2324 3750 nem
2359 3710 2466 3749 non
2519 3693 2807 3750 comedere
2836 3708 3001 3763 super
3042 3701 3283 3756 montes,
3316 3692 3373 3746 id
3430 3705 3542 3759 est,
3600 3696 3757 3766 cogit:-

520 3784 636 3841 avis
675 3782 967 3854 cujuslibet
999 3788 1093 3835 aut
1129 3779 1342 3834 volatus
1372 3774 1631 3846 appellat,
1665 3774 1758 3845 qui
1791 3776 1878 3831 vel
1908 3776 2024 3845 prol

2251 3785 2440 3840 onibus
2472 3784 2721 3855 superbis
2748 3800 2858 3838 non
2902 3784 3078 3853 pasci,
3114 3784 3183 3839 de
3218 3785 3429 3853 quibus
3458 3786 3628 3840 Isaias
3672 3790 3755 3839 a‘t;

518 3878 614 3933 bet
650 3891 681 3930 a
714 3875 945 3946 quadam
976 3872 1191 3927 actione
1217 3869 1323 3924 vel
1347 3883 1468 3923 eam
1495 3866 1792 3922 studiosius
1830 3867 2022 3922 .admot

2251 3878 2380 3931 mnis
2412 3893 2559 3930 mons
2588 3886 2634 3930 et
2664 3875 2808 3929 collis
2838 3874 3206 3930 Immitiabitur
3239 3876 3306 3930 ⁸⁸.
3354 3875 3483 3933 Non
3522 3878 3755 3950 augurali.

522 3968 948 4033 accelerandam,
979 3966 1073 4022 sed
1098 3972 1154 4020 et
1179 3963 1348 4035 signis
1373 3962 1451 4016 uti
1482 3961 1846 4032 loquentium,
1871 3969 2100 4031 praeter-
2199 3984 2311 4023 non
2344 3968 2635 4038 auspicari,
2667 3976 2727 4022 ιιι
2749 3983 2857 4023 non
2880 3967 3227 4023 imendemes
3272 3968 3563 4024 αωωοηεε
3602 3985 3760 4024 m.

516 4063 807 4129 euntium,
854 4057 1233 4121 obviantium,
1278 4062 1334 4109 et
1383 4051 1741 4123 quorumdam
1793 4051 1849 4104 in
1905 4051 2020 4104 itint

2252 4076 2329 4115 ιιι]
2358 4075 2546 4115 eorum
2574 4059 2909 4115 voluntatem
2942 4042 3209 4124 vivamus,
3227 4074 3418 4129 neque
3436 4076 3533 4116 cor
3550 4072 3756 4115 nostra:

519 4152 927 4213 obveniantium
978 4145 1455 4213 oﬂendiculorum,
1516 4144 1814 4213 taliumque
1869 4142 2098 4197 aliorum
2200 4152 2514 4206 volucribus
2545 4151 2843 4216 tradamus,
2875 4166 2995 4220 qua:
3022 4150 3241 4220 rapiunt
3270 4166 3469 4207 semen
3513 4155 3710 4221 pietatis
3737 4165 3757 4201 ι

519 4254 627 4302 est.
678 4245 760 4300 Ab
809 4242 1001 4299 avibus
1059 4240 1204 4295 enim
1266 4251 1553 4308 augurum,
1600 4236 1703 4321 sed
1755 4244 1809 4290 et
1866 4235 2097 4290 aliorum
2200 4242 2380 4308 nobis,
2420 4241 2564 4296 sicut
2596 4239 2862 4296 Dominus
2909 4242 2963 4294 in
3007 4241 3285 4311 parabolis
3319 4244 3651 4314 evangelicis
3692 4243 3756 4296 di-

520 4340 800 4409 signorum
825 4329 1134 4389 observatio
1164 4326 1385 4382 dicitur.
1439 4324 1758 4395 Auspicium
1802 4334 1985 4379 autem
2015 4335 2098 4381 est
2202 4332 2283 4388 xit
2304 4334 2373 4386 δ’.
2405 4332 2627 4386 Comam
2655 4347 2767 4387 non
2802 4332 3093 4387 tondamus
3129 4348 3144 4387 :
3180 4333 3267 4386 vel
3304 4334 3453 4388 sicut
3476 4335 3756 4405 Septuagin-

520 4424 868 4482 transeuntes
895 4420 1241 4477 considerare
1267 4431 1415 4483 aves,
1448 4424 1506 4469 et
1539 4424 1764 4485 propter
1784 4415 1880 4470 has
1914 4415 1967 4469 in
2000 4416 2097 4471 de-
2128 4467 2174 4526 ι)
2205 4433 2257 4479 ta
2287 4426 2474 4495 σισέην
2510 4425 2577 4478 de
2602 4425 2814 4494 capillis
2872 4426 3088 4497 capitis,
3122 4441 3229 4481 non
3275 4426 3567 4483 faciamus.
3599 4428 3749 4497 Capi!

520 4526 719 4575 sertam
750 4517 818 4571 ab
850 4513 1164 4570 hominibus
1195 4510 1338 4565 viam
1377 4507 1559 4579 egredi
1603 4514 1697 4561 aut
1724 4507 1905 4562 avium
1946 4509 2100 4564 vola-
2132 4507 2172 4526 “¹
2203 4518 2348 4573 enim
2392 4515 2564 4571 nostri
2619 4531 2718 4585 pro
2759 4517 3205 4588 cogitationibus,
3254 4519 3630 4587 accipiuntur,
3655 4534 3753 4587 pro-

521 4618 658 4672 tum,
690 4615 782 4661 aut
818 4618 980 4661 voces
1008 4601 1195 4672 quales
1222 4599 1332 4655 sint
1372 4606 1806 4669 perscrutentur,
1838 4605 1898 4651 ut
1927 4613 1989 4652 ex
2022 4626 2025 4643 ι

2230 4617 2324 4663 iter
2363 4608 2509 4677 quod
2549 4608 2684 4662 dixit
2708 4608 3015 4664 Dominus:
3050 4609 3218 4664 Vestri
3257 4621 3443 4663 autem
3472 4622 3523 4664 et
3584 4610 3734 4677 capit}

519 4706 868 4772 cognoscant,
897 4710 1018 4767 quae
1076 4693 1257 4749 futura
1317 4699 1464 4746 sunt.
1498 4691 1652 4758 Quod
1710 4705 1967 4747 accusare
2017 4700 2101 4749 est
2203 4699 2391 4768 capitis
2419 4716 2593 4753 omnes
2619 4702 2885 4755 numerati
2914 4711 3035 4756 sunt
3061 4702 3129 4756 ⁸⁸.
3171 4699 3453 4772 lpsienim
3497 4702 3753 4772 utpoteja-

519 4788 712 4877 Betim.
746 4789 873 4860 (illia
900 4802 963 4843 ea
995 4799 1116 4857 quae
1144 4782 1376 4850 Ῐιοιηίιιί,
1405 4798 1565 4853 (1110³11
1615 4781 1913 4837 secundum
1944 4795 2099 4838 suam
2202 4790 2329 4854 dici,
2365 4792 2610 4850 etocorda
2631 4794 2919 4859 scrutanti,
2944 4803 3241 4849 numerata:
3286 4804 3420 4850 sunt
3448 4810 3644 4849 omnes
3684 4807 3753 4845 oo-

516 4887 810 4958 imagiucm
842 4882 1083 4940 omnium
1107 4880 1422 4936 animalium
1454 4879 1753 4951 principem
1794 4878 2096 4944 constituit,
2202 4892 2329 4938 stra:
2380 4882 2756 4953 cogitationes.
2809 4883 2930 4939 Non
2985 4895 3202 4956 oportet
3258 4900 3388 4955 ergo
3450 4902 3545 4941 cas
3585 4887 3751 4957 agitare

518 4977 819 5041 alscondit,
850 4984 905 5031 ct
958 4975 1028 5029 ab
1060 4972 1137 5028 cis
1176 4972 1447 5043 quispiam
1506 4971 1685 5035 discit,
1716 4987 1838 5040 qua:
1891 4978 1996 5025 nec
2033 4971 2101 5025 ab
2200 4974 2531 5044 quempiam,
2565 4973 2651 5028 vel
2672 4983 2989 5043 concutere,
3022 4976 3117 5031 sed
3150 4991 3253 5031 nec
3305 4977 3509 5031 oll‘erre
3554 4976 3751 5032 diabeb.
3796 4970 3797 4973 “

521 5067 856 5138 spiritalibus
887 5064 1039 5155 viris,
1073 5063 1168 5118 sed
1199 5078 1360 5117 neca
1388 5062 1520 5155 Deo,
1579 5062 1673 5155 qui
1719 5058 1824 5116 illis
1873 5062 2098 5126 revelat,
2206 5066 2352 5137 quod
2402 5066 2611 5121 faciunt
2657 5066 2902 5136 quidam,
2940 5076 2995 5124 et
3049 5069 3119 5124 de
3175 5068 3529 5124 sensibilibus
3584 5069 3751 5138 capiﬂs
3795 5054 3797 5155 4

522 5168 701 5229 potest
723 5159 956 5217 discere,
992 5154 1135 5211 sicut
1189 5155 1263 5219 hi,
1295 5155 1389 5224 qui
1422 5154 1477 5206 in
1505 5152 1764 5223 praedicto
1800 5169 1986 5208 errore
2016 5168 2103 5208 se-
2208 5157 2416 5212 crinem
2449 5158 2763 5225 offerentes,
2793 5160 2935 5215 sicut
2957 5162 3212 5230 superius
3264 5160 3529 5217 diximus.
3560 5162 3750 5229 Insunt!

523 5250 666 5305 ducti
699 5257 845 5311 sunt,
876 5247 1228 5302 arbitrantur.
1263 5245 1490 5314 Insuper
1516 5260 1618 5301 nec
1649 5260 1858 5300 comam
1917 5246 1971 5299 in
2012 5260 2105 5300 τοο
2208 5265 2318 5304 non
2339 5258 2573 5319 oportet,
2607 5251 2750 5305 sicut
2786 5251 3152 5321 praediximus,
3187 5255 3409 5308 barbam
3450 5256 3665 5318 radere,
3694 5250 3749 5300 rt.
3796 5282 3797 5305 ξ

525 5341 753 5395 "Indum
785 5337 1030 5402 tondere,
1062 5337 1115 5392 id
1164 5344 1267 5400 (εει,
1303 5349 1415 5389 non
1458 5336 1650 5390 radere
1690 5335 1747 5390 in
1805 5336 2101 5391 rotundum
2145 5395 2148 5399 ,
2209 5343 2511 5397 secundum
2562 5343 2914 5415 Septuaginta
2949 5360 3302 5415 corrumpere
3344 5345 3546 5399 faciem
3588 5345 3749 5400 bam.
3796 5376 3797 5391 ι

525 5440 797 5501 aspectum
832 5429 1044 5500 capitis,
1064 5429 1203 5484 sicut
1235 5433 1290 5481 ct
1314 5425 1672 5498 Symmachus
1701 5428 2097 5499 cdidit,qucm-
2207 5432 2332 5503 quia
2355 5420 2705 5503 perfectionis
2729 5442 2920 5489 nostra:
2954 5435 3171 5506 signum
3213 5436 3380 5491 barba
3417 5446 3525 5491 est.
3553 5437 3750 5491 Virum
3796 5484 3797 5499 χ

594 5627 640 5659 ⁵⁸
665 5627 855 5682 Matth.
887 5625 1058 5698 _tx,78.
1161 5624 1434 5698 “Matth.
1472 5641 1601 5687 xxv,
1643 5625 1718 5698 29
1808 5625 1853 5658 ⁸³
1884 5624 2098 5698 Eetion

2344 5629 2389 5659 ⁵⁶
2418 5627 2653 5685 lTbcss.
2680 5648 2753 5698 tv,
2786 5632 2872 5687 η.
2969 5632 3013 5665 ⁸⁷
3040 5631 3178 5689 Osee
3209 5648 3284 5698 tv,
3334 5632 3416 5694 i2,
3447 5632 3537 5688 15.
3608 5630 3735 5685 “BR

524 5708 617 5753 λι.
650 5698 702 5750 ι.
778 5699 821 5729 ⁸³
854 5696 1044 5751 Matth.
1076 5712 1193 5760 xm,
1220 5696 1323 5763 19;
1368 5697 1501 5751 Luc.
1538 5711 1626 5759 XL,
1657 5696 1746 5750 24.
1813 5699 1856 5731 δ’
1901 5697 2028 5751 Matt

797 5699 821 5729 "
854 5696 1044 5751 Matth.
1076 5712 1193 5760 xm,
1220 5696 1323 5763 19;
1368 5697 1501 5751 Luc.
1538 5711 1626 5759 XL,
1657 5696 1746 5750 24.
1813 5699 1856 5731 δ’
1901 5697 2090 5751 Matth.
2122 5714 2174 5765 Χ,
2212 5698 2301 5753 50.
