3810 6318
119 269 252 336 1037

1252 275 1333 334 ΙΝ
1372 276 1809 337 LEVITICUM.
1841 302 1909 311 --
1945 278 2094 339 LIB.
2136 278 2239 339 VI.

3235 281 3373 350 1038

115 395 292 441 autem
324 386 611 457 designant
638 402 826 440 veram
865 398 1108 444 nostram
1137 389 1530 460 perfectionem
1557 407 1693 460 quas
1721 403 1768 454 Α
1796 391 1996 462 loquos,
2028 399 2077 445 et
2102 392 2344 460 veneﬁcis
2360 407 2464 447 non
2506 392 2900 463 adjungamini,
2958 404 3016 448 ut
3057 396 3376 465 polluamini

115 478 469 550 incongruum
501 488 586 532 εει
641 494 993 549 corrumpere
1026 490 1319 551 operantes
1367 497 1477 536 non
1537 498 1685 545 VLI'O,

114 571 212 626 sed
237 571 337 625 sub
361 571 494 624 l‘also
519 580 574 625 et
606 570 732 625 ficto
755 571 964 626 habitu.
995 570 1107 626 Nec
1160 572 1457 628 incisiones
1508 572 1692 628 facere

114 674 278 729 super
320 659 559 713 animam
613 659 817 715 bonum
846 660 1012 716 estin
1058 677 1326 731 corpore:
1364 673 1493 717 sunt
1543 663 1691 718 enim

113 751 521 817 delectationes,
547 766 668 820 quac
695 752 762 807 ad
816 753 1118 808 nocendum
1148 754 1387 808 animam
1445 755 1694 811 incidunt

115 857 333 911 corpus,
364 850 420 896 et
449 852 827 912 corrumpunt.
862 841 971 897 Sed
995 852 1051 897 et
1073 842 1344 914 stigmata,
1375 844 1429 899 id
1456 854 1561 908 est,
1584 862 1694 900 ma-

114 934 176 987 la:
202 933 461 1001 doctrinm
490 934 764 1005 dogmata,
811 934 938 1004 quia
980 934 1271 1000 inhaerent,
1295 944 1353 990 et
1392 936 1693 1007 inﬁguntur

113 1027 305 1079 anima:
333 1040 432 1094 per
477 1024 722 1093 quaedam
775 1025 1165 1090 blandimenta,
1197 1025 1285 1081 vel
1329 1026 1690 1096 syllogismos,

114 1117 200 1173 vel
227 1116 524 1187 quemlibet
545 1116 711 1171 alium
776 1117 995 1171 modum
1043 1117 1361 1172 docentium
1422 1118 1691 1189 intelliga-

113 1225 253 1263 mus.
292 1208 557 1279 Praecepit
582 1223 711 1279 ergo
735 1208 895 1263 nobis
920 1208 1008 1262 lex
1050 1218 1106 1263 et
1161 1210 1230 1263 ab
1273 1209 1360 1264 his
1392 1209 1691 1274 abstinere,

114 1301 239 1369 quia
270 1300 533 1370 impressa
562 1300 649 1355 vel
708 1299 988 1364 immersa,
1016 1298 1158 1355 sicut
1190 1300 1369 1355 solent
1417 1301 1688 1372 stigmata,

115 1392 398 1448 difﬁculter
434 1392 739 1447 abolentur.

190 1484 346 1539 Vens.
375 1483 465 1539 ‘29.
499 1501 519 1535 ί
557 1483 637 1538 Ne
666 1483 964 1553 prostituas
989 1484 1155 1539 filiam
1209 1493 1377 1551 tuam,
1422 1494 1480 1541 ut
1509 1496 1691 1541 conta-

115 1582 353 1634 minelur
383 1565 548 1644 terra,
574 1587 628 1634 et
660 1579 950 1649 impleatur
973 1579 1215 1649 piaculo.
1251 1598 1270 1630 ›

189 1670 242 1724 Si
268 1669 413 1724 enim
441 1679 627 1740 patres
643 1686 784 1740 quos
833 1680 1052 1739 oportet
1084 1658 1224 1725 ﬁlios
1250 1672 1568 1739 emendare,
1620 1673 1689 1727 ad

1795 484 1852 536 in
1872 484 1964 537 eis.
1997 480 2110 552 Ego
2136 499 2252 537 sum
2284 481 2543 536 Dominus
2570 482 2714 537 Deus
2743 492 2933 539 uester.
2969 484 3204 542 Maxima
3254 489 3375 544 dia-

1796 573 1957 628 bolici
1993 572 2213 638 erroris,
2265 581 2322 627 et
2351 572 2562 628 fraudis
2617 574 2850 643 species,
2904 571 3379 648 ventriloquorum

1795 672 1882 718 est
1908 662 2222 732 exquisitio.
2265 663 2426 720 Unde
2457 673 2513 719 et
2540 663 2742 721 Paulus
2790 667 3027 736 puellam
3059 668 3375 735 inveniens,

1794 755 2050 826 spiritum
2084 755 2379 811 habentem
2409 756 2695 827 Pythonis,
2741 758 2992 827 quamvis
3044 760 3380 818 daemonium

1795 860 1991 917 magna
2023 845 2092 901 de
2122 845 2241 916 ipso
2269 854 2325 901 et
2348 846 2458 900 Sila
2484 847 2826 915 praedicaret,
2873 856 2932 905 et
2986 850 3197 908 diceret
3231 870 3247 906 :
3307 853 3379 907 Hi

1795 935 2028 990 homines
2047 937 2183 992 servi
2205 936 2303 991 Dei
2332 936 2522 991 excelsi
2549 947 2691 1004 sunt,
2741 939 2835 1010 qui
2884 942 3205 996 annuntiaut
3235 945 3382 998 nobis

1794 1027 1937 1081 uiam
1967 1028 2206 1082 veritatis
2232 1027 2307 1095 “;
2344 1028 2546 1083 malum
2565 1038 2744 1084 tamen
2775 1029 3029 1100 spiritum
3061 1018 3377 1104 increpans,

1792 1118 2072 1191 ellugavit.
2091 1120 2396 1176 Pessimum
2445 1129 2531 1175 est
2582 1121 2750 1177 etiam
2778 1129 2836 1176 et
2880 1123 3140 1179 veneﬁcis
3198 1125 3385 1181 adhae-

1794 1227 1937 1279 rere,
1968 1211 2096 1281 quia
2124 1211 2436 1267 daemonum
2488 1211 2838 1268 inimicorum
2890 1215 3071 1280 nobis,
3105 1225 3164 1271 et
3206 1219 3386 1287 pesti-

1795 1302 2032 1360 lentium
2065 1302 2290 1358 nomina
2310 1302 2521 1357 dicunt.
2550 1300 2654 1368 Qui
2677 1303 2780 1358 etsi
2831 1304 2900 1359 ad
2923 1305 3091 1361 breve
3130 1316 3374 1379 tempus.

1795 1402 1857 1449 ut
1872 1394 1930 1448 in
1955 1408 2197 1449 errorem
2215 1392 2455 1458 mittant,
2481 1392 2736 1448 videntur
2750 1395 2964 1463 operari
2986 1397 3211 1466 aliquid,
3231 1406 3381 1469 quod

1793 1486 1863 1540 ad
1888 1484 2228 1555 corporalem
2254 1483 2545 1539 sanitatem
2565 1484 2674 1539 vile
2695 1494 2751 1541 et
2768 1501 3023 1557 parvum,
3037 1490 3197 1559 quale
3214 1494 3382 1547 etiam

1797 1577 2040 1648 imperiti
2061 1576 2260 1632 medici
2289 1576 2507 1646 operari
2542 1586 2794 1647 possunt,
2854 1590 3232 1638 verumtamen
3278 1599 3385 1640 nec

1798 1669 1902 1724 hoc
1940 1678 2000 1723 ut
2030 1668 2182 1731 boni,
2247 1682 2428 1738 neque
2487 1678 2546 1723 ut
2576 1669 2717 1724 bene
2768 1670 3016 1727 volentes
3064 1673 3385 1731 hominibus

117 1760 533 1815 fornicationem
562 1776 665 1816 nos
696 1761 1010 1824 hortantur,
1055 1771 1413 1832 provocantes
1468 1773 1563 1818 aut
1609 1764 1691 1817 vi-
1722 1759 1763 1813 Β
1793 1766 2110 1830 operantur,
2139 1757 2235 1813 sed
2260 1757 2318 1812 in
2353 1757 2671 1814 servitutem
2700 1760 2822 1815 illos
2871 1762 3116 1834 redigere
3137 1773 3192 1820 et
3223 1766 3389 1821 aDeo

116 1863 302 1908 ventes
329 1854 579 1922 turpiter,
609 1862 672 1908 ut
690 1853 791 1923 ipsi
812 1854 880 1908 ad
910 1853 1273 1909 imitationem
1300 1856 1694 1925 parentum,ad

120 1947 316 2002 malum
340 1947 657 2012 illiciantur,
692 1947 928 2017 piaculo,
976 1947 1065 2002 vel
1123 1949 1425 2003 secundum
1462 1947 1695 2018 Septua-

116 2039 287 2109 ginta,
310 2038 676 2109 fornicatione
706 2046 850 2093 terra
884 2039 1210 2111 completur,
1260 2048 1325 2097 et
1361 2040 1430 2094 ad
1468 2056 1691 2096 omnem
1730 2106 1735 2111 η

118 2126 351 2197 speciem
388 2126 683 2198 impietatis
710 2126 950 2197 prolicit,
983 2129 1111 2198 quia
1156 2144 1253 2184 eos
1270 2129 1364 2199 qui
1387 2130 1695 2186 eruditores

118 2233 241 2273 esse
281 2219 607 2284 debuerunt,
663 2220 733 2274 ad
793 2219 995 2274 malum
1047 2221 1201 2291 pueri
1226 2222 1549 2295 paedagogos
1597 2222 1694 2276 ha-

120 2311 269 2366 bent.
329 2309 435 2365 Sed
479 2327 583 2366 nec
630 2312 870 2366 animam
919 2320 1188 2378 nostram,
1229 2328 1350 2383 qua:
1378 2313 1533 2375 nobis
1587 2313 1694 2390 lilia

121 2402 395 2472 unigenita
423 2411 526 2465 est,
570 2401 642 2456 ita
660 2410 719 2456 ut
742 2400 909 2457 David
947 2402 1160 2458 diceret
1187 2420 1202 2457 :
1232 2402 1425 2458 Libera
1454 2422 1487 2458 a
1528 2402 1695 2458 leoni-

118 2496 213 2549 bus
235 2495 449 2548 unicam
478 2511 648 2549 meam
679 2495 723 2527 δι
757 2513 770 2548 :
802 2504 858 2549 et
900 2511 915 2547 :
970 2495 1052 2550 De
1078 2512 1241 2550 manu
1279 2499 1439 2553 canis
1476 2499 1690 2553 unicam

119 2603 290 2642 meam
324 2581 394 2652 δ”,
433 2586 852 2656 prostituamus,
891 2578 943 2658 a'
976 2588 1088 2643 Deo
1114 2588 1259 2643 illam
1303 2588 1696 2645 discessionem

120 2679 491 2742 docentes,ne
522 2677 828 2735 fornicante
874 2677 1059 2732 anima
1111 2677 1416 2733 fornicetur
1470 2688 1527 2733 et
1574 2693 1698 2734 cor-

119 2787 243 2842 pus.
275 2769 389 2825 iloc
414 2770 559 2826 enim
593 2778 759 2836 terra,
789 2780 976 2841 utpote
1006 2772 1153 2841 quod
1207 2771 1276 2829 de
1321 2780 1468 2827 terra
1515 2781 1695 2831 ortum

118 2873 221 2926 est,
243 2872 300 2918 et
337 2863 390 2917 in
424 2872 626 2917 terram
653 2871 982 2927 revertetur,
1016 2863 1341 2933 appellatur.

194 2953 258 3010 Et
282 2953 569 3025 impleatur
595 2953 830 3024 piaculo,
862 2954 950 3008 vel
976 2953 1121 3010 sicut
1145 2954 1525 3026 Septuaginta,
1541 2958 1696 3011 adul-

116 3045 272 3101 εει-ἕο.
296 3044 458 3100 Ebrio
485 3043 950 3115 quippe'sessore,
983 3058 1158 3113 equus
1182 3042 1428 3099 defertur
1453 3044 1509 3099 in
1561 3059 1697 3115 prae-

117 3152 267 3206 ceps.
304 3135 349 3190 A
382 3135 493 3191 Deo
522 3135 814 3213 recedente
857 3135 1059 3202 anima,
1085 3136 1268 3191 omnis
1304 3134 1567 3206 iniquitas
1602 3135 1701 3193 do—

115 3225 358 3281 minatur
380 3226 435 3280 in
468 3241 719 3298 corpore.

191 3317 352 3376 Vens.
380 3319 470 3374 30.
512 3338 531 3372 ι
571 3318 810 3376 Sabbata
854 3335 974 3375 mea
1004 3320 1299 3387 custodite,
1352 3330 1409 3376 et
1446 3329 1701 3377 sanctua-

115 3412 260 3468 rium
289 3428 475 3468 meum
503 3413 754 3468 metuite.
780 3412 890 3485 Ego
908 3412 1199 3468 Dominus.
1240 3431 1258 3463 ι

192 3504 343 3558 Sicut
407 3520 516 3560 uno
570 3505 870 3560 exsistente
919 3504 1143 3574 speciali
1168 3504 1428 3573 Sabbato,
1468 3505 1701 3575 septima

115 3592 374 3648 videlicet
392 3593 500 3659 die,
534 3609 697 3649 omne
724 3592 872 3649 aliud
898 3593 1206 3666 legitimum
1231 3594 1435 3649 ostium
1492 3593 1701 3650 Sabba-

118 3696 241 3740 tum
265 3684 590 3755 appellatur,
618 3685 663 3739 si
693 3701 817 3741 cum
845 3685 1119 3757 generalis
1161 3686 1233 3740 sit
1282 3685 1615 3741 abstinentia
1670 3703 1700 3741 a
1770 3739 1787 3755 ,

117 3776 289 3839 malo.
315 3776 420 3831 hoc
448 3777 596 3831 enim
626 3792 817 3832 revera
836 3777 1021 3833 studet
1067 3776 1348 3848 legislator
1376 3776 1699 3841 Sabbatum,

113 3877 175 3921 et
199 3882 296 3937 per
326 3866 538 3938 singula
569 3881 797 3937 qumque
850 3866 1108 3923 recedere
1138 3864 1296 3920 nobis
1323 3879 1355 3918 a
1379 3864 1522 3919 malo
1557 3880 1701 3935 pra:-

114 3962 282 4033 cepit.
314 3961 430 4015 Iloc
460 3960 609 4015 enim
640 3959 890 4025 fulciens,
922 3958 1169 4015 addidit:

187 4054 574 4110 Sanctuarium
621 4068 797 4107 nteant
830 4052 1067 4106 metuite.
1123 4048 1220 4103 Vel
1273 4049 1418 4104 sicut
1473 4048 1703 4119 Septua-

111 4146 288 4217 ginta,
308 4142 507 4198 Suncta
531 4159 646 4197 mea
675 4142 952 4196 timebitis:
975 4140 1103 4212 quia
1125 4138 1589 4209 quemadmodum
1611 4152 1698 4202 eo,

113 4237 210 4308 qui
242 4252 356 4306 quo
378 4233 766 4290 debentmodo
784 4233 1055 4290 accedunt
1078 4232 1148 4287 ad
1196 4248 1279 4299 ea,
1338 4231 1699 4297 sanetiliccnt,

114 4328 199 4384 sic
233 4327 291 4382 hi
339 4328 432 4396 qui
468 4326 651 4396 inique
709 4309 1048 4395 praesumunt
1082 4325 1139 4378 in
1179 4324 1279 4390 eis,
1317 4332 1373 4379 et
1399 4338 1509 4377 non
1544 4322 1702 4394 prius

1797 1863 2051 1919 separare
2102 1847 2406 1917 cupientes.
2459 1847 2567 1904 Sed
2624 1864 2730 1905 nec
2767 1852 3156 1923 ventriloquos,
3188 1856 3246 1911 id
3277 1867 3383 1923 est,

1796 1940 1960 1996 falsos
1988 1939 2284 2010 prophetas
2312 1955 2623 2021 sequamur,
2667 1942 2760 2013 qui
2799 1945 3021 2001 nomine
3068 1946 3165 2002 Dei
3200 1948 3381 2004 aliena

1795 2046 1827 2085 a
1858 2032 1970 2086 Deo
1995 2030 2214 2095 docent,
2247 2041 2303 2087 et
2333 2033 2666 2102 prophetant
2698 2052 2710 2086 :
2741 2035 2837 2104 qui
2879 2037 3206 2109 ventriloqui
3237 2040 3386 2110 iuste

1797 2121 2071 2188 dicuntur,
2097 2123 2251 2192 quasi
2270 2122 2611 2197 .intelligibili
2654 2134 2845 2181 ventre
2867 2127 2952 2181 sui
2990 2129 3188 2194 cordis,
3222 2130 3385 2186 fabu-

1797 2212 1877 2266 las
1906 2213 2189 2282 quasdam,
2222 2213 2277 2267 id
2300 2221 2403 2279 est,
2432 2213 2596 2269 falsas
2637 2214 2933 2284 doctrinas,
2968 2227 3025 2272 et
3067 2220 3385 2290 prophetias

1797 2305 2157 2377 proferentes,
2212 2306 2284 2361 de
2332 2306 2531 2376 quibus
2581 2322 2683 2378 per
2724 2307 3066 2367 Ezechielem
3124 2312 3389 2370 Dominus

1798 2397 1968 2452 dixit:
2007 2397 2091 2452 Va:
2116 2397 2380 2467 prophetis
2432 2398 2804 2468 insipientibus
2852 2401 2943 2471 qui
2968 2412 3259 2473 sequuntur
3276 2406 3387 2474 spi-

1797 2491 1964 2545 ritum
2001 2507 2156 2545 suum
2185 2492 2253 2544 ³⁸.
2277 2489 2418 2546 lliet
2442 2490 2697 2566 venefici,
2733 2502 2795 2548 ut
2842 2485 2944 2564 qui
2995 2509 3123 2550 cum
3178 2496 3389 2553 blandi-

1798 2592 1984 2638 mento
2013 2581 2271 2653 quodam,
2306 2591 2361 2638 et
2410 2582 2602 2638 fraude
2649 2582 2842 2640 domos
2887 2585 3275 2657 ingredientes,
3329 2598 3389 2644 et

1797 2672 2038 2743 captivas
2066 2672 2329 2727 ducentes
2356 2672 2711 2727 mulierculas
2735 2683 2993 2730 oneratas
3019 2676 3279 2745 peccatis,
3306 2679 3389 2734 si-

1797 2772 1889 2818 cut
1913 2763 1989 2817 ait
2017 2763 2215 2818 Paulus
2237 2762 2302 2828 ⁵⁸,
2328 2772 2475 2832 recte
2502 2764 2847 2834 appellantur
2867 2781 2881 2820 :
2908 2764 2965 2819 in
2988 2766 3076 2821 his
3100 2782 3229 2839 ergo
3241 2782 3389 2838 prat-

1798 2854 1942 2925 cepit
1976 2870 2090 2910 non
2115 2852 2304 2925 pollui.
2336 2853 2593 2909 Polluunt
2640 2855 2787 2910 enim
2846 2871 3135 2919 sermones
3194 2874 3386 2915 eorum

1798 2961 1894 3002 eos
1929 2946 2023 3017 qui
2051 2945 2130 3001 eis
2159 2944 2443 3002 obediunt.
2491 2946 2646 3001 Unde
2694 2955 2751 3000 et
2811 2947 3018 3005 addidit
3057 2966 3070 3001 :
3112 2949 3222 3021 Ego
3267 2967 3388 3006 sum

1802 3038 2063 3095 Dominus
2096 3038 2233 3092 Deus
2257 3048 2445 3092 vester.
2502 3038 2606 3093 Per
2653 3038 3025 3109 evangelicam
3078 3039 3387 3098 doctrinam

1805 3130 1994 3186 dicens
2027 3146 2042 3182 :
2073 3131 2340 3184 Attendite
2373 3130 2453 3183 his
2502 3130 2594 3200 qui
2622 3131 2838 3184 veniunt
2897 3131 2968 3184 ad
2993 3146 3080 3185 vos
3122 3133 3181 3185 in
3226 3135 3389 3191 vcsti-

1803 3224 1990 3278 mentis
2019 3223 2214 3289 ovium,
2274 3222 2596 3277 intrinsecus
2650 3231 2827 3276 autem
2877 3232 2998 3276 sunt
3050 3222 3160 3292 lupi
3221 3240 3391 3293 rapa-

1803 3332 1885 3370 ces
1901 3316 1968 3368 ⁵⁷.

1874 3406 2040 3464 Vens.
2070 3408 2159 3464 52.
2195 3429 2213 3461 ι
2242 3408 2440 3465 Coram
2488 3423 2626 3463 cano
2655 3406 2833 3478 capite
2865 3422 3152 3479 consurge,
3182 3417 3240 3466 et
3287 3410 3392 3465 ho-

1780 3513 1939 3555 ~nora
1971 3513 2259 3567 personam
2284 3499 2432 3555 senis
2455 3508 2509 3554 et
2533 3500 2665 3554 time
2695 3497 2984 3553 Dominum
3010 3499 3181 3554 Deum
3211 3508 3386 3557 tuum.

1805 3592 1917 3662 Ego
1940 3606 2063 3647 sum
2100 3590 2383 3646 Dominus.
2423 3610 2442 3642 ι

1876 3679 2090 3738 Bonum
2120 3690 2206 3737 est
2224 3681 2469 3751 quidem,
2505 3690 2562 3736 et
2582 3697 2709 3736 eum
2739 3682 2831 3752 qui
2848 3684 2963 3752 jam
3020 3683 3091 3739 ad
3133 3683 3391 3741 canitiem

1804 3775 2053 3845 pervenit
2076 3776 2368 3840 honorare,
2400 3774 2566 3829 habet
2621 3774 2769 3829 enim
2803 3784 3020 3845 tempus
3047 3775 3251 3847 aliquid
3271 3791 3393 3833 am-

1805 3868 1947 3939 plius
1966 3867 2161 3938 procul
2185 3866 2351 3923 dubio
2385 3868 2455 3923 ad
2480 3867 2846 3939 prudentiam,
2894 3868 2991 3924 sed
3020 3876 3079 3929 et
3126 3869 3391 3925 honorem

1805 3974 1969 4030 quem
2034 3957 2472 4029 provectioribus
2527 3958 2929 4027 impendimus,
2998 3976 3108 4015 non
3173 3976 3393 4031 quoque

1803 4067 1835 4105 a
1867 4049 2167 4106 minoribus
2187 4050 2540 4116 merebimur,
2586 4058 2748 4119 atque
2785 4065 2853 4104 ex
2886 4051 2996 4114 hoc
3026 4052 3160 4107 ordo
3214 4052 3395 4113 bonus

1804 4143 1974 4197 vitam
2003 4150 2255 4197 nostram
2278 4139 2335 4194 in
2362 4140 2651 4195 honestate
2689 4139 3024 4205 custodiens,
3072 4141 3232 4199 nobis
3260 4157 3393 4211 pro-

1804 4232 2039 4305 ﬂigatur.
2066 4232 2276 4288 Canum
2309 4238 2667 4296 autem,verc
2725 4244 2936 4297 senem,
2988 4231 3044 4290 id
3096 4242 3208 4297 est,
3265 4248 3394 4287 eum

1805 4327 2066 4398 intellige.
2095 4325 2165 4381 de
2194 4339 2304 4394 quo
2322 4323 2399 4381 ait
2421 4322 2665 4394 Moyses;
2688 4322 2964 4393 Interroga
2994 4332 3197 4392 patrem
3222 4334 3392 4382 tuum.

113 4419 448 4491 semetipsos
493 4418 655 4473 sorde
702 4417 921 4472 malitiae
969 4424 1222 4487 purgant,
1290 4425 1456 4485 atque
1514 4415 1595 4473 sic
1634 4415 1701 4469 ad
1736 4449 1780 4504 ο
1808 4429 1857 4473 et
1886 4415 2623 4481 annuntiabittibi;seniores
2659 4422 2795 4480 tuos,
2820 4425 2869 4471 et
2891 4415 3061 4471 dicent
3079 4416 3172 4470 tibi
3199 4415 3396 4472 ".Sed

115 4512 326 4566 munda
361 4511 653 4576 accedunt,
682 4516 1065 4578 c0rrumpunt,
1091 4507 1207 4562 sive
1261 4507 1608 4577 diaperdunt,
1640 4506 1706 4562 si-

115 4613 213 4659 cut
251 4602 459 4667 Nadab,
502 4611 558 4655 et
579 4600 743 4667 Abiu,
776 4608 831 4654 et
865 4598 959 4653 lilii
990 4598 1131 4652 Heli.
1185 4597 1353 4653 Unde‘
1388 4606 1443 4652 et
1503 4582 1733 4652 Paulus,

115 4697 187 4751 dc
213 4695 303 4748 his
331 4695 425 4762 qui
459 4692 915 4762 incircumspecte
949 4690 1178 4762 mystica
1210 4690 1545 4761 percipiunt,
1573 4690 1708 4744 sub-

113 4787 259 4842 didit
288 4803 303 4839 :
333 4784 618 4854 Propterea
649 4784 800 4838 multi
830 4784 885 4838 in
918 4783 1060 4838 vobis
1087 4783 1377 4859 inﬁrmi,et
1401 4782 1702 4850 imbecilles,

109 4887 163 4934 rt
199 4878 474 4932 dormiunt
501 4875 741 4932 multi”.
779 4874 935 4931 Unde
961 4884 1013 4931 et
1050 4890 1199 4929 nunc
1243 4874 1518 4945 lcgislator
1554 4874 1709 4930 addi-

108 4969 237 5024 dit:
302 4965 414 5040 Ego
456 4966 733 5032 Dominus,
769 4964 823 5020 id
877 4974 979 5032 est,
1032 4973 1276 5027 sanctus,
1336 4963 1466 5018 etin
1503 4964 1707 5033 sanctis

111 5060 404 5126 habitans,
462 5068 518 5114 et
579 5058 891 5115 necessario
952 5057 1177 5128 exigens
1238 5061 1553 5113 sanctorum
1582 5056 1707 5112 vin-

115 5148 353 5204 dictam.

196 5237 366 5293 Vzns.
388 5239 479 5293 51.
518 5259 536 5291 ‹
563 5240 677 5296 Nec
696 5239 986 5297 declinetis
1025 5238 1094 5293 ad
1124 5252 1328 5308 magos,
1349 5251 1455 5292 nec
1477 5237 1544 5295 ab
1566 5236 1713 5291 ario-

115 5330 193 5386 lis
227 5328 441 5400 aliquid
480 5329 853 5391 sciscitemini,
883 5339 942 5385 ut
972 5329 1292 5400 polluamini
1318 5344 1416 5398 per
1437 5334 1554 5383 eos.
1592 5347 1611 5378 ι
1680 5336 1686 5340 ‘

190 5421 557 5495 Septuaginta
593 5430 776 5476 autem
800 5421 969 5475 edunt
1000 5438 1014 5475 :
1066 5419 1187 5475 Non
1210 5420 1491 5489 sequimini
1512 5420 1712 5474 ventri-

190 5627 240 5662 δι
270 5626 414 5685 Psal.
458 5638 640 5689 xxxiv,
679 5620 770 5674 Π.
844 5621 889 5652 ⁸⁸
923 5620 1064 5677 Psai.
1100 5622 1328 5686 xx1,2l.

1405 5621 1457 5652 ⁸³
1491 5620 1509 5674 l
1541 5620 1667 5674 Cor.
1705 5635 1785 5682 xu,
1808 5618 1897 5671 50.
1974 5617 2161 5671 "Act.
2197 5631 2310 5677 va,
2348 5614 2439 5669 Π.

1813 4521 1870 4567 et
1895 4510 2097 4566 Paulus
2129 4524 2143 4563 :
2182 4508 2479 4578 Presbyteri
2501 4505 2702 4575 duplici
2757 4507 2951 4562 honore
2981 4508 3128 4579 digni
3157 4507 3394 4562 habean-

1815 4613 1922 4667 tur,
1958 4602 2191 4657 maxime
2208 4601 2300 4672 qui
2327 4599 2577 4654 laborant
2601 4599 2659 4652 in
2677 4600 2832 4662 verbo
2853 4608 2901 4653 et
2923 4600 3167 4653 doctrina
3197 4599 3266 4653 ".
3287 4598 3396 4654 Sed

1814 4703 1870 4749 et
1898 4693 2089 4748 Daniel
2117 4707 2242 4747 cum
2268 4699 2415 4746 esset
2435 4704 2591 4760 puer,
2637 4698 2693 4743 et
2722 4688 2936 4758 iudices
2978 4698 3142 4758 atque
3169 4690 3396 4761 presby—

1814 4796 1963 4842 teros
1988 4782 2177 4855 populi
2195 4780 2571 4836 criminantes.
2606 4778 2913 4835 Susannam
2938 4788 3211 4848 argueret,
3242 4779 3397 4837 dice-
3460 4821 3477 4843 ο.

1813 4877 1947 4932 bant
1968 4874 2058 4929 alii
2079 4869 2381 4943 presbyteri
2409 4887 2424 4923 :
2462 4868 2608 4934 Veni,
2641 4868 2762 4921 sede
2783 4868 2838 4923 in
2863 4869 3034 4921 medio
3060 4878 3319 4932 nostrum,
3342 4879 3395 4923 et

1815 4970 1864 5019 et
1889 4961 2150 5015 annuntio
2185 4954 2352 5020 nobis,
2377 4956 2502 5026 quia
2539 4954 2633 5009 tibi
2660 4954 2800 5009 Deus
2819 4954 2959 5008 dedit
2981 4956 3227 5010 honorem
3245 4973 3395 5013 sene-

1816 5054 1971 5110 elutis
2003 5051 2049 5086 ⁸⁸
2094 5057 2204 5105 :ut
2248 5048 2650 5113 ostenderetur,
2696 5046 2828 5118 quia
2889 5045 3169 5117 sapientia:
3227 5050 3398 5121 magis

1816 5160 1980 5216 quam
2027 5141 2202 5198 aetatis
2234 5147 2318 5195 est
2346 5138 2662 5210 presbyterii
2683 5136 2934 5208 dignitas.

1896 5232 2058 5287 Vens.
2084 5233 2174 5297 55,
2201 5229 2292 5284 54.
2324 5248 2342 5281 r
2382 5229 2440 5284 Si
2489 5227 2821 5288 habitaverit
2874 5229 3084 5284 advena
3143 5227 3200 5283 in
3253 5236 3397 5284 terra

1821 5333 2021 5389 vestra,
2049 5332 2103 5377 et
2127 5328 2373 5377 moratus
2402 5319 2568 5376 fuerit
2592 5319 2735 5377 inter
2765 5333 2880 5386 vos,
2943 5335 3015 5374 ne
3056 5320 3397 5390 exprobretis

1821 5417 1893 5484 ei,
1925 5415 2021 5470 sed
2044 5414 2117 5470 sit
2144 5414 2288 5470 inter
2316 5428 2414 5468 vos
2441 5411 2596 5484 quasi
2634 5394 2908 5483 indigena,
2933 5420 2990 5467 et
3009 5411 3243 5484 diligetis
3268 5428 3392 5468 cunt

2524 5616 2570 5648 ⁸⁸
2602 5616 2800 5673 Ezech.
2833 5632 2952 5685 xm,
2982 5616 3038 5673 5.
3111 5617 3227 5675 “ll
3253 5617 3397 5682 Tim.

111 5711 212 5765 nt,
247 5697 305 5751 6.
386 5686 650 5749 "Matth.
678 5705 778 5755 vn,
826 5689 913 5744 l5.
990 5692 1035 5723 ⁵⁵
1066 5693 1418 5755 Deut.xxxu,
1452 5693 1504 5745 7.
1579 5692 1623 5722 "
1664 5689 1691 5771 l_

1832 5720 1855 5743 ι.
1897 5705 1951 5754 v,
1978 5687 2065 5742 l7.
2142 5686 2186 5717 ⁵⁸
2222 5686 2355 5743 Dan.
2386 5700 2503 5755 xm,
2529 5686 2617 5742 50.
