3810 6318
463 262 600 333 1039
1661 250 2025 311 HESYCHII
2061 246 2537 309 PRESBYTER!
3652 243 3781 307 1W

462 382 611 445 quasi
642 361 1003 447 vosmetipsos
1038 393 1055 431 :
1089 374 1294 429 Fuistis
1321 370 1467 426 enim
1496 377 1551 423 et
1584 384 1685 425 vos
1710 368 1935 423 advena:
1990 368 2045 421 in
2080 378 2121 433 Α
2148 379 2245 423 aut
2294 370 2403 424 alio
2455 368 2700 438 quolibet
2740 367 2905 421 modo
2965 363 3433 419 contrahentibus
3494 379 3779 420 mensum:

462 483 605 528 terra
626 468 865 541 Egypti.
906 469 1017 539 Ego
1051 463 1314 520 Dominus
1351 460 1496 515 Deus
1532 468 1730 515 vester.
1774 478 1792 509 ι
2145 460 2346 515 dantur
2377 469 2429 514 et
2462 459 2722 528 pondera,
2758 457 3218 527 quemadmodum
3277 456 3437 526 leges
3476 456 3785 525 iudicanti.

531 558 759 615 Tcrram
818 556 977 612 nobis
1048 570 1078 608 ει
1132 554 1244 607 DCO
1298 551 1479 605 dinam
1515 590 1528 614 ν
1588 563 1709 603 0350
1772 546 2043 601 (ευὶῑιιτῐὶῐιὶ
2144 551 2247 606 bus
2286 552 2470 606 :unde
2498 552 2567 605 de
2598 567 2709 605 non
2732 550 2981 604 faciendo
3012 550 3304 619 iniustum
3333 548 3599 617 iudicio,
3622 550 3776 603 etiam

460 654 722 707 virtutum
755 691 768 714 ,
825 649 1134 714 bonamque
1199 645 1320 709 ejus
1378 641 1687 695 doctrinam
1724 681 1738 703 ,
1791 637 2045 708 superius
2146 643 2214 695 de
2257 658 2368 695 non
2400 642 2755 717 immutandis
2783 642 3004 695 statcris
3033 651 3087 695 ct
3141 640 3535 709 ponderibus,
3580 656 3685 693 sex
3730 656 3777 693 cl

460 744 716 799 diximus.
750 740 805 794 Si
831 739 1150 809 quisautcm
1194 735 1261 789 ad
1295 735 1437 788 hanc
1463 731 1757 787 accesserit
1811 730 2040 794 advena,
2147 733 2216 786 de
2274 731 2533 794 sextario,
2590 730 2842 785 modiove
2895 730 3150 784 habendo
3206 731 3396 799 justo,
3434 732 3498 784 id
3553 742 3665 793 est,
3723 751 3779 784 ιε

458 832 711 889 videlicet
747 830 933 885 volens
959 825 1202 881 converti
1225 824 1293 878 ad
1322 831 1564 877 nostram
1588 822 1773 881 ﬁdem,
1806 829 1860 874 et
1887 828 2047 873 terrae
2146 828 2294 884 omni
2326 841 2583 881 mensura
2612 825 2725 879 vini
2767 834 2860 878 aut
2886 824 2990 878 olei
3041 823 3272 878 addidit.
3312 824 3409 878 Ab
3477 827 3645 879 omni
3687 831 3778 879 υξί.

460 921 606 975 illius
630 919 764 975 civis
791 916 1086 979 conscribi,
1111 916 1178 968 de
1209 929 1313 983 qua
1344 913 1545 968 Paulus
1591 911 1666 966 ait
1698 930 1709 964 :
1736 910 2041 964 Acressistis
2146 934 2255 989 que
2283 916 2570 987 iniustitia,
2602 932 2723 985 qua:
2751 931 2882 986 ergo
2925 914 3235 985 proximum
3266 916 3528 986 geritur.
3574 927 3681 970 tam
3724 937 3764 970 :n

457 1012 530 1065 ad
564 1010 693 1066 Sion
722 1017 1038 1069 montem,e!
1062 1006 1133 1059 ad
1159 1006 1422 1059 civitatem
1455 1004 1550 1057 Dei
1581 1004 1794 1057 viventis
1822 1003 2045 1056 Jerusa-
2147 1011 2469 1079 majoribus,
2494 1009 2744 1078 quamin
2792 1008 3102 1062 minoribus
3145 1008 3434 1078 praecepi;
3489 1011 3761 1062 ευςιξητη.

459 1106 560 1159 lem
591 1103 868 1167 catcstem,
903 1109 952 1154 et
976 1098 1263 1153 multorum
1288 1097 1514 1150 millium
1575 1095 1883 1165 angelorum
1936 1094 2043 1163 fre-

459 1200 751 1269 Quentiam,
783 1204 831 1249 et
862 1193 1154 1249 Ecclesium
1208 1190 1618 1260 primitivorum,
1647 1189 1735 1258 qui
1763 1188 2046 1256 conscripti

457 1302 576 1346 sunt
602 1291 657 1343 in
685 1288 823 1343 cretis
856 1284 924 1340 δι.
946 1315 1015 1325 -—
1037 1283 1157 1336 Non
1194 1282 1491 1352 aﬂiigamus
1520 1297 1663 1343 eum,
1694 1280 1748 1335 id
1775 1288 1877 1343 est,
1928 1293 2042 1333 non

461 1396 748 1456 gravcmus
787 1387 977 1433 contra
1008 1392 1137 1430 eum
1191 1375 1403 1445 iugum,
1442 1380 1503 1425 ut
1543 1372 1702 1426 modo
1756 1371 1940 1443 genito
1991 1380 2047 1426 et

458 1474 674 1529 noviter
698 1469 943 1527 credenti
974 1467 1219 1539 graviora
1259 1464 1515 1518 mandata
1561 1463 1926 1532 imponamus,
1987 1472 2046 1516 ut

458 1583 570 1623 non
598 1565 739 1620 sicut
769 1561 1025 1617 Pharisaei
1047 1568 1103 1613 ct
1129 1558 1335 1613 Scribm
1375 1570 1689 1626 peccemus,
1721 1569 1860 1624 quos
1880 1569 2046 1609 accu-

459 1675 586 1715 sans
615 1658 875 1714 Dominus
898 1654 1112 1709 dicebat
1145 1669 1156 1705 :
1182 1650 1424 1720 Alligant
1451 1665 1613 1702 onera
1639 1650 1826 1718 gravia
1873 1657 1921 1701 et
1945 1649 2047 1701 im-

458 1750 768 1821 portabilia,
803 1759 851 1801 et
882 1755 1079 1815 ponunt
1124 1759 1281 1811 super
1303 1741 1546 1794 humeros
1600 1739 1892 1803 hominum,
1941 1739 2045 1806 ipsi
2074 1725 2118 1785 Β

460 1852 642 1897 autem
672 1841 838 1911 digito
860 1855 954 1893 suo
980 1853 1082 1890 non
1115 1835 1299 1890 volunt
1344 1851 1407 1887 ea
1436 1848 1640 1886 movere
1666 1833 1732 1885 °'.
1761 1831 1884 1886 Non
1912 1846 2044 1902 ergo

460 1931 509 1986 ei
540 1930 636 1999 qui
667 1928 881 1983 accedit
907 1927 974 1981 ad
1002 1926 1190 1990 fidem,
1218 1925 1321 1979 hoc
1367 1924 1651 1989 facientes,
1689 1931 1744 1978 et
1794 1922 2043 1993 quaedam

459 2020 649 2093 legalia
683 2020 750 2074 ab
779 2033 847 2074 eo
870 2019 1170 2088 exigentes,
1203 2015 1508 2087 aﬂligamus
1535 2031 1684 2070 eum.
1721 2014 1805 2070 Sit
1859 2021 2044 2069 autem

458 2111 616 2167 nobis
669 2110 812 2164 sicut
873 2108 1128 2179 indigena
1176 2110 1269 2177 qui
1325 2108 1569 2162 nutritus
1599 2117 1684 2162 est
1719 2108 1776 2161 in
1804 2106 1930 2174 fide,
1989 2115 2045 2161 et

458 2203 632 2260 crevit
653 2203 714 2257 in
736 2203 956 2273 pietate.
984 2200 1139 2256 Unde
1166 2210 1223 2254 et
1245 2200 1439 2255 Petrus
1491 2201 1595 2255 hoc
1622 2200 1909 2255 evidenter
1926 2213 2046 2253 san-

458 2298 629 2361 ciens,
661 2297 729 2351 ad
758 2311 854 2352 eos
879 2296 973 2366 qui
993 2294 1251 2350 volebant
1277 2294 1670 2349 circumcidere
1701 2293 1769 2348 de
1791 2291 2046 2364 gentibus

461 2390 811 2446 credentibus
857 2389 1072 2444 dicebat
1103 2403 1116 2439 :
1152 2385 1289 2453 Quid
1314 2387 1529 2440 tentati:
1559 2385 1845 2439 Dominum
1874 2385 2046 2453 impo-

459 2483 787 2553 nerejugum
841 2496 999 2551 super
1038 2479 1258 2535 cervices
1311 2477 1711 2547 discipulorum,
1760 2477 1898 2548 quod
1953 2492 2047 2530 nec

459 2584 635 2644 patres
668 2573 843 2639 vestri,
882 2588 974 2626 nec
998 2587 1092 2625 nos
1125 2571 1391 2641 potuimus
1451 2578 1667 2639 portare
1694 2569 1778 2623 ⁸³⁸2
1801 2568 1898 2623 sed
1948 2581 2047 2638 per

461 2666 689 2738 gratiam
717 2664 849 2720 Jesu
872 2663 1079 2719 Christi
1100 2663 1375 2717 credimus
1426 2661 1644 2727 salvari,
1673 2662 1818 2716 sicut
1843 2661 1942 2715 illi.
1986 2658 2045 2714 In

461 2759 569 2813 hoc
592 2770 723 2827 ergo
748 2767 1197 2824 unumquemque
1232 2755 1521 2818 advenam,
1552 2752 1669 2808 sive
1700 2762 1762 2807 ut
1784 2751 1929 2806 LXX
1959 2749 2046 2805 di-

461 2858 612 2916 cunt,
661 2847 1005 2919 proselytum,
1035 2845 1178 2900 sicut
1206 2845 1572 2915 nosmetipsos
1620 2843 1929 2915 diligamus,
1986 2853 2049 2900 ut

459 2943 552 2997 illa
580 2940 963 3012 praecipiamus
979 2937 1058 2993 eis
1089 2945 1321 3003 tantum,
1351 2951 1451 3006 per
1478 2952 1619 3007 quos
1647 2937 2042 3009 nosmetipsos,

460 3036 506 3092 si
535 3050 599 3090 ea
629 3033 894 3105 gerimus,
926 3029 1122 3085 salvari
1167 3028 1466 3084 credimus.
1499 3029 1641 3083 Num
1668 3029 1772 3084 etsi
1810 3029 2044 3099 amplius

461 3124 726 3198 temporis
750 3125 819 3179 ab
847 3123 933 3178 his
961 3121 1054 3193 qui
1076 3137 1226 3176 nunc
1250 3121 1318 3175 ad
1338 3120 1497 3176 ﬁdem
1528 3121 1820 3187 accedunt,
1856 3135 1958 3175 nos
1988 3121 2045 3175 in

460 3216 567 3273 ﬁde
592 3216 680 3287 pia
710 3214 998 3279 habemus,
1020 3218 1402 3268 verumtamen
1419 3219 1475 3265 et
1502 3226 1607 3267 nos
1643 3226 1712 3265 ex
1737 3211 2051 3267 inﬁdelibus

461 3324 674 3375 sumus,
714 3317 811 3363 aut
835 3321 939 3362 nos
967 3306 1074 3378 ipsi
1130 3305 1284 3377 prius
1333 3303 1652 3361 inﬁdelibus
1695 3305 2046 3375 exsistentes,

461 3410 556 3459 aut
582 3401 651 3458 de
682 3400 882 3456 talibus
905 3398 1073 3471 geniti
1092 3398 1362 3468 patribus,
1389 3405 1444 3452 et
1470 3411 1664 3453 omnes
1687 3396 1912 3453 advenas
1940 3397 2051 3454 fui-

459 3510 585 3551 mus
612 3494 670 3548 in
722 3500 871 3548 terra
911 3490 1152 3563 Egypti,
1187 3490 1242 3546 id
1284 3498 1388 3554 est,
1443 3489 1502 3543 in
1545 3489 1815 3546 diabolico
1861 3505 2050 3547 errore

460 3595 516 3640 et
544 3583 792 3641 doctrina
819 3580 1195 3637 tenebrarum.
1218 3579 1488 3652 [Egyptus
1516 3580 1663 3635 enim
1688 3581 1932 3647 tenebrw,
1961 3581 2049 3636 vel

461 3676 759 3731 obscuritas
790 3673 1205 3743 interpretatur.
1233 3671 1378 3742 Ergo
1401 3671 1566 3727 nimis
1587 3662 1889 3728 secundum
1905 3681 2048 3728 tem-

459 3782 566 3839 pus
595 3766 806 3823 addidit
838 3784 853 3821 :

529 3860 643 3931 Ego
694 3857 955 3914 Dominus
985 3854 1127 3911 Deus
1155 3863 1347 3910 vester.
1400 3853 1462 3909 ld
1492 3862 1596 3922 est,
1625 3854 1719 3924 qui
1750 3862 1803 3911 et
1830 3866 1930 3912 vos
1976 3856 2048 3913 ab

460 3938 647 4007 errore
664 3949 903 4020 suscepi,
935 3948 1004 4004 de
1035 3962 1144 4018 quo
1176 3945 1376 4001 Paulus
1404 3945 1543 4001 dixit
1568 3963 1581 4000 :
1611 3944 1879 4002 Conclusit
1901 3946 2045 4002 Deus

460 4042 638 4096 omnia
680 4041 774 4095 sub
811 4038 1206 4103 incredulitate,
1234 4046 1295 4092 ut
1347 4038 1590 4093 omnibus
1628 4039 1946 4094 misereatur
1976 4040 2042 4094 “.

530 4132 694 4188 Vens.
725 4132 916 4188 55-57.
962 4150 981 4183 ‹
1008 4129 1188 4185 Nolite
1236 4127 1420 4184 facere
1448 4129 1696 4198 iniquum
1728 4128 1951 4199 aliquid,
1988 4129 2045 4183 in

453 4224 681 4295 iudicio,
709 4222 764 4276 in
794 4222 1000 4294 regula,
1034 4221 1090 4274 in
1112 4220 1375 4291 pondere,
1408 4219 1465 4273 in
1497 4233 1776 4274 mensura.
1827 4220 2045 4275 Statera

454 4316 692 4385 iusta,et
714 4328 869 4384 aequa
900 4311 1013 4366 sint
1038 4311 1307 4381 pondera.
1336 4307 1530 4364 Justus
1559 4308 1797 4374 modius,
1822 4323 2044 4380 aequus-

2146 1102 2297 1167 dnm,
2324 1103 2450 1171 quia
2484 1101 2632 1169 quod
2666 1099 2931 1169 iniustum
2982 1109 3084 1163 est,
3120 1099 3335 1168 ubique
3386 1100 3755 1155 abominabii:

2146 1204 2267 1249 est:
2304 1194 2481 1263 placet
2510 1202 2695 1246 autem
2746 1193 2857 1246 Deo
2905 1205 3124 1260 semper
3152 1192 3306 1260 quod
3380 1193 3615 1263 iustum
3672 1208 3754 1247 est.

2150 1284 2595 1355 l‘rzeterca;quod
2618 1284 2772 1338 diviti
2797 1284 3072 1352 possessio
3106 1283 3245 1354 agri,
3293 1294 3357 1338 et
3412 1286 3629 1340 domus
3672 1300 3750 1343 δεῖ,

2148 1377 2254 1445 hoc
2278 1376 2501 1446 pauperi
2524 1389 2783 1429 mensura
2812 1375 2943 1433 vini,
2979 1384 3033 1428 et
3065 1374 3253 1438 tritici,
3301 1385 3364 1429 et
3418 1378 3597 1445 panis
3643 1395 3747 1445 fisa-

2148 1470 2250 1524 dus
2280 1476 2382 1533 est,
2409 1476 2466 1521 et
2488 1467 2592 1521 alia
2626 1482 2694 1520 ex
2721 1465 2921 1535 quibus
2964 1467 3129 1519 vitam
3160 1467 3572 1533 quotidianam
3607 1470 3747 1523 dect.

2151 1557 2259 1613 Sed
2311 1574 2414 1613 nec
2436 1558 2704 1627 iniustum
2750 1555 2808 1608 in
2832 1556 3041 1625 iudicio
3069 1557 3277 1611 mentis
3309 1558 3623 1619 faciamus,
3672 1576 3747 1612 [τε

2148 1665 2436 1705 mensuras
2460 1658 2516 1704 et
2547 1659 2781 1704 stateras
2836 1650 2978 1719 eius,
3037 1665 3159 1719 qua:
3199 1652 3565 1707 naturaliter
3618 1657 3743 1706 nobs

2148 1745 2310 1799 insita
2332 1752 2421 1800 est
2461 1743 2709 1813 iustitiae,
2774 1759 3194 1813 corrumpamus
3238 1746 3421 1800 aliter
3470 1755 3678 1809 nostra,
3706 1760 3743 1798 rt

2146 1837 2384 1908 proximi
2427 1846 2657 1906 peccata
2688 1836 3019 1906 iudicantes,
3054 1836 3133 1889 ait
3169 1836 3323 1889 enim
3350 1837 3671 1892 Dominus:
3698 1838 3742 1890 Ιι

2146 1931 2471 2002 quojudicio
2516 1927 2882 1996 judicaveritis
2935 1926 3326 1994 judicabimini
3372 1945 3395 1982 :
3455 1939 3509 1983 ct
3556 1931 3612 1982 in
3662 1948 3738 1999 gas

2146 2037 2394 2077 mensura
2423 2022 2589 2074 mensi
2621 2019 2851 2091 fueritis,
2903 2019 3151 2072 metietur
3171 2018 3325 2072 vobis
3349 2020 3429 2072 ⁸³.
3464 2019 3627 2087 ριιοά
3653 2022 3737 2089 ips:

2147 2111 2538 2184 interpretans,
2570 2110 3037 2182 quemadmodum
3065 2109 3299 2165 deberet
3331 2112 3605 2183 intelligi,
3634 2116 3737 2166 sat-

2146 2205 2339 2260 didit:
2384 2203 2524 2270 Quid
2547 2213 2726 2258 autem
2751 2204 2894 2257 vides
2915 2204 3176 2274 festucam
3230 2204 3292 2257 in
3358 2205 3527 2259 ocqu
3582 2208 3739 2275 fratris

2148 2299 2248 2363 tui,
2281 2297 2485 2352 trabem
2508 2306 2707 2361 autem,
2737 2310 2855 2365 qua:
2880 2296 2936 2348 in
2964 2295 3117 2348 oculo
3142 2304 3233 2348 tuo
3259 2306 3367 2361 est,
3398 2312 3513 2350 non
3538 2299 3741 2351 uides“!

2152 2388 2266 2444 Sed
2296 2403 2399 2444 nec
2429 2388 2485 2442 in
2507 2387 2867 2458 ponderibus,
2905 2395 2962 2441 et
3007 2387 3231 2441 stateris
3271 2398 3332 2443 et
3360 2390 3652 2444 mensuris
3678 2392 3741 2445 di-

2146 2481 2290 2537 vinis
2314 2494 2634 2546 noceamus,
2660 2480 2759 2535 sed
2794 2480 2974 2550 justas
3031 2487 3291 2544 steteras,
3326 2491 3390 2535 et
3448 2498 3741 2545 mensuras.

2147 2580 2204 2627 et
2226 2571 2490 2642 pondera,
2525 2558 2579 2625 id
2604 2579 2710 2633 est,
2744 2569 2893 2642 leges
2915 2569 3215 2639 Scriptura;
3239 2570 3463 2628 divina:
3491 2575 3743 2628 custodi:-

2151 2676 2297 2725 mus,
2329 2660 2652 2716 nullatenus
2683 2661 2765 2716 eis
2791 2669 3075 2726 stateram,
3102 2670 3201 2717 aut
3229 2664 3467 2732 pondus
3493 2668 3740 2738 Superin-

2146 2761 2418 2823 ponentes
2455 2752 2740 2822 proprium
2780 2768 2793 2804 :
2831 2761 2887 2806 et
2914 2767 3094 2822 neque
3136 2753 3243 2808 hoc
3281 2755 3443 2824 quod
3478 2757 3743 2820 Plias-isti,

2146 2845 2439 2914 patiamur,
2463 2845 2532 2899 de
2551 2844 2751 2913 quibus
2767 2844 2824 2898 in
2845 2845 3154 2917 Evangeliis
3180 2846 3469 2905 Dominus
3497 2850 3704 2906 dicebat
3728 2889 3741 2903 .

2149 2934 2326 3001 Quare
2350 2937 2789 3007 transgredimini
2819 2938 3077 2991 mandata
3125 2938 3243 3005 Dei,
3305 2954 3540 3012 propter
3590 2947 3745 2998 tradi-

2151 3030 2318 3083 tiones
2348 3037 2547 3084 uestras
2570 3028 2656 3083 ‘7?
2682 3028 2838 3083 Illum
2859 3030 3004 3085 enim
3026 3031 3095 3085 ad
3126 3035 3466 3089 memoriam
3491 3048 3743 3099 nostram,

2150 3122 2246 3193 qui
2274 3123 2392 3177 hare
2422 3122 2642 3179 locutus
2676 3132 2779 3188 est,
2810 3124 2897 3178 lex
2925 3138 3211 3188 revocans,
3232 3125 3534 3181 subdidit:

2218 3213 2335 3284 Ego
2363 3213 2624 3268 Dominus
2651 3215 2793 3269 Deus
2816 3224 3000 3281 vester,
3031 3218 3123 3286 qui
3151 3217 3316 3270 eduxi
3371 3232 3471 3273 vos
3496 3221 3563 3273 de
3618 3232 3744 3275 terra

2146 3303 2389 3375 Egypti.
2417 3302 2895 3361 Custodite‘omnia
2914 3317 3177 3376 prtecepta
3215 3324 3360 3373 mea,
3399 3320 3457 3363 et
3516 3315 3741 3366 nuit-rm

2139 3395 2375 3464 judicia,
2424 3404 2472 3449 et
2525 3396 2686 3466 facile
2722 3413 2807 3450 ea.
2863 3395 3222 3468 Septuaginta
3282 3410 3487 3456 autem
3539 3402 3739 3457 edunt:

2146 3486 2367 3543 Omnem
2394 3487 2557 3558 legem
2578 3503 2775 3555 meam,
2801 3498 2848 3543 et
2880 3490 3060 3543 omnia
3109 3502 3385 3561 pracepta
3442 3512 3567 3549 mea
3591 3513 3610 3549 :
3646 3496 3740 3563 £90

2147 3577 2424 3632 Dominus.
2457 3577 2764 3650 Duplicant,
2803 3580 2914 3652 Ego
2940 3581 3221 3648 Dominus,
3248 3594 3312 3638 ut
3348 3594 3412 3639 tu
3447 3603 3735 3660 cognosce-

2147 3685 2257 3736 res,
2285 3670 2414 3741 quia
2442 3673 2534 3742 qui
2569 3686 2673 3727 nos
2699 3673 2768 3728 de
2805 3681 2951 3728 terra
2975 3673 3193 3747 Egypti
3223 3678 3525 3736 sensibilis
3542 3684 3729 3744 eduxit,

2148 3771 2280 3818 tunc
2305 3764 2484 3835 legem
2505 3764 2663 3829 dans,
2687 3764 2807 3834 ipse
2834 3780 2983 3821 nunc
3005 3766 3074 3821 de
3114 3767 3464 3841 intelligibili
3525 3773 3729 3845 Egypt)

2148 3855 2505 3926 Evangelium
2535 3855 2842 3926 prmdicans
2894 3856 3164 3915 liberavit.
3234 3857 3403 3917 Unde
3460 3875 3729 3936 postquam

2144 3947 2281 4001 dixit
2304 3947 2607 4002 secundum
2640 3945 3002 4019 Septuaginta
3032 3967 3045 4002 :
3094 3950 3380 4007 Custodite
3410 3972 3624 4011 om
3668 3958 3723 4010 ιι·-

2145 4056 2262 4113 gem
2284 4057 2478 4107 meam,
2497 4041 2790 4111 oportebat
2813 4041 3085 4108 sutlicere,
3110 4046 3296 4099 omnia
3321 4049 3482 4103 enim
3500 4052 3587 4107 lex
3602 4067 3723 4106 com-

2144 4131 2430 4203 plectitur,
2454 4131 2663 4187 addidit
2711 4141 2896 4188 antem
2926 4150 2942 4186 :
2975 4133 3043 4188 Et
3079 4137 3260 4190 omnia
3290 4154 3573 4213 prcecepta
3594 4160 3718 4202 nec;

2143 4240 2257 4280 non
2275 4224 2500 4295 iudicia,
2528 4233 2623 4279 aut
2639 4225 3081 4294 iustificationes,
3130 4237 3227 4282 aut
3258 4232 3609 4301 testimonia,
3625 4252 3717 4305 qu:

2146 4316 2226 4372 sic
2258 4316 2521 4386 appellari
2549 4331 2652 4386 per
2703 4317 2881 4390 legem
2928 4316 3095 4389 Moysi
3148 4336 3595 4391 consueverunt,
3645 4331 3714 4382 sel

456 4421 567 4475 que
626 4404 919 4459 sextarius.
989 4403 1102 4473 Ego
1158 4400 1423 4455 Dominus
1486 4399 1629 4453 Deus
1686 4409 1898 4466 vester,
1946 4400 2040 4470 Qui
2075 4420 2119 4481 ι)
2146 4415 2409 4477 prwcepta
2449 4422 2589 4467 mea,
2634 4408 2952 4476 evangelica
3008 4410 3265 4464 mandata
3329 4412 3712 4477 demonstrans,

458 4496 620 4552 eduxi
641 4510 738 4551 vos
765 4495 834 4551 de
852 4502 998 4548 terra
1016 4490 1256 4565 Egypti.
1300 4490 1588 4547 Custodite
1617 4491 1801 4544 omnia
1832 4505 2041 4560 prm-

456 4596 552 4657 pta
579 4601 721 4652 mea,
752 4593 808 4640 et
837 4570 1093 4640 univeéa
1136 4581 1363 4655 judicia,
1386 4589 1442 4637 et
1474 4579 1635 4636 facite
1658 4595 1743 4636 ea.
1782 4579 1891 4652 Ego
1948 4581 2046 4636 Do-

457 4679 658 4733 minus.
699 4695 719 4729 ι

530 4772 737 4828 Similis
781 4780 867 4828 est
922 4771 1089 4827 etiam
1144 4770 1262 4825 haec
1317 4768 1528 4824 sanctio
1583 4767 2039 4838 praecedentibus,

456 4865 674 4936 quando
697 4872 818 4935 post
835 4865 1047 4918 lucrum
1062 4862 1259 4917 litteras
1274 4860 1395 4932 eius
1418 4859 1583 4914 etiam
1613 4858 1866 4930 spiritum
1896 4873 2041 4928 pra:-

458 4956 680 5011 scrutati
703 4954 987 5011 fuerimus.
1014 4953 1134 5008 Non
1170 4966 1301 5021 ergo
1336 4949 1455 5005 fieri
1490 4957 1745 5018 oportere
1775 4948 2042 5018 iniustum

456 5044 514 5099 in
540 5046 767 5116 iudicio,
802 5044 859 5099 in
889 5039 1327 5112 prmcedentibus
1367 5038 1649 5109 pmcepit,
1690 5053 1834 5093 nunc
1856 5048 2042 5092 autem

458 5152 562 5191 nec
584 5136 636 5189 in
661 5134 933 5190 mensuris
958 5131 1160 5200 iniuste
1215 5146 1394 5202 agere,
1420 5145 1523 5184 nec
1553 5131 1607 5183 in
1627 5131 1889 5201 pondere,
1937 5145 2042 5185 nec

460 5225 515 5279 in
546 5227 761 5282 stateris
777 5223 1036 5296 praecepit
1070 5239 1083 5275 :
1122 5236 1192 5276 ne
1219 5220 1359 5276 forte
1396 5220 1482 5275 bis
1512 5221 1667 5292 ipsis,
1707 5236 1829 5292 qua:
1885 5222 2040 5292 quasi

461 5317 676 5373 termini
699 5325 829 5370 sunt
851 5315 1097 5386 iustitiae,
1151 5313 1219 5368 ad
1259 5312 1584 5381 iniustitiam
1631 5323 1869 5368 utamur.
1929 5312 2038 5370 Pro

459 5402 872 5464 terminis’cmm
897 5404 1140 5477 iustitiae,
1184 5404 1569 5472 vendentibus,
1619 5415 1676 5461 et
1703 5408 2032 5472 ementibus,

2149 4513 2272 4568 qua:
2296 4512 2362 4553 cx
2396 4498 2721 4554 auctoritate
2751 4499 3018 4554 Dominus
3046 4504 3328 4573 praecepit.

2744 4657 2973 4714 CAPUT
3012 4658 3129 4714 XX.

2220 4771 2384 4828 Vens.
2416 4774 2535 4830 1-5.
2575 4794 2594 4827 ι
2631 4774 2981 4845 Locutusque
3028 4785 3115 4830 est
3139 4774 3709 4853 DominnsadMoy-sro

2149 4864 2340 4921 dicens
2377 4864 2544 4922 :Htec
2573 4867 2799 4936 loquere
2825 4866 2951 4923 (iliis
2974 4867 3143 4924 lsrael
3173 4887 3185 4921 :
3247 4867 3433 4925 Homo
3482 4870 3557 4926 de
3618 4871 3710 4927 litiis

2143 4951 2334 5020 lsrael,
2366 4963 2422 5011 et
2450 4956 2517 5011 de
2542 4955 2787 5021 advenis,
2813 4958 2907 5026 qui
2960 4958 3209 5013 habitant
3237 4959 3292 5013 in
3311 4958 3505 5027 lsrael,
3539 4962 3586 5017 si
3618 4962 3713 5033 quis

2145 5044 2358 5102 dederit
2380 5048 2447 5103 de
2471 5048 2684 5105 semine
2710 5056 2813 5105 suo
2844 5050 2993 5106 idolo
3050 5050 3287 5119 Molocb,
3319 5064 3500 5109 morte
3536 5059 3709 5111 moria-
3792 5102 3793 5117 χ

2145 5144 2255 5189 tur.
2302 5138 2545 5208 Populus
2576 5148 2737 5196 terrae
2767 5138 3034 5212 lapidabit
3060 5159 3206 5211 eum,
3267 5154 3327 5200 et
3376 5159 3481 5218 ego
3542 5163 3709 5219 ponam

2143 5225 2338 5281 faciem
2399 5244 2575 5284 meam
2628 5241 2816 5287 contra
2858 5233 3029 5300 illum,
3088 5235 3482 5308 succidamque
3513 5241 3705 5295 cumis

2144 5319 2327 5373 medio
2344 5321 2529 5391 populi
2557 5322 2662 5387 sui,
2692 5338 2758 5379 eo
2799 5326 2946 5394 quod
3000 5326 3215 5381 dederit
3255 5327 3324 5382 de
3360 5330 3581 5385 semine
3627 5345 3704 5385 suo

2144 5409 2378 5480 Moloch,
2437 5416 2969 5473 etcontaminavcrit
2997 5420 3371 5493 sanctuarium
3404 5438 3611 5491 meum,
3653 5438 3701 5476 ac

530 5610 584 5687 ‘_'_
604 5611 768 5687 Hebr.
791 5627 902 5687 xu,
922 5609 1013 5676 ‘22,
1034 5609 1125 5665 25.
1204 5611 1247 5642 ⁶¹
1281 5608 1468 5666 Matth.
1514 5628 1667 5682 χχιιι,
1697 5613 1749 5667 4.
1826 5613 1871 5645 ⁸⁸
1891 5612 2011 5667 Act.

2168 5614 2252 5668 tt).
2334 5615 2798 5682 "‘Rom.xt,22.
2878 5618 3141 5674 “Matth.
3176 5636 3273 5687 vn,
3306 5622 3363 5677 9..
3448 5624 3702 5680 "usus
3792 5604 3793 5663 ἒ

463 5670 503 5698 ⁸⁷
542 5679 728 5735 Matth.
764 5670 927 5748 xv,5.
