3810 6318
58 399 221 468 1041

1232 401 1316 462 IN
1350 399 1792 463 LEVITICUM.
1824 421 1894 434 -
1934 397 2081 460 LIB.
2116 396 2218 458 VI.

3212 389 3349 454 105.2

47 514 335 589 polluerit
365 527 565 569 nomen
594 514 847 569 sanctum
870 507 1075 569 meum.
1100 512 1241 581 Quid
1269 514 1315 570 si
1376 514 1661 586 negligens
1692 521 1734 574 Α
1764 512 2127 575 consuetudo,
2162 517 2221 564 et
2246 507 2442 579 bisqui
2465 507 2521 562 in
2567 522 2758 564 errore
2813 507 3032 563 illorum
3085 505 3349 563 labeban-

44 609 312 679 populus
360 614 536 670 teme,
589 613 646 659 et
695 605 851 675 quasi
907 606 1313 677 parvipendens
1368 606 1657 676 imperium

44 712 277 762 incum,
297 695 565 751 dimiserit
594 696 896 763 hominem,
926 698 1020 767 qui
1052 698 1203 752 dedit
1223 698 1291 753 de
1313 698 1524 752 semine
1555 711 1657 752 suo

46 789 306 853 Moloch,
345 802 447 842 nec
471 787 705 842 voluerit
727 788 878 842 illum
914 789 1184 854 occidere,
1219 805 1420 859 ponam
1461 787 1656 844 faciem

44 894 249 933 meam
281 893 450 947 super
491 877 772 932 hominem
803 878 974 944 illum,
1025 887 1081 934 et
1106 879 1485 951 cognationem
1517 879 1656 947 ejus,

43 972 459 1042 succidamque
488 970 688 1041 ipsum,
715 978 769 1025 et
799 986 993 1026 omnes
1028 971 1122 1041 qui
1154 978 1556 1026 consenserunt
1583 970 1655 1035 ei,

47 1074 121 1119 ut
192 1063 602 1119 fornicarentur
654 1078 779 1119 cum
854 1062 1065 1119 Moloch
1113 1065 1180 1119 de
1226 1064 1408 1119 medio
1472 1061 1660 1134 populi

43 1156 235 1212 sui!»
541 1222 547 1229 _

128 1242 316 1315 Cujus
351 1243 430 1298 rei
449 1242 621 1315 gratia
650 1242 719 1297 de
744 1240 944 1298 iisdem
1002 1242 1110 1308 bis,
1164 1253 1220 1298 et
1245 1252 1333 1299 ter
1366 1243 1660 1314 aliquando

45 1336 153 1391 lex
194 1336 479 1407 praecepit,
498 1335 817 1406 frequenter
855 1337 911 1390 in
941 1338 1381 1406 praecedentibus
1397 1338 1656 1401 diximus,

44 1429 197 1499 quia
223 1436 447 1499 prepter
483 1429 804 1484 memoriam
830 1430 1127 1501 legentium
1162 1431 1267 1485 hoc
1290 1430 1471 1485 faciat.
1504 1430 1661 1485 Unde

47 1520 240 1574 etiam
273 1520 641 1590 recapitulans
660 1521 913 1576 mandata
942 1537 1082 1577 nova
1109 1522 1359 1593 quaidam
1389 1522 1470 1577 eis
1496 1521 1664 1576 inter-

48 1608 244 1673 serit,
301 1616 494 1664 utnon
526 1609 804 1680 superﬂua
848 1610 1102 1666 videatur
1153 1611 1331 1682 legum
1382 1610 1659 1681 repetitio,

50 1709 116 1752 ct
144 1698 512 1768 inquisitione
533 1715 825 1767 novorum,
848 1700 1014 1755 etiam
1045 1701 1415 1756 anterioribus
1457 1701 1664 1756 studio-

52 1790 185 1844 sius
223 1790 593 1845 intendamus.
629 1790 800 1862 Hujus
822 1792 897 1846 rei
929 1791 1099 1863 gratia
1128 1793 1374 1848 actiones
1401 1793 1660 1862 quasdam

1769 611 1877 667 tur,
1913 603 1981 659 de
2007 602 2206 673 quibus
2253 601 2399 663 Deus
2430 617 2530 672 per
2575 600 2775 657 Oscam
2813 598 2953 655 dicit
2995 615 3010 653 :
3069 597 3208 665 Quia
3258 599 3351 653 isti

1765 712 1884 750 cum
1912 695 2216 766 fornicariis
2239 674 2734 763 corrumpebantur,
2769 701 2819 749 et
2853 709 2974 747 cum
3034 692 3348 762 effeminatis

1760 787 2159 856 sacrificabant,
2185 785 2377 856 polluit
2404 784 2503 840 Dei
2555 796 2739 840 sancta
2761 786 2825 839 ".
2865 782 3186 850 Quomodo?
3218 782 3349 853 quia

1763 878 1959 949 polluit
1974 892 2174 932 nomen
2202 886 2451 937 sanctum
2479 877 2620 947 ejus.
2654 875 2727 931 Ut
2758 875 2908 931 enim
2942 875 3233 946 imaginem
3250 873 3349 929 Dei

1762 970 2073 1041 percipiens
2108 970 2273 1025 homo
2291 969 2488 1035 sancti,
2518 976 2577 1024 et
2609 969 2665 1024 in
2697 968 2903 1023 sanctis
2927 967 3345 1039 requiescentis,

1762 1071 1987 1119 sanctus
2011 1071 2163 1119 recte
2192 1072 2249 1118 et
2297 1061 2674 1118 sanctiﬁcatus
2702 1061 2799 1128 illi,
2830 1061 2989 1130 cujus
3020 1061 3188 1115 habet
3209 1060 3349 1115 ima—

1763 1152 1965 1224 ginem,
1987 1153 2210 1209 dicitur.
2247 1152 2597 1209 Contamiuat
2629 1167 2779 1223 ergo,
2803 1160 2860 1206 et
2893 1150 3087 1222 polluit
3144 1165 3351 1206 nomen
3408 1198 3417 1209 .
3455 1131 3461 1139 ’

1762 1246 1903 1316 ejus,
1921 1245 2016 1316 qui
2037 1246 2088 1301 ci
2112 1246 2263 1301 dedit
2286 1245 2601 1316 imaginem,
2637 1252 2696 1299 et
2745 1259 2845 1314 per
2873 1243 3016 1299 hanc
3044 1242 3222 1323 ipsum
3254 1241 3350 1311 qui

1760 1334 2145 1401 sanetilicavit,
2169 1336 2335 1404 quiet
2361 1334 2611 1405 spiritum
2643 1334 2771 1388 vitae
2828 1334 2879 1388 ei
2906 1347 2973 1387 ex
3031 1347 3128 1387 sua
3176 1330 3351 1402 gratia

1763 1423 2078 1490 insulﬁavit,
2106 1425 2231 1495 quia
2263 1424 2464 1495 spiritu
2490 1424 2657 1487 malo,
2710 1433 2769 1479 et
2821 1426 3058 1479 adverso
3088 1421 3202 1476 Deo
3234 1435 3355 1476 cor-

1765 1517 2056 1588 rumpitur,
2103 1525 2161 1571 ct
2212 1515 2551 1571 Dominicam
2608 1513 2903 1585 imaginem
2942 1512 3011 1567 in-
3040 1512 3352 1566 daemonum

1765 1606 2089 1662 servitutem
2112 1605 2329 1677 redigit,
2367 1606 2725 1677 regalemque
2742 1602 3093 1674 margaritam
3116 1614 3146 1655 a
3171 1602 3354 1671 porcis

1764 1699 2033 1769 permittit
2066 1698 2254 1769 pollui.
2293 1698 2442 1753 idem
2482 1705 2573 1753 est
2594 1704 2651 1752 et
2677 1695 2929 1766 quisquis
2943 1694 3010 1750 de
3027 1692 3354 1765 cognatione

1767 1800 1822 1846 et
1851 1792 1921 1848 de
1949 1791 2198 1848 doctrina
2223 1807 2321 1846 sua
2355 1781 2804 1855 avaritiaeoll‘ert,
2828 1796 2888 1844 et
2939 1786 3006 1842 ad
3063 1785 3354 1843 avaritiam

55 1881 123 1934 in
160 1880 462 1950 praeteritis
503 1881 831 1952 prohibens,
885 1898 1078 1954 ptenas
1133 1899 1324 1939 earum
1345 1883 1537 1949 tacuit,
1600 1894 1659 1940 ut
1693 1867 1732 1921 Β
1757 1886 2021 1956 operibus
2045 1895 2139 1940 aut
2156 1884 2337 1940 verbis
2367 1879 2707 1939 censuefacit
2722 1896 2870 1947 eum,
2911 1880 3006 1951 qui
3027 1892 3355 1950 quocunque

53 1989 195 2043 qum
227 1974 301 2028 sit
336 1973 475 2041 haec,
492 1975 579 2030 vel
597 1976 773 2046 qualis
802 1985 1131 2047 quaerentes,
1165 1993 1230 2033 ea
1258 1994 1380 2049 quae
1427 1979 1660 2034 inferius

54 2065 279 2130 sancit,
325 2075 680 2123 scrutemur:
730 2069 786 2123 in
831 2069 920 2123 his
950 2069 1099 2125 enim
1151 2085 1343 2141 poenas
1406 2071 1659 2136 inseruit,

59 2174 213 2226 quas
239 2166 372 2213 tunc
398 2160 769 2229 praetermisit.
803 2160 942 2217 Olim
983 2177 1115 2235 ergo
1152 2164 1451 2232 prohibens
1479 2164 1548 2220 de
1573 2179 1662 2219 se-

62 2249 229 2303 mine
257 2264 356 2304 suo
376 2250 604 2317 Moloch,
631 2253 746 2307 sive
771 2254 1075 2310 secundum
1111 2255 1471 2327 Septuaginta
1498 2255 1664 2310 Prin-

63 2341 185 2410 εἱρὶ
221 2340 361 2395 dari.
398 2341 526 2397 Erat
546 2352 727 2399 autem
758 2345 867 2400 hoc
896 2345 1024 2399 idoli
1067 2347 1355 2417 cujusdam
1406 2347 1491 2402 vel
1550 2348 1665 2404 dae-

69 2433 272 2490 monis
304 2449 525 2503 nomen,
551 2439 851 2494 secundum
914 2440 1062 2509 quod
1118 2438 1436 2511 Stephanus
1500 2444 1668 2498 Amos

69 2526 394 2582 introduxit
454 2529 772 2587 dicentem:
836 2531 905 2586 Et
963 2533 1231 2602 recepistis
1271 2534 1669 2589 tabernaculum

72 2617 315 2680 Molocli,
341 2628 390 2673 et
413 2622 556 2676 sidus
591 2622 688 2677 Dei
732 2627 891 2679 vestri
939 2624 1250 2695 Rempltam,
1281 2627 1481 2696 ﬁguras
1536 2643 1669 2698 quas

71 2710 305 2780 fecistis,
342 2722 402 2766 ut
428 2715 658 2785 adoretis
687 2733 776 2771 eas
801 2718 867 2772 ⁸⁸.
918 2718 1076 2772 Nunc
1104 2733 1235 2789 ergo
1263 2718 1499 2789 idipsum
1557 2736 1672 2776 rur-

74 2814 177 2854 sus
213 2811 554 2867 contestans,
583 2806 786 2873 quibus
812 2808 996 2864 verbis
1024 2823 1183 2864 orsus
1210 2808 1283 2865 sit
1310 2811 1530 2867 exordia
1568 2812 1666 2866 hu-

70 2888 168 2960 jus
193 2890 333 2964 legis
357 2896 611 2952 audistis.

154 2984 490 3054 Locutusque
523 2999 601 3043 est
621 2990 882 3046 Dominus
941 2994 1013 3047 ad
1038 2994 1244 3063 Moysen
1274 2997 1449 3051 dicem
1478 3017 1496 3054 :
1545 2998 1671 3054 lltec

73 3075 303 3146 loquere
328 3078 451 3144 ﬁliis
476 3080 666 3135 Israel.
696 3081 851 3148 Quod
876 3082 1231 3157 Septuaginta
1265 3087 1580 3154 ediderunt,
1621 3099 1671 3145 et

60 3168 212 3236 ﬁliis
228 3168 403 3223 Israel
440 3171 670 3242 loquere.
705 3173 825 3227 Non
870 3175 976 3230 hoc
1008 3176 1215 3231 dictum
1250 3187 1337 3233 est
1359 3180 1515 3249 quasi
1578 3181 1669 3235 alii

73 3260 325 3315 fuissent
360 3262 561 3332 quibus
587 3265 952 3334 praecedentia
1005 3278 1278 3335 sanxerat,
1328 3271 1423 3325 sed
1481 3280 1672 3325 osten-
1699 3252 1742 3274 “

77 3352 222 3408 dens
261 3352 390 3421 quia
425 3353 530 3408 hoc
562 3356 852 3423 personale
882 3357 1198 3412 mandatum
1228 3368 1520 3428 propterea
1538 3375 1670 3415 con-

75 3447 410 3499 tra'omnes
463 3446 729 3510 dilatavit,
781 3449 907 3518 quia
958 3458 1246 3519 peccatum
1298 3447 1673 3523 contra'quod

77 3537 572 3592 comminationem
603 3549 927 3609 praesentem
987 3541 1233 3609 protulit,
1282 3550 1495 3596 tantum
1553 3543 1673 3598 aliis

77 3629 486 3685 exsecrabilius
508 3638 613 3694 est,
645 3641 705 3687 ut
729 3632 834 3686 alia
864 3633 1083 3703 quidem
1129 3642 1350 3702 peccata
1372 3636 1519 3690 solos
1542 3651 1672 3705 pec-

78 3731 285 3777 cantes
322 3737 446 3777 rcos
475 3723 649 3792 pinnis
677 3724 978 3788 allicerent,
1023 3725 1128 3780 hoc
1155 3735 1339 3780 autem
1365 3733 1422 3780 et
1457 3742 1552 3780 eos
1579 3727 1674 3796 qui

81 3814 452 3884 neglexerunt
483 3825 820 3883 peccantem,
844 3816 1195 3886 judicemque
1224 3818 1294 3881 ei,
1325 3817 1420 3871 sed
1449 3826 1505 3871 et
1531 3818 1676 3872 ulto-

84 3919 226 3969 rem,
249 3919 360 3957 non
389 3904 566 3959 solum
584 3906 858 3977 principes
884 3908 1090 3978 populi,
1111 3908 1204 3963 sed
1226 3917 1283 3963 et
1308 3915 1473 3963 totam
1494 3908 1669 3979 Syna-

81 4012 285 4068 gogam
317 4038 331 4061 ,
367 4008 423 4052 et
456 3999 717 4068 populum
767 3999 914 4054 facit.
970 3998 1204 4070 Papulas
1264 4000 1432 4066 enim,
1471 4001 1668 4070 inquit,

88 4099 249 4145 terra:
272 4089 530 4159 lapidabit
559 4107 699 4145 eum.
731 4090 843 4146 Nec
874 4092 960 4146 his
991 4100 1290 4146 contentus
1315 4091 1523 4147 addidit
1551 4106 1566 4144 :

159 4180 232 4234 Et
283 4196 376 4251 ego
398 4196 592 4248 ponam
619 4182 810 4252 faciem
856 4198 1029 4237 meam
1061 4191 1246 4236 contra
1275 4180 1448 4248 illum,
1507 4182 1678 4235 succi-

87 4259 475 4339 damque'eum
510 4270 574 4324 de
596 4271 766 4324 medio
786 4271 968 4341 populi
1015 4273 1119 4325 sui.
1172 4273 1276 4326 Per
1329 4271 1436 4325 hoc
1487 4286 1679 4325 omnes

88 4364 334 4432 erigens,
349 4371 404 4417 et
419 4377 719 4432 provocans
742 4373 931 4419 contra
946 4380 1092 4430 eum,
1107 4365 1198 4432 qui
1215 4363 1340 4419 talia
1358 4363 1637 4418 commisit
1662 4381 1676 4417 :

93 4455 188 4506 sed
220 4462 278 4508 et
302 4462 565 4508 terrorem
592 4453 857 4519 indicens,
890 4454 935 4509 si
966 4455 1322 4525 neglexerint,
1354 4462 1409 4508 ct
1430 4470 1540 4508 non
1554 4469 1679 4509 cum

94 4545 281 4599 studio
312 4553 640 4614 praeceptam
674 4561 893 4615 ptenam
954 4546 1068 4601 suis
1098 4547 1150 4600 in
1181 4562 1301 4601 eam
1329 4548 1680 4603 exercuerim

97 4637 375 4699 inanibus,
434 4645 620 4707 utpote
670 4637 725 4691 in
780 4647 990 4692 tantum
1061 4639 1201 4693 irato
1264 4640 1395 4704 Deo,
1449 4648 1511 4694 ut
1568 4640 1685 4711 ipse

97 4737 292 4797 aperte
324 4729 643 4798 praedictam
688 4730 1017 4786 sententiam
1063 4740 1253 4787 contra
1311 4747 1436 4787 eum
1491 4731 1682 4798 ferret,

97 4833 200 4873 cur
221 4829 401 4874 autem
415 4820 440 4872 ?

171 4911 309 4978 Quia
327 4915 390 4968 de
416 4915 616 4969 semine
647 4930 742 4970 suo
771 4914 914 4969 dedit
943 4913 1165 4978 Moloclt,
1205 4922 1263 4967 ut
1302 4916 1685 4970 contaminaret

97 5008 466 5060 sanctuarium
518 5009 713 5073 meum,
764 5014 822 5061 et
866 5006 1123 5075 pollueret
1196 5020 1385 5058 nomen
1446 5018 1687 5061 sanctum

102 5110 298 5148 meum.
323 5097 647 5166 Quicunque
674 5098 823 5153 enim
872 5095 1041 5150 ﬁlium
1095 5099 1192 5148 aut
1235 5101 1551 5164 cognatum,
1594 5104 1689 5150 aut

102 5182 455 5252 discipuium,
486 5196 581 5240 aut
626 5187 887 5251 amicum,
934 5192 1029 5238 aut
1077 5197 1460 5253 quemcunque
1487 5183 1555 5239 de
1588 5199 1688 5239 suo

105 5274 338 5339 semine,
376 5276 462 5329 vel
481 5279 822 5346 cognatione,
879 5286 973 5331 aut
1004 5277 1276 5341 doctrina,
1308 5275 1544 5345 principi
1585 5290 1688 5331 8:12-

100 5365 213 5418 cnli
248 5368 431 5434 hujus,
454 5368 546 5437 qui
578 5383 725 5424 nunc
775 5378 1031 5440 operatur
1074 5370 1131 5423 in
1208 5368 1330 5424 (iliis
1377 5367 1692 5424 diffidentia:

106 5456 344 5525 dederit,
368 5475 575 5515 vovens
607 5477 729 5515 cum
747 5470 803 5516 et
837 5476 1166 5518 consecrans
1186 5460 1543 5525 daunonibns,
1602 5459 1693 5513 hic

109 5551 333 5621 quidem
368 5553 435 5608 ad
467 5568 621 5607 sacra
653 5553 996 5618 dmmonum,
1030 5553 1167 5607 alter
1186 5561 1369 5607 autem
1399 5553 1560 5607 mista
1608 5552 1691 5606 vi-

112 5641 198 5697 rili
227 5644 583 5715 muliebriquc
609 5644 743 5711 vita,
771 5651 1060 5712 utrumque
1119 5644 1266 5697 enim
1307 5653 1422 5698 erat
1467 5643 1688 5714 paganis

185 5782 229 5853 “f'
248 5788 413 5841 Amos
441 5805 495 5852 v,
523 5788 628 5853 26;
663 5788 785 5843 Act.
811 5801 908 5853 vn,
942 5785 1031 5839 45.

120 5840 163 5871 η
185 5784 413 5871 “sentos
441 5788 628 5871 v,‘2_6;
663 5788 785 5843 Act.
811 5801 908 5853 vn,
942 5785 1031 5839 45.
1125 5786 1166 5818 ⁸³
1208 5784 1344 5842 Osce
1377 5803 1448 5851 ιν,
1487 5786 1569 5839 η,

107 5852 163 5932 ’⁷⁸
191 5852 385 5924 Ephcs.
418 5874 469 5924 ν,
508 5857 594 5911 ll.

1674 5785 1717 5816 το
1742 5784 1758 5838 Ι
1785 5781 1925 5836 Tim.
1985 5796 2058 5843 γι,
2094 5778 2189 5845 i0;

1760 1977 1924 2033 modo
1977 1975 2283 2046 discipulus
2339 1975 2483 2045 ejus,
2547 1962 2633 2029 vel
2681 1982 2948 2045 cognatus
2988 1980 3095 2037 est,
3125 1985 3351 2027 servum

1762 2086 1889 2127 eum
1919 2070 2253 2135 daemonum,
2284 2069 2544 2124 devotum
2599 2067 2763 2123 idolis
2791 2066 2909 2123 sive
2969 2072 3355 2120 consecratum

1762 2163 2102 2235 militemque
2134 2163 2353 2235 maligni
2379 2160 2640 2232 principis
2662 2159 2827 2230 hujus
2850 2157 3032 2213 smculi
3064 2155 3306 2211 alliciens
3336 2169 3351 2207 :

1763 2256 1942 2311 Radix
1965 2257 2105 2311 enim
2129 2256 2365 2310 omnium
2411 2253 2679 2308 malorum
2731 2251 3063 2316 auaritia";
3117 2262 3234 2320 quae
3277 2255 3354 2301 est

1765 2348 2029 2402 idolorum
2054 2350 2276 2403 servitus
2299 2349 2369 2401 “.
2397 2347 2639 2402 Dicimus
2682 2354 2866 2400 autem
2896 2344 3004 2398 hoc
3069 2342 3248 2411 ipsum
3298 2346 3355 2394 et

1766 2449 1958 2495 contra
1987 2454 2084 2496 eos
2116 2441 2208 2511 qui
2241 2437 2570 2496 adulterium
2602 2437 2822 2499 docent,
2874 2438 3230 2505 suggerentes
3252 2443 3351 2483 ne-

1767 2533 1931 2589 farias
1966 2534 2234 2600 actiones,
2261 2533 2554 2589 suadentes
2592 2527 3015 2601 turpitudinem,
3042 2526 3354 2597 polluentes

1769 2636 1961 2683 sancta
1984 2628 2100 2694 Dei,
2133 2628 2188 2684 id
2215 2637 2325 2692 est,
2380 2628 2720 2699 signatorum
2771 2624 2883 2680 Deo
2924 2635 3181 2692 corpora,
3218 2633 3357 2688 quo-

1769 2736 1892 2775 rum
1925 2734 2057 2776 caro
2081 2721 2342 2790 templum
2370 2720 2490 2786 Dei,
2532 2727 2591 2774 et
2613 2717 2850 2789 Spiritus
2877 2713 3053 2770 sancti
3082 2716 3167 2768 est
3196 2709 3356 2766 habi-

1770 2813 2031 2867 taculum.
2071 2810 2230 2867 Unde
2267 2821 2333 2866 et
2377 2811 2623 2881 polluere
2673 2817 2820 2865 recte
2844 2821 3047 2862 nomen
3105 2812 3355 2859 sanctum

1771 2904 2051 2967 dicuntur,
2086 2903 2202 2959 sive
2232 2903 2536 2959 secundum
2562 2900 2944 2972 Septuaginta,
2991 2896 3354 2965 sanctiﬁcato-

1772 3014 1909 3060 rum,
1940 2997 2068 3066 quia
2101 3012 2171 3051 ex
2193 2994 2325 3061 uno,
2360 3004 2456 3051 aut
2483 2995 2719 3058 duobus,
2744 3001 2839 3048 aut
2880 2990 3130 3062 pluribus
3172 2987 3357 3042 forsan

1773 3087 2258 3154 abominabilibus,
2295 3088 2540 3141 omnium
2585 3092 2901 3140 sanctorum
2935 3082 3029 3136 Dei
3084 3098 3098 3134 :
3157 3079 3248 3150 qui
3302 3078 3358 3132 in

1773 3192 1841 3232 eo
1869 3178 2240 3243 crediderunt,
2264 3186 2320 3233 et
2350 3178 2613 3244 ﬁdelium,
2650 3173 3100 3230 manifestissime
3147 3170 3357 3225 abomi-

1777 3269 1961 3325 nabile
1983 3285 2185 3325 nomen
2209 3277 2264 3324 et
2293 3270 2725 3324 contaminatum
2784 3265 2929 3320 inter
2961 3262 3210 3318 homines
3236 3259 3355 3316 em-

1776 3360 1938 3424 citur,
1973 3360 2097 3414 talia
2119 3369 2178 3414 et
2207 3360 2275 3415 dc
2298 3360 2512 3414 caeteris
2536 3356 2962 3426 conjicientibus
2993 3355 3080 3409 his
3106 3353 3197 3423 qui
3222 3352 3358 3407 foris

1778 3459 1928 3515 sunt,
1965 3450 2020 3504 in
2051 3450 2230 3519 qualia
2248 3452 2512 3519 quasdam
2541 3449 2797 3503 viderunt
2835 3446 3192 3500 luxuriantes.
3221 3442 3358 3496 Pro-

1778 3550 1962 3610 pterea
1995 3554 2089 3595 eos
2122 3541 2214 3609 qui
2245 3542 2323 3595 sic
2349 3541 2490 3594 mala
2544 3549 2601 3594 et
2647 3536 3034 3594 abominabilia
3075 3533 3357 3604 operibus.

1775 3644 1874 3688 aut
1910 3635 2092 3689 verbis
2123 3634 2342 3696 docent,
2364 3650 2474 3688 non
2490 3634 2656 3688 unius
2684 3632 2964 3703 praecepit,
2992 3631 3089 3686 sed
3112 3630 3356 3685 omnium

1775 3725 1960 3796 puniri
1980 3725 2278 3781 manibus:
2311 3731 2504 3796 utpote
2526 3724 2772 3780 omnium
2793 3723 3051 3777 inimicus
3080 3731 3136 3776 et
3165 3722 3361 3776 adver-

1779 3816 1957 3871 sarius
2011 3826 2067 3872 et
2097 3819 2344 3871 omnium
2405 3816 2612 3888 gloria},
2674 3816 2823 3871 sicut
2876 3814 3195 3885 praedictum
3251 3820 3358 3878 est,

1777 3917 2064 3964 nocentes.

1850 3998 2000 4065 Quod
2040 4001 2085 4054 si
2130 3999 2392 4070 negligens
2440 3999 2664 4068 populus
2715 4006 2887 4064 terra,
2920 4008 2968 4052 et
3014 3997 3167 4067 quasi
3208 3996 3361 4065 parvi

1780 4094 2008 4162 pendens
2035 4092 2312 4161 imperium
2347 4106 2518 4144 meum
2541 4090 2796 4143 dimiserit
2824 4090 3105 4151 hominem,
3142 4089 3232 4158 qui
3267 4088 3361 4141 de-

1782 4184 1918 4237 derit
1950 4183 2013 4236 de
2048 4184 2244 4237 semine
2281 4197 2375 4235 suo
2400 4180 2618 4247 Moloch,
2651 4197 2742 4234 nec
2771 4180 2992 4234 voluerit
3033 4179 3186 4233 illum
3223 4181 3361 4233 occi-

1782 4276 1924 4330 dere.
1957 4275 2017 4330 ld
2043 4288 2147 4341 est,
2173 4274 2217 4329 si
2245 4274 2323 4341 hi,
2354 4274 2446 4344 qui
2471 4273 2706 4328 enutriti
2740 4281 2868 4328 sunt
2897 4273 2953 4327 in
2984 4271 3232 4336 scientia,
3260 4287 3363 4326 ne-

1783 4366 2052 4439 glexerint
2089 4382 2214 4421 eum
2246 4367 2336 4436 qui
2384 4366 2508 4420 talia
2538 4366 2697 4421 docet
2734 4382 2749 4420 :
2786 4365 2904 4419 ltu-c
2937 4371 3022 4419 est
3053 4364 3198 4419 enim
3240 4379 3365 4419 vera

1785 4468 1841 4515 et
1863 4469 2011 4515 recta
2039 4469 2203 4522 terra,
2232 4460 2299 4515 de
2324 4474 2430 4529 qua
2459 4458 2535 4514 ait
2558 4458 2725 4514 David
2758 4475 2773 4512 :
2803 4457 3033 4528 Spiritus
3059 4467 3179 4512 tuus
3203 4458 3367 4512 bonus

1716 4585 1760 4640 Β
1787 4553 2004 4607 deducet
2048 4568 2128 4605 me
2170 4553 2227 4605 in
2276 4534 2479 4605 terrai!
2519 4560 2715 4605 rectam
2743 4551 2811 4605 τ’.
2858 4550 2996 4618 Quia
3038 4552 3242 4606 malum
3283 4560 3369 4606 est

1789 4644 2023 4698 maxime
2051 4643 2155 4697 tale
2189 4653 2471 4712 peccatum
2509 4658 2619 4697 non
2649 4644 2895 4713 exsequi.
2926 4643 3068 4710 Quid
3104 4655 3186 4700 est
3221 4644 3368 4714 quod

1788 4733 2071 4804 sequitur?
2106 4733 2171 4786 Et
2218 4749 2377 4801 super
2399 4734 2761 4802 cognationem
2804 4734 2939 4801 ejus.
2982 4734 3089 4788 Eos
3122 4735 3213 4803 qui
3253 4746 3369 4788 stu-

1789 4826 1922 4878 dent
1975 4820 2232 4874 videlicet
2287 4820 2505 4882 similia,
2545 4818 2638 4886 qui
2688 4821 2902 4890 cognati
2957 4831 3089 4875 sunt
3144 4831 3369 4891 propter

1789 4911 2201 4967 similitudinem
2232 4907 2464 4961 actionis
2495 4915 2551 4960 et
2581 4906 2865 4961 doctrinae.

1859 5002 2244 5071 Succidamqne
2285 4999 2457 5069 ipsum
2486 5006 2537 5052 et
2569 5014 2743 5053 autnes
2774 4999 2864 5069 qui
2895 5010 3262 5055 consenserant
3298 5003 3365 5066 ei,

1790 5109 1847 5150 ut
1881 5095 2269 5168 foruicareutur
2316 5108 2433 5145 cum
2472 5089 2671 5146 Moloclt
2716 5092 2783 5145 de
2829 5091 2997 5146 medio
3042 5093 3224 5163 populi
3262 5090 3366 5149 sui.

1789 5185 1909 5239 Non
1944 5183 2118 5237 solum
2160 5182 2401 5235 minatus
2436 5189 2521 5235 cst
2551 5181 2748 5250 punire
2787 5196 2903 5245 eos,
2933 5182 3024 5251 qui
3060 5183 3253 5238 dicunt
3285 5188 3368 5240 vel

1792 5277 2000 5331 faciunt
2027 5275 2149 5339 hoc,
2176 5282 2233 5328 et
2257 5271 2546 5342 propterea
2573 5280 2833 5343 cognatus
2864 5283 3010 5328 recte
3038 5275 3367 5339 nominatos,

1793 5369 1889 5425 sed
1938 5375 1992 5422 et
2040 5366 2445 5421 consentientes
2492 5365 2563 5428 ei,
2601 5364 2653 5419 id
2705 5374 2789 5419 cst
2834 5367 3229 5422 concordantes
3277 5381 3372 5426 aut

1795 5465 2208 5521 concurrentes,
2249 5465 2345 5511 aut
2384 5456 2854 5511 communicantes
2886 5457 3146 5526 operibus
3178 5474 3370 5513 eorum

1797 5548 2174 5614 inlructuosis,
2206 5548 2349 5602 sicut
2380 5547 2580 5601 Paulus
2609 5547 2743 5602 dixit
2775 5546 2841 5600 ⁷³.
2872 5545 3071 5601 Malum
3104 5557 3186 5602 est
3222 5550 3368 5603 cnim

1800 5640 2117 5712 permittere
2144 5646 2242 5694 aut
2266 5637 2578 5694 consentire
2605 5638 2770 5692 etiam
2800 5653 2914 5704 eos,
2941 5638 3030 5708 qui
3060 5637 3193 5693 loris
3222 5651 3368 5703 sunt,

2290 5778 2328 5809 ⁷³
2357 5775 2558 5845 Epiros.
2596 5794 2648 5845 ν,
2678 5778 2733 5833 5.
2834 5778 2879 5809 ⁷⁸
2912 5776 3052 5832 Paul.
3086 5791 3246 5839 CXL“,
3282 5776 3395 5830 lO-'
