3810 6318
462 376 600 446 1043

1661 376 2027 439 HESYCHII
2066 375 2545 445 PRESBYTER!

462 493 719 550 fornicari
753 509 783 549 a
814 490 948 560 Deo,
979 502 1036 549 et.
1067 492 1348 559 adhaerere
1386 489 1713 563 intelligibili
1754 491 1991 562 principi
2027 508 2043 546 :
2074 494 2120 550 Α
2150 505 2243 543 nos
2273 507 2396 544 uero
2420 490 2612 554 lutum,
2638 495 2685 542 et
2717 495 2771 540 tu
2797 487 2949 556 ﬁctor
2987 492 3182 549 noster,
3214 492 3265 538 et
3295 499 3470 554 opera
3500 497 3755 535 mnam

462 586 637 642 multo
665 585 838 656 magis
869 594 1054 641 autem
1085 584 1155 640 de
1183 583 1366 639 medio
1393 583 1601 654 populi.
1630 582 1745 639 Hoc
1777 590 1863 637 est
1899 583 2048 638 enim

463 686 642 732 totum
682 693 906 749 gregem
952 677 1096 748 lupis
1135 676 1383 742 credere,
1414 683 1472 731 et
1514 689 1707 730 omnes
1744 689 1876 730 oves
1920 673 2053 728 feris

465 771 684 826 tradere
713 789 729 825 :
761 770 1032 841 siquidem
1062 771 1132 826 de
1168 770 1349 825 medio
1373 769 1562 840 populi
1589 768 1827 823 inimicis
1857 782 2052 839 rapere

466 862 854 934 permittimus,
899 871 994 917 aut
1040 862 1088 917 si
1137 876 1364 916 manum
1415 861 1748 937 porrigimus
1794 859 2048 929 rapienti.

465 952 575 1018 Qui
603 953 752 1009 enim
795 953 1075 1008 consentit
1106 971 1120 1005 :
1152 962 1210 1008 et
1240 960 1385 1008 tacet
1422 966 1683 1008 accusare
1722 967 1848 1006 eum
1888 965 2052 1020 quem

468 1058 699 1117 arguere
728 1059 958 1101 necesse
990 1052 1096 1110 est,
1134 1045 1221 1101 vel
1249 1045 1566 1111 admonere,
1597 1045 1685 1100 vel
1715 1045 2001 1114 increpare
2034 1061 2049 1098 :

470 1132 562 1189 hic
592 1148 704 1189 non
738 1133 913 1205 fugiet
945 1135 1193 1190 divinum
1230 1134 1521 1204 judicium.
1554 1133 1716 1188 Ponit
1749 1141 1932 1188 autem
1971 1132 2054 1187 fa-

470 1225 611 1280 ciem
654 1240 813 1280 suam
865 1241 1034 1297 super
1076 1242 1203 1282 eum
1250 1226 1397 1282 Deus
1442 1225 1588 1280 illam
1628 1225 1697 1281 de
1738 1241 1845 1296 qua
1887 1225 2056 1281 David

470 1315 690 1371 dicebat
716 1334 729 1369 :
764 1316 944 1371 Vultus
968 1326 1146 1371 autem
1173 1316 1387 1370 Domini
1415 1332 1573 1385 super
1609 1317 1859 1387 facientes
1887 1317 2056 1381 mala,

471 1416 532 1459 ut
559 1407 830 1475 disperdat
874 1409 940 1461 de
976 1416 1119 1461 terra
1149 1408 1462 1462 memoriam
1495 1423 1675 1462 eorum
1704 1407 1771 1464 ’⁵.
1806 1408 1923 1463 Non
1955 1425 2059 1465 so-

474 1498 589 1551 lum
613 1513 744 1568 ergo
772 1498 867 1568 qui
916 1499 1045 1554 talia
1088 1498 1317 1564 faciunt,
1346 1499 1443 1554 sed
1486 1508 1545 1554 et
1576 1499 1671 1569 qui
1705 1501 2061 1557 consentiunt

472 1582 825 1649 facientibus,
855 1585 1001 1641 sicut
1030 1585 1309 1641 Romanos
1355 1585 1554 1640 Paulus
1590 1586 1840 1642 scribens
1870 1601 2060 1658 repre-

474 1674 755 1733 hendebat
800 1675 907 1730 sub
953 1690 1116 1745 poma
1150 1676 1215 1743 ⁷⁸,
1247 1691 1370 1746 qua:
1413 1688 1559 1729 nunc
1603 1675 1748 1732 dicta
1794 1686 1880 1732 est
1910 1692 1942 1732 a
1981 1678 2058 1733 le-

474 1765 757 1836 gislature,
789 1765 1125 1823 elﬁciuutur.
1676 1800 1703 1827 α

546 1855 712 1913 Vens.
741 1857 860 1913 6-8.
907 1876 925 1911 ‹
961 1858 1158 1915 Anima
1203 1874 1325 1929 quae
1364 1859 1725 1917 declinaverit
1765 1862 1833 1917 ad
1873 1877 2062 1934 magos

473 1957 535 2004 et
579 1949 649 2005 ad
697 1949 920 2017 ariolos,
951 1959 1008 2005 et
1059 1950 1325 2007 fornicata
1365 1950 1551 2018 fuerit,
1585 1968 1710 2009 cum
1747 1955 1829 2010 eis
1857 1970 2059 2025 ponam

472 2040 671 2097 faciem
720 2058 900 2099 meam
947 2052 1139 2099 contra
1180 2059 1324 2108 eam,
1355 2054 1412 2100 et
1448 2045 1773 2103 interﬁciam
1811 2049 1959 2104 illam
1991 2051 2060 2107 de

471 2134 659 2189 medio
685 2136 896 2206 populi.
928 2136 1381 2202 Sanctiﬁeamini,
1406 2145 1463 2192 et
1499 2148 1676 2197 estote
1706 2141 1903 2207 sancti,
1933 2141 2059 2212 quia

473 2241 577 2298 ego
599 2227 863 2284 Dominus
894 2228 1038 2284 Deus
1063 2239 1265 2284 vester.
1297 2229 1582 2286 Custodite
1607 2242 1876 2303 praecepta
1915 2249 2056 2298 mea,

473 2328 533 2375 et
563 2320 727 2375 facite
755 2336 842 2383 ea,
870 2336 971 2392 ego
999 2320 1261 2375 Dominus
1292 2322 1387 2390 qui
1418 2323 1701 2379 sanctiﬁco
1734 2340 1853 2379 vos.
1892 2344 1912 2377 ι

545 2409 667 2467 Non
718 2411 1101 2482 qualecunque
1154 2421 1438 2482 peccatum
1492 2428 1615 2470 esse
1666 2416 1941 2473 declinare
1990 2417 2062 2473 ad

473 2519 686 2575 magos,
738 2503 855 2560 sive
912 2512 972 2559 ut
1021 2502 1185 2568 LXX,
1235 2507 1610 2577 ventriloquos,
1654 2510 1741 2564 vel
1786 2511 2061 2567 veneﬁcos

476 2593 832 2664 praediximus
876 2611 893 2647 :
933 2594 991 2665 in
1043 2603 1278 2663 utroque
1324 2596 1469 2650 enim
1521 2613 1550 2650 a
1601 2597 1712 2653 Deo
1766 2602 2058 2669 receditur,

476 2682 595 2737 sive
623 2681 914 2739 sensibiles
939 2683 1272 2753 Pytltonicos
1303 2698 1359 2742 et
1389 2688 1683 2755 veneﬁcos,
1709 2692 1825 2746 sive
1855 2693 2059 2748 intelli-

476 2770 672 2844 gibiles
705 2771 876 2839 dicas,
903 2771 958 2827 id
988 2783 1096 2837 est,
1128 2789 1224 2830 eos
1246 2776 1339 2845 qui
1388 2779 1612 2834 nomine
1642 2779 1734 2834 Dei
1768 2780 1899 2835 falsa
1933 2798 2062 2851 pro-

475 2863 726 2935 phetant,
771 2863 1115 2933 deceptores,
1165 2875 1223 2921 et
1277 2866 1609 2933 adulatores,
1661 2872 1753 2940 qui
1807 2873 2063 2930 veneﬁcis

479 2957 830 3013 sermonibus
878 2958 1096 3014 auditus
1144 2961 1443 3014 multorum
1498 2974 1881 3034 corrumpunt,
1932 2975 1990 3020 ut
2030 2981 2061 3020 a

476 3048 707 3104 veritate
759 3048 984 3117 quidem
1036 3050 1255 3104 auditus
1314 3057 1585 3120 avertant,
1630 3055 1698 3108 ad
1748 3055 1960 3110 fabulas
2007 3065 2064 3111 et

479 3154 721 3194 errorem
761 3148 1180 3203 convertuntur,
1222 3151 1279 3197 et
1313 3154 1601 3214 propterea
1637 3160 1842 3215 ponere
1867 3146 2061 3204 faciem

477 3246 635 3287 suam
663 3231 853 3301 judex,
890 3241 946 3286 et
982 3232 1297 3300 disperdere
1325 3250 1425 3290 eos
1452 3237 1520 3292 de
1550 3237 1750 3307 populo
1785 3252 1885 3293 suo
1911 3253 2064 3296 com-

479 3323 721 3378 minatus
750 3333 854 3378 est.
883 3323 1108 3379 Addidit
1132 3334 1317 3380 autem
1348 3344 1361 3381 :

551 3413 994 3484 Sanctiﬁcamini,
1033 3425 1084 3470 et
1136 3425 1298 3471 estote
1337 3420 1529 3474 sancti.
1575 3419 1887 3479 Ostendens
1934 3427 2063 3496 quia

478 3514 747 3577 quotquot
777 3506 898 3561 illos
923 3507 1100 3562 secuti
1137 3517 1289 3575 sunt,
1322 3510 1510 3578 polluti
1539 3522 1684 3579 sunt,
1706 3524 1764 3570 et
1783 3517 2067 3573 abomina-

478 3596 640 3663 biles,
675 3606 839 3667 atque
885 3597 1175 3662 immundi,
1229 3608 1423 3670 utpote
1466 3602 1560 3673 qui
1607 3605 2065 3663 abominabitibus

479 3689 687 3755 verbis,
725 3698 779 3745 et
802 3689 987 3759 pravis
1008 3691 1355 3762 dogmatibus
1383 3707 1804 3753 consenserunt.
1838 3699 2065 3770 Insuper

480 3780 692 3839 addidit
723 3799 738 3835 :

552 3872 823 3928 Custodite
852 3883 1113 3942 prterepta
1154 3891 1273 3929 mea
1307 3886 1357 3931 et
1382 3878 1541 3948 facite
1576 3896 1659 3934 ea.
1708 3879 2063 3940 Manifestans

479 3974 538 4020 et
582 3980 680 4035 per
726 3964 850 4030 hoc,
885 3965 1033 4035 quod
1083 3969 1586 4036 praevaricationem
1638 3972 1713 4026 illi
1757 3985 2064 4045 praecepto-

480 4071 606 4113 rum
634 4056 733 4111 Dei
778 4056 1032 4119 doceant,
1078 4058 1193 4113 sive
1232 4059 1407 4131 legem
1453 4063 1708 4125 doceant.
1739 4065 2062 4122 sive-divina

480 4162 542 4206 se
581 4148 929 4219 interpretari
972 4149 1226 4205 mandata
1271 4153 1496 4224 ﬁngant,
1533 4164 1588 4210 et
1616 4169 1906 4225 pr0pterea
1946 4173 2060 4222 eos,

479 4250 539 4297 et
564 4256 827 4313 sequaces
852 4255 1045 4297 eorum
1079 4250 1382 4301 aversatur.
1433 4245 1541 4301 Sed
1575 4256 1631 4302 ct
1674 4249 1896 4304 brevem
1930 4264 2062 4305 con-

478 4335 783 4392 clusionem
816 4331 1000 4386 verbis
1033 4331 1262 4395 addidit,
1289 4333 1480 4389 dicens
1513 4352 1526 4388 :

551 4425 666 4496 Ego
699 4424 974 4485 Dominus,
1010 4422 1100 4492 qui
1132 4424 1401 4492 sancti/ica
1435 4441 1540 4480 vos.
1579 4425 1630 4479 Id
1662 4435 1765 4493 est,
1801 4444 1899 4484 cur
1935 4445 2060 4486 cum

2153 591 2369 634 tuarum
2400 595 2578 633 omnes
2611 593 2705 631 nos
2732 576 2800 632 ⁷⁷.
2847 575 3016 630 Recte
3065 589 3201 645 ergo
3243 574 3583 643 quicunque
3622 573 3755 640 patri

2153 672 2412 734 detrahit,
2445 670 2541 726 sed
2571 680 2628 726 et
2671 669 2854 733 matri,
2890 675 3069 722 morte
3115 665 3389 719 multatus
3424 671 3541 717 est.
3580 661 3755 732 ingra-

2154 767 2245 812 tus
2277 767 2364 813 est
2403 757 2551 813 enim
2582 763 2814 820 natum,
2848 760 2908 808 et
2948 750 3339 807 benefactores
3386 748 3755 817 blaspbeniat,

2153 867 2253 922 per
2281 865 2421 920 quos
2449 865 2480 903 a
2512 848 2624 904 Deo
2653 861 2777 902 esse
2806 844 3200 916 percipientes,
3232 848 3294 896 et
3327 856 3434 911 per
3464 854 3614 909 quos
3648 854 3754 892 me-

2154 944 2370 999 diantes
2406 940 2650 1013 generati
2699 952 2910 1001 sumus,
2941 947 2999 991 et
3026 935 3252 1005 injuriat
3276 932 3579 987 Creatoris
3608 946 3753 1001 στεπη

2154 1050 2247 1099 na,
2278 1042 2341 1088 ut
2366 1033 2578 1089 labores
2610 1046 2746 1101 quos
2777 1030 3058 1100 patiuntur
3085 1028 3142 1082 in
3176 1035 3375 1080 nostra
3406 1024 3751 1095 generatione

2158 1135 2457 1189 taceamus,
2482 1139 2608 1178 nam
2635 1123 2763 1193 quia
2784 1121 3075 1176 maximam
3105 1132 3331 1188 poenam
3359 1123 3573 1170 contra
3600 1114 3750 1175 hanc.

2156 1217 2250 1287 qui
2292 1216 2606 1286 huiusmodi
2636 1224 2740 1282 est,
2777 1215 2831 1270 id
2861 1221 2949 1268 est
2976 1221 3212 1267 mortem
3247 1208 3560 1279 praecepit,
3588 1219 3751 1262 osten-

2156 1310 2317 1376 dens,
2349 1310 2480 1380 quia
2530 1309 2685 1365 valde
2729 1316 2899 1371 recte,
2939 1315 2999 1361 et
3042 1303 3462 1359 rationabiliter
3506 1300 3670 1355 talem
3706 1316 3754 1355 se

2158 1417 2337 1474 paenae
2372 1401 2661 1472 scripsisse
2689 1398 3045 1464 sententiam,
3070 1396 3281 1453 subdit.

2229 1491 2385 1548 Patri
2432 1493 2696 1563 matrique
2726 1491 3021 1555 maledixit,
3049 1488 3270 1559 sanguis
3313 1487 3442 1556 ejus
3481 1486 3586 1540 erit
3620 1500 3753 1553 super

2160 1602 2298 1643 eum.
2342 1584 2439 1641 Vel
2471 1585 2616 1640 sicut
2646 1583 2813 1646 LXX.
2836 1600 2956 1639 reus
2986 1592 3063 1637 est
3096 1582 3166 1636 ad
3193 1579 3675 1650 satisfaciendum.
3700 1579 3751 1630 6e

2162 1694 2342 1750 pinnae
2376 1678 2753 1751 magnitudine
2780 1677 3120 1733 mentionem
3151 1683 3209 1729 et
3242 1671 3751 1742 recapitulatiom

2166 1772 2378 1828 t’aciens
2408 1772 2643 1842 peccati.
2691 1770 2753 1825 Si
2790 1785 2925 1841 ergo
2968 1768 3090 1824 haec
3125 1767 3181 1820 in
3210 1780 3302 1827 eo,
3333 1765 3439 1833 qui
3488 1763 3751 1819 sensibile:

2167 1865 2450 1921 maledixit
2469 1873 2676 1934 patres,
2699 1861 2873 1917 multo
2898 1861 3072 1932 magis
3099 1859 3197 1929 qui
3220 1857 3599 1927 blasphemat
3621 1854 3751 1910 Clu-i-

2165 1966 2336 2021 stum,
2370 1956 2490 2026 ipse
2519 1955 2671 2011 enim
2707 1969 2810 2010 nos
2844 1951 3161 2024 spiritaliter
3190 1948 3581 2020 regeneravit.
3616 1947 3750 2016 Ιςὶιπ

2165 2048 2258 2118 qui
2303 2047 2424 2117 ejus
2466 2045 2812 2117 mysterium,
2845 2052 2901 2097 et
2933 2041 3159 2112 gratiam
3199 2037 3446 2107 injuriat
3476 2035 3751 2104 baptisma-

2166 2141 2269 2206 tis,
2319 2155 2433 2194 non
2483 2138 2747 2193 obediens
2793 2135 2917 2191 voci
2970 2131 3272 2188 Dominicae
3326 2146 3345 2183 :
3385 2127 3455 2184 Si
3508 2128 3629 2198 quis
3674 2144 3750 2177 asa

2167 2232 2326 2303 fuerit
2360 2239 2698 2302 regeneratus
2725 2244 2791 2283 ea:
2817 2242 2958 2298 aqua
2984 2235 3035 2304 et
3064 2224 3279 2293 spiritu,
3316 2238 3437 2281 non,
3467 2220 3689 2274 intrabit
3712 2224 3753 2271 is

2165 2338 2386 2393 regnum
2434 2321 2680 2376 caelorum
2710 2320 2780 2384 ⁷⁸,
2814 2319 2905 2373 hic
2954 2324 3131 2370 morte
3178 2313 3465 2369 morietur
3518 2311 3753 2383 pessiius,

2165 2415 2439 2470 alienatus
2482 2430 2515 2468 a
2556 2428 2726 2485 regno
2772 2412 3057 2473 caelorum,
3085 2417 3143 2464 et
3172 2417 3407 2463 aeterna:
3436 2405 3578 2460 vita
3608 2404 3754 2459 deui-

2166 2517 2413 2565 mentum
2459 2507 2761 2571 sustinens,
2793 2504 2887 2575 qui
2936 2509 2992 2558 et
3025 2508 3321 2571 propterea
3361 2512 3510 2551 reus
3542 2505 3650 2559 est,
3679 2496 3753 2563 qui

2167 2601 2501 2671 [medicante
2555 2597 2809 2662 Domino,
2862 2603 2919 2650 et
2967 2592 3304 2664 praedicante
3348 2589 3505 2644 nihil
3553 2588 3752 2647 damn.

2162 2708 2271 2749 nec
2310 2709 2494 2765 grave,
2530 2706 2709 2760 neque
2744 2689 2892 2759 quod
2940 2685 3225 2755 temporis,
3256 2691 3318 2738 et
3366 2682 3651 2743 materia,
3679 2690 3755 2733 aut

2166 2786 2337 2850 artis,
2398 2793 2495 2841 aut
2555 2781 2860 2851 disciplinas
2918 2785 3139 2849 egeret,
3210 2774 3310 2830 sed
3382 2770 3756 2829 tantummodo

2168 2874 2360 2929 mundi
2417 2872 2620 2938 cordis,
2671 2880 2727 2925 et
2782 2868 2928 2933 ﬁdei,
2977 2867 3080 2921 iste
3134 2864 3339 2936 sponte
3393 2864 3515 2919 hoc
3569 2863 3757 2918 donum

2169 2977 2454 3025 aversatus
2479 2975 2587 3023 est.

2241 3056 2404 3112 Vens.
2439 3056 2526 3111 lo.
2568 3075 2586 3107 ι
2621 3053 2678 3109 Si
2725 3050 3029 3107 mtecbatus
3070 3047 3207 3117 quis
3228 3045 3401 3101 fuerit
3437 3059 3573 3100 cum
3607 3058 3759 3098 uxore

2170 3149 2415 3212 alterius,
2469 3158 2526 3203 et
2570 3144 2895 3201 adulterium
2954 3137 3358 3210 porpetraverit
3407 3151 3550 3193 cum
3604 3150 3759 3190 uxore

2172 3241 2401 3311 proximi
2454 3240 2560 3305 sui,
2595 3247 2772 3294 morte
2810 3235 3076 3290 moriatur
3119 3241 3174 3287 et
3228 3232 3497 3287 machus
3528 3240 3589 3286 et
3618 3229 3756 3284 adsi-

2170 3342 2302 3389 tera.
2345 3352 2367 3385 ι

2240 3424 2355 3480 Nec
2383 3433 2574 3480 contra
2600 3423 2744 3478 hunc
2771 3420 2928 3487 dura,
2952 3420 3046 3476 sed
3074 3419 3184 3472 imo
3213 3415 3394 3487 magis
3422 3415 3601 3470 nimis
3624 3414 3755 3482 just:

2166 3517 2379 3574 exstitit
2419 3516 2531 3573 lex.
2572 3514 2710 3570 Cum
2760 3515 2950 3568 liceret
2999 3511 3144 3567 enim
3198 3508 3495 3579 propriam
3542 3521 3751 3561 uxorem

2168 3611 2391 3675 habere,
2426 3608 2728 3678 corrumpit
2767 3606 2994 3661 alterius
3029 3624 3041 3656 :
3078 3618 3204 3657 cum
3248 3601 3453 3655 liceret
3498 3600 3559 3654 in
3600 3598 3751 3652 casti-

2167 3712 2277 3757 tate
2328 3701 2558 3763 nubere,
2591 3708 2649 3754 et
2706 3699 2761 3755 in
2819 3695 3251 3752 sanctiﬁcatione
3308 3696 3561 3761 propr-ue
3610 3690 3745 3745 ιιιαὶ

2167 3789 2472 3846 secundum
2523 3790 2695 3857 legem
2746 3786 2987 3847 misceri,
3020 3785 3072 3839 in
3106 3781 3524 3852 impudicitiam
3563 3792 3619 3836 et
3649 3796 3746 3833 eer-

2165 3882 2479 3952 ruptionem
2510 3881 2737 3935 alterius
2771 3878 3035 3933 miscetur
3059 3875 3235 3936 uxori,
3265 3882 3326 3929 et
3360 3874 3606 3943 dissipat
3633 3873 3745 3925 ﬁlio-

2164 3987 2287 4027 rum
2312 3971 2717 4036 successiones,
2751 3968 3089 4037 dubiumque
3128 3964 3382 4019 mulieris
3420 3975 3663 4033 partum,
3689 3961 3741 4015 ad

2165 4078 2327 4133 quem
2363 4063 2657 4133 pertineat,
2689 4062 2837 4117 facit.
2871 4059 2976 4114 Sed
3007 4068 3063 4114 et
3104 4067 3402 4128 postquam
3434 4058 3603 4122 dixit,
3639 4072 3739 4109 ntr-

2166 4157 2350 4210 citatus
2380 4157 2538 4228 fuerit
2571 4171 2691 4209 cum
2718 4170 2880 4208 uxore
2908 4152 3147 4214 alterius,
3179 4150 3397 4204 addidit
3424 4167 3439 4203 :

2235 4247 2304 4301 Et
2333 4246 2667 4301 adulteratus
2692 4244 2852 4315 fuerit
2882 4259 3003 4297 cum
3026 4256 3187 4295 uxore
3209 4240 3455 4310 proximi
3485 4240 3596 4293 sui.
3622 4237 3736 4291 Tan-

2164 4353 2327 4408 quam
2376 4338 2513 4392 alter
2557 4337 2630 4398 sit
2673 4336 2785 4400 ille,
2814 4335 2952 4390 alter
2980 4343 3162 4388 autem
3201 4331 3293 4385 hic
3323 4331 3485 4400 quod
3520 4329 3733 4384 invenir:

2165 4426 2478 4480 nullatenus
2521 4431 2773 4493 possunt,
2809 4421 2903 4493 qui
2955 4419 3259 4476 secundum
3301 4418 3557 4472 litteram
3595 4417 3731 4472 solam

481 4518 571 4573 bis
603 4515 698 4586 qui
727 4514 831 4568 alia
864 4520 1056 4568 contra
1087 4528 1265 4568 meam
1290 4515 1484 4587 legem,
1509 4527 1600 4572 aut
1638 4534 1816 4574 meam
1853 4523 2060 4578 doctri-
2093 4523 2137 4579 D
2165 4520 2337 4589 legem
2369 4517 2646 4588 accipiunt
2677 4534 2690 4570 :
2725 4517 2820 4571 sed
2850 4515 3135 4570 invenient
3161 4513 3237 4566 illi
3269 4512 3364 4581 qui
3395 4513 3468 4566 ad
3504 4511 3731 4568 moralem

480 4621 610 4661 nam
641 4604 853 4669 dicunt,
893 4605 1362 4675 corrumpemini?
1393 4604 1504 4676 Ego
1543 4610 1689 4663 enim
1720 4626 1841 4665 sum
1878 4611 2060 4668 Domi-

479 4713 609 4765 nus,
639 4696 734 4768 qui
767 4711 863 4751 vos
891 4697 1194 4763 sanctiﬁco,
1226 4705 1283 4751 ct
1314 4697 1498 4753 nullus
1528 4699 1835 4767 hominum,
1873 4719 1977 4761 nec
2015 4706 2059 4761 si

478 4789 805 4862 prophetam
828 4803 887 4843 se
916 4803 1040 4843 esse
1059 4788 1223 4853 dicat,
1247 4804 1351 4844 nec
1373 4789 1418 4843 si
1447 4792 1749 4861 quamlibet
1775 4795 2057 4851 scientiam

477 4881 783 4953 promittat,
813 4880 919 4934 nisi
953 4880 1113 4944 forte,
1137 4896 1259 4950 quze
1287 4896 1405 4936 mea
1429 4895 1560 4939 sunt
1584 4884 1805 4950 dixerit,
1829 4894 1886 4940 et
1911 4901 1942 4940 a
1974 4902 2061 4941 me

274 5007 291 5011 -
394 5036 397 5037 ν
478 4971 772 5044 acceperit,
801 4966 1040 5027 et'mcus
1068 4972 1302 5040 Spiritus
1332 4974 1389 5027 in
1419 4990 1486 5029 eo
1512 4985 1769 5044 operatus
1794 4978 1986 5033 tuerit.

552 5068 713 5124 Vens.
745 5068 801 5121 il.
837 5084 858 5116 ο
890 5063 998 5129 Qui
1036 5064 1380 5120 maledixerit
1431 5069 1572 5135 patri
1626 5084 1728 5123 suo
1774 5077 1831 5123 et
1873 5071 2056 5135 matri,

478 5165 656 5211 morte
701 5154 987 5208 moriatur.
1035 5150 1141 5217 Qui
1186 5154 1326 5222 patri
1378 5156 1648 5225 matrique
1693 5156 2055 5220 maledixerit,

478 5243 707 5316 sanguis
737 5244 859 5313 ejus
891 5245 960 5296 sit
997 5258 1163 5313 super
1191 5259 1340 5299 eum.
1383 5263 1400 5295 ι

551 5334 682 5392 Sive
709 5344 771 5389 ut
812 5334 976 5401 LXX,
1008 5351 1126 5389 reus
1157 5344 1252 5398 est,
1302 5344 1361 5390 ut
1401 5336 1506 5391 hoc
1548 5353 1748 5393 nomen
1779 5339 1846 5392 ad
1877 5340 2055 5410 ipsum

480 5429 655 5485 Deum
702 5428 994 5483 referatur.
1053 5427 1345 5484 Malachias
1391 5429 1536 5483 enim
1587 5430 1724 5485 dixit
1760 5449 1772 5484 :
1807 5432 2059 5503 Nunquid

478 5537 585 5575 non
631 5520 770 5575 Deus
827 5537 962 5575 unus
1017 5521 1135 5591 fecit
1191 5523 1312 5575 vos?
1350 5523 1584 5593 nunquid
1626 5534 1778 5593 pater
1823 5526 2057 5579 omnium

477 5623 647 5669 uester
682 5616 764 5668 ⁷θῖ
793 5615 861 5670 Et
895 5629 1087 5672 rursus
1120 5631 1133 5667 :
1164 5613 1405 5681 Domine,
1460 5625 1611 5683 pater
1665 5625 1838 5669 noster
1877 5632 1928 5670 es
1976 5626 2052 5682 tu,

553 5745 597 5822 Ῐξ
797 5762 988 5822 XXX)".
1019 5746 1105 5801 17.
1184 5747 1229 5779 ⁷⁸
1260 5746 1419 5805 Rom.
1453 5767 1489 5815 ι,
1520 5751 1608 5805 5‘2.
1685 5753 1732 5783 ⁷⁸
1767 5750 1994 5807 Malaclt.
2028 5769 2043 5806 ι

2177 5755 2206 5803 ν.
2259 5752 2329 5789 -⁷⁷
2356 5752 2458 5808 lsa.
2490 5769 2632 5821 utr,
2667 5755 2719 5810 8.
2798 5757 2845 5789 ⁷⁸
2872 5754 3033 5810 Joan.
3067 5771 3149 5822 Ill,
3178 5755 3231 5810 5.

482 5808 529 5842 '°
553 5811 596 5865 ll
622 5815 748 5868 Cur.
775 5831 851 5881 ιι,
879 5817 934 5869 2.

2167 4611 2503 4666 intellectum
2535 4618 2591 4664 et
2620 4609 3141 4678 contemplationem
3173 4606 3489 4676 spiritalem
3514 4613 3727 4660 currunt.

2163 4702 2441 4770 Quantum
2489 4717 2621 4773 ergo
2672 4701 2937 4756 sensibile
2992 4699 3325 4754 adulterium
3389 4700 3605 4752 malum
3650 4706 3727 4749 est.

2165 4805 2375 4849 tantum
2408 4803 2493 4848 est
2524 4792 2868 4863 intelligibile
2898 4792 3161 4847 deterius.
3210 4789 3354 4844 Nam
3387 4791 3469 4844 illi
3501 4791 3669 4853 carni,
3690 4786 3727 4837 h:

2160 4896 2345 4941 autem
2376 4884 2589 4955 spiritui
2631 4883 3020 4938 contumeliam
3049 4882 3262 4938 faciunt
3297 4899 3315 4936 :
3340 4891 3402 4937 et
3431 4882 3493 4936 hi
3526 4880 3729 4937 homia‘.

2160 4976 2237 5031 illi
2266 4986 2455 5033 autem
2490 4975 2591 5046 ipsi
2624 4974 2754 5040 Deo,
2787 4975 2856 5031 de
2895 4975 3097 5045 quibus
3140 4974 3312 5030 Oseas
3344 4974 3530 5029 dixit:
3566 4973 3731 5028 0w

2162 5069 2528 5124 adulterantes
2555 5068 2720 5139 quasi
2768 5067 3017 5131 clibanus.
3038 5083 3320 5123 succensus
3348 5084 3383 5119 a
3418 5078 3670 5135 coquant:
3692 5067 3729 5114 in

2160 5159 2316 5213 corde
2343 5175 2438 5212 suo
2468 5159 2535 5211 ⁷⁹.
2577 5158 2921 5212 Adulterium
2953 5156 3293 5227 intelligibile
3318 5172 3603 5213 accusans
3634 5176 3647 5209 :
3680 5154 3728 5207 ait

2158 5250 2308 5303 omni
2352 5250 2499 5304 enim
2546 5250 2746 5320 populo
2788 5248 3104 5306 Iudaeorum
3139 5251 3247 5303 hoc
3279 5250 3721 5304 committebatur.

2165 5351 2554 5410 corrumpente
2606 5341 2777 5412 legem
2829 5341 3070 5412 legisque
3110 5342 3383 5412 dogmata.
3426 5341 3725 5408 Quicunque:

2159 5447 2291 5502 ergo
2318 5432 2465 5487 illius
2491 5434 2616 5496 viri,
2647 5434 2717 5488 de
2740 5441 2849 5504 quo
2872 5434 2949 5488 ait
2975 5435 3220 5489 Paulus:
3246 5433 3524 5501 Despondi
3550 5450 3633 5487 eos
3652 5431 3726 5481 ιιὶ

2160 5523 2293 5586 viro,
2322 5524 2578 5593 uirginem
2614 5534 2816 5577 castam
2847 5524 3087 5578 exhibere
3114 5523 3323 5577 Christo
3341 5523 3415 5588 ⁸⁸,
3443 5524 3729 5579 moechatur
3802 5542 3803 5593 ὲ

2160 5615 2467 5681 mulierem,
2515 5615 2769 5672 videlicet
2809 5617 3132 5683 Ecclesiam,
3176 5617 3245 5672 de
3287 5633 3396 5688 qua
3437 5618 3583 5671 idem
3622 5616 3725 5668 ait:
3802 5602 3803 5623 ³

3320 5751 3729 5814 "Oseevu.t.
3802 5764 3803 5819 ξ

3629 368 3761 435 10“
