3810 6318
56 328 211 395 1045

1222 327 1305 390 ΙΝ
1345 329 1785 393 LEVITICUM.
1819 355 1887 364 -
1924 331 2072 390 LIB.
2104 330 2205 392 VI.

3207 332 3341 397 1046

57 447 206 512 Viri,
241 447 465 519 diligite,
498 447 744 501 mulieres
782 453 1002 513 vestras,
1042 411 1197 512 sicut,
1224 455 1273 501 et
1313 426 1551 503 Christus
1581 447 1662 501 di—
1693 454 1734 508 Α
1763 446 2119 516 delinquitur,
2160 445 2291 502 illud
2338 455 2521 504 autem
2556 447 2611 503 in
2654 446 2822 504 ﬁlium
2859 465 2889 504 a
2924 458 3099 521 patre.
3143 448 3351 505 Similis

55 540 199 595 (exit
246 539 542 594 Ecclesium
569 539 637 594 ⁸⁸.
686 537 755 594 Et
802 556 1035 596 rursus:
1069 539 1359 610 Propterea
1402 530 1660 610 relinquet

52 633 224 686 homo
257 641 464 701 patrem
494 641 541 685 et
571 642 817 699 matrem,
853 641 901 686 et
940 634 1223 688 adluerebit
1262 635 1418 688 uxori
1454 650 1581 694 sure,
1612 643 1665 687 et

52 732 223 778 erunt
279 726 385 778 duo
426 725 485 777 in
528 741 688 779 carne
732 741 858 779 una.
909 725 1311 781 Sacramentum
1358 736 1535 780 autem
1570 728 1663 781 hoc

56 833 331 888 magnum
359 823 454 870 est.
496 813 606 888 Ego
637 826 813 870 autem
844 818 959 872 dico
993 820 1047 871 in
1075 816 1284 875 Christo
1313 829 1360 873 et
1402 822 1455 874 in
1484 821 1663 874 Eccle-

57 907 152 977 sia
185 905 258 959 ".
298 903 605 961 Mtechatus
655 915 836 961 autem
876 907 1056 960 verbis
1099 908 1370 978 turpibus,
1413 908 1663 963 dissemi-

61 1013 214 1054 nans
237 999 292 1052 in
317 1014 381 1053 ea
407 998 714 1054 doctrinam
744 998 1045 1068 propriam,
1065 1010 1121 1053 et
1138 999 1495 1065 nonChristi,
1523 1001 1663 1055 sicut

63 1091 153 1147 ait
199 1090 425 1158 Paulus,
454 1092 622 1161 turpis
657 1090 789 1143 lucri
814 1090 990 1160 gratia
1020 1090 1088 1154 ”,
1120 1120 1194 1134 —-
1220 1100 1384 1145 morte
1407 1092 1666 1150 moriatur

64 1190 123 1241 et
170 1183 403 1237 moechus
446 1195 497 1236 et
537 1182 803 1236 adultera.
837 1181 895 1236 Id
939 1182 1160 1253 est,qui
1205 1182 1440 1237 alienum
1473 1199 1667 1253 super-

67 1275 321 1331 seminat
352 1275 601 1337 verbum,
647 1284 704 1330 et
745 1274 1011 1340 Ecclesia,
1044 1291 1164 1345 quse
1204 1275 1259 1329 iu
1292 1276 1419 1343 talia
1461 1277 1664 1346 patitur

69 1366 367 1423 seminari.
403 1365 557 1420 Hane
585 1366 755 1432 enim,
789 1366 930 1421 sicut
960 1365 1221 1431 diximus,
1253 1382 1474 1421 uxorem
1508 1367 1666 1422 intel-

71 1457 338 1529 ligamus.
383 1456 629 1513 Primum
674 1456 896 1527 quidem
949 1457 1065 1511 veri
1119 1458 1365 1528 conjugis
1416 1458 1669 1514 videlicet

72 1548 311 1614 Christi,
358 1548 559 1604 deinde
609 1559 664 1603 et
714 1548 1003 1620 coniugem
1054 1549 1195 1619 ejus,
1239 1550 1324 1605 cui
1377 1567 1406 1604 a
1452 1548 1669 1606 Christo

73 1641 297 1697 credita
324 1651 408 1696 est
442 1639 684 1696 Ecclesia
736 1641 1059 1706 sacerdotis,
1093 1649 1188 1696 aut
1227 1640 1366 1695 forte
1408 1642 1663 1697 doctoris.

73 1733 372 1803 Quotquot
412 1733 559 1788 enim
604 1733 911 1788 aemulando
958 1733 1258 1796 Christum,
1300 1741 1354 1789 et
1398 1735 1465 1788 ad
1508 1750 1665 1789 suum

78 1824 275 1879 odium
321 1824 552 1879 verbum
609 1834 1006 1895 corrumpunt,
1062 1826 1205 1881 circa
1262 1825 1665 1896 naufragantes,

81 1914 229 1969 sicut
258 1911 581 1985 Hymenaeus
615 1923 668 1969 et
700 1915 1021 1981 Alexander,
1055 1932 1192 1986 quos
1227 1917 1451 1971 tradidit
1477 1914 1674 1972 Paulus

84 2005 306 2061 Satanas
322 2002 428 2068 ⁸³¹,
454 2010 513 2057 ιιι
563 2003 840 2059 discerent
879 2020 990 2059 non
1019 2004 1427 2075 blaSphemare,
1478 2006 1672 2059 horum

84 2095 419 2153 adulterium
457 2095 510 2149 in
547 2110 834 2166 personam
866 2094 1070 2149 Christi
1103 2105 1403 2165 reputatur.
1428 2095 1673 2162 Quicun-

83 2203 199 2263 que
231 2197 417 2242 autem
454 2187 799 2241 aemulatione
832 2187 1145 2256 hominum,
1166 2188 1257 2257 qui
1290 2187 1548 2258 regendas
1574 2188 1674 2240 Ec-

86 2280 290 2335 clesias
319 2288 448 2334 sunt
477 2278 673 2341 sortiti,
701 2279 803 2333 tale
830 2279 1109 2349 quidpiam
1139 2279 1366 2344 faciunt,
1394 2289 1455 2335 ut
1483 2295 1673 2334 eorum

88 2373 404 2429 doctrinam
447 2372 735 2437 subruunt,
776 2374 920 2444 quod
956 2372 1155 2428 Paulus
1184 2375 1551 2429 Alexandrum
1593 2375 1675 2428 fe-

90 2464 236 2520 cisse
291 2463 427 2517 dixit
464 2463 733 2525 aerarium,
774 2466 850 2519 ait
896 2465 1041 2520 enim
1073 2484 1085 2520 :
1114 2466 1411 2520 Alexander
1453 2469 1676 2521 (crarius

92 2554 268 2609 multa
306 2554 447 2607 mala
484 2554 610 2607 mihi
638 2556 884 2617 ostendit,
931 2556 1105 2609 reddet
1137 2557 1183 2608 ei
1218 2556 1469 2609 Dominus
1493 2573 1677 2609 secun-

93 2652 224 2700 dum
271 2662 430 2715 opera
479 2662 598 2711 sua,
645 2663 797 2715 quem
845 2654 895 2699 et
942 2656 998 2698 tu
1036 2648 1229 2707 devita,
1277 2647 1498 2700 multum
1539 2647 1677 2701 enim

93 2739 290 2817 restitit
313 2739 480 2793 verbis
504 2740 694 2793 nostris
723 2738 789 2793 “.
818 2740 1023 2793 llorum
1053 2739 1378 2793 adulterium
1410 2739 1463 2792 in
1494 2740 1675 2809 proxi-

94 2845 248 2883 mum
282 2837 588 2899 reputatur,
613 2845 736 2882 cum
780 2829 1060 2884 sacerdote
1101 2829 1371 2893 videlicet,
1407 2828 1521 2884 sive
1550 2845 1679 2883 con-

94 2913 346 2987 ductore,
380 2931 606 2992 propter
642 2922 799 2989 cujus
834 2922 1255 2986 mmulationem,
1290 2921 1356 2975 ad
1392 2921 1552 2975 talem
1598 2923 1679 2975 iu-

92 3012 362 3083 justitiam
427 3013 795 3084 progreditur.
847 3012 951 3068 Sed
999 3022 1055 3067 et
1103 3013 1267 3083 hujus
1314 3029 1476 3082 paena
1534 3029 1679 3067 mors

1763 547 1945 593 autem
1978 539 2232 609 impietas
2263 548 2345 595 est
2379 540 2547 596 ﬁlium
2577 541 2749 613 patris
2779 543 2862 598 sui
2894 543 3194 609 deuudare,
3229 543 3347 599 sive

1762 627 2048 683 diﬂ‘amare
2085 637 2393 698 peccatum,
2424 646 2548 685 cum
2588 639 2643 685 et
2679 632 2778 702 ipsi
2816 633 2869 686 in
2911 631 3181 687 similibus
3208 631 3349 687 deli-

1763 724 2004 794 querint.
2062 721 2145 777 A'd
2199 738 2338 793 quos
2387 722 2587 778 Paulus
2622 723 2837 778 diccbat
2885 742 2897 777 :
2948 723 3175 794 Propter
3214 740 3350 795 quoa
3408 708 3419 783 λ,

1763 814 2142 869 inexcusabilis
2180 831 2253 880 es,
2287 830 2315 868 ο
2352 814 2504 869 homo
2534 816 2702 870 omnis
2740 815 2829 887 qui
2865 816 3082 885 judicas
3106 833 3125 882 ;
3148 818 3204 870 in
3249 834 3351 888 quo

1765 908 1905 961 enim
1929 907 2097 961 alium
2113 906 2351 977 judicas,
2376 908 2598 978 teipsum
2625 909 2964 976 condemnas,
2994 912 3180 964 eadem
3212 908 3351 964 enim’

1766 997 1902 1068 agis,
1935 1004 1985 1050 et
2010 997 2230 1066 judicas
2258 996 2328 1051 ⁸⁸.

1839 1089 2005 1143 Vsus.
2057 1088 2143 1144 13.
2180 1106 2199 1141 ι
2235 1087 2340 1155 Qui
2396 1088 2685 1145 dormierit
2734 1106 2859 1147 cum
2910 1091 3157 1148 masculo
3204 1092 3357 1147 coitu

1770 1179 2027 1246 femineo,
2063 1189 2296 1250 uterque
2347 1188 2605 1251 operatus
2649 1190 2733 1237 est
2777 1183 2950 1250 nefas,
3000 1192 3178 1241 morte
3222 1199 3353 1239 mo-

1768 1271 2024 1329 riantur:
2059 1272 2139 1327 sit
2160 1276 2385 1345 sanguis
2415 1289 2605 1329 eorum
2637 1290 2804 1346 super
2832 1291 2946 1332 eos.
2983 1294 3002 1328 ι

1839 1361 1975 1429 Quia
2021 1354 2222 1433 injuria
2263 1372 2474 1421 natura:
2513 1373 2597 1420 est
2631 1366 2736 1419 hoc
2766 1376 3074 1436 peccatum,
3113 1366 3376 1423 ostendit-

1769 1463 1877 1508 tam
1920 1454 2136 1509 novitas
2160 1453 2301 1521 ejus,
2335 1471 2500 1525 quam
2542 1455 2775 1511 facinus.
2818 1456 2962 1530 Ergo
3004 1474 3115 1513 non
3153 1454 3375 1514 frustra.

1768 1561 1985 1616 poenam
2017 1545 2073 1600 in
2105 1546 2200 1600 ilio
2235 1545 2429 1601 mortis
2459 1547 2544 1602 lex
2579 1546 2846 1603 decernit.
2889 1548 3013 1604 Nos.
3036 1555 3219 1603 autem
3251 1548 3356 1604 ιω-

1764 1637 2003 1706 jusmodi
2038 1648 2093 1692 et
2131 1637 2321 1693 auditu
2359 1654 2697 1695 aversamur.
2745 1640 3049 1697 Careamus
3077 1651 3259 1696 autem
3302 1652 3361 1697 et

1770 1745 1893 1783 eum
1940 1730 2032 1800 qui
2084 1729 2241 1785 fortis
2293 1739 2377 1785 est
2428 1731 2631 1796 anima,
2673 1740 2835 1802 atque
2879 1730 3003 1787 ideo
3051 1731 3356 1802 appellatur

1772 1820 2077 1886 masculus,
2126 1819 2211 1876 vir
2265 1820 2409 1875 enim
2465 1820 2664 1891 ubique
2720 1821 2775 1876 in
2829 1822 3018 1878 divina
3072 1821 3355 1890 Scriptura

1773 1916 2047 1986 perfectus
2075 1916 2366 1972 virtutibus
2396 1918 2731 1983 nominatur,
2761 1918 2909 1973 unde
2933 1925 2987 1973 et
3013 1916 3213 1978 Paulus
3242 1898 3354 1976 ait:

1772 2009 1948 2063 Donec
2002 2026 2342 2064 occurramus
2391 2026 2569 2064 omnes
2617 2010 2676 2063 in
2728 2011 2903 2065 virum
2952 2011 3263 2081 perfectum,
3300 2012 3358 2065 in

1772 2116 2050 2165 personam
2100 2101 2275 2156 wtatis
2322 2100 2668 2169 plenitudinis
2716 2100 2915 2156 Christi
2950 2100 3019 2157 ⁸⁷.
3056 2100 3358 2156 Caveamus

1773 2208 1903 2262 ergo
1938 2190 2121 2245 verbis
2170 2191 2488 2262 incongruis
2520 2191 2861 2257 effeminare,
2894 2192 2981 2248 vel
3025 2191 3355 2258 actionibus,

1774 2295 1828 2339 et
1864 2285 2165 2340 dissolvere
2204 2285 2369 2356 hujus
2402 2286 2599 2342 animae
2639 2286 2920 2353 virtutem,
2961 2286 3089 2341 dum
3137 2301 3260 2340 eum
3291 2301 3359 2345 eo

1775 2373 2027 2428 videlicet
2057 2380 2113 2428 et
2139 2389 2241 2429 nos
2272 2374 2660 2431 dissolvantur.
2693 2376 2989 2439 Utriusque
3017 2374 3186 2441 enim,
3216 2374 3361 2431 sicut

1775 2460 1978 2526 cernis,
2020 2476 2184 2531 pmna
2220 2476 2369 2517 mors
2402 2469 2506 2517 est.
2852 2474 2871 2485 '

1846 2548 2010 2607 Vens.
2066 2551 2153 2607 Η.
2196 2570 2215 2603 ι
2259 2551 2363 2618 Qui
2414 2567 2580 2624 supra
2629 2538 2855 2608 uxorem
2909 2546 3095 2619 ﬁliam,
3143 2553 3362 2609 duxerit

1776 2651 2008 2698 matrem
2059 2643 2202 2715 ejus,
2257 2645 2437 2700 scelus
2491 2642 2752 2716 operatus
2796 2653 2897 2711 est,
2946 2647 3104 2699 vivus
3148 2645 3363 2701 ardebit

1776 2749 1901 2787 cum
1933 2728 2037 2799 eis,
2072 2747 2177 2787 nec
2229 2733 2574 2804 permanebit
2624 2740 2835 2789 tantum
2886 2734 3042 2790 nefas
3082 2735 3138 2789 in
3180 2734 3360 2790 medio

1778 2824 1966 2879 vestri.
2010 2842 2028 2877 ι

1834 2908 2021 2969 Nimis
2054 2920 2204 2969 recte
2243 2914 2322 2969 sic
2358 2929 2557 2970 stevam
2587 2928 2805 2985 poenam
2842 2910 2968 2967 huic
3008 2912 3246 2967 minatus
3276 2920 3362 2966 est

1780 3005 2000 3070 delicto,
2030 3019 2126 3061 eos
2159 3005 2310 3061 enim
2350 3004 2442 3075 qui
2482 3019 2551 3060 ex
2593 3014 2769 3060 matre
2798 3004 2963 3076 geniti
2997 3012 3142 3071 sunt,
3176 3004 3245 3059 ab
3274 3005 3361 3059 his

98 3114 186 3162 est
221 3123 235 3158 :
262 3106 413 3176 quia,
448 3106 553 3160 etsi
610 3121 718 3161 non
776 3105 1085 3181 specialiter
1136 3114 1324 3160 contra
1373 3104 1675 3168 Christum,
1706 3136 1748 3193 Ο
1781 3098 1873 3167 qui
1904 3113 1935 3152 a
1965 3097 2073 3152 ﬁlia
2098 3097 2270 3169 geniti
2298 3106 2447 3164 sunt,
2470 3113 2594 3153 cum
2621 3112 2765 3152 unus
2792 3096 2861 3151 sit
2884 3106 3059 3167 pater,
3089 3096 3360 3152 incertum

97 3208 283 3256 tamen
308 3208 499 3253 contra
522 3197 801 3253 hominem
831 3199 1189 3263 contendens,
1209 3196 1452 3266 corrupit
1476 3197 1678 3253 Christi

96 3305 239 3361 opus
288 3304 617 3361 gregemque
672 3289 966 3357 dispersit,
1019 3298 1243 3359 prepter
1302 3288 1443 3358 quod
1500 3288 1681 3343 socius

97 3383 221 3453 ejus
265 3380 499 3436 eflicitur
534 3396 732 3452 pinnae,
760 3381 1073 3450 quicunque
1112 3379 1179 3435 ab
1213 3395 1278 3434 eo
1318 3380 1592 3451 corrumpi
1624 3396 1681 3435 se

99 3474 327 3545 patitur.

175 3564 338 3620 Vens.
379 3565 566 3619 11-12.
617 3584 636 3616 ι
675 3565 777 3631 Qui
814 3563 1097 3619 dormierit
1130 3579 1253 3617 eum
1286 3579 1524 3619 noverca
1560 3581 1680 3631 sua,

100 3667 160 3714 et
205 3657 529 3713 revelaverit
572 3655 927 3727 ignominiam
974 3655 1146 3725 patris
1191 3656 1296 3720 sui,
1337 3665 1516 3710 morte
1567 3673 1684 3711 mo-

103 3750 319 3803 riantur
368 3748 560 3810 ambo,
612 3747 835 3818 sanguis
879 3761 1071 3800 eorum
1127 3745 1197 3799 sit
1247 3762 1412 3815 super
1462 3762 1576 3801 eos.
1628 3746 1685 3801 Si

101 3837 229 3909 quis
276 3836 565 3891 dormierit
610 3852 735 3890 cum
792 3851 936 3890 nuru
976 3851 1108 3898 sua,
1159 3843 1389 3905 uterque
1444 3836 1686 3889 morian-

103 3941 215 3995 tur,
240 3930 366 4000 quia
401 3930 581 3985 scelus
611 3927 821 4000 operati
852 3936 998 3995 sunt,
1023 3928 1243 3999 sanguis
1271 3944 1460 3983 eorum
1493 3929 1563 3984 sit
1591 3945 1688 3984 su-

103 4038 203 4094 per
233 4038 341 4077 eos.
362 4042 380 4073 ι

177 4111 330 4167 Dicta
367 4120 497 4165 sunt
534 4110 653 4165 haec
686 4109 742 4164 in
774 4111 879 4165 hoc
903 4108 1128 4165 Levitici
1159 4109 1299 4164 libro
1323 4125 1353 4164 a
1384 4108 1689 4179 legislatore

107 4200 384 4271 superius,
420 4201 515 4256 sed
546 4201 657 4255 illic
710 4201 971 4270 quidem:
1007 4199 1129 4254 Non
1160 4198 1415 4253 reuelabis
1455 4200 1688 4270 turpitu-

106 4294 284 4347 dinem
314 4291 483 4361 patris
516 4291 593 4344 tui
625 4299 673 4344 et
708 4292 916 4357 matris,
954 4308 1047 4345 nec
1080 4291 1299 4356 sororis,
1332 4298 1380 4344 et
1416 4307 1601 4356 nurus,
1634 4302 1691 4345 et

106 4383 444 4454 reliquorum
492 4399 591 4453 per
647 4382 895 4437 ordinem
950 4382 1090 4437 dixit
1116 4382 1184 4448 ⁸⁵,
1222 4384 1443 4454 quando
1489 4391 1543 4438 et
1588 4400 1690 4439 nos

1782 3199 1869 3246 est
1900 3199 2081 3245 utrum
2114 3190 2334 3258 fratres,
2363 3206 2432 3244 an
2464 3190 2765 3245 avunculus
2797 3198 3049 3260 oporteat
3076 3188 3358 3260 appellari.

1782 3279 1920 3337 Nam
1942 3297 2065 3337 cum
2097 3289 2253 3353 pater
2281 3296 2426 3337 unus
2455 3282 2546 3346 sit,
2571 3281 2771 3336 fratres
2793 3296 2887 3336 eos
2920 3281 3062 3353 cogit
3081 3280 3359 3336 mstimari.

1785 3373 1861 3426 Ex
1895 3373 2108 3428 duabus
2149 3380 2331 3427 autem
2371 3372 2712 3443 parientibus
2748 3386 2872 3426 cum
2913 3388 3019 3425 una
3059 3371 3130 3426 sit
3168 3380 3362 3437 mater,

1784 3464 1887 3518 alia
1924 3464 2055 3531 ﬁlia,
2093 3464 2396 3520 avunculos
2427 3465 2550 3522 hos.
2576 3462 2667 3533 qui
2702 3472 2878 3517 matre
2907 3470 3036 3517 sunt
3073 3462 3264 3533 geniti,
3296 3463 3365 3518 ab

1784 3556 1871 3610 his
1905 3555 1998 3625 qui
2031 3556 2141 3609 nati
2178 3564 2309 3609 sunt
2343 3555 2411 3609 de
2453 3555 2583 3619 ﬁlia,
2606 3553 2883 3624 compellit
2926 3552 3227 3608 necessitas
3270 3570 3368 3625 ap-

1786 3644 1976 3715 pellari
2014 3664 2028 3699 :
2063 3651 2120 3699 et
2159 3645 2264 3699 hoc
2309 3644 2530 3713 quidem
2574 3643 2731 3699 valde
2776 3643 3082 3699 secundum
3135 3645 3367 3698 litteram

1786 3734 2112 3800 custoditur,
2141 3743 2197 3790 et
2216 3741 2443 3790 cavetur
2463 3734 2777 3806 huiusmodi
2801 3735 3011 3790 incerta
3034 3735 3365 3800 commistio,

1787 3827 2109 3898 generisque
2164 3827 2434 3884 confusio.
2499 3828 2638 3895 Quia
2690 3826 2869 3883 omnis
2923 3829 3133 3898 peccati
3193 3812 3370 3883 mater

1788 3919 2235 3989 concupiscentia
2261 3928 2365 3984 est,
2410 3926 2627 3990 oportet
2654 3927 2710 3974 et
2740 3920 2844 3975 hoc
2881 3920 3197 3989 praecaveri,
3227 3929 3287 3974 ut
3308 3922 3369 3975 ‘si

1792 4028 1896 4083 qua
1948 4013 2107 4069 nobis
2166 4013 2377 4083 peccati
2434 4012 2882 4083 concupiscentia
2933 4011 3032 4076 sit,
3085 4029 3258 4083 usque
3302 4013 3371 4069 ad

1791 4105 1934 4160 hanc
1991 4111 2224 4172 stemus,
2255 4112 2312 4158 et
2357 4120 2469 4159 non
2521 4104 2571 4158 ei
2629 4103 3025 4174 conjungamus
3074 4102 3366 4163 actionem,

1790 4195 1894 4264 Qui
1923 4207 2104 4252 autem
2130 4197 2435 4269 conjungit,
2477 4197 2534 4251 in
2573 4197 2696 4268 igne
2724 4195 3098 4262 succenditur,
3129 4211 3237 4250 non
3284 4212 3374 4255 so.-

1790 4290 1903 4343 lum
1935 4296 2116 4344 autem
2146 4289 2285 4360 ipse,
2309 4290 2406 4345 sed
2435 4297 2490 4345 et
2518 4288 2852 4344 desiderium
2883 4288 3115 4358 peccati,
3148 4288 3375 4360 insuper

1792 4390 1847 4437 et
1891 4383 2033 4437 actio
2080 4382 2217 4452 ipsa.
2251 4380 2370 4448 Quo
2418 4381 2584 4453 igne?
2629 4381 2698 4436 de
2735 4398 2844 4451 quo
2896 4381 3033 4437 dixit
3075 4381 3324 4435 Christus
3359 4399 3372 4433 :

106 4476 226 4530 haec
254 4483 613 4545 exponentes,
649 4489 758 4528 non
800 4473 976 4527 solum
1009 4473 1183 4543 turpis
1221 4486 1598 4545 cognatorum,
1628 4486 1683 4531 et
1716 4471 1761 4527 D
1796 4471 1977 4542 Ignem
2010 4474 2126 4528 veni
2162 4474 2369 4527 mittere
2392 4473 2448 4527 in
2469 4482 2635 4539 terra,
2666 4483 2718 4528 et
2740 4472 2932 4529 volout
2963 4472 3283 4526 accendatur
3303 4472 3372 4537 ⁸⁸,

105 4567 329 4626 nefaria:
375 4566 776 4622 commistionis
830 4565 1228 4622 aversationem
1269 4567 1442 4638 legem
1492 4568 1687 4639 ιιι-ειιοὶ-

107 4675 264 4732 pere,
300 4659 397 4713 sed
435 4667 490 4713 et
526 4659 595 4714 de
643 4674 750 4713 non
791 4657 1118 4725 revelandis,
1153 4674 1273 4729 qua:
1311 4660 1685 4730 cognovimus,

107 4766 290 4821 neque
350 4750 697 4806 diffamandis
765 4751 1105 4818 carnalium,
1172 4751 1537 4822 spiritalium,
1604 4754 1691 4809 vel

109 4848 467 4914 cognatorum
522 4842 765 4913 peccatis
803 4841 947 4898 dicta
994 4857 1116 4898 esse
1168 4844 1539 4912 exposuimus.
1592 4842 1692 4899 llic

108 4941 292 4989 autem
338 4934 505 5002 Deus,
560 4935 607 4989 si
658 4935 951 5001 dormierit,
1002 4935 1212 4990 addidit
1251 4953 1265 4988 :
1301 4935 1453 4989 illum
1500 4936 1695 5007 procul

110 5028 277 5082 dubio
304 5028 582 5084 deducens
612 5029 681 5084 ad
710 5030 974 5092 medium,
1012 5028 1107 5099 qui
1141 5027 1390 5082 eamdem
1422 5027 1691 5084 actionem

114 5134 359 5189 pravam,
395 5136 557 5189 quam
603 5120 913 5190 proximum
953 5119 1136 5190 egisse
1182 5119 1456 5190 cognovit,
1498 5119 1695 5175 nihilo.

115 5211 298 5267 minus
352 5213 497 5282 agit,
553 5228 654 5269 nec
704 5214 917 5286 peccati
972 5213 1287 5269 societatem
1347 5213 1695 5278 erubescens,

116 5303 282 5359 etiam
321 5303 403 5357 sic
431 5303 649 5358 exsistit
676 5306 923 5376 proditor
950 5305 1003 5359 in
1032 5320 1142 5374 quo
1175 5312 1231 5359 et
1256 5306 1447 5362 mortis
1480 5320 1695 5374 poenam

116 5392 396 5465 legislator
424 5402 574 5449 recte
602 5394 869 5452 deﬁnivit.
906 5396 1055 5452 Bene
1091 5403 1271 5452 autem
1302 5410 1555 5461 noverca;
1593 5412 1699 5450 uu-

120 5502 239 5543 rum
278 5484 585 5556 conjunxit,
614 5487 741 5555 quia
791 5488 893 5543 hoc
937 5487 1157 5557 quidem
1206 5486 1262 5541 in
1313 5495 1467 5558 patre
1516 5502 1547 5543 a
1586 5486 1696 5542 ﬁlio

191 5691 232 5723 ⁸¹
262 5689 477 5745 Coloss.
507 5704 590 5755 Ill,
628 5687 711 5742 l9.

834 5689 878 5718 "
912 5686 1112 5755 Ephes.
1138 5704 1190 5751 v,
1224 5686 1286 5742 3|
1346 5686 1434 5741 Ὠ.
1533 5636 1607 5715 ’⁸³
1638 5683 1690 5738 Ti

1814 5683 1986 5755 .11.”
2020 5680 2099 5755 f"
2136 5679 2153 5733 1
2188 5679 2428 5755 Timui,
2465 5676 2559 5755 29;

1791 4567 1845 4643 id
1889 4575 1973 4621 est
2006 4566 2538 4622 administrationem
2573 4566 2822 4637 spiritus,
2857 4566 2947 4636 qui
2989 4566 3139 4633 ipsos
3179 4581 3373 4635 pecea-

1794 4667 1939 4713 tores
1968 4659 2037 4713 de
2065 4659 2251 4713 medio
2279 4657 2509 4724 auferet,
2538 4673 2838 4728 eorumque
2872 4665 3113 4728 peccata.
3148 4656 3206 4710 Si
3236 4658 3376 4711 enim

1793 4751 2005 4821 spiritu,
2044 4749 2121 4808 ait
2168 4749 2391 4815 Paulus,
2440 4751 2584 4819 facta
2633 4750 2812 4805 carnis
2861 4748 3205 4816 morti/iretis,
3236 4750 3376 4801 vive-

1796 4842 1863 4894 tis
1890 4839 1955 4891 ⁸³.
2667 4904 2670 4909 _

1867 4928 2031 4985 Vsus.
2067 4927 2152 4994 15,
2189 4927 2275 4981 16.
2311 4945 2329 4979 ι
2362 4926 2466 4992 Qui
2497 4941 2618 4981 eum
2650 4927 2921 4994 jumento,
2955 4936 3012 4982 et
3045 4942 3245 4998 pecore
3284 4944 3378 4988 eo.-

1795 5020 1941 5089 ierit,
1972 5030 2150 5076 morte
2187 5018 2454 5077 moriatur
2491 5035 2503 5070 :
2541 5032 2708 5091 pecus
2735 5032 2951 5087 quoque
2981 5018 3278 5074 occidetur.
3313 5019 3382 5077 Et

1798 5114 2014 5180 mulier,
2041 5128 2162 5183 quae
2194 5110 2547 5166 succubuerit
2574 5111 2844 5181 jumento,
2882 5111 3045 5167 simul
3081 5111 3379 5168 interﬁcie-

1799 5216 1890 5262 tur
1918 5222 2042 5260 cum
2075 5220 2163 5260 eo.
2199 5203 2431 5274 Sanguis
2462 5218 2650 5258 eorum
2684 5219 2847 5273 super
2872 5219 2986 5284 eos.
3024 5224 3044 5257 ι

1871 5295 2051 5352 Nimia
2091 5301 2281 5351 contra
2320 5293 2577 5364 populqu
2625 5292 2937 5349 Judazorum
2969 5293 3247 5367 legislator.
3271 5293 3380 5355 uti-

1806 5399 1897 5444 tur
1936 5387 2298 5453 districtione,
2329 5386 2457 5456 quia
2495 5384 2551 5438 in
2583 5392 2794 5439 tantum
2840 5385 3030 5455 iniqui,
3060 5393 3225 5454 atque
3256 5385 3384 5443 libi-

1805 5480 1919 5536 dini
1954 5478 2126 5534 dediti
2154 5485 2329 5543 erant,
2357 5486 2417 5531 ut
2446 5476 2514 5530 ad
2546 5484 2762 5531 exteras
2793 5475 2953 5530 etiam
2984 5474 3380 5545 concupiscen-

2685 5674 2729 5705 ³³
2762 5674 2803 5729 ll
2852 5670 2972 5732 Tim
3015 5691 3065 5728 tv
3102 5713 3115 5740 ,
3154 5671 3363 5733 15,,133

134 5742 618 5824 "Levitsxvmf"
659 5772 809 5827 seqq.
892 5742 1123 5812 "Illum.
1157 5742 1215 5825 Ii,
1256 5759 1307 5811 1.
1381 5757 1421 5788 ⁸⁷
1458 5754 1659 5824 Ephes.
1689 5769 1762 5820 tv,
1792 5754 1875 5807 15.
1946 5753 1990 5784 ⁸⁸
2020 5749 2153 5805 Luc.
2182 5764 2279 5815 xu,
2341 5747 2418 5802 ιυ.
2496 5749 2538 5779 ⁸³
2579 5742 2739 5800 lium.
2770 5762 2883 5811 vnt,
2916 5746 2995 5799 15.
