3810 6318
418 256 419 259 “
443 244 577 311 Hii?
1619 257 1980 319 HESYCIIII
2027 259 2499 351 PRESB’YTERI
3600 245 3749 309 10i8

439 358 540 411 tias
583 356 923 423 aberrarent,
959 365 1017 416 et
1061 370 1349 430 propterea
1400 378 1524 417 cum
1574 362 2015 436 quadrupedibus
2045 372 2089 428 Α
2117 378 2306 439 spectu
2353 370 2587 424 horum?
2636 369 2706 426 Ut
2754 370 2919 424 unius
2957 383 3120 439 pinna
3152 362 3345 423 caeteri
3390 359 3746 431 pudicitia!-

436 447 562 512 viri,
600 447 951 519 mulierisque
983 452 1384 508 commistionis
1416 454 1747 513 mentionem
1781 455 2009 524 faciens,
2118 461 2346 517 disea'nt.
2378 463 2712 534 interempto
2746 472 2928 518 autem
2968 469 3286 537 peccatore,
3322 463 3388 509 et
3426 460 3743 523 peccatum

437 537 632 593 mortis
684 551 806 593 esse
857 539 1171 611 huiusmodi
1207 558 1426 612 pcenam
1473 545 1886 601 demonstravit.
1936 548 2014 602 Tu
2116 553 2278 607 simul
2326 553 2531 619 interit,
2564 552 3022 623 quemadmodum
3065 548 3238 606 semel
3276 548 3340 601 in
3392 542 3742 617 praeceden-

439 642 640 700 autem,
673 634 903 691 forsitan
951 634 1279 705 superﬂuam
1321 653 1446 694 esse
1485 638 1732 699 ﬁdelibus
1768 644 2017 713 hancle-
2117 642 2263 696 tibus
2291 641 2551 697 diximus.
2613 732 2637 736 Α
2692 732 2703 736 Δ
2814 731 2826 736 _
2898 731 2909 736 _
3260 727 3293 736 __
3471 725 3489 736 .

439 741 559 797 cem
587 727 890 797 iudicabis;
926 742 1105 798 neque
1153 729 1322 793 enim,
1369 731 1571 802 inquis,
1618 744 1781 807 egent
1827 736 2018 805 hujus-
2188 732 2353 786 Vens.
2406 732 2492 787 t8.
2542 751 2561 783 ι
2602 732 2708 828 Qui
2744 731 2940 828 coierit
2988 745 3111 828 cum
3156 727 3440 828 muliere.
3470 725 3539 778 in
3590 723 3739 826 fluxu

439 819 586 877 ιηοιιί
631 820 756 889 iure
799 821 1031 876 censeri.
1076 820 1198 876 Non
1239 831 1421 878 autem
1468 834 1552 879 est
1595 826 1889 897 superﬂua,
1923 826 2016 883 sed
2117 830 2418 887 menstruo,
2460 831 2517 877 et
2559 821 2890 879 revelaverit
2928 820 3332 917 turpitudinem
3384 819 3571 917 ejus.
3598 819 3739 884 ipsa-

440 908 606 964 nimis
635 911 754 979 ejus
791 925 893 965 nos
932 911 1125 980 iuvare
1158 913 1417 982 spiritalis
1458 925 1640 986 potest,
1678 920 2016 990 contempla-
2115 927 2222 982 que
2271 914 2548 982 aperuerit
2592 911 2801 969 fontem
2853 912 3134 985 sanguinis
3172 910 3262 965 sui
3301 908 3732 963 iuterficientur

439 997 517 1052 tio
546 1016 559 1051 :
590 998 635 1053 si
669 999 1066 1071 quadrupedis,
1090 1002 1402 1074 voluptates
1434 1022 1651 1076 pravas,
1678 1018 1735 1066 et
1761 1010 2015 1066 deorsum

441 1093 642 1140 terram
671 1098 995 1147 contuentes
1036 1088 1405 1164 intelligamus
1441 1112 1456 1152 :
1490 1104 1678 1166 utpote
1719 1100 1869 1154 onmi
1912 1099 2017 1155 bu-

438 1176 601 1228 mana
647 1188 900 1234 carentes
955 1178 1170 1235 actione
1217 1196 1231 1231 :
1274 1191 1331 1236 et
1384 1192 1674 1255 propterea
1723 1186 2018 1257 appellatas

440 1262 832 1334 quadrupedia,
874 1281 1000 1335 quta
1045 1271 1420 1341 quarlrupedia
1469 1289 1686 1339 manus,
1733 1277 1873 1332 sicut
1918 1279 2018 1332 ho-

439 1352 640 1419 mines,
676 1368 786 1407 non
832 1355 1055 1422 habent,
1094 1367 1254 1428 atque
1283 1360 1407 1416 ideo
1433 1364 1668 1419 maxima
1701 1377 1886 1421 nostra
1923 1383 2018 1423 co-

440 1444 700 1513 gnatione
751 1458 963 1502 carent.
1017 1447 1340 1522 Quicunque
1388 1468 1519 1526 ergo
1553 1454 1655 1521 vir,
1688 1442 1782 1513 aut
1823 1460 2019 1514 mulier

440 1531 511 1588 ad
546 1534 883 1607 alienigenas
923 1539 1232 1610 voluptates
1279 1543 1337 1597 in
1380 1553 1588 1602 tantum
1635 1549 1924 1614 incumbit,
1958 1559 2018 1605 ut

439 1637 514 1679 ne
540 1624 758 1693 quidem
789 1641 889 1697 per
924 1627 1191 1686 desidiam
1233 1632 1302 1688 ab
1343 1634 1426 1690 eis
1474 1638 1741 1708 capiatur,
1773 1640 1869 1695 sed
1904 1640 2015 1696 imo

2117 1003 2276 1057 ambo
2309 1002 2378 1057 de
2407 1005 2587 1059 medio
2615 1005 2798 1075 p0pnli
2831 1005 2933 1059 sui.
2968 1024 2986 1056 ι

2187 1093 2228 1147 Α
2289 1104 2623 1151 menstruata
2681 1096 2946 1152 abstineri
2996 1097 3278 1168 legislator
3332 1110 3463 1149 non
3531 1093 3729 1147 frustra

2116 1187 2392 1256 praecepit,
2419 1189 2512 1243 sed
2542 1188 2819 1243 hominem
2844 1188 3081 1244 suadens
3104 1189 3170 1243 ad
3197 1186 3555 1258 pudicitiam
3580 1186 3727 1238 casti-

2117 1278 2349 1347 tatisque
2371 1294 2493 1333 cum
2515 1279 2850 1351 diligentiam
2871 1280 3092 1345 habere,
3111 1295 3176 1333 ex
3198 1295 3310 1349 qua
3342 1277 3725 1333 sanctiﬁcatio

2116 1370 2399 1438 provenit.
2447 1369 2641 1424 nolens
2682 1380 2738 1424 et
2784 1371 2838 1423 in
2883 1371 3048 1425 modo
3095 1385 3407 1440 porcorum
3453 1369 3723 1424 continue

2116 1455 2436 1512 mulieribus
2463 1458 2702 1525 misceri,
2728 1467 2785 1515 et
2812 1460 2878 1514 ad
2904 1472 3256 1514 communem
3287 1459 3719 1528 corruptionem

2115 1562 2328 1611 vat-are,
2363 1549 2455 1603 scd
2500 1565 2568 1604 ex
2612 1559 2799 1605 coacta
2845 1550 3173 1605 abstinentia
3211 1565 3384 1604 usum
3430 1549 3716 1604 [κει-εδδ

2118 1638 2529 1694 continentiam.
2577 1640 2683 1696 Sed
2720 1642 3173 1710 quemadmodum
3208 1641 3475 1710 disperdi
3521 1657 3624 1695 eos
3658 1643 3715 1695 de

439 1713 598 1770 valde
627 1716 707 1772 eis
729 1717 1021 1785 cohaereat,
1049 1728 1253 1777 etcum
1278 1723 1360 1779 eis
1384 1702 1560 1791 coeat;
1592 1736 1653 1782 ut
1681 1702 2013 1786 commistio-
2044 1702 2090 1761 Β
2116 1729 2316 1800 populo
2362 1746 2462 1785 suo
2510 1733 2804 1801 praecepit.
2858 1749 2985 1787 cum
3040 1733 3438 1803 purgationem
3480 1733 3541 1787 οἱ
3562 1775 3578 1797 τ
3630 1735 3712 1801 clui

435 1818 569 1859 nem
599 1819 725 1861 cum
757 1805 839 1863 eis
871 1808 1187 1867 diuturnam
1228 1822 1286 1870 et
1321 1826 1758 1886 perseverantem
1793 1821 2010 1886 habeat.

441 1907 569 1950 reus
594 1905 679 1952 est
708 1896 777 1963 is,
811 1899 908 1969 qui
955 1901 1080 1958 talis
1123 1912 1227 1969 est,
1259 1906 1443 1961 morti.
1479 1907 1581 1963 llic
1613 1918 1699 1965 est
1734 1912 1880 1966 enim
1911 1929 2013 1967 ne-

437 1982 701 2042 fariarum
732 1987 1018 2045 libidinum
1051 1991 1194 2060 finis,
1224 1996 1319 2065 qui
1356 2000 1710 2065 operantibus
1735 2017 1828 2059 eas
1851 2004 2013 2074 puni-

438 2075 532 2142 tis,
567 2086 717 2133 recte
763 2079 867 2151 ipsi
916 2081 1081 2137 etiam
1137 2086 1275 2141 mori
1327 2087 1606 2146 dicuntur.
1646 2091 1833 2163 Neque
1862 2097 2011 2150 enim

434 2179 537 2236 per
563 2180 623 2222 se
652 2168 1033 2238 subsistentes,
1066 2174 1194 2243 quia
1227 2175 1374 2230 nulla
1404 2188 1489 2233 est
1515 2182 1725 2250 peccati
1754 2184 2011 2239 substan-

438 2256 513 2312 tia
549 2257 605 2313 in
647 2262 1051 2330 peccatoribus,
1087 2275 1406 2336 operantur,
1433 2269 1632 2340 quibus
1664 2280 1846 2329 tamen
1882 2291 2011 2346 per-

437 2347 586 2415 ditis,
618 2361 676 2407 et
712 2352 845 2420 ipsa:
870 2354 1035 2412 simul
1058 2367 1310 2428 pereunt.

508 2440 672 2499 Vsus.
702 2436 735 2500 Vi
750 2445 799 2500 7.
835 2466 855 2501 ι
891 2446 993 2514 Qui
1041 2452 1312 2521 acceperit
1359 2468 1602 2511 sororem
1652 2473 1807 2515 suam
1844 2459 2011 2517 tiliam

435 2535 614 2605 patris
653 2536 760 2604 sui,
786 2538 874 2595 vel
910 2540 1076 2596 tiliam
1110 2543 1301 2599 matris
1342 2560 1475 2613 suae,
1518 2557 1574 2604 et
1605 2550 1805 2606 viderit
1835 2553 2012 2624 turpi-

437 2623 685 2680 tudinem
726 2626 865 2697 eius,
901 2629 1101 2700 illaque
1145 2636 1496 2704 conspexerit
1545 2637 1730 2695 fratris
1777 2623 2010 2714 ignomi-

437 2712 609 2779 niam,
643 2714 908 2771 nefariam
959 2734 1075 2774 rem
1128 2724 1341 2793 operati
1387 2737 1517 2783 sunt
1550 2744 1570 2783 :
1599 2712 1918 2787 occidentur
1955 2733 2011 2789 in

437 2820 737 2880 conspectu
794 2811 1018 2881 populi,
1072 2828 1141 2869 eo
1193 2816 1339 2884 quod
1398 2820 1790 2890 turpitudinem
1855 2840 2010 2881 suam

437 2908 633 2955 mutuo
707 2901 1070 2959 revelaverint
1146 2915 1203 2961 et
1285 2911 1585 2978 portabunt
1668 2914 2011 2986 iniquitatem

2111 1818 2371 1873 dormivit
2408 1834 2531 1873 cum
2561 1817 2918 1887 menstruata,
2945 1823 3195 1892 superius
3221 1823 3558 1885 indixisset,
3586 1824 3712 1876 dixit

2110 1911 2255 1966 enim
2290 1929 2303 1965 :
2339 1910 2399 1966 Si
2453 1912 2634 1965 coierit
2690 1930 2809 1966 cum
2868 1931 2930 1967 ea
2986 1915 3069 1969 vir
3125 1923 3365 1984 tempore
3431 1916 3709 1984 sanguinis

2111 2000 2469 2064 menstrualis,
2506 2003 2806 2057 immundus
2832 2005 2929 2058 erit
2958 2015 3151 2074 septent
3177 2005 3367 2058 diebus
3399 2005 3475 2058 ".
3509 2005 3707 2059 Deinde

2110 2107 2208 2163 per
2249 2091 2384 2158 haec,
2421 2085 2806 2164 purgationum
2846 2095 3109 2150 sacrificia
3140 2112 3384 2149 narrans
3414 2097 3699 2151 subdidit:

2110 2184 2221 2238 Ista
2254 2196 2329 2240 est
2370 2185 2454 2241 lea:
2480 2188 2594 2257 ejus
2625 2189 2714 2259 qui
2746 2190 2950 2259 fluxum
2985 2190 3199 2243 seminis
3246 2191 3489 2258 patitur,
3541 2201 3593 2243 et
3618 2192 3701 2259 qui

2110 2276 2387 2347 polluitur,
2421 2288 2470 2332 et
2499 2294 2616 2349 qua:
2656 2280 2930 2350 sanguinis
2970 2280 3175 2349 ﬂuxum
3215 2280 3438 2347 patitur
3472 2281 3532 2332 in
3568 2296 3703 2333 mea-

2109 2370 2271 2423 struis
2324 2371 2453 2431 suis,
2490 2380 2539 2424 et
2590 2371 2850 2439 inﬂuxum
2902 2371 3112 2424 seminis
3157 2371 3404 2438 patiente
3459 2372 3517 2424 in
3567 2372 3703 2439 βω

2109 2477 2204 2516 suo
2256 2460 2490 2514 masculo
2538 2470 2586 2514 et
2638 2462 2832 2532 femina
2870 2460 2936 2515 ".
2980 2460 3045 2516 Et
3095 2462 3251 2525 viro,
3303 2463 3353 2515 si
3419 2463 3704 2516 dormierit

2110 2569 2236 2610 cum
2261 2561 2623 2619 menstruata,
2649 2554 2730 2609 sic
2758 2553 2975 2624 purgari
3014 2562 3069 2607 et
3108 2554 3276 2617 hunc,
3308 2554 3461 2608 sicut
3492 2564 3551 2610 et
3580 2556 3705 2608 alius

2111 2662 2220 2701 non
2252 2646 2433 2716 puniri
2476 2647 2611 2700 vult.
2655 2644 2798 2716 Ergo
2826 2645 3261 2714 contemplemur
3298 2637 3705 2703 menstruati‘m

2074 2732 2090 2744 ⁸
2112 2735 2396 2807 gentilium
2424 2735 2770 2806 sapientiam,
2804 2735 2965 2807 longe
2991 2737 3138 2790 enim
3167 2752 3198 2790 a
3224 2736 3342 2791 Deo
3374 2746 3496 2803 est,
3528 2740 3625 2792 sed
3658 2750 3708 2793 et

2110 2821 2180 2875 de
2222 2821 2408 2875 volatu
2449 2820 2653 2887 avium,
2693 2838 2859 2878 cursu
2891 2822 3131 2877 siderum
3170 2835 3227 2878 et
3271 2827 3566 2881 mensuris
3592 2828 3707 2881 creti

2113 2913 2301 2968 dicens
2330 2922 2495 2984 atque
2533 2915 2756 2971 docens.
2791 2914 2928 2970 Cum
2962 2915 3065 2970 hac
3104 2933 3235 2987 ergo
3279 2920 3600 2987 pessimum
3630 2932 3709 2973 est

437 3007 612 3048 suam.
649 3011 668 3045 ι
2037 3044 2080 3102 c
2112 3003 2375 3071 dormire,
2411 3004 2464 3059 id
2487 3014 2572 3060 est
2604 3006 2862 3061 delectari
2897 3007 2953 3061 in
2982 3022 3067 3071 ea,
3095 3018 3149 3061 et
3180 3008 3276 3062 diu
3320 3009 3505 3072 coire,
3532 3011 3628 3064 sed
3656 3021 3709 3064 et

508 3079 815 3139 Tolerabile
861 3099 982 3141 esse
1021 3087 1145 3152 hoc,
1187 3104 1217 3142 a
1255 3090 1441 3146 multis
1490 3094 1805 3163 putabatur,
1853 3113 2010 3153 soro-
2038 3079 2080 3102 ν
2114 3096 2376 3163 revelare,
2400 3107 2455 3152 et
2484 3098 2659 3168 palam
2689 3097 2959 3168 proferre,
2993 3099 3399 3169 turpitudinem
3431 3103 3580 3169 eius,
3604 3111 3704 3156 tn-

437 3178 592 3234 ribus
619 3177 741 3233 filiae
770 3180 962 3250 patris,
998 3181 1083 3237 vel
1130 3181 1253 3239 filim
1292 3185 1482 3242 matris
1511 3187 1748 3254 misceri,
1795 3190 1921 3258 quia
1956 3199 2012 3245 et
2109 3186 2290 3242 dendo
2323 3201 2448 3256 eas,
2491 3203 2611 3258 qua:
2641 3188 2786 3259 apud
2823 3204 2942 3245 eam
2978 3199 3139 3255 sunt,
3173 3194 3376 3245 teletas
3401 3201 3464 3246 et
3496 3208 3703 3247 errores

434 3269 708 3325 Abraham
738 3269 805 3325 de
833 3267 963 3325 Sara
995 3273 1211 3329 dicebat
1242 3294 1259 3329 :
1288 3272 1451 3330 Soror
1488 3293 1603 3332 mea
1641 3288 1715 3332 est
1745 3296 1809 3333 ea:
1835 3289 2006 3349 patre,
2108 3294 2246 3349 quos
2274 3278 2458 3348 habet,
2492 3290 2547 3335 et
2581 3279 2787 3336 fontem
2833 3282 3000 3337 totius
3036 3283 3243 3337 erroris
3277 3296 3659 3354 exponentem
3687 3302 3700 3335 :

435 3367 487 3414 et
524 3374 627 3414 non
654 3375 717 3414 ea:
744 3369 914 3414 matre
956 3362 1024 3415 ’°.
1066 3360 1220 3428 Quod
1272 3364 1495 3434 quidem
1544 3383 1653 3422 non
1695 3370 2009 3427 omnimodo
2107 3371 2236 3440 quia
2260 3371 2347 3426 bis
2373 3371 2685 3442 publicatis,
2714 3373 2918 3429 revelat
2945 3383 3001 3429 et
3031 3375 3146 3443 ipsa
3173 3375 3390 3430 fluxum
3425 3378 3700 3448 sanguinis

434 3447 514 3504 sic
542 3457 644 3513 est,
673 3448 814 3504 sicut
839 3450 1039 3507 habere
1065 3456 1287 3521 putatur
1317 3455 1542 3511 historia
1575 3477 1586 3512 :
1613 3473 1738 3512 nam
1771 3476 1885 3525 eos,
1914 3462 2006 3531 qui
2107 3458 2214 3525 sui,
2240 3459 2292 3513 id
2321 3468 2406 3514 est
2433 3475 2498 3515 ea
2524 3476 2645 3530 qua:
2682 3471 2810 3517 sunt
2839 3462 2908 3517 de
2934 3463 3218 3518 sacrificiis
3259 3447 3558 3520 idolorum
3577 3470 3696 3521 subc

432 3555 501 3595 cx
528 3535 705 3595 Thare
733 3550 889 3610 patre
925 3542 1196 3599 Abraham
1233 3544 1404 3616 geniti
1447 3557 1593 3613 sunt,
1630 3544 1843 3620 Moyses
1878 3568 2006 3605 nar-
2108 3551 2462 3605 introducens
2495 3571 2507 3607 :
2541 3562 2765 3622 propter
2811 3555 2956 3624 quod
3009 3570 3120 3609 non
3165 3556 3512 3627 simpliciter
3548 3561 3691 3623 dixit,

429 3646 578 3696 rans,
611 3647 880 3703 nusquam
919 3630 1068 3691 Sarae
1113 3637 1444 3693 mentionem
1494 3639 1645 3707 fecit,
1673 3642 1819 3710 quod
1862 3642 1908 3697 si
1951 3652 2007 3699 et
2106 3642 2502 3711 ittterﬁcienlur,
2533 3646 2631 3699 sed
2662 3646 2869 3701 addidit
2900 3665 2913 3699 :

430 3721 603 3776 sorori
660 3738 773 3779 suae
828 3723 1100 3780 Abraham
1156 3727 1360 3798 nupsit,
1407 3739 1534 3785 ante
1594 3740 1777 3786 tamen
1840 3748 2002 3803 quam
2178 3735 2253 3788 De
2283 3736 2452 3790 medio
2474 3737 2655 3805 populi
2672 3739 2774 3791 sui.
2800 3737 2921 3800 Vel,
2965 3739 3270 3794 secundum
3301 3741 3485 3810 LXX,
3519 3763 3583 3799 ιι-
3612 3764 3690 3818 ge-

427 3821 784 3884 cognosceret
830 3813 1020 3871 Deum.
1064 3814 1262 3873 Malum
1296 3827 1379 3873 est
1410 3836 1539 3891 ergo
1566 3823 1844 3878 sororibus
1872 3840 2004 3879 con-
2105 3818 2362 3883 nere'suo.
2398 3827 2534 3896 Quia
2558 3832 2649 3900 qui
2681 3832 3008 3902 sapientiam
3036 3833 3201 3888 tradit
3230 3838 3560 3906 gentilium,
3583 3857 3689 3908 qua:

422 3901 560 3973 jugii
599 3905 857 3961 societate
896 3906 1135 3977 misceri,
1164 3911 1309 3965 unde
1335 3920 1392 3966 et
1419 3911 1550 3967 illud
1581 3913 1666 3968 lex
1697 3915 1998 3985 prohibuit.
2102 3923 2488 3989 prmvaricatur
2519 3901 2766 3977 errorem
2812 3931 3083 3986 nostrum.
3130 3935 3186 3979 et
3217 3901 3528 3982 scientiam
3557 3934 3683 4001 ejus.

425 3992 563 4049 Cum
606 4011 738 4069 ergo
784 3998 900 4055 haec
941 4000 1021 4056 sic
1063 4018 1122 4057 se
1170 4003 1427 4070 habeant,
1460 4008 1772 4064 nullatenus
1801 4027 1830 4065 a
1862 4028 2002 4081 praa—
2101 4018 2157 4063 et
2198 4010 2477 4079 pietatem,
2535 4028 2646 4066 non
2687 4023 2768 4068 est
2816 4015 3027 4083 justum
3078 4016 3188 4085 jam
3245 4024 3309 4069 ut
3380 4022 3685 4076 nominetur

424 4084 570 4141 dicta
641 4091 1104 4161 contemplatione
1168 4097 1509 4154 recedamus.
1583 4097 2000 4170 Turpitudinem
2102 4102 2310 4157 homo:
2346 4104 2442 4159 sed
2470 4114 2524 4157 et
2552 4105 2787 4174 imagine
2823 4105 2919 4159 Dei
2951 4107 3338 4176 semetipsum,
3391 4110 3682 4181 ignorando

424 4183 608 4231 autem
635 4180 839 4235 sororis
864 4198 932 4236 ex
961 4192 1138 4252 patre,
1167 4188 1262 4241 aut
1299 4200 1365 4242 ex
1394 4199 1587 4253 matre,
1626 4206 1813 4247 revera
1850 4192 1999 4249 illum
2100 4195 2441 4259 Creatorem,
2477 4196 2749 4266 privavit;
2782 4206 2839 4252 et
2866 4198 2989 4253 idco
3035 4198 3377 4254 interficitur
3414 4202 3487 4258 de
3519 4205 3679 4258 medio

425 4265 672 4337 intellige
717 4269 926 4333 videre,
955 4280 1010 4326 et
1042 4274 1314 4343 accipere,
1347 4279 1441 4347 qui
1475 4288 1688 4350 turpem
1729 4284 1998 4341 actionem
2099 4285 2326 4360 populo,
2379 4265 2495 4340 sive
2524 4287 2592 4341 de
2618 4303 2821 4357 genere
2863 4303 2982 4351 suo,
3017 4299 3078 4343 ut
3123 4305 3236 4343 non
3263 4292 3386 4360 iam
3426 4296 3677 4364 sapientia

423 4372 456 4410 a
485 4367 638 4426 patre
683 4368 777 4414 aut
818 4371 1010 4427 matre,
1043 4363 1095 4418 id
1125 4373 1230 4433 est,
1274 4366 1330 4420 in
1368 4384 1474 4437 qua
1505 4378 1659 4439 pater
1697 4383 1791 4428 aut
1823 4386 1998 4432 mater
2030 4371 2073 4425 D
2103 4373 2434 4436 nominetur,
2482 4375 2579 4429 sed
2621 4386 2807 4432 careat
2851 4379 2997 4448 quod
3048 4379 3243 4434 habuit
3272 4381 3424 4437 falso
3473 4363 3673 4441 nomine

421 4446 670 4516 deliquit,
702 4461 812 4503 non
846 4451 1022 4506 solum
1055 4454 1221 4520 videt,
1254 4456 1349 4511 sed
1380 4466 1434 4512 et
1462 4460 1680 4530 accipit,
1713 4479 1812 4531 per
1841 4464 1995 4520 simi-
2100 4474 2263 4536 atque
2310 4466 2460 4531 ﬁcto,
2500 4477 2638 4523 teste
2689 4446 2886 4533 Paulo,—
2922 4473 3014 4542 qui
3050 4473 3163 4528 ait:
3206 4474 3497 4543 Sapientia
3538 4483 3673 4550 hujus

421 4536 528 4592 lem
559 4547 615 4594 et
655 4555 838 4609 parem
864 4544 1134 4599 actionem
1164 4562 1180 4600 :
1211 4556 1267 4601 et
1298 4548 1541 4605 nefarius
1579 4557 1664 4606 est
1713 4553 1802 4609 hic
1831 4571 1845 4607 :
1884 4572 1992 4612 non
2101 4557 2303 4621 mundi,
2329 4558 2554 4612 stultitia
2590 4571 2666 4614 est
2694 4564 2839 4630 apud
2878 4536 3046 4617 Deum
3081 4565 3150 4619 ".

422 4627 598 4683 solum
626 4639 995 4700 perscrutans,
1019 4650 1140 4707 quae
1167 4653 1276 4692 non
1305 4641 1566 4710 oportuit,
1599 4644 1694 4700 sed
1721 4646 1775 4701 et
1803 4663 1995 4718 super-
2169 4644 2332 4701 Vens.
2376 4649 2460 4704 i9.
2518 4669 2537 4702 ‹
2582 4627 2997 4720 Turpitudinem
3048 4664 3362 4713 matertera:
3413 4672 3471 4716 et
3509 4665 3668 4718 amite

420 4719 714 4787 :editicans,
749 4731 804 4777 et
852 4725 1194 4799 conjungens
1237 4745 1297 4785 se
1337 4740 1661 4803 perpetratae
1690 4750 1721 4790 a
1751 4739 1994 4807 parenti-
2102 4746 2211 4794 tua:
2248 4755 2358 4793 non
2413 4719 2822 4811 diseooperies:
2875 4746 2969 4815 qui
3018 4747 3124 4801 hoc
3173 4748 3397 4817 fecerit,
3452 4755 3663 4823 ignomi-

417 4810 522 4867 bns
553 4811 828 4882 pravitati.
861 4812 995 4882 Quae
1022 4832 1179 4874 soror
1205 4821 1344 4891 eius,
1374 4822 1530 4893 quasi
1573 4826 1724 4894 pravi
1758 4830 1997 4897 pravitas
2102 4831 2248 4885 niam
2279 4833 2462 4888 carnis
2496 4810 2619 4888 sua).
2635 4834 2863 4891 nudavit
2882 4810 2911 4903 ξ
2929 4839 3227 4908 portabunt
3272 4843 3445 4900 ambo
3472 4810 3668 4915 iniqui-

419 4906 744 4976 appellatur.
789 4907 896 4964 Sed
930 4920 983 4965 et
1019 4922 1075 4966 ut
1104 4913 1198 4983 qui
1225 4913 1529 4972 diffamavit
1559 4933 1700 4982 eam,
1733 4928 1787 4975 et
1824 4922 1998 4979 disse-
2088 4928 2267 4979 tatem
2293 4939 2470 4979 suam.
2503 4943 2523 4977 ι

416 4997 671 5065 minavit,
700 4999 924 5054 latentia
951 5001 1097 5055 enim
1128 5003 1424 5072 plurimum
1455 5017 1740 5075 parentum
1773 5022 1994 5080 peccata
2164 5012 2277 5071 Nec
2326 5014 2605 5074 sororibus
2662 5023 2925 5093 praecepit.
2969 5039 3159 5080 eorum
3203 5026 3297 5097 qui
3328 5045 3437 5085 nos
3470 5046 3670 5099 genuc-

419 5086 707 5145 ditl'amant
740 5090 854 5156 ﬁlii,
885 5093 1104 5162 quando
1158 5105 1326 5166 agunt
1373 5098 1591 5154 similia.
1641 5101 1798 5158 Unde
1848 5104 1996 5159 hunc
2097 5114 2246 5170 runt,
2301 5086 2679 5173 commisceri;
2718 5086 3101 5185 tam‘nropter
3146 5086 3579 5187 generationes.
3620 5134 3669 5177 ut

418 5178 514 5248 qui
562 5181 688 5236 talis
737 5193 840 5245 est,
891 5184 1130 5254 disperdi
1182 5185 1236 5239 in
1291 5200 1586 5259 conspectu
1636 5193 1841 5261 p0pnli,
1884 5195 1990 5261 vel,
2096 5211 2205 5249 non
2237 5199 2664 5266 confundantur,
2706 5219 2869 5274 quam
2899 5214 2960 5260 ut
2979 5178 3387 5278 competentem
3422 5229 3665 5271 reveren-

420 5269 562 5325 sicut
590 5270 753 5337 LXX,
784 5274 840 5327 in
877 5287 1152 5344 conspectu
1190 5277 1422 5346 ﬁliorum
1443 5283 1662 5362 dgeneris
1693 5285 1797 5347 sui,
1828 5284 1878 5338 id
1907 5295 1990 5341 est
2094 5291 2222 5345 tiam
2251 5294 2568 5361 parentibus
2592 5312 3000 5363 conservemus,
3040 5312 3263 5372 propter
3301 5319 3400 5358 eos
3430 5316 3486 5360 et
3515 5323 3545 5361 a
3576 5324 3649 5361 so-

419 5358 730 5419 videntibus
763 5364 963 5421 similia
1000 5367 1382 5438 cogitantibus,
1415 5358 1671 5441 praecepit
1704 5392 1715 5427 :
1756 5374 1809 5429 hi
1840 5376 1987 5430 enim
2090 5383 2309 5437 roribus
2369 5398 2560 5438 eorum
2621 5386 3007 5444 abstinentes:
3081 5394 3226 5461 quod
3285 5394 3548 5451 similiter
3607 5407 3653 5451 et

420 5448 515 5505 lilii
544 5455 759 5523 generis
789 5456 907 5527 eius
936 5468 1081 5515 recte
1108 5460 1382 5517 dicuntur.
1414 5463 1525 5519 Cur
1552 5474 1734 5520 autem
1765 5467 1819 5522 in
1858 5482 1987 5523 con—
2089 5473 2390 5527 secundum
2439 5474 2690 5543 spiritum
2733 5477 3021 5550 intelligas,
3075 5490 3137 5534 ut
3184 5498 3293 5536 non
3346 5484 3527 5540 solum
3576 5500 3655 5540 ve-

487 5651 533 5683 "
555 5652 692 5712 Gen.
722 5674 811 5726 xx,
849 5660 936 5716 12.
1015 5664 1057 5697 ’³
1082 5663 1254 5721 Levii.
1285 5682 1382 5736 xv,
1411 5668 1500 5722 25.
1575 5669 1620 5701 ⁹¹
1652 5668 1781 5725 ibid.
1814 5669 1903 5735 52,
1928 5669 2013 5725 35.

2187 5673 2193 5726 Ι
2220 5672 2345 5728 Cor.
2387 5690 2466 5740 nt,
2508 5673 2588 5730 l9.
