3810 6318
25 338 150 402 L0i9

1146 338 1228 397 IN
1256 301 1723 421 'LEvmcuM.
1751 359 1815 370 --
1858 337 2006 398 Lm.
2036 337 2134 398 v1.

3139 337 3276 408 1(50

25 459 193 507 entur
219 458 510 520 parentum
532 456 757 520 peccata
788 429 1028 517 silentio,
1059 461 1116 507 et
1143 453 1430 508 tradantur
1450 455 1593 509 obli—
1622 455 1667 510 A
1699 451 1835 507 Inori
1890 454 2168 524 prmeepit,
2210 453 2327 508 sine
2363 452 2488 508 ﬁliis
2518 463 2701 509 autem
2755 454 2875 509 illos
2924 455 3060 511 muri
3117 458 3274 521 dicit,

25 541 178 607 vioni,
207 542 304 599 sed
347 551 403 597 et
428 557 648 606 eorum,
687 542 782 612 qui
819 543 902 599 eis
930 544 1120 599 sociati
1155 555 1305 612 sunt,
1354 547 1499 601 unde
1536 554 1592 599 et

25 648 197 687 :orum
229 631 424 688 fratres
451 648 574 691 esse
602 632 885 688 dicuntur.
918 632 1194 690 Sileamus
1234 647 1422 691 autem
1462 638 1591 691 illo-

32 738 127 777 um
159 732 402 791 peccata,
429 724 556 793 quia
586 723 812 780 nudatis
836 724 966 790 illis,
1010 726 1182 782 latere
1208 743 1310 783 nec
1335 739 1592 798 parentes

25 809 257 881 lossunt,
285 815 434 871 unde
461 816 539 871 ait
562 835 576 872 :

73 907 434 977 Ignominiam
484 911 660 965 carnis
707 926 818 965 suae
851 911 1090 966 nudavit.
1138 910 1240 978 Qui
1267 923 1449 968 autem
1487 917 1593 969 hoc

25 1004 239 1066 aciunt,
268 1003 356 1059 cui
389 1019 567 1074 paena:
605 1005 1042 1061 submittuntur?
1070 1007 1377 1063 Portabunt
1399 1011 1584 1073 ambo,

25 1094 218 1161 nquit,
274 1093 618 1163 iniquitatem
677 1111 853 1151 suam.
912 1095 1059 1151 LXX
1113 1108 1298 1154 autem
1355 1102 1582 1164 addunt,

28 1182 119 1236 ine
169 1182 295 1250 ﬁliis
350 1185 657 1241 morientur.
715 1184 855 1252 Quia
915 1188 1010 1258 qui
1065 1204 1177 1243 non
1223 1189 1457 1246 invicem
1487 1207 1586 1247 sua

25 1274 253 1329 tondera
295 1285 532 1345 portant,
570 1278 667 1332 sed
708 1278 993 1334 diﬁamant
1032 1290 1196 1351 atque
1227 1282 1591 1339 disseminant

32 1371 383 1431 ognatorum,
432 1374 539 1419 tam
575 1368 878 1423 secundum
919 1385 1140 1424 carnem
1192 1387 1356 1441 quam
1389 1388 1589 1427 secun-

25 1455 138 1507 Ium
199 1456 451 1524 spiritum
484 1469 730 1528 peccata.
763 1460 883 1516 sine
916 1463 1211 1520 virtutibus
1260 1467 1582 1531 morientur,

25 1562 128 1615 [uae
176 1557 258 1602 est
309 1548 542 1617 pessima
598 1551 880 1607 sterilitas.
923 1552 1418 1612 Filiietenim‘nos
1450 1568 1588 1612 tem-

25 1653 140 1691 »οι-ε
169 1639 358 1708 jndicii
406 1657 517 1696 non
581 1643 813 1711 juvant,
861 1645 1096 1702 virtutes
1143 1660 1327 1703 autem
1365 1650 1580 1719 juvant,

25 1744 236 1796 marum
275 1747 439 1786 causa
474 1732 730 1789 videlicet
769 1752 1116 1801 coronamur,
1163 1756 1393 1809 quarum
1422 1742 1582 1795 steri-

25 1821 159 1876 itate
202 1822 440 1878 animam
497 1835 766 1894 mgrotare
821 1828 1188 1885 miserrimum
1247 1843 1350 1887 est.
1388 1832 1584 1887 Ornari

35 1924 187 1968 utcm
224 1916 531 1986 hujusmodi
581 1920 814 1975 ﬁliorum
857 1924 1232 1992 generatione,
1261 1924 1588 1980 beatitudini

29 2014 107 2060 st.
135 2007 202 2063 Et
241 2010 344 2063 hoc
378 2020 466 2063 est
500 2026 625 2065 eum
663 2013 801 2067 lsaia
838 2014 1047 2070 dicere.
1081 2016 1126 2069 A
1153 2017 1291 2087 facie
1324 2026 1440 2081 tua,
1478 2017 1584 2072 Do-

26 2098 160 2161 rtiue,
222 2102 571 2169 concepimus,
613 2113 660 2156 et
701 2105 856 2174 quasi
880 2109 1263 2174 parturivimus
1295 2118 1343 2162 et
1376 2111 1584 2181 peperi-

25 2204 117 2240 aus
138 2190 383 2256 spiritum
418 2190 625 2249 salutis.
674 2192 949 2261 justitiam
990 2212 1094 2250 non
1126 2198 1345 2266 fecimus
1392 2201 1449 2252 in
1477 2210 1586 2255 ter-

25 2294 58 2330 a
78 2277 144 2329 9⁵.
181 2275 244 2330 Ει
280 2278 396 2332 haec
423 2278 696 2351 intelligis,
727 2292 782 2336 et
815 2299 938 2353 qua:
968 2286 1424 2357 subsequuntur:

74 2368 232 2422 Vens.
263 2368 355 2431 20,
381 2369 472 2422 2i.
508 2387 527 2421 ί
565 2371 667 2438 Qui
699 2374 891 2429 coierit
918 2390 1043 2430 cum
1069 2394 1237 2433 uxore
1261 2380 1464 2449 patrui,
1495 2384 1583 2438 vel

27 2461 255 2517 vunculi
295 2462 402 2527 sui,
429 2472 483 2517 et
510 2467 834 2524 revelaverit
859 2469 1211 2542 ignominiam
1242 2475 1585 2546 cognationis

25 2569 147 2618 uae,
199 2555 499 2623 portabunt
559 2559 721 2614 ambo
774 2571 1059 2630 peccatum
1115 2581 1315 2633 suum,
1372 2568 1581 2639 absque

32 2643 184 2698 beris
233 2645 550 2702 morientur.
600 2647 702 2715 Qui
736 2651 952 2708 duxerit
989 2671 1214 2711 uxorem
1246 2657 1438 2714 fratris
1469 2661 1578 2723 sui,

25 2750 112 2789 em
144 2734 270 2790 fecit
294 2737 561 2804 illicitum,
598 2742 994 2810 turpitudinem
1043 2746 1224 2802 fratris
1253 2749 1338 2803 sui
1367 2752 1579 2806 revela-

25 2826 92 2890 it,
115 2828 321 2898 absque
354 2830 478 2885 ﬁliis
507 2842 692 2889 erunt.
739 2854 757 2885 ι

65 2918 321 2975 Ostendit
376 2938 507 2994 ergo
560 2925 839 2997 legislator
882 2930 1009 2999 quia
1068 2933 1306 2990 maxime
1332 2935 1576 2991 ﬁliorum

25 3027 161 3066 ausa
220 3028 252 3067 a
340 3014 604 3073 Creatore
681 3021 945 3077 societate
1019 3026 1255 3096 percipit
1326 3038 1580 3085 naturam

25 3106 270 3179 onjungi,
321 3124 384 3163 ea
429 3113 630 3183 quippe
660 3130 782 3184 quae
822 3127 1252 3190 nunctanquam
1292 3123 1579 3179 abomina-

26 3201 125 3255 ilia
158 3201 563 3290 incongruaquc
613 3209 914 3277 prohibuit.
946 3211 1039 3267 Est
1083 3214 1228 3268 enim
1262 3232 1455 3273 revera
1489 3219 1577 3273 in-

25 3309 316 3364 ongrunm,
359 3304 413 3349 et
462 3297 839 3367 jumentorum
889 3302 1014 3357 vite
1046 3307 1363 3374 proximum
1392 3312 1579 3365 uxori-

26 3400 96 3439 us
121 3384 370 3451 fratrum,
393 3399 773 3459 cognatorum,
800 3392 1106 3449 vicinorum
1138 3397 1397 3454 videlicet
1422 3416 1578 3457 com-

25 3475 243 3530 iisceri:
280 3488 333 3531 et
361 3479 477 3533 hmc
505 3481 562 3534 in
595 3481 699 3535 alia
733 3493 888 3552 parte
930 3486 1087 3557 legis,
1119 3488 1172 3543 id
1199 3498 1303 3554 cst,
1344 3492 1397 3545 in
1436 3493 1577 3547 libro

26 3568 442 3634 'euterbnomii,
502 3584 610 3625 non
668 3571 844 3627 solum
911 3578 1191 3647 praaeepit,
1254 3582 1351 3635 sed
1410 3583 1573 3638 etiam

25 3660 278 3731 ampulit,
314 3661 548 3718 dicens:
605 3665 832 3729 Quando
889 3668 1244 3726 habitaverint
1290 3676 1483 3735 fratres
1503 3678 1574 3730 si-

25 3752 125 3817 ml,
175 3762 225 3806 et
271 3770 402 3809 unus
442 3772 506 3809 ex
551 3756 627 3810 eis
671 3758 866 3830 absque
919 3761 1096 3817 liberis
1126 3775 1362 3821 mortuus
1390 3770 1572 3838 fuerit,

25 3864 127 3903 τοι·
154 3846 386 3917 defuncti
412 3863 511 3901 non
532 3850 688 3903 nubet
719 3850 896 3916 alteri,
927 3854 1020 3907 sed
1041 3856 1261 3920 accipiet
1308 3875 1425 3912 eam
1456 3863 1572 3931 fra—

25 3957 69 3993 er
97 3940 231 4009 ejus,
281 3947 330 3992 et
370 3939 643 3993 suscitabit
690 3957 863 3996 semen
914 3946 1099 4015 fratris
1143 3950 1227 4001 sui
1244 3949 1310 4002 θ’.
1376 3953 1441 4005 Et
1490 3952 1574 4008 his

35 4030 211 4082 milia.
243 4028 381 4082 Cum
411 4036 595 4082 autem
640 4028 811 4084 frater
838 4047 949 4087 non
984 4034 1172 4099 fuerit,
1199 4046 1296 4092 aut
1321 4054 1570 4096 avuncu-

25 4136 124 4185 ιω,
177 4129 274 4175 aut
324 4135 447 4175 eum
499 4120 736 4189 qualiter
784 4131 870 4179 est
912 4140 978 4180 ex
1014 4127 1186 4195 patris
1215 4132 1567 4200 cognatione,

25 4227 192 4269 ucere
219 4212 502 4267 mulierem
524 4212 770 4273 defuncti
795 4216 915 4272 sine
934 4218 1059 4273 filiis
1075 4223 1356 4291 praacepit,
1372 4239 1568 4294 quem-

26 4303 281 4359 lmodum
328 4314 382 4357 et
427 4302 570 4358 Booz
631 4304 777 4360 Ruth
837 4310 1143 4365 secundum
1171 4311 1346 4383 legem
1367 4329 1568 4386 cogna-

25 4396 153 4451 onis
200 4396 492 4466 accepit".
538 4397 629 4452 Sic
674 4398 919 4455 libidinis
975 4403 1195 4472 quidem
1239 4421 1402 4462 causa
1427 4406 1566 4479 fugit

1695 547 1994 600 secundum
2038 544 2180 599 LXX
2225 546 2492 601 duntaxat
2535 547 2898 617 interpretum
2948 547 3267 611 editionem,

1695 648 1754 692 ut
1794 654 1901 692 non
1956 646 2241 707 reputetur
2274 639 2354 692 eis
2403 638 2640 693 ﬁliorum
2671 637 2970 699 successio,
3006 653 3109 690 nec
3144 636 3271 693 ﬁliis

1692 745 1846 784 suam
1878 729 2187 799 relinquant
2224 730 2619 785 luereditatem.
2653 729 2769 784 Hoc
2816 738 2997 783 autem
3031 720 3269 783 ostendit

1692 819 1855 872 etiam
1907 816 2267 887 Symmachus
2310 817 2480 871 edens
2527 816 2764 885 planius,
2796 815 2891 870 sed
2932 825 2987 869 et
3018 814 3270 869 Theodo-

1691 911 1826 973 tion,
1861 909 1955 979 qui
1982 922 2081 978 pro
2104 922 2170 961 eo
2195 907 2340 976 quod
2366 906 2573 962 dictum
2607 915 2708 970 est,
2745 905 2856 959 sine
2884 904 3010 973 ﬁliis
3037 907 3269 959 morien-

1691 1011 1796 1065 tur,
1829 1002 2030 1055 —sine
2076 1000 2200 1069 ﬁliis
2261 1009 2433 1061 erunt,
2495 1000 2726 1067 uterque
2761 997 3075 1052 ediderunt.
3109 995 3266 1051 Unde

1689 1102 1746 1149 et
1794 1094 2094 1165 spiritalem
2128 1091 2638 1162 interpretationem
2670 1101 2727 1145 et
2771 1090 3159 1145 resolutionem
3189 1089 3266 1143 si-

1691 1186 1873 1240 milem
1908 1184 2074 1239 habet
2097 1182 2491 1253 superioribus.

1764 1279 1922 1334 Vens.
1957 1277 2047 1332 22.
2087 1295 2105 1328 ε
2142 1276 2425 1330 Custodite
2465 1273 2612 1344 leges
2642 1286 2812 1333 meas,
2844 1280 3006 1341 atque
3035 1271 3260 1340 judicia,

1689 1378 1745 1422 et
1771 1367 1932 1421 facite
1958 1381 2045 1427 ea,
2076 1380 2147 1419 ne
2162 1374 2217 1419 et
2246 1379 2342 1418 vos
2388 1368 2605 1417 evomat
2639 1370 2783 1415 terra
2813 1375 2976 1431 quam
3008 1359 3265 1413 iutraturi

1689 1459 1819 1513 estis
1840 1465 1895 1512 et
1924 1453 2179 1510 habituri.
2214 1472 2233 1503 ι

1758 1549 1877 1604 Non
1908 1547 2067 1602 nobis
2123 1542 2322 1601 sufﬁcit
2376 1551 2584 1615 partem
2618 1544 2909 1614 quamdam
2941 1557 3269 1598 conservare

1687 1642 1841 1714 legis,
1899 1656 2000 1695 nec
2054 1655 2222 1694 unum
2261 1638 2481 1692 aliudve
2538 1637 2852 1692 mandatum
2877 1636 2945 1691 ad
2971 1636 3267 1691 correctio-

1688 1751 1815 1790 nem
1851 1734 1976 1788 vita:
2006 1745 2287 1802 peragere,
2330 1730 2423 1785 sed
2452 1729 2635 1783 omnia
2662 1737 2933 1798 praecepta
2972 1738 3029 1782 et
3059 1729 3268 1798 judicia

1688 1829 1965 1885 custodire
1991 1841 2215 1881 necesse
2264 1825 2549 1889 habemus,
2593 1836 2932 1892 quascunque
2957 1836 2986 1875 a
3019 1821 3130 1875 Deo
3152 1820 3270 1901 jus-

1689 1933 1783 1974 sus
1829 1916 2106 1987 legislator
2159 1911 2398 1981 scripsit.
2451 1910 2578 1964 llaec
2604 1909 2751 1963 enim
2790 1907 2924 1962 dicit
2967 1919 3265 1977 praecepta,

1687 2012 1773 2066 vel
1819 2011 1888 2065 de
1936 2009 2136 2079 quibus
2181 2006 2298 2076 ipse
2343 2004 2602 2058 dubitans
2647 2001 2957 2070 inquirebat
2987 2002 3184 2061 Deum.
3215 2009 3271 2057 et

1687 2103 1780 2157 illo
1808 2101 1999 2157 didicit
2031 2098 2337 2169 iudicante,
2371 2095 2513 2150 sicut
2538 2095 2591 2146 in
2624 2092 2767 2146 ﬁlios
2792 2091 3110 2147 lsraelitidis
3141 2107 3269 2147 mu-

1687 2196 1855 2258 lieris,
1905 2192 1999 2264 qui
2050 2193 2266 2248 locutus
2318 2196 2405 2243 est
2437 2186 2867 2256 blasphemiam:
2922 2185 3070 2255 leges
3120 2184 3266 2239 enim

1686 2304 1807 2358 qua:
1845 2287 1919 2341 ita
1968 2286 2193 2355 prolata:
2243 2292 2392 2344 sunt,
2433 2280 2639 2355 judicia
2693 2281 2962 2334 nominat.
3014 2278 3117 2333 Per
3149 2279 3268 2332 haec

1686 2387 1864 2434 autem
1928 2387 2095 2433 totam
2145 2378 2287 2431 hanc
2315 2378 2488 2447 legem
2539 2374 2778 2430 breviter
2822 2372 3170 2445 signiﬁcavit.
3197 2372 3269 2425 de

1685 2486 1793 2542 qua
1840 2469 1979 2523 nihil
2024 2476 2243 2538 oportet
2287 2466 2613 2538 transgredi,
2658 2477 2718 2521 ut
2748 2481 2859 2520 non
2909 2464 3181 2535 ejiciatur,
3210 2463 3264 2516 id

1685 2572 1769 2617 est
1797 2563 2111 2632 projiciatur
2131 2560 2534 2632 praevaricator.
2557 2556 2672 2614 Hoc
2701 2567 2787 2613 est
2812 2557 2960 2612 enim
2985 2571 3261 2615 evomere.

1683 2651 1830 2720 quod
1878 2659 1934 2705 et
1955 2648 2340 2721 Symmachus,
2373 2645 2630 2702 similiter
2658 2653 2715 2701 et
2755 2644 3097 2700 Theodotiou
3124 2641 3266 2711 abji-

1683 2758 1810 2799 cere
1843 2742 2035 2798 edidit.
2069 2741 2260 2796 Evomi
2305 2749 2513 2805 autem,
2556 2738 2738 2794 unde?
2782 2736 2858 2792 De
2893 2744 3037 2791 terra
3070 2734 3266 2789 videli-

1683 2845 1790 2899 cet,
1819 2836 1873 2890 in
1904 2851 2010 2906 qua
2038 2850 2140 2892 nos
2201 2837 2345 2890 Deus
2379 2832 2652 2888 introduci
2686 2829 2959 2901 promittit
2985 2847 2998 2882 :
3051 2842 3173 2899 quae
3198 2826 3270 2880 sit

1682 2937 1866 2984 autem
1894 2930 2030 2994 hmc,
2071 2943 2135 2982 ex
2183 2922 2641 2996 subsequentibus
2673 2922 2843 2977 disce.

1755 3023 1919 3079 Vens.
1951 3024 2040 3088 23,
2079 3022 2170 3076 24.
2211 3040 2229 3073 ί
2267 3018 2445 3075 Nolite
2498 3017 2779 3074 ambulare
2812 3016 2865 3070 in
2890 3013 3147 3085 legitimis
3171 3025 3270 3065 na-

1685 3117 1917 3179 tionum,
1944 3129 2080 3185 quas
2110 3130 2210 3185 ego
2238 3112 2570 3182 expulsurus
2601 3127 2722 3165 sum
2752 3117 2881 3164 ante
2921 3122 3040 3163 vos.
3071 3104 3269 3160 Omnia

1686 3209 1833 3264 enim
1889 3208 2005 3263 llaec
2042 3206 2292 3262 fecerunt
2314 3213 2375 3260 et
2402 3203 2750 3258 abominatus
2781 3216 2905 3255 sum
2937 3214 3055 3254 eos.
3094 3195 3267 3253 Vobis

1686 3302 1833 3356 enim
1862 3301 2075 3370 loquor,
2107 3298 2383 3369 possidete
2431 3309 2631 3352 terram
2662 3310 2873 3360 eorum,
2920 3308 3082 3365 quam
3127 3293 3270 3348 dabo

1684 3393 1841 3447 vobis
1890 3392 1945 3446 in
1980 3391 2394 3446 haereditatem:
2449 3396 2648 3443 terram
2697 3386 2958 3440 ﬂuentem
3015 3386 3154 3439 lacte
3212 3393 3268 3439 et

1684 3484 1866 3539 melle.
1903 3484 2015 3554 Ego
2049 3482 2308 3537 Dominus
2334 3481 2478 3536 Deus
2501 3488 2707 3543 vester,
2750 3478 2840 3549 qui
2878 3475 3126 3546 separavi
3170 3490 3268 3530 vos

1683 3595 1713 3633 a
1748 3577 1959 3632 caeteris
1986 3576 2224 3646 pepulis.
2266 3594 2284 3625 ι

1753 3668 1875 3722 Non
1931 3668 2107 3722 solum
2168 3665 2233 3719 ad
2262 3663 2480 3719 Iudaeos
2535 3662 2655 3716 haec
2687 3660 2833 3714 dicta
2886 3667 3016 3713 sunt
3076 3656 3166 3727 qui
3199 3657 3268 3711 ab

1683 3759 1939 3813 omnibus
1972 3756 2225 3828 gentibus
2254 3763 2474 3825 propter
2504 3751 2984 3806 circumcisionem
3012 3757 3067 3803 et
3097 3747 3262 3818 Moysi

1681 3851 1856 3923 legem
1888 3857 2171 3919 separatos
2209 3862 2268 3901 se
2297 3861 2419 3901 esse
2471 3843 2726 3910 credunt,
2766 3841 2858 3895 scd
2890 3847 2945 3893 et
2978 3839 3044 3893 ad
3073 3852 3265 3891 omnes

1680 3946 1773 4016 qui
1812 3943 2082 3998 accedunt
2116 3940 2323 3995 servire
2352 3939 2461 3992 Deo
2489 3956 2502 3991 :
2530 3937 2631 3990 hos
2666 3934 2815 3988 enim
2842 3932 3121 3986 ambulare
3150 3942 3265 3983 ma-

1678 4038 1824 4092 xime
1854 4036 1905 4089 in
1939 4032 2183 4106 gentium
2211 4030 2451 4102 legitima
2478 4044 2590 4082 non
2615 4027 2741 4081 licet
2773 4042 2787 4079 :
2816 4025 3060 4096 gentium
3083 4031 3266 4075 autem

1677 4132 1798 4187 sine
1829 4128 2136 4187 nationum,
2163 4121 2437 4194 quarum?
2466 4119 2612 4186 Quas
2631 4133 2735 4189 ego
2765 4115 3095 4187 expulsurus
3122 4127 3265 4177 sum,

1676 4221 1775 4288 ait,
1822 4228 1949 4274 ante
1987 4232 2122 4272 vos:
2154 4212 2299 4285 quod
2329 4210 2511 4267 ezeteri
2552 4210 2913 4278 interpretum
2945 4205 3263 4268 ediderunt,

1675 4326 1806 4382 quas
1832 4307 1987 4379 ejicio
2016 4322 2108 4378 ego
2135 4322 2167 4358 a
2194 4302 2330 4376 facie
2381 4308 2577 4363 vestra.
2610 4295 2752 4352 LXX
2796 4305 3001 4360 autem,
3037 4311 3069 4348 a
3101 4293 3264 4354 vobis,

1673 4403 1731 4464 id
1758 4411 1843 4455 est
1869 4398 2155 4456 daemonia.
2192 4394 2317 4450 llaec
2346 4392 2494 4449 enim
2526 4406 2557 4445 a
2600 4389 2739 4445 facie
2764 4387 3005 4442 ﬁdelium
3059 4384 3268 4456 expulit

25 4497 340 4557 pgnatorum
381 4487 847 4553 commistionem,
900 4493 1330 4565 societatemque
1373 4478 1558 4569 prohi-
1604 4519 1646 4574 ο
1672 4492 2006 4551 dominantia
2059 4492 2162 4556 eis,
2213 4487 2367 4559 prius
2396 4501 2522 4543 cum
2568 4485 2623 4539 in
2663 4484 2947 4553 impietate
2991 4478 3265 4550 persiste-

25 4587 94 4634 ει.
142 4578 373 4644 Quando
416 4588 601 4633 autem
650 4595 841 4636 rursus
873 4591 1090 4652 oportet
1116 4585 1567 4648 tribulationibus

25 4671 272 4726 lblevare
301 4671 389 4724 vel
418 4671 655 4738 casibus,
691 4674 952 4744 praecepit
996 4684 1052 4729 et
1084 4677 1200 4731 vult
1226 4694 1239 4731 :
1265 4688 1321 4734 et
1343 4683 1568 4753 nuptias

25 4775 89 4815 )n
141 4759 198 4813 in
250 4758 554 4827 pollutione
595 4761 987 4830 corruptionis,
1033 4763 1131 4819 sed
1154 4765 1222 4820 ad
1255 4771 1568 4827 successio-

25 4866 106 4906 ειη
157 4851 378 4922 generis
414 4851 735 4908 hominibus
763 4856 1043 4926 prtecepit,
1078 4868 1306 4929 propter
1331 4865 1478 4932 quod
1509 4873 1566 4920 et

25 4959 102 4998 ιιι]
131 4944 226 5013 qui
255 4943 335 5000 sic
365 4945 647 5012 miscetur,
672 4944 792 5001 sine
821 4946 946 5003 filiis
976 4950 1118 5003 mori
1150 4953 1451 5022 praecepit;
1493 4957 1568 5012 ait

26 5034 147 5098 tim,
174 5042 369 5106 absque
390 5037 518 5103 ﬁliis
555 5048 709 5092 erunt
740 5055 759 5092 :
783 5040 913 5109 quia
954 5041 1197 5097 ﬁliorum
1225 5048 1566 5113 procreatio-

25 5140 64 5177 Δε
99 5124 297 5192 legem,
352 5128 493 5181 male
538 5128 762 5194 utendo,
796 5129 1104 5185 confundit.
1139 5130 1279 5198 Quid
1323 5151 1454 5207 ergo
1483 5147 1570 5193 est

34 5215 121 5270 ori
149 5216 270 5271 sine
296 5216 462 5270 ﬁliis?
494 5230 595 5276 i-oc
623 5223 769 5276 enim
793 5223 897 5277 hac
918 5224 1036 5296 lege
1054 5240 1301 5295 quaerere
1331 5230 1569 5285 maxime

25 5307 359 5365 aeessarium
401 5318 506 5374 est,
555 5322 737 5368 utrum
775 5314 915 5370 ﬁlios
959 5332 1149 5373 eorum
1176 5320 1268 5389 qui
1300 5323 1565 5383 uxoribus

27 5409 210 5457 atrum
240 5402 746 5474 avunculorumquc
789 5419 1120 5475 nupserunt,
1154 5411 1396 5466 interimi
1425 5429 1563 5482 prmo

25 5494 212 5563 :perit,
261 5502 317 5549 et
352 5494 627 5564 quomodo
658 5496 766 5550 ait:
802 5498 922 5552 Non
950 5503 1240 5556 morientur
1266 5514 1445 5572 patres
1469 5521 1564 5572 pro

25 5585 126 5651 liis,
159 5602 252 5640 nec
293 5584 397 5655 ﬁlii
447 5601 543 5653 pro
587 5584 829 5653 patribus
849 5588 934 5642 ’7?
985 5589 1092 5646 Sed
1124 5592 1437 5647 nullatenus
1468 5610 1564 5648 eos

52 5781 99 5819 ⁵⁸
120 5789 222 5845 lsa.
248 5803 394 5855 xxvi,
427 5785 515 5841 l8.

594 5786 640 5819 "
664 5785 823 5842 Deut.
847 5804 972 5853 xxv,
1009 5791 1060 5845 5.
1135 5794 1179 5825 ³⁸
1209 5793 1374 5848 Ruth.
1410 5810 1490 5857 ιιι,
1536 5795 1551 5847 ι
1596 5808 1746 5862 seqq.

1672 4593 1816 4649 rent,
1866 4592 1921 4638 et
1949 4596 2053 4637 nec
2093 4595 2237 4635 unus
2276 4577 2393 4642 uni,
2446 4574 2544 4630 sed
2578 4574 2734 4630 multi
2771 4573 2866 4628 uni
2906 4569 3269 4627 dominaban-

1673 4684 1782 4730 tur.
1821 4673 1978 4741 Quod
2009 4673 2207 4744 probat
2255 4670 2420 4725 Maria
2453 4667 2794 4739 Magdalcnc,
2827 4664 2897 4719 de
2923 4679 3029 4735 qua
3057 4670 3267 4730 septem

1672 4768 1834 4839 ejecit
1877 4765 2167 4825 daemonia,
2203 4771 2259 4817 et
2290 4763 2383 4832 qui
2422 4762 2641 4815 vinctus
2679 4767 2798 4814 erat
2837 4757 3082 4818 catenis;
3130 4753 3266 4807 dicit

1674 4858 1818 4914 enim
1849 4857 1898 4909 ei
1925 4875 1940 4909 :
1973 4855 2130 4923 Legio
2161 4868 2353 4906 nomen
2378 4860 2452 4903 est
2487 4850 2633 4911 mihi,
2670 4848 2795 4917 quia
2826 4846 2980 4899 multi
3008 4842 3263 4897 sumus”.

1674 4952 1800 5009 llzec
1847 4963 1978 5016 ergo
2038 4959 2162 5015 qua:
2212 4943 2299 4997 lex
2344 4940 2646 5013 prohibuit,
2694 4938 2764 4992 ab
2815 4937 2936 4991 aliis
2975 4934 3266 4990 commissa

1673 5047 1821 5104 sunt,
1867 5046 1962 5092 aut
2001 5035 2105 5107 ipsi
2132 5050 2232 5106 per
2265 5049 2325 5089 se
2363 5031 2675 5105 agentibus,
2712 5036 2805 5084 aut
2851 5028 2907 5081 in
2944 5024 3264 5079 hominibus

1673 5130 2068 5204 operantibus:
2134 5135 2357 5198 propter
2408 5140 2547 5195 quos
2601 5140 2697 5178 eos
2738 5123 2891 5176 Deus
2921 5117 3267 5173 abominatus

1671 5235 1777 5292 est,
1831 5235 1888 5280 et
1946 5239 2050 5278 nos
2101 5221 2156 5276 in
2210 5221 2585 5276 hrercditatem
2634 5218 2851 5271 illorum
2884 5211 3184 5268 introduxit
3208 5211 3264 5265 in

1676 5328 1878 5372 terram
1929 5313 2189 5368 ﬂuentem
2220 5313 2305 5367 lac
2335 5320 2392 5365 et
2424 5312 2551 5364 mel.
2583 5307 2703 5364 Non
2743 5307 2902 5371 dixit,
2944 5304 3261 5369 habentem,

1672 5418 1731 5464 ut
1762 5410 1830 5464 de
1860 5409 1965 5463 hac
1993 5404 2240 5461 sensibili
2278 5413 2421 5459 terra
2452 5402 2712 5471 accipias,
2745 5400 2890 5470 quod
2917 5398 3127 5453 dictum
3155 5403 3261 5462 est,

1671 5501 1766 5554 sed
1808 5501 2077 5569 fluentem.
2131 5496 2263 5562 Quae
2297 5506 2382 5550 est
2426 5504 2609 5549 autem
2643 5503 2785 5548 terra
2815 5506 2936 5563 quae
2961 5489 3044 5542 lac
3071 5496 3127 5542 et
3153 5493 3258 5546 mel

1673 5591 1839 5646 ﬂuat?
1898 5589 2128 5644 Delicias
2190 5588 2353 5660 igitur
2381 5586 2515 5641 dicit
2565 5587 2733 5642 futuri
2765 5587 2972 5656 sazculi,
3007 5599 3062 5646 et
3104 5588 3250 5642 bona

1825 5792 1868 5824 ³⁷
1902 5791 2056 5844 Deut.
2090 5805 2235 5853 xxiv,
2276 5786 2358 5842 l6.
2436 5786 2481 5818 ⁹⁸
2514 5785 2677 5842 Marc.
2711 5805 2763 5855 v,
2786 5789 2840 5845 9.
