3810 6318
500 353 634 421 1051

1685 332 2052 406 HESYCHII
2086 340 2237 402 PRE
2249 336 2570 400 SBYTERI

3666 330 3786 393 103!

491 482 613 543 qua
660 468 823 525 nobis
863 466 1009 524 Deus
1055 474 1181 538 post
1220 462 1678 520 resurrectionem
1726 473 2073 518 mortuorum
2106 467 2149 522 Α
2176 466 2404 516 sentitur
2446 456 2778 522 actionibus,
2815 451 2919 510 etsi
2950 451 3193 509 ﬁdelium
3250 450 3483 522 ﬁngant
3512 448 3780 509 habitum.

492 566 693 631 donat;
760 577 883 632 qua!
935 561 1019 616 lac
1077 568 1134 615 et
1169 559 1277 613 mel
1325 556 1639 627 appellavit,
1670 556 1800 626 quia
1831 571 1897 609 eo
1938 555 2073 609 nihil

492 663 576 712 est
606 655 828 710 suavius
857 654 911 707 in
939 653 1024 708 his
1045 651 1243 721 quibus
1272 665 1420 704 nunc
1445 650 1649 704 utimur
1704 649 1864 714 cibis,
1898 663 2076 717 neque

492 748 732 803 dulcius.
781 745 887 802 Sed
917 754 974 800 et
1005 744 1124 799 sine
1152 742 1341 798 labore
1390 757 1601 806 eorum,
1650 741 1807 796 cibus
1836 749 1921 795 est
1955 740 2079 793 nul-

493 840 601 893 lius
628 839 963 908 operationis
992 836 1078 891 vel
1108 834 1524 906 praeparationis
1552 848 1717 904 egens
1742 851 1755 887 :
1789 832 1901 887 illic
1930 833 2076 887 enim

493 931 638 985 bona
667 929 847 983 futura
874 929 1058 983 sreculi
1106 929 1223 982 sine
1260 926 1446 981 labore
1477 934 1640 980 erunt
1666 924 1847 993 aliquo
1870 924 1957 978 vel
1987 923 2081 978 doc

493 1023 630 1087 lore,
669 1022 872 1077 nullius
902 1021 1091 1086 studii,
1141 1019 1346 1073 nullius
1375 1028 1694 1089 apparatus,
1722 1017 1929 1071 nullius
1955 1031 2081 1087 ope-

495 1115 725 1171 rationis
757 1114 995 1185 egentia.
1030 1114 1099 1168 Et
1134 1112 1258 1182 quis
1286 1112 1447 1167 nobis
1472 1111 1591 1166 haec
1624 1110 1739 1176 det,
1775 1118 1966 1181 aperte
2000 1124 2082 1163 se-

493 1205 716 1275 quentia
743 1205 907 1259 verba
936 1204 1266 1275 legislatoris
1294 1202 1613 1257 ostendunt.

564 1298 680 1369 Ego
714 1297 971 1352 Dominus
1012 1297 1148 1352 Deus
1182 1306 1365 1359 vester,
1401 1296 1489 1366 qui
1529 1294 1774 1364 separavi
1812 1308 1899 1346 vos
1924 1308 1956 1345 a
1983 1305 2087 1344 cat-

498 1390 624 1442 teris
654 1389 876 1457 populis.
913 1388 1025 1442 Hoc
1064 1397 1247 1441 autem
1281 1385 1536 1440 Christus
1588 1384 1754 1440 fecit:
1786 1384 1903 1452 ipse
1933 1381 2082 1435 enim

496 1479 555 1532 in
599 1478 909 1548 Evangeliis
949 1480 1017 1533 ab
1057 1478 1316 1533 omnibus
1364 1476 1617 1547 gentibus
1644 1491 1755 1530 non
1789 1475 1965 1529 solum
1997 1472 2083 1527 iu-

498 1568 895 1639 telligibilibus,
949 1570 1044 1624 sed
1095 1569 1470 1631 sensibilibus,
1537 1565 1825 1637 distinguit
1869 1580 1964 1620 eos
1992 1563 2084 1634 qui

498 1660 555 1713 in
590 1676 717 1714 eum
771 1662 1033 1728 credunt;
1077 1662 1153 1715 ait
1196 1660 1341 1715 enim
1370 1679 1384 1714 :
1418 1658 1497 1712 Ne
1529 1659 1784 1727 cogitetis,
1819 1659 2085 1712 dicentes:

500 1750 641 1817 Quid
663 1752 1041 1807 comedemus?
1089 1762 1181 1807 aut
1216 1754 1345 1823 quid
1399 1752 1672 1807 bibemus?
1725 1760 1819 1804 aut
1860 1766 1961 1819 quo
1988 1765 2088 1803 ve-s

2177 560 2237 607 ut
2283 551 2551 607 immundi
2616 547 2853 620 separati
2903 553 3149 611 sunt,et
3188 545 3339 600 inter
3386 545 3780 600 immundaoﬁ

2177 646 2364 701 stincti
2398 653 2549 710 sunt,
2582 659 2612 698 a
2640 657 2875 713 quorum
2904 655 3007 695 nos
3039 638 3374 695 omnimodo
3422 638 3601 693 malis
3632 639 3779 692 absti-

2176 752 2309 791 nere
2341 735 2618 791 desiderat
2667 740 2895 802 propter
2919 730 3066 802 quod
3091 728 3306 784 addidit
3332 746 3350 782 :

2248 828 2414 883 Eritis
2437 826 2607 880 sancti
2630 824 2778 888 mihi,
2812 823 2936 891 quia
2971 838 3062 893 ego
3090 830 3313 876 sanctus
3348 837 3484 875 sum
3524 819 3773 874 bonum

2178 919 2281 987 Qui
2334 918 2508 973 forma
2541 915 2696 971 vobis
2720 913 3159 970 conversationis
3214 912 3482 967 effectus
3541 928 3682 976 sum,
3708 930 3773 979 qui

2182 1020 2394 1067 tantum
2441 1016 2724 1065 aversatus
2775 1021 2895 1062 sum
2953 1015 3195 1068 terrena,
3242 1014 3309 1058 ut
3377 1019 3501 1059 nec
3549 1005 3773 1057 habere-

2181 1120 2290 1176 quo
2338 1103 2665 1159 reclinarem
2705 1109 2891 1171 caput,
2947 1100 3042 1169 qui
3097 1099 3268 1154 etiam
3316 1100 3487 1152 meis
3523 1098 3773 1167 discipulis

2182 1195 2475 1250 mandavi:
2529 1192 2651 1246 Non
2691 1191 3008 1262 possideatis
3039 1206 3237 1243 aurum
3273 1205 3467 1257 neque
3505 1199 3768 1257 argentm,

2185 1305 2346 1359 neque
2368 1303 2438 1342 aes
2464 1288 2519 1341 in
2542 1287 2687 1341 zonis
2713 1286 2917 1350 vestris,
2953 1302 3055 1339 non
3086 1301 3277 1354 peram
3303 1286 3371 1337 in
3407 1286 3531 1349 via,
3567 1302 3656 1338 nec
3676 1286 3771 1336 dm

2187 1381 2408 1443 tunicas,
2439 1395 2602 1449 neque
2631 1377 3013 1441 calceamenta,
3056 1393 3229 1448 neque
3250 1378 3487 1447 virgam
3506 1377 3553 1429 ³.
3589 1377 3647 1431 lu
3685 1388 3769 1430 tas-

2186 1484 2299 1529 tum
2324 1488 2452 1544 ergo
2479 1487 2667 1526 eorum
2709 1487 2830 1541 quae
2861 1471 2921 1524 in
2960 1478 3106 1524 terra
3135 1479 3383 1540 repunt,
3426 1470 3587 1524 nihil
3608 1485 3691 1525 eos
3711 1485 3772 1523 ss-

2186 1581 2316 1637 pere
2344 1574 2437 1620 aut
2463 1579 2624 1637 agere
2648 1565 2851 1620 studet.

2260 1658 2421 1712 Vens.
2453 1657 2544 1712 27.
2594 1675 2613 1708 ε
2660 1656 2777 1720 Vir,
2826 1655 2944 1711 sive
2988 1655 3209 1718 mulier,
3258 1655 3317 1707 in
3361 1654 3773 1724 quibusPytbs-

2188 1751 2364 1816 nicus,
2397 1751 2483 1805 vel
2532 1747 2884 1804 divinationis
2925 1746 3093 1802 fuerit
3141 1746 3425 1824 spiritus,
3485 1754 3667 1800 morte
3695 1762 3769 1799 mo-

498 1843 760 1897 stiemur?
800 1844 913 1898 haec
939 1853 1116 1897 autem
1138 1844 1317 1897 omnia
1354 1852 1529 1913 gentes
1552 1843 1824 1913 inquirunt
1844 1843 1909 1894 '9.
1942 1840 2084 1911 Ergo
2116 1823 2157 1879 Β
2189 1842 2416 1906 riantur,
2463 1841 2736 1911 lapidibus
2779 1839 3016 1894 obruent
3044 1852 3162 1909 eos.
3198 1823 3473 1906 Sanguis
3525 1851 3701 1891 eorum
3725 1848 3765 1887 si

501 1942 688 2003 aperte
718 1949 820 1988 nos
868 1944 1151 2004 separatos
1195 1949 1318 1988 esse
1354 1949 1384 1987 a
1428 1934 1686 2004 gentibus
1723 1933 1862 1998 vult,
1913 1933 2087 1988 subli-

500 2026 729 2081 miorem
760 2027 1021 2081 sectando
1046 2027 1540 2081 conversationem.

574 2117 741 2173 Vsus.
771 2118 862 2184 25,
895 2119 986 2172 26.
1025 2138 1043 2170 ι
1081 2119 1343 2188 Separate
1377 2134 1507 2189 ergo
1542 2127 1598 2173 et
1640 2135 1736 2173 vos
1776 2120 2086 2187 iumentum

501 2210 768 2263 mundum
796 2210 864 2263 ab
904 2210 1209 2275 immundo,
1241 2225 1395 2264 avem
1450 2211 1709 2265 mundam
1748 2212 1814 2264 ab
1845 2211 2089 2264 immun-

502 2300 591 2354 da.
635 2299 713 2355 Ne
762 2300 1017 2371 polluatis
1066 2302 1278 2355 animas
1322 2309 1534 2357 vestras
1574 2301 1627 2354 in
1672 2316 1892 2370 pecore,
1945 2300 2089 2355 etin

502 2392 717 2457 avibus,
763 2400 819 2447 et
866 2392 1081 2448 cunctis
1130 2408 1251 2462 quae
1280 2402 1570 2447 moventur
1607 2392 1660 2445 in
1688 2401 1852 2455 terra,
1882 2399 1937 2446 et
1968 2405 2091 2461 quae

503 2483 659 2539 vobis
682 2484 895 2539 ostendi
925 2499 1049 2539 esse
1079 2485 1308 2553 polluta.
1354 2484 1519 2539 Erilis
1564 2485 1736 2539 sancti
1775 2485 1931 2547 mihi,
1964 2485 2089 2554 quia

503 2582 728 2629 sanctus
770 2590 890 2629 sum
923 2590 1024 2645 ego
1054 2573 1319 2630 Dominus
1359 2582 1415 2628 et
1448 2574 1697 2643 separavi
1730 2586 1827 2628 vos
1856 2589 1885 2626 a
1918 2588 2091 2643 popu-

505 2664 592 2731 lis,
628 2672 690 2717 ut
718 2665 916 2718 essetis
940 2665 1071 2717 mei.
1111 2682 1130 2714 ι

573 2756 853 2819 Jumenta,
904 2756 1019 2811 sive
1068 2771 1287 2826 pecora,
1330 2755 1458 2825 quia
1496 2756 1788 2826 populares
1837 2755 2091 2810 homines

505 2848 774 2918 intelligat
800 2848 917 2912 lex;
970 2848 1210 2901 volatilia
1253 2856 1435 2902 autem
1481 2848 1964 2916 contemplatores,
1998 2848 2093 2917 qui

506 2940 576 2996 ad
602 2940 994 2995 sublimitatem
1022 2948 1219 2995 vacant
1264 2940 1530 3004 scientim,
1558 2948 1745 3009 aperte
1772 2955 1801 2993 a
1830 2939 2009 3004 nobis,
2040 2948 2095 2994 et

508 3048 634 3086 cum
663 3033 865 3101 quibus
900 3032 1188 3101 oportebat
1213 3031 1618 3101 Scripturarum
1652 3033 2091 3102 probationibus,

507 3131 787 3178 ostensum
811 3132 914 3187 est,
946 3139 1071 3178 cum
1105 3123 1172 3178 de
1204 3122 1485 3177 sacrificiis
1517 3132 1573 3178 et
1616 3124 1751 3179 cibis
1795 3125 2097 3194 quadrupe-

508 3213 641 3270 dum
688 3215 1101 3285 volatiliumque
1128 3216 1458 3278 diceremus,
1493 3215 1618 3285 quia
1657 3216 1839 3269 omnis
1865 3217 2093 3286 popula-

508 3309 586 3362 ris
624 3309 863 3362 mundus
904 3320 1129 3378 pr0pter
1172 3308 1579 3379 simplicitatem
1613 3327 1642 3363 a
1672 3311 1921 3379 pluribus
1945 3310 2097 3379 judi-

510 3409 687 3465 catur,
710 3401 1069 3471 similiterque
1098 3408 1154 3455 et
1185 3402 1276 3472 qui
1306 3402 1373 3456 ad
1405 3401 1687 3456 scientiam
1731 3402 1969 3456 divinam
2007 3418 2097 3456 se-

511 3492 777 3562 metipsos
836 3493 1050 3547 tradere
1098 3501 1262 3563 atque
1314 3508 1580 3563 occupare
1618 3494 1895 3548 videntur.
1938 3494 2098 3560 Quod

515 3602 626 3639 non
680 3586 753 3640 ita
802 3601 860 3641 se
893 3587 1107 3642 habet:
1159 3596 1378 3658 oportet
1423 3589 1569 3643 en’m
1606 3589 1925 3660 pepularcm
1973 3606 2101 3660 pru-

512 3679 731 3733 dentem
764 3695 885 3734 esse
916 3680 968 3733 in
1004 3681 1176 3745 bono;
1209 3681 1262 3734 in
1291 3680 1434 3735 malo
1467 3690 1670 3747 autem,
1695 3681 1837 3735 sicut
1869 3681 1944 3735 ait
1969 3681 2102 3735 Pau-

515 3770 656 3835 lus’,
714 3771 1038 3840 simplicem.
1084 3771 1181 3826 llic
1210 3772 1353 3826 enim
1387 3773 1477 3843 qui
1517 3773 1640 3827 talis
1693 3781 1809 3839 est,
1860 3774 2101 3830 mundus

515 3869 629 3928 est;
681 3862 774 3931 qui
815 3871 995 3917 autem
1043 3862 1165 3916 talis
1204 3879 1313 3917 non
1350 3874 1453 3927 est,
1492 3864 1811 3919 immundus
1842 3873 1947 3920 est.
1993 3863 2100 3919 Sed

516 3961 572 4007 et
626 3954 717 4022 qui
765 3954 1205 4024 contemplandis
1264 3955 1463 4011 divinis
1509 3963 1688 4021 vacat,
1726 3957 2101 4010 necessarium

518 4048 684 4103 habet
707 4049 971 4103 mundum
1023 4066 1136 4114 cor,
1187 4051 1555 4121 nmudamque
1583 4050 2005 4113 conscientiam,
2049 4058 2104 4105 et

517 4138 677 4193 ﬁdem
709 4154 820 4191 non
867 4140 1069 4193 lictam.
1119 4137 1220 4204 Qui
1264 4149 1445 4194 autem
1486 4140 1607 4194 haec
1648 4154 1757 4193 non
1788 4139 2013 4201 habent,
2046 4139 2103 4192 in

517 4228 827 4297 vaniloquia
876 4237 1294 4292 convertuntur,
1337 4246 1439 4282 non
1470 4228 1819 4296 intelligentcs
1855 4245 2018 4298 neque
2041 4229 2104 4282 de

518 4320 705 4389 quibus
770 4318 1072 4389 loquuntur,
1125 4336 1289 4389 neque
1316 4320 1378 4372 de
1413 4319 1600 4389 quibus
1646 4322 1933 4390 afﬁrmant,
1964 4321 2103 4374 sicut

520 4407 586 4461 ad
616 4405 964 4461 Timotheum
1007 4409 1270 4477 scriptum
1303 4413 1447 4463 est'.
1503 4409 1819 4465 Necessarie
1872 4428 2003 4483 ergo
2038 4394 2106 4466 \et

2191 1949 2355 2002 super
2380 1933 2520 1987 illos.
2562 1951 2584 1985 ι

2260 2025 2376 2080 Hoc
2411 2026 2586 2095 ipsum
2616 2023 2979 2095 Pythonicum
3017 2035 3161 2084 esse,
3191 2019 3288 2074 vel
3346 2020 3648 2081 divinum.
3676 2021 3765 2072 sive.

2190 2127 2251 2172 ut
2275 2113 2440 2182 LXX,
2492 2117 2901 2179 incant'atorem,
2948 2112 3131 2167 nimiae
3185 2111 3540 2180 iniquitatis
3578 2109 3767 2177 estzqsi

2192 2211 2337 2264 enim
2369 2209 2497 2264 talis
2522 2217 2629 2274 est,
2660 2215 2717 2263 et
2747 2207 2865 2277 ipse
2897 2212 3196 2275 corruptus
3247 2210 3369 2266 est,
3408 2214 3476 2258 et
3506 2203 3644 2257 alios
3682 2216 3770 2271 pm-

2191 2301 2277 2354 cui
2301 2300 2467 2354 dubio
2513 2301 2566 2353 in
2616 2315 2713 2353 sua
2752 2298 3041 2368 iniquitate
3071 2295 3421 2365 corrumpit.
3480 2294 3640 2350 Unde
3673 2310 3771 2362 pn-

2191 2390 2335 2459 cepit
2360 2390 2634 2459 lapidibus
2676 2405 2803 2444 eum
2829 2389 3011 2451 obrui,
3044 2386 3174 2456 quia
3207 2401 3323 2441 nec
3372 2387 3651 2441 sensibile
3678 2386 3773 2453 quia

2192 2486 2426 2556 agimus,
2473 2485 2569 2539 sed
2602 2483 2821 2539 fabulas
2852 2483 2921 2537 de
2952 2481 3139 2546 corde,
3186 2480 3373 2534 veluti
3416 2478 3719 2549 superﬂuos
3740 2488 3775 2528 rt

2192 2592 2362 2631 vanos
2414 2591 2717 2638 sermones,
2774 2575 2861 2630 vel
2915 2574 3165 2644 quaedam
3232 2573 3413 2642 quasi
3478 2573 3773 2626 ini-annui:

2193 2669 2589 2734 blandimenta,
2639 2667 2961 2738 incongruis
3007 2666 3404 2721 doctrinarum
3462 2664 3775 2720 sermonibus

2196 2761 2500 2822 studemus,
2550 2767 2610 2814 ut
2640 2759 3009 2829 popularium,
3041 2756 3157 2811 sive
3188 2757 3555 2827 simplicium
3590 2756 3776 2810 sedara-

2196 2868 2319 2907 mus
2341 2854 2581 2916 auditus,
2629 2854 2699 2908 ad
2734 2853 3057 2908 nutriendos
3091 2860 3325 2905 ventres
3368 2862 3628 2912 nostros.
3654 2862 3777 2919 atqsz

2197 2945 2416 3014 explere
2446 2955 2666 2999 nostras
2713 2946 3021 3015 voluptates
3055 2946 3191 3000 alias
3223 2946 3443 3001 talibus
3490 2948 3779 3017 exquisiti)-

2197 3037 2360 3092 nibus
2389 3038 2693 3107 cupientes.
2730 3039 2932 3108 Aperte
2980 3038 3127 3092 enim
3164 3038 3563 3110 intelligibiles
3618 3040 3781 3108 Rube-

2199 3128 2354 3183 nicos
2408 3137 2463 3183 et
2522 3145 2722 3199 pravos
2779 3130 3148 3184 incantatores
3207 3129 3497 3184 Romanis
3566 3133 3777 3185 scribens

2198 3220 2399 3274 Paulus
2456 3236 2551 3274 vas
2602 3221 2886 3275 electionis
2925 3221 3240 3290 expressit:
3300 3221 3590 3293 Rogamus
3635 3234 3780 3274 eam

2198 3326 2305 3376 vos,
2345 3311 2556 3380 fratres,
2594 3321 2650 3363 ut
2682 3312 2964 3365 observetis
2993 3328 3080 3365 eos
3121 3312 3211 3381 qui
3260 3312 3632 3365 dissensiones
3678 3314 3781 3363 inter

2202 3419 2287 3457 vos
2317 3414 2365 3457 et
2403 3404 2713 3474 oﬂ'endicula
2755 3414 2947 3473 praeter
2994 3405 3293 3459 doctrinam
3336 3421 3512 3474 quam
3549 3424 3642 3459 res
3670 3407 3778 3457 didi-

2201 3495 2362 3557 cistis,
2411 3495 2634 3566 faciunt,
2667 3507 2714 3550 et
2745 3497 3004 3550 declinata
3030 3497 3095 3550 ab
3119 3497 3195 3550 eis
3216 3498 3257 3551 ‘.
3299 3496 3412 3563 Qui
3459 3509 3650 3575 autem
3700 3499 3779 3551 siet

2201 3588 2279 3652 hi,
2315 3588 2369 3641 in
2409 3588 2874 3657 subsequentibus
2902 3589 3239 3658 explanavit:
3274 3589 3349 3642 Hi
3403 3592 3551 3644 enim
3594 3590 3777 3645 Domine

2201 3689 2379 3735 nostro
2417 3680 2620 3736 Christo
2661 3697 2762 3734 non
2811 3670 3062 3746 serviunt,
3091 3683 3181 3735 sed
3222 3698 3323 3735 suo
3375 3685 3579 3747 neutri,
3624 3692 3676 3736 et
3713 3696 3776 3749 per

2201 3771 2379 3826 dulces
2431 3789 2714 3838 sermones,
2767 3782 2816 3827 et
2864 3775 3287 3839 benedictiones,
3337 3779 3613 3831 seducunt
3657 3780 3770 3830 cerea

2201 3865 2554 3918 innocentium
2578 3865 2620 3919 ⁸.
2657 3864 2797 3936 Ergo
2826 3865 2967 3920 bene
2998 3867 3078 3920 eis
3102 3867 3389 3938 legislator
3420 3871 3566 3924 dixit
3596 3889 3614 3924 :

2272 3952 2502 4035 Sanguis
2535 3971 2718 4010 eorum
2754 3956 2822 4009 sit
2841 3973 3001 4024 super
3029 3972 3132 4011 eos.
3177 3957 3323 4023 Quia
3352 3960 3409 4013 vi
3449 3969 3774 4031 corrumpant

2203 4046 2489 4117 populum.

2800 4139 3030 4195 CAPUT
3064 4140 3204 4195 XXI.

2278 4228 2439 4286 Vens.
2472 4231 2589 4285 1-4.
2649 4253 2668 4283 ‹
2703 4233 2958 4302 Dixitque
2993 4233 3256 4287 Dominus
3288 4235 3362 4288 ad
3400 4236 3664 4308 Moysen:
3692 4234 3769 4288 Le-

2206 4338 2374 4392 quere
2403 4324 2470 4377 ad
2509 4324 2842 4387 sacerdotes,
2883 4325 3024 4379 ﬁlios
3058 4324 3260 4390 Aaron,
3311 4337 3371 4381 et
3404 4329 3565 4383 dices
3598 4330 3661 4382 ad
3685 4342 3762 4379 eos

2207 4414 2284 4468 Ne
2314 4416 2722 4469 contaminetur
2745 4417 3003 4471 sacerdos
3049 4416 3106 4470 in
3137 4419 3417 4473 mortibus
3447 4418 3648 4475 civium
3676 4434 3763 4472 sne

521 4499 720 4553 horum
745 4499 1069 4568 illorumque
1101 4500 1335 4554 mundos
1375 4501 1617 4570 separari
1654 4504 1916 4572 prtecepit
1942 4512 2106 4573 atque
2141 4520 2184 4574 ι)
2211 4518 2352 4567 rum,
2383 4504 2490 4557 nisi
2520 4513 2729 4559 tantum
2762 4506 2815 4559 in
2841 4508 3269 4577 consanguineis
3307 4520 3409 4563 aut
3447 4514 3760 4581 propinquis;

523 4588 854 4654 immundos,
889 4597 949 4642 ut
974 4590 1043 4644 ab
1081 4591 1164 4645 his
1193 4592 1582 4657 abstineamus,
1618 4594 1724 4648 illis
1756 4597 2109 4653 commiscea-

522 4698 667 4737 mur.
722 4683 830 4737 Sed
878 4683 1106 4738 multam
1157 4684 1482 4754 sapientiam
1525 4701 1678 4740 suam
1736 4688 1897 4742 etiam
1956 4706 2108 4746 nunc

522 4772 797 4843 legislator
842 4773 1115 4839 ostendit,
1168 4773 1235 4828 de
1280 4774 1727 4845 quadrupedibus
1781 4777 2000 4846 quidem
2051 4785 2109 4831 ct

523 4865 836 4921 volatilibus
891 4867 967 4921 ita
1030 4866 1401 4938 distinguens,
1460 4866 1514 4921 in
1576 4869 1863 4938 reptilibus
1916 4879 2101 4924 autem

506 4968 681 5033 terrae
709 4975 819 5013 non
849 4959 941 5021 ita,
978 4967 1173 5013 cuncta
1201 4959 1346 5012 enim
1367 4974 1487 5028 qua:
1518 4970 1809 5014 moventur
1839 4960 1899 5015 in
1939 4964 2103 5025 terra,

524 5053 804 5109 immunda
858 5061 988 5113 sunt
1017 5072 1030 5105 :
1064 5052 1167 5117 Qui
1198 5062 1415 5107 terrena
1457 5052 1712 5109 videlicet
1753 5054 1917 5124 sapit,
1949 5054 2107 5123 cujus

526 5145 669 5199 Deus
695 5153 886 5199 venter
931 5153 1033 5208 est,
1087 5143 1179 5213 qui
1222 5159 1434 5197 veneno
1495 5147 1734 5214 pascitur
1781 5148 2107 5201 constituta-

526 5251 647 5288 rum
680 5235 733 5287 in
765 5235 989 5303 pulvere
1019 5235 1376 5304 voluptatum.
1413 5235 1487 5290 De
1518 5235 1651 5305 ipsis
1698 5237 1989 5307 siquidem,
2029 5240 2105 5293 si-

527 5336 616 5381 cut
655 5327 856 5389 cernis,
887 5325 1200 5380 indistincte
1234 5335 1438 5392 narrat,
1471 5327 1696 5382 dicens:

601 5415 669 5468 Et
708 5416 908 5469 cunctis
959 5432 1078 5486 qua:
1127 5427 1400 5471 moventur
1452 5420 1507 5471 in
1547 5428 1710 5485 terra,
1744 5431 1794 5475 et
1826 5438 1943 5492 quia
1970 5424 2109 5477 vobis

532 5510 730 5562 ostendi
777 5524 885 5562 esse
924 5508 1147 5578 polluta.
1195 5510 1335 5582 Ergo
1379 5527 1571 5566 omnes
1607 5514 1696 5583 qui
1744 5514 1978 5569 terrenis
2011 5533 2107 5585 pa-

604 5703 648 5732 "
689 5700 874 5756 Matth.
908 5721 980 5769 vt,
1009 5706 1095 5759 δι.

537 5766 634 5823 18.

1173 5705 1371 5762 'Rom.
1400 5725 1508 5775 xvi,
1540 5708 1620 5763 19.
1693 5709 1749 5763 ’l
1778 5708 1917 5765 Tim.
1953 5729 1987 5778 I,
2020 5714 2074 5779 6,
2110 5714 2160 5768 7.

2212 4594 2263 4648 id
2287 4603 2390 4657 est,
2420 4609 2588 4664 super
2613 4603 2788 4665 patre,
2817 4613 2882 4651 ac
2911 4606 3107 4662 matre,
3135 4607 3193 4652 et
3220 4598 3361 4661 lilio.
3392 4612 3450 4655 et
3488 4602 3619 4663 filia.
3642 4603 3761 4655 intr!
3802 4624 3803 4659 ξ

2212 4700 2428 4756 quoque
2462 4698 2517 4741 et
2541 4702 2727 4743 sorore
2755 4689 2982 4760 virgine,
3013 4706 3135 4760 quae
3164 4707 3273 4745 non
3331 4701 3421 4747 est
3453 4706 3625 4765 nupta
3650 4696 3760 4749 vix»:
3802 4680 3803 4743 ἲ

2215 4778 2313 4833 sed
2395 4795 2497 4834 nec
2558 4780 2612 4834 in
2677 4783 2929 4852 principe
2998 4785 3183 4854 populi
3241 4786 3330 4839 sui
3404 4786 3803 4845 contaminiE-l

2216 4876 2325 4922 tur.
2367 4888 2385 4920 ι

2285 4960 2428 5016 LXX
2468 4972 2670 5030 autem,
2730 4963 2851 5020 Non
2878 4966 3145 5035 polluetur
3182 4984 3247 5022 ea:
3275 4971 3455 5024 subito
3524 4974 3579 5025 in
3622 4974 3759 5039 pm“:

2212 5070 2329 5120 suo,
2355 5056 2424 5109 ad
2451 5040 2876 5128 profanationem
2908 5077 3083 5115 suam.
3106 5061 3316 5115 Littera
3353 5063 3583 5132 quidem
3611 5081 3641 5118 a
3668 5077 3760 5115 hac

2215 5155 2434 5201 tuorum
2489 5149 2880 5217 pollutionibus
2931 5152 3124 5223 fugere
3170 5156 3497 5216 sacerdotes
3528 5156 3757 5227 pratis!-

2216 5239 2311 5292 sed
2344 5254 2453 5293 non
2493 5241 2610 5296 hate
2634 5251 2717 5297 est
2743 5243 2880 5314 legis
2908 5244 3165 5309 intentio,
3193 5262 3379 5315 neque
3402 5248 3475 5302 de
3518 5251 3623 5303 hoc

2215 5329 2359 5384 lator
2427 5333 2730 5401 proposuit,
2785 5334 2882 5389 sed
2910 5336 3117 5404 aliquid
3168 5339 3350 5407 majus
3399 5338 3690 5395 intellexit.
3724 5340 3759 5385 ei

2215 5423 2359 5492 quod
2394 5424 2562 5480 nimis
2609 5427 2677 5481 de
2712 5428 3091 5484 sacerdotibus
3121 5432 3436 5485 necessarie
3488 5433 3757 5487 diceretet?

2212 5515 2340 5585 quia
2372 5517 2517 5572 enim
2553 5516 2700 5588 ipsos
2728 5520 3020 5591 inspicere,
3050 5523 3272 5592 quando
3297 5525 3587 5595 negligum
3618 5516 3759 5594 μελέη

2240 5718 2259 5749 ³
2288 5715 2477 5773 Matth.
2513 5736 2564 5787 π,
2599 5719 2661 5788 9;
2687 5718 2819 5776 Luc.
2847 5738 2920 5789 is,
2948 5723 3000 5778 '5.
3075 5726 3096 5756 ⁸
3126 5725 3285 5781 Rom.
3312 5742 3424 5793 va,
3456 5727 3547 5781 i7.
3621 5725 3641 5757 ⁵
3662 5720 3755 5782 Μ
