3810 6318
23 285 224 357 [053
1248 303 1331 366 IN
1365 307 1646 389 LEVITH

1788 331 1906 370 .-—
1941 311 2228 374 ιιΒωνι.
3227 318 3364 387 lost
3424 278 3431 281 ἡ

23 419 326 503 peccata,
354 411 577 478 dicitur,
607 417 912 475 secundum
945 421 1094 492 quod
1127 422 1180 477 in
1224 422 1365 479 Osee
1405 425 1672 494 scriptum
1706 439 1747 485 Δ
1777 429 2179 498 subsequenter
2219 427 2450 495 addidit,
2490 429 2795 487 secundum
2834 430 3003 500 LXX,
3035 448 3139 486 non
3171 436 3363 503 pollui-

23 510 133 557 εει
164 520 186 556 :
232 501 459 557 Peccata
482 505 664 573 populi
694 508 799 561 mei
831 514 1128 578 comedunt,
1165 523 1215 569 et
1243 518 1314 570 ad
1336 518 1672 587 iniquitatem
1775 528 1861 572 tur
1919 520 2092 573 subito
2137 521 2193 573 in
2220 521 2413 590 papqu
2457 537 2553 574 suo
2574 560 2588 584 ,
2624 522 2695 576 ad
2722 525 3145 595 profanationem
3172 501 3358 579 suam.

23 608 258 648 eorum
313 595 653 651 sublevabunt
697 601 910 656 animos
963 609 1198 661 eorum“.
1271 609 1391 663 Non
1448 611 1669 679 quidem
1772 608 1913 673 Quid
1951 624 2052 678 per
2078 609 2181 665 hoc
2207 611 2525 674 ostendens,
2556 612 2661 665 nisi
2689 613 2814 681 quia
2846 612 3109 683 polluitur
3134 614 3354 683 quidem

23 686 278 751 omnia,
315 702 658 759 quaecunque
705 693 945 762 populus
1005 707 1218 765 peccat,
1272 698 1408 768 ipsis
1453 710 1673 769 Oportet
1772 709 1828 754 et
1859 700 1917 753 in
1960 701 2161 770 populo
2206 711 2466 770 peccante
2512 703 2786 768 sacerdos,
2835 703 2934 758 sed
2990 719 3100 757 non
3134 703 3362 758 subito?

23 776 359 845 imputari,
424 780 521 834 sed
579 781 913 839 intendenda
975 795 1059 842 est
1114 788 1204 842 illa
1261 790 1331 844 ab
1385 789 1672 845 Ezechiele
1772 789 1904 855 Quae
1959 798 2146 845 autem
2186 791 2455 847 accedunt
2512 791 2566 845 in
2636 792 2914 847 extraneis
2977 792 3169 861 culpae,
3243 793 3361 847 haec

23 872 341 940 propheta
399 872 544 927 dicta
581 873 818 930 divisio:
859 876 970 931 Fili
1002 879 1251 944 hominis,
1283 883 1669 951 specutatorem
1771 882 1882 935 non
1938 881 2085 936 illico
2139 882 2479 937 sacerdotem
2537 882 2936 948 contaminant,
2993 885 3088 937 sed
3140 883 3358 953 quando

23 962 180 1014 dedi
220 972 271 1016 te
309 962 489 1017 domui
529 964 721 1031 Israel,
754 977 804 1022 et
831 970 1016 1024 audies
1039 972 1104 1025 de
1134 988 1226 1028 ore
1274 990 1388 1027 meo
1432 974 1666 1039 verbum,
1771 964 1890 1042 ipsi'
1928 974 2148 1043 quidem
2201 973 2606 1043 permanserint
2634 973 2690 1027 in
2744 973 3003 1044 peccatis,
3046 974 3358 1028 sacerdotes

23 1062 79 1104 et
123 1054 497 1107 annuntiabis
525 1056 600 1109 eis
640 1073 705 1110 ex
738 1074 861 1114 me:
903 1053 1174 1116 sidicente
1199 1078 1280 1116 me
1318 1064 1390 1117 ad
1414 1065 1661 1134 impium,
1769 1075 1952 1120 autem
2001 1081 2096 1122 eos
2160 1080 2354 1121 curare
2420 1066 2783 1137 neglexerint.
2865 1065 3093 1135 Insuper
3175 1066 3358 1121 subito

23 1142 237 1197 Morte
260 1145 519 1209 morieris,
555 1163 661 1200 non
703 1152 1104 1206 annuntiaveris
1162 1154 1230 1215 ei,
1265 1170 1432 1224 neque
1452 1155 1659 1211 locutus
1768 1156 2039 1225 quispiam
2071 1170 2307 1226 peccans
2341 1156 2409 1213 de
2456 1156 2682 1225 populo,
2722 1156 2880 1209 venia
2919 1156 3145 1225 dignum
3176 1171 3359 1209 sacer-

23 1236 257 1299 fueris,
311 1246 376 1290 ut
416 1247 687 1293 avertatur
734 1257 766 1294 a
797 1243 882 1294 via
918 1226 1016 1296 siia
1063 1245 1250 1314 impia,
1283 1256 1333 1298 et
1353 1247 1514 1311 vivat,
1557 1248 1669 1317 ipse
1767 1248 1972 1311 dotem,
2015 1257 2203 1317 utpote
2250 1247 2615 1317 ignorantem,
2667 1247 2830 1312 facit;
2876 1255 3120 1315 tempore
3171 1256 3355 1301 autem

23 1326 267 1394 impius
304 1329 358 1380 in
403 1328 683 1398 iniquitate
707 1347 810 1385 sua
840 1334 1111 1399 morietur,
1140 1337 1452 1406 sanguinem
1478 1347 1662 1391 autem
1767 1336 1929 1407 longo
1954 1346 2315 1406 praeparatum
2352 1345 2638 1405 peccatum
2684 1336 3056 1400 committens,
3085 1335 3267 1389 locum
3299 1334 3354 1388 ei

23 1430 45 1468 ι’
45 1415 174 1483 jus
197 1417 270 1469 de
322 1434 483 1470 manu
513 1427 605 1472 tua
633 1421 927 1491 requiram.
967 1421 1028 1477 Si
1062 1433 1242 1476 autem
1282 1434 1337 1477 tu
1369 1427 1665 1479 annuntia-
1767 1427 1940 1480 venia:
1964 1441 2074 1479 non
2096 1426 2350 1495 reliquit:
2378 1425 2668 1494 oportebat
2697 1424 2845 1478 enim
2870 1426 3208 1479 sacerdotem
3240 1441 3355 1480 non

23 1508 194 1560 reris
234 1509 418 1577 impio,
455 1517 505 1562 et
543 1509 636 1563 ille
662 1526 765 1564 non
802 1513 963 1582 fuerit
995 1529 1269 1567 conversus
1297 1514 1362 1567 ab
1391 1514 1665 1582 impietate
1768 1517 2035 1588 ignorare,
2069 1518 2116 1571 si
2164 1526 2345 1571 tamen
2409 1518 2702 1588 diligenter
2734 1518 2937 1588 populo
2986 1516 3351 1586 p‘rmsedisset,

23 1617 174 1665 sua,
224 1611 275 1654 et
305 1603 389 1654 via
415 1616 512 1654 sua
546 1603 733 1670 impia,
774 1605 886 1674 ipse
918 1605 1128 1674 quidem
1158 1607 1214 1658 in
1248 1605 1535 1676 iniquitate
1561 1624 1663 1660 sua
1766 1618 2021 1678 essetque
2056 1608 2324 1663 sollicitus
2370 1608 2646 1679 quomodo
2700 1608 2814 1675 hic,
2852 1608 3127 1678 quomodo
3177 1607 3266 1662 ille
3294 1624 3354 1664 se

23 1694 343 1756 morietur,
395 1703 452 1746 tu
500 1703 681 1747 autem
722 1696 957 1748 animam
1008 1705 1154 1749 tuam
1199 1697 1437 1751 liberasti
1455 1699 1495 1752 ⁷.
1548 1698 1663 1753 Hoc
1698 1763 1725 1768 Α
1768 1699 2015 1763 haberet,
2067 1707 2250 1753 utrum
2312 1708 2521 1754 starent
2557 1714 2627 1752 an
2670 1707 2952 1762 nutarent,
2989 1708 3050 1753 ut
3096 1708 3355 1768 nutantes

23 1790 252 1835 autem
282 1782 544 1852 apertius,
579 1784 675 1838 sed
708 1792 765 1837 et
785 1784 1041 1840 subtilius
1070 1785 1127 1839 in
1150 1787 1411 1855 praesenti
1443 1786 1660 1857 legisla—
1697 1763 1734 1815 Β
1764 1791 2003 1847 fulciret.
2034 1790 2098 1844 Hi
2140 1791 2289 1845 enim
2327 1791 2416 1861 qui
2474 1792 2661 1846 subito
2694 1792 2920 1859 cadunt,
2953 1807 3049 1846 eos
3074 1793 3166 1862 qui
3207 1763 3352 1863 prae-

23 1879 134 1924 lOl‘
183 1872 494 1940 εκροευίιε
1152 1868 1163 1881 ’
1763 1891 1892 1937 sunt
1945 1881 2065 1937 sine
2120 1882 2278 1951 culpa
2335 1881 2562 1945 faciunt,
2613 1881 3072 1951 quemadmodum
3116 1882 3352 1952 procella

110 1960 196 2014 In
234 1962 511 2028 mortibus,
542 1963 735 2032 inquit,
762 1979 866 2016 non
896 1967 1322 2019 contaminemur
1357 1965 1495 2018 inter
1525 1965 1663 2020 cives
1760 1974 2150 2044 gubernantes,
2208 1989 2274 2028 ex
2316 1964 2612 2044 improviso
2649 1974 3071 2043 superveniens.
3126 1975 3195 2028 Et
3220 1990 3352 2045 pro-

23 2069 204 2107 suos.
240 2053 303 2107 ln
332 2053 577 2123 quibus?
623 2055 684 2108 In
711 2056 1069 2125 peccantibus
1103 2056 1379 2121 videlicet,
1418 2058 1512 2125 qui
1541 2054 1660 2126 p‘ol~
1760 2074 1946 2134 pterea
1972 2080 2079 2119 non
2113 2065 2251 2120 dixit
2273 2065 2612 2120 sacerdotem
2644 2064 2829 2119 subito
2864 2064 2918 2117 in
2941 2065 3147 2133 populo
3178 2065 3347 2134 pollui

26 2146 280 2200 latione
331 2147 694 2216 complentur,
761 2153 819 2203 et
878 2148 1001 2204 aliis
1065 2149 1286 2218 quidem
1354 2150 1657 2205 secundum

25 2239 333 2309 quosdam
363 2240 554 2294 modos
583 2241 899 2310 pollutionis
931 2249 1192 2296 auctores
1222 2242 1379 2307 fiunt,
1415 2244 1654 2296 maxime

29 2338 252 2383 tamen
302 2330 680 2385 sacerdotibus
719 2338 777 2385 et
804 2330 1147 2397 doctoribus,
1190 2333 1414 2401 quando
1440 2347 1537 2385 eos
1566 2347 1657 2386 ne-

31 2420 350 2491 glexerint.
385 2419 768 2476 Verumtamen
799 2422 853 2477 in
889 2423 997 2487 bis,
1024 2425 1119 2487 ait,
1167 2439 1279 2478 non
1307 2424 1653 2478 contamina-

34 2524 147 2567 tur
206 2513 265 2566 in
319 2513 588 2568 mortibus
636 2513 838 2568 civium
891 2530 1137 2579 suorum,
1194 2516 1248 2570 id
1296 2525 1402 2581 est,
1436 2517 1653 2584 quando

34 2607 198 2661 nihil
226 2607 437 2661 inventi
456 2605 679 2673 fuerint,
697 2608 845 2679 quod
870 2612 952 2664 eis
988 2610 1330 2679 expediebat,
1377 2611 1649 2671 omisisse.

32 2697 149 2751 sed
185 2696 290 2766 ipsi
319 2696 540 2765 quidem
563 2698 709 2765 quod
740 2699 808 2751 ad
837 2713 899 2753 se
921 2699 1187 2767 pertinuit
1217 2699 1525 2762 fecisse,‘et
1556 2699 1650 2754 Dei

31 2786 237 2857 legem
287 2786 649 2855 praedicasse:
710 2787 789 2842 illi
845 2797 1030 2843 autem
1084 2789 1337 2844 nolentes
1385 2789 1644 2853 obedire,

31 2891 297 2937 mortem
350 2883 572 2937 sibimet
620 2883 1005 2939 conduxerunt
1068 2884 1473 2940 inobedientite.
1529 2883 1647 2939 Non

32 2988 197 3043 ergo
242 2974 297 3028 in
329 2974 415 3027 his
458 2973 552 3043 qui
589 2983 838 3044 prmsunt
886 2975 1229 3045 polluuntur,
1279 2976 1377 3030 sed
1426 2976 1483 3029 in
1520 2991 1649 3046 pro-

31 3065 271 3135 pinquo
315 3072 371 3118 et
417 3064 667 3132 proximo
720 3079 839 3128 suo,
897 3063 950 3117 in
1002 3076 1161 3134 patre
1187 3072 1243 3119 et
1262 3060 1327 3118 in
1361 3073 1557 3131 matre,
1590 3063 1646 3118 in

33 3159 192 3215 filiis
222 3166 278 3213 et
324 3158 560 3223 filiabus,
611 3157 668 3211 in
725 3156 896 3212 fratre
926 3166 984 3212 et
1015 3172 1203 3213 sorore
1260 3156 1493 3228 virgine,
1530 3172 1653 3227 quae

36 3268 161 3307 non
208 3260 292 3307 est
314 3260 488 3321 nupta
524 3251 663 3306 viro.
699 3248 930 3320 Oportet
957 3250 1108 3305 enim
1157 3250 1497 3305 sacerdotem
1531 3249 1657 3304 dili-

36 3357 152 3412 gen
164 3341 303 3396 liam
337 3340 598 3395 adhibere
622 3340 907 3413 et'populo
936 3348 998 3394 ut
1023 3354 1133 3394 non
1160 3347 1372 3409 peccet,
1397 3338 1494 3395 sed
1521 3353 1658 3408 prae-

38 3436 225 3506 cipue
256 3435 440 3490 domui
472 3450 586 3489 snze
615 3442 673 3489 et
694 3433 980 3505 cognatis;
1022 3441 1247 3502 promer
1280 3432 1427 3501 quod
1456 3431 1658 3486 Paulus

38 3529 127 3583 ait
151 3546 173 3582 :
212 3526 340 3581 Hac
355 3527 602 3595 praecipe,
666 3534 725 3579 ut
772 3524 1249 3592 irreprehensibiles
1288 3526 1413 3578 sint.
1448 3522 1507 3578 Si
1541 3524 1658 3594 quis

46 3628 244 3671 autem
297 3634 535 3679 suorum,
563 3628 610 3671 et
634 3619 865 3672 maxime
882 3618 1310 3680 domesticorum,
1341 3633 1525 3671 curam
1555 3634 1659 3670 non

41 3712 240 3773 habet,
280 3710 438 3779 ﬁdem
494 3709 724 3779 negavit,
780 3718 829 3762 et
879 3717 956 3761 est
1003 3708 1205 3776 inﬁdeli
1264 3708 1549 3761 deterior“.
1592 3709 1660 3762 Et

44 3817 295 3857 rursus:
347 3801 406 3857 Si
434 3810 610 3855 autem
664 3802 780 3872 quis
816 3815 927 3854 sua:
974 3801 1155 3854 domui
1206 3816 1428 3869 prwesse
1472 3802 1654 3864 nescit,

45 3895 323 3966 quomodo
360 3893 609 3947 Ecclesia:
662 3892 758 3946 Dei
793 3908 975 3946 curam
998 3891 1292 3945 habebit”?
1325 3892 1386 3945 In
1420 3892 1558 3957 tilio,
1594 3899 1651 3946 et

47 3987 201 4053 tilia,
234 3998 288 4041 et
342 3985 530 4050 fratre,
559 3993 614 4039 et
640 3999 830 4039 sorore
875 3984 1105 4054 virgine,
1139 3983 1397 4038 videlicet
1419 3999 1658 4053 peccan-

48 4078 211 4133 tibus
233 4117 249 4141 ,
271 4077 584 4131 necessarie
609 4076 867 4131 sacerdos
900 4074 1195 4145 polluitur:
1232 4083 1418 4143 utpote
1445 4076 1537 4143 qui
1564 4076 1659 4130 de-

52 4171 153 4224 bet
187 4169 453 4239 quotidie,
504 4168 600 4223 sed
625 4176 679 4223 et
721 4168 869 4223 omni
896 4169 1053 4232 hora,
1083 4182 1147 4222 ea
1174 4182 1296 4237 quia:
1321 4166 1387 4221 ad
1422 4167 1653 4222 salutem

50 4263 348 4332 pertinent
398 4276 493 4316 eos
532 4260 827 4326 instruere,
888 4269 945 4315 et
996 4260 1222 4331 vigilare
1263 4259 1408 4315 circa
1448 4274 1568 4321 eos.
1598 4270 1658 4314 ut

52 4372 168 4410 non
202 4362 432 4426 peccent
453 4354 575 4408 talia
607 4369 729 4422 qua:
749 4360 927 4408 morte
951 4361 1082 4407 sunt
1105 4352 1290 4422 digna.
1326 4351 1443 4407 Hoc
1471 4360 1655 4407 autem

1756 2155 1823 2210 ad
1872 2154 2311 2225 profanationem
2361 2171 2536 2211 suam.
2581 2154 2701 2210 Non
2739 2154 2941 2209 frustra
2971 2163 3156 2209 autem
3189 2155 3348 2210 addi-

1756 2248 1838 2302 dit
1881 2249 2323 2320 profanationem,
2393 2249 2490 2303 sed
2539 2248 2672 2303 illud
2723 2264 2822 2318 per
2855 2249 2959 2303 hoc
2994 2248 3223 2302 verbum
3258 2249 3349 2302 in-

1756 2352 1962 2392 naeus:
2014 2337 2142 2406 quia
2180 2337 2399 2408 quando
2429 2336 2684 2393 sacerdos
2717 2337 3000 2407 polluitur,
3045 2337 3347 2391 secundum

1756 2429 2081 2509 praedictam.
2114 2444 2356 2495 causam,
2403 2429 2586 2498 populi
2617 2426 2829 2497 peccati
2858 2427 3135 2491 videlicet,
3165 2427 3339 2496 negli-

1755 2534 1888 2591 gens
1910 2528 1964 2574 et
1991 2536 2103 2574 non
2132 2535 2299 2591 agens
2339 2535 2460 2590 qua:
2489 2519 2665 2573 modis
2701 2518 2954 2573 omnibus
3003 2518 3346 2573 sacerdotem

1753 2613 2059 2681 oportebat,
2091 2610 2373 2681 profanus,
2413 2611 2466 2664 id
2498 2622 2583 2667 est
2611 2610 2793 2664 nudus
2821 2607 3111 2662 sacerdotii
3153 2606 3338 2677 digni-

1754 2710 1865 2757 tate
1915 2702 2192 2757 invenitur
2254 2716 2400 2756 uuus
2451 2708 2507 2755 et
2563 2701 2678 2769 ipse
2735 2699 2803 2753 de
2832 2699 3058 2752 multis:
3122 2696 3344 2767 profani

1752 2795 1901 2848 enim
1954 2795 2010 2849 hi
2060 2795 2154 2863 qui
2206 2780 2494 2848 non'sunt
2542 2790 2867 2847 sanctiﬁcati
2939 2791 3238 2852 dicuntur,
3292 2796 3349 2843 et

1750 2886 1985 2942 multum
2041 2893 2210 2951 recte,
2272 2885 2401 2954 quia
2457 2898 2521 2938 ea
2553 2899 2675 2953 quae
2708 2891 2836 2938 sunt
2892 2882 3196 2938 sacerdotis
3237 2895 3347 2939 non

1749 2979 2017 3048 legerunt.

1823 3068 1987 3124 Vens.
2019 3070 2075 3124 5.
2119 3088 2138 3121 ‹
2174 3069 2295 3124 Νοη
2320 3068 2521 3122 radent
2543 3075 2730 3137 caput,
2752 3082 2859 3123 nec
2883 3067 3138 3133 barbam,
3167 3081 3348 3136 neque

1759 3163 1815 3215 in
1854 3161 2112 3216 carnibus
2133 3160 2247 3215 suis
2276 3159 2482 3214 facient
2507 3159 2796 3213 incisuras.
2837 3177 2855 3209 ι

1831 3253 1990 3308 Vinci
2036 3269 2066 3306 a
2101 3252 2500 3309 .saccrdotibus
2564 3251 2729 3305 etiam
2790 3249 3067 3304 tristitiam
3111 3265 3232 3320 quae
3281 3250 3351 3305 de

1759 3356 1935 3402 morte
1960 3347 2102 3402 solet
2130 3347 2414 3412 accedere,
2445 3347 2530 3400 lex
2559 3353 2710 3400 recte
2747 3346 3011 3415 praecipit,
3035 3356 3222 3415 utpote
3254 3351 3345 3417 qui

1759 3446 1816 3491 et
1838 3437 1941 3506 ipsi
1967 3452 2120 3505 spem
2153 3437 2279 3491 vitae
2302 3436 2498 3490 futurae
2527 3435 2729 3490 habent
2752 3442 2806 3488 et
2835 3435 3093 3504 pupulum
3125 3436 3344 3492 docent.

1760 3527 1870 3581 Sed
1901 3533 2054 3580 extra
2083 3526 2202 3581 haec
2230 3540 2344 3579 non
2375 3525 2553 3579 solum
2585 3524 2639 3577 in
2675 3522 2912 3593 propriis
2940 3523 3180 3591 peccatis
3208 3525 3349 3594 vigi-

1758 3619 1873 3673 lare
1903 3634 2002 3673 eos
2039 3625 2095 3673 et
2122 3626 2336 3672 mentes
2362 3616 2569 3670 habere
2597 3630 2778 3679 sanas,
2810 3615 2904 3668 sed
2934 3614 3095 3668 etiam
3120 3615 3173 3668 in
3214 3615 3349 3671 alie-

1758 3711 1867 3776 nis,
1895 3710 1951 3764 in
1980 3709 2065 3765 his
2081 3724 2201 3779 quae
2215 3722 2365 3762 nunc
2391 3707 2535 3760 dicta
2565 3714 2714 3771 sunt,
2734 3706 3021 3760 evidenter
3047 3706 3291 3776 praecipit
3317 3726 3328 3762 :

1758 3803 2034 3872 quomodo
2064 3810 2272 3865 autem,
2322 3798 2493 3854 disce.
2532 3797 2710 3867 Caput
2764 3806 2820 3852 et
2846 3798 3010 3852 barba
3064 3798 3345 3868 sapienti-.9.

1759 3903 1843 3950 est
1872 3904 1928 3950 ct
1970 3892 2327 3965 perfectionis
2372 3899 2579 3945 nostra:
2629 3889 2881 3959 signum:
2916 3899 3143 3959 propter
3199 3890 3346 3958 quod

1758 3994 1923 4056 caput
1951 3994 2204 4040 nostrum
2241 3981 2548 4052 appellatur
2586 3980 2858 4046 Christus,
2895 3981 2950 4035 in
2996 3997 3105 4050 quo
3153 3993 3349 4051 sapere

1760 4080 2026 4134 habemus
2087 4077 2326 4131 maxima
2381 4090 2611 4146 quaeque
2662 4084 2827 4145 atque
2883 4076 3148 4145 perfecta,
3208 4083 3344 4129 teste

1760 4172 1947 4237 Paulo,
1978 4171 2070 4240 qui
2104 4171 2270 4227 dicit:
2313 4170 2488 4224 Donec
2520 4185 2861 4224 occurramus
2891 4184 3068 4221 omnes
3096 4168 3151 4220 in
3176 4168 3345 4220 virum

1757 4267 2078 4335 perfectura,
2127 4274 2177 4318 et
2230 4280 2531 4318 mensuram
2573 4263 2749 4317 aetatis
2802 4260 3143 4328 plenitudinis
3193 4259 3347 4313 Chri-

1756 4359 1825 4412 sti
1858 4358 1923 4410 ίο.
1955 4357 2124 4412 Recte
2153 4363 2336 4412 autem
2369 4364 2423 4412 et
2454 4356 2619 4411 barba
2660 4355 2928 4426 signiﬁcat
2953 4353 3345 4424 perfectionem

50 4450 240 4518 ipsum
275 4447 331 4501 in
365 4456 521 4518 patre
563 4454 621 4500 et
652 4447 705 4499 in
739 4454 912 4500 matre
957 4445 1372 4516 intelligendum
1423 4453 1529 4500 est.
1562 4446 1653 4499 Fi-
1686 4449 1731 4504 ι)
1757 4446 2065 4516 sapientiae,
2103 4447 2340 4501 alterum
2402 4455 2586 4500 autem
2645 4443 3081 4515 intelligentiam,
3124 4441 3249 4511 quia
3289 4440 3345 4494 in

55 4539 197 4593 lium
229 4539 432 4608 quippe
464 4539 741 4593 doctorem
768 4536 940 4607 patris
970 4536 1271 4606 matrisque
1294 4538 1651 4592 sacerdotalis

54 4631 302 4701 dignitas
328 4630 474 4684 facit.
510 4629 709 4684 Dicens
735 4629 956 4698 quidem
997 4642 1271 4691 sororem,
1296 4643 1414 4697 quia
1437 4644 1542 4681 non
1573 4636 1651 4681 est

59 4729 231 4791 nupta
256 4721 387 4788 viro,
407 4720 647 4777 ostendit
669 4736 768 4790 per
787 4719 948 4783 hanc,
967 4720 1115 4789 quia,
1139 4718 1185 4773 si
1216 4719 1435 4789 cognati
1464 4734 1652 4773 sacer«~

55 4813 222 4873 dotes
249 4813 573 4883 semetipsos
619 4811 1016 4880 separaverint,
1045 4818 1102 4863 et
1143 4809 1647 4881 domusquodam-

56 4902 227 4958 modo
255 4904 358 4958 alia
388 4902 713 4972 semetipsos
749 4908 1066 4971 separantes
1105 4898 1234 4952 facti
1262 4898 1491 4963 fuerint,
1519 4900 1647 4953 nul—

59 4993 174 5045 lam
225 4994 508 5063 patiuntur
566 4994 620 5047 in
678 4991 1039 5063 peccantibus
1105 4988 1192 5041 his
1269 4987 1652 5056 pollutionem.

62 5081 323 5147 Quandiu
350 5095 531 5138 autem
561 5085 642 5139 eis
666 5085 972 5145 adhaerent,
1017 5077 1445 5149 propinquitatis
1476 5089 1530 5133 et
1559 5095 1654 5133 co-

66 5172 342 5243 gnationis
396 5174 567 5243 legem
626 5173 1102 5237 custodientibus,
1162 5169 1654 5225 contaminationis

65 5276 262 5316 eorum
312 5269 458 5316 recte
495 5262 784 5332 participes
814 5261 1148 5324 efﬁciuntur,
1203 5260 1330 5330 quia
1368 5275 1469 5314 nec
1498 5259 1651 5331 igno«

69 5363 193 5404 rare
234 5364 426 5405 eorum
478 5358 720 5418 peccata,
788 5358 976 5419 utpote
1029 5347 1489 5414 cohabitantium,
1520 5364 1649 5418 pos-

69 5451 219 5510 sunt,
244 5445 389 5516 quod
431 5445 512 5501 eis
553 5453 610 5500 et
655 5444 1140 5499 contaminationis
1193 5459 1421 5499 causam
1478 5444 1644 5513 parit.

75 5532 230 5593 Unde
275 5551 407 5610 ergo
460 5536 650 5594 dicens
696 5534 842 5604 quod
892 5535 948 5589 in
1000 5536 1085 5590 his
1133 5535 1646 5591 contaminarentur

151 5715 323 5775 “Osee
360 5734 435 5785 tv,
468 5718 523 5772 8.
596 5719 615 5751 ⁷
652 5716 852 5773 Ezech.
891 5732 971 5785 ιιι,
1009 5720 1193 5774 17-19.

1273 5722 1293 5753 ⁸
1337 5722 1358 5778 Ι
1392 5722 1532 5777 Tim.
1564 5741 1617 5787 γ,
1651 5723 1704 5776 '7.

1756 4537 1841 4591 his
1865 4536 1957 4606 qui
1990 4537 2057 4592 ad
2104 4537 2399 4605 iuvenilem
2456 4542 2729 4591 venerunt
2781 4545 3021 4600 aetatem,
3061 4532 3174 4602 jam
3224 4546 3345 4600 quae

1755 4638 1887 4682 sunt
1910 4628 2061 4681 utilia
2090 4627 2231 4681 scire
2259 4627 2570 4681 valentibus
2594 4626 2760 4680 barba
2791 4625 3053 4679 nascitur.
3074 4622 3343 4687 Quoniam

1753 4734 1881 4788 ergo
1914 4727 2161 4770 mortuos
2192 4726 2506 4785 peccatores
2558 4732 2671 4769 non
2701 4717 2875 4769 solum
2918 4714 3205 4775 Dominus,
3245 4713 3342 4765 sed

1752 4816 1806 4861 et
1839 4806 2039 4859 Paulus
2061 4806 2318 4873 appellat,
2344 4820 2466 4857 cum
2497 4805 2669 4858 dicit:
2702 4803 2770 4856 Et
2798 4820 2916 4855 cum
2952 4818 3176 4855 essenms
3199 4818 3342 4855 mor-

1758 4899 1835 4951 tui
1862 4897 2091 4969 peccatis
2115 4896 2328 4957 nostris,
2358 4893 2744 4962 convivi/icavit
2788 4909 2879 4945 nos
2907 4891 3189 4946 Christo“.
3220 4890 3338 4947 Non

1752 4996 1971 5058 oportet
2025 4984 2326 5040 sacerdotis
2374 4982 2611 5039 maxime
2669 4990 2838 5051 caput
2886 4989 2979 5034 aut
3008 4982 3177 5035 barba
3223 4982 3339 5037 radi

1756 5095 1923 5149 super
1973 5085 2273 5143 mortuum,
2308 5076 2361 5131 id
2415 5083 2500 5131 est
2535 5091 2700 5145 super
2739 5081 3106 5145 peccatorem.
3152 5073 3340 5143 Neque

1752 5174 1898 5227 enim
1920 5179 2141 5242 oportet
2165 5169 2547 5241 cogitationes,
2585 5186 2706 5240 quae
2734 5169 2876 5222 sicut
2915 5166 3090 5235 capilli
3114 5175 3340 5221 ornatus

1759 5274 1889 5319 sunt
1920 5264 2133 5332 capitis.
2166 5270 2221 5316 et
2250 5263 2380 5333 ipsa:
2407 5271 2633 5315 ornatus
2657 5268 2785 5315 sunt
2815 5267 3015 5314 nostra:
3037 5258 3338 5327 sapientiae,

1757 5355 1976 5425 quando
1996 5364 2176 5409 tamen
2199 5362 2330 5409 sunt
2352 5352 2812 5422 ordinatae-atque
2842 5352 3058 5413 sobriae,
3084 5352 3341 5407 saccrdo-
3406 5380 3409 5383 ν

1759 5456 1866 5501 tem
1892 5458 2245 5514 corrumpere
2278 5444 2385 5498 alio
2404 5453 2690 5514 peccante,
2721 5444 2815 5498 sed
2846 5458 3170 5499 conservare
3196 5440 3340 5496 intc-

1767 5553 1917 5609 gras,
1942 5544 2001 5590 ut
2018 5520 2523 5605 ‘possitexhortari,
2546 5536 2851 5601 obsecrare,
2877 5550 3121 5606 arguere,
3156 5534 3337 5589 incre-

1785 5724 1804 5753 °
1841 5721 1859 5776 ι
1889 5722 2030 5777 Tim.
2065 5737 2147 5787 ιιι,
2174 5722 2228 5777 5.

2310 5720 2570 5790 “Ephcs.
2610 5738 2682 5787 iv,
2723 5723 2806 5776 i5.
2885 5722 2923 5754 ¹¹
2955 5718 3148 5785 Ενιιοε.
3182 5735 3239 5784 ιι,
3270 5720 3321 5770 εἰ.
