3810 6318
476 365 619 434 1055

1670 346 2037 411 HESYCHII
2073 338 2550 403 PRESBYTERI

3677 328 3805 397 1055

472 497 630 554 pare,
658 479 962 536 secundum
998 477 1143 548 quod
1178 473 1381 529 Paulus
1409 469 1477 525 ad
1522 467 1875 522 Timotheum
1917 462 2058 518 scri-

2184 471 2331 526 teque
2368 452 2835 507 communicaveris
2866 450 3094 519 peccatis
3137 448 3334 502 alienis
3372 463 3392 500 :
3434 446 3798 510 temetipsum

474 572 603 645 psit.
640 572 836 643 Argue,
869 571 1104 639 increpa,
1156 566 1369 621 obsecra
1418 568 1474 616 in
1503 562 1645 615 omni
1695 558 1954 628 patientia
1982 562 2055 645 ξε

476 642 802 718 doctrina".
835 658 1122 726 Quomodo
1153 663 1335 711 autem
1364 655 1472 707 hoc
1510 650 1622 713 ﬁat,
1666 647 1938 703 subdidit:
1978 642 2057 697 Tu

477 761 656 806 autem
685 750 867 821 vigila,
910 750 967 801 in
996 745 1236 801 omnibus
1286 743 1491 806 labora,
1536 756 1664 809 opus
1713 739 1797 808 {ac
1831 750 2055 800 evange-

481 843 694 899 lista“.
729 842 870 911 Ergo
909 839 1160 893 sacerdos
1188 836 1280 905 qui
1312 850 1418 888 non
1445 833 1765 888 exhortatur
1797 837 1853 882 et
1882 827 2061 894 arguit

478 940 824 1004 peccantem,
854 945 963 983 non
988 925 1297 998 t'igilat;qui
1321 930 1502 978 autem
1520 937 1630 976 non
1648 920 1852 991 vigilat,
1869 916 2059 970 radere

481 1032 644 1093 caput
668 1031 724 1077 et
754 1021 975 1075 barbam
1018 1017 1316 1073 secundum
1367 1016 1627 1069 virtutem
1673 1009 2061 1081 praedictorum

481 1121 628 1167 recte
656 1111 875 1166 dicitur.
899 1108 1005 1163 Sed
1028 1121 1204 1177 neque
1234 1105 1417 1161 facere
1451 1105 1508 1159 iu
1539 1118 1705 1157 carne
1740 1116 1838 1155 sua
1870 1099 2058 1154 conci-

479 1204 665 1259 sioncs
694 1218 858 1272 super
885 1210 1101 1256 mortuo
1123 1197 1464 1253 sacerdotem
1492 1195 1669 1259 decet,
1723 1192 1778 1248 id
1833 1200 1918 1245 est
1952 1204 2061 1243 non

480 1291 834 1348 scandalizari
877 1290 930 1343 in
969 1295 1276 1359 peccatore,
1313 1301 1420 1340 nec
1468 1283 1754 1340 oﬂ‘endere
1799 1288 2063 1351 peccante

482 1383 686 1452 aliquo,
720 1396 899 1451 neque
923 1378 1200 1435 carnalem
1224 1394 1289 1432 ex
1320 1377 1426 1431 hoc
1455 1391 1675 1431 sumere
1710 1372 2058 1443 sapientiam,

483 1473 552 1528 ad
616 1472 915 1527 illicitatem
964 1471 1160 1525 similis
1220 1468 1545 1538 iniquitatis.
1601 1465 1842 1521 lncisura
1913 1462 2064 1516 enim

483 1565 752 1635 sapientia
771 1563 953 1618 carnis
976 1572 1091 1617 est:
1119 1561 1266 1631 quod
1292 1562 1361 1615 de
1389 1560 1613 1624 ludatis,
1649 1558 1741 1629 qui
1772 1557 2066 1613 carnaliter

484 1659 677 1712 vivunt
699 1666 755 1710 ct
778 1655 1000 1724 sapiunt
1027 1662 1269 1718 terrena,
1300 1653 1379 1707 ait
1401 1651 1629 1705 Paulus:
1685 1650 1861 1704 Videte
1886 1666 2062 1712 canes,

483 1751 652 1806 videte
678 1746 845 1800 malos
865 1746 1153 1815 operarios,
1178 1746 1346 1799 videte
1378 1744 1721 1797 concisionem
1739 1743 1804 1796 “.

554 1839 718 1896 Vsus.
753 1838 806 1893 6.
853 1857 873 1890 ι
906 1836 1092 1891 Sancti
1121 1837 1416 1891 eruntDeo
1438 1851 1537 1891 suo
1594 1844 1783 1889 etnon
1814 1834 2065 1904 polluent

484 1945 686 1984 nomen
716 1929 857 1998 ejus.
897 1927 1187 1981 Incensura
1219 1926 1364 1981 enim
1403 1925 1619 1991 Domini
1660 1934 1715 1980 et
1745 1940 1914 1996 panes
1968 1925 2064 1979 Dei

484 2022 572 2079 sui
599 2022 873 2086 oﬁ‘erunt;
908 2020 1107 2076 etideo
1135 2018 1307 2072 sancti
1344 2025 1523 2072 erunt.
1577 2036 1595 2067 ι

554 2112 841 2178 Quomodo
866 2112 1115 2183 polluant
1155 2111 1469 2166 sacerdotes
1521 2125 1721 2164 nomen
1757 2110 1870 2173 Dei,
1900 2109 2066 2163 Mala-

483 2204 637 2260 cliias
666 2206 935 2274 propheta
966 2204 1251 2274 exposuit:
1286 2201 1381 2257 Vos
1407 2204 1725 2262 sacerdotes.
1758 2203 1847 2273 qui
1868 2220 1915 2271 pl
1938 2203 2066 2255 ltui—

484 2297 550 2350 tis
581 2313 769 2349 nomen
797 2311 991 2358 meum,
1021 2304 1069 2349 et
1112 2295 1323 2349 dixistis
1350 2311 1369 2348 :
1411 2298 1476 2349 In
1501 2311 1601 2365 quo
1634 2294 1916 2364 polluimus
1974 2303 2023 2347 te
2042 2295 2068 2347 ?

483 2389 680 2458 oﬂ‘ertis
701 2404 858 2457 super
879 2382 1055 2441 altare
1084 2403 1260 2441 meum
1295 2402 1487 2458 panem
1513 2384 1768 2454 pollutum
1790 2387 1855 2439 ".
1890 2386 1954 2438 Et
1984 2385 2067 2439 his

483 2482 683 2536 similia
705 2481 913 2535 addens
958 2479 1232 2535 subdidit:
1284 2479 1508 2549 Propter
1556 2479 1694 2548 quod
1733 2478 1779 2530 si
1835 2476 2067 2546 σπου·ηείι

484 2591 680 2629 ca'cum
711 2575 782 2628 ad
813 2574 1214 2633 immolandum,
1251 2588 1422 2626 nonne
1452 2571 1654 2624 malum
1677 2581 1771 2636 est,
1799 2581 1846 2624 et
1868 2573 1913 2624 si
1942 2570 2067 2641 οπε-

486 2664 627 2718 ratis
652 2680 670 2717 :
693 2663 942 2717 claudum
973 2674 1021 2717 et
1041 2662 1372 2734 languidum,
1395 2679 1566 2716 nonne
1581 2663 1781 2716 malum
1804 2673 1878 2716 est
1898 2663 1980 2715 1°?
2004 2663 2069 2716 Et

484 2771 712 2810 rursus:
739 2758 995 2824 Magnum
1025 2764 1099 2808 est
1122 2771 1309 2808 nomen
1351 2771 1522 2809 meum
1551 2756 1608 2808 in
1634 2755 1891 2825 gentibus.
1939 2756 2069 2808 dicit

484 2848 764 2910 Dominus,
793 2864 881 2901 vos
908 2857 1086 2901 autem
1115 2847 1373 2916 polluistis
1414 2847 1549 2900 illud
1578 2848 1632 2900 in
1662 2863 1722 2900 eo
1770 2852 1908 2917 quod
1934 2847 2069 2899 dici-

486 2939 574 3001 tis,
611 2942 794 2993 Mensa
836 2937 1049 2991 Domini
1078 2938 1283 2991 deserta
1331 2939 1491 2990 est".
1542 2936 1682 3007 Ergo
1738 2936 1793 2990 in
1843 2946 2068 3006 peccato

487 3027 883 3083 sacriﬁciorum
910 3027 1004 3082 Dei
1024 3042 1226 3081 nomen
1266 3027 1522 3096 polluant
1555 3026 1883 3081 sacerdotes.
1913 3025 2068 3081 Unde

2096 1798 2136 1851 Β

2158 558 2365 601 castum
2402 545 2609 599 custodi
2629 544 2697 595 ιι.
2736 541 2880 614 Ergo
2916 557 3079 597 causa
3134 538 3414 596 castitatis
3460 548 3537 593 et
3596 540 3794 592 sancti-

2159 639 2427 697 ﬁcationis
2461 647 2549 694 est
2580 636 2875 701 sacerdoti,
2908 636 2965 691 in
3021 635 3176 689 nullo
3232 633 3677 704 praedictorum
3706 649 3795 685 nn-

2158 749 2250 790 see
2261 733 2329 787 ri.

2232 821 2395 877 Vsus.
2442 819 2563 875 7-8.
2604 837 2624 871 ι
2681 817 2935 873 Scortum
2987 827 3043 872 et
3066 818 3171 872 vile
3223 818 3642 887 prostibulum
3695 835 3789 872 non

2159 916 2322 970 ducet
2352 927 2604 977 uxorem,
2628 925 2736 965 nec
2757 925 2878 964 eam
2901 925 3022 980 qua:
3052 910 3343 979 repudiata
3373 918 3475 964 est
3504 926 3543 963 a
3579 911 3783 967 marita.

2159 1006 2287 1077 quia
2312 1012 2663 1060 consecratus
2691 1012 2776 1057 est
2806 1002 2931 1057 Deo.
2948 1017 3068 1065 suo.
3088 1012 3140 1056 et
3172 1017 3347 1071 panes
3370 1003 3783 1071 propositionis

2160 1095 2373 1153 olIeret.
2406 1099 2490 1150 Sit
2516 1110 2646 1163 ergo
2673 1104 2919 1155 sanctus,
2961 1093 3089 1163 quia
3111 1100 3169 1146 et
3206 1108 3310 1161 ego
3358 1103 3621 1148 sanctus
3671 1110 3776 1147 sunt

2164 1188 2447 1251 Dominus,
2477 1189 2572 1256 qui
2603 1184 2887 1241 sanctiﬁco
2912 1199 3027 1239 vos.
3067 1203 3087 1234 ι

2234 1276 2492 1332 Mirabilis
2514 1285 2599 1332 est
2626 1278 2869 1345 pmsens
2891 1274 3101 1339 sanctio
3129 1274 3183 1328 in
3211 1272 3359 1329 LXX
3392 1273 3775 1332 translatime.

2163 1369 2289 1439 quia
2328 1368 2471 1423 idem
2526 1367 2843 1422 mandatum
2893 1366 2947 1420 in
2996 1381 3288 1435 personam
3342 1365 3693 1426 multorum,
3733 1378 3775 1417 ct

2164 1476 2354 1516 rursus
2382 1461 2435 1514 in
2481 1460 2662 1515 medio
2693 1458 2998 1529 proferens,
3048 1459 3395 1523 advocavit;
3436 1458 3521 1512 Et
3566 1457 3772 1510 manife-

2166 1559 2310 1605 stum
2348 1551 2540 1619 procul
2568 1549 2737 1605 dubio
2764 1564 2833 1603 ex
2862 1549 2968 1604 hoc
2997 1558 3104 1613 est,
3133 1549 3281 1619 quod
3313 1549 3391 1604 de
3428 1548 3771 1602 multitudine

2166 1642 2385 1712 quidem
2417 1640 2765 1695 sacerdotum
2789 1641 3072 1710 praecepit,
3101 1642 3158 1695 in
3198 1656 3382 1695 unum
3432 1651 3637 1694 autem
3675 1655 3765 1693 oa-

2168 1733 2318 1787 nium
2356 1731 2839 1787 sanctiﬁcatiouem
2882 1732 3131 1795 deduxit,
3163 1731 3327 1786 aiunt
3368 1731 3540 1786 enim
3570 1751 3587 1786 :
3611 1732 3766 1785 una.

2168 1840 2278 1878 rem
2307 1824 2630 1877 meretricem
2660 1832 2709 1876 et
2732 1825 3017 1893 profanam
3046 1839 3149 1876 non
3177 1823 3486 1892 accipient,
3537 1832 3597 1877 et
3636 1823 3763 1892 palis

2168 1923 2310 1983 post,
2344 1912 2571 1969 Sanctus
2594 1917 2731 1969 erit:
2751 1924 2805 1969 et
2828 1930 3039 1979 rursus,
3065 1913 3439 1981 Sanctificaba
3466 1932 3619 1975 eum,
3641 1915 3760 1983 quasi

2168 2008 2235 2061 de
2265 2006 2370 2060 illis
2411 2007 2544 2061 dicit
2581 2007 2673 2076 qui
2701 2007 2886 2069 unius.
2930 2005 2985 2060 id
3010 2014 3097 2060 est
3149 2005 3295 2060 illius
3336 2007 3447 2075 qui
3486 2007 3760 2061 secundum

2167 2099 2414 2154 ordinem
2459 2099 2857 2155 Melchisedech
2892 2098 3261 2153 ministrantis
3295 2098 3566 2153 ofﬁcium
3609 2115 3762 2153 sum:~

2168 2202 2367 2260 perunt
2404 2210 2416 2245 :
2446 2192 2595 2247 illum
2631 2192 2777 2247 enim
2811 2200 2868 2246 et
2896 2191 3012 2261 ipsa
3047 2199 3232 2244 textus
3285 2193 3475 2246 verba
3524 2193 3647 2247 sine
3676 2191 3761 2244 dit-

2168 2284 2407 2339 ﬁcultate
2438 2284 2766 2354 signiﬁcante,
2804 2283 2949 2338 sicut
2980 2290 3136 2337 extra
3164 2290 3426 2337 nostram
3474 2285 3763 2338 translatio-

2166 2392 2293 2431 nem
2318 2376 2482 2431 etiam
2515 2377 2696 2432 cacteri
2727 2376 3088 2443 interpretum
3111 2374 3517 2430 ostenderunt.
3552 2375 3763 2435 Etenim,

2167 2468 2313 2538 quod
2371 2467 2515 2522 LXX
2536 2469 2822 2529 dixerunt.
2858 2468 3011 2522 Dona
3044 2467 3262 2522 Domiti
3321 2467 3431 2522 Dei
3476 2471 3641 2523 vestri
3678 2470 3765 2536 ipse

2167 2562 2364 2631 o/j'eret,
2394 2561 2467 2615 illi
2485 2560 2774 2615 ediderunt
2793 2579 2806 2613 :
2828 2558 2966 2624 Quia
2997 2576 3160 2630 panes
3198 2558 3295 2613 Dei
3330 2561 3421 2613 tui
3445 2562 3562 2631 ipse
3588 2562 3761 2631 ageret.

2167 2651 2326 2706 Nullo
2355 2651 2518 2706 modo
2548 2660 2731 2705 autem
2760 2651 2979 2721 ignoras
3010 2651 3140 2720 quia
3171 2649 3600 2708 Melchisedech
3632 2654 3761 2707 obis-

2170 2745 2373 2800 tionem
2403 2752 2459 2798 et
2489 2743 2856 2798 sacerdotium
2887 2743 2943 2798 in
2970 2744 3207 2813 panibus
3228 2744 3590 2814 possidebat.
3616 2744 3762 2810 Pro;-

2168 2842 2254 2888 ter
2288 2834 2430 2902 quod
2481 2841 2537 2888 et
2566 2834 3005 2904 Abrahzepanes
3051 2848 3247 2904 gerens
3278 2842 3337 2889 et
3417 2836 3639 2899 vinum,
3660 2850 3760 2904 qua:

2164 2932 2325 2978 erant
2357 2923 2511 2995 signa
2548 2925 2671 2994 ejus
2700 2923 3009 2989 sacerdotii,
3046 2925 3329 2980 occurrit:
3363 2925 3609 2996 gerebat
3632 2926 3761 2979 enim

2168 3014 2461 3086 imaginem
2509 3014 2733 3079 Christi,
2776 3015 2847 3070 de
2883 3031 2991 3086 quo
3030 3015 3196 3069 David
3248 3024 3478 3085 patrem
3526 3018 3763 3071 exhibuit

487 3135 612 3175 cum
661 3119 933 3189 legislator
970 3119 1197 3172 dixisset
1226 3135 1239 3171 :
1272 3117 1394 3171 Non
1425 3118 1661 3188 polluant
1703 3133 1891 3171 nomen
1930 3117 2063 3187 ejus,
2097 3171 2136 3189 η
2169 3106 2228 3161 in
2251 3107 2538 3177 prophetia
2568 3108 2840 3163 dicentem
2872 3125 2887 3161 ε
2920 3107 2994 3161 Tu
3026 3124 3080 3162 εδ
3110 3107 3372 3162 Sacerdos
3404 3109 3469 3161 ἕιι
3491 3120 3761 3166 Merum.

488 3226 599 3266 non
620 3211 818 3265 frustra
849 3210 1076 3274 addidit,
1100 3210 1379 3264 Incensum
1407 3211 1550 3264 enim
1576 3210 1808 3274 Domini,
1829 3219 1876 3263 et
1906 3225 2069 3278 partes

491 3300 591 3355 Dei
620 3301 703 3353 sui
736 3300 978 3369 offerunt.
1011 3297 1109 3353 Vel
1143 3299 1283 3355 sicut
1314 3298 1475 3366 LXX,
1509 3299 1647 3365 Quia
1687 3301 1788 3370 ipsi
1840 3301 2070 3369 offerunt

488 3391 752 3460 sacriﬁcia
781 3390 916 3455 Dei;
952 3406 1073 3460 qum
1104 3406 1217 3445 non
1252 3401 1463 3446 tantum
1513 3392 1580 3447 de
1608 3392 2071 3446 irrationabilibus

490 3482 703 3548 bestiis,
732 3492 999 3551 quantum
1025 3485 1092 3538 de
1116 3483 1476 3539 rationalibus
1522 3485 1818 3555 praecipere
1852 3485 2071 3555 legisla-

493 3586 666 3630 torem
691 3584 746 3630 et
792 3576 1116 3646 prophetam
1151 3587 1328 3646 putes.
1359 3577 1628 3632 Pollutam
1669 3578 1816 3632 enim
1847 3578 1978 3632 dicit
2017 3586 2073 3633 et

491 3667 733 3721 ostendit
780 3666 992 3722 Domini
1048 3683 1297 3722 mensam
1333 3670 1589 3724 sacerdos
1647 3670 1737 3723 ille
1774 3669 1865 3739 qui
1899 3670 1968 3724 ab
2008 3685 2072 3723 ea

491 3773 587 3812 cos
615 3757 707 3827 qui
738 3757 1026 3828 iniquitate
1063 3761 1271 3829 peccati
1302 3762 1494 3830 polluti
1523 3770 1671 3825 sunt,
1696 3776 1805 3816 non
1825 3761 2073 3830 praecipit

489 3848 801 3914 abstinere,
865 3851 962 3905 sed
1022 3850 1317 3907 indiscrete
1377 3853 1639 3908 terribilia
1691 3852 1965 3923 permittit
2013 3861 2071 3907 et

489 3952 680 3998 sancta
708 3942 986 4014 contingi;
1044 3943 1112 3998 de
1151 3943 1352 4013 quibus
1401 3944 1757 3999 ait‘Paulus:
1799 3944 1902 4010 Qui
1966 3961 2071 3998 non

488 4036 735 4091 discernit
763 4036 972 4105 Corpus,
991 4036 1259 4105 judicium
1298 4035 1398 4090 sibi
1430 4039 1716 4091 manduca!
1749 4046 1796 4091 et
1849 4038 1977 4091 bibit
2003 4039 2066 4093 ¹⁸.

488 4126 695 4183 Oﬂ‘eret
728 4138 911 4183 autem
947 4136 1002 4183 et
1034 4128 1290 4183 claudum
1325 4132 1390 4183 ad
1421 4129 1614 4194 altare,
1662 4131 1755 4200 qui
1791 4130 2067 4186 inﬁdelem

487 4220 556 4275 ad
587 4221 956 4275 ministerium
986 4222 1279 4290 provehit;
1314 4221 1396 4276 sic
1446 4222 1592 4277 enim
1627 4223 1876 4277 infideles
1919 4223 2068 4278 Elias

488 4313 780 4369 Thesbites
842 4314 1166 4384 appellavit,
1240 4315 1460 4385 quando
1532 4315 1736 4371 Iudaeis
1805 4317 2063 4372 dicebat:

491 4406 765 4477 Usquequo
787 4406 1102 4459 claudicatis
1128 4408 1185 4460 in
1212 4416 1491 4477 utramque
1517 4416 1723 4475 partem
1741 4408 1783 4440 ¹⁹
1806 4409 1829 4461 ?
1849 4409 2064 4463 Carcum

2170 3199 2452 3252 secundum
2511 3199 2747 3253 ordinem
2799 3199 3169 3255 Melchisedech
3207 3201 3275 3254 “.
3325 3200 3509 3269 Cujus
3551 3210 3610 3255 ct
3636 3216 3763 3254 nunc

2173 3290 2446 3360 legislator
2474 3290 2564 3345 hic
2584 3291 2906 3361 dignitatem
2934 3307 3045 3346 non
3086 3291 3264 3353 solum
3304 3308 3519 3361 panum
3566 3309 3761 3347 memo-

2174 3380 2309 3434 riam
2352 3380 2557 3436 faciens
2583 3381 2824 3437 ostendit
2858 3399 2873 3436 :
2905 3382 3002 3437 sed
3040 3390 3097 3437 et
3128 3382 3541 3451 subsequentia
3590 3384 3758 3440 verba.

2173 3472 2217 3527 si
2235 3488 2425 3527 eorum
2440 3474 2693 3549 subtilius
2707 3474 2954 3530 ordinem
2972 3475 3343 3537 attendamus,
3365 3475 3477 3530 hoc
3493 3477 3761 3531 evidenter

2171 3562 2427 3624 innuunt.
2455 3566 2580 3634 quia
2619 3566 2964 3621 sacerdotum
2992 3566 3356 3621 sanctiﬁcatio
3395 3567 3470 3620 ad
3498 3567 3756 3620 Christum

2169 3652 2364 3716 tendit,
2389 3670 2500 3710 non
2521 3656 2696 3710 solum
2714 3657 2839 3726 quia
2865 3657 2933 3711 ab
2950 3672 3015 3712 eo
3032 3657 3324 3712 sacerdotii
3353 3657 3540 3728 legem
3562 3667 3621 3712 ct
3646 3674 3749 3712 mo-

2171 3742 2303 3798 dum
2329 3754 2681 3815 acceperunt,
2715 3748 2813 3802 sed
2842 3748 2969 3818 quia
3010 3748 3413 3804 sacriﬁciorum
3444 3766 3574 3820 quae
3603 3754 3669 3806 ab
3688 3752 3753 3804 eis

2172 3836 2498 3903 oﬁeruntur,
2552 3847 2715 3908 atque
2769 3840 3130 3905 oblationum,
3183 3842 3303 3912 ipse
3358 3844 3517 3913 apud
3564 3854 3755 3915 patrem

2173 3926 2441 3981 mediator
2476 3937 2578 3982 est.
2606 3929 2674 3983 Et
2695 3938 2981 3999 propterea
3009 3930 3122 3985 ait:

2243 4043 2518 4096 Iuceusum
2567 4043 2708 4095 enim
2736 4042 2951 4096 Domini
2994 4054 3043 4098 et
3068 4061 3231 4114 panes
3264 4046 3363 4100 Dei
3398 4049 3490 4101 sui
3528 4050 3754 4119 afer-ut.

2172 4129 2299 4187 Sive
2323 4132 2620 4186 secundum
2644 4131 2816 4186 LXX:
2845 4133 2994 4187 Dona
3016 4136 3228 4190 Domini
3252 4139 3410 4191 vestri
3441 4140 3556 4206 ipse
3579 4143 3750 4211 ασίγα.

2171 4224 2281 4280 Cur
2307 4235 2489 4279 autem
2516 4225 2724 4280 addidit
2748 4245 2761 4281 :
2788 4225 2869 4281 Sit
2890 4245 3012 4299 ergo
3041 4240 3274 4295 sanctus,
3291 4234 3421 4302 quia
3451 4243 3504 4287 et
3538 4251 3633 4305 ego
3657 4252 3753 4288 stt-

2171 4329 2391 4370 sanctus
2416 4316 2693 4383 Dominus,
2717 4318 2808 4388 qui
2851 4321 3122 4389 sanctifico
3155 4323 3279 4376 vos?
3310 4324 3437 4378 Non
3475 4326 3635 4390 dixit,
3668 4327 3749 4392 Qui

2169 4406 2449 4462 sanctiﬁco
2496 4414 2584 4472 te,
2633 4423 2705 4462 ne
2735 4407 2874 4463 forte
2905 4410 3184 4466 existimes
3234 4413 3388 4466 illum
3436 4416 3747 4470 sanctiticari

485 4506 545 4553 et
571 4498 795 4552 surdum
825 4498 1100 4568 provehit.
1132 4498 1225 4567 qui
1260 4498 1645 4553 inobedicntim
1690 4499 1775 4553 vel
1806 4499 2066 4570 ignoran-
2102 4542 2145 4596 Β
2169 4501 2262 4572 qui
2288 4502 2430 4556 dona
2465 4500 2529 4554 ad
2560 4501 2799 4567 Patrem,
2829 4514 2889 4555 ut
2915 4502 3182 4558 mediator
3217 4505 3439 4570 offeret,
3488 4508 3589 4562 sed
3640 4526 3750 4561 saa-

487 4586 578 4642 tia:
610 4585 705 4641 Dei
749 4586 945 4641 morbo
998 4586 1336 4641 laborantem
1389 4587 1681 4657 producit;
1737 4589 1805 4643 de
1859 4590 2061 4659 quibus

484 4681 653 4737 Isaias
682 4680 856 4735 Deum
898 4696 1056 4735 suum
1084 4682 1384 4737 introduxit
1413 4682 1718 4737 dicentem:
1758 4682 1936 4748 Surdi,
1966 4702 2066 4738 an-

483 4773 613 4839 dite,
655 4782 705 4826 et
750 4772 892 4838 eieci,
942 4772 1240 4844 intelligite.
1293 4771 1419 4837 Quis
1474 4790 1662 4838 cwcus,
1728 4775 1828 4828 nisi
1876 4773 2067 4830 Servus

482 4866 665 4920 meus?
706 4874 756 4918 et
794 4865 910 4937 quis
954 4867 1164 4931 surdus,
1216 4867 1320 4920 nisi
1361 4868 1434 4920 ad
1482 4884 1635 4937 quem
1678 4869 1887 4922 nuntios
1929 4886 2066 4923 neos

484 4960 605 5014 misi
621 4959 705 5013 ὀἳ
734 4958 963 5038 Quando
999 4976 1129 5032 ergo
1164 4962 1263 5016 hos
1288 4963 1380 5032 qui
1422 4962 1559 5016 tales
1593 4972 1746 5028 sunt,
1769 4961 1971 5017 offerre
1995 4965 2063 5017 ad

481 5052 655 5108 altare
691 5061 747 5107 et
771 5053 1052 5123 suscipere
1082 5053 1370 5123 mysticum
1402 5052 1769 5108 ministerium
1810 5056 2064 5110 sacerdos

484 5143 855 5213 proposuerit,
884 5157 1069 5196 nonne
1120 5143 1541 5212 polluitnomcn
1595 5144 1690 5197 Dei
1721 5143 1839 5199 sui?
1885 5160 2064 5214 neque

485 5234 632 5287 enim
667 5233 769 5288 erit
813 5234 864 5289 ei
919 5233 1025 5287 hoc
1074 5233 1198 5287 sine
1262 5233 1552 5289 maledicto
1587 5243 1644 5289 et
1686 5235 2062 5302 detractione,

486 5332 677 5395 utpote
706 5324 795 5394 qui
826 5324 1145 5379 ministrare
1193 5324 1305 5380 Deo
1338 5326 1511 5382 malos
1549 5328 1818 5397 praecipit.
1870 5327 1977 5382 Sed
2012 5339 2067 5382 et

488 5417 609 5487 ipse
633 5425 856 5472 sanctus
885 5418 1010 5482 erit,
1043 5418 1112 5472 ab
1137 5418 1224 5472 his
1254 5433 1312 5472 se
1334 5418 1660 5485 continens;
1693 5419 1836 5489 quod
1864 5430 2067 5475 osten-

491 5508 572 5564 dit
613 5510 817 5565 Paulus
850 5510 1077 5565 dicens:
1120 5509 1316 5564 Manus
1364 5511 1467 5563 cito
1498 5512 1696 5564 nemini
1734 5513 2064 5580 imposueris,

569 5707 612 5736 "
638 5707 685 5759 ll
709 5707 851 5759 Tim.
893 5723 967 5769 tv,
1007 5706 1063 5758 2.
1135 5707 1178 5738 ⁸³
1205 5707 1335 5762 ibid.
1382 5706 1434 5759 Si.

1516 5704 1554 5735 ’δ
1584 5704 1816 5775 Philipp.
1860 5723 1938 5773 Ill,
1963 5708 2018 5761 2.

494 5772 585 5828 ξω.
661 5776 704 5806 ¹⁹
736 5776 798 5828 lll
836 5775 963 5845 Iteg.
992 5792 1147 5842 xvm,
1179 5777 1268 5830 2i.

1350 5776 1394 5807 ²⁰
1420 5777 1522 5830 lsa.
1559 5791 1668 5841 tu,
1716 5776 1909 5839 18,19.

2099 5709 2141 5739 ”
2172 5708 2399 5762 Mztlaclt.
2425 5724 2463 5763 ι.
2493 5709 2540 5760 7.
2618 5708 2659 5738 ³⁵
2686 5707 2814 5761 ibid.
2845 5708 2896 5761 8.

1990 5780 2031 5809 ¹¹
2062 5779 2082 5833 Ι
2112 5777 2252 5833 'litn.
2288 5795 2339 5842 ν,
2365 5777 2450 5831 23.
2531 5777 2576 5808 ²²
2618 5777 2753 5831 Psal.
2788 5778 2973 5843 013,4.

2175 4594 2414 4662 ctiﬁcans
2439 4610 2546 4659 vos,
2578 4592 2829 4648 videlicet
2849 4594 2943 4663 qui
2968 4595 3023 4648 in
3050 4595 3168 4664 ejus
3190 4596 3421 4667 ﬁguram
3456 4600 3749 4653 sacerdotes

2177 4687 2431 4743 Ecclesiae
2466 4689 2743 4744 constituti
2775 4697 2925 4744 sunt.
2966 4689 3107 4756 Quid
3134 4706 3261 4762 ergo
3287 4708 3525 4749 necesse
3550 4695 3749 4749 eratsic

2173 4782 2338 4835 verba
2365 4780 2634 4843 connecti,
2656 4790 2751 4835 aut
2773 4798 2936 4852 quam
2961 4784 3191 4838 omnino
3223 4785 3388 4839 habet
3417 4802 3749 4857 consequor

2174 4872 2304 4926 tiam
2354 4873 2539 4925 talium
2562 4872 2792 4941 prolatio
2820 4874 3110 4928 verborum
3135 4874 3189 4928 in
3214 4877 3576 4932 translatione
3590 4878 3749 4933 LXX:

2172 4960 2399 5016 Sanctus
2448 4962 2565 5027 erit,
2614 4963 2737 5032 quia
2786 4972 3000 5017 sanctus
3048 4981 3187 5029 sum,
3235 4982 3327 5037 ego
3372 4965 3637 5024 Dominus
3682 4972 3750 5040 axi

2173 5054 2443 5122 sanctiﬁco
2498 5070 2586 5108 uos
2621 5056 2648 5109 2
2684 5053 2951 5124 Superius
2997 5057 3148 5111 enim
3194 5059 3663 5117 sanctiﬁcationis
3712 5064 3747 5113 ei
3808 5126 3810 5135 Ι

2173 5145 2546 5199 testimonium
2575 5146 2861 5215 praebitura
2885 5156 2987 5209 cst,
3010 5148 3153 5203 sic'ut
3175 5150 3419 5219 praedicti
3438 5152 3746 5209 ediderunt.

2174 5238 2452 5292 dicentes:
2484 5238 2621 5302 Quia
2650 5248 2863 5293 sanctus
2886 5250 2958 5294 est
2986 5240 3206 5295 Domino
3239 5244 3345 5296 Deo
3372 5261 3491 5297 suo.
3527 5246 3749 5311 Quom-

2172 5330 2244 5384 do
2278 5345 2406 5399 ergo
2455 5345 2645 5385 rursus
2676 5330 2892 5389 inferet.
2936 5331 3003 5385 Et
3029 5332 3385 5402 saurti/icabis
3415 5352 3543 5390 eum
3565 5340 3594 5389 ἓν
3614 5338 3745 5392 Dan

2177 5421 2313 5474 enim
2343 5420 2552 5473 Domini
2584 5420 2676 5474 Dei
2706 5422 2862 5474 uestri
2892 5421 3000 5489 ipse
3044 5424 3242 5492 σπίνοι.
3291 5423 3418 5478 Tria
3472 5442 3611 5498 ergo
3650 5429 3749 5479 hac

2174 5526 2274 5581 per
2309 5526 2371 5566 ea
2400 5527 2520 5581 qua:
2548 5512 2688 5567 dicta
2719 5520 2846 5566 sunt
2870 5515 3126 5578 ostendit,
3159 5516 3213 5569 id
3239 5524 3320 5570 est
3354 5516 3486 5586 quia
3514 5518 3752 5572 Christus

2981 5711 3018 5740 ”
3052 5710 3185 5765 ibid.
3226 5712 3313 5766 Η.
3395 5712 3485 5769 ⁸⁸1
3523 5712 3651 5770 Car.
3683 5729 3750 5772 υ.
