3810 6318
52 263 213 331 1057

1214 262 1299 322 IN
1337 256 1777 322 LEVITICUM.
1822 285 1890 296 —
1924 214 2074 322 LIB.
2109 259 2211 321 VI.

3213 257 3349 322 1058

42 382 369 436 si-rundum
401 379 543 450 quod
589 386 672 434 cst
710 378 873 444 Deus,
911 386 963 432 et
985 385 1206 432 sanctus
1235 389 1339 439 est.
1378 395 1408 431 a
1455 386 1650 432 semrt~
1689 384 1732 438 Λ
1763 376 2128 446 legitimorum
2155 375 2433 443 praedicet,
2456 388 2559 428 nec
2608 382 2792 428 utatur
2816 374 2896 428 eis
2921 373 3120 442 quibus
3147 372 3235 427 illa
3258 389 3350 427 se-

45 473 184 539 ipso
199 470 683 526 sanctificationem
699 470 907 523 habens
924 468 1037 534 ,sed
1054 476 1102 522 cl
1125 484 1224 522 nos
1237 469 1658 532 sanctilicamus;

41 562 124 614 de
157 577 269 629 quo
304 560 439 614 dixit
464 560 660 612 l‘aulus
696 576 708 611 :
750 556 851 622 Qui
894 557 1191 625 sanctiﬁcat
1215 566 1264 610 et
1293 559 1382 627 qui
1418 559 1661 626 sancti/i-

38 663 274 717 cnntur,
322 668 385 705 ea:
443 668 547 703 uno
589 666 766 704 omnes
799 648 866 702 ".
924 648 1030 702 Sed
1073 649 1159 701 ille
1200 648 1421 718 quidem
1468 666 1501 703 ει
1550 647 1661 703 Deo

40 759 234 797 limum
281 742 458 797 solum
508 740 707 805 Filius,
742 741 836 795 sed
868 750 923 795 et
948 740 1042 794 Dei
1080 750 1297 805 natura,
1334 756 1437 796 nos
1478 749 1660 795 autem

39 836 280 906 gratia;
335 842 561 904 propter
613 833 759 903 quod
808 835 898 887 ille
941 833 1161 903 quidem
1195 832 1515 898 sanctiﬁcat,
1559 844 1662 885 nos

38 934 243 978 autem
265 925 690 988 sanetilicamur;
711 923 1010 978 secundum
1029 933 1208 978 autem
1226 925 1368 993 quod
1386 924 1658 978 incarnari

37 1016 97 1070 ei
134 1016 363 1083 placuit,
391 1022 444 1068 et
472 1031 578 1068 non
612 1016 791 1068 solum
815 1014 1170 1076 sacriﬁcium,
1211 1015 1305 1069 sed
1330 1022 1386 1068 ct
1411 1014 1659 1084 pontifex

41 1106 200 1173 ﬁeri,
227 1108 528 1162 secundum
558 1109 660 1161 hoc
692 1106 933 1169 Patrem,
965 1114 1019 1160 et
1050 1106 1362 1169 Dominum,
1396 1115 1450 1160 et
1492 1106 1660 1160 Deum

43 1200 269 1254 habere
314 1200 532 1263 dicitur,
578 1200 718 1254 sicut
756 1199 873 1267 ipsc
914 1199 981 1252 ad
1015 1196 1237 1251 Mariam
1289 1197 1657 1268 Magdclenam

41 1292 195 1346 dixit
234 1309 247 1345 :
281 1292 420 1346 Vade
454 1291 524 1344 ad
557 1293 748 1362 fratres
792 1306 929 1343 meos
959 1299 1007 1343 et
1042 1290 1125 1342 dic
1171 1291 1243 1343 eis
1275 1305 1293 1343 :
1327 1290 1561 1343 Ascendo
1589 1290 1662 1343 ad

40 1382 291 1438 Patrem
322 1401 512 1448 meum,
536 1395 583 1437 et
603 1383 822 1437 Patrem
849 1391 1094 1445 vestrum,
1125 1383 1197 1435 ad
1217 1382 1385 1435 Deum
1411 1399 1584 1435 meum
1612 1390 1661 1435 et

45 1477 233 1531 Deum
259 1487 485 1531 vestrum
511 1476 577 1543 ⁸⁸⁵,
605 1486 661 1531 et
688 1483 977 1545 prOpterea
1006 1474 1083 1527 ait
1113 1492 1126 1528 :

120 1567 270 1632 Quia
293 1577 505 1621 sanctus
528 1577 601 1621 est
626 1567 851 1620 Domino
880 1565 984 1619 Deo
1015 1581 1127 1618 suo.
1156 1564 1386 1617 Sanctus
1414 1573 1499 1618 est
1521 1564 1662 1619 sicut

42 1658 229 1725 Deus,
264 1660 493 1713 Domino
522 1669 704 1713 autem
741 1657 851 1712 Deo
883 1658 1002 1726 ejus
1031 1665 1090 1709 ut
1116 1657 1300 1709 homo.

124 1751 360 1821 Propter
386 1752 522 1820 quod
558 1760 606 1803 et
635 1748 989 1816 sanctiﬁcabis
1023 1764 1163 1812 eum,
1197 1748 1335 1800 dona
1385 1746 1522 1800 enim
1550 1745 1654 1797 Do-

44 1846 197 1898 mini
225 1844 320 1896 Dei
337 1844 495 1896 vestri
521 1844 629 1912 ipse
659 1843 858 1912 offeret.
896 1840 1003 1894 Sed
1030 1847 1085 1894 et
1114 1840 1239 1909 quia
1266 1839 1321 1891 in
1349 1839 1468 1907 ejus
1490 1838 1659 1907 figura

43 1937 150 2007 qui
180 1936 255 1990 ab
281 1950 347 1989 eo
376 1935 729 1989 constituitur
751 1932 1065 1989 sacerdotes
1091 1931 1420 1995 ministrant,
1447 1930 1505 1983 in
1527 1929 1660 1998 ipsis

41 2040 107 2086 et
149 2031 226 2085 ab
272 2030 403 2099 ipsis
433 2027 762 2083 sanctiﬁcari
818 2026 1036 2092 dicitur,
1096 2033 1151 2079 et
1196 2030 1485 2093 propterea
1535 2009 1658 2077 cum

46 2123 236 2178 semel
265 2121 513 2184 dixisset,
548 2118 777 2173 Sanctus
808 2127 906 2184 est,
941 2115 1155 2173 addidit
1198 2123 1381 2169 tamen
1412 2113 1661 2178 Sancti/i-

44 2215 207 2269 cabis
242 2229 381 2276 eum,
409 2220 464 2266 et
494 2227 709 2275 rursus,
742 2208 975 2263 Sanctus
1007 2208 1126 2262 erit.
1162 2205 1447 2270 Quomodo
1477 2212 1659 2258 autem

45 2322 161 2361 nos
197 2320 325 2357 eum
375 2302 719 2358 sanetiﬁcare
764 2299 1108 2375 possumus?
1158 2296 1313 2353 Unde
1364 2307 1460 2352 aut
1490 2311 1516 2349 a
1550 2313 1658 2367 quo

47 2396 559 2453 sanetilicationem
594 2395 880 2459 habentes,
915 2392 1212 2448 ostendens
1240 2390 1445 2445 addidit
1474 2410 1487 2445 :

125 2490 277 2555 Quia
318 2500 533 2542 sanctus
569 2503 662 2558 ego
692 2503 808 2540 sum
861 2484 1121 2539 Dominus
1164 2482 1502 2551 sanctiﬁcatts
1548 2498 1654 2535 eos.

48 2580 114 2635 Si
162 2594 302 2649 ergo
336 2594 367 2633 a
412 2577 526 2631 Deo
570 2576 753 2631 datam
811 2575 973 2630 nobis
1017 2573 1505 2629 sanctificationem
1556 2587 1659 2626 nos

49 2671 381 2727 sacerdotes
422 2664 813 2732 custodiamus,
849 2665 1255 2722 sanctiﬁcamus
1278 2681 1376 2735 per
1415 2673 1657 2718 nostram

49 2761 560 2818 sanctiﬁcationem
592 2774 718 2813 eum
745 2758 840 2829 qui
879 2767 1101 2813 sanctus
1145 2756 1446 2812 secundum
1494 2765 1659 2811 natu—

50 2873 176 2912 ram
212 2865 322 2919 est,
354 2855 408 2908 in
439 2853 600 2908 nobis
628 2852 915 2917 duntaxat,
942 2850 1069 2920 quia
1102 2849 1157 2903 in
1198 2847 1576 2903 conformibus
1603 2857 1659 2902 et

49 2946 430 3019 participibus
491 2945 611 3015 ejus
658 2943 842 3014 glorim
904 2941 1079 2995 voluit
1138 2939 1494 3004 sanctiﬁcari,
1553 2940 1658 2995 hac

50 3035 549 3090 transformatione
598 3047 731 3087 usus
777 3038 882 3094 est,
935 3030 1090 3100 quasi
1138 3029 1367 3100 figurate
1397 3036 1452 3083 et
1483 3029 1659 3101 typice
1686 3046 1730 3104 ο

53 3130 320 3199 loquens.
357 3124 460 3181 Ve:
482 3132 763 3180 umtamen
796 3138 891 3178 eos
922 3123 1012 3192 qui
1045 3123 1454 3177 sanctiticantur
1482 3121 1550 3176 ab
1576 3137 1662 3188 eo,

55 3225 316 3274 scortum
346 3224 401 3270 et
428 3215 534 3269 vile
564 3212 930 3284 prostibulum
957 3211 1157 3265 ducere
1185 3225 1296 3263 non
1317 3209 1450 3273 vult,
1476 3216 1666 3279 aperte

54 3318 261 3367 contra
298 3308 612 3363 .lud:eorum
658 3306 995 3376 Synagogam
1023 3303 1316 3357 intendens
1346 3320 1359 3356 :
1385 3318 1505 3371 qua:
1534 3302 1664 3371 quia

55 3400 334 3458 meretrix
382 3408 487 3465 est,
530 3398 658 3452 audi
703 3397 997 3451 Dominum
1039 3395 1096 3448 in
1158 3394 1298 3448 Isaia
1345 3394 1661 3448 dicentem:

57 3494 342 3562 Quomodo
361 3495 505 3561 facta
540 3500 620 3545 est
657 3489 906 3543 meretrix
928 3488 1113 3540 civitas
1151 3486 1323 3555 ﬁdelis
1356 3483 1483 3539 Sion
1511 3487 1667 3555 plena

48 3590 257 3661 judicii
266 3589 292 3642 .9
306 3585 337 3639 J
347 3585 526 3640 ustitia
539 3581 792 3636 habitavit
806 3581 860 3634 in
881 3596 963 3643 ea,
979 3594 1114 3632 nunc
1124 3586 1300 3632 autent
1313 3576 1582 3631 homicida:
1595 3578 1666 3635 ".

57 3682 170 3737 Sed
199 3689 258 3735 et
302 3679 357 3731 in
382 3677 563 3733 Osea:
606 3675 673 3730 Et
696 3675 941 3745 auferam
994 3671 1394 3742 fornicationem
1450 3669 1565 3739 ejus
1609 3671 1665 3724 in

58 3774 246 3828 medio
288 3769 422 3840 ejus,
472 3776 521 3822 et
571 3765 896 3820 adulterium
940 3763 1056 3832 ejus
1117 3761 1180 3815 de
1232 3761 1402 3814 medio
1443 3761 1664 3814 uberum

60 3868 183 3937 ejus
201 3865 274 3917 ".
317 3862 551 3931 Insuper
600 3867 654 3914 et
702 3857 871 3913 David
922 3854 1184 3927 praedicat
1227 3852 1663 3923 profanationem

60 3960 280 4028 hujus;
310 3957 387 4010 ait
430 3953 578 4009 enim
600 3951 709 4006 Deo
754 3947 864 4022 [de
894 3945 1038 4019 eo]:
1087 3944 1395 4016 f’rofanasti
1429 3946 1486 3998 in
1521 3955 1663 3999 terra

62 4050 411 4105 sanctitatem
438 4044 572 4113 ejus,
613 4040 919 4097 destruxisti
951 4053 1129 4092 omnes
1175 4036 1435 4089 macerias
1463 4035 1582 4104 ejus
1595 4037 1662 4091 ⁸⁷.

63 4135 454 4195 Sanctificatio
524 4142 708 4187 autem
770 4129 1106 4192 Iudaeorum,
1156 4125 1436 4197 Synagoga
1477 4139 1664 4179 eorum

64 4237 187 4283 erat
221 4223 414 4297 porcul
446 4222 613 4277 dubio
640 4239 655 4275 :
692 4219 749 4273 in
784 4218 902 4287 ipsa
931 4215 1076 4271 enim
1106 4222 1224 4268 erat
1254 4221 1308 4268 et
1336 4212 1663 4268 sacrificium

68 4315 436 4381 tabernaculi,
484 4312 539 4366 in
572 4326 675 4381 qua
711 4325 902 4364 corum
933 4306 1456 4362 consummabantur
1482 4303 1663 4375 legiti-

68 4426 178 4468 ma.
212 4410 341 4480 Ipsa
387 4414 556 4460 estet
606 4401 895 4471 repudiata
934 4416 965 4453 a
1013 4400 1140 4463 Deo,
1186 4406 1444 4466 tanquam
1484 4410 1515 4449 a
1543 4396 1663 4450 viro

69 4519 187 4569 suo,
240 4501 341 4572 qui
392 4499 441 4553 ei
499 4513 598 4568 per
623 4495 950 4551 electionem
1004 4491 1089 4546 vir
1121 4489 1298 4544 factus
1324 4488 1522 4542 fuerat.
1556 4487 1666 4541 Sed

69 4597 196 4666 quia
230 4602 428 4666 postea
450 4606 581 4665 eam
634 4587 963 4658 culpabilem
1007 4583 1232 4654 reperit,
1266 4590 1554 4653 propterea
1582 4595 1669 4634 re-

71 4690 350 4760 pudiavit,
381 4685 504 4754 quia
529 4683 753 4739 omnino
782 4681 954 4750 ejecta
984 4687 1086 4733 est.
1107 4673 1308 4731 Vocem
1332 4673 1481 4738 audi,
1503 4684 1668 4742 quam

72 4785 215 4836 Osee
256 4777 487 4850 protulit
518 4793 531 4829 :
561 4773 812 4830 Judicate
841 4781 1066 4827 matrem
1126 4777 1378 4832 vestram,
1404 4767 1667 4837 judicate,

77 4875 198 4937 quia
230 4874 349 4942 ipsa
383 4884 487 4923 non
512 4883 645 4923 uxor
672 4876 813 4923 mea.
842 4874 889 4920 et
917 4880 1009 4934 ego
1046 4879 1149 4917 non
1177 4862 1259 4915 vir
1284 4860 1400 4929 ejus
1431 4861 1499 4912 “.
1530 4857 1671 4912 Audi

77 4974 261 5020 autem
291 4971 528 5032 etquam
561 4959 730 5015 Isaias
786 4957 1052 5028 propheta
1091 4952 1321 5008 tradidit
1352 4968 1365 5002 :
1413 4949 1513 5004 Sic‘
1546 4950 1675 5005 dicit

81 5056 339 5111 Dominus
366 5072 384 5109 :
409 5053 537 5119 Quis
555 5063 629 5108 est
648 5054 730 5105 hic
762 5049 968 5107 libellus
992 5046 1201 5118 repudii
1256 5042 1446 5097 matris
1492 5053 1675 5096 vestra:

83 5163 186 5212 quo
208 5146 387 5199 dimisi
418 5142 757 5199 eam”?tlbi
787 5152 973 5198 autem
1010 5147 1098 5194 est
1128 5136 1418 5207 repudium
1445 5142 1501 5189 et
1538 5135 1673 5189 mis-

90 5237 195 5291 sio?
214 5236 564 5292 manifestum
596 5247 681 5292 est
703 5236 831 5306 quia
860 5249 999 5290 uxor
1028 5241 1147 5287 erat
1177 5230 1245 5286 de
1275 5244 1383 5299 qua
1413 5228 1530 5283 haec
1587 5226 1673 5280 di-

87 5327 265 5381 cebat.
290 5326 408 5381 Non
443 5325 560 5382 vult
586 5342 715 5397 ergo
736 5342 855 5382 eam
900 5338 1128 5380 uxorem
1176 5321 1515 5378 sacerdotem
1575 5318 1672 5373 du-

88 5434 234 5485 cere,
269 5429 469 5475 utnon
530 5420 911 5489 aliquacorum
956 5433 1077 5488 qua:
1098 5416 1166 5472 ad
1216 5431 1337 5471 eam
1396 5414 1675 5485 pertinent

1694 1718 1727 1768 1.

1720 1757 1727 1767 ι

1720 1757 1728 1767 ι

161 5576 206 5607 ’³
231 5576 393 5632 llebr.
420 5594 482 5643 ll,
524 5576 611 5631 Η.
724 5575 772 5608 ’⁸⁵
807 5573 963 5628 Joan.
993 5590 1080 5633 xx,
1112 5574 1207 5643 i‘f.
1310 5572 1358 5643 ῗδ
1387 5571 1491 5643 15a.
1522 5585 1568 5643 _I,
1596 5567 1686 5621 ει.

94 5644 138 5677 ¹⁹
169 5645 275 5700 Isa.
306 5663 357 5715 L,
384 5648 435 5702 l.
519 5647 605 5702 ³⁰Ι
640 5645 783 5700 Tim.
826 5659 908 5709 ιιι,
944 5645 995 5697 4.
1075 5643 1111 5674 ³⁸
1140 5642 1275 5696 ibid.

96 5728 190 5782 su,
222 5715 310 5773 50.

1438 5641 1481 5672 ³⁸
1519 5640 1622 5693 lsa.
1660 5653 1693 5702 ι,
1723 5636 1776 5690 8.

1765 465 2004 517 cundum
2033 463 2265 517 litteram
2291 464 2548 518 utebatur
2583 480 2595 515 :
2624 462 2677 516 id
2705 471 2808 526 est,
2836 473 2897 517 ut
2936 476 3130 530 ‘neque
3178 462 3350 516 sacri-

1765 556 2324 620 liciairrationalium,
2359 566 2415 610 et
2467 554 2874 626 puriﬁcationes
2924 554 3239 618 sensibiles,
3290 553 3350 608 in

1762 648 1964 718 quibus
1996 647 2355 718 intelligibilia
2388 647 2593 701 credita
2624 656 2772 711 sunt,
2804 661 2986 716 agant.

1838 739 2004 794 Vsus.
2029 739 2079 794 9.
2126 758 2144 790 ι
2181 737 2491 793 Sacerdotis
2548 737 2655 791 lilia
2684 738 2729 792 si
2784 736 3128 806 deprehensa
3184 735 3351 790 fuerit

1764 830 1818 884 in
1841 839 2056 900 stupro,
2095 838 2151 885 et
2176 830 2465 885 violaverit
2492 842 2694 884 nomen
2744 829 2915 898 patris
2964 829 3068 895 sui,
3119 827 3350 882 llainmis

1762 933 1864 972 CXII
1874 928 2046 974 l'ClUl'.
2078 935 2098 968 θ

1833 1005 2012 1060 Grave
2037 1013 2122 1059 est
2145 1004 2362 1074 quidem
2389 1004 2557 1059 etiam
2576 1003 2808 1058 cuilibet
2837 1002 2954 1057 viro
2974 1001 3234 1056 fornicari
3284 1000 3351 1055 ﬁ-

1762 1095 1914 1162 liam,
1978 1095 2214 1149 maxime
2260 1104 2445 1149 tamen
2505 1096 2829 1156 sacerdotis,
2867 1094 2993 1163 quia
3047 1093 3349 1148 secundum

1762 1183 1909 1252 quod
1930 1182 2068 1235 dixit
2094 1183 2332 1236 Paulus:
2383 1182 2597 1251 Oportet
2649 1183 2943 1254 sacerdotes
2991 1182 3127 1250 filios
3158 1180 3350 1234 habere

1760 1274 1994 1327 subditos
2026 1288 2143 1326 cum
2165 1275 2310 1327 omni
2336 1275 2580 1327 castitate
2609 1274 2674 1339 ³ο,
2724 1273 2798 1327 ita
2851 1282 2911 1327 ut
2975 1288 3086 1326 non
3136 1273 3350 1327 dicatur

1762 1366 1831 1419 de
1861 1381 1928 1420 eo
1959 1365 2103 1434 quod
2124 1366 2372 1434 sequitur
2402 1384 2417 1399 ο
2475 1365 2533 1419 Si
2586 1367 2708 1435 quis
2760 1382 2870 1419 sua:
2903 1366 3084 1418 domui
3128 1380 3349 1433 prceesse

1761 1466 1947 1524 nescit,
1977 1465 2235 1534 quomodo
2270 1462 2514 1516 Ecclesia'
2540 1462 2640 1516 Dei
2664 1478 2847 1515 curam
2877 1461 3079 1517 habebit
3102 1460 3183 1513 “‘l
3208 1460 3343 1513 Pro-

1762 1563 1951 1621 plerea
1978 1552 2293 1607 Judazmum
2324 1552 2605 1621 Synagoga
2634 1566 2742 1603 non
2769 1551 2945 1604 solum
2976 1564 3133 1613 uxor,
3163 1549 3258 1602 sed
3287 1557 3345 1603 et

1767 1642 1876 1694 liiia
1902 1640 1993 1694 Dei
2014 1642 2277 1710 appellata
2300 1641 2354 1694 in
2379 1638 2660 1709 prophetis
2684 1637 2981 1693 invenitur.
3005 1637 3110 1691 Sed
3133 1646 3349 1691 utrum-

1763 1745 1872 1799 que
1909 1730 2025 1798 ipsa
2066 1731 2420 1797 depravatis,
2481 1728 2703 1797 indigna
2753 1728 2914 1782 donis
2963 1725 3237 1795 appaluit,
3290 1732 3350 1779 et.

1765 1829 2059 1887 propterea
2092 1817 2268 1870 aliena
2302 1816 2443 1871 facta
2476 1828 2600 1884 est;
2634 1819 2709 1870 ita
2752 1825 2812 1869 ut
2846 1816 2986 1870 Deus
3027 1829 3123 1883 per
3144 1813 3344 1868 Isaiam

1764 1911 1976 1964 diceret
2004 1924 2019 1960 ε
2053 1905 2392 1976 Relinquetur
2421 1905 2536 1973 ﬁlia
2568 1906 2697 1961 Sion
2730 1910 2862 1960 sicut
2891 1905 3257 1958 umbraculum
3290 1904 3346 1958 in

1765 2001 1938 2063 vinea,
1962 2009 2011 2052 et
2041 2000 2174 2052 sicut
2203 2000 2473 2067 tugurium
2495 1998 2545 2050 in
2568 1998 2954 2059 cucumerario,
2987 2006 3038 2048 et
3063 1995 3200 2048 sicut
3219 1996 3350 2048 civi-

1767 2102 1849 2146 tas
1876 2107 1993 2162 qua!
2014 2098 2261 2149 vastatur
2283 2090 2349 2143 ³².
2378 2092 2495 2158 Ipsa
2521 2090 2807 2158 profanata
2836 2098 2892 2142 et
2911 2087 3215 2142 adulterata
3235 2095 3349 2140 est.

1771 2185 1850 2239 De
1879 2184 1980 2237 hac
2015 2184 2264 2236 invenies
2292 2181 2588 2234 Dominum
2615 2195 2712 2249 per
2744 2178 3088 2248 prophetiam
3120 2178 3174 2231 in
3210 2175 3353 2231 Osca

1772 2276 2047 2331 dicentem
2078 2272 2287 2329 bFiliis
2319 2274 2432 2342 ejus
2451 2289 2555 2327 non
2583 2273 2885 2336 miserebor,
2905 2271 3030 2340 quia
3055 2268 3155 2334 ﬁlii
3180 2269 3353 2338 forni-

1776 2367 1997 2423 cationis
2016 2375 2165 2435 sunt,
2184 2368 2310 2437 quia
2331 2366 2594 2436 fornicata
2611 2374 2688 2418 est
2714 2371 2884 2416 mater
2912 2377 3091 2416 eorum
3111 2359 3194 2425 aa;
3226 2373 3352 2411 nam

1761 2470 1817 2514 et
1845 2461 1967 2529 igne
2005 2466 2198 2512 exusta
2232 2466 2338 2511 est.
2376 2456 2531 2522 Quod
2591 2438 2906 2509 manifestat
2961 2455 3242 2525 templum,
3290 2463 3350 2511 et

1760 2550 1954 2605 civitas
1983 2549 2101 2604 haec
2127 2546 2433 2613 Jerusalem
2463 2546 2709 2616 antiqua,
2740 2546 2925 2602 adhuc
2942 2546 3347 2601 ostendensin-

1761 2640 1941 2696 cendii
1968 2640 2250 2710 reliquias.
2284 2639 2427 2710 Ergo
2447 2652 2576 2692 vera
2592 2646 2648 2692 et
2675 2620 3077 2708 irrefragabilis
3125 2646 3212 2692 est
3234 2638 3352 2704 spi~

1762 2734 1941 2788 ritalis
1987 2733 2122 2803 legis
2170 2731 2564 2801 contemplatio
2622 2747 2636 2783 :
2712 2744 2893 2799 neque
2955 2729 3102 2783 enim
3173 2728 3350 2783 solum

1763 2842 2028 2884 succensa
2055 2835 2161 2892 est,
2185 2827 2283 2883 sed
2341 2825 2644 2882 secundum
2690 2825 2837 2895 quod
2858 2824 2936 2878 ait
2962 2824 3047 2879 lex
3102 2823 3351 2879 funditus

1759 2934 1947 2981 exuSta
1971 2931 2075 2979 est.

1832 3017 1997 3073 Vnus.
2034 3016 2217 3073 10-12.
2249 3034 2270 3068 ι
2299 3014 2571 3081 Pontifex,
2592 3013 2646 3069 id
2678 3022 2764 3068 est
2789 3012 3044 3068 sacerdos
3077 3012 3352 3069 maximus

1769 3112 1915 3167 inter
1959 3109 2157 3167 fratres
2211 3125 2358 3176 suos,
2422 3124 2590 3179 super
2610 3108 2768 3178 cujus
2811 3114 2976 3177 caput
3032 3106 3217 3161 fusum
3267 3114 3354 3162 est

1769 3203 2046 3258 unctionis
2068 3203 2268 3269 oleum,
2295 3211 2352 3257 et
2378 3200 2539 3271 cujus
2573 3214 2767 3254 manus
2800 3198 2854 3253 in
2882 3198 3190 3253 sacerdotio
3220 3212 3354 3252 con-

1769 3305 1995 3350 secratae
2026 3303 2174 3361 sunt,
2203 3294 2545 3363 vestitusque
2573 3302 2657 3347 est
2675 3292 2883 3346 sanctis
2904 3291 3353 3360 vestibus,caput

1770 3403 1929 3441 suum
1954 3402 2064 3441 non
2092 3387 2447 3457 discooperit,
2479 3385 2808 3440 vestimenta
2828 3398 2929 3438 sua
2960 3398 3073 3436 non
3111 3382 3350 3447 scindet,

1769 3486 1826 3532 et
1858 3478 1924 3531 ad
1957 3492 2122 3533 omne
2161 3486 2438 3532 mortuum
2464 3478 2576 3531 nun
2608 3476 2947 3546 ingrediatur
2967 3473 3216 3528 omnino.
3238 3474 3354 3527 Su-

1770 3584 1868 3639 per
1901 3575 2058 3639 patre
2083 3582 2302 3637 quoque
2330 3582 2451 3630 suo,
2479 3574 2573 3620 aut
2606 3576 2779 3619 matre
2809 3578 2921 3619 non
2955 3563 3355 3618 contaminabi-

1769 3670 1879 3728 tur,
1923 3675 2029 3715 nec
2056 3658 2370 3730 egredietur
2392 3658 2460 3713 de
2477 3657 2703 3721 sanctis,
2729 3671 2802 3710 ne
2861 3648 3069 3726 polluat
3096 3665 3354 3710 sanctua-

1769 3755 1910 3808 rium
1951 3753 2187 3816 Domini,
2214 3752 2340 3822 quia
2364 3752 2545 3806 oleum
2578 3758 2782 3805 sanctae
2841 3748 3121 3804 unctionis
3140 3749 3235 3804 Dei
3270 3750 3354 3805 sui

1769 3860 1936 3914 super
1965 3859 2091 3899 eum
2121 3853 2225 3899 est.
2254 3843 2366 3914 Ego
2392 3841 2673 3895 Dominus.
2714 3858 2734 3892 ι

1840 3936 1974 4003 Quis
2005 3945 2090 3991 est
2112 3935 2369 3991 sacerdos
2396 3947 2626 4003 magnus
2652 3931 2799 3986 inter
2828 3930 3026 3991 fratres
3073 3945 3224 3997 suos,
3247 3930 3356 3989 nisi

1767 4032 1961 4100 utique
1993 4029 2082 4084 ille
2104 4028 2172 4084 dc
2203 4043 2313 4098 quo
2365 4027 2506 4083 dixit
2538 4025 2747 4080 David:
2799 4023 3026 4093 Magnus
3074 4022 3353 4090 Dominus,

1768 4131 1818 4178 et
1851 4139 2044 4192 magna
2068 4121 2236 4176 virtus
2262 4121 2399 4191 ejus,
2429 4129 2478 4173 et
2494 4118 2774 4188 sapientia:
2799 4115 2923 4185 ejus
2949 4123 3153 4168 nonest
3172 4130 3357 4168 nume-

1766 4232 1860 4270 rus
1880 4216 1947 4269 “.
1980 4213 2114 4280 Quis
2144 4214 2292 4290 enim
2337 4213 2599 4268 virtutem
2653 4211 2781 4280 ejus,
2807 4208 3179 4271 considerare,
3229 4205 3357 4276 quis

1769 4322 2066 4364 numerare
2120 4305 2449 4377 sapientiam
2490 4313 2587 4359 aut
2628 4301 3099 4373 comprehendere
3138 4299 3356 4370 potest?

1697 4413 1739 4468 ι)
1767 4401 1916 4472 quia,
1947 4413 2073 4454 cum
2105 4397 2254 4453 Deus
2276 4397 2347 4451 sit
2370 4404 2595 4467 propter
2617 4394 3078 4464 dispensationem
3106 4401 3354 4446 actorum

1769 4509 1869 4563 pro
1897 4492 2060 4547 nobis
2085 4491 2497 4562 mysteriorum,
2530 4487 2694 4543 etiam
2710 4487 2967 4543 sacerdos
2997 4484 3228 4540 eﬂ'ectus
3247 4493 3350 4540 est.

1769 4584 1940 4639 Recte
1967 4599 2097 4654 ergo
2128 4583 2217 4637 hic
2246 4595 2480 4652 magnus
2506 4579 2784 4643 sacerdos,
2814 4585 3007 4648 utpote
3025 4576 3117 4646 qui
3140 4585 3350 4632 semet-
3392 4580 3393 4583 ‘

1770 4673 1951 4743 ipsum
2007 4687 2107 4742 pro
2146 4672 2305 4726 nobis
2350 4670 2586 4724 hostiam
2639 4674 2695 4722 et
2747 4666 3082 4722 oblationem
3124 4665 3353 4727 obtulit,

1774 4764 2102 4834 appellatur.
2151 4763 2383 4830 Pr0pter
2441 4759 2589 4826 quod
2651 4765 2707 4810 et
2751 4771 2942 4811 servos
2990 4754 3190 4808 fratres
3224 4767 3353 4806 suos

1776 4855 1957 4911 dicere
1988 4866 2185 4922 passus
2216 4858 2320 4914 est,
2357 4849 2410 4902 id
2441 4856 2526 4902 est
2556 4853 2796 4909 sanctos,
2849 4844 2943 4913 qui
2976 4857 3196 4912 semper
3233 4841 3355 4909 ejus

1771 4945 1980 5002 faciunt
2024 4930 2389 4998 voluntatem.
2444 4938 2535 4992 Ait
2587 4936 2775 4990 enim:
2818 4933 3131 5004 Quicunque
3175 4932 3361 5004 fecerit

1770 5037 2094 5092 voluntatem
2122 5026 2307 5087 Patris
2334 5030 2460 5094 mei,
2488 5028 2578 5083 ille
2610 5043 2756 5081 meus
2783 5035 2832 5080 et
2870 5025 3059 5093 frater,
3086 5033 3134 5077 et
3182 5038 3353 5087 soror,

1772 5141 1820 5185 et
1846 5138 2017 5183 mater
2037 5134 2112 5181 est
2135 5126 2202 5181 ³⁸.
2238 5122 2417 5195 Super
2449 5121 2618 5191 hujus
2652 5126 2817 5188 caput
2863 5117 3043 5173 o‘lcum
3076 5115 3358 5172 unctionis

1772 5221 2009 5278 eﬂusum
2041 5229 2144 5283 cst,
2176 5218 2244 5273 de
2276 5231 2384 5287 quo
2419 5213 2587 5269 dixit:
2620 5211 2778 5266 Sedes
2809 5220 2923 5276 tua,
2958 5208 3120 5277 Deus,
3169 5209 3224 5262 in
3253 5224 3356 5263 sa:-

1778 5315 1953 5369 culum
1983 5312 2183 5376 saeculi,
2212 5311 2360 5379 virga
2387 5315 2526 5362 recta
2553 5314 2650 5368 est,
2674 5305 2822 5375 virga
2853 5303 2999 5373 regni
3030 5302 3131 5356 tui.
3159 5299 3359 5354 Dilexi-

1782 5411 1850 5463 sti
1884 5406 2158 5479 justitiam
2182 5413 2229 5458 et
2257 5402 2415 5456 odisti
2450 5398 2806 5470 iniquitatem,
2827 5403 3104 5478 propterea
3132 5392 3279 5447 unxit
3307 5402 3356 5445 te

2973 5547 3020 5581 ⁸⁸
3041 5547 3180 5602 Osee
3205 5560 3264 5607 ιι,
3297 5545 3355 5599 2.

1764 5565 1809 5596 ’⁸
1838 5563 1978 5620 Osee
2007 5579 2066 5627 ιι,
2091 5562 2145 5616 2.
2237 5560 2280 5590 ’⁷
2305 5556 2443 5611 Psal.
2470 5567 2734 5612 txxxvm.
2771 5549 2861 5605 40.
2973 5549 3020 5581 ⁸⁸
3041 5549 3180 5602 Osee
3205 5560 3264 5607 ιι,
3297 5549 3330 5598 Ξ

1879 5634 1922 5666 aa
1956 5634 2093 5671 ηςηρ
2140 5646 2176 5671 11
2232 5631 2283 5671 Α-
2459 5625 2505 5658 εδ
2534 5623 2676 5671 Psal.
2713 5636 2888 5671 CXLVI.
2918 5618 2970 5671 5.
3080 5616 3126 5649 ³⁸
3158 5615 3330 5671 Matth

1879 5634 1922 5666 ³³
1956 5618 2093 5689 Osee
2140 5646 2200 5697 ιι,
2232 5631 2285 5694 4,
2319 5628 2370 5682 5.
2459 5625 2505 5658 ⁸⁸
2534 5623 2676 5681 Psal.
2713 5636 2888 5685 chv1,
2918 5618 2970 5675 5.
