3810 6318
502 228 635 293 1059

1669 212 2027 274 HESYCIIII
2097 211 2570 271 PRESBYTERI

3680 206 3798 271 fil-.4

500 344 660 403 Deus,
706 338 842 392 Deus
874 345 991 389 tuus
1016 333 1128 387 oleo
1148 331 1369 393 lwtitiw,
1397 342 1508 397 prae
1536 324 1866 378 consortibus
1891 321 1994 374 tuis
2013 321 2078 374 ³⁸.
2114 329 2159 382 Α
2186 319 2422 373 animam
2457 333 2585 389 ergo
2616 326 2907 381 mortuam,
2934 316 3020 370 vel
3049 315 3117 370 ad
3135 330 3300 369 omne
3339 324 3683 383 mortuum,
3708 336 3798 375 csa

500 427 907 489 Concordantia
968 424 1099 481 huic
1153 422 1255 492 legi
1309 419 1523 482 dicens,
1563 431 1673 469 non
1736 413 1913 468 solum
1956 410 2081 480 quia

503 520 778 580 unctionis
816 526 1045 585 uterque
1076 512 1397 567 memoriam
1426 508 1578 571 facit,
1600 506 1695 561 sed
1716 505 1842 574 quia
1868 504 2009 558 sicut
2030 509 2085 555 et

502 616 699 677 David,
734 610 1004 666 excellere
1031 604 1388 671 semetipsum
1419 602 1475 654 in
1511 600 1629 670 ipsa
1675 592 2085 651 unctione‘suis

501 704 872 778 participibus
923 706 1282 770 protestatur.
1335 692 1494 758 Quod
1549 691 1700 745 enim
1755 687 1915 752 dixit,
1977 700 2087 755 prta

503 777 890 869 participibus,
951 804 1116 858 super
1179 785 1475 856 participes
1542 791 1667 836 tuos
1727 780 1846 833 sine
1906 777 2088 845 aliqua

505 866 787 945 dubietate
852 881 1205 950 intelligitur:
1278 876 1360 930 sic
1420 888 1542 928 eum
1598 871 1762 926 etiam
1815 866 2090 938 lcgislator

506 982 798 1037 iiiaximum
821 975 954 1030 dixit
994 973 1139 1025 inter
1166 970 1366 1023 fratres
1416 979 1572 1029 suos,
1627 962 1681 1015 id
1712 970 1797 1015 est
1839 956 2091 1028 superio-

506 1089 644 1129 rem.
705 1068 862 1134 Quod
922 1075 1108 1119 autem
1164 1060 1404 1114 maxime
1460 1057 1514 1108 in
1568 1050 1829 1124 prmsenti
1879 1057 2093 1117 oportet

508 1163 711 1221 intueri
757 1158 981 1214 historia
1008 1198 1021 1221 ,
1068 1169 1191 1208 eum
1254 1147 1553 1204 secundum
1599 1143 1738 1198 LXX
1793 1142 2091 1196 editionem

508 1257 709 1311 addere
740 1251 1042 1310 debuisset,
1078 1245 1164 1297 cui
1196 1243 1413 1311 effusum
1440 1248 1512 1293 est
1552 1253 1708 1305 super
1734 1242 1892 1303 caput
1921 1231 2094 1284 oleum

511 1345 794 1406 unctionis,
830 1356 938 1394 non
986 1338 1067 1392 sic
1101 1336 1212 1389 ait:
1267 1332 1382 1395 sed,
1422 1330 1685 1383 "lacrimas
1727 1332 1789 1380 de
1841 1324 2093 1395 fratribus

513 1441 646 1510 ejus,
671 1437 760 1507 qui
785 1433 963 1502 effudit
993 1444 1151 1497 super
1173 1434 1332 1494 caput
1363 1422 1498 1491 ejus.
1529 1418 1672 1484 Quia
1699 1420 1846 1473 enim
1891 1413 2093 1470 Christi

512 1509 645 1586 caro
674 1536 779 1590 est,
821 1538 946 1593 quae
1001 1517 1246 1587 suscepit
1294 1516 1609 1570 unctionem
1660 1511 1714 1564 in
1746 1509 2094 1577 semetipsum

420 1672 421 1675 η
514 1617 932 1676 communicata:
963 1614 1079 1667 sive
1103 1609 1269 1665 unita:
1292 1607 1618 1662 divinitatis.
1666 1604 1747 1656 Ex
1776 1605 1875 1656 hac
1913 1608 2092 1655 autem

514 1727 683 1769 carne
704 1710 902 1764 fratres
930 1706 1051 1774 ejus
1089 1710 1144 1757 et
1182 1699 1399 1771 cognati
1443 1696 1623 1752 effecti
1669 1708 1878 1750 sumus.
1928 1691 2095 1744 Recte

519 1806 597 1860 ait
628 1800 894 1873 pontifex,
926 1798 981 1852 id
1008 1806 1114 1862 est,
1141 1793 1398 1848 sacerdos
1427 1789 1699 1844 maximus
1728 1787 1871 1841 inter
1898 1783 2096 1838 fratres

519 1911 670 1961 suos,
731 1907 897 1962 super
943 1889 1104 1958 cujus
1160 1891 1327 1955 caput
1382 1882 1617 1936 effusum
1677 1887 1761 1934 est
1823 1873 2097 1931 unctionis

519 1989 730 2052 oleum,
754 1994 817 2039 ut
840 1989 1031 2052 aperte
1075 1978 1388 2033 inveniatur
1422 1975 1529 2028 hoc
1586 1971 1733 2042 quod
1788 1967 2097 2035 intelligen-

519 2080 649 2133 dum
678 2086 781 2142 est,
806 2073 1079 2128 maximus
1111 2073 1255 2123 inter
1296 2067 1512 2130 fratres,
1548 2063 1599 2117 id
1622 2070 1727 2127 est,
1758 2058 1939 2114 carnis
1959 2071 2094 2110 sure.

518 2170 641 2239 Ipsa
677 2175 763 2221 est
788 2165 937 2219 enim
970 2178 1092 2233 quae
1118 2159 1363 2229 suscepit
1392 2155 1664 2210 unctionis
1708 2153 1892 2207 oleum
1932 2147 2097 2217 hujus

519 2257 842 2319 sacerdotis,
887 2263 943 2308 et
972 2259 1324 2307 consecratas
1354 2247 1526 2301 fuisse
1578 2259 1795 2306 manus,
1847 2241 1985 2304 sive,
2039 2247 2100 2292 ut

517 2349 683 2415 LXX,
714 2354 1103 2401 consummatus
1130 2358 1225 2411 per
1256 2339 1435 2395 crucis
1472 2336 1831 2392 confixionetn
1865 2330 2097 2386 manife-

520 2454 665 2499 stum
696 2452 802 2497 est.
837 2439 994 2507 tunc
1019 2436 1168 2491 enim
1193 2430 1656 2503 quemadmodum
1690 2427 1747 2482 hi
1777 2426 1869 2496 qui
1902 2438 2097 2479 secun-

520 2537 649 2591 dum
679 2534 854 2603 legem
890 2538 1022 2584 sunt
1047 2527 1381 2587 sacerdotes,
1419 2523 1477 2576 in
1526 2521 1791 2591 sanguine
1819 2517 1995 2583 vituli,
2045 2525 2101 2569 et

522 2627 710 2683 arietis
748 2621 1229 2683 consummabant,
1285 2619 1401 2673 sive
1459 2614 1853 2671 consecrabant
1908 2626 2101 2665 manus

480 2724 486 2728 ”
520 2734 683 2774 suas:
726 2717 807 2771 sic
831 2724 886 2769 et
910 2715 1026 2784 ipse
1051 2711 1274 2781 proprio
1305 2708 1572 2780 sanguine
1602 2722 1731 2762 suas
1756 2719 1949 2759 manus
1972 2718 2102 2759 con-

523 2810 764 2868 secravit
793 2809 905 2864 sive
929 2805 1353 2861 consummavit.
1392 2804 1464 2857 De
1486 2817 1596 2871 quo
1619 2800 1697 2856 ait
1738 2799 1968 2852 Paulus:
2001 2796 2102 2861 Qui

525 2921 643 2959 cum
685 2912 815 2958 esset
842 2899 1037 2965 Filius,
1080 2897 1263 2951 didicit
1292 2913 1355 2950 ex
1376 2896 1454 2950 his
1484 2911 1601 2965 qua:
1630 2910 1817 2963 passus
1845 2901 1939 2956 est,
1985 2891 2103 2944 obe-

2191 410 2576 487 ingrcdietur:
2608 409 2758 477 quia,
2796 407 2901 462 etsi
2935 406 3182 461 omnium
3230 416 3479 476 peccata
3537 413 3798 477 portabit,

2187 510 2568 557 verumtamen
2600 498 2920 568 impollutus
2955 506 3262 567 permanet,
3306 508 3369 551 et
3403 512 3518 550 nec
3562 502 3797 567 gentia:

2187 591 2433 663 peccatis
2483 588 2773 658 polluitur.
2817 585 2894 641 De
2930 586 3016 641 his
3074 586 3223 640 enim
3277 586 3619 640 secundum
3673 588 3793 641 LXX

2189 682 2339 739 omni
2392 681 2591 736 animre
2621 687 2873 744 mortuas,
2902 687 3094 748 utpote
3118 686 3315 732 contra
3386 692 3606 732 omnes
3639 680 3790 734 eam

2191 776 2471 845 impietate
2495 781 2551 829 et
2590 772 2901 828 idololatria
2929 770 3151 826 dicitur.

2261 868 2331 923 Et
2362 883 2455 921 nec
2479 881 2635 935 super
2673 874 2824 933 patre
2846 875 2896 918 et
2918 874 3109 917 matre.
3146 863 3329 933 Super
3353 863 3642 932 populum
3665 867 3793 919 vitle-

2192 960 2327 1014 licet
2363 958 2706 1021 Judzeorum,
2744 972 2811 1010 ex
2837 956 3041 1025 quibus
3068 964 3156 1011 est
3206 956 3541 1010 secundum
3571 972 3790 1015 carnem.

2192 1060 2250 1107 et
2280 1061 2570 1121 propterea
2604 1049 2918 1120 appellatur
2949 1050 3071 1119 ejus
3102 1057 3262 1119 pater
3284 1060 3343 1104 et
3372 1059 3602 1103 mater:

2267 1141 2757 1206 Contaminabitur,
2806 1157 2899 1194 nec
2943 1140 3007 1193 de
3050 1141 3250 1193 sanctis
3310 1141 3654 1211 egredietur.
3694 1142 3783 1194 Eis;

2196 1234 2581 1307 peccatoribus
2599 1233 3045 1288 condescendere
3072 1233 3259 1303 elegit,
3296 1244 3615 1302 permanet
3632 1244 3778 1287 tamen

2196 1336 2443 1393 sanctus,
2474 1335 2531 1382 et
2558 1325 2613 1380 in
2645 1326 2853 1380 sanctis
2885 1325 3203 1394 requiescit,
3228 1334 3289 1379 et
3329 1342 3363 1379 a
3404 1328 3628 1381 sanctis
3650 1329 3777 1395 quiia

2198 1419 2338 1475 coelo
2390 1427 2523 1472 sunt
2570 1417 2778 1488 angelis
2808 1416 3204 1471 circumdatur.
3271 1417 3389 1472 Sed
3446 1434 3563 1473 nec
3612 1421 3779 1488 poilaiei

2199 1511 2577 1565 Sanctuarium
2604 1509 2842 1574 Domini,
2884 1509 3013 1579 quia
3051 1509 3233 1564 oleum
3266 1521 3500 1566 sancta:
3542 1513 3777 1565 unctionis

2201 1603 2298 1655 Dei
2331 1602 2416 1655 sui
2444 1616 2614 1671 super
2642 1617 2708 1655 eo
2753 1608 2858 1655 est.
2919 1601 3065 1671 Ergo
3103 1603 3205 1655 etsi
3240 1601 3471 1657 videris
3519 1619 3642 1656 eum
3678 1620 3773 1657 can

2205 1693 2543 1762 publicanis,
2608 1701 2665 1746 et
2715 1707 2841 1745 eum
2899 1692 3287 1747 meretricibus
3350 1706 3769 1751 conversantea.

2198 1784 2472 1839 dicentem
2503 1785 2889 1854 peccatoribus
2914 1803 2929 1840 :
2975 1784 3096 1839 Non
3124 1787 3243 1839 veni
3274 1802 3487 1840 vocare
3498 1787 3681 1856 justas,
3704 1804 3765 1840 sm

2198 1887 2499 1948 peccatores
2534 1878 2589 1930 in
2621 1877 3065 1946 pmnitentiam“,
3099 1886 3289 1931 tamen
3321 1878 3381 1930 in
3415 1881 3580 1934 nullo
3619 1880 3763 1934 bona

2199 1970 2689 2035 contaminabitnr,
2727 1969 2958 2025 actionis
3010 1970 3158 2025 enim
3188 1986 3395 2026 eorum
3428 1973 3599 2029 mala:
3641 1986 3766 2042 pan;-

2202 2071 2332 2127 oeps
2363 2073 2475 2112 non
2504 2057 2759 2112 efﬁcitur.
3222 2048 3223 2051 “

2204 2200 2207 2203 ,
2277 2147 2421 2204 Unde
2446 2163 2549 2200 non
2582 2146 2769 2216 polluit
2800 2148 3166 2200 sanctuarium
3203 2146 3324 2203 Dei.
3378 2150 3440 2206 ld
3463 2163 3573 2218 est,
3631 2153 3767 2224 Spiri-

2200 2246 2317 2294 tum
2337 2247 2611 2305 sanetum,
2652 2238 2720 2292 de
2758 2238 2881 2307 ipso
2912 2240 3058 2293 enim
3089 2239 3167 2293 ait
3208 2258 3221 2292 :
3282 2240 3436 2306 Quia
3479 2245 3649 2299 aleam
3680 2264 3773 2299 sa-

2202 2342 2298 2386 eta:
2323 2333 2581 2385 unctionis
2607 2330 2707 2385 Dei
2739 2332 2822 2385 sui
2856 2348 3013 2400 super
3059 2350 3136 2386 eo.
3167 2332 3554 2391 Concordans
3589 2348 3640 2391 et
3684 2340 3771 2409 ipse

2200 2424 2268 2480 de
2292 2424 2513 2479 Christo
2542 2423 2700 2478 Isaia:
2726 2424 2906 2479 verbis
2933 2441 2948 2479 :
2979 2422 3212 2492 Spiritus
3252 2425 3493 2480 Domini
3527 2446 3672 2498 super
3695 2449 3772 2487 me.

2201 2528 2416 2587 prapter
2442 2516 2582 2584 quod
2611 2516 2761 2569 unxit
2786 2515 2949 2582 me”,
2976 2515 3214 2585 Spiritus
3244 2525 3451 2572 autem
3482 2520 3715 2589 pollutio,
3736 2524 3773 2574 Ll

2204 2618 2310 2671 est,
2346 2608 2551 2678 injuria
2587 2614 2641 2661 et
2668 2606 3030 2669 eoutristatio,
3081 2617 3166 2661 est
3202 2610 3397 2662 omnis
3452 2612 3657 2679 peccati
3685 2612 3775 2680 pilo

2203 2699 2364 2765 lutio,
2382 2707 2605 2769 propter
2632 2699 2779 2768 quod
2812 2706 2865 2752 et
2889 2698 3089 2752 Paulus
3136 2688 3166 2752 ἐι
3216 2703 3481 2770 peccatis
3534 2703 3775 2757 abstinen-

2205 2791 2333 2846 tiam
2360 2791 2564 2845 docens
2593 2790 2810 2844 dicebat
2866 2812 2877 2846 :
2952 2789 3130 2845 Nolite
3162 2794 3504 2848 contristare
3559 2795 3777 2865 Spiritu

2206 2891 2449 2935 sanctum
2468 2882 2652 2948 Dei,in
2668 2899 2769 2951 quo
2783 2884 2977 2950 signati
2996 2884 3116 2937 estis
3135 2884 3192 2937 in
3202 2886 3289 2938 die
3307 2888 3687 2955 redemptionis
3727 2881 3776 2937 ".

525 2997 802 3052 dientiam,
837 3002 886 3047 et
915 2998 1303 3045 consummatus
1334 2989 1505 3058 factus
1528 2995 1602 3040 est
1649 2985 1885 3039 omnibus
1909 2983 2104 3037 obtem-
2131 2992 2175 3048 ρ
2208 2974 2300 3029 Sic
2347 2975 2417 3030 de
2464 2974 2704 3028 maximo
2751 2974 3040 3030 sacerdote
3097 2991 3209 3031 non
3264 2977 3462 3031 solum
3513 2979 3780 3051 preceden-

527 3087 835 3159 perantibus
870 3083 990 3147 sibi,
1047 3097 1209 3135 causa
1257 3078 1444 3133 salutis
1488 3087 1694 3133 caterua:
1745 3062 2040 3145 appellatus
2072 3093 2106 3127 a

529 3176 638 3231 Deo
692 3173 960 3243 Pontifex,
1007 3170 1170 3239 juxta
1231 3168 1467 3222 ordinem
1528 3164 1896 3220 Melchisedech
1926 3164 1993 3220 ³⁷.
2043 3164 2109 3218 Et

534 3281 762 3322 rursus:
809 3262 1033 3317 Decebat
1064 3261 1205 3316 enim
1238 3276 1376 3323 eum,
1413 3267 1625 3327 propter
1653 3272 1805 3326 quem
1838 3257 2036 3320 omnia,
2060 3265 2108 3308 et

531 3376 626 3430 per
649 3373 801 3426 quem
829 3354 1032 3416 omnia,
1062 3354 1189 3424 quia
1225 3351 1417 3406 multos
1442 3349 1579 3419 ﬁlios
1612 3350 1668 3402 in
1700 3347 2112 3419 glariamaddu-

529 3458 702 3515 xerat,
743 3457 1011 3502 auctorem
1045 3444 1233 3499 salutis
1275 3457 1457 3497 eorum
1502 3457 1594 3510 per
1644 3440 1939 3510 passionem
1993 3455 2113 3492 con-

529 3554 801 3593 summare
819 3536 888 3589 ³⁸.
924 3535 1026 3590 llic
1047 3544 1103 3589 et
1135 3532 1477 3588 vestimentis
1503 3532 1609 3586 illis
1639 3531 1864 3585 indutus
1884 3539 1968 3585 est
1990 3545 2113 3599 qua:

536 3629 707 3685 David
780 3629 837 3682 in
897 3626 1129 3682 Psalmis
1189 3625 1482 3679 cantabat:
1541 3623 1795 3677 Dominus
1838 3623 2109 3692 regnavit,

530 3724 772 3776 decorem
793 3719 986 3784 induit,
1016 3717 1188 3771 induit
1214 3716 1468 3770 Dominus
1497 3714 1877 3785 fortitudinem,
1902 3724 1948 3766 et
1978 3728 2114 3782 pra:-

535 3815 697 3868 rinxit
729 3829 785 3866 se
824 3812 1016 3864 virtute
1035 3809 1101 3863 ³⁹.
1145 3808 1246 3863 Hic
1279 3816 1444 3877 caput
1479 3822 1641 3861 suum
1673 3821 1785 3860 non
1827 3805 2114 3875 discoope-

539 3907 667 3971 ruit,
692 3920 797 3959 nec
827 3902 1160 3957 vestimenta
1189 3914 1287 3955 sua
1318 3897 1581 3954 concidit.
1604 3896 1783 3967 Caput
1817 3911 1976 3950 suum
2002 3910 2114 3948 non

536 3996 941 4066 discooperuit,
1007 3993 1134 4063 quia
1179 4008 1210 4047 a
1266 3991 1426 4047 Patre
1475 4006 1598 4058 suo,
1651 3990 1743 4059 qui
1788 3989 1908 4059 ejus
1952 3997 2116 4057 caput

538 4088 868 4159 appellatur,
900 4102 1003 4142 nec
1033 4086 1320 4157 paSsiones
1350 4084 1532 4138 carnis
1557 4081 1843 4137 sustinens
1889 4094 2115 4149 separa-

538 4191 648 4236 tur.
675 4179 782 4234 Sed
803 4194 906 4233 nec
936 4179 1264 4233 vestimenta
1287 4175 1580 4239 conscidit,
1613 4173 1669 4229 id
1702 4182 1789 4227 est
1812 4171 2025 4226 carnis:
2051 4185 2114 4224 ex

540 4289 650 4340 quo
687 4271 834 4325 enim
890 4270 1118 4324 verbum
1164 4283 1292 4322 caro
1351 4267 1555 4322 factum
1614 4273 1718 4328 est,
1769 4265 1912 4319 inest
1968 4271 2115 4317 totus

2209 3068 2281 3121 tia
2319 3068 2606 3138 intelliges,
2626 3069 2720 3121 sed
2742 3069 3225 3138 etsubsequentia.
3248 3068 3367 3124 Nec
3402 3073 3569 3127 enim
3603 3073 3778 3126 incauto

2211 3161 2509 3230 patientem
2538 3160 2829 3231 quemdam
2865 3169 2917 3213 et
2948 3160 3381 3215 immansuetum
3412 3178 3575 3227 eum,
3595 3164 3677 3233 qui
3695 3162 3779 3232 pri-

2212 3268 2335 3305 mus
2389 3252 2647 3306 sacerdos
2683 3259 2799 3316 est,
2860 3251 3139 3322 legislator
3183 3252 3341 3317 vult,
3386 3262 3451 3307 ut
3505 3255 3577 3309 ad
3612 3255 3778 3308 nullum

2213 3352 2491 3401 mortuum
2541 3344 2785 3409 accedat,
2848 3344 2943 3398 sed
2968 3345 3202 3398 suadere
3245 3344 3415 3400 nobis
3476 3347 3619 3411 vult,
3686 3347 3778 3415 quia

2213 3445 2361 3491 tanta
2422 3436 2802 3499 sanctificatio,
2848 3453 2953 3507 qua
3009 3437 3257 3506 pontifex
3288 3437 3460 3493 indui
3484 3439 3699 3503 dicitur,
3734 3440 3777 3493 dc

2212 3534 2553 3580 mortuorum
2579 3525 2787 3579 visione
2804 3527 3161 3594 pollueretur.

2295 3617 2455 3673 Vens.
2498 3619 2689 3673 15-15.
2742 3639 2760 3669 ι
2810 3618 2921 3689 Ego
2983 3619 3269 3685 Dominus,
3331 3623 3616 3694 virginem
3656 3625 3775 3678 deus

2184 3784 2189 3787 _
2215 3726 2461 3775 uxorem,
2488 3711 2709 3765 viduam
2754 3721 2810 3765 ct
2844 3711 3180 3780 repudiatam
3209 3723 3267 3767 et
3297 3716 3598 3771 sordidam
3654 3729 3773 3786 atque

2217 3804 2562 3858 meretricem
2591 3819 2702 3857 non
2726 3804 2911 3865 ducet.
2943 3806 3038 3859 sed
3085 3806 3326 3875 puellam
3356 3808 3427 3863 de
3472 3812 3674 3880 populo
3709 3824 3782 3862 sua

2216 3910 2287 3951 ne
2315 3897 2668 3949 commiscent
2689 3897 2915 3966 stirpem
2951 3899 3166 3967 generis
3196 3900 3285 3954 sui
3321 3902 3503 3973 vulgo
3520 3906 3663 3975 genti
3678 3919 3772 3959 sua.

2215 3984 2344 4053 quia
2375 4000 2475 4058 ego
2501 3987 2764 4040 Dominus
2788 3989 2881 4056 qui
2901 3990 3183 4043 sanctifico
3204 4006 3359 4046 eum.
3399 4013 3419 4044 ι

2292 4077 2544 4146 Seipsum
2564 4094 2687 4133 esse
2720 4079 3106 4149 legislaturem,
3145 4090 3199 4136 et
3239 4083 3600 4153 inipletorem
3657 4086 3772 4153 lisias

2219 4168 2514 4223 sanctionis
2534 4168 2773 4223 maxime
2806 4172 3119 4226 ostendens.
3160 4173 3271 4242 ligo
3308 4176 3581 4230 L‘ominns
3628 4194 3772 4230 acm-

2221 4261 2365 4315 sarie
2400 4260 2628 4325 addidit,
2654 4262 2833 4331 qualis
2854 4272 3057 4329 autem,
3095 4265 3578 4335 subsequentibus
3603 4272 3769 4324 Nam

544 4380 659 4418 sua:
678 4364 851 4428 carni,
884 4371 938 4416 et
970 4376 1253 4429 nunquam
1282 4359 1353 4413 ab
1378 4373 1464 4421 ea,
1506 4372 1610 4411 nec
1648 4372 1679 4410 a
1706 4355 1988 4418 crueifixa,
2012 4369 2115 4408 nec
2146 4335 2189 4388 θ
2223 4352 2419 4406 verbis.

546 4472 578 4509 a
623 4454 856 4523 sepulta,
909 4468 1014 4507 nec
1079 4451 1227 4506 aliud
1270 4450 1547 4520 quodlibet
1600 4463 1797 4518 passa,
1853 4447 1999 4517 quod
2056 4446 2123 4500 ad

548 4552 798 4598 naturam
820 4552 1064 4598 nostram
1096 4542 1355 4612 pertinet,
1381 4556 1442 4595 se
1475 4538 1728 4594 abscidit.

616 4634 684 4687 Et
732 4635 802 4686 ad
839 4650 992 4687 omne
1041 4642 1308 4688 mortuum
1349 4647 1453 4684 non
1502 4628 1842 4699 ingredietur.
1900 4626 2125 4683 Omnino

545 4739 700 4792 super
723 4732 872 4792 patre
898 4739 1100 4794 quoque
1119 4739 1212 4775 suo
1246 4731 1296 4775 et
1328 4729 1499 4775 matre
1531 4736 1637 4773 non
1654 4717 2120 4773 contaminabitur.

548 4817 686 4873 LXX
708 4830 891 4873 autem
915 4819 1138 4873 dicunt:
1170 4816 1340 4886 Super
1369 4831 1574 4869 onmem
1594 4816 1832 4867 animam
1858 4822 2122 4865 mortuam

547 4912 1023 4982 noniugredietur.
1070 4908 1354 4976 Quomodo
1396 4915 1580 4962 autem
1633 4905 1816 4959 anima
1870 4904 2120 4968 moritur,

546 5018 671 5059 cum
738 5002 809 5057 sit
866 5002 1086 5056 condita
1154 4997 1525 5057 immortalis?
1592 4995 1730 5049 Audi
1796 4995 2123 5063 prophetam

549 5093 857 5147 dicentem:
892 5089 1084 5142 Anima
1117 5103 1233 5157 qua:
1283 5086 1594 5155 peccaverit,
1629 5087 1745 5153 ipsa
1776 5083 2120 5147 morietur",

551 5182 854 5253 impietatis
882 5179 1068 5250 utique
1092 5188 1288 5240 morte,
1315 5179 1432 5231 lure
1449 5188 1532 5232 est
1561 5177 1707 5233 enim
1734 5176 1929 5231 animae
1953 5190 2121 5237 mors,

551 5290 714 5344 quam
744 5273 983 5328 maxime
1021 5282 1212 5344 gentes
1248 5286 1419 5341 passae
1468 5280 1620 5340 sunt,
1649 5284 1770 5338 qua:
1801 5283 1907 5323 nec
1948 5268 2122 5338 legem

557 5366 670 5432 Dei,
712 5380 814 5420 nec
844 5364 1002 5418 aliam
1048 5364 1169 5433 ejus
1217 5361 1503 5417 scientiam
1561 5357 1893 5414 habuerunt.
1946 5356 2125 5429 Super

634 5569 680 5601 ⁵⁸
704 5567 845 5623 Psal.
869 5586 1014 5633 xuv,
1058 5568 1108 5633 7,
1142 5567 1195 5623 8.

565 5652 612 5703 ι’,
644 5637 732 5691 32.
796 5643 837 5671 δ’
870 5640 971 5695 lsa.
1002 5655 1110 5708 LXI,
1150 5637 1372 5706 t;l.uc.
1407 5655 1481 5705 1v,
1517 5638 1602 5692 l8.

1273 5569 1313 5600 ³⁷
1347 5566 1510 5623 Hebr.
1553 5584 1607 5633 ν,
1642 5568 1694 5631 8,
1727 5568 1780 5623 9.
1840 5570 1884 5600 ³³
1917 5570 2084 5624 Hebr.
2115 5588 2175 5637 ll,
2207 5572 2292 5626 i0.

1273 5654 1372 5694 .uc.
1407 5655 1481 5705 1v,
1517 5638 1602 5692 l8.
1676 5639 1720 5670 "
1746 5639 1944 5708 Ephes.
1975 5656 2047 5708 tv,
2078 5642 2167 5695 50.
2242 5641 2289 5673 ιδ

2300 4442 2565 4512 Virginem
2613 4451 2764 4497 ducet
2795 4462 3013 4499 uxorem
3062 4449 3126 4501 de
3146 4450 3341 4517 populo
3396 4469 3519 4508 suo.
3549 4455 3687 4519 Sive,
3732 4464 3766 4505 nt

2223 4533 2385 4599 LXX,
2404 4534 2466 4587 de
2490 4552 2676 4605 genere
2696 4553 2809 4599 suo,
2840 4538 2966 4606 quia
2997 4555 3169 4610 genus
3200 4542 3410 4597 Christi
3440 4559 3666 4617 propter
3684 4563 3766 4601 car-

2221 4642 2348 4681 nem
2377 4643 2539 4681 omnc
2557 4628 2839 4683 hominum
2857 4646 3029 4699 genus
3054 4648 3198 4698 esse,
3222 4635 3459 4693 cuilibet
3484 4650 3767 4695 certamen.

2226 4717 2316 4773 hic
2347 4735 2416 4773 ex
2447 4719 2549 4773 hac
2580 4737 2805 4775 uxorem
2836 4722 3119 4793 virginem,
3155 4725 3209 4779 id
3252 4735 3360 4791 est,
3396 4729 3696 4787 Ecclesiam
3734 4730 3767 4781 is

2223 4825 2349 4863 eum
2388 4811 2727 4866 credentium
2756 4812 2932 4877 duxit,
2954 4816 3022 4870 de
3053 4833 3159 4886 qua
3186 4816 3393 4875 Paulus
3423 4822 3649 4879 dicebat
3670 4845 3682 4878 :
3703 4823 3770 4876 Dt~

2221 4904 2411 4969 spondi
2440 4920 2527 4958 vos
2558 4905 2646 4957 uni
2686 4904 2797 4959 viro
2825 4905 3079 4978 virginem
3107 4894 3311 4966 castam
3356 4915 3614 4971 exhibere
3666 4915 3770 4972 Chi-

2219 5001 2299 5045 sto
2327 4995 2394 5047 “.

2299 5088 2522 5143 l'iduam
2551 5101 2601 5146 et
2622 5095 2958 5161 repudiatam
2975 5104 3024 5149 et
3055 5100 3349 5168 sordidam,
3427 5112 3606 5173 atque
3660 5118 3769 5157 nat-

2229 5180 2414 5233 tricem
2444 5197 2549 5235 non
2578 5185 2749 5238 ducet.
2786 5185 3099 5243 Judaaorum
3134 5190 3479 5265 Synagogam
3510 5198 3716 5252 viduam
3736 5194 3767 5243 ta

2231 5275 2518 5343 prophetis
2585 5280 2911 5349 appellatam
2970 5284 3249 5351 novimus,
3298 5288 3362 5343 ad
3403 5305 3587 5359 quam
3641 5288 3767 5345 dixit?

2233 5365 2462 5421 Tondere
2483 5380 2531 5423 et
2562 5373 2732 5441 gaude
2754 5390 2909 5442 super
2931 5374 3067 5443 ﬁlios
3096 5386 3213 5432 tuos
3256 5389 3486 5449 teneros,
3538 5386 3699 5439 ditata
3726 5378 3769 5427 τί·

2374 5571 2420 5647 ‘j
2442 5570 2581 5625 Psal.
2609 5589 2739 5647 c5",
2773 5574 2823 5627 1.
2881 5574 2927 5607 ⁸ο
2950 5575 3152 5635 Ezech.
3176 5595 3331 5647 mn,
3358 5581 3452 5639 20.

3544 5585 3595 5618 δι
3624 5580 3753 5638 Μειι

2242 5641 2289 5673 ιδ
2311 5641 2357 5695 11
2382 5641 2506 5696 Cor.
2541 5659 2611 5709 χι,
2634 5645 2688 5697 2.
