3810 6318
42 227 210 301 lli-lii
1216 230 1299 295 ΙΝ
1341 232 1780 300 LEVITICUM.
1814 258 1883 268 -·-
1926 228 2076 294 LIB.
2114 233 2216 294 VI.
3220 237 3357 306 1062

43 353 343 406 diritatem
369 358 517 405 tuam
545 350 678 402 sicut
698 346 893 415 Aquila
928 347 993 399 ".
1024 345 1132 401 Sed
1163 354 1219 400 et
1247 346 1316 401 de
1340 348 1543 418 populo
1572 347 1669 401 Ju-
1700 358 1743 409 Λ
1778 345 1872 413 qui
1893 344 2202 400 offeruntur
2226 345 2283 398 in
2313 346 2643 413 sanctuario,
2681 346 2754 402 ita
2782 348 3064 417 duntaxat,
3102 358 3161 405 ut
3213 353 3356 410 intra

43 440 349 505 (imorum,
434 440 547 492 sive
593 436 879 506 proditore
916 435 1075 501 Juda,
1134 437 1442 490 communis
1521 436 1666 491 enim
1768 436 1950 491 velum
1981 451 2090 490 non
2115 435 2472 506 ingrediatur,
2491 453 2594 492 nec
2620 440 2842 494 accedat
2889 440 2954 493 ad
3006 443 3197 509 altare,
3229 445 3357 514 quia

44 544 273 583 eorum
315 539 398 582 est
432 526 712 593 iniquitas,
746 525 877 580 dicit
908 541 922 578 τ
950 525 1112 578 Fiant
1129 525 1232 594 ﬁlii
1263 527 1376 594 ejus
1421 527 1663 596 orplratti,
1772 526 2039 580 maculam
2068 527 2253 593 habet,
2282 539 2337 582 et
2375 530 2752 586 contaminare
2786 546 2895 585 non
2921 532 3083 586 debet
3104 545 3358 590 sanctua-

43 631 109 673 οι
134 636 285 674 uxor
312 620 427 688 ejus
454 619 613 672 vidua
642 618 708 683 "’,
759 617 936 687 ipsam
991 625 1174 671 autem
1228 619 1568 688 repudiatam
1613 625 1670 672 et
1772 615 1913 669 rium
1944 629 2149 679 meum,
2183 629 2285 685 ego
2318 615 2589 672 Dominus
2617 618 2710 687 qui
2742 620 3027 673 sanctiﬁeo
3062 635 3175 675 vos.
3225 640 3244 673 ι

42 713 301 767 viduam
331 711 635 766 secundum
659 724 722 764 ea
745 724 866 779 quae
882 719 1011 763 ante
1048 710 1331 777 paululum
1366 709 1509 764 dicta
1538 718 1669 764 sunt
1845 704 1900 758 Si
1926 706 2229 761 secundum
2264 705 2500 760 litteram
2540 707 2684 762 hanc
2736 709 3079 763 sanctionem
3106 712 3357 782 accipere
3441 706 3448 711 ’

41 802 456 873 intelligimus.
493 800 796 869 Repudiata
836 808 920 855 est
975 801 1122 854 enim
1153 816 1184 853 a
1236 801 1331 853 Dei
1381 800 1666 866 societate,
1707 863 1710 866 ,
1769 795 2131 862 voluerimus,
2163 797 2437 866 quomodo
2491 797 2817 869 legislaloris
2865 816 2984 854 csse
3009 802 3163 871 juxta
3204 804 3357 859 vide-

46 909 199 947 cum
229 894 397 948 idolis
433 892 734 956 fomieans,
761 900 983 961 propter
1000 893 1146 962 quod
1178 907 1299 945 eam
1331 892 1386 945 in
1413 894 1669 964 conjugio
1770 886 1919 941 bitur
1942 887 2207 942 intentio?
2242 888 2431 958 Neque
2481 889 2627 942 enim
2671 890 2951 945 voluntate
2999 907 3096 946 sua
3129 895 3357 949 maculae

44 984 338 1054 accipere
372 998 484 1037 non
504 983 812 1052 patitur,ut
865 983 1136 1053 intelligas
1174 983 1301 1053 quia
1359 997 1480 1036 eam
1539 998 1671 1037 con-
1774 976 2095 1032 hominibus
2124 979 2407 1033 eveniunt.
2466 977 2754 1044 Quomodo
2800 996 2930 1053 ergo
2988 998 3098 1037 non
3167 985 3360 1040 incon-

48 1076 619 1143 versationem,quae
651 1073 705 1126 in
737 1072 949 1126 umbris
1001 1081 1057 1126 et
1110 1072 1299 1142 ﬁguris
1347 1080 1431 1127 est
1485 1074 1671 1142 prohi-
1771 1084 1967 1138 gruum
1997 1079 2081 1124 est
2113 1070 2171 1123 in
2207 1071 2311 1129 his.
2344 1086 2464 1140 quae
2481 1082 2676 1140 sponte
2706 1088 2816 1126 non
2868 1074 3040 1142 ﬁunt,
3090 1078 3351 1131 sacerdo-

50 1168 225 1230 hnit,
251 1176 308 1221 et
340 1167 397 1220 in
421 1166 573 1220 nullo
596 1165 647 1219 ei
679 1164 1093 1219 communicare
1158 1168 1274 1217 vult
1320 1164 1444 1228 hos,
1475 1165 1569 1234 qui
1620 1165 1670 1219 ei
1774 1168 1884 1214 tem
1906 1161 1974 1215 ab
2005 1160 2183 1215 cilicio
2215 1162 2428 1231 repelli.
2459 1160 2601 1226 Quid
2635 1171 2817 1217 autem
2846 1172 2899 1218 et
2952 1165 2999 1219 si
3070 1167 3196 1236 quis
3253 1169 3359 1223 hoc

59 1266 420 1329 exspectant
440 1273 537 1328 per
567 1257 736 1313 vitam
766 1256 988 1321 bonam,
1044 1256 1318 1325 ﬁdemque
1369 1256 1666 1311 cohaerere.
1774 1249 1955 1319 ipsum
1984 1252 2119 1323 legis
2148 1267 2486 1322 cognoscens
2543 1265 2916 1324 praeceptum.
2965 1259 3234 1313 sacerdoti
3269 1260 3358 1313 ill-

58 1350 253 1405 Unde
293 1365 418 1405 cum
474 1349 643 1403 semel
698 1348 923 1401 dixisset
963 1362 979 1401 :
1034 1346 1280 1401 Puellam
1308 1348 1562 1417 virginem
1608 1349 1672 1400 de
1773 1343 2001 1410 videns,
2027 1344 2335 1398 membrum
2368 1343 2521 1413 ejus,
2548 1361 2808 1411 manum,
2858 1349 2943 1401 vel
2999 1350 3229 1417 pedem,
3262 1361 3359 1406 aut

42 1442 276 1512 papula
308 1457 421 1505 suo,
454 1441 561 1493 sive
583 1453 769 1508 genere
790 1453 888 1491 sua
938 1438 1183 1506 accipiet,
1220 1452 1330 1492 non
1378 1444 1671 1492 contentus
1771 1436 1992 1489 oculum
2014 1474 2028 1496 ,
2050 1443 2145 1487 aut
2178 1434 2380 1503 aliquid
2410 1434 2558 1489 aliud
2578 1436 2849 1490 attriverit
2870 1479 2885 1503 ,
2913 1447 3009 1492 aut
3043 1440 3087 1492 si
3105 1456 3358 1512 pugnans

44 1535 198 1599 fuit,
225 1533 500 1588 subdidit:
543 1531 789 1596 Viduam,
824 1539 871 1583 et
890 1530 1214 1583 meretricem
1252 1538 1303 1582 et
1333 1529 1671 1598 repudiatam
1773 1535 1961 1580 contra
1991 1512 2418 1596 alienigenas,et
2441 1542 2537 1595 pro
2561 1528 2766 1582 sanctis
2790 1528 2888 1583 Dei
2915 1540 3187 1600 armatus,
3212 1550 3357 1604 prte-

50 1642 177 1680 rwn
209 1626 455 1693 accipiet.
488 1623 803 1678 Secundum
835 1620 979 1675 LXX
1012 1629 1196 1675 autem
1228 1639 1240 1674 :
1297 1621 1559 1690 Virginem
1607 1624 1671 1675 de
1704 1690 1737 1698 _
1770 1633 1893 1674 esse
1908 1619 2056 1673 enim
2078 1619 2235 1675 bellis
2261 1619 2572 1673 sacerdotes
2594 1619 2647 1672 in
2681 1621 3106 1679 Deuteronomio
3125 1625 3358 1698 “.Moy-

54 1734 275 1790 genere
299 1690 395 1770 suo
420 1717 661 1784 accipiet,
693 1714 1004 1784 utprimum
1029 1714 1163 1767 illud
1186 1712 1408 1782 quidem
1429 1714 1496 1768 de
1518 1713 1669 1768 omni
1704 1690 1743 1743 Β
1772 1725 1862 1764 ses
1884 1711 2186 1780 praecepit,
2229 1711 2431 1765 vulnus
2466 1712 2710 1781 accepit,
2745 1727 2812 1767 ex
2846 1730 2954 1783 quo
2987 1717 3244 1786 quaelibet
3294 1690 3357 1774 'ei

57 1810 359 1880 intelligas
385 1808 638 1862 Ecclesia:
657 1822 884 1876 corpore
929 1820 946 1858 :
997 1807 1102 1860 hoc
1137 1815 1321 1860 autem
1343 1806 1670 1871 secundum,
1773 1815 1841 1855 ex
1869 1802 2390 1870 praedictismaculis
2424 1804 2699 1868 eveniret,
2756 1814 2987 1874 putasne
3023 1808 3218 1879 dignus
3238 1820 3358 1864 erat

48 1902 139 1955 'de
170 1900 364 1954 anima
395 1899 566 1951 omni.
605 1898 1074 1963 Quemadmodum
1107 1896 1258 1952 enim
1316 1897 1551 1952 societas
1604 1898 1670 1951 ﬁ-
1772 1880 1998 1961 propter
2030 1893 2133 1947 hoc
2161 1893 2228 1947 de
2258 1893 2562 1949 sacerdotio
2591 1899 2962 1951 removeri?ln
2982 1903 3355 1957 tantumenim

56 1994 307 2053 delium,
348 1992 426 2046 sic
447 1991 708 2045 etanima
753 1991 1187 2060 uniuscujusque
1219 2003 1426 2058 sponsa
1464 1991 1586 2057 Dei,
1617 1999 1673 2046 et
1773 1997 1886 2036 non
1936 1990 2064 2037 sunt
2111 1998 2400 2053 corporum
2430 1985 2657 2039 macula:
2709 1987 3103 2045 abominabiles
3131 1990 3261 2055 Deo,
3296 2003 3357 2046 ut

54 2085 344 2141 Ecclesia:
400 2092 501 2138 est.
557 2085 666 2138 Cur
745 2092 929 2137 autem
973 2082 1361 2151 desponsatam
1412 2081 1516 2138 sibi
1559 2098 1670 2137 non
1774 2073 2066 2128 Dominum
2121 2075 2433 2129 illuminare
2484 2091 2662 2130 caecos
2701 2077 2873 2131 David
2929 2079 3134 2134 diceret
3165 2082 3232 2134 τεο.
3295 2080 3350 2136 Si

56 2179 193 2233 vult
236 2177 559 2248 participem
612 2175 727 2229 ﬁeri
777 2173 1023 2228 Judaicae
1073 2172 1500 2239 conversationi,
1556 2173 1673 2242 ipse
1773 2164 2242 2233 pulchritudinem
2278 2180 2388 2220 non
2419 2164 2603 2236 elegit.
2659 2182 2760 2221 nec
2802 2167 3086 2221 robuStum
3132 2184 3352 2238 corpus.

52 2270 407 2324 ‘subinfert:
1773 2269 1876 2307 nec
1906 2254 2051 2324 quod
2073 2254 2444 2309 videturbene
2491 2255 2751 2324 positum;
2805 2264 2865 2310 ut
2914 2256 2983 2310 ad
3042 2256 3351 2312 Samuelem

135 2362 232 2417 Ne
259 2361 594 2414 commisceat
612 2358 830 2426 stirpem
851 2359 1055 2428 generis
1072 2359 1177 2411 sui.
1245 2358 1441 2429 Vulgo,
1495 2358 1639 2428 genti

1848 2354 1980 2400 :eret
2024 2346 2094 2400 de
2120 2346 2331 2416 majore
2390 2346 2501 2401 ﬁlio
2543 2344 2716 2410 Jesse,
2785 2347 2909 2419 quia
2971 2348 3209 2417 speciem
3241 2349 3352 2404 Deo

55 2468 216 2507 suae.
247 2448 390 2504 LXX
431 2458 651 2503 autem:
686 2447 750 2501 Et
772 2464 875 2500 non
900 2448 1205 2517 profanabit
1256 2464 1435 2501 semen
1477 2448 1532 2501 in
1576 2463 1670 2516 ρος
1773 2436 1990 2507 placere
2012 2444 2339 2506 putaverat:
2390 2437 2512 2492 Non
2568 2439 2812 2507 respicies
2870 2440 2941 2493 ad
2996 2440 3196 2494 vultum
3241 2442 3354 2510 ejus

58 2546 203 2615 pulo
223 2560 340 2597 suo.
368 2542 509 2613 Ergo
541 2540 846 2612 prolanatio
879 2540 1119 2595 ﬁdelium
1145 2547 1251 2603 est,
1296 2539 1353 2593 hi
1382 2539 1562 2594 enixus

1848 2544 1940 2597 que
1971 2528 2042 2581 ad
2073 2527 2409 2582 altitudinem
2436 2536 2658 2582 statum
2686 2528 2822 2597 ejus,
2881 2530 3130 2599 quoniam
3184 2532 3352 2601 abjeci

58 2626 273 2691 sémen
298 2641 351 2688 et
380 2633 534 2702 plebs
577 2630 745 2686 nostri
789 2630 1105 2695 sacerdotis,
1141 2628 1382 2683 Judaicis
1428 2628 1674 2684 moribus
1775 2635 1894 2673 eum
1928 2619 1996 2689 3”.
2024 2619 2190 2688 Atqui
2220 2634 2318 2674 rex
2342 2635 2454 2674 non
2480 2620 2736 2675 sacerdos
2793 2628 2912 2675 erat
2969 2622 3062 2691 Qui
3120 2625 3356 2694 ungeba—

58 2728 298 2783 sociati.
327 2726 395 2780 Et
428 2731 717 2794 propterea
742 2722 944 2777 Paulus
963 2721 1180 2776 dicebat
1211 2733 1222 2769 :
1264 2719 1526 2773 Evacuati
1552 2721 1673 2774 estis
1777 2720 1900 2779 tur;
1936 2712 2047 2783 regi
2074 2720 2257 2766 autem
2291 2712 2599 2768 necessaria
2638 2722 2758 2768 erat
2782 2713 2994 2783 species
3042 2723 3095 2769 et
3139 2717 3353 2787 magni-

62 2820 307 2884 Christo,
326 2818 416 2888 qui
437 2818 491 2870 in
509 2816 617 2887 lege
636 2814 1031 2885 justiﬁcamiui,
1060 2831 1094 2867 a
1122 2813 1297 2884 gratia
1328 2812 1671 2867 excidistis".
1776 2805 1909 2859 ludo
1945 2805 2211 2875 corporis.
2247 2804 2356 2860 Sed
2413 2804 2544 2875 quid
2582 2804 2669 2859 bis
2714 2805 2964 2860 addidit?
3027 2803 3137 2859 Nec
3190 2807 3352 2877 juxta

67 2915 173 2969 llis
200 2911 469 2966 subdidit.
1777 2896 2029 2951 intuitum
2050 2896 2274 2950 hominis
2303 2895 2509 2965 judico.
2550 2895 2722 2951 Homo
2748 2897 2895 2952 videt
2916 2913 2978 2951 ea
3000 2914 3119 2968 qua:
3141 2906 3352 2967 patent,

143 3005 269 3075 Ego
298 3003 553 3056 Dominus
578 3002 669 3073 qui
691 3000 962 3069 sancti/ica
1017 3015 1158 3054 eum.
1198 2998 1258 3053 Id
1287 3006 1392 3064 est,
1420 3005 1672 3066 propter-
1699 3026 1740 3082 ο
1774 2985 1923 3043 Deus
1940 2996 2123 3051 autem
2149 2986 2392 3040 intuetur
2433 3000 2524 3040 cor
2561 3001 2577 3052 ;
2613 3001 2707 3041 cor
2747 2986 2893 3041 enim
2953 2996 3244 3069 scrutatur.
3307 2991 3355 3045 si

67 3114 137 3153 ea
169 3111 318 3166 opus
354 3111 467 3149 non
498 3094 663 3148 habet
710 3093 842 3163 legis
873 3092 1094 3163 ﬁguras,
1133 3105 1236 3145 nec
1262 3090 1670 3154 sacriﬁcia,.nec
1702 3066 1740 3082 “
1778 3078 2044 3132 maculam
2076 3079 2291 3144 habeat,
2325 3086 2381 3132 et
2400 3095 2495 3134 eos
2520 3080 2614 3149 qui
2635 3079 2963 3135 immaculati
2986 3090 3114 3135 sunt
3147 3082 3352 3148 animo,

68 3188 520 3261 puriﬁcationcs,
554 3186 811 3256 quoniam
863 3200 965 3255 ego
1002 3183 1267 3238 Dominus
1289 3199 1388 3252 pro
1417 3182 1566 3238 omni

1851 3185 1877 3225 s
1898 3171 2104 3225 electos
2135 3170 2345 3240 judieat
2377 3189 2391 3226 :
2417 3186 2512 3225 eos
2542 3178 2726 3225 autem
2743 3171 2834 3241 qui
2862 3172 3131 3227 maculam
3153 3173 3207 3227 in
3232 3174 3354 3229 ani-

72 3260 191 3340 illis
226 3291 286 3338 et
324 3281 647 3335 sacriﬁcium
678 3277 903 3342 clﬁcior,
929 3286 986 3331 et
1043 3275 1386 3346 puriﬁcatio;
1414 3284 1469 3328 et
1497 3291 1576 3343 ιμι‹

1852 3262 2115 3326 thabent,
2144 3262 2422 3332 reprobat.
2486 3260 2542 3316 Si
2585 3262 2730 3319 enim
2783 3262 2986 3317 malum
3046 3272 3129 3318 est
3204 3266 3356 3320 clau-

72 3390 307 3444 cunque
337 3371 539 3427 dixeris
562 3370 837 3440 pertinere
877 3367 943 3421 ad
974 3366 1135 3420 aliam
1167 3365 1672 3419 sanetiﬁeatiunem.
1775 3352 1958 3406 dicare
1993 3353 2241 3420 Pedibus:
2262 3360 2357 3406 ³1η
2378 3352 2566 3408 oculos
2593 3352 3091 3444 ittﬁt‘mositabet‘e;
3128 3355 3356 3410 θῐίιῧθο

22 3469 40 3475 ’
73 3468 184 3535 Qui
216 3443 428 3529 autem,
464 3461 683 3531 quando
716 3459 914 3520 vidum,
945 3465 1001 3511 et
1039 3455 1366 3519 meretricis,
1425 3462 1480 3508 et
1508 3471 1526 3508 r

1852 3451 2054 3512 parant,
2079 3444 2354 3512 quomodo
2383 3444 2554 3510 Isaac,
2623 3443 2897 3525 quomodo
2931 3443 3099 3498 Jacob
3121 3446 3356 3517 caligare

74 3533 250 3614 diatae
276 3552 612 3608 mentionem
638 3549 789 3613 fecit,
841 3548 962 3612 has,
1008 3545 1204 3615 inquit,
1255 3560 1370 3598 non
1421 3545 1672 3614 accipiet,
1777 3533 2023 3602 permisit
2049 3540 2106 3586 et
2134 3533 2366 3587 salutem
2399 3534 2627 3603 perdere
2683 3534 2949 3589 visionis?
2975 3536 3178 3589 etenim
3205 3536 3357 3593 Isaac

74 3650 325 3706 dicimus
354 3644 525 3700 ethoc
553 3643 621 3698 de
664 3640 1047 3697 haereticorum
1071 3636 1466 3693 conventiculis
1509 3637 1670 3708 legis-
1775 3637 1886 3675 ηοη
1906 3623 2162 3693 οοὸηονίι
2187 3622 2376 3687 δδοοδν
2423 3624 2565 3677 Esau
2600 3622 2893 3694 θηεεηιεηι
2930 3640 3243 3695 Persona!“-
3281 3627 3356 3682 De

77 3745 321 3795 latorem
381 3735 582 3790 dixisse
613 3752 625 3787 ε
658 3733 894 3786 viduam
934 3729 1232 3783 sumenim
1266 3727 1363 3782 Dei
1422 3728 1674 3792 scientia,
1774 3713 1942 3772 Jacob
1968 3726 2150 3771 autem
2183 3717 2387 3772 dictum
2416 3728 2532 3772 est:
2568 3716 2717 3773 Oculi
2741 3718 2910 3772 Israel
2938 3719 3357 3790 caligarereprw

77 3838 315 3904 propter
334 3825 478 3896 quod
507 3834 559 3879 et
581 3841 610 3878 a
640 3817 857 3894 piorum
890 3820 1278 3876 communione
1294 3820 1505 3890 expulsi
1523 3829 1672 3888 sunt,
1776 3809 1945 3864 uirnia
1972 3818 2260 3874 senectute,
2292 3813 2341 3863 et
2367 3809 2510 3864 clare
2537 3810 2712 3864 videre
2743 3826 2845 3863 non
2890 3820 3096 3880 poterat
3114 3813 3181 3865 ⁸⁸.
3219 3811 3355 3867 Pro-

78 3898 272 3981 sed'et
300 3919 643 3976 l'ornieantur
705 3914 1022 3984 incongruis
1056 3922 1112 3967 et
1144 3912 1369 3967 nefariis
1407 3913 1582 3984 dogm:

1850 3913 1962 3953 area
1993 3907 2047 3953 et
2071 3915 2217 3954 nunc
2242 3898 2518 3970 legislator
2551 3901 2632 3955 sic
2683 3898 3003 3955 indistincte
3046 3901 3114 3956 de
3145 3903 3354 3959 macula

79 4023 210 4074 hus.
241 4016 387 4084 Ergo
421 4020 564 4066 recte
588 4010 808 4063 viduam
832 4006 1149 4077 praeposuit,
1189 4005 1485 4060 secundam
1512 4019 1675 4074 repu-
1777 3986 1951 4084 mnf"
1973 3984 2160 4084 δίεέηδ
2178 3985 2360 4084 enim:

77 4078 571 4166 diatam,vtertiam
593 4100 937 4154 meretricem
965 4096 1212 4153 subdidit
1250 4096 1442 4150 harum
1468 4096 1581 4150 null

1853 4078 2026 4134 Homo
2051 4081 2114 4133 de
2142 4082 2338 4134 semine
2362 4089 2452 4134 tuo
2513 4081 2603 4151 qui
2667 4080 2911 4136 [tabuerit
2958 4083 3244 4137 maculam.
3291 4083 3356 4140 Et

80 4203 191 4260 sibi
226 4197 493 4253 Dominus
527 4194 592 4249 ad
640 4192 954 4248 societatem
992 4189 1163 4254 ducit,
1186 4197 1248 4243 ut
1274 4203 1385 4243 non
1434 4186 1581 4257 pollu

1851 4188 1902 4227 in
1930 4188 2040 4227 non
2065 4172 2404 4228 distiuxisset
2437 4173 2638 4241 locum,
2702 4172 2848 4227 illico
2885 4173 3127 4228 subdidit
3158 4191 3173 4228 :
3232 4172 3355 4228 Non

82 4297 335 4351 lidelium
373 4305 582 4353 semen,
616 4287 743 4357 quia
793 4291 1131 4354 corrumpunt
1178 4298 1346 4336 mores
1367 4282 1525 4334 bonos
1574 4301 1586 4334 4

1852 4268 1953 4320 ‘eret
1983 4281 2144 4334 panes
2175 4264 2293 4325 Deo,
2334 4281 2429 4318 suo
2477 4279 2571 4319 nec
2622 4266 2832 4319 accedet
2878 4266 2950 4319 ad
3007 4267 3356 4320 ministerium

87 4388 268 4459 loquia
308 4383 452 4438 mala
491 4381 557 4434 ‘3.
632 4354 648 4357 ἡ
1217 4441 1224 4447 _
1707 4367 1754 4422 D
1781 4354 2097 4459 ejusqLX‘LX.
2113 4364 2312 4459 autem.
2328 4355 2517 4458 dicunt
2544 4372 2556 4406 :
2587 4355 2785 4459 Innquo
2809 4356 2968 4427 fuerit
2987 4357 3235 4459 .macula,
3254 4374 3358 4412 non

155 4447 325 4533 'VERS.
361 4473 550 4529 lli-23.
588 4489 606 4523 ι
641 4470 990 4536 Locutusque
1027 4473 1114 4520 est
1136 4464 1404 4519 Dominus
1431 4463 1501 4517 ad
1534 4461 1680 4533 Moy-
1777 4447 2192 4503 accedetYides
2224 4448 2370 4517 quia,
2404 4447 2459 4500 in
2492 4463 2602 4517 quo
2631 4447 2789 4514 dixit,
2814 4464 2926 4503 non
2985 4449 3042 4502 in
3087 4464 3356 4520 corpore,

88 4583 190 4624 sen
220 4569 433 4624 dicens.
463 4564 712 4633 Loquere
741 4560 807 4614 ad
833 4560 1017 4612 Aaron
1049 4572 1065 4611 :
1114 4554 1288 4609 [ionio
1341 4554 1412 4608 de
1468 4554 1592 4608 sem?

1895 4540 2025 4595 nobis
2057 4549 2239 4593 autem
2269 4539 2491 4609 preprie
2528 4540 2652 4604 hoc,
2685 4540 2831 4609 quod
2866 4541 2920 4594 in
2953 4541 3135 4595 anima
3169 4552 3357 4597 nostra
3394 4604 3399 4619 ι

88 4671 186 4718 tuo
220 4676 320 4732 per
361 4628 592 4712 familias
619 4656 711 4725 qui
753 4651 1007 4707 habuerit
1045 4647 1316 4702 maculam
1348 4661 1459 4700 non
1483 4645 1591 4700 oﬁ‘e

1917 4648 2039 4687 esse
2062 4631 2285 4686 dicitur.
2326 4631 2468 4702 Ergo
2490 4632 2744 4686 claudum
2763 4632 2914 4698 dicit,
2945 4633 3089 4688 viam
3116 4633 3211 4688 Dei
3234 4650 3358 4688 cor-
3394 4628 3400 4649 τ

96 4720 270 4824 panes
298 4748 531 4804 Domino
552 4720 663 4799 Deo
694 4757 795 4798 suo
824 4756 895 4796 ne
945 4739 1171 4794 accedat
1202 4736 1272 4792 ad
1305 4736 1600 4790 ministerii

1852 4730 2139 4790 mpentem,
2163 4721 2256 4788 qui
2290 4735 2355 4773 ex
2378 4728 2554 4788 parte,
2583 4720 2766 4773 divina
2795 4720 3071 4784 mandata,
3097 4730 3151 4775 et
3183 4721 3356 4799 legem

97 4806 239 4916 Ejus.
274 4842 332 4898 Si
353 4854 530 4897 caecus
558 4836 740 4900 fuerit,
787 4834 833 4889 si
894 4832 1141 4896 claudus,
1211 4829 1327 4883 sive
1370 4842 1539 4896 parvo
1590 4828 1678 4880 vel
1778 4806 3357 4916 subvertit.detiuibucsinﬁsahnisdicit:wri‘tiidauenr

95 4895 424 5006 {dicitur
459 4938 601 4985 torto
634 4895 789 4992 naso,
823 4924 868 4979 si
900 4922 1072 4978 fracto
1108 4917 1253 4989 pede
1282 4895 1586 4981 velimanu,
1629 4929 1679 4969 si
1777 4900 1984 4954 πιεηιίιί
2009 4907 2128 4952 sum
2153 4896 2309 5000 mihi:
2332 4896 2433 5000 (ῖίίί
2455 4895 2617 5006 αξίεξξὶ
2658 4896 3101 5006 ἱινξυειεναξιεηιξιε»
3132 4906 3180 4950 ει
3202 4898 3354 4952 (δίαυ-

100 4988 384 5097 gibbus"si
408 5027 611 5096 “mnis,
648 5022 697 5078 si
722 4988 1037 5088 21W
1082 4988 1373 5067 min
1404 5009 1584 5074 oculo,
1632 5006 1678 5061 si
1777 4994 2085 5048 dicaverunt
2116 5007 2151 5044 α
2177 4989 2378 5044 semitis
2417 4989 2527 5042 suis
2555 4989 2621 5042 ⁸³.
2668 4988 3136 5054 Quemadmodum
3208 4992 3361 5053 enim
3404 5028 3413 5029 κ

101 5065 294 5189 31;:
302 5065 1055 5183 Wi’siviidp'eﬁi-Hh
1075 5065 1404 5171 incorpore,
1425 5100 1513 5154 vel
1548 5065 1677 5151 tier-
1778 5084 1958 5139 claudi
2002 5096 2145 5137 unus
2210 5093 2306 5150 pes
2348 5094 2517 5135 sanus
2570 5093 2709 5153 esse,
2754 5078 3154 5145 videtur,alter
3171 5080 3357 5138 autem

102 5170 313 5262 niosns.
359 5170 681 5273 UlliniS'QUi
731 5170 984 5255 habuerit
1034 5170 1304 5249 maculam
1348 5190 1416 5244 de
1468 5188 1676 5243 semine
1783 5177 2053 5233 claudicat
2089 5192 2102 5228 :
2288 5182 2343 5227 et
2381 5173 2549 5273 hujus
2596 5187 2765 5225 unum
2793 5170 3093 5273 quidpiam
3136 5173 3357 5273 interim

105 5300 286 5352 Aaron
333 5263 655 5359 sacerdotis,
695 5307 806 5348 non
852 5288 1075 5345 accedet
1107 5284 1308 5340 offerre
1327 5279 1535 5336 hostias
1571 5278 1678 5332 Do-
1784 5283 1978 5324 sanum
2010 5280 2132 5321 esse
2157 5263 2392 5329 videtur,
2418 5263 2679 5334 gloriatur
2716 5264 2865 5318 enim
2895 5265 3100 5320 servire
3127 5279 3187 5320 se
3221 5263 3353 5321 Deo.

106 5390 277 5457 mino,
310 5405 413 5446 nec
430 5403 600 5460 panes
622 5357 732 5440 Deo
757 5401 879 5450 suo,
902 5389 1157 5439 vescetur
1189 5385 1374 5432 tamen
1418 5371 1675 5443 panibus,
1786 5363 1946 5419 Aliud
1968 5370 2149 5417 autem
2178 5357 2451 5413 inﬁrmum
2484 5368 2589 5427 est,
2621 5357 2749 5439 dum
2779 5368 3095 5430 corrumpat
3142 5374 3356 5429 praeva-

175 5572 219 5605 “
243 5572 404 5628 Mich.
429 5589 470 5635 ι,
506 5568 595 5622 i6.
700 5566 745 5598 “
773 5567 915 5620 Psal.
961 5577 1114 5635 avni,
1144 5559 1197 5613 9.
1297 5558 1339 5589 ⁵⁷
1365 5557 1538 5635 Gala}.
1569 5551 1679 5635 νζ]

1848 5543 2186 5635 ‘lCorl.nxv,
2227 5546 2318 5601 ⁸55.
2413 5543 2457 5576 ⁸³
2481 5541 2639 5599 Deut.
2678 5558 2766 5611 xx,
2814 5540 2839 5595 1
2874 5556 3026 5614 seqq.
3132 5542 3175 5574 '°
3209 5541 3352 5599 Psal.

110 5615 470 5711 ειιγῗέῖωίί
495 5615 671 5710 ίίίἒς.
704 5615 914 5704 avni:-
970 5615 1030 5665 V'V’
1059 5615 1196 5685 Gen.
1237 5644 1423 5696 xum,
1453 5627 1537 5683 lt).
1613 5622 1659 5655 ⁵³
1687 5616 1829 5675 l’sal.
1858 5631 1989 5685 xvu,
2024 5615 2109 5669 λϐ.
