3810 6318
490 242 629 308 1063

1684 238 2045 300 llESYCI-Ill
2091 235 2564 298 PRESBYTERI

3669 228 3787 295 Mi

487 358 752 412 ricatione
796 355 969 426 legem
1025 354 1431 421 mandatorum,
1490 370 1612 423 qua:
1678 351 2079 422 transgreditur
2108 358 2153 414 Α
2182 347 2275 415 qui
2307 343 2594 400 scientiam
2619 359 2682 397 ex
2705 342 2940 412 quodam
2967 350 3205 401 tumore.
3226 338 3314 393 νεὶ
3347 335 3490 390 Vim:
3524 338 3786 407 [Invitat

488 448 874 504 intentionem.
906 446 1100 501 Ctecus
1136 453 1238 511 est,
1274 446 1368 515 qui
1398 460 1465 498 ex
1502 453 1614 498 tota
1638 443 1943 514 ignorantia
1975 441 2072 496 Dei

489 538 742 592 morbum
771 536 1023 600 sustinet,
1076 545 1132 590 et
1152 536 1327 590 lucem
1352 534 1600 613 veritatis
1627 534 1908 587 intendere
1959 546 2071 585 non

486 630 652 684 valet.
680 628 908 697 Propter
939 626 1084 696 quod
1123 626 1192 680 de
1237 625 1439 680 Judzcis
1498 623 1760 678 Dominus
1815 621 2068 677 dicebat:

487 721 666 777 Caecus
701 736 834 775 caeco
867 721 911 773 si
941 720 1193 772 ducatum
1226 720 1479 787 praebeat,
1545 716 1700 769 ambo
1763 715 1818 767 in
1870 715 2073 784 foveam

489 812 683 864 cadunt
718 810 787 861 δι.
834 808 976 863 Naso
1017 808 1298 877 preprium
1346 819 1432 861 est
1492 804 1731 860 odorari.
1783 803 1898 857 Hoc
1942 816 2073 872 ergo

489 919 642 969 sano,
692 903 831 957 bene
894 901 1018 969 quis
1073 901 1356 964 odoratur,
1405 898 1680 953 terebrato
1740 905 1925 950 autem
1988 894 2072 947 vel

490 1004 761 1058 truncato,
793 1008 905 1047 non
932 994 1072 1047 bene
1098 992 1221 1062 quis
1274 991 1556 1057 odoratur,
1579 989 1767 1058 quales
1790 996 1917 1041 sunt
1947 986 2072 1056 qui-

488 1088 610 1142 dam
628 1087 824 1157 quibus
852 1088 992 1139 mala
1020 1085 1256 1154 placent,
1302 1093 1527 1153 propter
1580 1082 1685 1135 hoc
1711 1079 1837 1149 quia
1867 1079 2070 1132 malum

490 1181 695 1233 habent
721 1179 1114 1249 cogitationum
1146 1178 1456 1232 odoratum.
1516 1173 1656 1239 Quia
1681 1173 1827 1227 enim
1854 1171 2070 1225 odorari

489 1269 669 1325 divina
707 1267 989 1337 Scriptura
1014 1268 1067 1319 in
1107 1282 1193 1332 eo,
1213 1265 1357 1335 quod
1377 1265 1635 1334 placitum
1678 1263 1862 1329 fuerit,
1923 1261 2070 1316 acci-

489 1374 619 1427 pere
669 1359 827 1422 solet,
880 1356 1009 1410 audi
1062 1355 1231 1408 David
1284 1355 1560 1409 dicentem
1604 1353 1670 1407 ad
1692 1352 1955 1407 Saulem:
2011 1349 2069 1404 Si

488 1450 746 1502 Dominus
776 1450 961 1501 incitat
1013 1456 1065 1500 te
1127 1448 1514 1500 adversamme
1573 1446 1821 1497 adoretur
1870 1443 2070 1511 sacriﬁ-

488 1540 625 1592 cium
654 1540 718 1591 δδ.
748 1540 815 1593 Ει
849 1554 1064 1601 rursus,
1092 1538 1308 1607 quando
1355 1536 1468 1590 Noe
1497 1536 1818 1599 immolavit,
1844 1536 1920 1589 ait
1950 1550 1962 1586 :
2000 1535 2067 1588 Et

488 1632 737 1686 odoratus
761 1641 833 1685 est
867 1632 1123 1685 Dominus
1150 1631 1289 1685 Deus
1334 1635 1547 1683 odorem
1579 1629 1862 1682 suavitatis
1891 1629 1960 1682 ⁵⁸.
2006 1628 2066 1681 In

2176 437 2515 492 vulneratam
2558 435 2784 498 habent,
2816 435 2885 488 ab
2913 434 2996 487 his
3048 432 3142 502 qui
3167 428 3511 502 ignorantia:
3566 429 3784 484 inﬁrmi-

2175 541 2342 585 tatem
2372 529 2677 598 patiuntur,
2705 527 2844 580 nihil
2893 524 3182 589 differunt,
3212 539 3399 593 usque
3430 522 3578 575 dum
3622 531 3781 575 tumo-

2176 636 2291 674 rem
2345 620 2519 683 illum,
2556 630 2651 674 aut
2710 619 2836 673 vitae
2883 620 3208 687 pravitatem
3258 615 3598 685 detergant.
3654 615 3779 668 Licet

2174 711 2322 764 enim
2356 711 2440 766 eis
2480 719 2613 766 tunc
2639 725 2772 765 sano
2799 709 2900 772 uti,
2948 715 3007 762 et
3036 706 3244 761 mundo
3309 705 3489 760 oculo
3525 706 3775 759 scientia;

2169 799 2366 872 Jugem
2413 803 2652 857 scabiem
2695 804 2973 857 detractor
3032 800 3252 854 habet:
3308 796 3775 867 quemadmodum

2170 892 2319 945 enim
2357 893 2595 962 pessima
2626 892 2838 948 scabies
2861 891 3178 956 demolitur,
3210 890 3287 944 ita
3316 890 3626 943 detractor
3644 888 3774 941 facile

2172 994 2522 1051 provocatur.
2548 983 2903 1054 impetigines
2960 983 3265 1037 fornicator
3303 980 3511 1043 habet,
3572 979 3771 1033 macula:

2171 1074 2322 1128 enim
2353 1085 2560 1144 aperta:
2609 1084 2739 1129 sunt
2797 1072 3346 1145 impetigocorporis.
3408 1070 3770 1137 Quemadmo-

2171 1166 2303 1223 dum
2320 1170 2475 1224 enini
2498 1167 2784 1222 fornicatio
2801 1166 3018 1232 animae,
3044 1176 3098 1221 et
3127 1166 3385 1236 corporis
3420 1166 3595 1219 testis
3612 1165 3767 1221 unius.

2172 1263 2475 1319 secundum
2502 1259 2665 1326 LXX,
2702 1270 2786 1316 est
2825 1261 3017 1316 doctor
3075 1261 3168 1330 qui
3196 1261 3361 1324 dicit,
3403 1268 3469 1313 et
3509 1258 3762 1327 nonagit:

2172 1368 2360 1409 creare
2386 1353 2532 1407 enim
2565 1351 2725 1417 ﬁlios,
2760 1352 2856 1422 qui
2886 1352 3008 1407 talis
3038 1361 3144 1415 est,
3207 1367 3324 1406 non
3371 1360 3600 1421 potest.
3649 1351 3758 1415 Qni-

2167 1460 2390 1516 cunque
2414 1460 2546 1517 ergo
2572 1460 2737 1499 unam
2799 1446 3185 1515 praedictarum
3242 1445 3539 1500 maculam
3602 1443 3756 1505 habet.

2169 1537 2310 1591 dona
2363 1536 2476 1591 Deo
2523 1535 2745 1598 offerre,
2778 1544 2875 1590 aut
2918 1534 3184 1590 sacrificia
3225 1549 3343 1587 non
3378 1543 3603 1603 potest,
3662 1532 3759 1601 quis

2172 1627 2577 1682 immaculatum
2625 1635 2824 1682 esseet
2859 1626 3043 1680 animo
3107 1627 3473 1681 sacerdotem
3515 1634 3753 1694 oportet:

486 1725 752 1793 placemlo
780 1732 958 1777 autem
990 1731 1286 1792 utrumque
1315 1739 1470 1778 sacra
1526 1721 1809 1790 Scriptura
1835 1722 2066 1793 accepit.
2103 1700 2142 1753 Β
2172 1734 2334 1789 quem
2373 1719 2515 1774 sicut
2544 1718 2757 1791 Moyses
2781 1718 3071 1774 duodecim
3093 1717 3327 1773 maculis
3360 1718 3753 1771 mundtlmesse

486 1817 661 1872 Incisa
685 1817 947 1879 auricula,
990 1819 1239 1872 auditum
1268 1817 1335 1871 ad
1366 1815 1800 1870 inobedientiam
1848 1829 2066 1869 secans.

487 1910 882 1964 Contritionem
918 1922 1099 1964 autem
1135 1925 1351 1975 manus,
1387 1918 1442 1963 et
1464 1907 1849 1963 contritionem
1902 1907 2069 1977 pedes

487 2001 688 2055 habent
718 2001 812 2065 illi,
843 2003 911 2055 de
940 2003 1137 2071 quibus
1177 2000 1346 2055 David
1394 1999 1659 2069 psallebat
1685 2017 1698 2052 :
1748 1997 1867 2051 Non
1892 1999 2069 2051 veniat

485 2093 612 2147 mihi
639 2110 728 2163 pes
758 2094 1033 2163 superbiaz,
1063 2103 1112 2147 et
1146 2110 1336 2146 manus
1365 2091 1660 2160 peccatoris
1709 2106 1812 2144 non
1862 2099 2067 2143 moveat

483 2168 567 2234 m’e
594 2181 673 2245 ⁶⁷;
707 2180 1300 2251 videlicetdiripientis,
1344 2182 1459 2234 sive
1515 2178 1774 2233 volantis.
1808 2178 1948 2249 Ergo
1972 2193 2067 2232 su-

483 2270 711 2340 perbum
735 2280 788 2324 et
822 2286 1046 2324 avarum
1068 2286 1163 2339 per
1189 2270 1293 2323 hoc
1321 2268 1597 2339 legislator
1622 2266 1910 2337 signiﬁcat.
1935 2264 2066 2320 Gib-

482 2361 586 2417 bus
610 2373 713 2425 est,
741 2377 906 2432 grave
936 2361 1119 2416 ferens
1166 2370 1515 2430 peccatorum
1556 2360 1790 2429 pondus,
1858 2367 1915 2412 et
1964 2358 2067 2412 hoc

483 2465 594 2505 non
619 2451 830 2518 videns,
859 2451 984 2522 quia
1023 2460 1169 2506 retro
1211 2460 1295 2505 est
1322 2452 1604 2521 gibborum
1643 2449 1926 2520 congeries
1946 2463 2067 2518 quae

482 2544 553 2598 ab
568 2544 648 2598 eis
680 2544 906 2597 minime
926 2543 1190 2597 cernitur.
1224 2543 1301 2597 De
1323 2542 1520 2612 quibus
1554 2541 1609 2594 in
1664 2540 1921 2611 parabnla
1937 2541 2068 2595 dici-

482 2645 594 2699 tur,
622 2651 786 2705 quam
823 2651 916 2690 rex
936 2635 1099 2690 Israel
1123 2647 1314 2698 contra
1347 2651 1528 2706 regem
1584 2634 1755 2705 Syriae
1784 2648 1918 2688 usus
1944 2643 2062 2689 est:

484 2734 625 2799 Quid
653 2742 902 2800 operatur
926 2735 1166 2803 gibbosus
1196 2733 1349 2805 quasi
1394 2732 1606 2786 rectus?

551 2825 774 2897 Lippus,
803 2834 850 2878 et
879 2824 1179 2896 albuginem
1206 2824 1401 2878 habens
1443 2824 1498 2877 in
1541 2823 1708 2877 oculo.
1742 2821 1845 2888 Qui
1879 2822 2065 2876 oculos

478 2919 639 2975 laesos
663 2927 720 2973 et
742 2918 1020 2972 inﬁrmum
1045 2917 1221 2972 visum
1244 2917 1470 2983 habent,
1492 2916 1728 2971 dicimus
1757 2930 1881 2969 esse
1941 2930 2060 2980 eos,

478 3012 569 3083 qui
604 3012 807 3066 habent
837 3010 1055 3080 quidem
1088 3009 1182 3063 Dei
1210 3009 1513 3073 scientiam,
1579 3008 1673 3062 sed
1727 3016 2060 3076 corruptam,

478 3103 671 3174 quales
702 3100 1072 3170 suntqnidam
1113 3098 1206 3167 qui
1239 3097 1497 3151 inﬂantur
1529 3114 1541 3149 :
1580 3099 1647 3152 de
1671 3098 1870 3167 quibus
1929 3097 2066 3152 dixit

478 3198 681 3253 Paulus
710 3214 723 3249 :
754 3196 814 3251 Si
845 3196 962 3267 quis
989 3194 1148 3248 aliter
1169 3195 1335 3257 docet,
1381 3202 1430 3246 et
1460 3208 1560 3245 non
1592 3192 1875 3262 acquiescit
1918 3192 2065 3244 sanis

477 3289 803 3346 sermonibus
843 3287 1053 3341 Domini
1082 3286 1246 3340 nostri
1274 3285 1403 3339 Jesu
1427 3283 1644 3347 Christi,
1679 3293 1727 3337 et
1768 3284 1816 3336 ei
1871 3284 1961 3353 qui
1980 3299 2065 3336 se-

479 3382 706 3436 cundum
732 3381 982 3449 pietatem
1012 3387 1087 3430 est
1109 3377 1382 3440 doctrinae,
1419 3375 1669 3445 superbus
1710 3374 1843 3428 nihil
1871 3375 2061 3440 sciens,

476 3476 567 3529 sed
589 3474 845 3542 languens
867 3472 1005 3524 circa
1039 3470 1347 3539 quwstiones
1379 3478 1425 3521 et
1476 3483 1680 3537 pugnas
1695 3468 1970 3522 verborum
1995 3470 2061 3523 ⁸⁸.

481 3562 575 3618 Vel
608 3562 683 3615 iili
713 3561 1110 3632 intelliguntur,
1141 3559 1232 3629 qui
1263 3559 1549 3614 scientiam
1588 3559 1699 3613 vita
1768 3560 2060 3630 repellunt.

474 3657 703 3728 Snﬂ‘usio
724 3662 928 3717 autem,
951 3652 1094 3723 quod
1121 3651 1310 3721 Aquila
1370 3650 1562 3715 edidit,
1594 3650 1719 3720 quia
1744 3666 1854 3705 non
1884 3653 2064 3706 omni-

476 3751 579 3803 bus
596 3755 765 3817 patet,
798 3746 893 3800 sed
919 3743 1049 3798 solis
1074 3741 1250 3798 doctis
1301 3742 1551 3807 medicis,
1579 3742 1631 3796 in
1656 3750 1871 3797 tumore
1918 3754 2065 3798 recte

475 3839 742 3909 accipitur
783 3854 796 3889 :
826 3851 1006 3905 neque
1029 3835 1175 3889 enim
1201 3834 1269 3889 ab
1295 3834 1550 3888 omnibus
1588 3833 1768 3904 passio
1789 3834 1926 3898 haec,
1967 3835 2064 3890 sed

477 3947 508 3985 a
539 3931 668 3986 solis
691 3929 796 3983 illis
818 3928 909 3997 qui
941 3926 1122 3983 sciunt
1156 3926 1468 3981 discernere
1524 3940 1646 3995 qua:
1705 3924 1775 3980 ad
1823 3926 2060 3980 animam

473 4024 834 4094 pertinerent,
852 4018 1216 4089 cognoscitur.
1243 4017 1710 4084 Quemadmodum
1733 4028 1915 4075 autem
1943 4021 2058 4075 suf-

475 4113 622 4169 fusio
653 4113 832 4169 visum
866 4111 1088 4182 pupilla:
1120 4110 1271 4181 tegit,
1303 4111 1381 4165 sic
1413 4112 1745 4182 arrogantia,
1802 4122 1859 4166 et
1897 4112 2061 4167 elatio

473 4204 804 4259 circumfusa
834 4204 1050 4266 animm,
1077 4203 1366 4256 obscuram
1408 4202 1527 4272 ejus
1567 4203 1852 4258 scientiam
1904 4203 2055 4259 facit.

472 4297 680 4367 Albugo
708 4304 913 4360 autem,
937 4296 993 4348 in
1026 4294 1157 4351 vita.
1184 4302 1240 4347 et
1299 4295 1737 4351 conversationis
1793 4296 2059 4367 pravitate

2170 1811 2453 1881 praeepit,
2502 1819 2583 1866 tot
2626 1826 2724 1866 eas
2773 1814 2919 1865 enim
2976 1810 3226 1866 invenies
3274 1812 3607 1865 secundum
3645 1808 3751 1863 LXI

2168 1904 2573 1967 denumeratas,
2637 1903 2718 1957 sic
2740 1914 2797 1958 et
2855 1902 3055 1957 Paulus
3100 1902 3406 1957 duodecim
3445 1916 3750 1957 conservare

2170 2011 2318 2061 eum,
2350 1996 2442 2064 qui
2471 1995 2844 2050 sacerdotium
2892 1995 3185 2051 sortiturus
3211 2008 3322 2058 est,
3356 1996 3638 2065 praecepit
3690 1996 3753 2050 di-

2166 2103 2301 2143 cens
2367 2104 2382 2141 :
2444 2085 2663 2155 Oportet
2725 2088 3024 2156 episcopum
3066 2088 3604 2157 inreprehensibilem
3647 2104 3748 2149 esse,

2172 2185 2308 2234 sicut
2330 2179 2425 2235 Dei
2451 2182 2866 2249 dispensatorem
2891 2178 2959 2231 °°.
2993 2177 3130 2244 Quis
3166 2188 3355 2233 autem
3414 2180 3750 2250 irreprehea-

2170 2270 2363 2334 sibilis,
2436 2270 2541 2324 nisi
2599 2269 2957 2339 impollutus?
3007 2268 3214 2324 Deinde
3270 2269 3431 2323 unde
3492 2270 3752 2341 colligatur

2176 2362 2726 2433 irreprehensibilem
2757 2377 2884 2417 eum
2923 2376 3066 2427 esse,
3113 2377 3144 2415 a
3201 2361 3473 2431 qualibus
3524 2362 3750 2420 maculis.

2167 2453 2633 2523 antpassionibus
2663 2453 2928 2517 carendo,
2959 2453 3016 2507 in
3056 2452 3545 2522 subsequentibus
3589 2461 3751 2508 osten-

2168 2547 2269 2601 dit.
2312 2544 2435 2599 Non
2464 2546 2766 2615 superbum,
2788 2561 2891 2599 non
2918 2546 3254 2611 iracundum,
3297 2560 3406 2600 non
3424 2546 3749 2605 vinolentus,

2169 2654 2272 2692 non
2295 2654 2679 2708 percussorem,
2711 2653 2812 2691 non
2845 2638 3013 2706 turpis
3048 2637 3180 2690 lucri
3229 2637 3521 2706 cupidum,
3566 2638 3654 2692 sed
3680 2641 3753 2689 tte-

2167 2731 2436 2803 spitalem,
2458 2731 2762 2801 benignum,
2781 2740 3008 2795 castum,
3033 2729 3267 2800 justum,
3289 2741 3577 2797 sanctum,
3604 2731 3749 2783 costi-

2169 2832 2371 2877 nentem
2402 2823 2805 2891 amplectentem
2833 2838 2974 2885 eum,
3013 2821 3103 2891 qui
3140 2822 3444 2876 secundum
3473 2823 3752 2876 doctrinas

2169 2924 2267 2979 est,
2294 2914 2815 2984 ﬁdetemscrmonem
2842 2914 2906 2965 ⁸³.
2965 2912 3262 2967 Duodecim
3298 2928 3435 2984 ergo
3458 2924 3520 2967 et
3538 2914 3656 2984 ipse
3674 2929 3754 2967 cn-

2168 3008 2374 3063 stodire
2400 3007 2739 3062 sacerdotem
2763 3006 2899 3070 vult,
2935 3015 2991 3060 et
3012 3006 3375 3076 quamobrem
3402 3007 3461 3061 ei
3506 3016 3660 3061 tanta
3676 3022 3752 3060 su-

2166 3100 2534 3170 perimponat,
2566 3097 2622 3151 in
2659 3098 3095 3167 praecedentibus
3116 3096 3301 3153 dixit:
3364 3095 3597 3167 Oportet
3635 3099 3753 3151 eain

2165 3191 2463 3259 episcopum
2498 3186 3005 3258 irreprelrensibilem
3032 3202 3160 3252 esse,
3207 3187 3348 3241 sicut
3398 3185 3509 3241 Dei
3563 3187 3751 3255 dispa-

2164 3293 2414 3337 satorem.
2443 3282 2545 3346 Qui
2562 3290 2749 3335 autem
2814 3280 3095 3350 dispensat
3138 3294 3261 3349 quae
3312 3278 3412 3333 Dei
3435 3288 3594 3341 sum.
3634 3292 3750 3348 opus

2168 3374 2330 3428 habet
2357 3388 2475 3438 eos,
2498 3387 2732 3442 quorum
2758 3372 3109 3441 dispensator
3141 3380 3248 3437 est,
3273 3371 3593 3427 virtutibus
3630 3388 3749 3442 pra.

2165 3466 2366 3520 cedere
2400 3482 2415 3518 :
2449 3479 2575 3518 nam
2615 3467 2894 3534 quomodo
2940 3464 3062 3518 illos
3100 3464 3454 3533 dispensare,
3491 3464 3748 3535 quomodo

2166 3557 2457 3626 disponere
2478 3554 2720 3625 poterit?
2739 3553 2880 3619 Quia
2911 3563 3096 3608 autem
3145 3553 3437 3624 legislator
3472 3556 3744 3609 comedere

2164 3650 2234 3703 de
2269 3649 2476 3703 sanctis
2500 3647 2785 3717 praecepit,
2836 3645 3310 3716 unamquamlibet
3372 3648 3742 3716 praedictarum

2168 3740 2502 3796 macularum
2545 3740 2862 3802 habentem,
2904 3738 3048 3793 intra
3070 3737 3253 3792 velum
3273 3746 3469 3792 tamen
3499 3746 3557 3793 et
3576 3739 3740 3801 altare,

2163 3827 2646 3904 corpus'videlicet
2666 3832 2892 3897 Christi,
2928 3831 3190 3886 accedere
3223 3811 3339 3886 nbn
3391 3833 3678 3903 praecepit,
3702 3831 3741 3884 id

2163 3936 2249 3981 est
2278 3925 2609 3980 ministrare.
2631 3924 2724 3979 Sic
2749 3934 2805 3978 et
2832 3924 2936 3979 hoc
2962 3923 3190 3979 forsitan
3210 3925 3269 3979 in
3302 3922 3583 3979 Ecclesiis
3606 3926 3741 3978 inre-

2164 4019 2289 4073 nies
2327 4016 2616 4080 custodiri,
2645 4017 2689 4071 si
2720 4018 2844 4087 quis
2878 4016 3023 4071 enim
3068 4015 3408 4086 approbatus
3470 4016 3645 4071 fuerit
3674 4032 3739 4069 sa-

2162 4109 2471 4176 cerdOtum,
2505 4109 2779 4163 maculam
2808 4107 3070 4163 habuisse
3097 4106 3404 4175 aliquando
3428 4108 3651 4170 anima,
3696 4114 3737 4158 et

2161 4203 2230 4257 ab
2263 4218 2324 4257 ea
2351 4201 2602 4265 cessavit,
2639 4204 2845 4256 sanctis
2899 4200 3120 4270 quidem
3171 4201 3601 4256 communicare
3646 4217 3735 4254 non

2162 4294 2510 4364 prohibetur,
2543 4293 2855 4348 ministrare
2884 4305 3068 4348 autem
3126 4293 3276 4348 hunc
3333 4294 3434 4364 qui
3496 4296 3618 4350 talis
3651 4306 3731 4353 est.

472 4387 761 4456 accipitur,
785 4386 913 4455 quia
974 4384 1232 4439 omnibus
1286 4384 1458 4440 oculis
1512 4394 1700 4457 aperte
1753 4387 1869 4442 haec
1918 4389 2060 4444 inest
2091 4404 2136 4459 ι)
2165 4400 2274 4439 non
2308 4385 2458 4451 licet,
2488 4399 2589 4439 nec
2613 4385 2680 4439 ad
2711 4386 2894 4439 velum
2936 4386 3218 4447 accedere,
3247 4397 3303 4439 et
3357 4389 3430 4442 ad
3461 4390 3655 4451 altare,
3692 4387 3731 4438 id

472 4479 675 4550 passio,
706 4479 849 4533 sicut
873 4487 928 4533 et
947 4478 1072 4532 vita:
1097 4477 1335 4546 pravitas
1376 4478 1542 4533 latere
1569 4495 1676 4532 non
1718 4489 1918 4550 potest,
1937 4498 2058 4553 qua:

472 4571 738 4627 subvertit
769 4568 863 4625 Dei
904 4570 1207 4637 scientiam,
1241 4569 1341 4625 etsi
1391 4569 1591 4625 habere
1627 4586 1687 4626 se
1714 4588 1834 4627 eam
1868 4574 2057 4645 hi,qui

472 4676 639 4732 prave
660 4660 872 4725 vivunt,
892 4660 1210 4732 glorientur.
1244 4660 1445 4717 Paulus
1474 4660 1677 4716 etenim
1701 4662 1767 4717 de
1784 4663 1868 4718 his
1882 4664 2018 4720 dixit
2037 4683 2050 4717 :

450 4754 573 4820 ~Qui
600 4754 981 4824 conﬁtenturse
1009 4772 1158 4810 nosse
1191 4755 1375 4819 Deum,
1406 4754 1559 4826 factis
1578 4766 1755 4810 autem
1774 4768 1966 4829 negant
1984 4759 2051 4813 '9.

469 4846 572 4914 Qui
590 4857 770 4902 autem
827 4863 937 4902 non
987 4846 1186 4903 frustra
1232 4848 1380 4920 lippo
1435 4848 1598 4903 etiam
1650 4865 1766 4915 eos,
1797 4849 1889 4919 qui
1930 4851 2046 4906 haec

470 4942 615 4994 circa
648 4939 932 4994 scientiam
964 4941 1267 5010 patiuntur,
1292 4955 1698 5011 comparamus,
1734 4940 1862 4997 hinc
1916 4958 2048 4998 con-

470 5032 664 5102 iiciens
685 5033 930 5089 invenies
957 5047 1146 5086 eorum
1186 5032 1355 5086 vitam
1387 5033 1481 5102 qui
1529 5032 1889 5089 suﬁusionem
1947 5050 2046 5104 pa-

471 5124 702 5191 tiuntur,
727 5135 820 5179 aut
842 5123 1172 5193 albuginem.
1207 5123 1360 5179 Oculi
1390 5123 1607 5194 quidem
1653 5126 1825 5195 aperti
1876 5142 2043 5196 appa-

471 5222 616 5281 rent,
648 5213 849 5268 similes
879 5224 1060 5268 autem
1087 5224 1236 5279 sunt,
1261 5216 1503 5285 quandiu
1537 5211 1908 5281 inﬁrmantiir,
1939 5235 2048 5274 caa-

472 5305 553 5359 cis
582 5321 596 5359 :
621 5306 716 5359 sed
744 5306 963 5376 quando
992 5307 1185 5361 salvati
1210 5306 1436 5375 fuerint,
1476 5310 1691 5381 purgati
1733 5328 1763 5366 a
1788 5313 2049 5381 praedicta

471 5397 746 5466 passione,
773 5398 853 5452 uti
880 5397 1072 5462 oculis,
1100 5399 1241 5454 sicut
1263 5409 1317 5465 et
1341 5400 1479 5468 sani,
1514 5412 1763 5471 possunt.
1786 5403 1878 5459 Sic
1908 5414 1961 5458 et
1992 5405 2049 5459 hi

542 5596 939 5669 ῩῖΜιιμΙιη-ιιν,
980 5598 1060 5652 Μ.
1148 5600 1195 5656 ἐ
1225 5601 1245 5654 l
1276 5600 1406 5669 Reg.
1432 5618 1581 5665 xxvi,
1619 5602 1705 5659 19.

1792 5605 1837 5635 ⁵⁶
1858 5603 1993 5658 Gen.
2045 5621 2161 5667 vni,
2189 5606 2279 5661 Sil.

2162 4485 2266 4539 est,
2308 4476 2375 4529 ad
2396 4490 2600 4544 corpus
2632 4476 2870 4541 Domini,
2889 4484 2950 4530 ut
2972 4478 3093 4547 ejus
3118 4477 3501 4534 ministerium
3516 4490 3713 4551 pensat

2163 4569 2277 4623 lloc
2293 4567 2441 4622 enim
2471 4569 2653 4622 velum
2683 4579 2739 4623 et
2756 4570 2925 4625 altare
2950 4571 3153 4625 Paulus
3189 4569 3442 4626 llebrzeis
3480 4575 3727 4630 scribens.

2159 4659 2364 4715 docuit.
2389 4659 2654 4715 Habemus
2678 4661 2875 4723 altare.
2905 4662 2971 4716 de
3003 4678 3105 4731 quo
3157 4663 3435 4717 comedere
3496 4681 3603 4719 non
3650 4666 3721 4715 tn-

2157 4753 2273 4806 bent
2298 4762 2609 4821 potestatem
2655 4753 2730 4816 hi,
2759 4753 2850 4822 qui
2881 4752 3218 4807 tabernaculo
3233 4754 3549 4810 deserviunt
3576 4758 3643 4819 “,
3664 4756 3727 4809 vi-

2158 4846 2356 4901 delicet
2384 4845 2653 4900 Dominici
2674 4846 2942 4916 corporis.
2976 4845 3091 4901 Hoc
3124 4847 3274 4901 enim
3299 4846 3516 4903 Judaeis
3530 4862 3731 4921 propter

2155 4938 2591 4994 incredulitatem
2626 4946 2680 4993 et
2710 4938 3033 4994 servitutem
3084 4940 3279 4996 litterae
3308 4942 3389 4995 uti
3436 4957 3555 4996 non
3605 4945 3728 4997 ιιαιι.

2154 5034 2266 5089 lloc
2322 5035 2509 5105 ipsum
2544 5044 2811 5090 autemet
2848 5037 3034 5093 velum
3076 5036 3205 5098 dici,
3249 5037 3320 5092 ab
3379 5036 3498 5107 ipso
3542 5039 3727 5095 disce:

2158 5128 2427 5184 [labentes
2459 5147 2583 5202 ergo
2614 5132 2985 5201 conﬁdentiam
3030 5133 3088 5186 in
3121 5134 3399 5188 introitum
3414 5146 3729 5194 sanctor".

2154 5239 2246 5291 per
2274 5222 2512 5276 velamen
2540 5223 2606 5284 ⁸⁸,
2638 5222 2689 5277 id
2719 5231 2805 5277 est
2825 5238 3044 5278 carnem
3078 5225 3218 5294 ejus.
3266 5224 3349 5279 Ad
3438 5226 3553 5282 hoc
3580 5227 3725 5282 solum

2154 5316 2245 5384 qui
2266 5316 2533 5370 maculam
2558 5316 2719 5372 habet
2742 5317 2961 5383 animae,
2984 5332 3095 5372 non
3115 5319 3439 5390 ingreditur.
3464 5320 3725 5387 Quamob-

2157 5406 2302 5459 rem?
2331 5405 2469 5472 Quia
2490 5408 2757 5461 maculam
2806 5408 3008 5475 habet,
3046 5419 3104 5464 et
3134 5426 3248 5465 non
3278 5410 3448 5467 debet
3471 5411 3727 5469 contami-

2380 5608 2425 5679 ‘f"
2450 5606 2593 5664 Psal.
2630 5624 2791 5677 xxxv,
2825 5608 2917 5665 22.
3005 5610 3095 5668 ³⁸1
3127 5611 3271 5668 Tim.
3312 5630 3393 5679 vr,
3415 5613 3468 5669 3.
3553 5617 3602 5650 ε’
3626 5614 3723 5671 Tit.

475 5679 512 5729 ι,
542 5665 625 5720 l6.
698 5667 740 5696 ⁶⁰
769 5666 953 5721 l'l‘im.
985 5685 1064 5735 ιιι,
1097 5671 1152 5723 ‘2.
1236 5673 1277 5702 ⁶¹
1313 5665 1443 5725 ibid.
1479 5674 1529 5739 5,
1566 5675 1618 5728 ei.
1693 5675 1737 5704 ⁶¹
1773 5674 1934 5731 llebr.
1980 5692 2048 5728 xu

2161 5677 2212 5730 tl.
2293 5677 2336 5707 ⁸³
2362 5675 2525 5733 llebr.
2562 5680 2726 5745 3,19.
