3810 6318
103 296 252 360 1065

1253 300 1277 357 Ι
1287 298 1333 356 N'
1373 295 1814 358 LEVITICUM.
1855 322 1924 332 --
1958 298 2103 356 LIB.
2147 299 2242 361 VI.

3236 307 3374 373 1066

97 428 242 468 nare
273 389 637 466 sanctuai'ium
666 427 864 477 meum,
891 413 1276 467 eontaminatio
1292 413 1435 468 enim
1470 423 1689 468 sancto-
1719 421 1764 475 Α
1793 422 2015 479 cogunt,
2057 425 2112 466 et
2145 422 2340 482 putare
2386 415 2529 484 quod
2557 416 2889 486 superﬂuum
2942 421 3013 474 sit
3065 422 3160 476 Dei
3211 426 3374 479 mini-

95 518 250 568 rum,
283 515 446 572 atque
483 503 678 572 injuria
708 514 808 568 est,
831 505 963 558 tales
992 505 1060 558 ad
1100 505 1465 559 ministerium
1482 505 1688 566 oﬂ'erri,

99 591 157 647 in
178 594 382 662 quibus
405 593 630 648 offendit
654 596 906 664 populus,
938 601 993 650 et
1021 595 1110 665 qui
1146 605 1482 666 cognoscunt
1502 611 1692 650 eorum

95 686 368 750 maculas,
392 685 850 740 scandalizentur.
893 686 1119 756 Propter
1147 687 1293 756 quod
1332 695 1388 741 et
1418 686 1618 741 Paulus
1646 686 1692 717 “

95 776 478 831 testimonium
511 778 716 832 bonum
756 779 980 842 habere,
1011 780 1081 832 ab
1130 780 1215 833 his
1257 778 1349 847 qui
1394 777 1524 832 foris
1541 787 1686 842 sunt,

93 869 444 923 sacerdotem
494 869 630 924 vult.
686 869 796 924 Lex
840 880 1020 924 autem
1067 870 1423 934 conﬁrmavit,
1466 884 1531 924 ea
1569 885 1690 939 quae

91 959 244 1013 dicta
269 967 422 1025 sunt,
451 975 517 1015 ex
536 976 604 1014 eo
624 961 767 1030 quod
799 962 933 1016 dixit
967 979 980 1014 :

162 1050 284 1119 Ego
341 1052 597 1106 Dominus
663 1053 752 1122 qui
795 1053 1068 1121 sanctiﬁco
1096 1063 1204 1106 vos.
1245 1052 1538 1128 Egoquis?
1593 1053 1688 1122 qui

91 1142 362 1210 praecipio
387 1151 444 1196 et
478 1144 696 1197 mando.
735 1143 964 1215 Perfeeti
1017 1153 1196 1208 estote,
1245 1145 1689 1213 quemadmodum

88 1240 143 1283 et
167 1230 343 1284 Pater
367 1241 534 1284 uester
568 1231 787 1286 caelestis
813 1233 1073 1302 perfectus
1110 1241 1187 1285 est
1213 1233 1278 1283 “5.
1320 1233 1381 1283 ln
1401 1247 1509 1300 quo
1539 1232 1687 1285 enim

89 1321 318 1375 macula
347 1321 597 1376 licetuna
626 1322 1014 1392 prmdict-arum
1049 1329 1154 1384 est,
1185 1321 1272 1375 hic
1301 1337 1410 1375 non
1443 1330 1527 1374 est
1559 1335 1688 1390 per-

88 1412 298 1468 lectus.

168 1503 344 1558 Vens.
373 1504 464 1558 24.
495 1522 514 1554 ί
548 1505 786 1558 Locutus
805 1512 889 1558 est
921 1519 1048 1574 ergo
1087 1506 1300 1575 Moyses
1329 1504 1394 1558 ad
1422 1504 1601 1557 Aaron
1631 1514 1688 1557 et

92 1593 240 1648 ﬁlios
263 1595 408 1664 ejus,
433 1602 488 1649 et
516 1595 584 1650 ad
613 1610 829 1649 omnem
877 1595 1041 1649 Israel
1074 1606 1268 1649 cuncta
1289 1610 1411 1663 quae
1437 1594 1538 1649 sibi
1567 1594 1685 1648 fue-

90 1694 224 1739 rant
254 1685 540 1754 imperata.
579 1703 598 1736 ι

1796 503 2044 567 sterium,
2071 513 2126 557 et
2146 504 2379 574 justitia,
2406 515 2461 560 et
2475 506 3051 576 judicium.Quantum
3067 515 3372 581 veroDeus,

1794 593 1908 648 sive
1938 595 2214 658 sacerdos,
2239 595 2355 651 sive
2382 596 2475 649 ﬁlii
2508 598 2648 667 ejus,
2681 601 2735 654 id
2761 609 2846 655 est
2867 602 3123 672 discipuli
3167 621 3366 674 pecca-
3445 633 3449 636 -

1793 681 1973 736 verint
2001 682 2053 735 in
2082 693 2291 748 sancta,
2317 685 2602 751 irascatur,
2644 691 2943 744 ostendunt
2997 706 3061 745 ea
3082 709 3203 762 qua:
3256 695 3375 748 Heli

1791 781 1846 826 et
1868 772 1993 827 ﬁliis
2020 774 2140 842 ejus
2198 774 2568 846 contigerunt.
2602 775 2894 847 Propterea
2927 780 3167 834 subdidit
3204 800 3218 835 :
3260 783 3374 850 Ego

1787 863 2069 929 Dominus,
2095 866 2235 919 dices
2265 869 2335 920 ad
2357 883 2462 920 eos.
2499 867 2609 938 Ego
2639 867 2922 929 Dominus.
2951 871 3044 940 qui
3075 871 3376 926 irascorvi-

1789 955 2006 1020 delicat,
2039 957 2356 1012 etvindico.
2389 957 2532 1024 Quid
2554 967 2738 1013 autem
2770 960 2953 1014 dixit?

1863 1041 2024 1098 Dices.
2050 1044 2120 1096 ad
2152 1060 2236 1097 eos
2266 1054 2314 1098 et
2343 1054 2572 1114 posteros
2602 1062 2781 1100 eorum
2800 1063 2818 1099 :
2853 1046 3038 1101 Omnis
3085 1050 3255 1113 homo,
3284 1051 3375 1119 qui

1789 1137 2062 1190 accesserit
2103 1139 2167 1191 de
2212 1139 2373 1208 stirpe
2427 1147 2619 1203 uestra,
2675 1140 2747 1192 ad
2786 1155 2850 1192 ea
2902 1155 3020 1208 qua:
3067 1149 3373 1194 consecrata

1787 1237 1928 1290 sunt,
1987 1236 2036 1280 et
2085 1244 2203 1298 qua.-
2265 1228 2562 1282 obtulerunt
2584 1230 2683 1298 ﬁlii
2707 1229 2878 1283 Israel
2906 1230 3150 1294 Domino,
3179 1232 3238 1284 in
3271 1247 3374 1299 quo

1788 1325 1862 1370 est
1911 1318 2269 1382 immunditia,
2325 1319 2518 1386 peribit
2569 1336 2750 1373 coram
2815 1321 3058 1375 Domino.
3111 1321 3226 1391 Ego
3255 1337 3371 1374 sum

1791 1407 2063 1461 Dominus.
2125 1407 2366 1462 Primum
2423 1409 2648 1478 quidem
2716 1397 2944 1464 seminis
3018 1411 3375 1465 sacerdotalis

1785 1499 2108 1551 memoriam
2148 1497 2379 1564 faciens,
2429 1510 2620 1570 aperte
2670 1501 2804 1556 illud
2851 1499 3200 1570 signiﬁcavit,
3247 1505 3376 1571 quia

1785 1603 1894 1642 non
1949 1590 2125 1644 solum
2183 1591 2565 1657 sacerdotem,
2613 1593 2711 1649 sed
2761 1607 2981 1648 omnem
3060 1600 3376 1647 sanctorum

1784 1681 2119 1747 ministrum,
2147 1683 2312 1737 etiam
2353 1685 2398 1738 si
2434 1694 2639 1739 sortem
2693 1685 2748 1738 in
2779 1685 2860 1740 eis
2892 1685 3141 1739 ultimam
3177 1685 3376 1738 habent

169 1777 311 1840 Qua:
348 1778 743 1846 sunthaecqure
770 1777 983 1832 locutus
1030 1777 1146 1831 est?
1171 1777 1246 1830 Ea
1276 1777 1523 1831 videlicet
1563 1791 1684 1844 quae
1717 1759 1758 1814 Β
1785 1780 1842 1825 ct
1901 1775 2280 1840 novissimam,
2333 1786 2662 1845 praesentem
2685 1777 2876 1846 jubeat
2901 1778 3244 1832 sanctionem
3271 1794 3374 1832 cu-

96 1868 366 1936 predicta
392 1875 538 1934 sunt,
573 1883 695 1936 qua:
713 1868 854 1921 Deus
903 1867 1119 1937 quidem
1145 1868 1211 1922 ad
1231 1867 1447 1938 Moysen
1471 1867 1684 1920 locutus

93 1971 206 2024 est,
228 1959 442 2029 Moyses
495 1968 678 2013 autem
722 1958 926 2024 Aaron,
953 1967 1008 2012 et
1031 1958 1154 2012 ﬁliis
1175 1958 1314 2027 ejus,
1355 1967 1411 2011 et
1459 1955 1679 2026 populo,

89 2052 246 2105 sicut
270 2050 567 2105 ostendunt
595 2065 658 2104 ea
703 2065 824 2119 qua:
853 2065 1001 2104 nunc
1049 2050 1188 2104 lecta
1219 2058 1366 2112 sunt,
1408 2047 1631 2101 tradidit
1668 2063 1680 2098 :

95 2157 212 2195 non
237 2140 441 2195 frustra
475 2141 592 2196 haec
621 2141 738 2210 lege
761 2140 1150 2210 distinguente,
1182 2137 1278 2191 sed
1328 2144 1388 2189 ut
1439 2135 1686 2206 Moyseos

93 2233 878 2303 dignitatem-commendaret,
907 2241 962 2287 et
987 2231 1303 2286 ostenderet
1329 2239 1536 2298 aperte,
1556 2227 1685 2297 quia

93 2325 220 2377 aliis
251 2325 475 2393 quidem
501 2340 693 2393 pauca,
723 2324 825 2394 ipsi
857 2340 986 2379 vero
1010 2322 1194 2378 omnia
1211 2319 1354 2376 Deus
1368 2322 1686 2390 loqueretur

92 2422 328 2482 propter
355 2413 475 2480 ejus
511 2411 795 2480 justitiam,
828 2420 883 2465 et
933 2410 1220 2479 imaginem
1259 2423 1422 2478 quam
1467 2405 1686 2476 gerebat

94 2504 332 2558 Christi.
362 2503 624 2557 Similiter
655 2511 712 2557 et
748 2518 849 2558 nos
887 2503 1091 2557 docens
1113 2501 1315 2555 habere
1332 2505 1595 2558 mentem,
1616 2496 1685 2550 ad

93 2609 444 2666 quaecunque
465 2594 699 2663 majores
728 2602 782 2648 et
810 2593 1162 2663 perfectiores
1189 2588 1442 2654 dixerint,
1503 2586 1684 2643 scien-

95 2699 183 2743 tes
214 2727 232 2756 ,
316 2687 441 2756 quia
519 2687 777 2742 continue
856 2685 958 2754 ipsi
1041 2699 1278 2754 snperna
1365 2680 1686 2752 operatione

96 2781 386 2836 fruuntur.

713 2868 941 2924 CAPUT
966 2869 1133 2924 XX".

172 2965 342 3019 Vens.
364 2965 470 3018 1-3.
512 2983 530 3014 ‹
565 2962 803 3019 Locutus
818 2977 1033 3032 quoque
1060 2969 1146 3016 est
1167 2959 1430 3015 Dominus
1451 2960 1518 3015 ad
1535 2930 1689 3030 Moy;

97 3071 222 3120 sen,
262 3057 491 3110 dicens:
525 3055 773 3124 Loquere
825 3055 893 3109 ad
935 3055 1136 3116 Aaron,
1175 3061 1231 3108 et
1254 3053 1322 3107 ad
1352 3052 1491 3107 ﬁlios
1539 3053 1680 3122 ejus,
1711 3091 1754 3149 Β

97 3159 161 3204 ut
189 3155 424 3202 caveant
477 3147 546 3200 ab
604 3145 689 3200 his
712 3161 833 3215 quae
880 3153 1199 3200 consecrata
1265 3150 1394 3197 sunt
1448 3142 1684 3196 ﬁliorum

97 3241 296 3304 Israel,
321 3248 375 3293 et
412 3254 523 3292 non
561 3237 936 3292 contaminent
979 3249 1180 3290 nomen
1223 3232 1686 3288 sanctiﬁcatorum

97 3335 259 3397 mihi,
290 3350 412 3404 qua:
437 3334 538 3402 ipsi
567 3333 822 3387 offerunt.
859 3329 969 3399 Ego
1015 3327 1293 3381 Dominus.
1346 3323 1442 3377 Dic
1469 3323 1536 3377 ad
1568 3338 1685 3384 eos,

99 3435 156 3481 et
180 3428 248 3480 ad
281 3435 528 3496 posteros
556 3440 744 3479 eorum
775 3442 790 3477 :
827 3421 1017 3477 Omnis
1056 3420 1223 3472 homo
1243 3417 1332 3485 qni
1395 3412 1689 3470 accesserit

99 3520 168 3574 de
189 3519 364 3588 stirpe
396 3525 596 3578 vestra,
625 3517 692 3570 ad
725 3530 788 3570 ea
817 3529 938 3583 quae
963 3518 1280 3566 consecrata
1311 3515 1458 3570 sunt,
1498 3512 1554 3560 et
1569 3520 1689 3575 qum

98 3614 421 3667 obtulerunt
453 3610 546 3663 ﬁlii
575 3609 741 3662 Israel
773 3606 1018 3666 Domino,
1065 3603 1119 3656 in
1169 3616 1280 3670 quo
1325 3607 1412 3653 est
1447 3599 1689 3651 immun-

98 3703 262 3766 ditia,
304 3698 505 3769 peribit
531 3713 715 3752 coram
755 3696 1002 3750 Domino.
1032 3692 1142 3763 Ego
1173 3707 1293 3745 sum
1341 3689 1622 3742 Dominus.
1665 3704 1684 3736 ι

177 3791 319 3846 Nam
371 3789 764 3858 qualiscunque
805 3785 1040 3855 dignitas
1083 3780 1372 3836 sacerdotii
1395 3788 1498 3839 est.
1559 3777 1689 3833 huic

0 3867 2 3870 ’
100 3881 253 3936 enim
276 3890 425 3934 sorte
447 3880 631 3933 datum
663 3886 764 3942 est,
799 3885 860 3931 ut
886 3875 1148 3930 mediator
1175 3875 1247 3927 sit
1277 3873 1420 3926 inter
1445 3869 1613 3924 Deum
1631 3877 1690 3923 et

101 3969 379 4024 homines.
407 3968 472 4022 Et
500 3984 598 4037 per
623 3969 766 4022 hanc
807 3980 978 4036 genus
1018 3972 1264 4018 nostrum
1314 3959 1558 4016 Creatori
1597 3975 1688 4013 re-

100 4058 449 4122 conciliatur,
483 4059 540 4111 in
570 4057 752 4128 lingua
775 4053 1116 4110 sacerdotum
1151 4067 1324 4106 nexus
1356 4048 1690 4106 etabsolutio

101 4158 420 4206 nostrorum
449 4155 793 4218 peccatorum
823 4145 1090 4202 consistit.
1109 4142 1360 4198 Ostendit
1380 4150 1562 4196 autem
1580 4138 1693 4193 Ma-

0 4313 2 4316 ι
100 4242 314 4297 lachias
339 4247 558 4309 quantae
583 4237 866 4308 dignitatis
887 4237 958 4290 sit
973 4234 1250 4296 sacerdos,
1284 4241 1341 4287 et
1367 4231 1592 4302 quaaab
1623 4246 1690 4286 eo

0 4329 4 4344 ’
100 4340 392 4404 oporteant
417 4329 746 4400 exspectari.
774 4327 912 4394 Qnia
939 4326 1133 4387 Labia,
1173 4324 1370 4394 inquit,
1401 4323 1690 4378 sacerdotis

1785 1863 2011 1918 stodirc.
2073 1865 2271 1921 Dicens
2329 1876 2534 1934 autem,
2588 1870 2653 1921 de
2695 1871 2858 1938 stirpe
2889 1880 3080 1935 vestra,
3133 1871 3376 1925 ostendit

1785 1954 1931 2021 quod
1980 1971 2198 2024 semper
2226 1959 2507 2012 custodire
2552 1959 2655 2012 hoc
2705 1969 2956 2029 oporteat
2988 1971 3324 2031 praeceptum
3355 1981 3370 2014 :

1786 2054 1846 2099 ut
1892 2048 1987 2116 qui
2039 2049 2432 2104 immunditiam
2476 2055 2532 2106 in
2560 2053 2836 2123 semetipso
2865 2053 3016 2106 habet
3048 2055 3263 2119 animw,
3295 2054 3377 2108 sic

1785 2136 1931 2191 enim
1959 2136 2098 2193 LXX
2129 2139 2320 2204 edunt,
2349 2157 2460 2196 non
2500 2143 2678 2198 solum
2727 2143 3034 2197 ministerio
3059 2152 3114 2196 et
3147 2146 3376 2214 mystico

1785 2225 1962 2282 olIicio
1993 2243 2052 2282 se
2095 2228 2390 2296 abstineat,
2433 2233 2528 2286 sed
2562 2248 2665 2287 nec
2702 2241 2888 2303 tangat
2934 2248 2997 2286 ca
3035 2249 3155 2302 qurc
3191 2234 3374 2288 oblata

1786 2326 1936 2382 sunt,
1971 2333 2151 2387 neque
2184 2320 2253 2374 de
2279 2321 2362 2375 eis
2388 2331 2570 2376 sumat
2598 2341 2610 2376 :
2667 2325 2903 2378 mundus
2929 2324 3075 2378 enim
3109 2325 3176 2380 ad
3208 2340 3373 2379 mun-

1785 2408 1854 2462 da
1883 2409 2050 2464 debet
2081 2411 2369 2466 accedere.
2401 2412 2458 2467 Si
2501 2415 2624 2482 quis
2652 2424 2834 2468 autem
2878 2429 2989 2468 non
3027 2415 3106 2469 sic
3137 2417 3369 2482 accedit,

1787 2501 1986 2569 peribit
2011 2518 2197 2557 coram
2235 2504 2488 2571 Domino,
2517 2521 2843 2577 semperque
2868 2508 3016 2561 hunc
3043 2508 3188 2562 Deus
3218 2524 3373 2562 avcr-

1787 2601 1960 2658 satur,
2007 2596 2159 2651 etab
2209 2597 2360 2652 omni
2409 2599 2627 2668 repellit
2655 2600 3078 2669 participatione
3135 2611 3193 2656 et
3216 2617 3368 2656 com»

1786 2686 2046 2741 munione
2079 2688 2326 2757 spiritus.
2359 2688 2473 2744 Hoc
2507 2700 2692 2745 autem
2726 2692 2989 2745 aversatio
3025 2693 3246 2762 proprie
3279 2694 3372 2748 hic

1787 2774 2125 2848 intelligitur,
2164 2778 2312 2847 quod
2342 2778 2484 2832 LXX
2508 2779 2721 2845 dicunt,
2755 2781 2936 2849 perire
2966 2796 3150 2836 coram
3181 2782 3369 2837 Domi-

1787 2884 1882 2934 no,
1907 2877 2046 2924 teste
2081 2869 2273 2935 David,
2310 2871 2404 2941 qui
2436 2873 2550 2925 ait:
2586 2872 2706 2925 Non
2753 2881 2965 2926 avertas
3009 2875 3199 2944 faciem
3222 2884 3372 2928 tuam

1788 2978 1820 3015 a
1847 2978 1948 3028 me,
1977 2972 2026 3016 et
2068 2961 2330 3032 Spiritum
2353 2974 2596 3018 sanctum
2631 2974 2780 3019 tuum
2801 2981 2866 3020 ne
2898 2967 3116 3036 auferas
3137 2983 3170 3018 a
3199 2983 3281 3020 me
3303 2969 3368 3021 ⁶⁷.

1787 3056 1848 3111 In
1876 3057 1962 3112 his
1994 3067 2177 3112 autem
2207 3074 2334 3113 vera
2364 3060 2564 3114 animae
2591 3059 2848 3130 perditio,
2889 3060 3007 3113 sive
3036 3058 3370 3113 extermina-

1787 3146 1863 3200 tio
1889 3155 1992 3211 est,
2026 3147 2079 3201 id
2108 3157 2195 3202 est
2237 3148 2346 3211 illa,
2397 3150 2466 3204 de
2503 3165 2608 3219 qua
2646 3149 2915 3204 Dominus
2958 3149 3015 3203 in
3064 3149 3375 3220 Evangeliis

1789 3237 2004 3294 dicebat
2029 3257 2042 3293 :
2070 3241 2263 3294 Timete
2285 3257 2424 3304 eum,
2465 3243 2555 3310 qui
2591 3248 2759 3309 potest
2791 3250 2840 3294 et
2883 3241 3122 3294 animam
3164 3249 3213 3294 et
3255 3256 3376 3293 cor-

1785 3344 1882 3397 pus
1907 3332 2117 3399 perdere
2144 3333 2200 3384 in
2227 3332 2459 3402 gehenna
2481 3331 2545 3386 ⁶⁸.
2589 3331 2732 3401 Ergo
2786 3346 2896 3386 non
2938 3331 3143 3386 frustra
3179 3331 3376 3386 subdi-

1789 3419 1908 3473 dit:
1944 3419 2055 3489 Ego
2094 3421 2365 3473 Dominus.
2409 3419 2517 3473 Sed
2565 3418 2884 3481 ostendens,
2935 3420 3063 3488 quia
3115 3421 3209 3488 qui
3253 3420 3375 3474 haec

1791 3510 1958 3573 dicit,
2018 3511 2136 3580 ipse
2197 3519 2284 3565 est
2339 3509 2432 3578 qui
2487 3510 2640 3565 solus
2688 3511 2928 3565 animam
2982 3513 3212 3580 perdere
3269 3524 3373 3581 po-

1793 3609 1922 3656 test.

1867 3688 2028 3746 Vens.
2059 3691 2178 3747 4—8.
2219 3710 2240 3743 ι
2282 3690 2460 3746 Homo
2513 3690 2582 3745 de
2611 3689 2823 3744 semine
2846 3689 3050 3752 Aaron,
3085 3688 3177 3757 qui
3208 3687 3375 3744 fuerit

1790 3784 2061 3852 leprosos,
2095 3789 2190 3835 aut
2217 3781 2434 3851 patiens
2459 3779 2665 3834 ﬂuxum
2699 3779 2946 3842 seminis,
2980 3794 3091 3833 non
3122 3788 3375 3833 vescetur

1791 3873 1858 3927 de
1897 3872 1982 3927 his
2014 3885 2136 3940 quae
2174 3870 2511 3925 sanctiﬁcata
2542 3877 2673 3925 sunt
2712 3869 2871 3934 mihi,
2920 3871 3096 3926 donec
3123 3877 3371 3927 sanetur.

1791 3962 1894 4028 Qui
1943 3963 2182 4033 tetigerit
2213 3962 2556 4016 immundum
2587 3976 2754 4030 super
2789 3969 3031 4029 mortuo,
3079 3971 3136 4016 et
3163 3978 3228 4018 ex
3264 3979 3375 4032 quo

1791 4053 2101 4122 egredietur
2129 4067 2314 4108 semen
2352 4052 2507 4122 quasi
2532 4052 2732 4116 coitus,
2754 4060 2811 4106 et
2835 4053 2928 4122 qui
2960 4054 3133 4124 tangit
3155 4053 3372 4122 reptile,

1792 4153 1849 4199 et
1879 4144 2160 4212 quodlibet
2203 4144 2546 4198 immundum
2575 4143 2735 4212 cujus
2773 4152 2951 4198 tactus
2974 4154 3057 4199 est
3094 4145 3371 4212 sordidus,

1791 4235 2106 4290 immundus
2143 4235 2250 4289 erit
2286 4249 2458 4303 usque
2506 4233 2573 4288 ad
2609 4249 2922 4304 vesperum,
2957 4244 3014 4290 et
3046 4251 3154 4290 non
3186 4251 3374 4292 vesce-

1795 4333 1882 4378 tur
1909 4325 1977 4378 de
2010 4325 2098 4378 his
2135 4339 2257 4393 quae
2310 4323 2651 4378 sanctiﬁcata
2680 4332 2828 4378 sunt.
2878 4324 2985 4379 Sed
3013 4340 3137 4379 cum
3178 4326 3376 4380 laverit

102 4425 403 4478 custodiunt
431 4420 727 4477 scientiam,
752 4427 799 4470 et
833 4417 996 4487 legem
1027 4415 1308 4485 exquirunt
1339 4429 1402 4466 ea:
1423 4428 1514 4465 ore
1539 4412 1677 4481 ejus,
1719 4420 1762 4475 1)
1791 4431 2014 4474 carnem
2049 4432 2203 4471 suam
2237 4432 2396 4486 aqua,
2433 4425 2488 4471 et
2513 4418 2839 4472 occubuerit
2881 4420 2983 4484 sol,
3042 4429 3174 4474 tunc
3213 4437 3372 4475 mun.

103 4516 228 4583 quia
251 4513 473 4585 angelus
503 4511 713 4564 Domini
772 4510 1098 4562 exercituum
1153 4515 1227 4560 est
1267 4505 1332 4561 ⁵³.
1395 4503 1689 4586 Propterea

0 4597 5 4628 ⁵
103 4622 226 4660 ειιιιι
250 4608 339 4660 his
356 4620 475 4674 quae
503 4611 628 4657 ante
645 4600 852 4656 sancita
884 4605 1012 4652 sunt
1028 4597 1095 4652 de
1112 4594 1507 4659 sacerdotibus,
1524 4593 1690 4647 etiam

108 4700 223 4754 haec
244 4697 530 4768 praecepit.

175 4789 413 4844 Caveant
442 4788 506 4840 ab
531 4789 608 4840 his
621 4803 738 4858 qum
762 4794 1066 4839 consecrata
1088 4791 1210 4838 sunt
1244 4781 1479 4850 filiorum
1497 4780 1686 4837 Israel.

0 4877 4 4902 τ
105 4889 154 4933 et
184 4895 284 4933 non
305 4879 660 4947 contaminent
698 4893 884 4931 nomen
911 4875 1366 4947 sancti/Scotorum
1393 4873 1540 4935 mihi,
1574 4887 1691 4941 qua-3

106 4970 206 5037 ipsi
231 4972 474 5040 offerunt.
503 4969 558 5021 Si
595 4977 778 5022 autem
811 4966 898 5022 isti
950 4964 1416 5025 abominabiliter,
1445 4971 1502 5016 et
1539 4963 1689 5017 inor-

109 5061 311 5126 dinate,
340 5073 394 5115 et
415 5070 567 5118 extra
585 5075 803 5114 onmem
877 5057 1292 5126 religiositatem
1317 5051 1504 5122 populi
1533 5053 1689 5108 obla-

111 5149 373 5214 tionibus,
405 5161 461 5204 et
489 5151 576 5204 his
602 5166 725 5219 quae
748 5162 1078 5219 quocunque
1133 5143 1298 5199 modo
1353 5141 1685 5199 sanctiﬁcata

113 5237 432 5303 oﬂ‘eruntur,
473 5241 850 5296 contaminant
896 5253 1096 5294 nomen
1157 5234 1622 5291 sanctiﬁcatorum
1669 5254 1682 5289 :

110 5329 227 5386 sive
253 5331 552 5386 secundum
584 5331 741 5393 LXX,
788 5347 975 5384 nomen
1021 5338 1265 5382 sanctum
1314 5327 1408 5382 Dei
1445 5327 1682 5397 primum

116 5419 329 5487 quidem
363 5422 558 5490 ipsum,
596 5421 766 5489 utqui
801 5435 896 5474 eos
953 5421 1089 5474 tales
1153 5419 1377 5488 elegerit
1425 5417 1681 5487 blasphe-

115 5523 265 5566 tnare
287 5510 466 5578 faciet,
492 5512 686 5566 deinde
709 5521 762 5567 et
812 5512 1066 5582 populum
1097 5509 1374 5566 offendere
1401 5511 1456 5563 in
1475 5509 1679 5564 sanctis

1792 4508 1952 4564 datus
1975 4516 2226 4562 vescetur
2254 4507 2323 4562 de
2345 4507 2719 4571 sanctiﬁcatis,
2750 4509 2878 4576 quia
2899 4509 3055 4564 cibus
3093 4511 3240 4566 illius
3263 4521 3369 4567 est.

1791 4597 2134 4654 Merticinum
2166 4606 2222 4653 et
2242 4607 2458 4668 captum
2496 4614 2526 4652 a
2561 4599 2732 4653 bestia
2764 4615 2875 4653 non
2922 4602 3232 4665 comedent,
3270 4619 3374 4657 nec

1792 4692 2104 4760 polluentur
2131 4691 2187 4744 in
2215 4691 2316 4744 eis.
2355 4692 2467 4760 Ego
2501 4705 2622 4745 sum
2659 4691 2943 4745 Dominus.
2994 4711 3013 4744 ι

1863 4785 2034 4853 Cujus
2088 4783 2309 4850 quidem
2368 4783 2619 4851 leprosus
2663 4781 3160 4849 signiﬁcationem,
3216 4785 3374 4852 cujus

1792 4878 1976 4925 autem
2030 4870 2258 4924 seminis
2313 4867 2518 4923 ﬂuxum
2561 4867 2776 4936 patiens
2824 4876 2998 4937 gerat,
3027 4871 3124 4925 sed
3158 4878 3215 4923 et
3245 4873 3372 4940 quis

1793 4963 1995 5018 ﬂuxum
2057 4960 2286 5013 seminis
2327 4973 2426 5029 per
2468 4958 2740 5013 somnium
2790 4958 3050 5028 patiatur,
3083 4971 3139 5016 et
3164 4963 3374 5031 polluat

1794 5069 1942 5115 eum,
1975 5053 2044 5107 de
2079 5067 2188 5119 quo
2215 5051 2352 5125 Quit,
2393 5050 2520 5120 quis
2546 5050 2618 5104 sit
2657 5049 2751 5120 qui
2782 5059 3012 5122 tangens
3048 5055 3240 5123 reptile
3264 5055 3370 5108 im-

1795 5142 2058 5198 mundum
2092 5141 2378 5212 polluitur,
2418 5139 2610 5195 'omnia
2659 5141 2818 5196 nobis
2849 5150 2905 5196 et
2942 5145 3241 5218 secundum
3276 5138 3380 5202 or;

1792 5235 1975 5290 dinem
2009 5235 2283 5305 superius.
2313 5235 2364 5287 in
2397 5233 2483 5288 his
2500 5249 2622 5302 qua:
2651 5233 2718 5288 ad
2752 5233 2868 5289 haec
2890 5235 3190 5303 pertinent,
3225 5237 3366 5293 dicta

1792 5334 1942 5380 sunt.
1988 5325 2280 5381 Praesentis
2310 5335 2491 5380 autem
2533 5324 2668 5395 legis
2698 5325 2936 5379 intentio
2971 5341 3100 5382 vere
3125 5327 3364 5382 admira-

1789 5416 1931 5482 bilis,
1973 5426 2029 5471 et
2067 5417 2318 5472 ﬁdelibus
2357 5416 2504 5470 omni
2557 5417 2804 5472 custodia
2831 5417 2992 5488 digna
3028 5428 3133 5474 est.
3169 5419 3368 5475 Come-

1787 5509 1918 5562 dere
1951 5509 2097 5562 enim
2131 5517 2318 5563 sancta
2354 5509 2589 5578 pollutis
2619 5525 2792 5578 usque
2833 5508 2961 5563 dum
2999 5509 3362 5583 mundentur,

181 5681 225 5712 ⁸⁸
248 5683 272 5746 Ι
292 5687 431 5744 Tim.
458 5705 540 5754 ιιι,
562 5689 614 5742 '2'.
691 5690 734 5720 ⁸⁵
759 5687 947 5742 Matth.
968 5703 1020 5750 v,
1054 5686 1144 5740 48.
1203 5687 1248 5717 ⁸⁸
1278 5683 1508 5740 Malach.
1532 5699 1594 5746 ιι,
1625 5681 1676 5738 Ἰ.

1840 5681 1980 5738 Psal.
2020 5701 2073 5750 L,
2105 5684 2190 5738 15.
2267 5684 2310 5715 ⁵⁸
2341 5682 2532 5762 Matth.
2555 5701 2606 5753 κ,
2637 5685 2726 5740 23.

489 5785 762 5845 Ρλτιιοι...
804 5782 922 5860 Ωιι,
968 5781 1187 5843 XCIII.

2932 5774 3008 5835 34
