3810 6318
459 252 597 315 ιῙΟϋΊ

1668 246 2031 309 llESYCHII
2078 245 2554 306 PRESBYTERI

3619 245 3759 309 ῙωΒ

460 383 568 422 non
624 370 758 432 vult,
803 368 898 423 sed
952 346 1053 421 nec
1092 366 1317 420 omnino
1350 380 1444 418 eos
1497 380 1594 433 per
1641 363 2035 418 abstinentiam
2069 367 2113 424 Α
2145 363 2326 432 prosis
2372 362 2517 416 dicta
2558 369 2709 426 sunt,
2761 370 2818 416 et
2866 360 3093 416 seminis
3126 337 3334 416 (luxurii
3367 360 3753 429 patientibus,

455 460 771 530 prohibere.
807 458 1113 529 Propterea-
1132 473 1282 520 eunt,
1316 458 1405 526 qui
1435 471 1543 511 uno
1562 456 1811 525 quolibet
1840 457 2034 511 horum

454 553 697 621 pollutus
727 560 830 613 est,
865 552 955 606 hic
978 550 1321 604 enumeravit
1350 549 1689 603 immundum
1720 563 1843 603 esse
1866 562 2038 616 usque

456 644 523 698 ad
548 658 858 713 vesperum.
893 644 1080 697 dicens
1105 659 1118 694 :

439 769 447 785 .
526 734 647 788 Non
700 742 930 788 vescetur
957 733 1022 786 de
1052 732 1154 792 his.
1200 728 1321 802 (μιιὲ
1367 733 1699 801 sanctiﬁcata
1733 742 1886 787 sunt:
1946 734 2036 786 sed

455 838 575 875 cum
616 822 802 875 laverit
855 836 1067 873 carnem
1107 836 1264 873 suam
1294 836 1461 886 aqua,
1498 829 1548 874 et
1578 822 1879 875 occubuerit
1931 821 2032 875 sol.

454 913 755 983 Vesperum
803 920 859 966 et
906 926 1160 966 occasum
1192 912 1347 977 solis,
1382 912 1768 983 paenitentiam
1794 929 1810 978 ;
1837 927 2033 981 aquam

450 1023 586 1061 vero
612 1020 719 1075 qua
750 1015 869 1058 eam
901 1004 1067 1067 lavet,
1101 1004 1396 1074 lacrymam
1425 1004 1617 1059 dicens
1643 1022 1656 1057 :
1704 1005 1775 1059 de
1808 1021 1915 1074 qua
1949 1004 2036 1058 di-

450 1097 530 1150 xit
564 1094 729 1149 David
761 1113 771 1147 :
802 1092 1013 1147 Lavabo
1033 1110 1125 1160 per
1138 1091 1376 1164 singulas
1407 1104 1580 1147 noctes
1604 1093 1790 1147 lectum
1818 1110 1991 1148 meum
2014 1110 2035 1148 :

445 1186 700 1256 lacrymis
725 1194 952 1239 stratum
987 1201 1161 1238 meum
1186 1186 1369 1255 rigabo
1392 1186 1459 1238 ".
1516 1186 1876 1240 ldem‘autem
1907 1200 2033 1239 ves-

444 1291 660 1346 peram.
700 1276 783 1331 sic
833 1276 991 1330 nobis
1024 1276 1425 1344 pcenitentiam,
1467 1287 1523 1331 et
1569 1278 1825 1347 gaudium
1867 1294 1931 1332 ex
1967 1292 2032 1332 ea

442 1366 779 1437 signiﬁcavit
807 1385 821 1421 :
861 1367 941 1420 Ad
969 1383 1241 1435 uesperum
1264 1367 1628 1421 demorabitur
1673 1370 1849 1438 ﬂetus,
1884 1378 1933 1422 et
1962 1370 2033 1422 ad

444 1459 773 1512 matutinum
822 1458 1098 1511 latitia".
1156 1457 1387 1522 Quando
1439 1473 1570 1528 ergo
1608 1459 1861 1531 lacrymis
1909 1460 2033 1529 quis

449 1548 786 1619 pmnitentiae
830 1549 1053 1603 ablutus
1098 1547 1263 1602 luerit
1292 1589 1306 1611 ,
1355 1555 1486 1603 tunc
1528 1558 1715 1604 sancta
1759 1552 2027 1615 comedet,

448 1638 573 1708 quia
605 1639 761 1709 panis
794 1639 916 1707 ejus
966 1647 1051 1693 est
1075 1638 1185 1699 ille,
1233 1639 1300 1693 de
1327 1654 1437 1708 quo
1477 1640 1741 1694 Dominus
1767 1640 1821 1693 in
1850 1639 2031 1696 Evan-

448 1731 603 1799 geliis
661 1729 875 1785 dicebat
906 1746 919 1782 :
956 1728 1021 1782 Et
1077 1730 1230 1796 panis
1273 1746 1427 1799 quem
1460 1746 1554 1798 ego
1577 1730 1732 1793 dabo,
1762 1746 1888 1784 caro
1914 1747 2030 1786 mea

447 1832 522 1877 est
543 1822 610 1877 ".
653 1821 809 1887 Quod
838 1829 893 1874 et
926 1836 1076 1875 nunc
1128 1821 1283 1889 panis
1331 1821 1653 1875 memoriam
1702 1820 1929 1887 iaciens,
1979 1832 2035 1877 et

447 1928 588 1983 quos
638 1919 895 1982 oporteat
948 1911 1017 1967 de
1066 1925 1135 1966 eo
1190 1911 1481 1967 comedere
1511 1911 1879 1982 distinguens,
1929 1914 2030 1969 ad-

445 2007 586 2061 didit
613 2025 625 2059 :
1066 2006 1074 2014 ’

516 2098 855 2151 Morticinum
884 2106 932 2149 et
970 2105 1181 2163 captum
1225 2112 1259 2149 a
1295 2096 1458 2150 bestia
1500 2113 1604 2150 non
1633 2098 1900 2152 comedent
1941 2113 2033 2151 nec

446 2189 746 2259 polluentur
795 2189 849 2240 in
879 2188 974 2241 eis.
1006 2186 1116 2257 Ego
1149 2203 1263 2241 sum
1308 2187 1584 2242 Dominus.
1619 2188 1691 2244 Ut
1736 2188 1842 2243 hoc.
1883 2189 2030 2259 quod

449 2283 657 2336 dictum
700 2288 820 2334 est:
859 2279 968 2350 Ego
1003 2277 1279 2344 Dominus,
1336 2294 1462 2334 eum
1500 2279 1713 2345 audias,
1757 2280 2031 2352 intelligas

451 2374 599 2428 hunc
631 2372 938 2427 dicentem:
970 2372 1079 2441 Ego
1108 2389 1224 2425 sum
1256 2374 1430 2440 panis,
1458 2373 1551 2442 qui
1576 2374 1640 2427 de
1664 2373 1789 2427 coelo
1816 2375 2031 2428 descen-

445 2466 588 2520 di".
621 2465 727 2520 Per
774 2464 1125 2519 morticinum
1156 2472 1365 2527 autem,
1396 2472 1453 2519 et
1478 2479 1507 2519 a
1537 2464 1711 2520 bestia
1745 2475 2028 2535 captorum

438 2556 899 2627 prohibitionem,
933 2572 1040 2610 non
1069 2567 1326 2625 oportere
1356 2571 1562 2611 mensa:
1606 2557 1943 2627 participari,
1975 2567 2030 2611 et

447 2665 652 2706 mensae
688 2649 1088 2705 daemoniorum
1141 2650 1438 2720 praecepit;
1473 2651 1529 2704 in
1589 2650 1675 2704 his
1701 2654 1848 2704 enim
1900 2659 2030 2705 sunt

443 2757 577 2798 vere
618 2741 932 2805 morticina,
985 2750 1043 2795 et
1073 2756 1104 2795 a
1128 2741 1323 2796 bestiis
1365 2751 1544 2812 capta.
1596 2742 1735 2807 Quia
1768 2742 1918 2797 enim
1950 2743 2029 2797 si-

446 2834 561 2889 mul
615 2846 860 2896 sanctus,
906 2832 1065 2886 simul
1095 2840 1150 2887 et
1180 2833 1419 2888 nutritor
1449 2834 1773 2888 substantia:
1826 2842 2029 2889 nostra:

448 2924 808 2997 intelligibilis
839 2923 1133 2994 praedictus
1167 2925 1329 2992 panis
1361 2934 1466 2989 est,
1502 2939 1604 2979 nec
1628 2924 1875 2995 pollutus
1900 2941 2027 2980 eum

447 3017 736 3087 percipere
765 3015 1047 3085 praecepit,
1080 3031 1183 3070 nec
1211 3030 1406 3071 rursus
1426 3017 1718 3072 mandatos
1746 3016 2026 3087 prohiberi
2056 3034 2101 3093 ε

446 3110 585 3165 xult.
631 3108 935 3177 Utrumque
976 3108 1123 3162 enim
1164 3108 1325 3177 plane
1375 3116 1430 3162 et
1476 3107 1687 3162 Paulus
1717 3108 2025 3178 przecepit':

446 3201 750 3270 Quicunque
805 3200 943 3254 enim
994 3199 1227 3254 comedet
1278 3216 1503 3268 panem,
1558 3209 1608 3254 et
1648 3200 1784 3254 bibet
1813 3200 2030 3253 calicem

447 3293 666 3347 Domini
695 3293 930 3362 indigne.
982 3309 1102 3345 reus
1133 3293 1231 3346 erit
1272 3294 1505 3362 corporis
1539 3302 1586 3346 et
1616 3293 1888 3363 sanguinis
1922 3291 2031 3345 Do-

447 3385 578 3438 mini
596 3385 663 3441 ⁷³.
700 3382 839 3439 Ecce
867 3383 969 3438 iste
999 3392 1085 3438 est
1120 3384 1359 3453 pollutus
1396 3394 1452 3439 et
1504 3384 1838 3440 immundus.
1874 3384 2029 3440 llum:

446 3478 592 3532 enim
627 3476 888 3547 intelligis
927 3477 1245 3532 omnimodo
1288 3476 1511 3547 indigne
1565 3477 1967 3543 comedentem,
1997 3494 2027 3533 a

447 3578 758 3624 sanctorum
793 3567 1131 3637 prohibitum
1174 3568 1611 3638 participatione.
1656 3568 1798 3635 Quid
1844 3577 2027 3623 autem

446 3661 532 3715 his
588 3660 838 3715 addidit?
875 3655 1062 3715 Probet
1093 3670 1272 3714 autem
1331 3677 1385 3715 se
1423 3661 1597 3723 homo,
1628 3669 1676 3715 et
1702 3661 1778 3715 sic
1803 3664 1867 3716 de
1890 3677 2028 3731 pane

444 3754 536 3808 illo
561 3754 702 3820 edat,
738 3752 875 3807 etde
900 3752 1064 3807 calice
1085 3753 1303 3807 bibat“.
1323 3751 1426 3819 Qui
1451 3763 1636 3808 autem
1665 3755 2025 3823 semetipsum

446 3833 657 3913 probat.
722 3845 764 3897 si
829 3845 1039 3915 peccati
1096 3843 1202 3899 sibi
1263 3844 1520 3900 conscius
1546 3855 1652 3910 est,
1683 3854 1738 3899 et
1770 3844 2027 3915 pollutio-

443 3949 569 3988 nem
603 3934 802 3989 animm
839 3950 899 3989 se
944 3934 1151 3989 habere
1198 3932 1385 3999 sentit,
1418 3932 1652 4003 paenitet
1681 3932 1801 3987 sine
1832 3932 2020 3987 dubio.

444 4026 511 4079 Et
537 4036 660 4096 post
690 4027 1074 4095 paenitentiam
1106 4027 1174 4081 de
1209 4041 1359 4096 pane
1400 4025 1713 4091 comedere,
1745 4032 1803 4078 et
1836 4023 2025 4079 bibere

442 4133 636 4173 rursus
669 4119 737 4174 de
766 4118 937 4172 calice
972 4125 1164 4173 sancto
1208 4124 1265 4172 et
1312 4116 1601 4187 impolluta
1628 4122 1830 4185 potest.
1865 4112 2023 4180 Quod

442 4219 625 4266 autem
663 4211 978 4281 Frequenter
1005 4210 1074 4264 de
1111 4210 1217 4264 bac
1282 4210 1568 4263 sanctione
1624 4206 1882 4270 diximus,
1916 4205 2023 4261 dici

441 4314 497 4357 et
522 4318 671 4357 nunc
696 4302 1067 4357 necessarium
1091 4312 1196 4366 est,
1218 4300 1440 4371 prodest
1467 4300 1614 4354 enim
1647 4299 2016 4362 audientibus,

2141 453 2501 523 approbatum
2535 460 2638 507 est.
2683 452 2747 506 Et
2779 468 2972 508 rursus
2999 452 3188 507 dicens
3214 471 3229 506 :

2209 546 2279 596 Et
2300 558 2365 597 ea:
2377 559 2479 614 quo
2502 544 2797 612 egredietur
2810 559 2985 596 semen
3003 543 3154 613 quasi
3175 543 3367 605 coitus,
3386 552 3441 596 et
3463 544 3566 611 qui
3590 546 3751 613 tangit

2140 633 2325 701 reptile
2349 642 2399 687 et
2421 633 2684 703 quodlibet
2706 634 3062 692 immundum.
3084 634 3238 703 cujus
3268 644 3455 689 tactus
3483 645 3567 688 est
3584 639 3751 690 sordi-

2138 724 2260 777 dus.
2293 723 2362 778 Ut
2391 723 2488 779 tibi
2513 724 2678 778 etiam
2712 724 2879 793 hujus
2930 723 3318 779 manifestaret
3372 724 3747 787 intellectum.

2139 826 2539 885 consequenter
2588 817 2892 872 secundum
2953 815 3100 871 LXX
3143 817 3363 872 addidit
3386 835 3404 869 :
3433 817 3553 869 Aut
3588 834 3743 886 supra

2136 907 2418 971 hominem,
2446 908 2502 960 in
2543 924 2646 977 quo
2674 908 2971 979 inquinavit
3004 908 3180 974 illum,
3201 910 3517 963 secundum
3551 926 3743 964 om

2135 999 2529 1052 immunditiam
2564 1000 2751 1068 ipsius.
2819 1000 2901 1054 Ad
2936 1015 3270 1070 quamquam
3325 1001 3543 1055 horam
3600 1014 3739 1056 extra

2134 1089 2375 1144 animam
2416 1089 2823 1145 immunditiam
2882 1099 2978 1145 aut
3047 1091 3424 1161 pollutionem
3500 1092 3735 1148 tradidit

2137 1182 2244 1238 Sed
2280 1192 2341 1238 ut
2378 1183 2795 1254 intelligibiliter
2818 1185 3082 1254 accipias,
3113 1201 3241 1255 qua
3264 1186 3398 1257 ipse
3435 1188 3734 1242 secundm

2135 1276 2373 1330 litteram
2438 1284 2665 1346 propter
2727 1276 3042 1332 Iudaeorum
3121 1279 3403 1334 duritiam
3469 1282 3731 1350 exposuit.

2136 1375 2421 1435 propterea
2460 1366 2730 1421 subini'crt
2762 1367 2895 1431 haec,
2922 1383 2986 1422 ex
3017 1369 3216 1438 quibus
3260 1370 3731 1441 signiﬁcatinea

2136 1456 2232 1510 tibi
2259 1457 2349 1511 det
2401 1457 2812 1528 contemplatiri
2857 1457 3103 1527 spiritus.
3141 1460 3284 1515 Illud
3313 1470 3525 1516 autem
3550 1464 3727 1518 intem-

2133 1562 2262 1618 gere
2316 1549 2413 1603 tibi
2465 1550 2701 1604 maxime
2752 1551 2994 1605 mandati
3043 1552 3209 1621 hujus
3272 1552 3426 1625 legis
3477 1555 3625 1611 utile
3666 1565 3727 1610 est

2135 1650 2299 1709 atque
2343 1641 2561 1710 juvans,
2603 1642 2749 1711 quod
2785 1658 2896 1697 non
2932 1643 3079 1698 solos
3133 1645 3504 1712 sacerdotes,
3556 1649 3655 1703 sed
3686 1662 3724 1704 et

2135 1741 2329 1782 omnes
2385 1727 2784 1792 ministrantes,
2827 1745 2938 1785 non
2994 1746 3341 1797 praesumere
3411 1735 3551 1791 sine
3602 1747 3722 1791 metu

2137 1815 2462 1871 Sanctorum
2491 1818 2895 1889 perceptionem
2928 1821 3073 1884 vult,
3117 1822 3453 1894 intuerique
3485 1827 3719 1881 tradita

2133 1921 2165 1960 a
2199 1906 2317 1978 lege
2347 1907 2784 1975 distinctionem,
2811 1926 2933 1980 qua:
2971 1911 3311 1980 ptenitentes
3332 1915 3585 1984 quidem
3612 1933 3719 1985 pu-

2133 1997 2371 2066 cepitad
2399 2009 2589 2054 sancta
2616 2000 2900 2065 accedere,
2940 2011 3069 2057 ante
3110 2011 3302 2057 autem
3342 2007 3717 2074 penitentia-

2133 2087 2408 2156 prohibet.
2445 2088 2550 2154 Qui
2586 2099 2773 2145 autem
2796 2106 2865 2145 ex
2901 2093 3115 2146 semine
3150 2103 3284 2148 sunt
3310 2097 3518 2151 Aaron
3553 2112 3714 2152 δέκετο

2132 2179 2297 2243 dotis,
2327 2181 2590 2248 quoniam
2619 2182 2903 2237 Christum
2933 2199 3055 2238 esse
3094 2195 3351 2240 nostrum
3384 2190 3715 2245 sacerdotem

2131 2272 2390 2336 didicisti,
2422 2283 2480 2328 et
2514 2274 2679 2344 hujus
2708 2275 2937 2346 ﬁguram
2970 2278 3157 2330 Aaron
3202 2292 3435 2347 gerere,
3484 2280 3607 2334 illos
3647 2283 3715 2334 ia-
3808 2306 3810 2347 ί

2133 2365 2341 2436 telliges
2395 2364 2517 2420 sine
2572 2366 2755 2436 aliqua
2812 2367 3114 2433 dubietate,
3193 2369 3291 2437 qui
3373 2370 3714 2440 baptismatis

2131 2457 2479 2526 adoptionem
2498 2458 2735 2522 habent,
2766 2467 2823 2512 et
2860 2474 3069 2523 semen,
3119 2461 3471 2531 cognatique
3504 2464 3645 2533 ejus,
3665 2475 3711 2517 et

2131 2563 2296 2603 onme
2327 2550 2471 2618 quod
2504 2550 2712 2605 dixeris
2751 2551 2817 2605 ad
2864 2548 3321 2621 conjunctionem
3377 2554 3533 2623 ejus,
3586 2567 3715 2610 recte

2131 2641 2498 2710 appellantur.
2523 2642 2678 2697 Unde
2699 2652 2756 2697 et
2783 2660 2946 2713 genus
2974 2644 3215 2710 electum,
3237 2655 3301 2699 et
3321 2648 3521 2717 regale
3542 2665 3714 2703 sacer.

2131 2734 2354 2799 dotium,
2382 2744 2439 2789 et
2461 2751 2585 2805 gens
2612 2748 2800 2789 sancta
2819 2737 2885 2800 ⁷⁸,
2925 2747 3150 2806 prapter
3179 2741 3586 2806 cognationem
3607 2744 3713 2809 eius

2130 2824 2497 2894 appellantur.
2527 2827 2608 2881 Ad
2635 2842 2776 2895 quos
2805 2843 2938 2897 ergo
2971 2840 3027 2882 et
3057 2845 3181 2900 qua:
3217 2843 3547 2901 sequuntur
3564 2836 3712 2889 dicit:

2207 2915 2366 2972 Vnus.
2426 2917 2479 2972 9.
2539 2935 2557 2967 ι
2622 2916 2950 2972 Custodient
2998 2930 3277 2990 praecepta
3332 2938 3461 2977 mea
3524 2936 3587 2978 ut
3619 2941 3714 2979 nos

2132 3009 2454 3079 subjaceant
2514 3017 2761 3077 peccato,
2812 3019 2868 3063 et
2922 3012 3228 3066 moriantur
3287 3013 3346 3067 in
3394 3018 3716 3071 sanctuaris

2132 3113 2255 3152 cum
2291 3098 2606 3168 polluerunt
2661 3098 2816 3155 illud.
2854 3099 2967 3173 Ego
3012 3102 3281 3159 Dominus
3308 3106 3413 3175 qui
3446 3108 3718 3163 sanctiﬁco

2133 3188 2273 3243 illos.
2310 3208 2329 3241 ι

2202 3283 2345 3353 Ergo
2401 3290 2672 3353 praecepta
2726 3283 2962 3351 Domini,
3013 3284 3067 3338 id
3114 3295 3201 3341 est
3244 3286 3363 3353 lex,
3420 3290 3715 3345 custodian

2129 3369 2453 3435 districtam,
2486 3380 2543 3424 et
2567 3371 2938 3427 obedientiam
2997 3375 3576 3446 intransgressibilem
3625 3397 3713 3433 ne-

2129 3460 2428 3515 cessariam
2456 3460 2738 3526 habentia,
2766 3463 2915 3517 sicut
2937 3462 3364 3533 perﬁcientibus
3386 3484 3484 3532 ea,
3518 3480 3577 3524 et
3601 3486 3717 3525 san-

2129 3551 2500 3617 ctiﬁcationis,
2533 3562 2591 3607 et
2615 3553 3025 3624 iustiﬁcationis
3065 3567 3122 3611 et
3167 3557 3369 3614 salutis
3399 3575 3577 3616 causa
3608 3562 3713 3617 eli-

2129 3642 2373 3707 ciuntur,
2420 3642 2501 3697 sic
2527 3645 2739 3713 peccati
2786 3651 2844 3699 et
2889 3646 3082 3701 mortis
3138 3652 3708 3720 transgredientibus:

2128 3735 2271 3805 quod
2308 3736 2361 3789 in
2392 3737 2541 3791 omni
2562 3737 2783 3806 quidem
2813 3746 2900 3793 est
2919 3738 3059 3806 lege,
3091 3748 3148 3794 et
3171 3740 3226 3793 in
3254 3743 3418 3797 omni
3441 3744 3707 3805 mandato.

2128 3828 2303 3882 multo
2355 3829 2530 3898 magis
2590 3836 2772 3884 tamen
2826 3831 2884 3884 in
2942 3831 3273 3887 Sanctorum
3339 3838 3708 3906 perceptione

2128 3919 2372 3991 Quisquis
2390 3922 2530 3975 enim
2551 3924 2623 3976 ad
2649 3938 2735 3985 ea,
2765 3932 2915 3977 extra
2956 3940 3117 3994 quam
3153 3937 3385 3995 oportet,
3422 3933 3707 3988 accesserit.

2119 4013 2385 4081 judicium
2430 4015 2527 4067 sibi
2587 4016 2748 4068 sumit
2781 4024 2831 4069 et
2891 4026 3134 4070 mortem.
3161 4018 3305 4071 Nam
3331 4029 3393 4074 et
3412 4019 3621 4076 Paulus
3650 4022 3708 4075 de

2130 4104 2330 4159 talibus
2370 4104 2673 4161 Corinthiis
2713 4107 3029 4162 scribebat:
3084 4107 3188 4172 Qui
3228 4111 3374 4164 enim
3428 4115 3705 4167 mutilat

2126 4205 2176 4249 et
2205 4196 2352 4264 bibit,
2381 4196 2645 4265 judicium
2678 4199 2779 4252 sibi
2819 4202 3108 4253 mandarat
3138 4211 3189 4255 et
3219 4201 3354 4255 bibit
3386 4220 3499 4257 non
3524 4206 3703 4275 dide

2127 4306 2255 4343 cans
2296 4306 2485 4360 corpus
2534 4289 2768 4344 Domini.
2813 4291 3105 4360 Propterea
3136 4295 3277 4347 inter
3322 4311 3414 4350 vos
3449 4298 3605 4351 multi
3628 4300 3702 4351 iu-

443 4395 495 4447 id
526 4402 629 4448 est.
661 4394 785 4462 quia
833 4394 1080 4461 leprosos
1127 4400 1180 4446 et
1222 4366 1449 4444 seminis
1504 4389 1710 4443 ﬂuxum
1747 4389 2020 4458 patientes
2053 4366 2096 4420 θ
2123 4383 2287 4452 ﬁrmi,
2315 4393 2365 4437 et
2390 4383 2693 4448 imbecilles,
2730 4394 2780 4438 et
2813 4386 3087 4439 dormiunt
3124 4386 3279 4440 multi
3299 4387 3371 4452 ",
3406 4388 3466 4443 id
3493 4400 3579 4445 est
3601 4405 3701 4444 Ilo-

442 4483 733 4539 sensibiles
779 4483 1054 4553 Iegislator
1085 4498 1196 4537 non
1232 4481 1601 4546 abominetur,
1633 4494 1814 4548 neque
1869 4479 2019 4533 enim

442 4575 770 4636 voluntarie,
826 4574 921 4628 sed
979 4573 1137 4628 inviti
1190 4574 1331 4628 hanc
1373 4573 1685 4643 passionem
1724 4570 2019 4637 sustinent,

439 4668 535 4722 sed
601 4681 696 4722 eos
752 4666 844 4735 qui
890 4666 1129 4720 animam
1192 4666 1483 4736 leprosam,
1546 4673 1641 4718 aut
1694 4662 1898 4717 ﬂuxum
1928 4676 2019 4717 se-

438 4759 602 4815 minis
632 4760 930 4830 patientem
962 4759 1189 4814 babent.
1223 4756 1520 4829 Propterea
1555 4757 1785 4813 dicens:

506 4850 784 4921 Leprosus,
816 4857 865 4903 et
896 4851 1100 4920 ﬂuxum
1123 4851 1336 4905 seminis
1365 4851 1592 4918 patiens,
1628 4866 1733 4905 non
1758 4864 2013 4919 vescatur,

435 4946 598 4998 donec
626 4955 864 4999 sanetur.
897 4941 1184 5008 Quomodo
1215 4951 1496 5012 oporteret
1520 4943 1624 4998 hoc
1651 4944 1903 5017 intelligi,
1932 4946 2019 5000 in—

436 5047 744 5106 terpretans
780 5035 1025 5091 addidit:
1071 5033 1175 5097 Qui
1206 5034 1442 5100 tetth
1482 5034 1815 5089 immundum
1859 5053 2018 5106 super

438 5141 722 5192 mortuum,
748 5128 862 5181 sive
882 5124 1183 5180 secundum
1208 5122 1371 5188 LXX,
1390 5141 1595 5178 omnem
1619 5127 2015 5180 immunditiam

436 5220 667 5280 aiiimw;
712 5216 1073 5271 inmunditia:
1106 5224 1291 5269 autem
1329 5215 1551 5278 animat,
1595 5226 1819 5286 peccata
1859 5231 2012 5282 sunt,

436 5321 667 5375 quarum
723 5306 969 5375 quadam
1039 5305 1269 5374 leprosaa
1326 5314 1477 5368 sunt,
1530 5304 1777 5373 quaedam
1808 5304 2012 5361 ﬂuxum

438 5395 664 5450 seminis
692 5395 983 5465 patientes,
1032 5394 1175 5447 sicut
1204 5409 1234 5448 a
1266 5394 1447 5457 nobis,
1484 5394 1535 5446 in
1567 5394 1653 5447 bis
1678 5410 1798 5464 qua:
1832 5396 1901 5449 de
1936 5396 2013 5449 le-

2128 4474 2363 4528 rinntur.
2413 4472 2735 4530 Secundum
2785 4475 2889 4531 hoc
2939 4476 3106 4547 igitur
3153 4478 3393 4534 verbum
3430 4480 3701 4554 legislatsr

2126 4566 2352 4624 sancivit
2392 4584 2406 4620 :

2197 4659 2504 4713 Custodient
2529 4671 2791 4728 praecepta
2830 4677 2971 4724 mea,
3010 4672 3065 4714 ut
3097 4678 3200 4715 non
3239 4664 3569 4732 subjaceont
3592 4682 3700 4734 pes.

2127 4762 2245 4808 cato
2269 4762 2319 4807 et
2367 4754 2669 4807 moriantur
2707 4771 2801 4823 per
2833 4771 2919 4809 ea.
2971 4755 3040 4811 Et
3089 4769 3215 4825 qua:
3248 4763 3337 4809 est
3362 4771 3563 4821 causa,
3591 4773 3699 4828 qu:

2128 4845 2296 4901 infert
2324 4856 2553 4901 mortem
2577 4846 2601 4900 ?
2628 4846 2767 4902 Cum
2795 4848 3092 4918 polluerint
3119 4848 3277 4903 illud.
3317 4848 3536 4919 lnjuria
3562 4852 3699 4904 eni-

2126 4937 2426 4991 sanctuarii
2469 4945 2527 4991 et
2553 4936 2786 5007 pollutio
2829 4948 2936 5003 est,
2968 4937 3255 4993 scrdidum
3292 4940 3615 5008 quempiam
3643 4937 3700 4993 ad

2125 5030 2327 5085 munda
2372 5031 2655 5088 accedere.
2699 5030 2860 5087 Unde
2906 5048 3031 5087 cum
3070 5031 3338 5102 quosdam
3381 5032 3450 5086 de
3489 5032 3606 5087 viis
3648 5046 3701 5085 ac

2125 5120 2348 5189 sepibus
2390 5122 2459 5176 ad
2503 5123 2745 5192 nuptias,
2792 5138 2915 5193 qua:
2958 5125 3013 5178 in
3070 5123 3387 5195 evangelica
3442 5123 3699 5193 parabsi-

2123 5210 2282 5266 dicta
2306 5220 2457 5275 sunt,
2489 5222 2868 5277 convocasset,
2910 5215 3201 5271 inveniens
3229 5216 3565 5285 quempiam
3594 5231 3696 5270 ut.

2122 5303 2248 5357 dida
2280 5304 2536 5361 vestitum
2581 5307 2739 5372 stola,
2789 5307 2847 5361 in
2885 5321 3042 5363 caena
3076 5306 3309 5377 nuptiali
3352 5307 3695 5362 discumben-

2123 5407 2232 5450 tem
2294 5398 2548 5468 expellit,
2586 5408 2641 5453 et
2691 5400 2744 5453 in
2795 5400 3050 5455 tenebras
3105 5399 3297 5471 projici
3359 5397 3691 5469 praecepit".

509 5604 671 5689 t’nPs.
704 5620 777 5669 Vl,
802 5604 889 5689 (ᾖξ’.
929 5604 1330 5689 gat-Lb:
1406 5605 1449 5635 "
1481 5582 1636 5689 Joan.
1659 5620 1736 5689 vi,
1765 5604 1850 5658 52.
1926 5607 1972 5637 τ’
2002 5605 2130 5661 ibid.
2164 5606 2257 5689 '5l.
2337 5606 2383 5638 ⁷³
2412 5605 2538 5662 Cor.
2575 5623 2650 5673 XI,
2675 5606 2766 5661 27.
2843 5607 2886 5637 ⁷⁸
2909 5605 3039 5661 ibid.
3062 5606 3154 5663 28.
3231 5601 3320 5657 ⁷³1
3377 5601 3530 5658 Petr.
3564 5602 3681 5670 m9.

434 5672 487 5707 "
512 5675 679 5731 lCor.
705 5690 779 5741 xi,
819 5675 911 5738 ‘29,
937 5677 1023 5729 δυ.
1099 5676 1140 5707 ⁷⁷
1171 5675 1361 5729 Matth.
1391 5690 1519 5749 xxu,
1556 5674 1640 5738 ll,
1671 5674 1755 5728 12.
