3810 6318
191 288 338 352 10⁸59

1336 282 1423 343 IN
1455 276 1890 340 LEVITICUM.
1923 300 1991 311 --
2031 274 2174 334 LIB.
2204 273 2305 333 VI.

3304 270 3437 337 1070

185 403 362 473 Atqui
390 415 581 457 omnes
618 406 927 470 peccatores
957 404 1134 465 erant,
1163 397 1255 468 qui
1285 396 1496 452 invitati
1526 402 1677 456 sunt,
1713 400 1768 446 et
1802 400 1841 452 Α
1942 388 2101 443 Vens.
2156 388 2240 442 ll.
2294 405 2312 437 ι
2358 384 2531 452 Quem
2592 394 2771 439 autem
2819 385 3071 441 sacerdos
3117 389 3330 453 emerit,
3380 400 3438 446 et

189 494 491 565 propterea
547 493 615 547 de
646 491 750 546 viis
779 498 836 544 et
861 490 927 545 de
953 490 1178 559 sepihus
1202 489 1380 560 colligi
1409 487 1762 542 dicebantur:

189 587 294 641 sed
322 600 447 639 cum
481 583 670 637 mutati
698 582 870 652 prius,
899 590 957 635 et
981 591 1208 650 peccato
1236 594 1336 650 per
1385 577 1765 649 pmnitentiam

191 675 523 743 semetipsos
548 673 936 741 exspoliantes,
961 680 1091 725 tunc
1115 671 1185 725 de
1215 684 1372 723 coena
1388 667 1764 723 comederunt.

192 766 505 819 ilicautem
536 762 754 817 sordida
784 762 967 816 adhuc
996 760 1224 814 indutus
1249 759 1455 828 peccati
1481 757 1766 821 stola,non

193 856 544 925 exspoliatus
580 869 685 909 nec
728 858 1119 915 commutatus,
1157 850 1365 921 ingredi
1412 849 1468 902 in
1496 855 1685 902 sancta
1716 854 1771 900 et

192 947 403 1001 munda
424 944 785 1020 priesumpsit.
813 942 1038 996 Multum
1062 956 1191 1012 ergo
1227 940 1528 995 secundum
1559 947 1771 1008 tempus

195 1036 311 1091 hoc
334 1036 437 1106 legi
474 1036 743 1103 adjectum
779 1043 894 1089 est:

274 1127 387 1196 Ego
424 1126 673 1179 Dominus
701 1126 790 1194 qui
820 1124 1087 1192 sanctiﬁco
1131 1122 1267 1176 illos.
1299 1121 1357 1175 Id
1388 1129 1490 1186 est,
1519 1119 1612 1189 qui
1641 1134 1775 1189 pec-

198 1224 421 1271 catores
461 1225 698 1270 mutatos
741 1215 1022 1269 duntaxat
1050 1213 1110 1267 in
1155 1212 1480 1267 Sanctorum
1527 1225 1775 1265 commu-

199 1308 372 1362 nione
430 1305 668 1371 recipio:
720 1319 941 1360 eversor
991 1311 1176 1357 autem
1215 1300 1434 1371 quando
1486 1299 1678 1369 polluti
1721 1308 1777 1353 et

202 1397 380 1466 iniqui
410 1403 756 1466 permanent.

280 1489 442 1543 Vsus.
474 1489 560 1543 10.
611 1507 630 1539 ι
667 1486 858 1542 Omnis
900 1483 1212 1554 alienigena
1254 1496 1368 1536 non
1416 1481 1668 1536 comedet
1709 1479 1779 1534 de

167 1615 179 1623 -
204 1580 579 1635 sanctiﬁcatis.
607 1577 913 1647 lnquilinus
935 1575 1261 1649 sacerdotis,
1304 1581 1360 1629 et
1388 1572 1776 1637 mercenarius,

205 1686 320 1725 non
358 1678 648 1725 vescentur
669 1668 769 1723 eis.
808 1687 827 1719 ›

1864 481 1958 550 qui
1982 480 2306 535 vernaculus
2345 478 2541 534 domus
2581 478 2701 547 ejus
2727 477 2914 542 fuerit,
2950 477 3006 531 hi
3042 481 3335 535 comedent
3366 497 3435 537 ex

1864 571 1963 625 eis.
2000 590 2019 620 ι
2106 558 2113 563 ’

1937 660 2072 727 Quia
2117 660 2471 732 alienigenas,
2521 660 2721 730 impios
2745 661 3002 717 videlicet
3024 671 3078 716 et
3104 662 3373 727 inﬁdeles,
3403 678 3434 717 a

1866 752 2284 822 participatione
2315 751 2628 806 divinorum
2680 751 2979 825 prohibuit,
3030 753 3272 807 ostendit
3304 754 3433 823 quia

1867 853 1924 899 et
1946 842 2000 897 hi
2029 843 2075 898 si
2114 851 2396 898 mutentur
2417 843 2486 897 ab
2514 858 2727 907 errore,
2769 849 2825 896 et
2854 842 2920 897 ad
2952 844 3232 899 Christum
3284 860 3442 901 acce-

1867 934 2018 997 dant,
2046 933 2319 1002 permittit
2354 948 2474 1002 qua:
2524 943 2710 987 sancta
2746 941 2893 988 sunt.
2928 933 3101 988 Nemo
3125 936 3272 990 enim
3302 937 3441 992 alie-

1868 1022 2067 1093 nigena
2102 1038 2200 1092 per
2231 1030 2480 1076 naturam
2504 1030 2606 1085 est,
2641 1021 2737 1075 sed
2781 1022 3061 1077 vold’ntate
3082 1024 3299 1093 quidam
3335 1025 3443 1080 sibi

1869 1113 2178 1168 asciverunt
2228 1112 2611 1167 alienationem
2642 1127 2670 1165 a
2697 1112 2828 1167 Deo.
2878 1111 3158 1184 Quotquot
3207 1130 3337 1186 ergo
3375 1132 3444 1170 ex

1872 1202 1959 1258 bis
1984 1203 2342 1274 intelligibilis
2382 1203 2646 1258 sacerdos
2680 1202 2922 1271 possidet
2950 1204 3246 1272 emptitios,
3278 1205 3333 1259 id
3358 1215 3447 1260 est

1872 1301 2139 1362 quotquot
2180 1292 2312 1346 emit
2358 1306 2455 1360 per
2501 1290 2867 1360 evangelicam
2904 1291 3206 1345 doctrinam
3246 1301 3304 1347 et
3326 1309 3448 1364 gra-

1874 1384 2027 1438 tiam.
2057 1383 2183 1439 Haec
2215 1393 2297 1438 est
2326 1383 2473 1438 enim
2506 1382 2719 1436 Domini
2741 1382 3074 1452 conquisitio
3101 1394 3153 1437 et
3179 1386 3442 1440 acerbum

1873 1484 2154 1544 argentum
2212 1483 2329 1528 est:
2383 1475 2670 1545 Argentum
2705 1474 2824 1543 igne
2875 1474 3241 1528 examinatum
3288 1484 3445 1530 terra:

1877 1565 2235 1636 purgatum“,
2275 1567 2509 1621 redemit
2538 1574 2719 1619 autem
2755 1579 2872 1629 eos,
2907 1565 2998 1635 qui
3027 1566 3076 1619 ei
3116 1563 3299 1613 Volunt
3331 1574 3446 1613 scr-

1877 1658 2012 1712 vire.
2065 1656 2181 1710 Alio
2217 1666 2393 1710 autem
2428 1656 2592 1717 nullo,
2645 1657 2786 1711 sicut
2835 1656 3028 1711 Petrus
3086 1657 3243 1724 dixit,
3263 1656 3431 1727 pretio

281 1758 660 1814 Necessarium
711 1759 815 1813 hoc
846 1758 1165 1813 mandatum
1217 1765 1320 1819 est,
1366 1771 1437 1809 ne
1466 1754 1607 1809 torte
1651 1753 1782 1822 adji-
1812 1730 1854 1787 Β
1883 1745 2042 1813 empti
2068 1745 2211 1807 estis.
2244 1746 2401 1799 nolite
2428 1745 2544 1813 ﬁeri
2570 1746 2704 1798 servi
2732 1746 3077 1800 hominum".

210 1865 341 1905 cere
369 1849 621 1905 omnibus
672 1849 1005 1912 inﬁdelibus,
1041 1857 1096 1903 et
1121 1847 1305 1916 impiis
1330 1860 1572 1901 mensam
1618 1845 1781 1915 Spiri-

211 1940 378 1994 talem
403 1949 687 2008 putemus:
712 1952 814 1992 nec
843 1939 968 2007 quia
994 1937 1119 1992 vita:
1145 1936 1301 2005 panis
1332 1934 1645 2005 mysterium
1672 1932 1782 1987 Do-

211 2030 475 2086 minicum
497 2030 715 2094 dicitur,
738 2037 1027 2098 propterea
1050 2036 1304 2097 oportere
1326 2024 1609 2095 percipere
1629 2023 1783 2077 illum

211 2124 377 2177 etiam
415 2137 529 2186 eos,
560 2121 653 2190 qui
677 2121 857 2175 adhuc
877 2136 907 2173 a
932 2119 1036 2173 ﬁde
1067 2117 1230 2172 alieni
1257 2125 1406 2189 sunt,
1431 2115 1781 2170 arbitremur.

213 2213 546 2283 Alienigena:
598 2227 727 2281 ergo
778 2194 1154 2264 sunt‘omnes
1208 2208 1300 2276 qui
1344 2205 1435 2260 Dei
1467 2206 1641 2273 legem
1671 2219 1782 2259 non

214 2303 544 2372 suscipiunt,
588 2316 693 2355 nec
750 2299 1079 2369 evangelicae
1130 2297 1428 2368 participes
1478 2295 1785 2349 efﬁciuntur

217 2394 424 2464 gratiae.
456 2392 603 2446 Nihil
631 2391 777 2444 enim
826 2391 879 2443 bi
910 2389 1219 2458 proximum
1251 2387 1497 2442 aliinitati
1533 2384 1651 2454 Dei,
1686 2401 1786 2440 ne-

217 2500 325 2554 que
351 2492 641 2552 cognatum
689 2481 934 2535 scientiae
972 2479 1092 2549 ejus
1128 2479 1195 2532 de
1223 2493 1290 2532 eo
1320 2476 1624 2546 intelligere
1651 2490 1785 2544 pos-

218 2582 386 2628 sunt:
420 2572 563 2626 unde
608 2579 664 2624 et
687 2569 1026 2639 alienigenae.
1079 2568 1223 2623 sicut
1266 2568 1421 2636 quia
1448 2566 1786 2621 daemonibus

220 2665 576 2726 seducuntur,
622 2672 678 2716 et
707 2662 1084 2733 cognationem
1126 2676 1315 2715 eorum
1354 2659 1787 2729 amplectuntur,

221 2755 278 2809 hi
303 2756 448 2808 enim
483 2770 514 2807 a
542 2753 719 2817 nobis,
745 2762 798 2807 et
824 2768 852 2805 ε
889 2752 999 2806 Deo
1032 2751 1197 2805 alieni
1226 2759 1377 2814 sunt,
1406 2759 1557 2804 recte
1596 2749 1789 2818 appel-

219 2845 422 2904 lantur.
475 2844 542 2898 de
599 2843 794 2911 quibus
851 2841 1018 2895 David
1066 2841 1370 2910 psallebat:
1417 2840 1580 2908 Eripe
1605 2855 1706 2904 me,
1736 2846 1786 2891 et

223 2937 385 2990 libera
419 2953 501 2989 me
536 2936 599 2989 de
633 2951 795 2989 manu
845 2934 1077 3002 ﬁliorum
1131 2933 1448 2997 alienorum,
1475 2948 1696 3003 quorum
1732 2946 1787 2984 os

225 3026 453 3078 locutum
484 3033 559 3079 est
601 3025 892 3077 vanitatem
906 3004 974 3077 ⁷⁵.
1026 3022 1128 3088 Qui
1156 3030 1338 3077 autem
1370 3023 1666 3092 loquuntur
1692 3036 1788 3076 va-
1814 3057 1857 3115 ο

225 3115 470 3179 nitatem,
500 3116 732 3168 maxime
761 3128 1096 3183 paganorum
1122 3112 1237 3178 lilii,
1269 3112 1360 3181 qui
1390 3120 1667 3166 terrenam
1701 3127 1788 3166 sa-

225 3208 507 3276 pientiam,
540 3214 594 3260 et
633 3205 945 3271 animalem,
994 3213 1050 3259 et
1091 3204 1440 3269 diabolicam,
1484 3204 1789 3259 secundum

225 3298 367 3366 quod
391 3298 465 3351 ait
495 3295 751 3359 Iacobus,
785 3296 989 3351 habent
1005 3295 1072 3347 ⁷⁸.
1093 3294 1229 3350 Cum
1270 3295 1356 3349 his
1382 3294 1617 3350 dicimus
1654 3296 1790 3349 alie-

226 3388 498 3459 nigenam,
528 3386 619 3455 qui
648 3402 769 3456 quae
793 3387 970 3440 aliena
1010 3395 1139 3439 sunt
1165 3401 1197 3440 a
1224 3386 1486 3456 dignitate
1514 3388 1787 3457 mysterii,

228 3477 294 3533 de
323 3492 388 3531 eo
442 3477 796 3546 intelligunt:
845 3476 1304 3544 quemadmodum
1333 3475 1401 3530 ad
1427 3476 1612 3531 cibum
1641 3492 1792 3532 cem-

229 3584 467 3632 muncm,
497 3568 570 3622 ita
595 3568 663 3622 ad
701 3568 944 3622 divinum
972 3567 1260 3633 accedunt,
1298 3575 1354 3622 et
1380 3568 1677 3625 carnaliter
1707 3570 1792 3623 di-

230 3656 353 3711 vina
390 3666 446 3711 et
503 3656 745 3710 coelestia
800 3655 1179 3725 conspiciunt:
1231 3664 1382 3711 recte
1425 3672 1554 3727 ergo
1591 3658 1793 3712 abhis

208 3747 387 3811 etiam
425 3747 544 3800 talis
573 3746 914 3816 prohibetur.
951 3745 1250 3815 lnquilinus
1278 3754 1459 3800 autem
1495 3748 1795 3802 sacerdotis

230 3816 330 3899 est,
357 3835 447 3903 qui
479 3850 586 3888 non
611 3849 749 3904 pure
782 3835 838 3888 in
884 3834 1005 3903 ejus
1033 3833 1211 3887 aulam
1251 3832 1582 3902 ingreditur,
1615 3847 1794 3901 neque

232 3910 591 3980 reverentiam
635 3924 852 3994 dignam
901 3923 951 3977 ei
1002 3922 1229 3991 praebet,
1285 3930 1383 3975 aut
1430 3921 1792 3991 diligentiam.

231 4015 699 4082 Quemadmodum
727 4016 875 4069 enim
929 4014 1231 4083 inquilinus
1273 4013 1616 4069 solummodo
1638 4029 1793 4069 suam

230 4108 341 4177 agit
367 4105 678 4169 utilitatem,
713 4112 769 4158 ει
815 4119 913 4173 per
947 4103 1186 4173 singulos
1210 4102 1330 4157 dies
1365 4111 1648 4172 exspectat
1691 4105 1797 4158 mi-

231 4197 398 4267 grari,
438 4212 550 4250 non
604 4207 785 4250 autem
826 4194 1067 4264 pertinet
1101 4194 1148 4248 ei
1184 4194 1228 4248 si
1257 4194 1383 4263 jura
1436 4195 1630 4249 domus
1675 4196 1797 4264 qui-

232 4290 355 4342 dam
406 4287 668 4356 diripiant
698 4294 791 4340 aut
829 4285 1173 4350 subtrahant,
1211 4286 1294 4340 sic
1326 4293 1453 4339 sunt
1502 4286 1578 4351 hi,
1609 4286 1702 4355 qui
1739 4287 1795 4339 in

1952 1834 2056 1888 Sed
2081 1845 2130 1888 et
2159 1834 2427 1888 vernaculi
2459 1836 2592 1903 ejus.
2625 1835 2678 1888 id
2718 1846 2820 1898 est,
2854 1836 2944 1905 qui
2972 1837 3026 1889 in
3059 1835 3164 1889 ﬁde
3193 1835 3316 1906 ejus
3343 1850 3446 1891 nu-

1882 1924 2015 1986 triti,
2032 1932 2088 1979 et
2108 1923 2498 1993 inintelligibili
2512 1924 2896 1986 domo,Christi
2916 1925 3168 1980 videlicet
3186 1925 3449 1992 Ecclesia,

1888 2015 2101 2069 educati
2139 2024 2268 2069 sunt
2307 2030 2404 2084 per
2435 2024 2722 2085 parentum
2765 2014 2950 2070 ﬁdem.
2988 2015 3052 2068 lli
3095 2015 3164 2070 de
3211 2015 3449 2084 panibus

1881 2109 2000 2175 eius
2021 2106 2260 2178 mysticis
2289 2116 2342 2161 et
2374 2106 2772 2161 viviticantihds
2803 2106 3117 2169 comedent.

1957 2195 2116 2261 Vens,
2154 2197 2240 2250 12.
2283 2216 2300 2247 ι
2344 2196 2400 2250 Si
2432 2196 2537 2250 ﬁlia
2568 2196 2867 2251 sacerdotis
2898 2195 3126 2251 cuilibet
3162 2212 3224 2250 ex
3248 2198 3451 2266 populo

1885 2294 2049 2356 nupta
2076 2286 2257 2350 fuerit,
2282 2286 2352 2340 de
2380 2286 2463 2341 his
2489 2303 2610 2355 quae
2644 2286 2981 2342 sanctiﬁcata
3012 2295 3139 2342 sunt
3166 2287 3235 2341 de
3262 2288 3453 2357 primi-

1884 2378 2413 2434 tiisnmrvescetur.
2462 2377 2560 2432 Sin
2600 2385 2783 2433 autem
2834 2379 2996 2434 vidua
3032 2380 3115 2433 vel
3166 2379 3452 2449 repudiata

1883 2470 2089 2539 absque
2117 2469 2303 2524 liberis
2333 2484 2549 2524 reversa
2592 2470 2759 2524 fuerit
2798 2471 2864 2524 ad
2886 2471 3107 2525 domum
3148 2471 3317 2541 patris
3342 2473 3452 2536 sui,

1884 2561 2027 2616 sicut
2052 2561 2227 2631 puella
2281 2569 2659 2623 consueverat,
2714 2563 2891 2617 aletur
2947 2562 3087 2618 cibis
3139 2565 3311 2633 patris
3342 2565 3450 2620 sui.

1885 2649 2076 2707 Omnis
2114 2652 2417 2724 alienigena
2464 2655 2786 2709 comedendi
2813 2670 2879 2709 ex
2920 2655 3001 2710 eis
3027 2671 3137 2710 non
3168 2657 3333 2712 habet
3354 2672 3454 2727 po-

1834 2788 1845 2792 -
1885 2751 2160 2799 testatem.
2194 2761 2213 2795 ι

1956 2833 2110 2898 Quod
2139 2842 2320 2887 autem
2374 2842 2561 2888 nostra
2588 2835 2870 2891 translatio
2897 2837 3066 2893 habet
3097 2854 3110 2891 :
3142 2836 3198 2892 Si
3227 2837 3342 2907 ﬁlia
3366 2853 3457 2893 δαμ-

1889 2926 2108 2978 cerdotis
2137 2924 2355 2979 cuilibet
2377 2943 2440 2980 ea:
2463 2927 2655 2996 populo
2680 2937 2840 2994 nupta
2873 2929 3051 2996 fuerit,
3086 2928 3227 2983 LXX
3251 2930 3453 2988 edunt:

1890 3015 1961 3070 Et
1991 3016 2106 3085 ﬁlia
2149 3019 2430 3072 sacerdotis
2477 3027 2641 3086 nupta
2690 3020 2849 3089 fuerit
2877 3021 3075 3075 homini
3126 3021 3456 3094 alienigentv.

1890 3108 2009 3164 Non
2055 3109 2212 3164 nobis
2262 3110 2459 3165 suliicit
2516 3110 2572 3164 in
2609 3110 2713 3165 lide
2756 3112 2953 3165 nutriri
3012 3113 3237 3178 Christi,
3272 3114 3368 3169 sed
3401 3126 3460 3170 et

1890 3215 2231 3270 permanere,
2261 3210 2319 3256 et
2349 3216 2597 3257 crescere
2641 3201 2699 3255 in
2725 3216 2814 3267 ea,
2842 3210 2898 3256 et
2936 3204 3072 3257 nulli
3119 3205 3460 3276 alienigena-

1890 3304 2032 3352 rum,
2062 3289 2116 3343 id
2145 3298 2250 3355 εει,
2301 3290 2527 3345 alterius
2557 3304 2589 3345 a
2631 3290 2743 3345 Deo
2775 3290 3064 3361 dogmatis,
3107 3302 3202 3347 aut
3236 3295 3462 3350 alterius

1892 3376 2044 3446 legis,
2071 3378 2158 3431 vel
2185 3378 2417 3432 actionis
2448 3378 2815 3433 commisceri.
2850 3379 2965 3434 Nec
2988 3381 3081 3449 qui
3120 3381 3189 3435 de
3217 3383 3463 3450 patribus

1892 3484 2080 3525 sumus
2122 3470 2390 3535 ﬁdelibus,
2428 3471 2549 3526 ideo
2573 3471 2684 3540 jam
2720 3471 2777 3525 in
2811 3473 3015 3527 sanctis
3046 3487 3459 3541 praesumamus,

1891 3561 1999 3616 nisi
2026 3560 2212 3616 ﬁdeles
2245 3562 2620 3631 persistamus.
2649 3561 2944 3630 Propterea
2966 3562 3078 3616 ﬁlia
3110 3563 3464 3634 intelligihilis

1893 3649 2210 3714 sacerdotis,
2240 3650 2294 3705 id
2324 3659 2426 3714 est,
2471 3649 2654 3703 anima
2709 3651 2889 3705 omnis
2937 3660 3256 3722 negenerata
3298 3655 3367 3709 ab
3397 3670 3463 3709 eo

1894 3755 1991 3810 per
2020 3739 2385 3810 baptisma,'si
2421 3740 2540 3793 viro
2593 3739 2914 3810 alienigenae
2945 3741 3239 3812 conjuncta
3276 3742 3459 3807 fuerit,

1893 3850 2016 3904 quae
2046 3835 2112 3890 ad
2143 3835 2497 3905 alienigenas,
2527 3834 2680 3888 verbi
2710 3834 3162 3905 gratiaJudasos,
3201 3853 3463 3908 paganos,

1894 3933 1988 3979 aut
2017 3923 2302 3979 haereticos
2339 3925 2594 3993 pertinet,
2629 3939 2816 3992 agens.
2850 3933 2904 3979 et
2929 3927 3246 3981 societatem
3271 3941 3464 3982 eorum

1894 4014 2227 4084 amplectens
2277 4014 2533 4084 primitiis
2576 4015 3061 4080 sanctiﬁcatorum,
3110 4017 3166 4072 id
3197 4026 3303 4081 est,
3341 4034 3464 4074 eor-

1894 4120 2028 4174 pore
2053 4105 2281 4176 mystico
2312 4120 2424 4160 non
2458 4114 2730 4161 vescetur.
2762 4107 2859 4161 Sin
2892 4123 3024 4164 vero
3066 4108 3171 4163 lilia
3204 4111 3460 4165 sacerdo-

1896 4198 1966 4252 tis
1994 4196 2187 4251 el‘l‘ecta
2216 4212 2313 4266 per
2338 4212 2456 4252 eam
2486 4214 2606 4267 quae
2634 4199 2779 4253 dicta
2836 4211 2923 4254 est
2965 4203 3462 4271 regenerationem,

1896 4287 2209 4358 alienigena:
2234 4289 2522 4356 conjuncta
2571 4288 2736 4343 fuerit
2778 4290 3089 4345 haereticum
3121 4293 3246 4361 quid
3275 4309 3460 4365 agens.

232 4376 411 4431 divina
445 4376 569 4429 aula
607 4385 830 4445 propter
853 4389 979 4428 suas
1024 4374 1307 4437 utilitates,
1348 4374 1534 4444 gloriae
1564 4374 1795 4429 forsitan
1829 4379 1871 4432 Β
1901 4379 1986 4432 vel
2017 4378 2304 4434 Judaicum
2358 4380 2443 4433 vel
2482 4381 2727 4450 gentile:
2761 4390 2815 4436 et
2855 4382 3015 4437 vidua
3079 4383 3219 4439 facta
3275 4386 3460 4447 fuerit,

233 4477 324 4522 aut
374 4476 614 4537 quaestus
652 4466 1027 4536 pecuniarum,
1071 4474 1166 4519 aut
1207 4465 1434 4520 alterius
1474 4466 1794 4535 hujusmodi

234 4560 545 4626 ministrant
569 4574 751 4624 causa,
775 4573 923 4612 nunc
952 4567 1132 4611 autem
1153 4556 1485 4627 diligentiam
1508 4558 1793 4621 exhibent,

234 4666 305 4702 ne
331 4649 455 4717 quis
489 4664 677 4702 eorum
716 4656 1026 4716 corrumpat
1070 4647 1338 4711 ordinem,
1375 4662 1446 4701 ne
1490 4649 1615 4716 quis
1657 4649 1798 4703 male

236 4738 433 4791 divinis
471 4737 607 4791 aulis
653 4746 706 4791 et
760 4738 943 4806 inique
977 4745 1176 4791 utatur.
1211 4736 1325 4792 Hoc
1350 4739 1531 4806 ipsum
1568 4746 1623 4793 et
1648 4754 1796 4793 mer-

236 4830 513 4881 cenarium
567 4827 817 4892 dicimus,
849 4829 918 4883 de
954 4832 1063 4897 qu‘o
1093 4827 1227 4882 dicit
1255 4829 1516 4883 Dominus
1549 4845 1563 4882 :
1595 4833 1795 4884 Merce-

235 4922 440 4981 narius,
473 4928 521 4972 et
554 4921 645 4989 qui
692 4936 792 4973 non
842 4928 918 4973 est
952 4928 1151 4989 pastor,
1211 4919 1362 4987 cujus
1402 4935 1507 4972 non
1530 4928 1650 4974 sunt
1682 4935 1798 4977 ore:

228 5010 477 5085 propriae,
514 5008 649 5062 videt
679 5007 859 5078 lupum
896 5011 1205 5073 venientem,
1239 5017 1287 5060 et
1319 5008 1539 5061 dimittit
1568 5026 1715 5076 om,
1748 5017 1796 5062 et

239 5100 387 5166 lupus
440 5100 688 5171 dispergit
745 5117 859 5173 eas,
912 5098 1036 5169 quia
1096 5097 1452 5152 mercenarius
1487 5110 1583 5162 est,
1614 5108 1798 5152 etnon

237 5192 458 5260 pertinet
486 5191 534 5243 ei
559 5192 621 5244 de
646 5193 901 5247 ovibus”.
933 5193 1043 5269 Hos
1088 5190 1235 5245 recte
1263 5205 1293 5245 a
1327 5199 1640 5246 sanctorum
1668 5207 1798 5260 pro-

240 5283 390 5338 hibet
417 5284 801 5352 perceptione:
849 5299 1025 5353 neque
1053 5281 1199 5337 enim
1239 5292 1370 5337 sunt
1394 5282 1543 5353 digni
1574 5283 1802 5353 partici-

240 5372 354 5445 pari
403 5373 505 5437 eis,
564 5387 686 5441 qua:
736 5374 826 5428 vel
875 5374 1163 5439 desidiose,
1196 5373 1281 5428 vel
1321 5383 1544 5443 propter
1600 5373 1803 5442 aliquid

239 5463 583 5518 commodum
615 5471 802 5534 agunt.

325 5599 369 5634 ⁷⁸
399 5599 490 5655 Ps.
521 5615 707 5664 cxuu,
731 5602 783 5655 8.

890 5602 934 5633 ”
961 5601 1147 5658 Jacob.
1183 5618 1262 5668 In,
1298 5603 1386 5659 l9.

242 5669 430 5727 chtr.
465 5672 611 5738 1,18.

715 5672 760 5705 ⁸⁸
788 5669 943 5725 Cant.
970 5686 1009 5737 l,
1037 5673 1092 5726 2.

1489 5601 1715 5658 "Joan.
1749 5619 1818 5670 ι,
1856 5603 1922 5657 12
1948 5643 1964 5669 ,
2021 5606 2107 5660 15.

1900 4469 1985 4522 vel
2014 4469 2312 4538 repudiata,
2341 4469 2652 4539 relinquens
2685 4486 2927 4527 errorem
2960 4474 3223 4544 funditus,
3248 4487 3303 4533 et
3329 4494 3465 4549 quo-

1900 4558 2188 4613 dammodo
2211 4560 2480 4629 sepeliens
2506 4563 2678 4625 illum,
2715 4572 2769 4617 et
2800 4564 2867 4618 ab
2897 4564 3084 4635 iniquo
3119 4571 3464 4638 semetipsum
3524 4572 3531 4627 ε

1900 4650 2188 4704 absolvens
2213 4651 2624 4716 commixtione,
2676 4668 2894 4708 reversa
2940 4655 3109 4711 fuerit
3148 4659 3201 4712 in
3240 4660 3462 4714 domum

1902 4753 2052 4792 suam
2084 4746 2391 4806 paternam,
2441 4740 2492 4793 id
2537 4748 2640 4802 est,
2699 4740 3019 4804 Ecclesiam,
3068 4753 3122 4797 et
3164 4749 3464 4802 secundum

1899 4827 2240 4895 juventutem
2264 4843 2440 4893 suam,
2470 4829 2526 4880 in
2556 4844 2661 4896 qua
2692 4828 2958 4895 fervebat,
2992 4847 3115 4885 cum
3148 4836 3316 4888 sacris
3344 4838 3450 4907 dog

1900 4916 2135 4969 matibus
2158 4915 2283 4968 ﬁdei
2334 4915 2698 4981 nutriebatur,
2723 4918 3086 4986 juvenesccns
3149 4923 3465 4993 virtutibus,

1903 5007 2172 5077 et‘virago
2192 5006 2402 5062 abillis
2436 5008 2725 5078 appellata,
2760 5009 2828 5064 de
2887 5011 3088 5081 quibus
3118 5012 3211 5066 Dei
3242 5016 3468 5084 spiritus

1901 5100 1968 5154 ad
1991 5100 2266 5154 Christum
2300 5099 2355 5153 in
2385 5099 2625 5156 Canticis
2678 5102 2929 5159 dicebat:
2968 5103 3291 5174 Unguentum
3350 5111 3469 5181 em:-

1901 5208 2017 5246 ωιτη
2045 5200 2119 5246 est
2148 5208 2334 5246 nomen
2355 5200 2522 5260 tuum,
2549 5202 2819 5263 propterea
2846 5196 3240 5252 adulescentula:
3269 5202 3468 5257 dilexe-

1909 5291 2031 5336 runt
2055 5282 2186 5338 te“:
2213 5283 2280 5338 de
2311 5284 2543 5353 panibus
2577 5285 2748 5355 patris
2776 5287 2881 5352 sui,
2926 5286 2975 5341 id
3011 5298 3116 5355 est,
3146 5291 3351 5346 Christi
3375 5307 3472 5349 co-

1909 5376 2110 5430 medat.
2150 5375 2205 5429 Si
2258 5374 2404 5430 enim
2454 5385 2682 5431 matrem
2735 5378 3034 5435 Ecclesiam
3093 5385 3472 5455 unusquisque

1892 5477 2160 5530 nostrum,
2187 5477 2244 5520 et
2274 5474 2482 5535 patrem
2528 5468 2807 5523 Christum
2843 5471 3038 5535 habet,
3074 5475 3254 5529 omnis
3277 5476 3473 5532 alieni-

2204 5605 2247 5637 ⁸³
2288 5605 2534 5673 Psal.1t,
2568 5607 2621 5662 7.
2723 5605 2951 5667 "lCor.
2985 5629 3061 5681 τι,
3093 5611 3192 5682 Ξοὶ
3242 5631 3340 5681 νην
3368 5614 3471 5684 9δῖ
