3810 6318
451 261 585 325 1071
1641 259 2000 320 HESYCI-III
2040 255 2504 316 PRESBYTERI
3596 252 3751 318 Π]ῗὲ

447 392 584 450 gena
608 376 924 431 comedendi
945 392 1008 430 es
1034 376 1112 429 eis
1133 391 1241 429 non
1271 376 1432 429 habet
1451 382 1800 443 potestatem,
1831 373 1881 426 id
1907 381 2010 435 est,
2047 379 2087 430 Α
2118 384 2215 437 per
2243 370 2363 437 ejus
2397 369 2677 430 virtutem.
2712 376 2766 421 et
2795 367 3065 436 prolatum
3096 367 3164 421 ab
3196 382 3263 421 eo
3291 367 3580 436 verbum,
3608 385 3745 437 qua:

448 468 544 538 qui
596 467 770 521 aliena
813 469 1032 522 Christo
1062 478 1114 521 et
1143 467 1354 537 legibus
1387 467 1506 534 ejus
1557 473 1613 518 et
1663 464 1846 534 gloria:
1884 464 2013 532 agit.
2118 459 2392 523 videntur,
2453 467 2562 512 tam
2625 459 2958 534 sanctiﬁcata
3021 468 3165 522 sunt,
3205 474 3374 527 quam
3444 468 3738 513 cunctum

449 561 579 626 Ejus
603 560 749 614 enim
780 561 867 612 lex
915 569 998 613 est
1033 577 1044 611 :
1075 558 1193 611 Non
1235 556 1427 609 dabitis
1475 564 1715 609 sanctum
1772 555 2011 615 canibus,
2115 551 2296 604 carnis
2334 553 2606 604 excedunt
2635 565 2882 604 sensum.
2931 548 3098 602 licete
3130 565 3258 618 ergo
3291 549 3516 604 addidit
3565 566 3584 602 :
3625 551 3738 603 Nec

448 671 611 723 neque
643 653 863 706 mittatis
896 649 1216 718 margaritas
1239 656 1437 700 vestras
1465 655 1588 699 ante
1615 644 1876 715 porcos".
2117 642 2550 694 contamiuabunt
2585 641 2917 709 sanctiﬁcata
2944 641 3174 709 ﬁliorum
3201 639 3402 701 Israel,
3435 657 3566 709 quia
3605 645 3736 709 σῇ(-

519 745 681 798 Vens.
735 740 920 796 H-lﬁ.
960 760 976 790 ι
1038 739 1141 804 Qui
1190 737 1489 792 comederit
1543 738 1611 791 de
1669 734 2019 790 sanctiﬁcatis
2118 741 2238 786 runt
2281 731 2524 796 Domino,
2581 749 2643 785 ne
2689 734 2822 799 forte
2870 735 3162 786 sustineant
3203 734 3567 801 iniquitatem
3625 738 3734 785 Je-

423 851 545 898 per
603 831 985 903 ignorantiam,
1027 829 1187 883 addet
1231 828 1478 896 quintam
1535 836 1744 896 partem
1795 841 1921 880 cum
1950 838 2019 879 eo
2119 825 2229 878 licti
2263 828 2367 887 sui,
2408 842 2527 877 cum
2561 825 2894 893 sanctiﬁcata
2934 825 3266 878 comederint.

447 925 591 995 quod
632 923 868 978 comedit
917 930 973 975 et
1013 920 1164 974 dabit
1201 920 1469 974 sacerdoti
1520 919 1575 973 in
1625 919 2016 982 sanctuarium,
2189 917 2292 982 Qui
2325 918 2472 970 enim
2508 916 2731 970 Christo
2765 930 2991 969 suorum
3032 916 3428 984 mysteriorum
3477 915 3730 969 εποιὶῆ-

2119 1013 2390 1064 catioucm
2424 1012 2714 1080 imputant,
2747 1019 2802 1064 et
2835 1012 3101 1064 addentes
3147 1009 3525 1078 sibimetipsis
3559 1010 3724 1078 qni-

2123 1111 2228 1154 tam
2272 1117 2393 1169 qua:
2443 1102 2652 1170 prolata
2687 1108 2792 1162 est,
2827 1099 3082 1154 videlicet
3109 1101 3345 1153 verbum
3381 1100 3543 1168 ejus,
3579 1101 3720 1166 quod

2119 1201 2341 1246 nostros
2384 1193 2638 1261 producit
2673 1206 2873 1246 sensus
2911 1192 2978 1245 ad
3015 1191 3360 1249 sublimiora,
3411 1207 3537 1244 non
3590 1207 3719 1244 cnn-

2123 1285 2391 1338 taminant
2434 1291 2624 1338 sancta
2664 1291 3001 1345 sanctorum,
3036 1291 3228 1352 utpote
3261 1283 3458 1352 qualia
3509 1295 3720 1351 Oportet

2121 1373 2190 1426 de
2239 1374 2319 1427 eis
2377 1373 2753 1441 intelligentis,
2803 1373 2897 1426 sed
2952 1387 3054 1425 nec
3114 1372 3392 1425 inducunt
3449 1387 3630 1440 super
3671 1387 3721 1423 se

2123 1464 2464 1532 iniquitatem
2507 1462 2690 1533 delicti
2743 1462 2797 1515 in
2844 1461 3184 1514 comedendo
3239 1469 3442 1514 sancta
3502 1472 3720 1513 sancte-

2125 1571 2242 1608 rum
2277 1573 2290 1606 :
2324 1571 2426 1608 nec.
2455 1555 2604 1609 enim
2638 1565 2694 1607 ut
2723 1553 2790 1607 ad
2824 1568 3170 1606 communem
3204 1551 3423 1608 cibum.
3456 1553 3563 1606 sed
3591 1554 3720 1606 sicut

2124 1648 2189 1700 ad
2221 1648 2530 1716 mysticum,
2563 1655 2618 1700 et
2649 1646 2890 1699 terribile
2919 1654 2972 1697 et
2997 1645 3219 1698 caeleste
3248 1646 3547 1698 accedunt
3582 1655 3637 1698 ct
3662 1645 3718 1696 ad

2122 1753 2285 1806 quem
2328 1736 2418 1805 qui
2467 1746 2672 1789 temere
2726 1734 3012 1795 accedunt,
3049 1749 3158 1786 non
3210 1733 3563 1800 simpliciter
3605 1750 3718 1801 pec-

2121 1840 2264 1894 cant,
2299 1829 2396 1882 sed
2435 1828 2776 1897 iniquitatem
2819 1826 3000 1881 delicti
3037 1825 3120 1879 sui
3155 1835 3386 1894 portare
3429 1825 3715 1878 dicuntur.

2123 1921 2384 1974 Delictum
2423 1931 2602 1973 autem
2638 1919 2858 1988 proprie
2895 1933 2924 1970 a
2976 1917 3289 1984 legislatore
3342 1916 3566 1970 dicitur
3605 1933 3717 1984 pec-

2121 2023 2323 2074 catum,
2351 2012 2494 2082 quod
2536 2012 2591 2064 in
2629 2011 2797 2063 Deum
2843 2009 3226 2072 committitur,
3267 2017 3325 2061 et
3366 2023 3436 2062 ea
3491 2024 3619 2076 qua?
3659 2009 3715 2059 ad

2122 2104 2228 2158 hoc
2269 2105 2546 2173 pertinent
2575 2103 2629 2156 in
2661 2100 2967 2162 sacriﬁciis,
3001 2115 3121 2168 quae
3170 2115 3274 2168 pro
3320 2099 3561 2152 delictis
3593 2100 3714 2152 ode-

2123 2202 2341 2257 runtur,
2390 2193 2602 2262 pridem
2659 2191 3019 2246 ostendimus.
3075 2188 3232 2243 Unde
3282 2197 3342 2242 et
3395 2206 3557 2243 nunc
3605 2206 3712 2242 cum

2121 2287 2352 2340 dixisset
2395 2303 2408 2338 :
2453 2285 2534 2338 Ne
2581 2285 2714 2354 forte
2768 2284 3059 2336 sustineant
3119 2282 3478 2350 iniquitatem
3550 2283 3712 2334 delicti

2119 2380 2204 2432 sui
2239 2397 2251 2431 :
2285 2387 2433 2431 recte
2485 2377 2769 2430 subdidit:
2805 2376 2914 2445 Ego
2951 2375 3237 2438 Dominus,
3290 2377 3392 2443 qui
3449 2376 3712 2442 sanctiﬁro

2119 2483 2225 2520 eos.
2279 2467 2605 2527 Ostendens.
2637 2466 2762 2534 quia
2805 2466 3085 2528 delictum,
3121 2466 3174 2518 id
3226 2476 3315 2518 est
3359 2465 3626 2534 impietas
3665 2469 3709 2518 in

2127 2557 2317 2618 Deum,
2370 2555 2749 2622 incompetens
2792 2562 3105 2607 sanctorum
3142 2554 3438 2621 perceptio
3474 2555 3710 2622 appella-

2124 2655 2231 2699 tur.
2262 2645 2460 2698 Tendit
2495 2645 2641 2696 enim
2681 2644 2749 2697 ad
2793 2642 2963 2698 Deum
3015 2643 3426 2696 sanctiﬁcatum
3477 2659 3598 2706 eos,
3629 2647 3707 2714 qui

2123 2735 2286 2788 modo
2319 2751 2427 2804 quo
2455 2743 2690 2804 opontet,
2726 2750 2788 2787 ca
2835 2742 3077 2797 sunmnt,
3103 2744 3160 2788 et
3187 2735 3284 2802 qui
3316 2736 3706 2790 sanctiﬁcatie-

2122 2828 2210 2882 nis
2261 2842 2447 2887 causa,
2489 2841 2598 2879 non
2652 2834 2834 2878 autem
2888 2825 3372 2879 contaminationis
3432 2829 3705 2894 proposuit

2123 2935 2281 2973 suum
2315 2918 2656 2988 mysterium.
2694 2917 2960 2970 Admirari
3004 2928 3183 2970 autem
3215 2918 3392 2970 nimis
3429 2919 3704 2989 legislato-

439 1032 550 1070 .uec
579 1013 1030 1069 eontaminabunt
1064 1011 1397 1065 sanctiﬁcata
1441 1011 1673 1064 ﬁliorum
1706 1010 1866 1064 Israel
1899 1025 2019 1078 qua:

447 1106 688 1159 oﬁ'eruut
742 1104 992 1165 Domino,
1045 1117 1116 1156 ne
1166 1101 1306 1155 forte
1339 1101 1646 1154 sustineant
1676 1101 2017 1170 iniquitatem

445 1196 626 1249 delicti
660 1194 741 1248 sui
766 1209 890 1248 cum
923 1191 1258 1245 sanctiﬁcata
1304 1191 1660 1246 comederint.
1694 1190 1806 1261 Ego
1834 1190 2018 1245 Domi-

447 1303 552 1341 nus
580 1285 672 1354 qui
705 1284 985 1340 sanctiﬁco
1017 1299 1132 1338 eos.
1173 1301 1192 1334 ι

522 1377 720 1431 Sancta
763 1384 1075 1428 sanctorum
1099 1381 1225 1428 sunt
1256 1373 1472 1442 proprie
1497 1373 1700 1428 Christi
1741 1373 2018 1443 mysteria,

447 1469 574 1536 quia
606 1466 776 1535 ipsius
809 1473 893 1519 est
924 1480 1142 1533 corpus,
1177 1463 1246 1517 de
1267 1479 1375 1532 quo
1404 1463 1620 1518 Gabriel
1650 1465 1718 1518 ad
1756 1465 2018 1534 virginem

449 1558 700 1612 dicebat:
728 1554 956 1623 Spiritus
980 1563 1192 1606 sanctus
1233 1555 1557 1621 superveniet
1592 1555 1648 1607 in
1678 1565 1748 1616 te,
1778 1563 1825 1606 et
1853 1556 2020 1607 virtus

449 1649 707 1702 Altissimi
757 1646 1086 1700 obumbrabit
1125 1646 1238 1706 tibi,
1286 1646 1401 1697 ideo
1436 1647 1572 1715 quod
1605 1655 1848 1698 nascetur
1877 1662 1941 1698 ea:
1973 1656 2022 1699 te

448 1749 688 1793 sanctum
714 1738 1004 1803 vocabitur,
1028 1737 1194 1790 Filius
1222 1737 1313 1790 Dei
1338 1737 1406 1788 ³⁵.
1439 1736 1546 1789 Sed
1567 1747 1620 1790 et
1652 1737 1837 1799 Isaias,
1881 1735 2020 1789 San-

449 1839 570 1884 ctus
616 1829 895 1891 Dominus,
929 1836 984 1881 et
1015 1828 1069 1881 in
1095 1827 1220 1880 altis
1253 1826 1478 1891 habitat,
1517 1827 1570 1879 in
1603 1826 1725 1880 sinu
1767 1826 2021 1880 videlicet

449 1920 648 1984 Patris.
679 1919 762 1974 Ab
788 1921 894 1974 hoc
939 1919 1085 1973 enim
1112 1933 1220 1971 non
1257 1918 1432 1972 solum
1481 1917 1816 1986 alienigenas
1852 1927 1907 1972 et
1937 1919 2020 1970 in-

433 2011 712 2081 quilinos,
744 2020 800 2065 et
855 2010 1228 2064 mercenaries
1279 2009 1533 2064 sacriﬁcii
1589 2011 1893 2080 prohibuit,
1925 2011 2019 2065 sed

438 2116 552 2155 nec
572 2116 668 2168 per
695 2099 1053 2170 ignorantiam
1089 2099 1369 2169 percipere
1403 2101 1674 2167 praecepit.
1717 2098 1821 2154 Per
1865 2101 2021 2172 igno-

438 2189 678 2244 rantiam
725 2198 904 2243 autem
935 2189 1191 2258 percipit,
1238 2189 1331 2257 qui
1362 2190 1620 2243 virtutem
1653 2193 1774 2260 ejus
1839 2200 1895 2245 et
1939 2191 2026 2244 di-'

448 2281 709 2351 gnitatem
754 2281 986 2350 ignorat,
1032 2281 1124 2349 qui
1158 2282 1356 2347 nescit,
1408 2282 1532 2350 quia
1579 2296 1782 2352 corpus
1834 2283 1939 2337 hoc
1967 2292 2023 2336 et

447 2374 666 2444 sanguis
686 2379 770 2426 est
797 2373 1097 2426 secundum
1127 2373 1434 2438 veritatem,
1466 2373 1562 2426 sed
1615 2375 1869 2443 mysteria
1897 2376 2022 2443 qui-

445 2463 568 2517 dem
603 2465 852 2532 pereipit,
889 2463 1065 2517 nescit
1101 2470 1283 2518 autem
1321 2466 1700 2532 mysteriorum
1734 2465 2020 2520 virtutem.

444 2555 525 2608 Ad
551 2570 712 2622 quem
748 2554 1004 2616 Salomon
1027 2554 1160 2608 dicit
1190 2555 1272 2608 vel
1297 2555 1469 2625 magis
1522 2555 1768 2624 spiritus,
1820 2558 1912 2624 qui
1967 2559 2018 2611 in

439 2658 512 2694 eo
546 2653 631 2696 est
662 2643 920 2706 :Quando
956 2644 1168 2708 sederis,
1226 2653 1281 2696 ut
1315 2645 1556 2698 comedas
1592 2661 1709 2698 cum
1764 2649 2016 2716 principe,

419 2732 716 2802 rdiligenter
735 2735 946 2786 attende
983 2749 1098 2803 quia
1136 2735 1305 2801 posita
1336 2719 1457 2787 sunt
1492 2743 1616 2788 ante
1657 2735 1784 2789 te“.
1823 2735 2024 2805 Aperte

412 2834 500 2878 set
527 2825 640 2893 ipse
672 2825 1029 2894 compellens,
1056 2834 1112 2879 et
1133 2840 1334 2895 cogens
1359 2841 1508 2890 eum,
1543 2827 1638 2895 qui
1670 2827 1886 2898 ignorat
1923 2829 2021 2882 ad-

439 2915 573 2967 dere
601 2913 845 2982 quintam
885 2923 1097 2982 partem
1126 2931 1139 2966 :
1175 2913 1294 2967 haec
1320 2915 1468 2968 enim
1508 2917 1699 2983 quinta
1728 2917 1910 2971 addita
1944 2918 2022 2971 in-

412 3046 414 3048 .
445 3005 686 3075 telligere
725 3019 825 3058 nos
858 3005 1274 3074 iutelligibiliter
1317 3007 1499 3060 divina
1523 3017 1577 3061 et
1602 3008 1825 3078 mystica
1860 3009 2009 3062 facit.
2043 3042 2085 3100 ο
2125 3025 2238 3065 rem
2269 3019 2506 3078 oportet,
2543 3011 2667 3078 quia
2716 3009 2918 3077 ubique
2949 3009 3294 3063 districtione
3336 3026 3482 3066 usus
3524 3022 3629 3075 est,
3658 3023 3705 3064 ct

424 3094 580 3158 Quid
604 3095 674 3147 sit
705 3103 885 3148 autem
913 3094 1123 3162 quinta,
1154 3094 1269 3163 ipsa
1290 3103 1342 3149 te
1371 3097 1535 3149 verba
1561 3097 1887 3166 legislatoris
1915 3098 2014 3152 do-

405 3224 418 3231 .ι
439 3200 565 3238 cere
596 3194 840 3254 possunt,
872 3185 948 3238 ait
972 3185 1116 3238 enim
1148 3201 1161 3236 :
1191 3185 1357 3238 Addet
1391 3187 1630 3255 quintam
1662 3197 1866 3256 partem
1898 3205 2018 3243 cum

439 3291 501 3328 eo
521 3276 659 3344 quod
687 3277 924 3329 comedit.
955 3276 1022 3328 Et
1057 3275 1330 3344 quomodo
1351 3275 1468 3344 ejus
1496 3277 1640 3345 quod
1675 3277 1787 3346 jam
1835 3293 2018 3332 come-

433 3367 524 3418 dit
567 3375 622 3418 et
677 3366 1036 3433 consumpsit,
1083 3364 1284 3418 addere
1338 3367 1460 3434 quis
1503 3366 1750 3436 quintam
1795 3368 2018 3436 potest?

401 3491 407 3499 -
441 3471 618 3527 neque
648 3455 793 3510 enim
821 3456 966 3510 aliud
993 3465 1096 3521 est,
1127 3466 1221 3510 aut
1245 3458 1504 3512 aliunde:
1543 3459 1640 3513 sed
1687 3460 1754 3514 de
1787 3462 1925 3530 ipso,
1961 3472 2016 3515 et

399 3586 413 3596 ν
439 3563 563 3601 eum
615 3563 702 3608 eo,
757 3546 841 3600 vel
881 3547 1023 3600 sicut
1066 3545 1232 3612 LXX,
1272 3567 1432 3618 super
1480 3552 1673 3618 ipsum,
1702 3554 1860 3621 jubet
1888 3555 2014 3609 addi

409 3636 704 3706 ,quintam.
773 3638 914 3707 Ergo
960 3638 1149 3706 quinta
1213 3640 1333 3708 ejus
1366 3655 1529 3709 super
1582 3642 1782 3710 ipsum,
1834 3657 2014 3699 sermo

404 3762 418 3768 -
439 3733 542 3788 est,
579 3726 672 3794 qui
705 3726 948 3794 prolatus
979 3737 1064 3782 est
1097 3729 1166 3783 ab
1205 3730 1325 3798 ipso
1355 3732 1594 3796 Christo,
1626 3747 1792 3802 super
1826 3733 2010 3790 Domi-

408 3813 999 3883 ..nicummysterium.
1039 3817 1158 3886 Ipse
1197 3820 1345 3872 enim
1387 3820 1584 3874 liberat
1628 3837 1728 3876 nos
1757 3823 1824 3877 ab
1855 3825 2013 3894 igno-

413 3905 637 3968 x-rantia,
669 3916 1021 3977 reinovetque
1064 3925 1167 3964 nos
1192 3910 1445 3978 additus,
1483 3913 1701 3966 carnale
1733 3915 2008 3984 quippiam

438 3999 494 4045 et
525 4003 803 4049 terrenum
837 3998 902 4051 de
933 4001 1142 4054 sanctis
1197 4001 1478 4064 arbitrari,
1529 4003 1627 4057 sed
1653 4004 1837 4058 divine
1859 4020 1922 4059 ea
1957 4016 2011 4061 et

435 4085 754 4154 spirit-aliter
797 4090 971 4159 accipi
1016 4091 1210 4154 sancit,
1256 4093 1400 4161 quod
1435 4093 1621 4161 quinta
1660 4095 1877 4164 proprie
1907 4112 2006 4150 no-

407 4178 712 4232 .minatur:
743 4179 869 4246 quia
898 4181 989 4248 qui
1021 4181 1075 4234 in
1117 4182 1275 4235 nobis
1309 4192 1392 4236 est
1420 4183 1639 4237 divinus
1667 4184 1925 4254 Spiritus.
1954 4197 2009 4242 et

401 4282 615 4322 .sermo
660 4285 822 4338 quem
862 4271 1080 4325 tradidit
1126 4273 1217 4340 qui
1249 4273 1301 4325 in
1335 4274 1494 4327 nobis
1546 4287 1693 4338 sunt,
1725 4281 2008 4347 componit

2125 3099 2468 3153 Dominicuin
2534 3099 2902 3152 ministerium
2978 3098 3327 3166 signiﬁcans,
3398 3103 3699 3155 secundum

2121 3189 2262 3244 LXX
2310 3189 2574 3242 duntaxat
2631 3189 3080 3252 translationem,
3126 3200 3452 3243 sanctorum
3510 3196 3696 3246 Sancta

2120 3282 2249 3335 illud
2279 3281 2589 3349 appellavit,
2628 3280 2751 3349 quia
2792 3279 3117 3334 sacriﬁcium
3151 3280 3341 3333 Sancti
3381 3294 3694 3336 sanctorum

2118 3381 2220 3426 est.
2263 3372 2427 3425 Israel
2465 3381 2646 3424 autem
2681 3371 2888 3424 addens
2919 3371 3129 3424 ﬁdelem
3161 3373 3428 3440 populum
3473 3389 3572 3442 per
3602 3375 3693 3427 hoc

2118 3464 2460 3533 signiﬁcavit,
2501 3462 2552 3515 id
2589 3471 2673 3516 est
2709 3477 2855 3524 eum,
2888 3461 2979 3530 qui
3015 3477 3112 3532 per
3140 3463 3434 3532 mysticum
3471 3465 3575 3516 hoc
3611 3480 3691 3516 sa-

2115 3556 2381 3610 criﬁcium
2418 3554 2587 3607 Deum
2623 3553 2789 3607 videt.
2840 3554 2906 3606 Et
2944 3562 3226 3622 propterea
3267 3556 3498 3622 proprie
3538 3556 3688 3609 Israel

2115 3647 2435 3716 appellatur.
2490 3645 2552 3698 Hi
2602 3659 2942 3713 quacunque
2983 3657 3311 3699 consecrant
3356 3647 3613 3702 Domino.
3643 3649 3686 3699 id

2113 3748 2199 3793 est
2235 3754 2356 3808 quae
2385 3754 2452 3792 cx
2495 3738 2801 3807 semetipsis
2844 3738 2896 3791 in
2931 3737 3163 3798 Domini,
3197 3753 3322 3790 cum
3364 3741 3684 3794 sacriﬁcium

2112 3829 2372 3892 oll'crunt,
2407 3828 2604 3882 Sancta
2639 3839 2950 3882 sanctorum
2996 3829 3161 3891 ﬁunt;
3207 3843 3412 3896 corpus
3451 3832 3596 3883 cnim
3628 3847 3684 3883 ex

2112 3923 2194 3977 eis
2226 3921 2514 3976 conﬁcitur
2545 3918 2775 3984 Christi,
2803 3921 2917 3989 qui,
2950 3921 3072 3989 quia
3107 3920 3348 3989 primitia
3378 3931 3469 3974 est
3498 3933 3684 3975 nostra:

2111 4011 2553 4081 conspersionis,
2621 4019 2768 4063 recte
2840 4024 2906 4062 ex
2970 4009 3172 4062 nostris
3237 4009 3506 4074 primitiis
3561 4026 3681 4068 cono

2111 4105 2268 4159 stitit.

2180 4194 2342 4249 Vens.
2394 4192 2581 4246 17-21.
2644 4211 2663 4244 ι
2717 4192 2954 4246 Locutus
3005 4191 3266 4246 Dominus
3321 4193 3390 4246 ad
3446 4191 3674 4263 Moysen,

2107 4286 2296 4341 dicens
2326 4304 2340 4340 :
2374 4285 2619 4354 Loquere
2656 4283 2723 4337 ad
2762 4285 2964 4345 Aardn,
2996 4293 3050 4336 et
3079 4284 3143 4336 ad
3183 4283 3325 4337 ﬁlios
3354 4285 3501 4352 ejus,
3538 4297 3590 4340 et
3617 4288 3674 4338 ad

435 4371 652 4417 sensus,
683 4367 738 4412 ει
766 4374 876 4412 ηοη
901 4359 1075 4412 εθιιιπι
1123 4369 1372 4414 ηοειτιιιῑὶ
1399 4369 1613 4430 επιειυιη
1655 4366 1908 4433 Ρτοάυοὶῑ
1937 4369 2004 4423 ad
2038 4365 2082 4419 ῐ)
2107 4390 2299 4430 omnes
2322 4373 2462 4427 filios
2487 4373 2674 4434 Israel.
2695 4373 2956 4440 dicesque
2984 4372 3049 4425 ad
3077 4387 3172 4424 eos
3196 4387 3211 4424 :
3241 4371 3417 4428 Homo
3431 4375 3503 4429 de
3531 4377 3674 4429 domo

425 4448 775 4516 mysterium,
830 4450 923 4504 sed
951 4459 1006 4503 et
1031 4451 1297 4515 auditum,
1349 4461 1404 4506 et
1448 4453 1644 4512 visum.
1678 4465 1732 4509 et
1773 4466 1999 4523 tactum,

405 4545 490 4590 ..ει
513 4537 819 4598 odoratum,
853 4539 925 4592 ita
955 4549 1016 4593 ut
1043 4541 1119 4593 nil
1163 4541 1217 4594 iu
1245 4541 1324 4596 eis
1354 4543 1548 4597 minori
1581 4547 1800 4609 rationi,
1827 4557 1882 4601 et
1915 4550 1999 4602 in-

429 4624 603 4680 ﬁrmae
639 4627 803 4680 menti
839 4629 1163 4696 proximum,
1201 4631 1270 4686 de
1299 4632 1383 4687 his
1412 4633 1679 4700 videlicet,
1707 4652 1825 4705 qua:
1848 4639 2000 4694 valde

431 4732 667 4786 superna
699 4728 847 4782 sunt,
880 4721 1244 4790 suspicemur.
1273 4723 1598 4793 Quicunque
1639 4741 1768 4797 ergo
1796 4731 2001 4784 sancti-

415 4808 586 4863 ﬁcata
629 4811 1110 4882 perignorantiam
1141 4817 1470 4881 comederit,
1522 4818 1779 4889 ignorans
1813 4836 2002 4876 eorum

419 4897 704 4961 virtutem,
745 4901 888 4956 sicut
919 4902 1193 4959 diximus:

500 4989 663 5043 Addet
715 4994 953 5061 quintam
998 4995 1112 5063 ejus
1160 5013 1316 5066 super
1358 5016 1435 5061 eo,
1470 5007 1517 5050 et
1555 5001 1700 5054 dabit
1741 5004 2003 5056 sacerdoti

425 5081 482 5133 in
525 5085 914 5137 sanctum-ium.
957 5083 1456 5141 Sanctiﬁcationem
1487 5090 1630 5142 enim
1669 5093 1878 5160 mystici
1910 5110 1999 5146 sa-

425 5170 637 5234 criﬁcii,
680 5182 735 5224 et
789 5189 818 5226 a
868 5175 1224 5229 scnsibilibus
1257 5178 1320 5231 ad
1359 5178 1714 5249 iutelligibilia
1769 5185 1998 5236 transla-

409 5259 667 5320 tionem,
714 5261 829 5314 sive
887 5266 1403 5328 commutationem,
1455 5267 1504 5320 ei
1563 5269 1652 5336 qui
1704 5287 1865 5324 vcrus
1917 5283 1999 5326 est

404 5352 702 5414 sacerdos,
757 5352 1009 5407 videlicet
1063 5356 1302 5414 Christo,
1357 5366 1574 5424 oportet
1626 5358 1762 5422 dari,
1814 5362 1864 5415 id
1915 5371 1998 5414 est

424 5438 528 5509 ipsi
578 5441 644 5495 de
691 5444 769 5498 eis
810 5445 1127 5498 miraculum
1181 5447 1372 5500 cedere
1421 5457 1476 5501 ct
1521 5449 1787 5518 imputare
1824 5471 1836 5505 :
1870 5453 1994 5522 quia

488 5604 546 5637 ’⁸⁸
571 5615 755 5674 Matth.
785 5637 876 5686 vlt,
910 5620 962 5673 6.
1037 5623 1080 5654 ⁸⁸
1105 5621 1231 5676 Luc.
1262 5639 1298 5686 ι,
1329 5623 1418 5678 5'2.
1496 5627 1540 5656 ⁸⁸
1567 5627 1729 5681 Prov.
1764 5642 1882 5694 xm,
1925 5630 1969 5682 l.

2110 4463 2296 4526 Israel,
2333 4472 2387 4517 et
2419 4463 2486 4517 de
2531 4463 2776 4529 advenis,
2813 4464 2904 4532 qui
2947 4463 3195 4517 habitant
3245 4465 3391 4532 apud
3441 4483 3562 4530 vos,
3594 4467 3673 4534 qui

2107 4554 2368 4610 obtulerit
2415 4554 2746 4609 oblationem
2792 4569 2970 4618 suam,
3016 4555 3102 4609 vel
3147 4564 3270 4608 vota
3320 4555 3567 4617 solvens,
3602 4556 3672 4609 vel

2105 4657 2300 4716 sponte
2349 4645 2605 4710 oll‘erens,
2640 4646 2904 4715 quidquid
2950 4645 3081 4700 illud
3125 4647 3386 4700 obtulerit
3428 4648 3489 4701 in
3535 4649 3672 4702 holo-

2103 4746 2352 4790 caustum
2405 4737 2644 4798 Domini.
2683 4747 2744 4790 ut
2793 4737 3056 4791 offeratur
3101 4753 3198 4806 per
3238 4754 3358 4801 vos,
3407 4743 3670 4794 masculos

2099 4827 2478 4882 immaculatus
2508 4844 2572 4882 ex
2607 4829 2799 4890 bobus,
2834 4837 2890 4883 et
2925 4844 2992 4882 ex
3023 4830 3216 4883 ovibus
3245 4837 3300 4882 et
3339 4845 3408 4883 ex
3451 4833 3628 4900 capris
3657 4852 3668 4884 :

2100 4920 2144 4973 si
2177 4920 2442 4972 maculam
2477 4919 2753 4985 habuerit,
2795 4937 2905 4974 non
2941 4921 3202 4983 oﬂeretis,
3244 4938 3426 4992 neque
3452 4912 3558 4977 erit
3587 4941 3672 4977 ac—

2097 5009 2386 5077 ceptabile.
2437 5008 2609 5064 Homo
2654 5011 2745 5078 qui
2793 5011 3055 5064 obtulerit
3098 5012 3375 5065 victimam
3422 5014 3673 5080 paciﬁco-

2103 5113 2220 5149 rum
2256 5097 2504 5160 Domino,
2536 5099 2620 5152 vel
2651 5111 2770 5152 vota
2803 5098 3041 5162 solvens,
3074 5101 3162 5153 vel
3192 5111 3387 5169 sponte
3416 5101 3668 5164 oﬂ‘crens,

2103 5198 2209 5242 tam
2238 5191 2304 5242 de
2343 5191 2518 5243 bobus
2557 5207 2717 5259 quam
2758 5192 2826 5245 dc
2860 5193 3073 5252 ovibus.
3105 5193 3513 5247 immaculatum
3545 5197 3668 5249 οπρ-

2101 5288 2214 5342 ret,
2269 5290 2328 5332 ut.
2377 5281 2708 5349 acceptabilc
2757 5281 2844 5336 sit.
2899 5283 3087 5337 Omnis
3141 5283 3348 5336 macula
3400 5300 3513 5337 non
3575 5299 3664 5338 crit

2102 5384 2153 5420 ιιι
2188 5383 2273 5421 (‘0.
2316 5388 2332 5419 ι

2169 5459 2285 5515 Νοιι
2324 5463 2494 5517 solum
2531 5464 2838 5519 sacerdotes
2864 5479 2893 5518 a
2932 5463 3230 5532 pollutione
3264 5467 3498 5523 mundos
3530 5482 3656 5532 esse,
