3810 6318
128 323 296 393 1073

1297 333 1381 397 ΙΝ
1412 333 1854 396 LEVITICUM.
1890 356 1960 367 -·
1993 332 2141 393 LIB.
2173 334 2273 393 Π.

3303 333 3436 400 10⁸14

127 438 242 492 sed
277 446 347 494 et
379 437 702 505 oblationes,
734 454 856 509 quae
886 456 916 494 a
945 442 1148 512 populo
1180 442 1509 511 offeruntur,
1543 459 1752 517 praece-
1782 451 1829 508 Α
1857 442 2143 501 discimus.
2182 443 2566 505 Verumtamen
2595 455 2650 501 et
2681 461 2838 502 ovem
2869 448 3184 505 sensibilem
3217 450 3261 504 si
3282 451 3434 527 offe-

127 527 225 597 pit
264 543 281 580 :
322 539 392 583 ut
438 536 496 581 tu
542 542 861 597 cognoscas,
911 530 1004 599 qui
1058 546 1117 586 es
1161 531 1334 589 ﬁdelis
1384 532 1517 599 Deo,
1561 545 1617 588 et
1659 533 1752 605 qui

127 619 370 674 oblatio
410 620 461 674 ei
502 634 602 689 per
656 621 1040 679 holocaustum
1096 623 1449 697 intelligibilis
1501 626 1750 681 sacriﬁcii

126 710 339 764 factus
379 727 461 775 es,
493 713 620 780 quia
650 712 798 766 omni
833 713 1132 781 pollutione
1162 716 1417 770 mundam
1457 732 1579 772 esse
1617 733 1753 772 con-

127 804 542 858 versationem
608 816 758 859 tuam
814 815 1064 874 oportet,
1133 816 1189 862 et
1251 808 1569 879 impollutus
1632 825 1752 864 esse

124 895 629 961 quemadmodum
670 897 1001 963 sacerdotes,
1048 899 1290 962 studeas,
1321 899 1446 970 quia
1491 909 1547 955 et
1589 899 1751 955 Chri-

126 991 294 1047 stus,
329 1000 463 1052 quae
490 994 548 1039 ut
576 995 801 1057 agerent
834 989 1087 1057 apostoli.
1111 990 1387 1060 pra-cepit.
1421 989 1547 1046 Haec
1572 992 1752 1045 omnia

126 1088 238 1128 eos
275 1077 511 1130 tradere
525 1077 862 1132 discentibus
880 1080 1139 1150 praecepit
1166 1082 1438 1152 gentibus,
1462 1083 1538 1136 ait
1566 1083 1710 1137 enim
1735 1101 1748 1137 :

128 1162 364 1218 Euntes
410 1166 584 1220 docete
629 1182 806 1220 omnes
853 1177 1051 1237 gentes,
1085 1170 1412 1238 baptizames
1443 1187 1531 1224 eas
1562 1172 1617 1224 in
1659 1188 1752 1225 no-

131 1257 297 1311 mine
337 1257 545 1322 Patris,
581 1268 629 1313 et
660 1260 807 1321 Filii,
843 1270 893 1314 et
921 1259 1153 1328 Spiritus
1187 1264 1381 1329 sancti,
1405 1263 1644 1318 docentes
1667 1281 1753 1318 eos

133 1351 438 1403 custodire
494 1368 816 1421 quacunque
866 1354 1117 1407 mandavi
1166 1354 1307 1407 vobis
1346 1355 1412 1407 ⁸⁷.
1456 1352 1582 1409 Sive
1624 1370 1752 1425 ergo

132 1442 279 1510 quis
320 1442 634 1497 secundum
678 1443 1098 1510 confessionem,
1135 1445 1249 1499 sive
1294 1447 1596 1501 secundum
1636 1463 1753 1502 om-

134 1548 282 1586 nem
330 1533 710 1589 conditionem
743 1549 895 1589 suam
930 1535 1308 1591 holocausmm
1338 1538 1450 1593 Deo
1482 1538 1748 1607 promisit,

133 1623 329 1677 vitam
390 1623 648 1678 videlicet
697 1625 1015 1694 perfectam,
1069 1628 1175 1683 hoc
1224 1637 1306 1682 est
1357 1644 1544 1683 verum
1598 1629 1753 1684 holo-

133 1723 445 1779 caustum,
478 1730 508 1768 a
537 1715 837 1784 pollutione
862 1719 1065 1787 munda
1103 1720 1267 1775 debet
1295 1735 1415 1774 esse
1444 1723 1563 1790 ejus
1596 1722 1747 1776 obla-

138 1805 270 1873 tio;
328 1822 515 1877 neque
561 1810 708 1863 enim
749 1811 906 1865 aliter
952 1812 1267 1880 suscipitur.
1311 1809 1516 1867 Olleret
1565 1822 1747 1868 autem

139 1913 255 1968 per
295 1899 733 1966 confessionem,
772 1902 914 1958 sicut
954 1901 1095 1955 LXX
1131 1903 1348 1967 dicunt,
1384 1904 1477 1973 qui
1521 1904 1575 1958 in
1612 1920 1750 1975 qua-

138 2003 387 2058 cunque
409 1991 735 2047 necessitate
748 1993 1171 2058 coiistitutus,et
1191 2010 1255 2048 ex
1279 2009 1340 2049 ea
1363 2003 1746 2065 compunctus,

138 2081 648 2136 conversationem
675 2085 962 2153 quamdam
980 2085 1090 2139 Deo
1118 2101 1217 2154 per
1238 2095 1422 2140 votum
1439 2086 1745 2156 pollicetur.

139 2168 487 2224 Secundum
512 2175 951 2242 supradictorum
982 2185 1163 2230 autem
1183 2177 1499 2242 editionem,
1525 2177 1779 2233 electio—‘

140 2276 285 2314 nem
326 2261 647 2317 invenimus
689 2264 916 2329 dictam,
969 2266 1057 2320 ubi
1106 2282 1208 2321 nos
1242 2277 1465 2337 sponte,
1494 2269 1747 2324 dicimus.

146 2351 191 2404 ll
207 2361 480 2421 trumque
493 2354 636 2407 enim
660 2355 801 2408 hanc
825 2357 1152 2411 oblationem
1172 2358 1284 2413 sive
1303 2375 1422 2413 eam
1442 2376 1564 2430 quae
1581 2375 1648 2419 ex
1662 2380 1752 2419 nc-

138 2442 448 2505 cessitatc,
480 2441 593 2497 sive
624 2458 742 2498 eam
766 2461 888 2513 qua:
917 2457 1113 2515 sponte
1131 2447 1208 2514 ﬁt,
1227 2451 1498 2518 proponit,
1522 2452 1746 2509 dicens:

140 2531 411 2585 Reddam
441 2534 534 2585 tibi
552 2544 669 2587 vota
697 2553 811 2588 mea
852 2554 967 2607 qua:
997 2539 1346 2594 distinxerunt
1364 2542 1503 2597 labia
1528 2561 1667 2607 mea,
1701 2554 1751 2600 et

142 2637 278 2691 qua;
315 2621 491 2676 locutu
505 2641 554 2677 ιη
584 2634 660 2677 est
689 2641 744 2679 οδ
777 2644 945 2681 meum
975 2630 1031 2681 in
1062 2631 1402 2686 tribulatione
1432 2651 1547 2688 mea
1574 2635 1647 2690 ⁸⁸.
1681 2637 1752 2692 Et

144 2728 361 2766 rursus
412 2731 425 2766 :
483 2714 793 2772 Voluntaria
853 2721 959 2773 oris
1005 2722 1106 2774 mei
1146 2722 1472 2793 beneplacita
1498 2728 1605 2798 fac,
1637 2729 1748 2785 Do-

147 2806 305 2859 mine
340 2805 409 2858 ”.
461 2805 666 2862 Ilorum
718 2810 954 2880 primum
1009 2813 1257 2883 quidem,
1293 2817 1611 2884 praedictum
1649 2838 1750 2879 vo-

150 2907 304 2962 tum,
353 2897 470 2951 sive
503 2900 930 2969 confessionem,
966 2904 1088 2958 sine
1128 2905 1308 2977 aliqua
1345 2908 1625 2967 dubietate
1662 2913 1748 2968 in-

150 2989 488 3058 telligimus.
552 2992 887 3050 Electionem
943 3006 1165 3061 autem,
1220 2999 1336 3054 sive
1390 3011 1748 3071 Spontaneam

150 3080 525 3147 oblationem,
581 3080 683 3138 hoc
735 3086 880 3154 quod
935 3087 1177 3143 secundo
1225 3090 1345 3146 loco
1387 3092 1593 3149 dictum
1641 3106 1744 3152 est.
1774 3112 1818 3169 ο

151 3171 400 3239 Oportet
429 3183 636 3237 autem,
664 3176 777 3231 sive
811 3189 1069 3247 operator
1110 3181 1348 3236 mandati
1384 3184 1455 3238 sit
1485 3185 1578 3256 qui
1610 3186 1749 3242 olfe-

154 3271 245 3317 ret
298 3264 702 3333 holocaustum,
741 3268 833 3323 hic
873 3278 958 3324 est
998 3272 1145 3325 enim
1190 3288 1258 3327 ex
1301 3277 1564 3332 armentis
1607 3279 1748 3340 offe-

155 3368 320 3419 rens,
365 3354 480 3409 sive
507 3357 761 3427 simplex,
796 3361 925 3429 quia
960 3362 1048 3417 hic
1076 3373 1161 3418 est
1186 3379 1251 3419 ex
1273 3367 1512 3433 ovibus;
1542 3369 1658 3426 sive
1681 3386 1748 3426 ex

157 3448 573 3514 peccatoribus,
618 3451 707 3503 hic
749 3459 832 3505 est
875 3452 1020 3507 enim
1069 3454 1136 3509 de
1184 3458 1364 3526 capris
1398 3476 1410 3512 :
1443 3462 1747 3517 masculum

155 3553 290 3593 esse
325 3540 471 3608 quod
502 3540 720 3606 offeret,
746 3542 799 3602 id
831 3553 915 3598 est
945 3560 1067 3599 cum
1101 3557 1285 3602 mente
1320 3548 1479 3615 virili,
1510 3561 1567 3606 et
1596 3552 1747 3619 forti,

156 3640 218 3684 et
270 3631 479 3695 stabili,
525 3640 580 3686 et
618 3649 742 3687 cum
794 3636 998 3691 valenti
1047 3638 1173 3704 ﬁde,
1212 3650 1376 3710 atque
1422 3643 1749 3702 inconcussa

156 3719 374 3774 offerre
409 3725 492 3774 vel
527 3722 734 3790 offerri,
770 3735 829 3779 ut
868 3727 1110 3783 offerens
1150 3730 1271 3785 talis
1300 3732 1373 3786 sit
1407 3734 1584 3802 qualis
1636 3735 1747 3803 ille,

156 3830 333 3883 quem
368 3812 625 3870 Salomon
661 3818 712 3869 in
752 3817 1065 3877 Proverbiis
1107 3822 1366 3879 dicebat:
1400 3826 1578 3882 Virum
1614 3810 1749 3898 ﬁde-

157 3906 268 3960 lem
297 3904 449 3958 labor
477 3916 551 3960 est
581 3908 812 3963 invenire
842 3911 909 3964 ’°.
943 3911 1093 3967 Idem
1136 3923 1219 3969 est
1259 3925 1315 3970 et
1344 3915 1387 3970 si
1417 3918 1748 3977 sacriﬁcium

157 3998 526 4069 paciﬁcorum
559 4000 757 4057 offeret
786 4002 928 4071 quis,
950 4004 1003 4059 id
1030 4014 1136 4071 est,
1157 4022 1267 4061 non
1300 4007 1443 4063 illam
1471 4026 1592 4080 qua:
1622 4028 1750 4082 per-

160 4089 309 4145 fecta
351 4098 436 4145 est
472 4091 523 4144 in
564 4093 903 4163 philosophia
926 4094 1115 4157 vitam,
1146 4098 1305 4152 veluti
1333 4115 1473 4165 eam,
1507 4118 1630 4171 quae
1664 4113 1752 4158 est

164 4183 222 4234 in
281 4197 396 4235 non
451 4183 799 4252 possidendo,
844 4185 930 4240 vel
984 4185 1040 4239 in
1073 4186 1403 4257 virginitate,
1446 4191 1514 4245 tle
1552 4193 1750 4261 quibus

168 4271 444 4327 Dominus
475 4273 685 4329 dicebat
716 4292 730 4328 :
765 4274 885 4330 Non
929 4292 1108 4331 omnes
1148 4280 1364 4349 capiunt
1391 4280 1458 4347 ",
1493 4282 1587 4337 sed
1636 4298 1752 4338 me-

165 4365 438 4431 diocrem,
479 4380 601 4434 qua:
639 4366 799 4421 nobis
834 4376 1095 4437 procurat
1138 4368 1454 4424 omnimodo
1492 4372 1749 4440 salutem,

1855 556 1945 596 ras
1992 541 2126 605 Deo,
2161 549 2257 594 aut
2302 540 2518 607 bovem,
2555 549 2648 594 aut
2677 556 2918 612 capram,
2946 551 3043 595 aut
3082 540 3285 612 aliquid
3330 543 3434 598 hu-

1850 631 2127 701 iusmodi,
2182 640 2243 685 ut
2287 630 2440 687 verbi
2495 632 2702 705 gratia,
2754 634 3127 689 sacerdotibus
3180 635 3433 706 primitiae

1853 725 2075 790 dentur,
2116 734 2213 780 aut
2251 740 2522 795 pauperes
2550 741 2615 780 ex
2647 740 2714 779 eo
2745 735 3056 795 pascantur,
3100 735 3190 781 aut
3228 726 3432 784 sanctis

1853 816 2061 886 aliquot
2114 815 2480 873 ministerium
2528 815 2652 882 ﬁat,
2705 823 2800 870 aut
2846 816 3013 870 divini
3068 817 3254 887 templi
3298 833 3432 872 con-

1854 907 2109 973 structio,
2164 909 2246 963 vel
2284 908 2505 978 aliquod
2548 909 2696 965 aliud
2749 925 2889 979 opus
2941 908 3086 978 quod
3136 909 3203 962 ad
3249 908 3429 978 ipsum

1855 1000 2098 1068 pertinet
2131 1000 2323 1065 Deum,
2365 1010 2421 1054 et
2450 1008 2735 1070 propterea
2780 999 3157 1054 holocaustum
3201 999 3425 1063 dicitur,

1856 1091 2160 1160 pollutione
2202 1099 2386 1146 careat
2430 1091 2593 1146 etiam
2637 1091 2755 1146 haec
2799 1090 3034 1147 oblatio-
3066 1090 3171 1145 Sed
3204 1105 3327 1160 quze
3357 1090 3430 1144 sit

1855 1180 1972 1235 haec
2020 1181 2283 1250 pollutio,
2334 1181 2421 1243 lex
2474 1179 2675 1245 tacuit,
2728 1180 2888 1235 nobis
2936 1180 3074 1235 da‘ns
3123 1178 3432 1250 intelligere

1852 1287 2038 1326 veram
2085 1270 2471 1341 pollutionem,
2515 1279 2571 1324 et
2614 1285 2828 1324 cavere.
2866 1270 2965 1325 Est
2995 1279 3178 1324 autem
3215 1270 3331 1325 haec
3360 1284 3431 1324 ex.

1853 1362 2064 1431 rapina,
2097 1369 2152 1415 et
2192 1360 2483 1430 injustitia,
2522 1361 2695 1415 aliave
2737 1359 2967 1415 avaritia
3011 1359 3244 1426 offerre;
3290 1358 3425 1415 abo-

1810 1506 1825 1517 ,
1852 1453 2114 1507 minabile
2159 1461 2245 1507 est
2280 1452 2429 1506 enim
2472 1452 2616 1521 apud
2662 1450 2856 1513 Deum,
2887 1459 2943 1506 et
2984 1466 3094 1505 non
3141 1458 3422 1520 acceptum

1853 1543 1925 1610 ei,
1959 1543 2032 1599 ita
2068 1552 2129 1597 ut
2168 1542 2332 1598 nimis
2368 1558 2466 1612 per
2502 1542 2827 1611 prophetam
2861 1541 3079 1597 Judieos
3105 1541 3173 1595 de
3203 1541 3308 1595 hoc
3335 1555 3423 1594 re-

1852 1633 2242 1702 prehenderet.
2284 1630 2385 1697 Qui
2421 1632 2696 1700 a’diﬁcatis
2729 1629 2854 1684 Sion
2892 1632 2947 1684 in
2985 1630 3344 1701 sanguinibus,
3373 1637 3424 1682 et

1850 1722 2146 1777 Jerusalem
2194 1724 2250 1775 in
2286 1724 2566 1792 iniquitate
2592 1723 2660 1775 ³³.
2700 1721 2792 1776 Sic
2838 1723 2988 1777 enim
3042 1721 3219 1775 littera
3260 1720 3423 1789 hujus

1852 1812 2151 1868 sanctionis
2203 1821 2259 1867 et
2310 1813 2538 1882 spiritus
2592 1821 2970 1869 conservatur.
3015 1812 3071 1866 Si
3118 1812 3339 1882 quidem
3388 1829 3426 1866 ει

1849 1904 2009 1957 nobis
2060 1903 2231 1957 semel
2282 1903 2684 1973 exponentibus
2726 1904 2985 1969 audistis,
3030 1905 3158 1974 quia
3205 1900 3432 1973 quando

1850 1991 1981 2046 dicit
2019 1993 2104 2046 lex
2143 2008 2157 2045 :
2193 1989 2387 2055 Homo,
2436 1990 2609 2056 homo,
2661 1999 2880 2062 oportet
2927 2008 3053 2046 cum
3105 1992 3425 2046 considera-

1852 2083 2000 2137 tione
2031 2082 2278 2151 spiritus,
2312 2091 2368 2136 et
2404 2082 2642 2137 mandati
2683 2082 2921 2137 litteram
2952 2081 3179 2136 intueri.

1921 2171 2086 2227 Vsus.
2128 2171 2319 2226 22-25.
2361 2190 2379 2222 ι
2423 2171 2478 2224 Si
2515 2187 2718 2226 ca-cum
2772 2171 2960 2238 fuerit,
2998 2172 3043 2226 si
3088 2171 3342 2237 fractum,
3378 2171 3424 2225 si

1849 2263 2164 2318 cicatricem
2219 2263 2449 2327 habens,
2489 2263 2534 2316 si
2584 2264 2837 2333 papulam
2889 2271 2984 2317 aut
3030 2262 3293 2325 scabiem,
3339 2264 3425 2316 vel

1851 2352 2250 2423 impetiginem,
2284 2368 2393 2406 non
2425 2351 2670 2406 offeretis
2704 2367 2765 2405 ea
2798 2352 3049 2417 Domino,
3081 2366 3258 2420 neque
3290 2352 3425 2408 ado-

1849 2441 2031 2495 lebitis
2063 2458 2129 2495 ex
2160 2441 2239 2496 eis
2267 2457 2431 2512 super
2455 2441 2626 2495 altare
2652 2439 2887 2495 Domini.
2913 2441 3139 2508 Bovem,
3160 2450 3216 2497 et
3241 2458 3422 2507 ovem,

1849 2550 2002 2599 aure,
2032 2544 2089 2589 et
2113 2535 2287 2590 cauda
2311 2534 2629 2603 amputatis,
2653 2534 2961 2588 voluntarie
2989 2533 3190 2589 offerre
3220 2542 3421 2604 potest,

1849 2635 2037 2682 votum
2069 2642 2138 2681 ex
2168 2626 2255 2680 bis
2285 2626 2416 2681 solvi
2450 2641 2560 2679 non
2592 2634 2799 2696 potest.
2821 2626 2994 2679 Omne
3022 2624 3242 2689 animal,
3279 2624 3425 2693 quod

1849 2720 1934 2775 vel
1963 2718 2237 2785 contritis,
2269 2717 2355 2771 vel
2380 2716 2578 2783 tonsis,
2607 2716 2691 2771 vel
2723 2716 2907 2779 sectis,
2942 2716 3244 2784 ablatisquc
3272 2715 3427 2770 testi-

1849 2808 1990 2863 culis
2018 2816 2124 2873 est,
2157 2823 2268 2861 non
2310 2805 2557 2861 offeretis
2600 2804 2850 2870 Domino,
2882 2803 3021 2858 etin
3057 2814 3201 2858 terra
3243 2812 3428 2859 vestra

1850 2899 1955 2954 hoc
1987 2898 2213 2954 omnino
2244 2913 2354 2952 non
2388 2896 2626 2951 facietis.
2656 2896 2732 2951 De
2769 2912 2937 2950 manu
2965 2895 3280 2967 alienigenae
3312 2910 3425 2950 non

1849 2987 2096 3043 offeretis
2141 3001 2312 3057 panes
2369 2986 2599 3041 Domino
2645 2985 2759 3041 Deo
2807 2995 3011 3052 vestro,
3061 2995 3118 3041 et
3163 2984 3425 3056 quidquid

1850 3080 1997 3136 aliud
2023 3080 2155 3134 dare
2173 3077 2447 3135 voluerint
2470 3078 2598 3148 quia
2625 3086 2879 3149 corrupta
2909 3086 2966 3133 et
2994 3077 3265 3134 maculata
3297 3087 3427 3134 sunt

1850 3171 2056 3236 omnia,
2090 3186 2200 3226 non
2242 3169 2551 3240 suscipietis
2581 3184 2666 3224 ea.
2700 3189 2720 3222 ι

1919 3263 2083 3319 Aliud
2114 3263 2204 3318 hic
2232 3263 2449 3318 videtur
2487 3262 2763 3333 legislator
2806 3262 3058 3327 innuere,
3093 3263 3260 3318 multa
3290 3278 3425 3318 con-

1850 3358 2182 3413 sideratione
2213 3357 2460 3424 dignum.
2493 3356 2568 3410 De
2604 3356 2688 3409 his
2715 3372 2837 3425 quae
2864 3356 3174 3411 offeruntur
3211 3357 3425 3423 altario,

1849 3467 1960 3506 non
1989 3451 2039 3506 ei
2068 3464 2249 3506 sermo
2275 3457 2380 3514 est,
2406 3457 2539 3505 sunt
2558 3457 2742 3503 autem
2769 3449 2862 3518 qui
2891 3448 3178 3519 mysticum
3208 3456 3263 3503 et
3297 3464 3427 3504 san-

1850 3549 2067 3597 ctorum
2110 3524 2346 3594 oﬂicium
2394 3538 2721 3594 sortiuntur.
2769 3539 2870 3593 Per
2917 3539 3254 3595 sanctionem
3298 3555 3429 3610 ergo

1850 3635 2209 3699 anteriorem,
2236 3631 2496 3688 mundam
2521 3647 2645 3687 esse
2671 3648 2701 3685 a
2728 3632 3029 3702 pollutione
3057 3633 3243 3703 populi
3274 3634 3457 3688 obla-'

1853 3727 2058 3783 tionem
2082 3723 2427 3797 praecipiens,
2450 3723 2597 3794 quod
2628 3724 2939 3780 necessarie
2969 3724 3134 3780 nimis
3160 3724 3216 3778 in
3242 3724 3428 3780 unius-

1851 3819 2119 3889 cujusque
2157 3816 2574 3872 conversatione
2616 3816 2952 3871 intcllectum
2994 3825 3094 3870 est.
3147 3815 3305 3870 Nunc
3340 3815 3426 3870 di-

1852 3914 2108 3962 numerat
2136 3924 2150 3960 :
2178 3921 2317 3977 quos
2344 3921 2455 3960 non
2489 3914 2739 3975 oporteat
2765 3906 2960 3960 altario
2989 3905 3199 3970 offerri,
3227 3915 3284 3961 et
3315 3904 3426 3975 pri-

1851 4013 2003 4053 mum
2049 3996 2182 4053 dicit
2228 4012 2294 4051 ex
2341 3997 2422 4052 eis
2468 4011 2696 4052 caecum.
2730 3995 2835 4062 Qui
2874 3996 3020 4051 enim
3064 3995 3427 4069 ignorantiam

1851 4091 2016 4145 habet
2074 4088 2213 4155 Dei,
2253 4088 2529 4160 quomodo
2571 4087 2906 4143 ministrabit
2968 4087 3102 4152 Deo,
3154 4103 3260 4143 nec
3308 4089 3425 4158 ipse

1852 4182 2174 4252 dignitatern
2205 4180 2384 4236 sciens
2414 4179 2554 4249 ejus,
2592 4178 2660 4233 ad
2690 4179 2846 4248 cuius
2875 4177 3235 4234 ministerium
3263 4193 3430 4234 voca-

1854 4283 1964 4340 tur,
2001 4288 2106 4328 nee
2133 4272 2255 4327 aliis
2284 4272 2472 4327 valens
2515 4269 2826 4340 exponere?
2861 4268 3014 4324 Unde
3053 4279 3109 4326 et
3150 4270 3431 4342 negligens

1853 4367 1999 4422 circa
2048 4381 2147 4422 eos
2193 4365 2297 4420 erit
2334 4382 2347 4419 :
2383 4364 2636 4421 nesciens
2684 4345 3028 4429 divinorum,
3078 4364 3278 4434 quibus
3329 4365 3432 4420 mi-

166 4458 271 4511 etsi
322 4473 432 4511 non
488 4458 801 4526 assequitur
848 4475 932 4523 ea,
964 4475 1087 4529 qua:
1131 4461 1200 4516 ad
1247 4462 1640 4531 prophetarum
1693 4476 1750 4521 et
1781 4463 1826 4518 D
1854 4458 2072 4523 nistrat,
2102 4457 2363 4512 virtutem
2390 4472 2405 4510 :
2436 4455 2627 4525 quales
2655 4464 2812 4510 erant
2844 4455 3064 4525 quidam
3093 4455 3428 4524 Judazorum,

166 4546 546 4615 apostolorum
602 4562 917 4602 mensuram
976 4550 1234 4604 tendunt.
1279 4549 1446 4606 Stella
1512 4554 1650 4608 enim
1716 4573 1749 4610 a

169 4637 325 4690 stella
355 4637 528 4706 differt
569 4637 625 4690 in
658 4637 906 4692 claritate
932 4639 999 4706 ",
1035 4641 1336 4695 secundum
1368 4645 1512 4711 quod
1552 4643 1754 4699 Paulus

171 4723 412 4778 dicebat.
454 4723 563 4779 Sed
601 4737 655 4779 et
686 4727 775 4781 hic
819 4727 1124 4782 masculum
1174 4745 1403 4786 necesse
1439 4741 1524 4787 cst
1555 4732 1753 4788 offerat

175 4815 587 4871 immaculatum
619 4837 632 4872 :
666 4819 784 4873 haec
814 4828 870 4874 et
899 4820 990 4873 lilii
1022 4820 1212 4886 Israel,
1251 4831 1309 4877 et
1340 4824 1564 4879 advenae
1597 4825 1752 4881 vide-

173 4909 324 4973 licet,
360 4919 415 4965 et
459 4912 553 4982 qui
600 4928 747 4967 nunc
786 4914 855 4968 ad
906 4914 1069 4971 fidem
1109 4924 1405 4978 venerunt,
1444 4918 1751 4988 adjeclique

178 5012 307 5058 sunt
330 5005 490 5060 nobis
519 5006 588 5061 ab
615 5022 804 5064 errore
829 5009 1110 5073 exteriori,
1138 5008 1392 5065 similiter
1416 5011 1749 5069 custodiant.

181 5094 258 5148 Ex
303 5112 413 5164 quo
452 5099 602 5158 enim
655 5100 854 5170 aliquis
900 5101 1069 5155 vitam
1123 5099 1436 5169 promiserit
1476 5100 1586 5156 Deo
1628 5117 1753 5171 per-

183 5183 378 5238 tectam
425 5195 482 5241 et
532 5201 1000 5256 consummatam,
1052 5207 1160 5246 non
1206 5191 1319 5260 jam
1375 5193 1749 5261 praetendere.

184 5276 330 5343 quod
361 5284 578 5349 tempus
607 5282 837 5339 multum
865 5283 918 5336 in
951 5297 1140 5338 errore
1173 5282 1355 5346 fuerit,
1385 5284 1603 5353 poterit,
1626 5284 1754 5353 quia

186 5382 288 5420 nec
330 5378 572 5439 tempore
621 5372 797 5427 virtus
845 5383 986 5444 eget,
1030 5381 1089 5428 ut
1130 5374 1401 5437 discatur;
1447 5389 1572 5430 mox
1608 5375 1752 5429 enim

185 5468 242 5512 ut
295 5476 415 5516 eam
476 5462 948 5532 affectaverimus,
1015 5466 1475 5537 quemadmodum
1537 5475 1754 5521 utamur

270 5661 315 5695 ⁸⁷
344 5662 530 5717 Matth.
565 5679 756 5725 xxvm,
796 5664 880 5721 l9.
914 5662 1003 5717 ‘20.
1079 5663 1125 5694 ⁸⁸
1158 5662 1298 5718 Psal.
1332 5678 1452 5722 va.
1480 5662 1563 5716 Μ.

191 5721 416 5787 "lCoi'.
448 5752 533 5801 λγ,
558 5734 646 5788 ιι.
725 5721 768 5765 ’⁵
801 5733 963 5788 Mich.
995 5734 1170 5801 nl,l0.
1247 5736 1293 5766 "
1318 5733 1420 5787 lsa.
1448 5749 1553 5798 Lvi,
1599 5732 1678 5785 10.

1662 5663 1705 5693 ⁸³³
1736 5660 1875 5716 Psal.
1909 5676 2094 5726 cum,
2132 5658 2249 5715 108.

1855 4551 1924 4607 de
1960 4551 2161 4621 quibus
2191 4550 2332 4604 Deus
2377 4549 2434 4604 in
2480 4549 2618 4604 Isaia
2653 4548 2914 4613 dicebat:
2951 4550 3144 4617 Videte,
3177 4551 3431 4621 quoniam

1854 4661 2030 4698 omnes
2072 4645 2389 4704 nescierunt,
2424 4642 2651 4695 universi
2692 4658 2848 4697 canes
2874 4643 3026 4707 muti,
3056 4657 3158 4695 non
3201 4640 3429 4696 valentes

1856 4736 2058 4791 latrare
2090 4734 2160 4787 ⁸⁵.
2193 4734 2545 4787 Coufractum
2585 4733 2669 4786 vel
2703 4733 3001 4786 contritum
3041 4732 3281 4786 secundo
3312 4733 3431 4785 loco

1856 4827 2059 4897 posuit,
2088 4823 2246 4893 cuius
2286 4825 2431 4877 enim
2459 4837 2655 4877 manus
2675 4838 2738 4876 ac
2775 4823 2964 4889 pedes,
3005 4824 3252 4877 actiones
3278 4821 3431 4877 vide—
3464 4860 3472 4865 -

1856 4917 2002 4979 licet,
2025 4923 2081 4970 et
2109 4915 2176 4969 ad
2201 4915 2373 4967 Deum
2411 4912 2610 4966 itinera
2638 4910 2918 4966 confracta
2948 4911 3250 4968 contritave
3279 4922 3429 4975 sunt,

1856 5023 1929 5063 ne
1980 5006 2073 5062 hic
2110 5004 2336 5074 quidem
2376 5001 2534 5057 altari
2579 5001 2892 5058 ministrare
2934 5002 3133 5072 dignus
3164 5012 3251 5058 est
3293 5021 3307 5057 :
3342 5004 3431 5060 cui

1855 5096 2115 5155 convenit
2144 5094 2275 5150 illud
2305 5093 2449 5163 quod
2486 5088 2697 5149 Psaltes
2738 5093 2817 5148 ait
2846 5110 2861 5151 ;
2890 5092 3173 5158 Gestatio,
3202 5100 3253 5147 et
3295 5092 3431 5162 infe-

1855 5189 2028 5244 licitas
2056 5188 2112 5241 in
2139 5187 2236 5241 viis
2274 5200 2475 5240 eorum.
2506 5183 2615 5243 Sed
2648 5199 2751 5239 nec
2780 5183 2871 5253 qui
2904 5183 3141 5253 linguam
3183 5182 3429 5247 incisam,

1855 5280 2157 5336 secundum
2201 5274 2343 5331 LXX
2385 5276 2569 5339 habet,
2599 5275 2651 5329 id
2689 5285 2774 5330 est
2803 5275 2848 5330 si
2886 5275 3008 5346 quis
3035 5292 3132 5345 per
3157 5275 3431 5332 sordidam

1858 5371 2047 5432 vitam,
2084 5366 2337 5423 fiduciam
2377 5365 2609 5419 docendi
2657 5364 2913 5434 perdidit,
2951 5364 3039 5420 eui
3090 5365 3167 5419 ait
3212 5363 3379 5418 David
3413 5381 3429 5419 :

1861 5456 2136 5511 Peccatori
2173 5463 2348 5509 autent
2402 5453 2536 5507 dixit
2561 5452 2695 5508 Deus
2726 5469 2742 5508 :
2769 5451 2946 5519 Quare
2991 5463 3047 5508 tu
3087 5470 3311 5508 enarras
3342 5453 3432 5521 iu-

2352 5656 2396 5689 “
2428 5654 2587 5711 Prov.
2617 5671 2704 5718 xx,
2729 5650 2783 5706 6.
2910 5653 2952 5685 ⁹¹
2981 5651 3176 5707 Matth.
3203 5665 3315 5710 xxx.
3344 5648 3431 5707 Η.
