3810 6318
384 328 519 396 1075
1555 331 1916 392 HESYCHII
1961 327 2435 395 PRESBYTERI
3510 317 3665 382 1076

383 452 556 505 stitias
578 452 817 506 meas"?
838 452 1100 507 Similiter
1126 451 1424 506 secundum
1443 449 1605 515 LXX,
1635 460 1684 505 et
1709 451 1955 519 formicu—
1982 456 2029 513 Λ
2056 444 2195 502 culis
2232 454 2335 510 est,
2380 442 2474 513 qui
2518 439 2685 495 illatis
2723 437 2825 493 sibi
2890 435 3285 492 tentationibus
3323 436 3668 495 tribulatio-

381 543 570 607 losum,
607 542 738 597 dicit
776 552 958 597 autem
1002 558 1127 596 eum
1166 542 1257 612 qui
1294 550 1589 612 occupatus
1629 550 1713 596 est
1741 542 1794 595 in
1822 553 1953 609 ope-
2052 535 2322 605 nibusque
2357 534 2544 597 cessit,
2576 530 2884 600 animaeque
2932 544 3048 583 suae
3088 527 3487 590 fortitudinem
3528 546 3664 599 per-

381 632 535 686 ribus
572 633 806 687 terrenis
834 642 890 687 et
918 632 1290 697 saecularibus,
1320 632 1412 700 qui
1443 632 1792 701 semetipsum
1824 630 1953 684 huic
2053 626 2193 681 didit
2221 642 2234 680 :
2268 638 2376 680 non
2406 624 2551 678 enim
2597 630 2812 692 oportet
2858 621 2963 674 hoc
3007 620 3237 689 perpeti,
3271 631 3380 673 nec
3419 621 3663 676 omnino

381 722 697 792 cogitationi
737 724 981 792 deputat,
1017 723 1069 776 id
1109 730 1193 777 est
1225 724 1316 792 qui
1350 723 1598 777 comedat
1622 730 1677 776 et
1704 721 1872 781 bibat,
1899 729 1955 775 et
2053 716 2249 771 cedere.
2280 710 2589 768 imminenti
2627 709 2789 770 hosti,
2822 718 2985 777 atque
3025 707 3307 778 aﬂiigenti.
3343 708 3515 763 Unde
3549 709 3660 764 Da-
3784 707 3787 781 ἢ

380 810 476 878 qui
501 813 604 867 alia
633 813 827 867 similia
855 813 1076 883 cogitat,
1101 821 1157 867 et
1185 814 1273 883 qui
1308 795 1659 878 thezaurizat,
1691 812 1950 881 quoniam
2052 808 2139 862 vid
2168 807 2244 861 ait
2279 825 2291 860 :
2330 806 2391 860 Ut
2422 805 2547 870 quid
2588 802 2754 856 tristis
2805 802 3007 865 incedo,
3043 801 3170 854 dum
3198 801 3386 871 afﬂigit
3427 820 3515 854 me
3550 805 3656 856 ini-

381 902 502 957 hazc
524 903 635 957 vita
662 903 1013 958 formicarum
1035 914 1120 960 est
1139 921 1355 975 semper
1378 905 1478 960 sibi
1504 919 1832 973 congregare
1865 918 1951 966 ea,

380 1004 502 1057 qua:
546 991 611 1044 ad
652 1000 901 1045 ventrem
948 994 1247 1061 pertinent,
1280 994 1548 1062 siquidem
1599 1002 1654 1047 et.
1698 992 1954 1047 Salomon

381 1078 437 1131 in
472 1078 783 1133 Proverbiis
821 1080 989 1134 dicit:
1020 1081 1160 1135 Vade
1202 1084 1273 1135 ad
1315 1083 1612 1151 formicam,
1643 1100 1672 1134 ο
1709 1083 1873 1151 piger,
1906 1089 1955 1135 et

380 1170 654 1223 considera
701 1172 815 1225 vias
861 1172 973 1240 ejus
1010 1173 1075 1227 ".
1127 1173 1263 1239 Quia
1314 1174 1461 1227 enim
1510 1174 1576 1228 ad
1619 1174 1953 1243 operandum

380 1261 594 1330 pigrum
635 1264 985 1330 provocabat,
1015 1274 1304 1333 propterea
1351 1264 1752 1319 transmittebat
1794 1279 1953 1329 eum,

381 1351 525 1406 sicut
551 1352 620 1406 ad
651 1353 1010 1422 operatrieem
1048 1353 1351 1418 formicam,
1385 1369 1494 1407 non
1531 1365 1589 1407 ut
1622 1354 1746 1407 talia
1776 1354 1955 1422 qualia

384 1445 610 1497 formica
643 1456 986 1514 operaretur,
1019 1447 1112 1500 sed
1161 1455 1222 1501 ut
1255 1446 1605 1500 aemularetur
1651 1446 1953 1511 formicam,

382 1530 521 1602 opus
551 1535 617 1588 ad
652 1536 857 1603 majora
899 1535 1212 1600 transferre,
1249 1537 1301 1591 id
1346 1545 1428 1591 est
1467 1536 1532 1590 ad
1569 1536 1805 1606 agendas
1844 1535 1958 1588 vir-

385 1635 548 1680 tutes.
576 1625 735 1680 Unde
759 1627 896 1681 LXX
926 1629 1218 1682 ediderunt
1249 1648 1261 1681 :
1295 1629 1362 1682 Et
1394 1629 1588 1697 efficere
1618 1627 1712 1680 illa
1745 1627 1955 1696 sapien-

384 1714 506 1768 tior.
533 1714 624 1769 Sic
663 1730 788 1787 ergo
817 1717 1001 1777 homo.
1047 1731 1169 1771 cum
1206 1718 1384 1771 divina
1421 1718 1627 1779 studet,
1659 1716 1956 1787 sapientior

2052 899 2217 951 micus
2250 896 2307 948 ‘?
2353 894 2601 964 Oportet,
2635 893 2831 961 inquit,
2863 907 2951 944 me
2988 890 3224 961 gaudere
3252 900 3311 945 et
3336 892 3652 955 exsultare,

2054 997 2243 1057 utpote
2270 987 2359 1056 qui
2394 986 2460 1040 ad
2492 994 2766 1039 certamen
2806 998 2990 1045 vocor,
3037 982 3089 1035 in
3120 997 3230 1051 quo
3276 982 3464 1036 victor
3491 981 3652 1037 exsi-

2055 1090 2193 1135 stam
2231 1099 2243 1134 :
2279 1096 2403 1133 nam
2434 1087 2491 1132 et
2524 1075 2766 1131 victoriae
2797 1076 3019 1129 modum
3056 1075 3306 1129 subdidit
3338 1093 3352 1128 :
3388 1075 3572 1144 Spera
3598 1078 3651 1128 in

2054 1164 2296 1235 Domino,
2324 1172 2573 1242 quoniam
2605 1168 2885 1235 conﬁtebor
2917 1166 3018 1230 illi,
3043 1167 3283 1220 salutare
3312 1166 3499 1220 vultus
3528 1170 3648 1232 mei,

2055 1276 2104 1319 et
2136 1265 2272 1319 Deus
2301 1281 2443 1318 meus
2474 1264 2517 1318 ’.
2565 1261 2743 1316 Scctis
2773 1260 3075 1328 ablatisque
3106 1259 3379 1313 testiculis
3416 1269 3525 1321 est,
3557 1261 3649 1329 qui

2057 1373 2161 1410 una
2196 1356 2408 1410 actione
2443 1369 2632 1418 prava,
2666 1352 2943 1421 animique
2985 1351 3264 1420 impietate
3311 1360 3371 1405 et
3426 1362 3651 1406 secante

2055 1445 2199 1500 sicut
2237 1444 2493 1506 cultrum,
2523 1453 2579 1497 et
2614 1442 2922 1506 auferente,
2960 1440 3433 1508 quemadmodum
3486 1441 3651 1493 nimis

2054 1534 2246 1599 effera:
2284 1545 2340 1590 et
2377 1534 2642 1604 direpti-ix
2672 1548 2867 1587 manus
2895 1534 3248 1601 semetipsum
3281 1532 3649 1597 abscindens,
3688 1600 3696 1607 _

2055 1634 2111 1679 et
2140 1625 2397 1678 auferens
2439 1638 2469 1677 a
2515 1622 2905 1692 conjunctione
2943 1621 3061 1685 Dei,
3093 1636 3212 1690 quae
3242 1632 3335 1675 est
3372 1622 3436 1675 in
3476 1623 3641 1676 virtue

2056 1718 2222 1782 tibus,
2255 1716 2556 1771 secundum
2607 1716 2753 1783 quod
2797 1714 3055 1778 diximus,
3088 1714 3341 1782 privatus
3381 1714 3568 1783 prole,
3600 1724 3647 1767 et

383 1803 633 1870 rﬂicitur,
687 1806 754 1860 ab
811 1807 903 1859 illo
956 1808 1049 1876 qui
1108 1817 1323 1861 terrena
1375 1817 1651 1877 operatur.
1698 1807 1956 1876 Papulam
1989 1807 2029 1859 Β
2058 1807 2228 1878 signis
2271 1806 2445 1861 virilis
2494 1804 2849 1876 cognitionis,
2884 1818 3117 1873 quorum
3165 1804 3374 1858 damno
3419 1804 3546 1873 ipse
3597 1821 3649 1860 se

386 1897 615 1962 habens,
666 1899 752 1951 vel
798 1899 1072 1963 scabiem,
1129 1899 1403 1953 detractor
1455 1899 1790 1969 intelligitur,
1830 1900 1956 1968 quia

386 1988 659 2058 pessimus
701 1991 819 2059 ejus
864 1990 1102 2050 morbus,
1128 1999 1189 2044 et
1227 1991 1583 2060 asperrimum
1612 1990 1733 2059 ejus
1762 1990 1959 2043 vulnus

385 2087 468 2135 est
504 2099 517 2133 :
557 2083 706 2135 nullo
758 2082 906 2136 enim
959 2081 1319 2137 medicamine
1376 2081 1534 2135 facile
1579 2088 1763 2151 potest
1809 2080 1955 2135 miti-

384 2173 521 2243 gari.
575 2172 907 2245 Impetiginis
956 2175 1183 2238 habens,
1228 2173 1525 2229 fornicator
1569 2182 1672 2238 est,
1722 2174 1958 2229 maculat

386 2250 531 2317 enim
561 2279 721 2319 suum
759 2280 978 2334 corpus,
1024 2274 1245 2335 propter
1281 2265 1424 2335 quod
1464 2264 1660 2319 Paulus
1691 2266 1902 2319 diccbat
1939 2282 1953 2318 :

386 2356 488 2419 Qui
545 2367 721 2411 autem
776 2359 1089 2427 fornicatur,
1136 2360 1189 2412 in
1238 2374 1425 2426 corpus
1473 2373 1626 2410 suum
1673 2366 1849 2424 peccat
1888 2356 1953 2410 ⁸⁷.

384 2444 600 2500 Nullum
636 2462 766 2515 ergo
797 2449 992 2501 horum
1024 2447 1270 2516 deputari
1306 2447 1374 2500 ad
1415 2445 1779 2500 ministerium
1817 2446 1955 2500 alta-

384 2535 460 2589 ris
507 2534 733 2604 spiritus
781 2535 1105 2604 legislatoris
1157 2536 1293 2589 vult.
1342 2534 1639 2603 Propterea
1677 2537 1796 2589 ait:
1837 2534 1956 2587 Non

385 2624 606 2693 offerelis
633 2641 694 2677 ea
729 2624 972 2690 Domino,
995 2641 1088 2678 nec
1112 2625 1384 2678 adolebitis
1413 2641 1476 2677 ea;
1500 2625 1572 2677 eis
1604 2641 1758 2694 super
1783 2624 1956 2677 altare

383 2714 617 2768 Domini.
669 2715 795 2768 Sive
847 2717 1144 2770 secundum
1194 2715 1335 2769 LXX
1376 2735 1390 2771 :
1428 2716 1545 2769 Non
1593 2717 1802 2785 offerent
1847 2717 1955 2769 lucc

386 2803 628 2861 Domino,
665 2814 712 2856 et
749 2821 906 2872 super
955 2805 1128 2858 altare
1178 2822 1282 2859 non
1327 2807 1539 2858 dabitur
1580 2807 1643 2859 de
1688 2807 1762 2859 eis
1801 2823 1956 2872 super

382 2893 555 2947 altare
586 2892 830 2947 Domino.
867 2886 1210 2948 Sacrificium
1249 2904 1429 2948 autem
1467 2895 1810 2964 pacifirorum
1843 2911 1952 2948 non

382 2984 553 3040 addit.
587 2986 1046 3054 quemadmodum
1092 2986 1378 3056 superius;
1410 2988 1557 3041 omni
1602 2987 1761 3040 modo
1790 2986 1951 3039 intel-

382 3074 537 3143 ligas,
562 3075 628 3129 de
656 3074 740 3129 his
761 3075 853 3143 qui
878 3077 1148 3146 mysteriis
1174 3076 1505 3141 ministrant,
1536 3076 1663 3130 diei.
1693 3074 1755 3128 lli
1787 3075 1947 3129 ctiam

384 3163 762 3218 holocaustum
809 3180 930 3219 esse
976 3180 1114 3234 opus
1156 3166 1380 3228 habent,
1441 3166 1607 3219 vitam
1655 3164 1949 3234 perfectam

378 3268 437 3311 et
490 3267 921 3319 consummatam
981 3268 1223 3329 agentes.
1281 3243 1422 3324 Quid
1475 3268 1657 3312 autem
1717 3257 1801 3311 his
1853 3256 1953 3311 ad-

379 3350 560 3405 didit?
1372 3362 1375 3365 '
1846 3356 1855 3364 '

454 3438 644 3495 Bovem
676 3453 724 3496 et
757 3459 922 3506 avem,
964 3459 1094 3495 aure
1126 3453 1173 3497 et
1211 3446 1381 3498 cauda
1424 3447 1734 3515 amputatis,
1764 3446 1948 3499 volun-

384 3534 522 3586 tarie
567 3533 748 3602 offerre
792 3543 959 3605 potest
992 3550 1011 3590 .'
1042 3543 1215 3587 votum
1256 3545 1434 3603 autem,
1470 3552 1533 3589 ea:
1565 3536 1644 3589 liis
1682 3532 1811 3590 solvi
1850 3551 1952 3589 non

381 3631 566 3691 potest.
612 3621 775 3677 Omne
816 3623 1021 3675 animal
1059 3623 1196 3692 quod
1242 3623 1323 3676 vel
1357 3624 1609 3688 contritis,
1647 3626 1724 3677 vel
1768 3627 1947 3687 tonsis,

379 3712 463 3766 vel
503 3714 653 3767 sectis
692 3713 984 3783 ablatisque
1026 3713 1276 3767 testiculis
1314 3723 1408 3776 est,
1442 3730 1543 3766 non
1576 3715 1796 3783 oﬂ'eretis
1843 3717 1950 3770 Do-

381 3803 546 3856 mino.
581 3802 873 3872 Disciplina
895 3818 1026 3872 ergo
1048 3803 1237 3867 multa,
1262 3811 1316 3856 et
1339 3818 1461 3870 quae
1483 3803 1710 3858 decebat
1736 3805 1950 3876 legisla-

383 3900 580 3957 torem,
610 3893 676 3947 ad
723 3894 886 3962 hujus
927 3891 1335 3956 distinctionem
1381 3892 1647 3950 sermonis
1684 3909 1815 3950 usus
1846 3906 1948 3961 est,

380 3997 543 4051 quam
585 3991 639 4037 et
674 3983 729 4037 in
776 3984 1147 4053 superioribus
1184 3984 1447 4040 custodiri
1477 3993 1712 4054 Oportet.
1747 3986 1950 4039 Aurem

381 4081 563 4128 autem
607 4083 940 4144 amputatam
976 4074 1163 4140 habet,
1195 4076 1286 4145 qui
1335 4076 1719 4131 inobedientiae
1760 4076 1951 4129 morbo

380 4164 622 4236 languet,
657 4166 748 4235 qui
793 4166 1224 4220 detractionibus
1266 4167 1483 4236 gaudet,
1519 4166 1611 4234 qui
1652 4165 1952 4220 delectatur

381 4257 633 4326 turpibus
664 4256 965 4321 auditibus,
996 4257 1089 4325 qui
1125 4258 1292 4311 bonos
1337 4272 1618 4311 sermones
1647 4266 1946 4311 aversatur.

381 4347 622 4401 Caudam
656 4355 988 4415 amputatam
1024 4347 1206 4409 habet,
1237 4347 1327 4414 qui
1364 4347 1431 4399 de
1457 4347 1772 4401 novissimis
1801 4347 1950 4417 cogi-

2059 1899 2311 1968 subjecit.
2356 1899 2508 1952 Alter
2537 1907 2622 1951 est
2655 1897 2925 1966 siquidem
2956 1895 3049 1965 qui
3090 1896 3357 1965 paulatim
3400 1899 3648 1951 conteri-

2059 2000 2168 2055 tur,
2210 1999 2266 2044 et
2316 1990 2472 2053 alter,
2514 1987 2609 2057 qui
2657 1987 2840 2041 subito
2887 1987 3264 2055 semetipsum,
3322 1997 3504 2057 atque
3548 2005 3649 2042 una

2058 2080 2196 2133 mala
2216 2078 2429 2132 actione
2459 2079 2611 2147 prole
2642 2078 2908 2131 virtutum
2942 2076 3140 2145 privat,
3170 2079 3646 2145 quemadmodum

2057 2170 2265 2233 Simon,
2298 2168 2551 2239 pecuniis
2582 2183 2767 2222 emere
2806 2167 3011 2221 donum
3044 2167 3133 2220 Dei
3168 2168 3466 2222 mstimans
3499 2171 3543 2233 ³,
3569 2183 3644 2224 est

2056 2260 2286 2314 effectus
2335 2276 2365 2313 a
2414 2271 2562 2314 sorte
2611 2260 2732 2328 ejus
2782 2258 3013 2312 alienus.
3063 2257 3170 2313 Sed
3227 2275 3400 2312 unam
3453 2261 3645 2315 barum

2056 2351 2394 2406 macularum
2438 2350 2733 2419 quispiam,
2761 2351 2847 2404 vel
2884 2365 3036 2403 nunc
3071 2349 3373 2412 dicturum,
3401 2352 3495 2405 vel
3529 2369 3646 2421 qua-

2055 2442 2266 2511 pridem
2314 2441 2782 2496 dinumeravimus
2827 2440 3067 2506 habens,
3109 2450 3205 2496 aut
3251 2444 3644 2498 mandatorum

2054 2540 2141 2587 est
2184 2540 2460 2602 operator,
2510 2541 2566 2586 et
2613 2540 2902 2605 propterea
2949 2531 3153 2587 vitulus
3190 2548 3205 2584 :
3246 2542 3347 2586 aut
3386 2535 3640 2603 simplex,

2054 2634 2110 2678 et
2155 2624 2273 2677 ovis
2314 2624 2620 2693 appellatur
2667 2638 2731 2677 ex
2782 2624 2905 2685 hoc,
2952 2625 3253 2678 secundum
3300 2628 3455 2693 quod
3509 2627 3640 2681 LXX

2055 2715 2244 2779 edunt,
2294 2731 2394 2783 pro
2434 2730 2502 2769 eo
2542 2715 2686 2783 quod
2731 2724 2919 2768 nostra
2962 2715 3247 2769 translatio
3289 2717 3465 2772 habet
3504 2738 3519 2773 :
3555 2717 3637 2771 Vo-

2056 2805 2287 2859 luntarie
2334 2806 2509 2874 offerri
2550 2816 2737 2874 potest.
2787 2805 3015 2861 Occidcs
3061 2822 3126 2861 ea
3171 2807 3548 2877 tibimetipsi;
3589 2819 3643 2863 ut

2054 2914 2163 2952 non
2193 2898 2339 2952 omni
2384 2899 2545 2952 modo
2586 2898 2707 2951 illos
2735 2914 3075 2960 aversemur,
3111 2914 3215 2953 nec
3256 2899 3310 2952 in
3348 2911 3512 2969 parte
3542 2902 3643 2953 ini-

2053 2989 2182 3043 mici
2211 2989 2558 3058 deputemus,
2584 2990 2677 3043 sed
2703 2991 2997 3043 doceamus
3018 3006 3135 3050 eos,
3158 2999 3214 3045 et
3238 2991 3640 3046 exbortemur:

2052 3080 2304 3150 Nunquid
2328 3081 2417 3148 qui
2446 3081 2606 3141 cadit,
2636 3098 2739 3133 non
2772 3082 2985 3150 adjiciet
3023 3092 3079 3135 ut
3110 3093 3378 3153 resurgat,
3416 3097 3516 3138 aut
3556 3086 3642 3153 qui

2054 3186 2267 3227 aversus
2309 3183 2388 3226 est
2430 3189 2533 3226 non
2564 3182 2850 3226 revertetur
2877 3172 2935 3226 ‘?
2971 3172 3159 3228 Occidi
3201 3186 3393 3228 autem
3443 3176 3642 3229 dicun-

2056 3278 2144 3323 tur
2192 3268 2499 3324 mortificati
2535 3279 2762 3339 peccato
2827 3284 2924 3337 per
2977 3268 3437 3332 admonitionem,
3469 3279 3531 3323 ut
3556 3271 3643 3337 ju-

2056 3361 2218 3416 stitiae
2276 3361 2482 3415 vivant.
2539 3359 2633 3416 ι-ιω
2675 3369 2855 3413 autem
2920 3359 3248 3425 occisiones,
3305 3362 3477 3414 nobis
3539 3362 3641 3414 illis

2055 3452 2183 3506 licet
2222 3452 2589 3512 commisceri,
2637 3451 2732 3505 sed
2763 3466 2862 3519 pro
2889 3460 3014 3504 voto
3057 3465 3164 3504 non
3212 3450 3524 3506 offeramus
3553 3466 3642 3507 eas

2053 3540 2188 3604 Deo,
2216 3542 2270 3595 id
2303 3550 2387 3596 est
2414 3543 2480 3595 ad
2516 3541 2880 3595 ministerium
2913 3541 3033 3609 ejus
3070 3542 3363 3610 mysticum
3402 3559 3515 3597 non
3552 3558 3641 3596 eas

2054 3632 2394 3686 ordinemus.
2446 3633 2589 3702 Ergo
2631 3631 2927 3700 quamlibet
2968 3631 3351 3700 praedictarum
3402 3634 3642 3688 macula-

2054 3738 2176 3776 rum
2209 3723 2495 3788 habentes,
2532 3724 2577 3776 si
2613 3722 2990 3792 paenitentiam
3030 3724 3243 3793 egerint
3273 3739 3448 3792 super
3472 3740 3559 3788 ea,
3587 3735 3641 3779 et

2053 3813 2221 3867 occisi
2276 3813 2483 3868 fuerint
2536 3813 2952 3869 rnortilicationc
3001 3814 3213 3884 peccati
3270 3816 3641 3885 suscipiamus

2052 3904 2272 3974 quidem
2318 3919 2436 3966 eos,
2480 3912 2535 3958 et
2576 3904 2884 3958 membrum
2919 3904 3225 3959 communis
3254 3907 3512 3975 corporis
3546 3906 3641 3959 ba—

2052 3993 2278 4046 beamus
2309 4009 2322 4044 :
2354 3992 2481 4062 quia
2512 3989 2751 4046 Christus
2778 3993 2916 4046 venit
2945 3994 3001 4045 in
3032 3994 3171 4046 hunc
3206 3997 3489 4058 mundum,
3514 4011 3637 4062 pee-

2052 4092 2255 4135 catores
2301 4083 2473 4137 salvos
2522 4084 2697 4153 facere
2723 4083 2765 4147 ';
2816 4084 3007 4137 altario
3057 4092 3241 4138 autem
3288 4084 3484 4139 offerri
3528 4102 3635 4140 non

2053 4173 2195 4226 licet.
2238 4172 2366 4235 liae,
2417 4182 2475 4226 ut
2517 4182 2672 4242 puto.
2722 4174 3076 4230 distinctione
3116 4184 3171 4230 et
3214 4176 3442 4243 Paulus,
3503 4179 3634 4233 seri-

2052 4263 2191 4316 bens
2255 4262 2325 4317 ad
2378 4259 2715 4327 Cotinthios,
2772 4280 2906 4319 usus
2961 4275 3088 4319 est:
3134 4267 3338 4335 Scripsi
3393 4269 3539 4322 vobis
3581 4270 3630 4321 is

2053 4350 2295 4418 epistola,
2331 4367 2433 4403 non
2461 4354 2786 4407 commisceri
2817 4355 3135 4424 fornicariis,
3170 4372 3273 4409 non
3304 4358 3495 4423 utique
3528 4360 3630 4427 for-

380 4443 481 4497 tat,
516 4435 640 4501 quia
685 4435 853 4488 cauda
904 4444 989 4489 est
1038 4444 1279 4490 extrema
1328 4450 1452 4504 pars
1496 4436 1761 4504 corporis.
1810 4435 1951 4491 Sunt
1980 4460 2022 4512 υ
2056 4441 2273 4494 nicariis
2300 4442 2481 4494 mundi
2516 4441 2696 4508 huius,
2727 4452 2821 4496 aut
2850 4446 3048 4507 avaris,
3078 4455 3171 4499 aut
3203 4450 3512 4515 rapacibus.
3541 4458 3631 4500 ast

379 4538 512 4595 ergo
549 4525 765 4593 proprie
797 4523 1022 4579 caudam
1056 4532 1386 4593 atnputatam
1433 4526 1713 4591 habentes,
1747 4526 1840 4594 qui
1883 4542 1946 4581 ea

378 4632 503 4687 qua:
544 4625 672 4670 sunt
724 4615 1042 4680 novissima,
1083 4616 1293 4685 abjecta
1341 4632 1403 4670 ac
1456 4617 1601 4680 vilia,
1629 4626 1684 4671 et
1725 4617 1946 4672 minima

378 4708 647 4778 pendunt.
688 4708 781 4777 qui
825 4708 958 4761 nihil
999 4708 1217 4762 sibimet
1256 4709 1307 4762 in
1341 4708 1539 4763 futuris
1576 4708 1787 4764 sareulis
1823 4709 1944 4763 the-

380 4800 678 4867 saurizant.
706 4800 798 4870 qui
844 4800 1040 4854 futuris
1081 4816 1189 4853 non
1229 4801 1536 4869 provident,
1577 4801 1670 4870 qui
1703 4799 1892 4855 dicunt
1925 4817 1941 4855 :

380 4890 752 4945 Manducemus
793 4901 843 4944 et
893 4891 1149 4955 bibamus,
1208 4908 1325 4945 cras
1372 4893 1511 4946 enim
1552 4893 1835 4945 moriemur
1874 4892 1942 4946 ³⁸.

376 4983 644 5037 Contritis
676 4982 940 5038 testiculis
967 4992 1073 5045 est,
1104 4982 1194 5050 qui
1232 4984 1488 5051 paulatim
1520 4992 1805 5039 crescente
1824 4998 1945 5038 vna-

380 5072 516 5137 lilia,
550 5073 787 5128 cori-terit
821 5086 975 5126 suum
1008 5072 1065 5125 in
1098 5071 1388 5127 virtutibus
1426 5073 1655 5141 prolem,
1685 5083 1740 5126 et
1769 5072 1945 5142 signa,

378 5176 478 5229 per
507 5178 628 5230 quae.
661 5163 740 5216 vir
780 5161 955 5231 possit
998 5161 1238 5229 agnosci.
1269 5162 1371 5225 Qui
1408 5171 1464 5216 et
1500 5172 1647 5217 recte
1690 5163 1948 5231 reproba-

382 5261 489 5313 tur,
539 5252 666 5320 quia
724 5251 1046 5322 sibimetipsi
1098 5252 1152 5305 in
1204 5252 1404 5307 talibus
1448 5253 1673 5316 nocuit,
1728 5255 1795 5307 de
1842 5269 1949 5322 quo

380 5341 515 5397 dixit
553 5344 718 5398 David
755 5363 766 5397 :
800 5345 949 5400 Dum
985 5348 1407 5415 confringantur'
1433 5345 1609 5397 omnia
1653 5360 1768 5398 ossa
1806 5362 1944 5411 mea,

383 5435 829 5501 exprobrauerunt
851 5454 931 5490 me
953 5438 1041 5506 qui
1077 5435 1330 5489 tribulant
1360 5452 1442 5488 me
1465 5434 1532 5488 ".
1565 5435 1759 5489 'l‘onsis
1792 5436 1947 5489 testi-

458 5645 506 5674 ⁸³
536 5652 674 5706 Psal.
700 5671 842 5712 κως.
873 5656 957 5710 16.

388 5720 476 5778 15.
550 5724 572 5754 ¹
605 5724 736 5777 ibid.

1066 5659 1109 5688 '“"
1134 5657 1292 5710 Prov.
1324 5674 1398 5717 vt.
1422 5656 1474 5712 6.

1579 5659 1623 5689 ’⁷
1648 5657 1666 5711 l
1695 5658 1820 5713 Cor.
1857 5674 1930 5722 vt,
1961 5657 2046 5712 18.

816 5727 835 5754 ³
870 5727 987 5780 Act.
1021 5729 1248 5795 “11,20.
1325 5727 1460 5782 “Ps.
1490 5744 1577 5795 χι,
1620 5729 1672 5784 9.
1749 5730 1770 5761 ⁸
1797 5727 1840 5785 ll
1872 5728 2007 5784 Tim.
2039 5745 2074 5797 ι,
2104 5728 2188 5784 15.

2057 4534 2211 4587 idolis
2258 4531 2623 4595 servientibus,
2670 4534 2964 4587 debueratis
3008 4536 3145 4589 enim
3190 4553 3253 4590 ea:
3297 4537 3396 4590 hoc
3443 4541 3630 4591 mundo

2058 4624 2239 4677 exisse.
2271 4622 2422 4675 Nunc
2452 4633 2627 4676 autem
2656 4624 2840 4690 scripsi
2872 4624 3016 4678 vobis
3050 4641 3151 4677 non
3186 4627 3537 4679 commisceri.
3574 4625 3630 4679 Si

2056 4714 2100 4767 is
2122 4714 2219 4782 qui
2245 4715 2409 4783 frater
2433 4714 2752 4776 nominatur,
2781 4721 2875 4767 aut
2906 4716 3196 4783 fornicator
3224 4725 3319 4777 est,
3352 4726 3451 4769 aut
3484 4716 3629 4769 idolis

2057 4806 2303 4868 serviens,
2347 4813 2440 4856 aut
2499 4820 2723 4870 avarus,
2771 4808 3054 4872 detractor,
3090 4815 3185 4859 aut
3231 4807 3494 4871 ebriosus,
3536 4816 3628 4859 aut

2058 4910 2250 4964 rapax,
2282 4908 2403 4949 cum
2436 4895 2736 4964 hujusmodi
2769 4912 2860 4949 nec
2893 4897 3062 4950 cibum
3095 4914 3306 4951 sumere
3331 4902 3372 4950 ‘.
3413 4897 3631 4950 Fratres

2052 4985 2347 5040 nominans
2378 4985 2523 5051 illic,
2570 5000 2666 5039 eos
2716 4986 2812 5055 qui
2863 4986 3057 5040 altario
3113 4988 3444 5048 ministrant,
3497 4987 3628 5055 quia

2054 5073 2288 5128 maxime
2320 5089 2436 5136 eos,
2469 5075 2561 5144 qui
2604 5075 2868 5130 doctrinae
2906 5077 3081 5131 sortiti
3115 5087 3247 5132 sunt
3284 5078 3627 5149 dignitatem,

2054 5173 2108 5219 et
2149 5165 2349 5235 quibus
2391 5181 2627 5235 praeesse
2670 5167 2887 5236 populis
2927 5169 3197 5223 creditum
3233 5179 3337 5223 est.
3380 5168 3444 5223 lli
3482 5169 3630 5224 enim

2056 5257 2098 5310 si
2132 5257 2261 5326 quid
2298 5257 2403 5312 tale
2448 5250 2759 5317 habuerint.
2793 5259 2969 5313 modis
3008 5261 3266 5315 oumibus
3293 5270 3510 5330 oportet
3540 5277 3628 5315 so-

2054 5346 2309 5401 cietatem
2367 5363 2558 5401 eorum
2610 5349 2849 5403 aversari
2895 5367 2909 5404 :
2960 5350 3089 5419 quia
3144 5366 3310 5422 super
3364 5353 3624 5421 populum

2055 5438 2330 5492 abundare
2355 5439 2651 5494 virtutibus
2678 5440 2735 5494 bi
2755 5440 2844 5509 qui
2867 5452 3128 5510 praesunt,
3148 5458 3375 5498 necesse
3400 5444 3620 5506 habent,

2718 5665 2762 5695 ⁹⁹
2790 5659 2878 5717 Ps.
2925 5679 3033 5729 xu,
3067 5661 3153 5717 11.

2267 5731 2330 5783 ‘l
2367 5732 2492 5785 Cor.
2523 5747 2577 5799 v,
2613 5731 2764 5787 9-19..

2146 5660 2189 5691 ⁹⁸
2210 5660 2230 5715 Ι
2251 5659 2374 5715 Cor.
2411 5677 2496 5723 xv,
2525 5661 2615 5715 ⁵52.
2718 5665 2762 5695 ⁹⁹
2790 5659 2878 5717 Ps.
2925 5679 3033 5729 xu,
3067 5661 3153 5717 11.
3232 5661 3251 5695 ⁸
3282 5662 3373 5719 Ps.
3408 5680 3537 5731 sui,
3560 5663 3617 5731 Ξ,
