3810 6318
380 209 517 274 1079

1563 213 1923 273 HESYCHII
1972 216 2441 280 PRESBYTERI

3562 220 3733 285 meo

377 318 822 392 rnmlsrael.Ego
841 319 1105 374 Dominus
1125 320 1520 389 quisanctiﬁco
1538 321 1872 376 voseteduxi
1889 323 1958 378 de
1991 333 2032 388 Α
2062 342 2196 381 usus
2251 337 2356 392 est,
2405 328 2709 398 planiorem
2779 331 2899 399 ejus
2962 329 3205 386 efficiens
3272 331 3725 388 intellectum.

378 422 523 465 terra
539 410 754 483 Egypti
772 421 830 467 ut
845 426 1021 467 essem
1037 412 1190 467 vobis
1216 412 1269 465 in
1300 411 1490 468 Deum.
1505 412 1618 482 Ego
1634 413 1913 470 Dominus.
1927 434 1947 466 ι

449 483 607 554 Sicut
633 501 1060 558 satisfactionem
1079 516 1186 554 non
1218 499 1387 555 habet
1438 501 1482 555 si
1513 501 1638 571 quis
1655 502 1953 559 inchoante

375 590 527 646 Novo
551 589 925 660 Testamento,
955 592 1233 647 veteribus
1285 579 1512 657 secvi'at,
1530 603 1593 665 et
1631 596 1953 666 evangelica

375 682 771 753 praedicatione
832 695 1086 738 currente
1140 683 1443 738 secundum
1484 685 1723 741 litteram
1770 686 1949 752 vivat;

375 775 572 845 injuria
594 785 677 830 est
700 778 847 830 enim
881 772 1029 846 ejus,
1051 776 1142 846 qui
1171 784 1402 846 utraque
1429 777 1638 846 sanxitf,
1676 794 1788 832 non
1811 786 1951 832 tem-

374 865 601 934 poribus
626 867 695 920 ab
733 882 799 921 eo
828 866 1102 922 distinctis
1125 867 1467 932 obediamus,
1531 869 1612 923 sic
1667 869 1789 925 sine
1843 870 1952 923 ulla

372 956 533 1010 venia
567 966 652 1011 est
680 965 874 1026 putare
897 958 1231 1027 quempiam,
1264 958 1351 1012 vel
1404 959 1631 1013 omnino
1686 959 1950 1031 cogitare,

373 1047 500 1116 quia
542 1047 599 1101 in
628 1046 814 1101 futuro
841 1057 1087 1119 tempore
1131 1050 1471 1120 Operandum
1501 1051 1710 1121 aliquid
1734 1067 1950 1116 eorum,

374 1153 494 1207 qua:
515 1154 663 1194 nunc
686 1139 843 1194 nobis
872 1140 941 1195 ad
970 1141 1310 1211 Operandum
1346 1150 1617 1212 praecepta
1657 1151 1953 1208 sunt,con-

371 1236 644 1283 servatur.
677 1227 735 1282 Si
768 1245 891 1298 ergo
917 1230 1272 1295 immolaveris
1293 1231 1519 1283 hostiam
1534 1247 1629 1300 pro
1650 1233 1951 1301 gratiarum

278 1382 283 1389 Α
367 1321 579 1375 actione
618 1321 865 1375 Domino.
922 1320 1308 1391 Evangelicam
1367 1323 1419 1377 ei
1471 1324 1950 1378 conservationem

368 1414 722 1482 promittens,
746 1414 863 1468 haec
886 1422 971 1467 est
995 1415 1142 1468 enim
1170 1414 1465 1485 gratiarum
1496 1415 1730 1469 actionis
1769 1415 1950 1470 hostia

369 1506 625 1570 Domino,
667 1504 792 1574 quia
824 1520 1166 1575 quaecunque
1192 1506 1260 1560 ad
1306 1505 1523 1560 laudem
1573 1506 1692 1576 ejus
1718 1514 1775 1560 et
1830 1507 1951 1577 glo-

369 1594 508 1648 riam
527 1595 829 1664 pertinent,
860 1595 1094 1665 peragit.
1129 1594 1291 1661 Quod
1318 1595 1657 1650 demonstrat
1685 1596 1950 1653 Dominus

369 1686 652 1756 apostolis,
687 1685 878 1741 dicens
904 1670 1137 1740 :Lueeat
1188 1686 1281 1740 lux
1312 1694 1484 1740 vestra
1521 1703 1697 1740 coram
1720 1689 1954 1741 homini-
1985 1704 2027 1758 Β

371 1777 487 1840 bus,
524 1786 583 1831 ut
607 1778 821 1831 uideant
848 1776 984 1830 bona
1014 1786 1184 1832 vestra
1210 1794 1391 1847 opera,
1419 1787 1468 1831 et
1500 1778 1791 1849 gloriﬁcent
1836 1779 1949 1834 Pa-

373 1874 506 1919 trem
529 1875 759 1919 vestrum
783 1867 874 1935 qui
906 1868 963 1920 in
988 1866 1129 1920 caelis
1151 1876 1224 1920 est
1254 1867 1318 1921 ¹⁵.
1351 1868 1668 1923 Immolatur
1698 1869 1949 1936 Domino,

375 1955 623 2025 utpossit
648 1969 771 2009 esse
810 1955 1113 2025 placabilis,
1136 1956 1282 2025 quod
1311 1955 1455 2011 LXX
1483 1957 1774 2012 ediderunt
1801 1975 1813 2011 :
1849 1959 1952 2012 Ac-

373 2054 523 2115 cepta
560 2046 699 2099 vobis
720 2045 1084 2111 immolabitis,
1116 2046 1168 2100 id
1189 2056 1293 2114 est,
1330 2048 1396 2102 ad
1421 2049 1839 2118 "suscipiendum
1872 2049 1946 2104 di-

374 2153 479 2208 gne
502 2138 813 2208 pradictam
849 2139 1323 2194 conversationem
1380 2154 1628 2210 agamus,
1657 2140 1955 2211 perﬁcien-

376 2238 461 2283 tes
479 2244 621 2293 eam,
654 2238 710 2284 et
739 2244 850 2283 non
912 2230 1258 2286 imminutam
1296 2231 1691 2300 relinquentes,
1729 2237 1956 2303 propter

374 2321 523 2390 quod
543 2330 598 2376 et
617 2322 857 2377 subdidit
878 2340 891 2375 :

449 2410 650 2465 Eodem
672 2413 755 2466 die
782 2414 1064 2467 comedetis
1093 2430 1175 2479 ea,
1206 2430 1308 2467 non
1350 2414 1637 2469 remanebit
1663 2416 1954 2485 quidquam

375 2502 435 2554 in
465 2518 623 2556 mane
651 2503 870 2557 alterius
903 2505 1025 2561 diei.
1080 2505 1137 2558 In
1162 2513 1408 2574 tempore
1438 2505 1586 2560 enim
1613 2506 1740 2568 hoc,
1770 2506 1825 2559 in
1848 2522 1957 2577 quo

375 2592 483 2646 lzoc
504 2593 651 2662 quod
685 2594 890 2647 dictum
920 2603 1026 2656 est,
1074 2593 1398 2648 sacriﬁcium
1423 2596 1822 2664 promittimus,
1858 2610 1957 2650 co-

377 2683 600 2737 medere
631 2682 784 2746 illud,
815 2684 870 2737 id
898 2693 982 2738 est
1002 2685 1216 2753 operari
1264 2691 1320 2738 et
1353 2686 1630 2754 complere
1671 2685 1955 2740 debemus.

376 2770 524 2826 Nihil
563 2779 745 2825 autem
792 2771 860 2826 de
899 2772 979 2826 eis
1006 2773 1061 2825 in
1094 2788 1253 2828 mane
1283 2773 1619 2843 relinquere,
1647 2784 1710 2828 ut
1755 2775 1959 2844 aliquid

378 2873 663 2917 remaneat
689 2863 1041 2932 reliquiarum
1068 2875 1271 2919 nostra;
1322 2866 1762 2920 conversationis
1782 2866 1958 2921 incor-

379 2962 615 3018 rectum,
642 2967 828 3023 neque
854 2954 1300 3037 inconsumptum
1330 2956 1398 3010 de
1441 2956 1759 3023 virtutibus,
1782 2966 1839 3012 et
1876 2958 1959 3010 in-

379 3057 669 3116 cperatum
690 3047 741 3099 in
768 3046 954 3101 futuro
970 3048 1171 3117 saeculo
1186 3028 1579 3113 custodiamus,
1610 3050 1828 3120 quando
1841 3049 1954 3119 jam
1983 3028 2027 3087 ο

380 3152 494 3191 non
517 3144 604 3191 est
633 3137 844 3191 licitum
877 3139 1114 3208 operari.
1168 3138 1325 3204 Quod
1357 3150 1509 3196 recte
1540 3157 1701 3197 mane
1731 3142 1953 3207 dicitur,

383 3228 439 3283 id
461 3236 567 3292 est,
621 3227 750 3297 quia
785 3243 897 3283 nox
927 3244 1171 3299 praesens
1211 3231 1321 3286 vita
1343 3241 1564 3302 propter
1586 3248 1709 3288 eam
1732 3248 1853 3303 quae
1901 3232 1956 3286 in

383 3334 449 3373 ea
482 3332 632 3374 nunc
652 3329 740 3373 est
768 3320 967 3375 nebula
993 3321 1335 3376 nominatur.
1395 3321 1508 3394 Ego
1535 3325 1811 3390 Dominus,
1862 3340 1956 3377 cu-

382 3409 572 3464 stodite
594 3412 849 3465 mandata
871 3428 987 3467 mea
1013 3422 1063 3464 et
1078 3412 1237 3483 facile
1258 3429 1321 3466 ea
1335 3452 1348 3468 .

457 3498 570 3569 Ego
601 3498 882 3566 Dominus,
908 3501 1000 3570 qui
1038 3502 1129 3557 hic
1155 3503 1374 3573 quidem
1426 3503 1598 3575 legem
1662 3508 1959 3578 constituo,

384 3591 458 3647 ibi
491 3599 673 3646 autem
701 3592 910 3662 judico,
930 3593 1025 3663 qui
1050 3594 1411 3666 intelligibilia
1444 3598 1645 3652 talenta
1673 3601 1811 3654 meis
1843 3617 1961 3657 ser-

384 3683 473 3738 vis
504 3684 659 3737 "'in
691 3686 945 3754 praesenti
997 3688 1197 3741 saeculo
1235 3689 1301 3741 ad
1330 3691 1666 3757 operandum
1705 3692 1851 3752 dedi.
1905 3694 1962 3747 in

386 3772 636 3827 futurum
660 3775 899 3831 rationes
926 3791 1049 3831 cum
1077 3777 1157 3833 eis
1182 3793 1351 3848 pono,
1381 3789 1436 3834 et
1480 3781 1806 3837 talentorum
1829 3800 1963 3855 ope-

387 3861 656 3931 rationem
684 3865 863 3935 exigo.

463 3953 579 4026 Ego
615 3955 874 4011 Dominus
893 3974 911 4010 :
939 3974 1002 4011 ue
1023 3957 1272 4029 polluatis
1296 3977 1482 4016 nomen
1502 3979 1672 4018 meum
1699 3972 1962 4017 sanctum.

388 4045 629 4102 Pollutio
662 4048 809 4101 enim
855 4057 941 4103 est
981 4047 1279 4116 Creatoris,
1310 4060 1366 4105 et
1397 4052 1757 4123 blasphemia,
1816 4054 1859 4109 si
1910 4056 1964 4109 in

391 4137 584 4192 eodem
613 4152 714 4192 nos
742 4138 959 4203 ordine,
986 4139 1074 4193 vel
1097 4152 1244 4205 actu,
1301 4157 1410 4211 quo
1429 4159 1578 4199 nunc
1627 4160 1820 4200 smnus
1878 4161 1968 4200 re-

392 4228 647 4283 suscitet.
681 4228 824 4294 Quid
849 4230 996 4284 enim
1024 4241 1323 4286 commutat
1361 4235 1626 4291 mundum
1656 4237 1824 4306 hunc,
1843 4237 1889 4293 si
1912 4237 1965 4292 in

392 4319 599 4375 eisdem
627 4319 909 4374 doloribus
942 4328 1000 4374 et
1028 4319 1305 4374 laboribus
1331 4324 1579 4378 erimus?

471 4407 539 4461 Ut
559 4409 863 4477 sanctiﬁcer
879 4409 937 4461 in
971 4410 1142 4462 medio
1164 4410 1397 4478 ﬁliorum
1431 4412 1618 4470 Israel.
1658 4416 1777 4471 Non
1809 4419 1965 4485 dixit,

394 4496 728 4560 sanctiﬁcor,
792 4497 887 4551 sed
977 4495 1308 4567 Sanctiﬁcer,
1378 4497 1619 4556 futurum
1676 4509 1973 4565 ostendens

398 4599 638 4659 tempus,
671 4587 730 4641 in
769 4587 957 4658 quoin
994 4588 1179 4643 medio
1205 4589 1447 4646 virorum
1505 4593 1741 4651 filiorum
1801 4597 1970 4655 Israel

397 4677 790 4734 sanctiﬁcatur.
820 4678 943 4734 Non
969 4679 1115 4734 enim
1157 4696 1349 4737 omnes
1401 4684 1493 4754 qui
1560 4702 1627 4742 ex
1679 4687 1865 4759 lsrael,
1915 4692 1972 4746 lii

397 4781 528 4829 sunt
560 4772 750 4841 lsrael,
780 4773 877 4829 sed
911 4774 1230 4844 quicunque
1264 4775 1427 4831 Israel
1456 4781 1838 4850 cognationem
1879 4799 1971 4839 so-

396 4864 596 4919 cietate
615 4865 882 4920 virtutum
915 4866 1039 4936 ejus
1065 4875 1308 4929 servant,
1357 4867 1460 4934 Qui
1482 4886 1690 4938 pacem,
1726 4873 1872 4930 sicut
1894 4875 1971 4931 ait

399 4955 619 5022 Paulus,
650 4965 703 5011 et
728 4958 1139 5012 sanctimoniam
1159 4958 1484 5024 custodiunt,
1520 4961 1634 5015 sine
1668 4958 1791 5032 qua'
1821 4980 1973 5019 nemo

398 5046 591 5101 ridebit
640 5045 1219 5112 Deum“;Qtriautem
1284 5049 1622 5115 custodiunt,
1684 5054 1971 5123 videbunt,

399 5149 628 5210 propter
641 5140 788 5209 quod
810 5139 924 5193 ait:
952 5136 1267 5209 Sanctiﬁeer
1322 5141 1380 5193 in
1418 5141 1592 5194 medio
1629 5158 1830 5199 eorum.
1859 5145 1972 5216 Ego

382 5218 661 5287 Dominus
684 5233 775 5302 qui
812 5231 1081 5299 sanctiﬁco
1104 5248 1212 5296 vos,
1241 5241 1290 5285 et
1309 5234 1466 5286 eduxi
1487 5233 1551 5286 de
1572 5245 1714 5288 terra
1734 5235 1977 5308 ngypti,

409 5333 463 5376 at
495 5340 659 5380 essent
696 5323 839 5377 vobis
873 5324 929 5376 in
964 5322 1149 5379 Deum.
1209 5324 1319 5379 Sed
1344 5324 1563 5380 etbono
1585 5326 1692 5381 fine
1730 5329 1798 5384 ad
1855 5344 1973 5386 rem

1996 4357 2042 4413 D

479 5526 521 5557 ι·
557 5524 745 5578 Matth.
794 5544 842 5591 γ,
903 5525 985 5581 l6.

408 5616 451 5653 "'
476 5619 643 5677 Hebr.
669 5635 743 5689 Iv,
782 5623 829 5675 I.

1121 5530 1182 5561 ““
1210 5529 1397 5586 Matth.
1456 5543 1611 5595 xvm,
1668 5527 1739 5586 25
1802 5545 1918 5601 seq.

2028 5531 2069 5564 ¹⁶
2087 5528 2251 5587 Hebr.
2300 5548 2377 5601 XI,
2414 5534 2498 5590 ii.

2062 416 2280 489 Egypti
2340 420 2487 474 enim
2541 420 2747 473 exitum
2801 435 2916 474 non
2955 420 3159 475 frustra
3191 432 3602 478 memoratus
3664 435 3725 479 et

2060 509 2192 563 illud
2214 509 2618 579 demonstrans,
2642 511 2768 581 quia
2802 513 3268 582 quemadmodum
3297 513 3404 584 qui
3457 517 3717 586 egressi

2060 611 2189 656 sunt
2222 603 2291 658 de
2343 603 2599 675 Egypto,
2629 620 2740 659 non
2771 605 2884 675 jam
2935 620 3000 660 ea
3039 621 3162 675 quae
3208 605 3481 679 Egyptii
3560 623 3717 679 age—

2060 694 2209 758 bant,
2242 696 2319 749 sic
2341 704 2396 750 et
2423 697 2644 766 quando
2672 714 2773 752 nos
2800 697 2944 753 Deus
2976 699 3125 769 ejicit
3143 700 3212 754 de
3239 701 3537 769 presenti
3559 702 3704 765 vita,

2058 788 2297 861 nonjam
2326 806 2489 862 agere
2519 808 2581 846 ea
2604 808 2726 863 qua:
2788 794 2841 849 in
2874 810 2937 849 ea
2988 806 3118 851 sunt
3172 811 3535 864 possumus.
3598 797 3705 851 Est

2058 880 2203 934 enim
2234 881 2501 953 Egyptus
2528 882 2910 954 intelligibilis,
2944 901 3187 955 praesens
3219 887 3514 949 mundus,
3554 888 3695 957 quia

2057 969 2323 1042 Egyptus
2352 974 2770 1028 contenebratio
2807 974 3225 1045 interpretatur.
3259 975 3694 1030 Tenebris:-

2059 1071 2190 1129 tem,
2222 1073 2277 1118 et
2308 1066 2611 1119 secundum
2645 1065 2790 1135 quod
2808 1065 3043 1121 diximus
3082 1066 3307 1130 nebula,
3381 1067 3474 1119 vel
3544 1067 3689 1120 cali-

2057 1153 2205 1223 gine,
2231 1155 2524 1224 praesentia
2554 1163 2683 1210 sunt
2716 1156 2944 1226 repleta,
2975 1156 3031 1210 in
3061 1165 3279 1210 tantum
3312 1164 3383 1210 ut
3416 1155 3687 1213 Joannes

2056 1244 2125 1299 de
2163 1243 2395 1300 Domino
2434 1246 2643 1301 diceret
2676 1264 2687 1298 :
2724 1246 2842 1300 Lux
2870 1248 2929 1305 in
2955 1248 3178 1302 tenebris
3214 1248 3391 1315 lucet,
3432 1260 3488 1304 et
3526 1260 3681 1303 tene-

2058 1335 2165 1389 brae
2195 1352 2309 1388 eam
2351 1352 2454 1389 non
2489 1337 2994 1405 comprehenderunt
3012 1338 3078 1391 ¹⁷.
3111 1337 3353 1408 Propter
3391 1339 3563 1408 quod
3578 1354 3678 1393 nos

2057 1426 2321 1482 Dominus
2344 1426 2489 1482 Deus
2515 1428 2771 1484 videlicet
2813 1444 2880 1483 ex
2903 1428 3231 1499 intelligibili
3264 1428 3532 1501 Aigypto
3572 1431 3675 1485 hac

2056 1517 2260 1581 educit,
2281 1526 2341 1572 ut
2377 1518 2450 1572 sit
2478 1527 2670 1572 noster
2704 1514 2868 1582 Deus,
2911 1534 3024 1572 non
3070 1518 3198 1588 quia
3233 1535 3399 1574 nunc
3418 1530 3672 1583 nonest.

2056 1607 2150 1663 sed
2181 1608 2308 1678 quia
2329 1625 2437 1662 non
2464 1625 2657 1663 omnes
2689 1625 2812 1663 eum
2836 1609 3185 1672 confitemur,
3219 1626 3422 1679 neque
3454 1627 3673 1681 cegno-

2057 1701 2281 1753 scimus.
2341 1700 2497 1755 Tunc
2554 1711 2736 1755 autem
2793 1700 3202 1768 confitebimur,
3257 1711 3407 1755 tunc
3471 1718 3672 1757 omnes

2053 1791 2428 1860 subjiciemur,
2450 1792 2591 1845 Tunc
2608 1793 2709 1845 erit
2727 1791 2866 1847 Deus
2885 1792 3064 1846 omnia
3090 1793 3148 1845 in
3167 1790 3452 1858 omnibus,
3469 1808 3671 1862 quem-

2054 1882 2345 1937 admodum
2378 1883 2580 1938 Paulus
2601 1883 2820 1954 scripsit
2844 1878 2905 1930 ".
3470 1878 3481 1889 ‘

2615 2015 2845 2073 CAPUT
2882 2016 3074 2072 XXIII.

2130 2132 2295 2186 Vens.
2330 2132 2450 2187 1-5.
2501 2151 2521 2183 ς
2551 2132 2792 2187 Locutus
2820 2140 2906 2187 est
2945 2132 3213 2187 Dominus
3261 2132 3337 2186 ad
3388 2131 3659 2202 Moysen,

2056 2223 2287 2278 dicens:
2317 2222 2569 2292 Loquere
2610 2224 2737 2278 [iliis
2776 2223 2966 2289 lsrael,
2992 2232 3049 2278 et
3082 2225 3238 2278 dices
3268 2224 3346 2278 ad
3385 2239 3498 2278 eos
3524 2243 3540 2276 :
3574 2222 3663 2277 Ha:

2057 2324 2188 2370 sunt
2218 2314 2373 2369 ferias
2395 2315 2637 2379 Domini,
2661 2331 2801 2386 quas
2819 2315 3087 2370 vocabitis
3104 2326 3360 2370 sanctas.
3397 2315 3520 2370 Sex
3542 2316 3662 2370 die-

2056 2404 2160 2460 bus
2175 2404 2387 2459 facietis
2416 2421 2556 2476 opus
2582 2423 2595 2459 :
2624 2407 2742 2461 dies
2796 2409 3081 2476 septimus,
3101 2405 3233 2477 quia
3266 2406 3515 2462 Sabbati
3578 2422 3660 2461 re-

2058 2499 2214 2565 quies
2241 2503 2345 2559 est,
2378 2497 2668 2552 vocabitur
2706 2507 2950 2559 sanctus,
2984 2514 3149 2553 omne
3208 2514 3361 2569 opus
3419 2515 3541 2553 non
3590 2499 3662 2553 fa-

2060 2589 2218 2642 cietis
2260 2591 2312 2642 in
2333 2604 2420 2643 eo.
2464 2587 2768 2641 Sabbatum
2792 2585 3008 2641 Domini
3042 2597 3127 2642 est
3155 2589 3214 2642 in
3242 2590 3479 2645 cunctis
3513 2589 3658 2643 babi-

2061 2679 2362 2735 tationibus
2394 2678 2611 2733 vestris.
2625 2696 2644 2728 ι

2134 2769 2194 2824 Si
2242 2768 2790 2823 subtilitenattendas
2846 2768 2964 2822 haec
2992 2783 3115 2838 quae
3173 2769 3328 2824 dicta
3398 2781 3544 2825 sunt
3610 2770 3658 2823 in

2061 2860 2431 2931 praesentibus
2460 2858 2793 2928 legislatoris
2834 2853 3039 2925 verbis,
3088 2860 3350 2915 invenies
3387 2878 3527 2918 eum
3560 2880 3659 2918 non

2066 2950 2241 3005 solum
2295 2948 2748 3017 contemplationi
2810 2949 2966 3020 legis,
2993 2950 3175 3004 sedet
3214 2951 3271 3004 in
3296 2951 3498 3005 littera
3556 2954 3659 3022 ipsa

2066 3040 2428 3095 intentionem
2447 3039 2674 3109 spiritus
2706 3041 3152 3110 interponentem
3187 3058 3204 3094 :
3239 3041 3447 3096 dicens
3476 3043 3655 3097 enim:

2060 3133 2177 3188 Illae
2203 3136 2502 3205 sunt-ferite
2558 3134 2772 3188 Domini
2794 3150 2925 3203 quas
2958 3135 3208 3187 oocabitis
3260 3144 3513 3187 sanctas.
3572 3135 3657 3188 De

2058 3236 2181 3281 sunt
2210 3228 2518 3298 festivitates
2552 3242 2683 3282 mea:
2711 3243 2729 3279 :
2758 3241 2882 3281 mox
2923 3226 3169 3281 subdidit
3217 3242 3231 3276 :
3311 3225 3431 3280 Sea:
3486 3228 3656 3280 diebus

2062 3320 2267 3390 facietis
2300 3336 2451 3390 opus.

2131 3409 2361 3482 Oportet
2388 3411 2610 3481 quidem
2642 3409 2749 3463 hoc
2799 3417 3001 3469 tacere,
3059 3406 3249 3462 dicere
3299 3417 3499 3463 autem
3542 3422 3650 3478 qua

2062 3512 2372 3572 sequuntur
2405 3521 2420 3556 :
2449 3503 2570 3556 Dies
2590 3501 2862 3569 septimus,
2904 3501 3031 3570 quia
3070 3498 3298 3554 Sabbati
3322 3504 3537 3571 requies
3564 3511 3647 3562 est,

2063 3593 2334 3648 vocabitur
2350 3603 2585 3647 sanctus.
2620 3593 2726 3648 Sed
2759 3593 2911 3648 feriis
2937 3602 3298 3658 connectens,
3335 3593 3452 3648 Sea:
3477 3595 3648 3649 diebus

2070 3687 2280 3757 facietis
2309 3703 2459 3754 opus,
2489 3685 2730 3740 ostendit
2749 3685 2876 3754 quia
2915 3685 3103 3754 prima:
3142 3684 3317 3749 feriae,
3347 3687 3470 3740 sive
3502 3686 3646 3740 festi-

2068 3777 2209 3831 vitas
2237 3778 2382 3847 apud
2405 3777 2577 3846 legem
2609 3776 2828 3846 operari
2862 3786 2967 3839 est,
2998 3775 3211 3844 operari
3242 3782 3439 3829 autem
3490 3776 3645 3839 bona,

2068 3876 2354 3937 propterea
2384 3868 2532 3921 enim
2563 3868 2641 3921 ait
2673 3883 2687 3919 :
2730 3864 2835 3921 Sea:
2880 3867 3064 3920 diebus
3093 3866 3305 3936 facietis
3324 3882 3480 3936 opus.

2139 3958 2277 4024 Quia
2311 3958 2496 4012 omnia
2518 3957 2677 4012 valde
2700 3965 2832 4012 sunt
2849 3957 3012 4020 bona,
3046 3972 3400 4027 quaecunque
3431 3957 3575 4013 Deus
3594 3960 3642 4012 in

2069 4067 2166 4107 sex
2211 4050 2409 4105 diebus
2458 4048 2764 4105 constituit.
2820 4048 3077 4104 Secunda
3117 4057 3311 4115 autem
3360 4048 3641 4115 festivitas,

2069 4141 2512 4213 praecedentibus
2550 4141 2637 4194 his
2656 4140 2937 4210 operibus,
2986 4139 3236 4209 septimre
3259 4139 3369 4193 diei
3438 4141 3643 4210 requies

2070 4244 2156 4291 est
2222 4251 2236 4287 :
2280 4248 2444 4303 quam
2489 4232 2839 4286 festivitatem
2887 4247 3053 4286 nemo
3082 4231 3391 4296 celebrare,
3423 4232 3517 4301 qui
3540 4246 3640 4286 non

2070 4337 2328 4398 operatus
2390 4333 2475 4381 est
2523 4326 2665 4380 bona
2722 4341 2889 4396 opera
2947 4335 3005 4379 et
3051 4325 3216 4395 digna
3244 4324 3376 4387 Deo,
3432 4326 3638 4396 poterit.

2076 4417 2210 4472 Nam
2232 4431 2336 4470 nec
2364 4415 2589 4481 frustra,
2624 4414 2769 4470 Deus
2805 4414 3010 4485 quippe
3036 4423 3154 4468 erat
3175 4414 3270 4483 qui
3302 4414 3638 4483 loquebatur,

2075 4510 2169 4579 qui
2207 4507 2344 4563 nihil
2372 4506 2575 4562 frustra
2600 4507 2865 4577 loquitur,
2889 4506 3042 4576 prius
3091 4506 3166 4560 ait
3188 4522 3203 4557 :
3224 4504 3333 4560 Sea:
3362 4507 3542 4561 diebus
3562 4508 3640 4577 fs-

2073 4602 2220 4655 cietis
2247 4615 2396 4671 opus,
2421 4609 2476 4653 et
2498 4608 2623 4669 post
2650 4600 2755 4653 hoc
2783 4614 2797 4651 :

2154 4693 2274 4747 Dies
2301 4693 2571 4762 septimus,
2599 4692 2691 4762 qui
2733 4690 2956 4745 Sabbati
3002 4692 3207 4762 requies
3234 4701 3335 4753 est,
3387 4693 3643 4747 vocabitur

2077 4795 2312 4840 sanctus.
2351 4785 2458 4840 Sed
2481 4785 2548 4838 ad
2579 4784 2977 4849 ostensionem,
3009 4793 3070 4838 ut
3099 4784 3144 4838 si
3196 4783 3322 4853 quis
3364 4783 3433 4838 ad
3474 4784 3642 4838 imita-

2080 4878 2286 4933 tionem
2346 4876 2439 4931 Dei
2515 4876 2657 4929 bona
2706 4874 2819 4945 agit
2852 4884 2911 4929 et
2935 4874 3314 4944 consequitur,
3345 4875 3444 4930 hoc
3468 4883 3544 4929 est
3586 4875 3642 4930 in

2079 4982 2176 5021 sex
2198 4963 2390 5020 diebus
2414 4965 2628 5035 operari
2664 4983 2678 5018 :
2705 4963 2797 5020 ltic
2826 4964 3153 5037 intelligibili
3186 4965 3480 5035 requiescit
3507 4963 3642 5018 Sab-

2078 5059 2226 5123 bato,
2260 5058 2329 5113 de
2357 5074 2468 5127 quo
2498 5056 2703 5112 Paulus
2718 5057 2974 5125 dicebat:
3015 5054 3341 5123 Timeamus,
3406 5074 3467 5110 ne
3519 5059 3641 5131 forte

2078 5148 2262 5202 relicta
2278 5149 2660 5218 pollicitatione
2699 5150 2999 5203 introeundi
3032 5149 3088 5201 in
3112 5150 3345 5216 requiem
3375 5150 3553 5221 ipsius,
3573 5152 3639 5203 ri-

2089 5242 2282 5295 deatur
2305 5257 2370 5295 ca:
2393 5241 2539 5295 nobis
2565 5241 2758 5312 aliquis
2791 5243 2965 5295 deesse
2994 5243 3061 5295 ¹⁹.
3122 5241 3287 5296 Caret
3312 5242 3456 5295 enim
3506 5257 3635 5297 nunc

2085 5332 2175 5387 illa
2207 5333 2414 5403 requie,
2443 5334 2534 5403 qui
2564 5350 2672 5389 non
2705 5342 2981 5404 operatur.
3043 5333 3175 5401 Quae
3205 5343 3261 5388 et
3285 5344 3471 5388 vocata
3522 5350 3632 5389 san-

2588 5534 2630 5567 "
2664 5530 2819 5588 Joan.
2871 5547 2909 5599 ι,
2969 5531 3023 5586 5.
3124 5528 3374 5586 "lCor.
3422 5545 3507 5597 av,
3547 5525 3626 5583 38.
