3810 6318
15 339 151 404 1081

1159 352 1242 413 ΙΝ
1278 354 1720 420 LEVITICUM.
1756 384 1829 397 ·-·
1860 363 2006 423 LIB.
2037 364 2139 425 VI.

3139 368 3277 434 1082

15 456 101 542 eta
132 448 359 515 dicitur,
376 449 502 520 quia
526 452 756 515 vocatis.
819 453 887 509 de
940 456 1139 525 quibus
1202 458 1405 517 Paulus
1447 462 1525 518 ait
1544 478 1591 515 ιε
1625 478 1670 529 Α
1698 467 1896 523 vitates
1920 469 2264 538 imperatoris
2289 478 2441 537 sunt,
2471 471 2529 526 in
2556 472 2757 542 quibus
2792 474 3049 530 victorias
3068 485 3124 531 et
3157 487 3273 530 tro-

15 539 222 599 Scimus
245 544 368 611 quia
403 544 706 599 timentibus
727 545 894 602 Deum
930 550 1109 602 omnia
1132 564 1481 622 cooperantur
1536 557 1592 610 in

15 632 222 690 bonum.
248 634 327 687 his
351 636 442 705 qui
464 637 746 691 secundum
780 640 1110 707 propositum
1148 646 1320 697 vocati
1357 656 1478 699 sunt
1501 647 1589 702 ”:

15 724 350 794 intelligibile
379 726 700 796 deputatum
738 740 820 785 est
854 729 1177 800 Sabbatum,
1213 734 1413 806 bisqui
1457 753 1587 793 san-

15 811 323 869 :timoniam
371 828 810 887 consequuntur,
838 822 952 875 sine
1017 839 1122 893 qua
1191 841 1342 879 nemo
1394 827 1588 881 videbit

15 902 173 956 Deum
197 905 264 960 ¹¹.
290 905 445 961 Tunc
472 923 634 962 cuine
691 924 828 978 opus
855 927 966 965 non
1030 912 1295 969 faciemus
1323 931 1340 979 ;
1374 925 1587 986 tempus

15 992 152 1046 enim
182 1004 398 1048 nonest
428 995 481 1049 in
512 996 602 1050 illo
639 999 841 1053 saeculo
877 1003 1160 1069 operandi.
1191 1003 1420 1073 Propter
1439 1006 1586 1074 quod

15 1092 55 1136 ξι
80 1084 365 1138 subdidit:
390 1084 683 1141 Sabbatum
716 1088 930 1144 Domini
957 1101 1033 1146 est
1064 1093 1119 1146 in
1144 1095 1340 1148 cunctis
1370 1096 1583 1149 habita-

20 1176 229 1231 ionibus
259 1178 461 1231 vestris.
485 1179 788 1234 Sabbatum
836 1183 1053 1237 Domini
1116 1201 1340 1248 vocans,
1398 1186 1451 1241 id
1502 1196 1587 1242 est

15 1268 296 1337 'equiem:
345 1268 643 1327 Sabbatum
703 1272 848 1327 enim
895 1274 1113 1343 requies
1167 1276 1581 1348 interpretatur,

16 1374 122 1428 [uae
157 1361 212 1412 in
250 1369 499 1431 tempore
530 1371 635 1427 est,
695 1368 804 1432 quo
847 1366 1110 1434 populum
1156 1383 1317 1422 suum
1364 1384 1396 1423 a
1445 1386 1583 1440 prato

15 1450 257 1506 sentibus
316 1451 598 1511 laboribus
670 1464 725 1508 et
786 1456 1169 1527 vexationibus
1228 1460 1582 1529 requiescere

15 1541 149 1603 'acit,
181 1541 248 1596 de
272 1557 382 1612 quo
407 1542 485 1596 sic
515 1543 716 1598 Paulus
747 1544 913 1600 dicit:
944 1545 1085 1616 Ergo
1108 1547 1423 1618 relinquitur
1445 1547 1582 1604 Sao-

15 1632 262 1686 iatismus
295 1633 490 1701 populo
515 1634 612 1687 Dei
635 1635 702 1688 ”.
730 1632 833 1701 Qui
862 1635 1010 1690 enim
1062 1636 1344 1708 ingressus
1385 1647 1470 1693 est
1521 1640 1585 1695 in

15 1723 251 1792 'equiem
283 1725 406 1792 ejus
423 1725 583 1779 etiam
617 1726 732 1795 ipse
761 1727 1030 1796 requievit
1068 1729 1136 1783 ab
1154 1730 1411 1799 operibus
1438 1731 1576 1797 suis,

1697 572 1814 626 paea
1847 568 2038 613 contra
2086 561 2274 617 hostes
2306 562 2500 627 erexit,
2528 564 2758 619 salvavit
2783 573 2991 635 gentes,
3020 566 3274 622 civitates

1695 649 1990 718 acquisivit
2025 668 2038 704 :
2070 651 2150 707 sic
2179 660 2236 706 et
2263 652 2489 721 Christi,
2521 654 2576 710 in
2613 656 2815 725 quibus
2836 665 3086 711 nostrum
3100 672 3272 726 genus

1695 738 1942 806 salvavit,
1972 749 2027 796 et
2058 750 2303 798 nostram
2367 745 2739 814 captivitatem
2803 747 3153 816 conquisivit,
3214 757 3273 803 et

1694 826 2071 889 [nereditatem
2100 845 2166 885 ex
2200 831 2453 901 gentibus
2486 832 2810 903 sibimetipsi
2874 835 3054 905 regale
3089 849 3272 890 sacer-

1693 916 1924 983 dotium,
1979 928 2197 990 gentem
2251 929 2524 986 sanctam,
2555 923 2816 991 populum
2890 923 3271 993 acquisitionis

1692 1009 1993 1067 constituit.
2033 1012 2245 1068 Deinde
2282 1029 2407 1068 cum
2437 1022 2722 1083 oporteret
2753 1015 2939 1069 dicere
2966 1016 3269 1070 secundum

1693 1098 1855 1167 LXX,
1880 1102 1963 1156 hae
1989 1113 2196 1159 vocatae
2212 1113 2590 1174 salicumquas
2614 1106 2881 1163 voeabitis
2901 1122 2994 1161 eas
3014 1107 3068 1162 in
3105 1107 3264 1161 festi-

1692 1194 1952 1249 vitatibus
1992 1197 2214 1262 vestris,
2248 1198 2366 1252 haec
2404 1208 2593 1253 nostra
2627 1199 2912 1254 translatio
2929 1200 3143 1268 planius
3174 1200 3272 1255 ha-

1689 1285 1803 1352 bet,
1835 1286 2025 1347 dicens
2045 1289 2381 1357 temporibus
2423 1290 2542 1345 suis
2574 1304 2723 1345 :non
2759 1291 2897 1345 dixit
2917 1291 3000 1344 sic
3023 1292 3092 1346 de
3112 1291 3267 1346 festi~

1690 1377 1954 1432 vitatibus
1980 1395 2195 1445 eorum,
2233 1395 2346 1433 non
2378 1380 2484 1435 illis
2538 1381 2632 1450 qui
2661 1381 2911 1436 serviunt
2941 1381 3147 1452 ﬁgurae,
3173 1385 3270 1438 sed

1689 1466 1966 1536 ﬁdelibus,
1987 1481 2043 1525 et
2075 1471 2504 1542 suscipientibus
2560 1472 2938 1540 festivitatem,
2972 1474 3072 1529 has
3118 1489 3270 1529 eom-

1687 1568 1874 1629 petere
1903 1560 2229 1621 festivitates
2273 1565 2590 1631 ostendens,
2646 1581 2881 1635 quarum
2912 1582 3016 1621 una
3052 1575 3156 1632 est,
3199 1567 3269 1623 de

1687 1667 1793 1722 qua
1829 1652 1948 1709 haec
1967 1654 2100 1709 dicit
2133 1673 2146 1708 :
2746 1720 2747 1723 η

1756 1742 1939 1798 Mense
1958 1747 2150 1814 primo,
2175 1755 2372 1814 quarta
2410 1747 2617 1803 decima
2662 1749 2748 1806 die
2783 1749 2972 1803 mensis
2995 1749 3067 1803 ad
3090 1765 3267 1819 vespa.

15 1810 143 1867 sicut
176 1816 234 1863 et
262 1825 292 1862 a
328 1810 461 1875 suis,
489 1811 650 1867 Deus.
680 1811 959 1880 Adjiciens
985 1822 1169 1869 autem
1200 1815 1361 1870 nimis
1391 1810 1577 1871 subse-

1695 1852 1807 1890 rum
1829 1810 1999 1891 Plaute
2020 1810 2232 1891 Domini
2251 1846 2349 1891 est.
2368 1836 2613 1897 Primum
2632 1855 2900 1904 mensem,
2923 1851 3136 1910 tempus
3150 1810 3270 1897 οὐο-

16 1909 242 1969 [uenter
275 1918 288 1954 :
323 1900 387 1956 In
411 1903 609 1956 cunctis
630 1903 1044 1958 habitationibus
1094 1906 1298 1960 vestris.
1332 1905 1473 1961 Utet
1488 1921 1587 1976 per

19 2007 103 2045 lOC
132 1991 564 2049 satisfaceretde
596 1995 798 2051 saeculo
842 1996 1029 2050 futuro
1059 2012 1118 2051 se
1150 1997 1318 2066 loqui.
1341 1998 1586 2054 Pimsens

15 2081 144 2136 mim
178 2084 416 2139 mundus
468 2087 834 2157 peregrinatio
850 2096 955 2152 est,
991 2089 1256 2143 habitatio
1283 2097 1369 2143 est
1398 2099 1583 2144 autem

15 2188 117 2240 [uae
148 2175 418 2243 sequitur.
446 2175 620 2230 Nemo
646 2178 795 2232 enim
827 2178 895 2233 de
928 2177 1036 2232 illis
1094 2179 1583 2236 mansionibusseu

15 2264 436 2320 nabitationibus
458 2268 678 2338 migrat,
715 2284 853 2336 quas
878 2270 1049 2323 semel
1095 2271 1270 2325 sortiti
1293 2269 1578 2326 fuerimus.

15 2356 129 2421 Quia
160 2368 347 2411 autem
375 2358 675 2413 Sabbatum
701 2361 922 2429 requies
942 2360 1361 2430 interpretatur,
1399 2361 1580 2417 mani-

16 2458 160 2503 estat
222 2450 558 2520 reliquorum
612 2451 974 2521 interpretum
1025 2453 1212 2508 editio.
1274 2452 1380 2511 Pro
1406 2454 1577 2522 enim,

15 2539 226 2594 iabbati
265 2541 506 2609 requies,
543 2539 842 2597 Sabbatum
884 2543 1529 2599 sabbatismiediderunt.

65 2631 234 2689 Vens.
266 2633 376 2687 4-7.
417 2653 436 2685 ι
471 2634 565 2689 Ha:
605 2645 733 2689 sunt
764 2651 895 2707 ergo
918 2635 1070 2691 feriae
1101 2636 1319 2690 Domini
1344 2646 1573 2702 sanetae,

15 2739 130 2794 luas
154 2724 437 2779 celebrare
469 2725 684 2780 debetis
717 2728 1056 2797 temporibus
1087 2726 1222 2792 suis,
1255 2743 1444 2782 mense
1461 2727 1577 2796 pri-

15 2831 83 2871 no
116 2824 312 2885 quarta
356 2815 566 2875 decima
592 2817 682 2871 die
707 2818 915 2872 mensis
951 2818 1018 2873 ad
1059 2833 1368 2887 vesperum,
1398 2816 1578 2872 Phase

15 2906 334 2973 )ominiest,
371 2915 427 2962 et
463 2908 653 2978 quinta
704 2909 917 2963 decima
950 2909 1038 2964 die
1063 2910 1267 2964 mensis
1292 2909 1456 2981 hujus
1482 2925 1574 2967 εον

15 3000 252 3054 emnitas
295 3015 607 3070 azymorum
672 3000 890 3055 Domini
941 3010 1044 3057 est.
1107 3000 1329 3072 Septem
1384 3001 1578 3056 diebus

15 3104 182 3159 izyma
202 3089 524 3145 comedetis.
551 3089 677 3145 Dies
712 3091 924 3159 primus
961 3092 1069 3146 erit
1100 3090 1256 3146 vobis
1276 3091 1575 3147 celeberri-

15 3195 138 3245 nus,
174 3189 526 3250 sanctusque.
557 3180 732 3237 Omne
761 3196 901 3251 opus
932 3181 1128 3236 servile
1156 3197 1264 3237 non
1293 3181 1576 3236 facietisin

15 3288 78 3335 :o,
122 3273 220 3327 sed
252 3273 497 3327 olieretis
525 3273 849 3351 sacrificium
881 3273 936 3326 in
966 3273 1088 3343 igne
1119 3273 1348 3329 Domino
1365 3282 1576 3344 septem

15 3364 210 3418 liebus.
273 3365 400 3420 Dies
451 3374 636 3419 autem
688 3365 953 3434 septimus
1008 3366 1115 3419 erit
1167 3366 1574 3430 celeberrimus,

15 3455 314 3524 nullumque
339 3469 479 3522 opus
511 3454 708 3507 servile
747 3453 839 3507 fiet
862 3450 927 3507 in
958 3469 1077 3507 eo.»

62 3547 175 3618 Age
203 3563 354 3600 nunc
379 3547 424 3600 si
450 3546 602 3609 libet,
670 3545 889 3599 Judazos
946 3546 1364 3614 interrogemus,
1417 3545 1576 3613 cujus

16 3636 68 3690 ei
103 3637 280 3707 gratia
313 3652 425 3690 non
457 3637 647 3704 quinta
680 3636 890 3690 decima
927 3636 1017 3690 die
1046 3635 1395 3690 festivitatem
1414 3651 1575 3707 agere

18 3728 183 3787 ussit,
207 3727 264 3780 in
294 3743 403 3796 quo
436 3727 641 3781 Pascha
684 3726 1062 3797 imaginarium
1114 3726 1296 3790 ﬁebat,
1333 3726 1427 3780 sed
1459 3742 1578 3781 me-

15 3819 228 3872 noriam
285 3819 507 3886 quidem
545 3818 674 3874 facit
733 3819 873 3888 ejus,
942 3818 1297 3874 festivitatem
1372 3827 1574 3884 tamen,

15 3910 169 3964 trima
233 3925 569 3981 azymorum,
602 3925 722 3978 qua:
771 3918 890 3964 erat
939 3918 1065 3981 post
1093 3910 1260 3977 illam,
1296 3910 1414 3965 ﬁeri
1441 3910 1577 3964 deﬁ-

15 4000 171 4055 iiunt.
206 4000 551 4055 Manifestum
582 4010 667 4056 est
718 4009 920 4067 autem,
955 4000 1083 4070 quia
1114 4001 1257 4057 scire
1291 4003 1337 4056 is
1370 4002 1461 4075 qui
1495 4002 1576 4056 le-

15 4104 111 4156 ;em
146 4090 367 4159 accipit,
399 4089 529 4159 quid
561 4088 776 4143 intersit
834 4089 976 4143 inter
1004 4089 1231 4159 figuram
1270 4098 1326 4145 et
1380 4089 1580 4144 verita-

17 4195 101 4234 em
119 4180 421 4244 desiderat,
447 4188 501 4234 et
538 4181 666 4250 quia
692 4180 891 4252 figuras
923 4181 1085 4245 scire,
1119 4181 1380 4250 Quoniam
1407 4181 1578 4236 dedu-

15 4282 124 4327 :unt
154 4272 224 4328 ad
258 4272 570 4339 veritatem,
592 4274 817 4343 dignum
876 4283 981 4339 est,
1015 4273 1361 4328 festivitatem
1392 4283 1577 4328 autem

15 4378 152 4432 igere
173 4372 328 4428 tunc,
357 4363 579 4433 quando
605 4363 808 4417 veritas
839 4378 961 4435 quae
989 4363 1044 4416 in
1098 4363 1283 4434 ﬁguris
1322 4365 1577 4420 contine-

1687 1927 1906 1985 minieae
1935 1928 2205 1998 passionis
2232 1941 2382 1984 recte
2421 1929 2653 1987 dicimus
2682 1931 2739 1987 in
2772 1947 2881 2001 quo
2936 1936 3269 1990 conveniunt

1685 2020 1920 2077 maxime
1954 2029 2010 2075 et
2035 2021 2151 2076 hinc
2178 2022 2247 2077 ad
2276 2022 2497 2092 Moysen
2519 2024 2682 2078 verba
2705 2039 2736 2077 ιι
2762 2024 2872 2078 Deo
2896 2026 3044 2080 dicta
3073 2044 3085 2080 :
3117 2031 3269 2081 Men-

1685 2109 1757 2163 sis
1777 2109 1864 2161 hic
1892 2109 2034 2163 vobis
2060 2110 2386 2178 principium
2430 2112 2713 2175 mensium,
2759 2113 2967 2180 primus
2998 2116 3101 2167 erit
3127 2115 3268 2169 vobis

1683 2202 1739 2254 in
1770 2201 2032 2255 mensibus
2060 2201 2189 2254 amri
2218 2201 2284 2255 “.
2312 2200 2529 2256 Initium
2548 2203 2699 2255 enim
2729 2213 2785 2257 et
2813 2202 3091 2273 ingreSsus
3110 2218 3268 2260 nova;

1681 2291 1827 2356 vitae,
1857 2300 1914 2346 et
1945 2306 2096 2347 nune
2128 2308 2158 2346 a
2182 2291 2345 2349 nobis
2363 2291 2633 2347 inchoatae
2667 2294 3103 2348 conversationis
3153 2304 3267 2349 est.

1685 2380 2002 2450 Vespertina
2022 2389 2285 2451 tempora,
2315 2381 2368 2436 in
2402 2381 2601 2450 quibus
2632 2381 2897 2436 Dominus
2925 2383 3165 2448 advenit,
3185 2383 3269 2438 di-

1680 2472 1772 2528 cit.
1795 2470 2037 2526 Joannes
2051 2473 2198 2529 enim
2228 2473 2323 2541 ait,
2358 2471 2571 2534 Filioli,
2619 2473 2903 2527 novissima
2938 2474 3067 2526 liora
3105 2484 3178 2526 est
3197 2473 3264 2526 ⁸⁸.

1676 2564 1760 2618 Ad
1800 2578 2094 2633 vesperum
2126 2562 2333 2619 Pascha
2377 2563 2725 2621 Dominicum
2760 2565 2969 2618 factum
2998 2571 3102 2618 est.
3159 2561 3266 2629 Qui

1676 2670 1890 2724 passus,
1923 2669 2035 2709 non
2065 2670 2190 2710 mox
2222 2665 2465 2724 tempora
2524 2656 2722 2711 ﬁnivit.
2743 2657 2839 2710 sed
2892 2655 3110 2724 reliquit
3165 2670 3268 2709 no-

1676 2745 1913 2801 vissimae
1961 2744 2111 2799 hora:
2153 2753 2207 2801 et
2271 2744 2600 2812 vespertinae
2654 2744 2931 2813 reliquias,
2982 2745 3035 2799 in
3068 2744 3268 2814 quibus

1676 2845 1925 2906 oporteat
1945 2851 2168 2892 currere
2201 2836 2664 2906 praedicationem,
2711 2845 2766 2890 et
2804 2835 2859 2890 in
2902 2851 3009 2905 quo
3047 2852 3265 2892 omnem

1679 2938 1877 2983 terram
1908 2938 2162 2999 penetret
2186 2929 2423 2984 salutare
2460 2920 2712 2984 verbu'm.
2748 2928 2858 2983 Sed
2896 2937 2952 2983 et
2972 2933 3040 2983 ad
3069 2944 3266 2999 vespe-

1677 3034 1822 3082 rum,
1861 3020 1977 3073 sive
2006 3018 2186 3074 medio
2233 3019 2672 3087 vespertinorum
2718 3017 2929 3073 Pascha
2980 3018 3263 3088 proprium

1604 3143 1647 3199 ο
1679 3111 2040 3181 praeveniens,
2073 3125 2294 3167 crucem
2333 3124 2486 3165 suam
2514 3107 2766 3164 Christus
2794 3108 3108 3164 celebravit.
3165 3107 3264 3162 Die

1681 3203 1831 3256 enim
1890 3201 2220 3272 imaginariae
2275 3200 2591 3258 festivitatis
2645 3201 2942 3267 Paschalis,
2983 3216 3121 3271 quae
3146 3208 3269 3263 erat

1679 3304 1870 3364 quarta
1898 3294 2111 3350 decima
2158 3301 2283 3363 post
2344 3308 2558 3349 omnem
2606 3293 3026 3362 supersensibile
3073 3309 3262 3349 verum

1678 3387 1908 3451 Pascha,
1933 3388 2077 3456 quod
2113 3387 2180 3441 ad
2212 3387 2333 3456 ejus
2362 3386 2684 3457 mysterium
2735 3385 3066 3455 pertinebat,
3091 3384 3263 3439 disci-

1677 3478 1824 3549 pulis
1852 3478 2090 3533 tradidit.
2125 3479 2269 3548 Ergo
2295 3487 2351 3532 et
2376 3494 2485 3534 nox
2508 3485 2627 3533 erat
2655 3477 2792 3546 jam,
2815 3476 3036 3545 quando
3065 3492 3263 3545 panem

1676 3566 1845 3622 Judas
1876 3566 1945 3620 de
1976 3580 2132 3620 caena
2159 3565 2247 3618 illa
2281 3566 2578 3635 accipiens,
2620 3565 2692 3621 ad
2756 3563 2970 3619 Domini
3028 3564 3266 3620 traditio-

1677 3673 1802 3713 nem
1833 3657 2037 3713 exibat.
2079 3656 2341 3726 Sequenti
2367 3665 2550 3711 autem
2591 3657 2700 3720 die,
2756 3671 2879 3725 quae
2928 3654 3032 3713 fuit
3070 3656 3261 3724 quinta

1678 3749 1914 3814 decima,
1974 3747 2181 3804 Pascha
2212 3746 2393 3803 cmeis
2440 3746 2721 3816 implebat.
2750 3744 2982 3815 Propter
3004 3745 3149 3815 quod
3205 3745 3262 3799 in

1679 3840 1865 3910 quinta
1892 3839 2108 3901 decima
2128 3838 2335 3897 mensis
2363 3838 2530 3908 hujus
2551 3837 2660 3903 die,
2709 3836 3057 3892 festivitatem
3118 3837 3262 3892 hanc

1678 3949 1840 4004 agere
1860 3932 2137 4002 legislator
2167 3930 2449 4000 pmcepit,
2480 3939 2534 3985 et
2561 3930 2618 3984 in
2658 3930 2777 3999 ipsa
2811 3929 3135 3984 celebritate
3167 3942 3261 3981 so-

1678 4023 2020 4081 lemnitatem
2047 4036 2361 4091 azymorum
2406 4018 2624 4075 Domini
2656 4017 2994 4088 praedicavit.
3030 4016 3086 4069 Si
3111 4016 3260 4071 enim

1679 4117 1958 4173 celebrare
2009 4114 2061 4170 ei
2108 4114 2316 4168 Pascha
2384 4112 2606 4182 proprie
2672 4119 2730 4165 et
2784 4126 2916 4165 vere
2982 4109 3255 4172 volumus,

1679 4208 1853 4279 azymi
1882 4208 1952 4262 ab
1969 4205 2121 4261 omni
2143 4203 2355 4259 malitia
2390 4219 2514 4259 esse
2546 4202 2833 4267 debemus,
2863 4210 2920 4254 et
2946 4200 3116 4254 multo
3140 4213 3257 4253 ma-

1680 4302 1765 4373 gis
1793 4317 1823 4355 a
1844 4299 2071 4359 Iudaico
2096 4312 2284 4353 errore
2314 4304 2371 4351 et
2421 4303 2709 4350 vetustate.
2754 4293 2913 4349 Unde
2966 4300 3257 4361 postquam

1678 4391 1879 4447 Paulus
1905 4388 2060 4452 dixit,
2084 4386 2288 4443 Pascha
2308 4394 2547 4439 nostrum
2567 4382 2875 4438 immolatus
2899 4391 2976 4436 est
2990 4381 3252 4444 Christus,

16 4470 100 4518 ur,
141 4456 453 4519 advenerit,
515 4455 832 4509 memoriam
881 4455 1149 4526 siquidem
1181 4456 1312 4510 facit
1370 4466 1577 4526 quartae

1695 4481 1927 4538 subdidit
1956 4497 1972 4534 :
1998 4479 2310 4549 Epulemnr,
2328 4493 2432 4531 non
2456 4478 2514 4532 in
2535 4478 2787 4547 fermento
2810 4474 2992 4535 veteri,
3017 4488 3258 4542 nequem

15 4545 238 4611 lecimze,
272 4548 406 4618 quia
433 4547 660 4618 ﬁguram
694 4546 951 4601 habebat.
992 4546 1361 4602 Festivitatem
1385 4557 1569 4611 autem

15 4653 151 4707 igere
184 4639 381 4708 quinta
413 4639 625 4694 decima
656 4640 936 4709 praecepit,
969 4640 1098 4709 quia
1120 4638 1175 4693 in
1202 4639 1319 4709 ipsa
1372 4655 1568 4695 verum

15 4738 79 4784 ist
104 4730 333 4795 Pascha,
372 4731 439 4784 de
463 4747 572 4800 quo
596 4730 798 4785 Paulus
823 4730 1038 4786 dicebat
1071 4747 1084 4783 ε
1111 4718 1317 4787 Pascha
1335 4742 1572 4787 nostrum

20 4821 295 4877 mmolatus
337 4830 413 4878 cst
448 4820 681 4877 Christus
703 4821 770 4876 “.
805 4821 912 4877 Sed
964 4822 1113 4892 ipsos
1148 4821 1259 4892 jam
1291 4838 1574 4881 sermones

15 4911 372 4970 iiscutiamus.

67 5002 162 5055 Πω
181 5018 295 5059 sunt
318 5006 464 5077 feria:
491 5005 700 5058 Domini
729 5015 924 5059 sancta:
944 5021 1075 5075 quas
1103 5002 1363 5057 celebrare
1381 5005 1574 5065 debetis

15 5095 308 5163 temporibus
323 5099 449 5153 suis.
475 5098 657 5167 Quare
675 5113 788 5157 non
806 5097 963 5161 dixit,
982 5090 1158 5151 Ferite
1179 5093 1432 5163 Domino,
1453 5099 1571 5164 sed,

15 5184 179 5241 Feria:
211 5187 461 5268 Domini?
495 5189 604 5247 Aut
648 5190 831 5247 forsan
889 5189 1041 5244 illum
1086 5190 1392 5247 auditorem
1440 5190 1572 5262 legis

15 5288 338 5343 contestans.
359 5282 487 5351 quia
514 5299 623 5338 non
649 5284 971 5355 simpliciter
995 5284 1318 5341 festivitates
1349 5287 1468 5353 has,
1505 5287 1573 5343 de

15 5372 201 5441 quibus
232 5384 315 5431 est
345 5390 548 5438 sermo,
571 5376 833 5431 celebrari
889 5378 1002 5433 Deo
1033 5379 1115 5433 lex
1160 5378 1439 5449 prmcepit,
1474 5379 1573 5433 sed

15 5464 129 5532 quia
150 5466 267 5535 ejus
298 5475 426 5523 sunt
456 5466 708 5538 propriae.
761 5468 901 5533 Quia
933 5471 1392 5540 quemadmodum
1417 5470 1572 5525 festi—

1674 4578 1927 4645 fermento
1958 4571 2178 4626 malitia:
2202 4579 2251 4624 et
2277 4569 2542 4640 nequitiae,
2558 4568 2651 4622 sed
2702 4568 2761 4621 in
2785 4566 2988 4635 azymis
3032 4565 3256 4619 sinceri-

1676 4668 1801 4721 tatis
1855 4676 1905 4720 et
1964 4664 2204 4719 veritatis
2245 4663 2311 4716 “.
2369 4662 2436 4716 Et
2465 4660 2666 4715 nonad
2699 4668 2934 4728 tempus,
2964 4657 3061 4712 sed
3105 4656 3256 4710 omni

1674 4765 1863 4811 nostra
1888 4754 1998 4810 vita
2027 4770 2057 4807 a
2096 4752 2366 4807 fermento
2392 4752 2615 4806 malitia
2661 4750 2852 4803 mundi
2907 4762 3029 4802 esse
3089 4746 3257 4800 debe-

1675 4858 1799 4898 mus
1824 4860 1840 4909 ;
1868 4847 2156 4910 propterea
2173 4839 2283 4894 ait:
2307 4837 2514 4906 Septem
2536 4837 2719 4889 diebus
2747 4851 2934 4904 azyma
2953 4832 3252 4889 comedetis.
3292 4852 3297 4857 λ

1678 4932 1781 4986 Per
1806 4927 2173 4998 septenarium
2198 4939 2485 4979 numerum
2518 4925 2585 4981 de
2606 4922 2758 4979 omni
2784 4921 2944 4977 nobis
2971 4921 3076 4976 vita
3110 4936 3252 4989 pne.

1677 5022 1907 5093 cipiens.
2194 5032 2196 5034 '

1748 5113 1910 5169 Vsus.
1948 5111 2000 5166 8.
2037 5129 2057 5164 ι
2097 5111 2221 5166 Dies
2245 5107 2454 5181 primus
2493 5107 2599 5164 erit
2647 5107 2808 5163 vobis
2840 5104 3257 5165 celeberrimus

1678 5214 1735 5260 et
1759 5212 2005 5267 sanctus,
2043 5218 2206 5258 omne
2223 5217 2360 5271 opus
2388 5201 2588 5258 servile
2634 5215 2743 5255 non
2768 5198 2980 5255 facietis
3020 5198 3074 5257 in
3100 5213 3185 5253 eo.
3222 5218 3243 5251 ι

1751 5296 1887 5350 illud
1918 5295 2066 5350 enim
2131 5293 2446 5348 omnimodo
2494 5292 2691 5348 servile
2727 5305 2848 5349 esse
2865 5306 3003 5360 opus
3023 5290 3248 5359 spiritus

1683 5385 1879 5451 innuit,
1918 5386 1987 5441 de
2017 5402 2127 5456 quo
2156 5386 2234 5440 ait
2269 5384 2531 5440 Dominus
2566 5402 2579 5436 :
2624 5384 2791 5437 Amen
2823 5400 2977 5437 einen
3008 5383 3125 5438 dico
3158 5398 3250 5437 vo-

1681 5475 1778 5539 bis,
1796 5476 1885 5543 qui
1911 5476 2037 5546 {acit
2064 5484 2353 5545 peccatum,
2387 5491 2562 5530 servus
2580 5482 2656 5529 est
2682 5474 2880 5552 peccati
2911 5474 2977 5527 '7.
3015 5473 3070 5528 Si
3097 5472 3246 5528 enim

72 5662 291 5743 ξ’]ἶοιιι.
316 5689 436 5732 vm.
478 5672 573 5743 28.
644 5672 685 5703 ²¹
715 5671 878 5727 iiebr.
928 5691 931 5693 ν
959 5689 1058 5742 xu,
1087 5675 1168 5730 ll.
1246 5678 1289 5707 ²²
1314 5673 1480 5730 iicbr.
1523 5691 1595 5743 iv,
1627 5676 1678 5731 9.
1760 5678 1804 5708 ’³
1838 5674 2001 5732 lCor.
2033 5694 2084 5741 v,
2106 5678 2157 5731 7.
2240 5675 2284 5709 “
2315 5676 2486 5733 Exod.
2515 5675 2681 5742 xu,2.
2753 5675 2798 5708 ”
2825 5674 2846 5731 Ι
2872 5672 3031 5731 Joan.
3056 5688 3117 5741 tt,
3152 5672 3238 5730 i8.

15 5726 90 5783 "l
117 5734 236 5793 Cor.
265 5758 315 5810 v,
478 5726 708 5798 ’τί-10811.
745 5726 860 5808 vm,
891 5744 979 5798 5i.
