3810 6318
522 315 660 385 1Ο83

1736 322 2096 385 llESYCHlI
2140 323 2619 389 PRESBYTERI

3709 330 3802 397 lilii

521 441 711 483 verum
753 428 1094 487 celebramus
1118 430 1345 497 Pascha,
1377 434 1588 504 peccati
1614 436 1900 493 servitium
1917 437 2093 515 fugia-
2126 442 2171 498 Α
2200 439 2400 494 mentis
2435 440 2570 507 suis,
2597 442 2652 495 in
2680 438 2906 497 odorem
2940 442 3337 498 suavissimum
3399 440 3693 497 Domino.
3736 443 3802 498 Fa-

521 533 644 573 tuus
677 538 690 573 :
723 521 848 590 quia
878 521 1149 589 Christus,
1208 527 1303 597 qui
1329 543 1428 597 pro
1466 528 1626 584 nobis
1665 544 1858 599 passus
1908 539 2014 596 εει,
2064 546 2097 585 a

521 620 754 681 peccato
777 629 878 670 nos
907 623 963 670 et
987 618 1249 672 servitute
1276 619 1397 689 ejus
1439 620 1696 676 liberavit
1726 639 1739 674 :
1787 637 1898 677 non
1968 624 2097 693 quia

521 701 701 768 prima
728 702 818 756 die
846 717 1010 758 omne
1035 720 1174 774 opus
1202 709 1404 762 servile
1452 725 1564 764 non
1622 711 1740 767 fieri
1800 715 2091 785 praecepit,

520 791 648 848 aliis
673 802 852 849 autem
876 795 1071 851 diebus
1109 798 1232 853 ideo
1256 815 1420 870 opera
1435 802 1518 874 agi
1534 803 1762 858 servilia
1796 806 2093 877 praecepit:

520 883 645 938 vide
670 899 799 955 ergo
838 888 970 956 quid
999 888 1246 945 subdidit
1279 910 1293 947 :

585 974 689 1029 Sed
721 979 947 1047 oﬂ'eretis
996 983 1321 1052 sacriﬁcium
1346 987 1403 1040 in
1435 989 1554 1060 igne
1587 990 1832 1046 Domino.
1852 992 1980 1048 Sive
2032 1001 2096 1047 ut

519 1063 663 1118 LXX
699 1084 712 1120 :
740 1066 980 1139 Olferetis
1031 1074 1456 1133 holocautomata
1485 1080 1710 1138 Domino
1733 1093 1929 1153 septem
1981 1086 2096 1141 die-

520 1157 634 1212 bus.
667 1159 791 1216 Dies
816 1172 999 1219 autem
1034 1167 1302 1236 septimus
1331 1172 1437 1225 erit
1459 1173 1726 1229 celebrior
1745 1184 1801 1231 et
1829 1178 2095 1245 sanctior,

519 1251 841 1322 nullumque
869 1271 1009 1325 opus
1068 1259 1265 1314 servile
1297 1260 1510 1318 facietis
1551 1264 1606 1318 in
1645 1282 1732 1321 eo.
1767 1264 2095 1324 Holocauto—

519 1352 665 1398 mata
694 1359 823 1415 ergo
851 1356 1059 1415 septem
1083 1349 1276 1405 diebus
1310 1352 1496 1409 oﬂ‘erri
1555 1359 1899 1428 praecipiens,
1923 1362 2097 1416 absti-

519 1450 654 1490 nere
683 1437 847 1492 etiam
868 1439 936 1493 ab
963 1442 1220 1496 omnibus
1245 1444 1502 1513 operibus
1556 1449 1850 1505 servilibus
1908 1452 1964 1505 in
2015 1452 2097 1507 eis

519 1528 798 1596 praecepit.
823 1529 1109 1595 Quomodo
1130 1533 1277 1587 enim
1304 1535 1425 1604 quis
1445 1537 1827 1595 holocaustum
1870 1541 1983 1596 Deo
2006 1543 2067 1598 of
2070 1573 2097 1584 -

520 1616 678 1682 feret,
735 1619 957 1676 diabolo
980 1622 1197 1693 dignus,
1256 1636 1351 1680 aut
1397 1629 1613 1685 servilia
1644 1633 1846 1703 agens?
1893 1634 2097 1691 Deinde

520 1722 632 1761 non
660 1709 838 1764 solum
868 1712 1125 1781 primam,
1149 1716 1246 1771 sed
1279 1726 1336 1773 et
1364 1720 1651 1788 septimam
1677 1731 1965 1793 propterea
1998 1743 2097 1781 no-

519 1794 770 1862 minavit,
799 1799 935 1854 utin
986 1802 1157 1871 prima
1201 1814 1259 1860 et
1305 1807 1363 1861 in
1390 1809 1619 1877 septima
1644 1819 1810 1865 totam
1841 1826 2095 1883 compre-

518 1887 786 1945 henderet
806 1891 971 1946 vitam
998 1894 1314 1951 humanam.
1371 1897 1465 1953 llla
1496 1900 1641 1955 enim
1702 1902 1940 1969 initium,
1994 1906 2096 1960 ista

517 1986 701 2033 autem
732 1979 893 2036 tinem
920 1983 1088 2038 habet
1139 1985 1194 2039 in
1225 2001 1330 2056 qua
1383 1991 1568 2045 omnia
1617 1994 2097 2063 comprehendun-

516 2074 626 2120 tur.
669 2066 899 2124 Videtur
922 2080 1107 2127 autem
1144 2086 1201 2130 et
1225 2076 1328 2132 hoc
1365 2080 1679 2150 praecipere,
1704 2092 1763 2137 ut
1793 2083 1840 2138 is
1867 2086 1960 2154 qui
1992 2085 2095 2139 im-

515 2152 721 2221 buitur,
751 2156 868 2212 sive
905 2158 1154 2215 initiatur
1181 2166 1462 2234 mysterio,
1487 2169 1699 2223 nullum
1735 2152 2095 2241 opus—servile

434 2300 441 2309 ,
515 2252 688 2315 agat:
734 2258 951 2317 oportet
995 2253 1200 2323 quippe
1240 2255 1390 2310 illum
1425 2273 1608 2329 agere,
1663 2278 1784 2331 quae
1831 2264 2095 2323 libertatis

515 2344 661 2402 sunt,
695 2339 821 2408 quia
850 2356 952 2395 nos
989 2341 1251 2401 Dominus
1272 2346 1521 2404 liberavit
1554 2366 1653 2421 per
1679 2367 1804 2407 eum
1835 2356 1926 2426 qui
1947 2358 1997 2412 ei
2018 2359 2095 2412 si-

513 2437 713 2498 gnatus
737 2441 839 2486 est.
864 2434 919 2487 Si
947 2442 1129 2490 autem
1154 2437 1355 2507 aliquid
1377 2450 1500 2509 post
1516 2443 1620 2498 hoc
1646 2446 1835 2514 egerit,
1851 2449 1996 2517 quod
2026 2452 2093 2505 ad

513 2519 832 2575 servitutem
855 2524 1112 2591 pertinet,
1144 2542 1386 2603 peccans
1410 2540 1471 2585 ut
1496 2533 1680 2597 homo,
1727 2536 1919 2591 saltem
1949 2539 2089 2609 ejus,

512 2626 636 2679 quae
687 2613 756 2666 ad
806 2612 969 2668 ﬁnem
1000 2624 1106 2683 est,
1164 2618 1785 2694 libertatisdiligentiam
1809 2638 1982 2696 gerat,
2036 2641 2093 2687 et

512 2699 765 2757 intendat
814 2718 924 2774 quo
968 2707 1129 2761 modo
1174 2718 1363 2765 noster
1410 2711 1535 2768 linis
1582 2715 1761 2772 bonus
1803 2718 2087 2789 efﬁciatur,

512 2793 789 2859 quomodo
826 2795 1058 2865 septima
1085 2797 1224 2865 dies,
1277 2808 1497 2872 tempus
1553 2806 1830 2875 videlicet,
1875 2810 1931 2864 in
1982 2828 2092 2882 quo

515 2884 828 2953 transimus,
860 2901 1022 2943 omne
1073 2904 1213 2958 opus
1264 2894 1465 2949 servile
1500 2912 1610 2952 non
1645 2898 1864 2955 habeat.
1911 2900 1972 2956 in
2024 2919 2090 2959 eo

512 2977 658 3030 enim
690 2977 745 3031 in
770 2994 878 3048 quo
899 2995 1001 3034 nos
1025 2981 1170 3036 Deus
1202 2980 1496 3052 invenerit,
1541 2989 1595 3042 in
1632 2989 1750 3059 ipso
1771 3001 1828 3045 et
1844 2993 2091 3062 judicare

511 3067 800 3135 promittit.
834 3069 1058 3140 Propter
1084 3073 1227 3142 quod
1248 3084 1304 3130 et
1335 3074 1523 3143 David,
1544 3079 1606 3132 In
1621 3081 1749 3149 fine,

512 3173 631 3224 pas,
655 3158 920 3227 plurimos
957 3162 1295 3219 Psalmorum
1326 3171 1653 3236 praescribit.

585 3247 749 3304 Vens.
774 3251 929 3306 9-14.
959 3273 978 3306 ‹
1012 3255 1361 3327 Locutusque
1384 3269 1469 3316 est
1497 3262 1763 3320 Dominus
1784 3267 1852 3321 ad
1872 3266 2088 3338 Moysen

511 3339 701 3397 dicens
730 3358 745 3396 :
784 3342 1032 3414 Loquere
1047 3346 1174 3403 ﬁliis
1192 3349 1379 3418 Israel,
1413 3361 1470 3407 et
1503 3354 1655 3410 dices
1677 3356 1747 3411 ad
1777 3372 1872 3414 eos
1907 3376 1921 3412 :
1954 3360 2091 3415 Cum

513 3431 741 3505 ingressi
765 3436 977 3493 fueritis
1012 3448 1210 3495 terram
1251 3458 1413 3514 quam
1463 3461 1564 3516 ego
1617 3449 1756 3504 dabo
1814 3452 1986 3518 vobis,
2036 3462 2093 3507 et

512 3525 849 3581 messueritis
875 3518 1087 3598 segetes
1119 3539 1277 3586 terra:
1323 3542 1540 3599 vestrae,
1574 3535 1763 3593 feretis
1788 3541 2092 3611 manipulos

513 3614 806 3683 spicarum,
838 3618 1108 3687 primitias
1129 3623 1324 3678 messis
1365 3633 1580 3689 vestrae,
1626 3629 1693 3684 ad
1728 3633 2088 3688 sacerdotem.

513 3702 617 3767 Qui
666 3704 866 3761 levabit
908 3707 1227 3764 fasciculum
1277 3727 1462 3767 coram
1502 3714 1735 3772 Domino
1757 3729 1815 3773 ut
1837 3731 2091 3791 accepta-

512 3792 641 3849 bilis
667 3796 740 3851 sit
767 3812 865 3867 pro
887 3799 1061 3855 vobis.
1094 3801 1283 3857 Altero
1313 3804 1404 3859 die
1443 3804 1700 3875 Sabbato,
1727 3812 2092 3870 sauctiticabit

515 3884 689 3953 illum,
710 3897 871 3957 atque
909 3890 962 3943 in
1000 3891 1191 3946 eodem
1208 3893 1297 3949 die
1317 3910 1426 3964 quo
1464 3899 1775 3969 manipulus
1796 3918 2091 3959 consecra-

515 3987 626 4045 tur,
659 3979 899 4034 caedetur
917 3997 1090 4053 agnus
1113 3984 1500 4043 immaculatus
1549 3991 1840 4047 anniculus
1860 3992 1913 4046 in
1939 3995 2092 4049 holo-

515 4081 764 4127 caustum
791 4071 1040 4141 Domino,
1069 4086 1127 4131 et
1158 4078 1455 4135 libamenta
1488 4081 1790 4138 oﬂerentur
1843 4100 1970 4139 cum
2024 4101 2092 4142 eo

515 4159 638 4214 dum
671 4162 898 4219 decima
937 4166 1129 4221 similae
1172 4183 1482 4239 conspersae
1529 4173 1651 4228 oleo
1701 4174 1755 4227 in
1804 4176 2090 4231 incensum

516 4247 747 4305 Domino
767 4252 1099 4325 odoremque
1123 4259 1530 4325 suavissimum,
1565 4262 1673 4318 liba
1702 4280 1921 4334 quoque
1954 4268 2088 4331 viui,
2122 4314 2127 4315 κ

515 4349 706 4408 quarta
725 4358 852 4411 pars
869 4345 986 4400 hin.
1018 4346 1218 4403 Panem
1254 4358 1313 4405 et
1336 4351 1633 4420 polentam,
1678 4365 1734 4410 et
1760 4358 1938 4425 pultes
1979 4374 2091 4412 non

2201 529 2358 584 cictis
2385 539 2440 584 et
2464 531 2677 586 hircum
2708 549 2807 602 pro
2829 542 3076 603 peccato,
3130 536 3392 605 duosque
3432 551 3638 605 agnos
3678 544 3801 590 aue;-

2199 623 2373 688 culos,
2406 623 2614 678 hostias
2635 625 3008 695 pacificorum.
3040 626 3293 698 Cumque
3326 628 3676 682 elevaverit
3734 647 3797 683 ea:

2198 715 2452 771 sacerdos
2476 731 2602 771 cum
2633 717 2863 784 panibus
2893 718 3262 787 primitiarum
3303 734 3516 773 coram
3568 720 3783 774 Domino

2199 804 2397 859 cedent
2420 804 2475 858 in
2510 821 2672 859 usum
2706 807 2847 875 ejus.
2882 807 2951 862 Et
3004 809 3275 863 vocabitis
3297 809 3467 865 hunc
3506 809 3667 864 diem
3689 814 3798 865 εῖὲεκ

2200 896 2519 963 berrimum,
2558 906 2722 968 atque
2747 899 3179 966 sanctissimum,
3211 917 3393 957 omne
3419 918 3582 972 opus
3623 906 3790 957 seni:

2198 996 2309 1039 non
2349 984 2564 1041 facietis
2621 987 2675 1040 in
2725 1002 2811 1041 eo.
2850 986 3180 1059 Legitimum
3240 991 3676 1060 sempiternum
3718 997 3791 1045 ες

2200 1077 2256 1131 in
2314 1077 2531 1132 cunctis
2598 1077 2945 1144 habitaculis,
3030 1090 3086 1135 et
3151 1084 3647 1152 generationibus
3727 1102 3790 1140 τε·

2199 1168 2346 1225 stris.
2376 1187 2395 1220 ι

2270 1259 2408 1325 Quia
2444 1261 2604 1333 longe
2634 1279 2663 1315 a
2703 1262 2962 1332 praesenti
3015 1265 3134 1336 lege
3164 1267 3431 1337 p0pulus
3487 1267 3778 1323 ludatur:

2199 1356 2304 1415 est,
2325 1350 2443 1419 ipsa
2459 1351 2656 1406 docere
2678 1367 2782 1407 nos
2807 1354 2974 1409 verba
2991 1366 3225 1424 possunt
3246 1358 3549 1413 discussa.
3573 1360 3779 1431 Argutis

2199 1447 2290 1493 tur
2321 1449 2530 1502 autem,
2562 1458 2741 1512 neque
2766 1445 3072 1500 secundum
3103 1447 3358 1503 litteram
3394 1450 3698 1519 implentes
3721 1469 3777 1509 ea.

2197 1540 2301 1585 nec
2339 1532 2597 1601 spiritum
2643 1533 2971 1606 intelligere,
3003 1538 3097 1608 qui
3143 1539 3197 1593 in
3253 1543 3347 1595 eis
3375 1552 3497 1603 est,
3549 1545 3775 1596 valentes.

2194 1619 2385 1678 Altero
2415 1623 2503 1678 die
2531 1625 2709 1694 prima
2754 1626 3009 1683 videlicet
3041 1643 3373 1700 azymorum
3409 1633 3623 1687 offerre
3645 1636 3778 1686 ωιιξο

2199 1713 2408 1782 pulum,
2446 1724 2502 1768 et
2531 1729 2689 1769 ovem
2736 1715 3021 1773 immolare
3054 1735 3222 1790 super
3249 1736 3394 1775 eum
3455 1730 3722 1794 praecepit.
3746 1728 3774 1777 Δ

2126 1772 2286 1854 Bdie
2334 1772 2539 1867 autem,
2597 1802 2652 1855 in
2709 1818 2818 1873 quo
2876 1772 3394 1878 ιιοοηὶῖεὲρὶἑιὶῖ
3438 1772 3773 1865 hebdoma-cas

2196 1894 2496 1958 numerari,
2529 1902 2584 1949 et
2613 1895 2848 1950 alterum
2876 1897 3019 1951 diem
3048 1897 3259 1954 ultimm
3286 1901 3690 1965 hcbdomadz,
3718 1906 3771 1957 si:

2194 1981 2552 2040 Pentecostcs
2628 1987 2908 2043 celebrare
2960 1988 3323 2045 festivitatem
3388 1992 3456 2046 in
3531 1995 3637 2058 his,
3686 2010 3772 2063 qm

2195 2091 2344 2132 nunc
2372 2078 2507 2132 dixit
2532 2080 2817 2150 praecepit.
2847 2080 3078 2147 Quidam
3099 2093 3291 2138 autem
3312 2087 3408 2140 sic
3452 2086 3770 2141 invenientis

2194 2162 2549 2222 Pentecostes
2598 2167 2954 2224 festivitatem
2999 2171 3312 2227 celebrare.
3344 2176 3393 2227 Δ
3450 2177 3632 2245 prima
3662 2179 3767 2231 cuiu

2195 2270 2538 2328 azymorum,
2569 2275 2682 2314 non
2727 2256 2909 2315 autem
2934 2278 2963 2316 a
2990 2262 3100 2326 die,
3134 2263 3189 2317 in
3254 2281 3371 2335 qua
3435 2268 3769 2337 manipulum.

2194 2363 2316 2417 quae
2332 2349 2509 2418 prima
2533 2365 2851 2421 azymorum
2886 2352 2941 2406 in
2973 2354 3282 2409 crastinum
3316 2357 3586 2411 secunda
3614 2358 3768 2411 videli-

2193 2448 2283 2496 cet
2321 2440 2462 2506 dies,
2499 2452 2884 2526 computantes
2936 2446 3201 2501 celebrari
3235 2448 3481 2504 sibimet
3537 2448 3768 2505 Penteco-

2193 2537 2333 2582 stem
2369 2529 2691 2598 praedicant.
2728 2529 2962 2601 Propter
2980 2533 3127 2602 quod
3156 2534 3239 2589 eis
3276 2532 3572 2592 Donﬂnus
3604 2538 3766 2607 impro

2194 2632 2393 2686 perans
2443 2620 2590 2688 quod
2646 2623 2953 2678 secundum
2995 2624 3242 2679 litteram
3327 2642 3458 2681 non
3509 2628 3769 2701 implexa.

2192 2711 2366 2773 legem
2421 2711 2637 2768 dicebat
2674 2730 2687 2765 :
2720 2712 2786 2767 Et
2842 2731 2993 2769 nemo
3047 2733 3113 2771 ea;
3148 2718 3297 2772 uobis
3350 2722 3499 2789 facit
3550 2724 3764 2796 legem”.

2191 2803 2437 2860 Ecclesia
2458 2813 2642 2868 autem
2661 2800 2792 2862 facit
2818 2807 2961 2863 sicut
2987 2825 3136 2865 nunc
3167 2813 3520 2868 ostenditur.

2263 2920 2588 2990 Locutusque
2644 2932 2723 2977 est
2775 2923 3033 2981 Dominus
3099 2929 3174 2983 ad
3252 2929 3501 3001 Moysen:
3566 2935 3768 2985 dictas:

2191 3010 2426 3082 Loquere
2450 3011 2576 3080 ﬁliis
2604 3013 2795 3078 Israel,
2819 3026 2869 3069 et
2899 3018 3037 3071 dices
3097 3021 3171 3074 ad
3213 3039 3333 3076 eos:
3396 3024 3541 3079 Cum
3584 3025 3767 3096 ingrcssi

1771 3098 1835 3136 ne
1859 3100 2091 3139 corrum-
2119 3117 2164 3178 ρ
2198 3103 2401 3156 fueritis
2433 3113 2652 3169 terram,
2695 3121 2857 3175 quam
2883 3123 2976 3177 ego
3019 3109 3156 3163 dabo
3185 3112 3335 3165 vobis
3360 3123 3417 3167 ct
3471 3118 3767 3171 men-eritis

2192 3201 2388 3261 segetes
2420 3201 2575 3247 terra!
2608 3204 2813 3259 vestrm,
2864 3199 3090 3267 oﬂ‘eretis
3147 3202 3455 3267 manipulos
3497 3210 3765 3271 spicam.

2192 3283 2459 3349 primitias
2487 3287 2670 3340 messis
2708 3297 2892 3342 vestrm
2931 3290 3001 3341 ad
3038 3292 3391 3345 sacerdotem.
3447 3293 3557 3359 Qui
3610 3299 3763 3351 tam

2192 3374 2504 3442 fasciculum
2561 3392 2741 3430 coram
2791 3377 3039 3441 Domino,
3085 3389 3140 3431 ut
3172 3384 3531 3448 acceptalvilis
3580 3386 3649 3438 sit
3698 3400 3767 3451 νη

2192 3464 2353 3518 vobis.
2386 3464 2610 3520 Terram
2639 3482 2672 3520 a
2706 3468 2813 3522 Deo
2832 3469 3037 3534 datam,
3061 3472 3453 3541 evangelicum
3488 3473 3764 3526 doctrinae

2192 3565 2247 3610 et
2276 3558 2750 3613 conversationem
2779 3558 3106 3630 frequenter
3136 3561 3466 3618 docuimus.
3497 3562 3623 3633 Ipsa
3648 3565 3764 3618 enim

2193 3656 2339 3702 terra
2375 3649 2596 3714 dicitur,
2649 3660 2877 3721 propter
2928 3651 3141 3707 fructus
3173 3652 3457 3709 virtutum
3489 3656 3588 3726 qui
3638 3671 3764 3708 eses

2192 3736 2466 3791 oriuntur.
2502 3739 2586 3792 Ab
2623 3737 2745 3808 ipso
2766 3749 2951 3794 autem
2983 3738 3096 3796 Deo
3128 3741 3256 3796 data
3289 3753 3398 3807 est,
3442 3760 3632 3814 neque
3652 3743 3763 3799 alia

2194 3823 2497 3879 mcdiatore
2517 3825 2584 3878 ad
2615 3825 2763 3880 hanc
2790 3841 2926 3881 usus
2947 3835 3053 3891 est,
3096 3828 3193 3883 sed
3217 3830 3451 3898 proprio
3478 3847 3546 3886 ea
3582 3846 3766 3886 anna}

2193 3913 2350 3968 tiavit
2373 3929 2488 3970 ore.
2527 3914 2761 3982 Quando
2808 3931 2940 3987 ergo
2978 3918 3208 3989 ingressi
3239 3931 3396 3984 sunt.
3447 3933 3508 3977 et
3546 3940 3763 3979 mme-

2194 4013 2325 4060 runt
2377 4017 2593 4077 segetes
2660 4009 2804 4077 ejus,
2868 4009 2928 4063 hi
2976 4011 3069 4080 qui
3122 4025 3507 4082 susceperunt
3554 4018 3762 4069 salutare

2193 4095 2444 4150 verbum.
2490 4096 2569 4150 llli
2610 4098 2757 4159 enim
2781 4108 2914 4153 sunt
2948 4110 3004 4154 et
3032 4116 3333 4169 messores,
3382 4116 3447 4159 et
3476 4106 3760 4174 intelligas-

2193 4188 2270 4241 les
2304 4197 2513 4258 segetes
2528 4188 2595 4243 ad
2615 4205 2755 4260 quos
2785 4190 3049 4248 Dominus
3070 4194 3287 4250 dicebat
3306 4213 3324 4249 :
3349 4198 3551 4253 Πετεώ
3580 4203 3757 4269 quidc-

2194 4279 2388 4343 multa,
2421 4281 2653 4350 operarii
2687 4291 2867 4336 autem
2899 4286 3083 4353 pauci,
3116 4297 3299 4357 rogate
3328 4287 3629 4345 Dominum
3656 4307 3755 4342 ια·

2193 4371 2287 4431 sis.
2335 4380 2393 4424 ut
2433 4373 2611 4426 mittat
2654 4376 2927 4443 operarios
2988 4378 3047 4430 in
3086 4394 3491 4435 utessemsuam
3506 4385 3573 4447 ι’,
3594 4384 3755 4454 quibus

515 4431 813 4487 comedetis
838 4449 901 4488 ex
919 4445 1120 4505 segete,
1141 4453 1317 4507 usque
1345 4441 1414 4495 ad
1448 4442 1594 4495 diem
1621 4459 1731 4512 quo
1759 4445 2005 4501 oﬁ‘eratis
2022 4464 2092 4502 ex

521 4534 574 4541 η
606 4519 706 4541 n--
1188 4537 1198 4541 -
1390 4540 1397 4541 ,
1584 4532 1595 4541 .
1850 4535 1861 4541 -

2203 4462 2371 4517 etiam
2414 4463 2566 4519 verbi
2613 4467 2940 4541 mysterium
2982 4470 3234 4538 credidit,
3270 4481 3413 4528 tunc
3463 4477 3659 4530 messis
3700 4474 3753 4526 sic

516 4534 578 4574 ea
606 4519 713 4575 Deo
731 4530 933 4589 vestro,
967 4537 1298 4596 praeceptum
1320 4540 1406 4585 est
1426 4532 1816 4601 sempiternum
1849 4535 1902 4589 in
1920 4553 2089 4606 gene-

516 4612 843 4683 rationibus,
875 4618 1199 4690 cunctisque
1243 4622 1566 4679 habitaculis
1623 4626 1840 4682 vestris.
1888 4628 2092 4682 Nume-

520 4705 711 4761 rabitis
739 4723 869 4780 ergo
892 4711 962 4766 ab
990 4713 1162 4769 altero
1179 4715 1271 4770 die
1297 4716 1543 4784 Sabbati,
1581 4718 1636 4773 in
1682 4735 1792 4790 quo
1815 4722 2091 4780 obtulistis

518 4800 853 4871 manipulum
885 4807 1267 4878 primitiarum,
1291 4823 1498 4882 septem
1515 4815 1881 4873 hebdomadas
1900 4819 2091 4888 plenas

519 4907 693 4962 usque
721 4894 788 4949 ad
817 4895 958 4952 diem
986 4899 1215 4955 alteram
1255 4904 1582 4973 expletionis
1614 4907 1972 4963 hebdomadis
2003 4923 2091 4964 sc-

516 4986 724 5054 ptimae,
766 4989 822 5044 id
841 5000 926 5045 est
970 4994 1365 5068 quinquaginta
1417 4999 1581 5054 dies:
1620 5010 1677 5056 et
1710 5002 1792 5057 sic
1848 5000 2093 5058 oﬂ‘eretis

516 5078 842 5134 sacriﬁcium
871 5090 1071 5136 novum
1104 5085 1353 5154 Domino,
1381 5104 1449 5143 ex
1485 5093 1739 5147 omnibus
1767 5095 2092 5151 habitaculis

517 5172 734 5224 vestris.
764 5170 940 5228 Panes
964 5175 1325 5243 primitiarum
1366 5181 1502 5235 duos
1522 5184 1589 5238 de
1619 5185 1832 5240 duabus
1863 5187 2091 5243 decimis

429 5276 443 5288 -
520 5259 710 5315 similae
740 5262 1104 5333 fermentata},
1134 5284 1272 5337 quos
1308 5274 1553 5340 coquetis
1587 5275 1641 5328 in
1678 5277 1948 5344 primitias
1983 5277 2087 5331 Do~

520 5353 678 5405 mini.
705 5352 1068 5425 Oll‘erctisque
1093 5374 1217 5413 cum
1249 5361 1483 5429 panibus
1505 5373 1713 5433 septem
1781 5383 1950 5437 agnos
1990 5369 2092 5421 im-

521 5444 819 5499 maculatos
848 5447 1152 5515 anniculos,
1180 5458 1235 5503 et
1259 5452 1489 5506 vitulum
1518 5454 1585 5508 de
1608 5467 1860 5512 armento
1892 5474 2085 5525 unum,

522 5539 577 5585 et
603 5534 801 5590 arietes
833 5536 1065 5603 duos,yet
1101 5550 1263 5595 erunt
1312 5542 1365 5595 in
1401 5543 1775 5600 holocaustum
1804 5563 1926 5601 cum
1953 5549 2090 5603 liba-

2198 4561 2411 4606 matura
2454 4563 2593 4618 erat,
2643 4563 2706 4609 ut
2755 4556 3023 4613 Dominus
3060 4559 3301 4614 diceret:
3359 4561 3565 4617 Leuate
3617 4562 3755 4616 οίιία

2197 4651 2416 4707 vestros,
2437 4644 2605 4698 videte
2633 4647 2887 4717 regiones,
2930 4651 3057 4719 quia
3084 4651 3223 4704 alba:
3251 4662 3377 4705 sunt
3401 4655 3533 4722 jam
3562 4656 3633 4708 ad
3674 4671 3755 4707 ar-

2199 4732 2411 4785 tendum
2429 4733 2497 4786 ³ο.
2550 4732 2889 4805 Manipulum
2925 4748 3107 4793 autem
3153 4741 3561 4809 primitiarum,
3594 4743 3756 4797 inteb-

2198 4821 2378 4890 gibilis
2412 4824 2668 4880 sacerdos
2705 4826 2964 4883 Christus
3001 4845 3201 4900 corpus
3232 4833 3533 4902 preprium
3583 4836 3755 4889 υσενε-

2200 4914 2311 4969 bat.
2377 4915 2513 4982 Quia
2563 4917 2712 4973 enim
2766 4921 3068 4990 capitulum
3126 4923 3245 4978 sive
3301 4939 3523 4979 summa
3570 4926 3755 4981 messis.

2199 5005 2356 5060 verbi
2403 5007 2662 5063 videlicet
2709 5010 2985 5076 salutaris,
3027 5022 3083 5067 et
3123 5014 3325 5070 divinae
3372 5018 3758 5085 pradicatiauis

2198 5106 2541 5152 mortuorum
2576 5109 2694 5154 erat
2750 5102 3101 5168 resurrectio,
3128 5105 3205 5160 ita
3237 5115 3298 5161 ut
3325 5104 3539 5163 Paulus
3586 5113 3759 5164 clauu-
3800 5126 3801 5129 ‘

2200 5195 2315 5241 ret:
2358 5186 2464 5241 Viri
2494 5188 2776 5257 Pharisaei,
2806 5193 2870 5245 de
2898 5210 2985 5263 spe
3015 5204 3065 5247 et
3130 5199 3524 5253 resurrectione
3554 5213 3754 5254 murteo-

2196 5294 2315 5332 rum
2342 5296 2436 5350 ego
2474 5282 2693 5350 judicor
2738 5285 2973 5351 hodie”,
3005 5289 3296 5356 oportebat
3341 5291 3753 5346 satisfactionem

2195 5369 2352 5437 sequi
2394 5372 2821 5439 praedicationis,
2863 5392 2987 5429 nam
3033 5385 3091 5431 et
3114 5378 3411 5433 subsecuta
3454 5392 3568 5435 est.
3613 5380 3757 5433 Verus

2195 5458 2342 5511 cnim
2377 5461 2714 5530 manipulus,
2743 5474 2799 5518 ct
2824 5480 2967 5519 verae
3006 5466 3265 5534 primitiae
3306 5479 3522 5524 nosme
3566 5468 3755 5527 messis

2196 5568 2345 5607 nunc
2378 5552 2735 5625 intelligibilis
2778 5558 3035 5614 sacerdos
3069 5558 3346 5628 Christus,
3409 5578 3613 5634 corpus
3650 5576 3758 5632 pm-

620 5696 668 5726 ⁹³
690 5709 849 5767 Joan.
873 5731 968 5778 vn.
998 5718 1078 5773 l9.
1153 5718 1404 5774 "Matth.
1442 5738 1512 5791 ιι,
1548 5721 1635 5777 57.
1713 5726 1755 5755 ³ο
1783 5723 1935 5779 Joan.
1972 5741 2042 5792 tv,
2073 5730 2092 5783 ζ

2235 5730 2275 5761 ³¹
2310 5730 2430 5786 Act.
2457 5747 2612 5795 unt.
2646 5733 2696 5788 6.
