3810 6318
41 339 174 406 1085

1144 337 1225 399 ΙΝ
1268 328 1704 399 LEVITICUM.
1737 363 1807 375 -
1844 340 1993 401 LIB.
2025 343 2125 406 VI.

3126 357 3260 427 1036

38 453 212 524 prium
240 464 270 506 a
296 449 526 505 mortuis
549 450 855 517 suscitavit,
887 448 954 506 de
984 467 1093 522 quo
1122 450 1319 507 Paulus
1349 452 1592 507 dicebat:
1625 460 1669 511 Α
1772 450 1838 505 Et
1878 454 2146 522 polentam
2183 463 2232 508 et
2277 456 2447 525 pultes
2500 476 2603 513 non
2649 464 2927 518 comedetis
2954 481 3018 518 ea:
3065 479 3254 537 segete,

39 546 188 600 Nunc
214 554 389 598 autem
443 543 995 605 Christusresurrexit
1039 562 1072 597 a
1134 545 1373 609 mortuis,
1408 544 1593 612 primi—

38 640 122 691 tiw
181 636 631 690 dormientium".
686 634 792 690 Sed
825 637 1044 705 quando
1093 637 1196 691 hoc
1252 636 1455 690 factum
1486 643 1590 697 est,

35 730 199 783 altera
218 727 307 781 die
342 726 536 781 oﬂ‘eret
585 726 717 781 illud
746 728 1019 781 sacerdos.
1078 727 1210 782 Esse
1249 738 1428 780 autem
1480 725 1592 794 pri-

35 835 169 873 mam
199 819 341 872 diem
365 818 662 872 Dominica:
718 818 1008 888 passionis,
1059 833 1118 871 ea
1147 832 1264 886 qum
1315 824 1442 870 ante
1487 817 1591 869 hoc

32 911 281 972 diximus,
312 909 694 969 ostenderunt,
726 910 781 962 in
828 926 934 978 qua
977 909 1236 963 Dominus
1300 925 1453 962 suam
1493 909 1592 961 ho-

30 1000 180 1054 stiam
210 1015 321 1052 non
350 999 468 1053 sine
492 996 699 1052 ratione
732 998 1086 1069 dispensavit.
1132 1000 1234 1052 Sed
1262 1000 1385 1067 quia
1418 998 1590 1067 prima

26 1106 338 1160 azymorum
392 1090 538 1155 haec,
598 1101 653 1143 et
707 1091 878 1159 prima
936 1090 1214 1144 Paschalis
1280 1087 1588 1142 festivitatis

24 1180 325 1243 dicebatur,
375 1180 544 1234 altera
595 1181 710 1234 dies
756 1179 1024 1249 passionis
1079 1181 1406 1235 resurrectio
1456 1180 1583 1233 fuit:

24 1271 181 1341 hujus
225 1271 307 1325 rei
355 1270 547 1342 gratia,
601 1286 725 1325 cum
766 1273 1035 1341 potuisset
1088 1272 1290 1334 dicere,
1348 1271 1587 1325 secunda

24 1377 332 1431 azymorum
360 1361 555 1416 offeret
597 1362 700 1415 hoc
751 1348 1025 1427 Sacerdos,
1055 1378 1160 1417 non
1197 1362 1276 1416 sic
1325 1362 1481 1426 dixit,
1527 1370 1587 1416 ut

24 1466 130 1508 non
189 1454 254 1507 ad
310 1452 738 1522 subsequentem
789 1452 931 1507 diem
989 1455 1290 1507 deduceret
1340 1463 1582 1507 nostram

22 1540 427 1613 cogitationem,
480 1543 574 1597 sed
628 1542 777 1597 etin
827 1544 1125 1597 crastinum
1177 1545 1387 1613 primae.
1448 1543 1586 1598 Dicit

19 1643 200 1688 autem
233 1635 716 1700 resurrectionem,
749 1636 875 1703 quia
909 1634 1364 1704 quemadmodum
1393 1635 1584 1689 crasti-

19 1740 121 1778 nus
172 1724 289 1778 dies
320 1725 588 1779 hodierno
626 1725 889 1788 succedit,
941 1726 1018 1779 sic
1071 1727 1336 1780 successit
1365 1725 1579 1779 Domini

19 1816 258 1885 passioni
296 1818 647 1871 resurrectio.
696 1816 774 1870 Tu
804 1826 985 1871 autem
1015 1817 1235 1871 attende
1283 1832 1344 1870 ea
1368 1832 1487 1886 quae
1526 1817 1581 1869 in

19 1908 484 1977 subsequentibus
550 1908 829 1973 dicuntur,
897 1919 951 1962 et
1017 1909 1305 1962 verborum
1372 1907 1580 1962 custodi

19 1999 433 2054 districtiouem.
467 2000 707 2054 Primum
738 2001 885 2055 enim
925 2000 1266 2069 manipulum
1316 1998 1585 2067 primitia-

19 2108 156 2157 rum,
208 2092 554 2147 sacerdotem
612 2093 853 2147 ostendit
897 2092 1241 2155 oﬂ'erentem,
1291 2102 1411 2159 post
1477 2089 1583 2143 hoc

19 2191 192 2235 autem
223 2183 331 2234 ait:
366 2180 532 2250 Atque
564 2182 619 2233 in
663 2183 839 2233 eodeni
877 2182 961 2233 die
1008 2197 1109 2249 quo
1132 2179 1432 2248 nianipulus
1462 2195 1584 2232 cou-

19 2282 271 2338 secratur,
310 2273 524 2324 cedetur
568 2288 736 2341 agnus
785 2272 1163 2324 immaculatus
1203 2271 1480 2323 anniculus
1528 2272 1581 2323 in

19 2362 375 2415 itolocaustnm
412 2361 654 2414 Domino.

77 2454 280 2508 Volens
309 2468 407 2508 nos
427 2458 481 2506 ln
508 2453 598 2507 die
620 2468 725 2522 qua
753 2452 1091 2513 celebramus
1151 2451 1365 2506 Domini
1398 2466 1579 2505 resur-

19 2545 336 2610 rectionem,
376 2534 447 2598 ἐι
499 2543 761 2612 manipuli
808 2543 1204 2612 intelligibilem
1253 2542 1583 2597 oblationem

19 2638 372 2701 :elebramus,
421 2652 529 2689 non
586 2634 829 2689 oblivisci
888 2634 1152 2688 Dominici
1207 2632 1483 2696 sacrificii,
1518 2647 1585 2686 ex

20 2744 114 2797 juo
151 2728 313 2781 nobis
345 2736 429 2780 est
458 2726 659 2781 oblatio
679 2724 942 2795 manipuli
969 2744 982 2780 :
1008 2726 1104 2780 sed
1147 2725 1346 2780 cedere
1382 2739 1581 2794 agnum

28 2820 418 2873 mmaculatum
450 2818 767 2872 anniculum
802 2818 856 2871 in
905 2817 1283 2872 holocaustum
1330 2815 1580 2869 Domino.

27 2912 411 2983 ntelligibilem
468 2926 687 2980 agnum,
731 2910 948 2964 Domini
980 2909 1329 2963 traditionem
1382 2908 1582 2961 immo-

20 3012 181 3057 antes
230 3003 480 3073 mystice,
537 3010 591 3056 et
650 3001 944 3056 offerentes
986 3018 1000 3055 :
1052 3000 1224 3070 ipsius
1263 3006 1470 3066 autem,
1526 3008 1585 3053 ut

19 3093 338 3147 sacriﬁcium
371 3094 630 3147 cedentes
655 3092 976 3147 memoriam
1000 3090 1150 3146 fecit.
1192 3089 1383 3161 Neque
1435 3090 1579 3145 enim
1610 3115 1650 3170 ε

19 3185 178 3248 diter,
213 3185 312 3238 sed
363 3199 458 3252 per
510 3184 628 3252 ejus
656 3184 1064 3238 meditationem
1123 3191 1180 3238 et
1235 3184 1491 3238 virtutem
1548 3199 1578 3238 a

19 3276 302 3331 sensilibus
326 3276 392 3329 ad
424 3276 782 3346 intelligibilia
815 3274 1221 3329 transferuntur
1254 3290 1317 3329 ea
1362 3291 1482 3345 qua:
1522 3275 1576 3329 in

21 3362 91 3416 llo
123 3362 398 3417 sacriﬁcio
428 3373 782 3433 peraguntur.
816 3362 883 3415 Et
913 3364 1056 3432 quod
1089 3363 1194 3418 hoc
1241 3372 1324 3418 est
1361 3364 1574 3419 sacriﬁ—

19 3452 180 3505 :ium?
210 3452 351 3505 Duo:
386 3453 599 3506 decima:
628 3453 818 3506 simila:
872 3468 1163 3520 conspersa:
1188 3452 1321 3507 oleo.
1350 3453 1578 3523 Oportet

19 3542 146 3596 anim
177 3545 327 3597 scire
378 3544 679 3612 perlectam
719 3544 1137 3605 humanitatem,
1170 3552 1223 3598 et
1278 3544 1574 3613 perfectam

19 3634 346 3688 livinitatem
370 3643 805 3703 contemperare,
830 3635 884 3687 id
911 3644 993 3688 est
1014 3635 1067 3688 in
1093 3650 1260 3689 unum
1283 3636 1577 3693 convenire

19 3740 50 3778 n
84 3725 234 3789 oleo,
270 3724 326 3777 id
356 3734 440 3780 est
474 3740 571 3795 per
603 3740 722 3778 eam
750 3740 911 3794 quam
946 3725 1089 3780 circa
1117 3740 1217 3780 nos
1243 3727 1409 3781 habet
1428 3743 1576 3782 com-

19 3817 313 3889 :assionem
357 3816 481 3870 :sic
536 3816 680 3870 enim
713 3816 1055 3871 sacriﬁcium
1102 3818 1239 3872 odor
1292 3819 1576 3874 suavitatis

19 3908 235 3962 )omino
299 3908 598 3974 invenitur,
659 3909 999 3981 sapientibus
1050 3910 1210 3964 nobis
1251 3912 1319 3965 de
1361 3926 1426 3965 eo
1455 3927 1574 3980 quae

19 4001 164 4071 ligna
201 4009 357 4055 sunt.
400 4001 458 4055 In
490 4002 690 4071 quibus
741 4012 926 4055 autem
979 4001 1328 4067 sacrificium,
1386 4010 1441 4056 et
1478 4019 1575 4071 per

20 4108 129 4151 ;uos
157 4093 364 4163 agitur,
387 4093 659 4162 quomodo
685 4093 995 4148 celebratur
1047 4092 1408 4163 intelligibilis
1446 4094 1571 4164 agni

20 4180 216 4245 blatio,
247 4182 396 4250 quod
448 4183 696 4248 sequitur
753 4182 1012 4236 ostendit.
1069 4182 1259 4251 Neque
1299 4182 1460 4236 enim
1517 4183 1573 4237 in

19 4271 279 4340 anguine,
312 4286 492 4339 neque
524 4286 620 4339 per
667 4270 1057 4325 irrationabilia
1094 4270 1368 4333 animalia,
1400 4271 1570 4325 sacri-

19 4362 173 4414 ;cimn
229 4377 260 4415 a
331 4361 492 4416 nobis
553 4360 698 4415 Deus
753 4361 1004 4430 suscipit,
1070 4361 1371 4416 secundum
1424 4362 1569 4431 quod

19 4453 277 4520 equentia
310 4451 677 4513 demonstrat,
711 4449 787 4503 ait
826 4449 1004 4503 enim:

62 4541 192 4594 Liba
237 4557 445 4611 quoque
477 4540 607 4602 vini,
642 4548 837 4609 quarta
869 4553 995 4605 pars
1022 4538 1134 4602 Itin,
1170 4554 1359 4606 panem
1396 4547 1443 4590 et
1474 4555 1571 4605 po-

19 4644 213 4688 entam.
242 4633 384 4698 Quia
417 4632 639 4685 dubium
679 4631 921 4685 futurum
979 4640 1099 4685 erat
1128 4630 1333 4693 forsan,
1376 4647 1405 4684 a
1445 4631 1568 4699 qui-

19 4738 94 4775 tUS
122 4720 450 4791 mysterium
483 4717 754 4783 sacriﬁcii,
803 4717 945 4786 quod
993 4733 1092 4787 per
1134 4717 1413 4771 Christum
1461 4728 1565 4782 est,

19 4813 137 4881 ;uod
201 4811 459 4882 superius
506 4810 744 4864 diximus
795 4810 1154 4864 celebratur:
1210 4810 1378 4863 habes
1438 4824 1567 4864 ecce

19 4901 351 4973 ntelligibilis
387 4897 752 4954 Melchisedec
776 4899 1128 4957 oblationem,
1162 4913 1281 4966 quae
1327 4896 1382 4948 in
1426 4911 1569 4965 pane

20 5005 49 5046 ιι
77 4994 206 5046 vino
236 4992 541 5061 perficitur,
596 4991 648 5043 in
681 5006 785 5060 qua
821 5000 1012 5059 quarta
1044 5004 1169 5057 pars
1196 4988 1287 5039 hin
1326 4986 1383 5039 in
1418 4986 1572 5040 libris

19 5085 107 5137 'ini
134 5084 391 5146 oﬁ'ertur,
424 5093 486 5155 ut
515 5100 612 5155 per
642 5092 891 5153 quartam
908 5077 1287 5149 Evangelicam
1320 5077 1570 5132 traditio-

20 5187 154 5236 icm,
206 5186 332 5240 quae
366 5172 422 5223 in
456 5172 610 5226 libris
661 5184 894 5242 quatuor
922 5179 1036 5224 est:
1090 5185 1188 5238 per
1252 5167 1569 5222 libationem

19 5280 129 5319 tero
163 5254 513 5316 Dominicum
551 5277 856 5316 sermonem
886 5258 1237 5331 signiﬁcaret,
1278 5272 1404 5311 cmn
1441 5256 1519 5309 ait
1554 5273 1568 5309 :

28 5357 97 5410 lic
120 5364 197 5409 est
221 5368 370 5407 meus
402 5354 618 5421 sanguis
649 5355 737 5422 qui
784 5368 879 5420 pro
912 5352 1052 5404 vobis
1072 5350 1319 5420 {nudetur
1336 5349 1416 5402 ³³ε
1451 5348 1569 5401 sine

19 5444 390 5501 mminutione
429 5443 575 5496 enim
607 5443 909 5512 signiﬁcare
942 5439 1234 5511 legislatori
1282 5438 1456 5491 visum
1489 5447 1571 5492 est

19 5539 201 5595 lhristi
228 5534 578 5606 mysterium,
607 5542 826 5604 propter
854 5532 1001 5600 quod
1034 5540 1090 5585 et
1118 5529 1392 5585 subdidit:

75 5711 115 5741 ³²
152 5709 323 5766 lCor.
354 5726 443 5776 xv,
480 5709 564 5762 19.
644 5709 688 5741 ⁸³
714 5705 877 5761 Marc.
920 5724 1031 5769 xxv,
1069 5704 1187 5759 lii.

1266 5703 1309 5734 ³³
1334 5702 1373 5756 ll
1410 5701 1533 5757 Cor.
1560 5719 1611 5769 v,
1642 5701 1723 5756 l7.

1696 557 1856 611 usque
1884 545 1956 596 ad
1976 545 2115 597 diem
2146 562 2247 615 quo
2299 549 2528 617 offeratis
2560 568 2624 605 ea:
2649 570 2710 606 ea
2738 554 2846 607 Deo
2878 565 3068 611 vestro.
3101 543 3256 613 Pro!-

1694 645 1895 702 ceptum
1924 643 2000 687 est
2027 638 2399 704 sempiternum
2424 642 2478 693 in
2514 647 2932 712 generationibus
2957 651 3259 719 cunctisque

1691 723 2008 778 habitaculis
2035 729 2241 781 vestris.
2279 728 2405 784 Sive
2444 736 2740 788 secundum
2773 736 2910 790 LXX
2939 756 2951 792 :
3001 739 3066 792 Et
3096 742 3257 809 fricta

1692 815 1935 869 cedrinea
1979 834 2081 871 non
2126 824 2535 891 manducabitis,
2572 842 2733 897 usque
2772 831 2842 883 ‘in
2889 830 3037 884 illam
3086 834 3256 901 ipsam

1691 906 1827 958 diem
1857 924 2121 979 quousque
2173 911 2395 979 oﬂ'eretis
2424 932 2641 968 munera
2700 918 2807 972 Deo
2837 933 3024 974 vestro.
3071 923 3257 993 Legiti—

1691 1011 1834 1048 mum
1858 1006 2109 1052 wternum
2142 1001 2194 1052 in
2216 1005 2484 1072 progenies
2516 1017 2732 1061 vestras.
2767 1009 2969 1064 Novam
3020 1028 3254 1066 conver-

1690 1081 1951 1136 sationem
2003 1084 2400 1148 inchoahimus,
2457 1090 2767 1159 priusquam
2795 1096 2911 1148 dies
2951 1096 3251 1159 advenerit,

1688 1181 1979 1241 antequam
2011 1177 2265 1243 praedicta
2298 1178 2442 1232 bona
2479 1178 2590 1234 Deo
2625 1182 2971 1249 oﬁ‘errentur,
3002 1200 3066 1237 ex
3127 1188 3251 1255 qui—

1687 1262 1790 1316 bus
1827 1265 1998 1327 nobis,
2034 1282 2155 1334 qua:
2193 1277 2275 1321 est
2321 1268 2374 1321 in
2422 1269 2642 1326 Christo
2689 1290 2828 1327 nova
2895 1285 3161 1337 creatura,
3195 1287 3254 1332 et

1686 1370 1826 1409 nova
1851 1361 2200 1413 conversatio
2230 1364 2554 1417 annuntiata
2590 1374 2692 1427 est,
2732 1368 2799 1419 de
2846 1385 2948 1435 qua
2981 1369 3056 1422 ait
3109 1369 3241 1423 Pan»

1685 1447 1801 1500 lus:
1829 1445 1889 1500 Si
1915 1465 2018 1517 qua
2050 1452 2107 1502 in
2135 1450 2341 1505 Christo
2367 1469 2498 1506 nova
2527 1466 2793 1518 creatura,
2827 1471 3001 1511 cetera
3030 1460 3251 1510 transie-

1685 1545 1827 1601 runt,
1861 1554 1977 1590 ecce
2003 1541 2145 1609 facta
2169 1550 2289 1593 sunt
2311 1557 2440 1595 nova
2465 1545 2642 1596 omnia
2679 1562 2743 1598 ea;
2771 1546 2899 1612 Deo,
2930 1547 3019 1618 qui
3073 1562 3254 1601 recon-

1684 1627 1887 1680 ciliavit
1947 1646 2039 1682 nos
2088 1631 2187 1683 sibi
2232 1631 2315 1685 “.
2374 1632 2588 1687 Oblatio
2661 1636 2808 1689 enim
2892 1636 3243 1705 praesentium

1686 1718 1974 1784 donorum,
2008 1737 2168 1789 quam
2193 1737 2315 1776 esse
2354 1725 2670 1793 mysterium
2700 1725 2971 1795 Unigcniti
3001 1726 3251 1781 ostendi-

1688 1823 1830 1872 mus,
1860 1812 2236 1865 reconciliavit
2258 1827 2359 1866 nos
2399 1814 2526 1879 Deo,
2574 1826 2628 1867 et
2665 1815 2845 1869 cibum
2887 1815 3048 1869 nobis
3094 1831 3252 1871 novae

1686 1900 1922 1969 polentae
1949 1911 2004 1955 et
2030 1902 2281 1970 pultium,
2320 1906 2434 1958 sive
2462 1912 2519 1957 ut
2550 1903 2712 1968 LXX,
2745 1914 3010 1975 cytrorum
3046 1906 3252 1974 praesti-

1687 1988 1772 2040 tit.
1818 1986 1935 2041 Non
1967 1989 2110 2041 enim
2159 2006 2299 2043 nova
2359 1992 2561 2057 solum,
2604 1993 2699 2046 sed
2743 2003 2799 2048 et
2829 2003 2998 2062 cytra,
3045 1993 3249 2047 Christi

1686 2093 1955 2147 pra:cepta
1983 2090 2111 2133 sunt
2139 2095 2255 2133 Slve
2283 2089 2340 2133 ut
2393 2083 2616 2142 mollia:
2647 2083 2725 2137 sic
2782 2085 2927 2137 enim
2967 2091 3114 2153 cytra
3156 2083 3248 2136 alii

1686 2169 2015 2238 interpretes
2063 2171 2373 2225 ediderunt.
2408 2172 2505 2225 Est
2544 2188 2672 2242 ergo
2700 2173 2878 2227 mollis
2926 2174 3247 2242 evangelica

1686 2260 2021 2328 praedicatio.
2049 2261 2300 2331 Accipite,
2328 2264 2474 2316 enim
2506 2265 2601 2329 ait,
2648 2265 2840 2335 jugum
2888 2280 3084 2328 meum,
3119 2265 3245 2334 quia

1682 2365 1841 2403 suave
1863 2359 1937 2405 est
1958 2353 2030 2403 a'z
2063 2352 2176 2406 sive
2210 2362 2271 2405 ut
2305 2353 2557 2408 manibus
2600 2359 2836 2409 contrita
2871 2365 2925 2408 ct
2954 2357 3244 2409 mundata:

1685 2450 1835 2510 cytra
1865 2442 2009 2495 enim
2044 2451 2099 2495 et
2128 2443 2232 2496 hoc
2260 2442 2672 2511 interpretatur,
2708 2445 2833 2513 quia
2885 2444 3086 2499 Christi
3117 2445 3248 2513 dog-

1684 2542 1830 2586 mata
1909 2533 2181 2586 actionem
2240 2535 2464 2603 exigunt
2533 2545 2587 2588 et
2650 2535 3045 2589 correctionem
3101 2534 3248 2603 quod

1685 2638 1877 2675 manus
1908 2622 2239 2692 signiﬁcant.
2291 2622 2622 2691 Praeceptum
2668 2636 2741 2677 est
2775 2625 3149 2693 sempiternum
3190 2623 3249 2676 in

1684 2716 2124 2785 generationibus,
2179 2716 2481 2785 cunctisque
2521 2716 2832 2769 habitaculis
2885 2716 3087 2769 vestris.
3132 2716 3247 2769 Nec

1684 2806 1830 2859 enim
1860 2806 2033 2867 locus,
2080 2821 2184 2860 nec
2218 2818 2432 2876 tempus
2483 2808 2733 2861 immutat
2778 2808 2979 2861 Christi
3044 2815 3248 2880 myste-

1685 2899 1849 2961 rium,
1884 2912 1983 2966 per
2028 2898 2174 2966 quod
2223 2896 2406 2951 ﬁoruit
2470 2906 2617 2952 totus
2664 2899 2921 2965 mundus,
2985 2909 3041 2952 et
3083 2899 3248 2952 totius

1688 2997 1842 3040 terra:
1870 2987 2153 3049 habitatio,
2187 2988 2528 3042 concorditer
2557 3004 2621 3042 ea
2660 3004 2779 3057 qua:
2812 2991 2877 3041 ad
2909 3005 3031 3044 emn
3078 2990 3247 3058 perti-

1686 3088 1838 3144 nent,
1891 3081 2148 3135 custodit.
2209 3079 2331 3134 llaec
2378 3089 2559 3135 autem
2604 3081 2882 3150 legislator
2925 3082 3154 3147 dicens,
3192 3089 3248 3135 et

1682 3170 2107 3225 resurrectionis
2136 3171 2477 3237 describens,
2500 3172 2798 3224 secundum
2824 3172 3042 3225 modum
3083 3186 3245 3242 quem

1684 3264 1990 3332 oportebat,
2043 3264 2309 3333 gratiam,
2356 3263 2423 3316 ad
2469 3263 2876 3326 Pentecostem,
2927 3278 3088 3332 quam
3146 3277 3248 3318 nos

1684 3352 2044 3415 celebramus,
2087 3367 2392 3405 Sermonem
2420 3351 2689 3405 convertit
2716 3351 2937 3404 dicens:

1754 3442 2107 3495 Numerabitis
2126 3458 2245 3511 ergo
2263 3442 2329 3493 ab
2353 3442 2521 3494 altero
2543 3443 2628 3494 die
2648 3439 2887 3507 Sabbati,
2912 3443 2967 3494 in
2988 3458 3089 3511 quo
3108 3442 3247 3497 obtu-

1686 3537 1819 3589 listis
1875 3535 2206 3604 manipulum
2238 3535 2615 3603 primitiarum,
2654 3543 2850 3602 septem
2897 3534 3246 3589 hebdomadas

1682 3627 1866 3697 plenas
1893 3642 2054 3694 usque
2076 3624 2146 3676 ad
2165 3625 2389 3676 alterum
2415 3624 2551 3676 diem
2572 3624 2880 3693 expiationis
2906 3625 3244 3681 hebdomadis

1681 3719 1936 3788 septimm,
1961 3717 2015 3769 id
2033 3725 2127 3779 est,
2155 3715 2536 3785 quinquaginta
2560 3717 2689 3780 dies,
2727 3727 2776 3768 et
2802 3717 2876 3768 sic
2903 3717 3124 3785 offeratis
3149 3733 3243 3772 sa-

1681 3810 1933 3877 criﬁcium
1966 3823 2154 3860 novum
2194 3806 2438 3859 Domino.
2477 3805 2612 3871 Quia
2666 3806 2827 3874 hujus
2874 3806 3241 3877 l’cntecostes,

1680 3913 1860 3967 neque
1894 3904 2109 3965 tempus
2140 3911 2318 3964 neque
2352 3911 2616 3949 numerus
2645 3911 2674 3949 a
2698 3896 2898 3966 populo
2926 3896 3242 3954 Judaeorum

1680 3988 2006 4052 custoditur,
2025 3986 2358 4041 sufﬁcienter
2372 3987 2426 4040 in
2444 3987 2816 4056 superioribus
2832 3998 3113 4043 ostensum
3133 3998 3239 4055 est,

1679 4095 1707 4135 a
1725 4081 1886 4134 nobis
1907 4089 2087 4133 autem
2116 4095 2238 4133 cum
2268 4079 2749 4148 contemplatione,
2783 4089 2837 4135 et
2857 4081 3034 4136 littera
3063 4093 3244 4138 custo-

1677 4169 1844 4223 ditur.
1876 4160 2118 4220 'Planius
2167 4181 2295 4236 ergo
2344 4166 2621 4236 legislator
2676 4167 3038 4221 intentionem
3088 4184 3242 4224 suam

1677 4260 2048 4314 demonstrare
2071 4258 2278 4322 volens,
2304 4259 2372 4311 ab
2398 4258 2568 4313 altero
2593 4259 2680 4313 die
2715 4258 2931 4313 Sabbati
2966 4264 3243 4318 numerari

1677 4351 1934 4422 prazcepit
1962 4351 2348 4420 quinquaginta
2381 4350 2520 4411 dies,
2562 4349 2899 4406 Dominicum
2933 4355 3074 4408 diem
3114 4372 3242 4425 pro‘

1607 4457 1649 4509 ι)
1678 4443 1764 4496 cul
1794 4440 1959 4495 dubio
1986 4440 2175 4494 volens
2206 4439 2433 4509 intelligi
2469 4459 2483 4493 :
2518 4440 2606 4493 hic
2629 4440 2774 4494 enim
2808 4451 2891 4496 est
2917 4443 3084 4498 altera
3125 4445 3243 4501 dies

1676 4531 1916 4586 Sabbati.
1980 4530 2038 4584 In
2081 4531 2183 4584 hac
2242 4532 2389 4585 enim
2432 4532 2761 4586 resurrectio
2813 4534 2952 4587 facta
2985 4545 3087 4599 est,
3136 4552 3241 4605 qua

1674 4623 2026 4676 hebdomadas
2055 4631 2415 4674 numerantur
2443 4631 2672 4690 septem,
2699 4639 2872 4691 usque
2906 4627 2970 4679 ad
3008 4627 3241 4683 alterum

1670 4710 1810 4763 diem
1840 4709 2170 4778 expletionis
2194 4709 2565 4763 hebdomadas.
2600 4702 2880 4765 Doininica
2908 4729 3095 4767 rursus
3129 4716 3239 4777 die,

1672 4801 2023 4855 Pentecostes
2056 4799 2395 4852 celebramus
2416 4799 2787 4863 festivitatem,
2820 4801 2873 4853 in
2912 4814 3022 4870 'qua
3067 4806 3241 4859 sancti

1674 4890 1911 4960 Spiritus
1935 4888 2226 4941 adventum
2253 4887 2572 4939 meruimus.
2591 4885 2708 4941 Non
2733 4888 2932 4943 frustra
2951 4906 3016 4944 eo
3032 4902 3242 4962 septem

1673 4978 2136 5036 l'iebdomadarum
2163 4975 2456 5030 advmtum
2486 4978 2878 5044 custodientes,
2909 4982 3002 5036 sed
3058 4993 3116 5037 ut
3142 5000 3243 5040 nos

1673 5084 2145 5143 cognosceremus,
2196 5068 2323 5138 quia
2373 5067 2510 5121 nihil
2560 5078 2738 5133 vetus,
2790 5072 2928 5125 nihil
2980 5075 3245 5131 saeculare

1674 5166 1933 5237 praecepit
1971 5165 2113 5219 Deus
2153 5180 2334 5235 agere,
2384 5164 2629 5233 nihilque
2674 5166 3013 5234 corruptioni
3068 5167 3240 5221 veteri

1676 5251 2003 5319 proximum,
2032 5249 2122 5317 qui
2147 5264 2270 5302 eum
2319 5249 2546 5316 cupiunt
2584 5250 2886 5317 percipere.
2924 5250 2988 5305 Et
3039 5266 3241 5309 novum

1679 5340 2003 5395 sacriﬁcium
2054 5341 2285 5395 Domino
2310 5348 2439 5394 tunc
2482 5340 2665 5394 oﬁ'erri
2711 5341 2894 5409 jussit,
2946 5343 3242 5400 adveniens

1677 5434 1821 5488 enim
1845 5432 2077 5501 Spiritus
2108 5441 2271 5485 totam
2306 5442 2546 5486 nostram
2579 5434 2741 5486 vitam
2767 5435 3069 5500 renovavit,
3093 5437 3240 5505 quod

1678 5523 2016 5578 confirmavit
2042 5522 2241 5576 Christi
2268 5523 2637 5589 traditionem,
2656 5531 2709 5578 et
2740 5524 2995 5580 stabilivit
3015 5542 3246 5584 conver-

1802 5699 1845 5731 ³⁵
1867 5697 2053 5753 Matth.
2099 5715 2173 5765 xl,
2207 5699 2294 5755 50.
