3810 6318
682 298 819 365 1087

1448 375 1471 407 Ι

1860 300 2220 361 HESYCHII
2259 299 2733 362 PRESBYTERI
3637 310 3682 375 ιω

684 416 951 472 sationem
994 431 1158 486 quam
1203 416 1256 469 in
1291 415 1396 470 illis
1426 415 1677 484 perfecit,
1708 416 1784 470 ait
1815 416 1997 471 enim:
2026 416 2099 470 De
2123 433 2236 470 meo
2268 422 2309 472 Α
2339 425 2520 484 potest
2546 417 2733 471 dicere
2765 414 3016 470 Christus
3045 411 3213 479 Jesus,
3239 414 3329 473 nisi
3357 416 3403 470 in
3422 416 3681 488 Spiritusne

674 508 920 574 accipiet,
956 516 1006 559 et
1044 506 1379 559 annuntiabit
1408 506 1633 561 vobis“.
1679 504 1911 576 Propter
1955 507 2100 577 quod
2129 521 2240 562 non

676 597 781 650 alia
806 595 1160 651 hebdomadis
1188 596 1276 651 die
1305 597 1544 661 advenit,
1578 596 1671 651 sed
1696 597 1750 650 in
1780 613 1885 666 qua
1913 599 2240 659 resurrectio

677 688 817 760 facta
848 696 951 751 est,
984 697 1037 742 et
1059 687 1372 756 manipulus
1410 688 1761 760 intelligibilis
1790 687 2001 744 oblatus
2030 697 2133 752 est,
2181 698 2241 743 ut

677 788 735 832 et
767 756 871 832 hoc
900 778 1174 848 probaret,
1214 777 1359 845 quod
1396 792 1535 833 nova
1582 779 1944 839 conversatio.
1976 794 2097 846 qua:
2138 793 2241 832 nos

680 867 1290 932 renovavit,liberando
1313 884 1342 920 a
1372 867 1722 935 corruptione
1747 870 2031 923 vetustatis
2055 884 2239 923 resur-

677 958 923 1012 rectione
951 957 1172 1022 Christi,
1208 964 1263 1010 et
1283 956 1457 1011 sancti
1487 957 1723 1026 Spiritus
1740 958 1977 1012 adventu
1995 967 2239 1013 correcta

677 1053 785 1100 est.
818 1044 1126 1100 Manifestat
1171 1054 1352 1100 autem
1383 1045 1585 1101 oblatio
1614 1045 1735 1116 ipsa
1770 1036 2008 1118 speciem
2047 1045 2239 1102 hostia:

675 1149 840 1202 quam
876 1135 1134 1203 praecepit
1166 1134 1300 1187 ﬁeri.

746 1223 813 1276 Et
839 1225 916 1275 sic
944 1225 1167 1292 offeretis
1186 1223 1501 1292 sacriﬁcium
1532 1240 1717 1277 novum
1740 1224 1983 1289 Domino,
2032 1241 2096 1278 ea:
2125 1242 2238 1278 om-

676 1312 827 1365 nibus
854 1313 1270 1366 habitationibus
1293 1315 1500 1368 vestris.
1532 1314 1709 1369 Panes
1738 1317 2095 1382 primitiarum
2111 1317 2239 1371 duos

683 1420 750 1456 ea:
772 1402 979 1457 duabus
1005 1405 1218 1457 decimis
1267 1404 1454 1458 simin
1479 1407 1821 1475 fermentatus,
1862 1423 1987 1473 quos
2011 1409 2237 1477 coquetis

675 1493 730 1543 in
761 1493 1025 1559 primitias
1050 1494 1284 1555 Domini,
1320 1503 1370 1547 et
1401 1496 1623 1564 offeretis
1640 1513 1755 1549 cum
1793 1499 2017 1566 panibus
2044 1508 2237 1568 septem

677 1597 844 1651 agnos
890 1583 1284 1649 immaculatos,
1329 1586 1624 1650 anniculos,
1664 1586 1881 1640 vitulum
1910 1589 1974 1642 de
2003 1601 2237 1642 armento

675 1689 859 1738 unum,
909 1680 958 1727 et
991 1674 1178 1727 arietes
1208 1676 1359 1728 duos.
1407 1674 1614 1730 Novum
1672 1678 1993 1732 sacriﬁcium
2050 1681 2237 1736 dicens

2346 506 2487 577 Ergo
2508 522 2618 560 non
2639 518 2795 559 extra
2821 505 3081 560 rationem
3105 520 3221 558 cum
3250 515 3428 575 septem
3449 510 3563 578 agnis
3578 512 3682 570 vitulo:

2345 595 2414 650 de
2439 605 2695 649 armento
2724 610 2961 664 prazsens
2993 595 3228 650 continet
3249 596 3439 661 oblatio,
3460 600 3528 653 sed
3544 602 3682 657 evidens

2345 683 2619 753 signiﬁcat
2653 683 2804 736 illum
2837 700 2901 736 ex
2925 691 3170 737 armento
3198 684 3452 750 Abraham,
3472 684 3682 754 Israelita

2345 781 2402 826 et
2439 772 2606 827 David
2649 772 2949 827 secundum
2996 789 3210 827 carnem
3237 774 3429 828 factum.
3469 776 3564 832 llch
3596 784 3682 835 arietes

2345 864 2484 917 duos
2513 863 2890 917 immaculatos
2924 863 3224 932 conjunxit,
3275 864 3530 919 excellentia
3564 873 3681 924 manda

2344 961 2400 1007 et
2433 953 2688 1018 virtutes,
2730 970 2865 1023 quas
2892 956 3045 1024 sequi
3075 956 3201 1008 alias
3228 956 3361 1009 velut
3383 972 3487 1010 oves
3509 962 3681 1027 oportetin

2345 1044 2433 1098 his
2458 1046 2627 1109 enim,
2654 1054 2844 1114 utpote
2874 1045 3258 1115 iutelligihilcm
3278 1044 3506 1100 inimicum
3522 1051 3681 1103 ventitat-

2343 1134 2467 1198 bus,
2501 1134 2783 1188 munimen
2815 1143 2871 1189 et
2892 1135 3286 1189 indemnitatem
3326 1136 3501 1190 habent.
3526 1137 3603 1202 Qua
3628 1155 3680 1191 an

2343 1232 2524 1280 autem
2563 1223 2714 1279 haec?
2738 1223 2798 1279 Si
2825 1226 2900 1279 vis
2926 1228 3177 1295 perfectus
3203 1241 3318 1287 esse,
3345 1226 3467 1290 vade,
3489 1230 3677 1277 venderm

2343 1333 2460 1387 qua:
2497 1316 2673 1381 habes,
2706 1326 2752 1369 et
2785 1317 2852 1369 da
2879 1316 3210 1386 pauperibus,
3244 1325 3287 1369 et
3323 1316 3441 1381 ueni,
3462 1320 3673 1385 siquenm“.

2342 1406 2635 1462 Maximum
2697 1408 2900 1478 quippe
2952 1409 3255 1461 mandatum
3316 1416 3403 1470 est,
3455 1408 3675 1473 venderequ

2342 1496 2509 1551 habet
2541 1506 2593 1552 et
2629 1498 2762 1553 dare
2789 1497 3146 1568 pauperibus:
3193 1497 3447 1550 maximum
3468 1505 3584 1548 autem
3612 1511 3666 1559 re:

2341 1586 2642 1650 Christum,
2674 1597 2734 1642 ut
2765 1604 2891 1642 cum
2945 1588 3199 1658 despectu
3225 1586 3459 1656 quippiam
3503 1585 3673 1652 possident.

2342 1678 2509 1731 etiam
2571 1678 2755 1732 omnia
2810 1693 2972 1748 agere
3051 1677 3330 1731 secundum
3381 1674 3605 1727 voluntatem
3637 1671 3671 1721 lt:

678 1762 815 1832 legis
867 1765 1134 1819 sacriﬁcia
1188 1774 1244 1819 ut
1294 1774 1479 1819 vetera
1529 1768 1791 1833 excludit,
1858 1769 2237 1843 Evangelicam
2274 1755 2313 1810 Β
2340 1768 2556 1823 Domini
2585 1769 2925 1822 Studeamus.
2962 1768 3076 1822 Hoc
3107 1777 3186 1821 est
3216 1766 3347 1820 enim
3380 1779 3478 1819 eum
3502 1762 3669 1830 scquiliu

677 1858 859 1902 autem
885 1866 983 1919 pro
1010 1851 1119 1906 illis
1144 1851 1466 1907 introduxit.
1501 1854 1707 1910 Deinde
1735 1856 1962 1920 addens,
1996 1865 2059 1913 de
2093 1860 2239 1913 habi-

677 1941 961 1997 tationibus
1021 1943 1228 2008 vestris,
1303 1942 1601 2000 Ecclesiam
1666 1946 2028 2017 signiﬁcavit,
2081 1952 2240 2021 eique

675 2028 881 2093 offerri,
909 2047 1029 2100 qua:
1069 2033 1212 2089 dicta
1240 2044 1369 2089 sunt
1408 2038 1635 2106 aptavit.
1666 2037 1852 2109 Neque
1891 2042 2037 2096 enim
2068 2043 2234 2099 dixit:

675 2119 748 2173 lix
781 2123 1033 2178 omnibus
1065 2124 1407 2193 habitaculis,
1435 2129 1551 2192 sed,
1589 2129 1675 2184 Ea:
1701 2133 1939 2187 omnibus
1973 2135 2239 2190 habitacu-

674 2211 739 2264 lis
770 2215 991 2269 vestris:
1022 2224 1079 2269 ut
1104 2216 1352 2272 absolute
1378 2220 1693 2276 ostenderet
1721 2223 1931 2293 aliquod
1958 2226 2239 2283 habitacu-

674 2300 784 2354 lum
815 2304 1173 2373 praecipuum,
1216 2308 1283 2362 de
1313 2323 1421 2378 quo
1445 2310 1518 2364 ait
1565 2313 1767 2368 David:
1805 2315 1956 2370 Beati
1980 2319 2069 2387 qui
2095 2320 2237 2372 habi-

671 2396 783 2440 tant
813 2390 867 2442 in
894 2392 1045 2445 domo
1074 2402 1163 2446 tua
1177 2395 1243 2448 ³⁷.
1261 2396 1325 2449 Et
1354 2413 1573 2452 rursus:
1600 2400 1767 2454 Unam
1787 2405 1913 2470 petii
1931 2421 1962 2456 a
1990 2405 2232 2476 Domino,

671 2478 809 2532 hanc
829 2483 1114 2552 requirant,
1135 2493 1190 2538 ut
1211 2486 1492 2543 inhabitem
1516 2490 1569 2542 in
1599 2492 1750 2545 domo
1773 2492 1983 2548 Domini
2001 2499 2234 2553 omnibus

671 2569 850 2625 diebus
878 2574 1001 2626 vita:
1050 2575 1253 2629 mere”.
1301 2578 1369 2632 Et
1394 2594 1563 2647 panes
1606 2582 1823 2650 quidem
1870 2587 2228 2654 primitiarum

672 2658 831 2725 duos,
859 2661 1031 2734 legem
1056 2676 1110 2720 et
1146 2667 1534 2739 Evangelium;
1565 2688 1733 2742 panes
1770 2677 1914 2729 enim
1964 2688 2092 2733 sunt
2125 2680 2230 2736 cibi

669 2745 978 2804 animarum
1008 2751 1268 2821 ﬁdelium,
1303 2760 1649 2816 continentes
1675 2774 1801 2818 sunt
1823 2774 2003 2823 autem
2027 2777 2081 2823 et
2114 2772 2230 2841 pri-

668 2836 971 2906 mitiarum,
1023 2843 1139 2899 sive
1186 2855 1246 2917 ut
1276 2846 1438 2915 LXX,
1472 2854 1706 2914 separati
1733 2869 1751 2906 :
1784 2857 2038 2925 quoniam
2079 2836 2229 2916 omni

668 2929 890 2997 quidem
926 2930 1191 3002 sapientia
1219 2947 1346 2992 sunt
1379 2940 1639 3012 praecipui
1673 2960 1687 2998 :
1717 2944 1786 3000 ab
1817 2961 1877 3002 ea
1901 2957 2081 3005 autem
2107 2965 2229 3019 quae

668 3017 910 3073 exterior
937 3028 1041 3083 est,
1097 3029 1331 3093 separati
1382 3029 1638 3086 videlicet
1683 3042 1738 3087 et
1774 3037 2030 3105 sejuncti.
2091 3017 2232 3098 S—uut

670 3120 799 3176 ergo
827 3124 892 3163 ex
911 3110 1122 3168 duabus
1150 3116 1375 3172 decimis
1407 3120 1596 3177 simila:
1623 3124 1979 3195 fermentatae,
2007 3147 2071 3186 ex
2106 3134 2233 3189 doc-

667 3198 815 3253 trina
841 3216 961 3270 quae
1007 3204 1306 3273 perfectam
1342 3211 1436 3265 Dei
1467 3213 1803 3287 divinitatem
1832 3230 1888 3276 et
1935 3224 2231 3293 perfectam

669 3287 1067 3350 humanitatem
1098 3300 1285 3363 tradit,
1312 3317 1412 3357 nec
1437 3303 1596 3359 aliter
1617 3310 1776 3377 coqui
1806 3313 1913 3366 nisi
1935 3287 2037 3384 per
2069 3318 2230 3373 talem

670 3378 974 3436 doctrinam
1033 3397 1285 3454 possunt.
1356 3391 1464 3447 Sed
1538 3396 1793 3464 primitiae
1852 3378 2044 3459 horum
2104 3419 2233 3464 sunt

673 3468 920 3527 Domino.
954 3474 1169 3533 Primus
1193 3481 1339 3535 enim
1360 3483 1641 3552 Dominus,
1668 3491 1759 3559 qui
1783 3493 1954 3564 legem
1981 3500 2226 3566 perfecit.

668 3568 724 3614 et
756 3561 1106 3635 Evangelium
1138 3582 1260 3639 post
1284 3574 1387 3628 hoc
1407 3576 1593 3632 docuit
1618 3597 1630 3631 :
1656 3561 1863 3646 Audite,
1890 3561 2014 3652 quia
2035 3561 2230 3646 dictum

666 3663 742 3705 est
768 3656 1031 3723 antiquis:
1079 3659 1196 3715 Non
1239 3667 1457 3721 occides.
1516 3669 1629 3741 Ego
1679 3687 1855 3728 autem
1885 3680 1999 3731 dico
2044 3668 2183 3737 vobis
2210 3700 2229 3737 :

669 3741 851 3799 Omnis
880 3748 968 3816 qui
1003 3750 1255 3807 irascitur
1289 3757 1449 3827 fratri
1489 3776 1584 3814 suo
1628 3764 1738 3818 sine
1762 3782 1921 3822 causa
1977 3787 2094 3825 reus
2130 3777 2227 3830 erit

660 3833 947 3901 judicio”.
1000 3840 1295 3911 Conjunxit
1342 3849 1487 3903 enim
1544 3851 1635 3906 hic
1687 3855 1859 3926 legem
1913 3860 2226 3933 Evangelia,

667 3934 890 3993 prapter
917 3930 1061 3996 quod
1095 3932 1216 4002 ejus
1237 3936 1490 4004 primitiae
1529 3941 1805 4000 dicuntur.
1837 3947 1990 4013 Quod
2035 3930 2091 4007 et
2119 3930 2228 4010 ιιι-ξ

665 4025 757 4066 cas
789 4014 1140 4085 confirmans,
1190 4023 1458 4092 primitias
1510 4044 1669 4086 veras
1704 4034 1863 4089 nobis
1908 4040 2223 4107 ostendens,

664 4104 884 4172 scripsit
907 4124 921 4160 :
952 4107 1193 4165 Primum
1231 4117 1433 4184 quidem
1457 4135 1741 4176 sermonem
1767 4127 1864 4194 feci
1891 4129 1953 4180 de
1973 4132 2224 4197 onmibus,

664 4209 694 4246 ο
743 4193 1038 4266 Theophile,
1091 4218 1208 4272 qua:
1255 4207 1405 4274 coepit
1445 4207 1595 4263 Iesus
1644 4193 1814 4282 facere
1868 4226 1916 4270 et
1965 4218 2143 4274 docere
2160 4193 2223 4278 ‘°.

663 4284 872 4342 Offerre
897 4298 1078 4344 autem
1110 4292 1192 4346 eis
1223 4303 1430 4365 septem
1460 4313 1630 4369 agnos
1662 4302 2040 4364 immaculatos
2069 4314 2227 4367 anni-

2342 1876 2474 1931 ergo
2500 1861 2776 1923 mandata,
2818 1867 3005 1928 utpote
3032 1866 3243 1928 propter
3269 1856 3572 1910 immaculatmn
3602 1857 3668 1903 tito

2339 1956 2395 2001 et
2421 1947 2716 2018 perfectam
2775 1949 3098 2010 constituta,
3136 1946 3321 2000 arietes
3342 1945 3595 2014 appellantur.
3620 1958 3669 2007 qn

2339 2039 2540 2093 arietes
2562 2040 2710 2093 omni
2745 2055 2909 2110 grege
2943 2038 3334 2093 excellentiores
3368 2047 3482 2090 sunt.
3506 2034 3669 2089 Horumsa'

2341 2130 2608 2199 critici-um
2640 2140 2690 2184 cl
2720 2131 2906 2183 libatio
2939 2129 3165 2183 scientia
3200 2128 3417 2207 videlicet
3445 2136 3485 2179 et
3522 2122 3667 2177 conati;

2339 2221 2477 2275 odor
2529 2222 2816 2277 suavitatis
2864 2234 2952 2275 est
2998 2221 3240 2283 Domino,
3281 2220 3359 2273 ille
3398 2219 3450 2273 de
3489 2232 3559 2286 quo
3582 2214 3668 2266 Paula

2339 2311 2585 2366 dicebat.
2621 2312 2732 2366 Deo
2754 2322 2932 2366 autent
2967 2316 3183 2384 gratias,
3230 2316 3310 2384 qui
3346 2329 3499 2380 semper
3527 2309 3669 2373 triumpitl

2339 2419 2429 2456 nos
2445 2404 2499 2456 in
2518 2402 2721 2458 Christo
2750 2403 2894 2466 Jesu,
2916 2413 2964 2457 ct
2995 2405 3197 2458 odorem
3213 2405 3411 2457 scientia
3430 2417 3509 2456 sua
3518 2400 3668 2464 manifest!

2337 2509 2429 2564 per
2459 2509 2570 2559 nos,
2598 2494 2721 2563 quia
2751 2492 2948 2547 Christi
2978 2494 3137 2547 bonus
3167 2494 3286 2546 odor
3307 2492 3503 2545 sumus“.
3522 2489 3667 2540 Venimu-

2338 2595 2466 2632 men
2522 2595 2632 2633 non
2687 2595 2859 2649 usque
2916 2581 2985 2634 ad
3017 2581 3130 2634 ha’c
3169 2579 3449 2634 oblationem
3484 2574 3667 2627 Ponticuli

2339 2670 2549 2725 statuit.
2587 2670 2725 2725 Dicit
2757 2679 2943 2726 autem
2967 2681 3022 2726 et
3055 2673 3271 2742 reliqua,
3291 2671 3394 2740 quia
3422 2669 3576 2721 maxime
3594 2662 3667 2727 spiri-

2338 2762 2444 2829 tui,
2473 2761 2632 2829 cujus
2652 2762 2918 2831 praedicta
2955 2762 3217 2816 festivitas
3241 2768 3330 2819 est.
3357 2757 3544 2830 perfectio
3563 2766 3667 2816 mare

2339 2849 2421 2901 tit.
2451 2844 2597 2909 Quid
2627 2863 2755 2921 ergo
2790 2848 2905 2904 ait?
2950 2849 3170 2903 Facietis
3200 2858 3243 2901 et
3273 2848 3433 2899 hircum
3458 2859 3522 2911 pro
3556 2847 3665 2907 ρίίίεεδη

2338 2936 2680 2995 Ρωιιίιρηῐίω
2707 2941 3063 2996 introdttceus
3088 2952 3380 2995 sermonem.
3406 2935 3569 3003 υαωφιι
3596 2938 3667 2995 ‘9“

2336 3031 2627 3093 anniculos,
2650 3025 2853 3086 hostias.
2877 3034 3230 3102 paci/irarum.

2404 3120 2497 3175 Illa
2553 3121 2705 3175 Pauli
2758 3121 3014 3177 mandata
3070 3121 3373 3190 signiﬁcans,
3409 3115 3540 3170 Pacem
3575 3120 3665 3206 uti!

2334 3211 2531 3282 inquit,
2563 3214 2845 3281 sequimini
2889 3230 3011 3267 cum
3057 3213 3296 3273 omnibus,
3345 3219 3384 3261 et
3422 3204 3664 3259 sanctimonia.

2331 3306 2444 3358 sine
2487 3306 2670 3374 quibus
2718 3321 2867 3358 nemo
2905 3306 3093 3359 uidebit
3137 3302 3352 3358 Deum".
3395 3297 3490 3363 Qut
3517 3291 3662 3387 illiilli“

2333 3395 2692 3463 apostolicam
2748 3396 2994 3466 linguam
3044 3410 3282 3465 expressa
3335 3399 3478 3452 crant,
3510 3382 3663 3436 ofrrnﬁ

2331 3485 2596 3555 prteccpit
2652 3500 2776 3538 cum
2850 3485 3084 3555 panibus
3146 3481 3578 3566 primitiarum“un

2331 3572 2533 3625 Christi
2574 3570 2877 3624 doctrinam
2928 3573 3177 3626 diximus.
3209 3569 3259 3622 lu
3288 3560 3663 3649 sequentibus

2331 3663 2440 3717 ait:
2499 3662 2729 3732 Cumque
2766 3664 3048 3717 elevaverit
3103 3679 3162 3716 ea
3214 3659 3415 3713 sacerdos
3447 3640 3662 3744 stantini?

2329 3755 2691 3824 primitiarum
2732 3770 2912 3807 coram
2946 3755 3180 3809 Domino.
3211 3749 3461 3806 Secundum
3480 3737 3660 3823 LXX-1W?

2330 3846 2441 3899 sic:
2477 3844 2539 3898 Et
2562 3845 2828 3913 separabit
2857 3862 2920 3899 ea
2951 3848 3183 3899 sacerdos
3207 3840 3477 3912 separatione
3498 3843 3569 3883 cum
3594 3832 3662 3916 Pii"

2330 3938 2422 3990 bus
2451 3936 2813 4005 primitiarum
2842 3947 2971 3990 ante
2998 3936 3280 3999 Dominum,
3311 3947 3405 3986 cum
3428 3922 3557 3979 duobus
3581 3923 3660 4009 uti“.

2332 4025 2649 4097 signiﬁcans
2677 4026 2764 4080 cui
2797 4024 3050 4089 Domino,
3077 4027 3167 4080 ait.
3183 4025 3447 4087 Cedentque
3466 4016 3503 4068 iu
3530 4010 3661 4096 inustius

2329 4116 2631 4171 sacerdotis
2646 4116 2938 4171 offerentis
2970 4134 3053 4183 ea,
3086 4099 3659 4193 videlicctChristi.'Psﬁw

2327 4216 2517 4263 noster
2568 4207 2847 4268 sacerdos,
2882 4209 3002 4280 ipse
3049 4221 3228 4264 noster
3258 4203 3467 4259 Dominus
3486 4201 3550 4246 est.
3579 4185 3659 4250 Ιρειιδ

2327 4299 2475 4352 sicut
2505 4314 2680 4370 panes
2708 4300 3094 4368 primitiarum,
3141 4300 3215 4352 sic
3239 4307 3288 4352 et
3321 4291 3419 4362 agni
3451 4280 3656 4370 ῐηθηάλίῗηῗ

616 4410 623 4419 .
661 4374 817 4430 culos
849 4381 1132 4449 praecepit,
1175 4357 1316 4438 dona
1343 4357 2220 4468 signiﬁcansqutesvo—ni'spiiitiis,
2254 4398 2299 4453 D
2330 4357 2717 4461 Ρῖῖὲἀίίεῑοτυηι
2762 4400 2910 4456 sum:
2977 4392 3090 4461 ipse
3131 4391 3264 4444 ei‘i'"
3307 4390 3418 4443 9”"
3443 4357 3657 4468 quiin

663 4463 949 4560 de‘q‘uibus
966 4471 1219 4527 Salomon
1252 4474 1306 4528 in
1339 4475 1645 4535 Proverbiis
1663 4482 1879 4539 dicebat
1909 4504 1920 4542 :
1947 4463 2221 4560 sapientia

660 4552 938 4622 rediﬁcavit
996 4560 1095 4613 sibi
1147 4563 1375 4631 domum,
1431 4569 1593 4622 erexit
1630 4571 1898 4630 columnas
1943 4552 2217 4647 septem“.

656 4640 879 4701 Planius
926 4659 1105 4706 autem
1170 4651 1334 4712 Isaias
1364 4658 1607 4726 tradidit,
1643 4660 1712 4717 Et
1746 4640 2020 4735 requiescet
2064 4640 2221 4742 super

656 4752 773 4790 eum
799 4739 1034 4811 Spiritus
1057 4744 1346 4804 Domini“.
1398 4749 1512 4805 Nec
1553 4754 1723 4810 tacuit
1757 4773 1900 4826 quae.
1927 4761 2011 4815 vel
2060 4739 2219 4833 cuius

657 4830 873 4883 numeri
924 4844 1110 4889 essent
1176 4837 1338 4903 dona,
1401 4844 1692 4898 subintulit
1746 4847 1946 4903 enim:
1989 4830 2218 4920 Spiritus

653 4921 930 4990 sapientiae
959 4933 1008 4978 et
1053 4927 1362 4994 intellectus,
1400 4934 1614 5001 spiritus
1645 4939 1851 4992 consilii
1877 4950 1924 4994 et
1947 4943 2220 5015 fortitudi-

657 5010 756 5075 nis,
816 5012 1032 5080 spiritus
1082 5017 1312 5071 scientite
1344 5027 1395 5071 et
1456 5023 1686 5088 pietatis,
1725 5034 1772 5077 et
1816 5010 2047 5093 implebit
2099 5043 2218 5082 eum

658 5100 876 5167 spiritus
899 5104 1103 5157 timoris
1136 5106 1344 5160 Domini
1362 5109 1424 5163 ⁸³.
1452 5112 1634 5182 Agnos
1655 5124 1836 5169 autem
1882 5117 1997 5172 haec
2026 5121 2217 5188 appel-

660 5188 732 5243 lat
771 5191 936 5251 dona.
985 5196 1053 5249 ad
1115 5199 1484 5254 ostensionem
1534 5204 1660 5272 quia
1701 5206 1935 5276 Spiritus
1990 5219 2211 5264 sanctus

655 5294 824 5333 unum
853 5291 935 5337 est
962 5284 1015 5337 in
1037 5285 1274 5352 Christo,
1299 5289 1366 5344 de
1385 5306 1490 5360 quo
1512 5294 1716 5349 dictum
1748 5306 1864 5350 est:
1889 5298 2209 5370 EcceAgnus

655 5370 771 5439 Dei,
808 5389 919 5428 ecce
963 5377 1051 5446 qui
1101 5378 1234 5432 tollit
1285 5393 1500 5449 peccata
1553 5386 1808 5441 mundi“.
1844 5388 1997 5444 Unde
2052 5406 2212 5446 nemo

722 5569 766 5642 ’f
792 5570 946 5626 Joan.
984 5592 1090 5639 xvi,
1124 5578 1206 5642 H,
1240 5579 1321 5633 l5.

2328 4449 2669 4551 ioquebatur,
2702 4483 2818 4553 ipse
2862 4449 3069 4544 omnia,
3129 4496 3240 4550 qua:
3284 4476 3401 4531 dicta
3428 4473 3529 4565 sunt.

2327 4574 2522 4628 Pacem
2549 4575 2694 4627 enim
2718 4576 2786 4629 tle
2819 4590 2927 4643 quo
2951 4574 3143 4627 Paulus
3168 4568 3377 4627 mandat,
3403 4558 3546 4652 printuS
3571 4544 3655 4669 99::

2325 4682 2429 4721 nus
2468 4665 2753 4735 discipulis
2783 4663 3140 4724 annuntiavit,
3187 4669 3236 4714 ct
3263 4646 3645 4744 sanctimoniae.

2322 4766 2546 4814 sanctus
2598 4767 2932 4822 sanctorum,
2982 4772 3138 4828 super
3172 4765 3340 4808 omnes
3366 4732 3654 4851 cllf‘Udg‘ir:

2320 4851 2439 4920 ipse
2469 4859 2589 4904 erat
2634 4851 2700 4905 de
2728 4866 2836 4919 quo
2873 4824 3085 4905 Gabriel
3124 4842 3294 4915 virgini
3340 4824 3647 4930 dixit

2320 4943 2458 5011 quod
2488 4952 2730 4995 nascetur
2763 4958 2825 4994 ex
2854 4951 2903 4994 te
2928 4930 3419 4994 sanctum.vocabitur
3439 4906 3654 5019 Γ

2319 5000 2709 5087 i’erumtamen
2746 5033 2788 5087 si
2817 5033 2901 5088 vis
2934 5033 3037 5087 diei
3062 5031 3124 5086 de
3152 5043 3252 5097 quo
3271 5032 3418 5077 sermo
3432 5017 3502 5068 est.

2320 5125 2563 5179 hendere
2601 5126 3000 5188 excellentiam,
3035 5114 3443 5176 conﬁrmationem
3460 5105 3583 5154 enim"
3604 5099 3649 5147 '4‘“

2318 5216 2387 5270 de
2405 5232 2471 5271 eo
2500 5216 2644 5271 dicta
2664 5224 2811 5278 sunt,
2843 5217 3068 5286 respice.

2388 5309 2455 5362 Et
2491 5310 2741 5362 vocabitis
2772 5310 2906 5363 hunc
2935 5309 3063 5360 diem
3093 5297 3426 5356 celeberrimum
3453 5289 3566 5405 ,Μαῖα

3066 5394 3093 5405 οι
3263 5388 3282 5405 Ρ
3318 5381 3422 5405 ,1-Ιῖρ
3448 5389 3486 5405 au
3515 5384 3562 5405 βλ

2318 5401 2600 5466 tissimum,
2629 5416 2780 5456 omne
2801 5416 2924 5469 opus
2949 5394 3122 5451 servile
3146 5406 3237 5445 non
3258 5385 3422 5458 facietis
3448 5389 3495 5481 ut
3514 5382 3562 5419 eo.

1416 5581 1459 5657 _"
1488 5581 1897 5657 Ps.Lx_xxm,5.
1973 5587 2019 5619 ³⁵
2060 5589 2146 5643 Ps.
2178 5608 2321 5656 xxvi,
2363 5594 2414 5646 t.
2492 5592 2538 5625 ³⁸
2556 5592 2744 5647 Matth.
2783 5612 2832 5657 v,
2857 5594 2943 5647 9.2.
2988 5590 3058 5622 “°
3085 5592 3194 5644 Act.
3225 5602 3257 5644 ι.
3294 5581 3353 5657 l_-_

657 5632 701 5667 ιπ
733 5637 836 5694 lsa.
872 5660 944 5709 x1,
977 5645 1031 5697 2.
1080 5632 1130 5678 ἰε
1153 5632 1289 5702 uiso;
1328 5649 1372 5680 δι
1398 5632 2149 5725 Jou'n'.'nf'e'o'I"¥iii}.tth.{132,

2134 5632 2149 5725 i
2178 5632 2690 5728 ὲῖξ”ιῖἰι‹;υὲ’ῖ“ιίῖ
2728 5636 2925 5731 Ηίῌ.
2967 5664 2982 5694 ⁸
3035 5661 3159 5715 llch.
3191 5670 3275 5718 xtl.
3309 5649 3376 5702 Η.
3407 5643 3441 5671 ⁸³
3466 5635 3556 5687 Luc.
3578 5635 3636 5679 ινδ·
