3810 6318
21 295 163 361 1039

1151 296 1231 356 IN
1269 291 1708 356 LEVITICUM.
1749 315 1815 326 —
1856 291 2004 352 LIB.
2035 291 2137 353 Π.

3124 289 3263 354 1090

21 412 212 463 timum
261 409 633 479 sempiternum
683 409 783 464 erit
831 409 888 462 in
943 411 1140 465 cunctis
1187 411 1498 464 habitaculis
1544 417 1593 463 et
1621 412 1668 468 Α
1762 404 1974 475 Pauper
2027 417 2208 461 autem
2265 378 2321 461 el
2369 405 2459 462 hic
2494 406 2714 474 dicitur,
2744 405 2868 477 quia
2893 417 3118 477 propter
3159 424 3264 463 nos

21 500 443 571 generationibus
466 501 667 553 vestris.
697 498 837 565 Quid
876 515 1007 571 ergo
1043 500 1097 555 in
1118 516 1181 555 ea
1215 511 1330 556 est:
1364 500 1588 571 quodin

21 590 107 643 his
136 589 405 643 excellet?
428 589 566 644 Ecce
593 589 740 643 enim
763 598 818 643 et
836 589 974 642 alios
999 588 1116 643 dies
1153 599 1372 644 sanctos
1400 589 1589 659 appel-

21 679 114 742 lat,
150 680 247 732 sed
300 686 354 732 et
381 677 448 733 de
496 679 600 733 hoc
643 679 878 747 primum
919 678 1113 748 inquit,
1166 688 1220 733 et
1249 678 1591 749 appellabitis

21 768 174 822 hunc
214 769 360 822 diem
390 768 831 831 celeberrimum,
857 776 912 822 et
941 776 1063 837 post
1093 768 1193 823 hoc
1214 786 1227 822 :
1247 777 1408 838 atque
1431 784 1591 823 sanc-

21 864 313 927 tissimum,
350 874 410 917 ut
459 865 515 917 in
545 879 611 918 eo
644 878 1009 933 cognosceres
1041 864 1173 934 quid
1224 875 1278 919 et
1318 880 1442 920 cum
1472 865 1591 921 aliis

21 969 331 1019 commune,
374 964 429 1009 et
457 954 584 1024 quid
633 955 687 1008 in
721 971 780 1009 se
811 957 1089 1025 proprium
1129 957 1334 1022 habet;
1367 957 1423 1010 in
1469 959 1589 1026 ipso

21 1045 160 1097 enim
185 1046 433 1115 gentium
478 1048 688 1101 vocatio
720 1064 827 1101 non
862 1051 1141 1118 praedicari
1178 1052 1377 1114 solum,
1413 1053 1506 1107 sed
1536 1060 1589 1106 et

21 1137 232 1205 operari
269 1139 458 1205 cmpit,
488 1139 706 1205 quando
733 1138 936 1206 Parthi,
969 1150 1018 1194 et
1045 1139 1207 1207 Medi,
1240 1152 1289 1196 et
1321 1142 1587 1206 Elamitw,

21 1234 62 1278 et
89 1227 180 1297 qui
210 1227 455 1280 habitant
483 1228 932 1303 Mesopotamiam,
954 1232 1215 1294 Juda’am,
1248 1245 1297 1286 et
1336 1234 1589 1303 Pamphi—

21 1314 168 1381 lium,
209 1333 516 1387 omnesque
559 1296 779 1389 reliquie
811 1332 1017 1390 gentes,
1052 1340 1186 1392 quas
1211 1323 1386 1380 Lucas
1426 1326 1589 1379 dinu-

21 1406 271 1469 meravit,
312 1407 501 1460 audire
546 1409 844 1477 apostolos,
898 1411 1090 1481 linguis
1151 1414 1261 1466 suis
1317 1414 1587 1483 magnalia

21 1494 113 1549 Dei
142 1496 495 1567 loquentes",
528 1500 992 1570 praedicantesque
1021 1512 1324 1572 cmperunt.
1369 1504 1588 1559 Nullum

21 1603 142 1656 ergo
171 1605 318 1657 opus
361 1589 556 1644 servile
584 1591 636 1643 in
662 1591 754 1645 illo
784 1592 872 1647 die
901 1593 1185 1660 faciamus,
1220 1594 1271 1648 id
1311 1602 1415 1657 est,
1444 1594 1590 1662 quod

21 1677 80 1729 ad
109 1678 436 1731 servitutem
469 1680 723 1747 pertinet,
749 1680 842 1734 sed
875 1680 1172 1751 legitimum
1196 1680 1587 1749 sempiternum

21 1768 71 1820 in
134 1768 357 1821 cunctis
412 1769 733 1824 habitaculis
788 1779 844 1825 et
885 1770 1331 1841 generationibus
1386 1770 1588 1824 nostris

21 1873 325 1923 servemus,
359 1859 498 1912 nihil
523 1861 720 1914 servile
752 1852 1042 1930 operantes
1074 1860 1127 1915 in
1179 1870 1447 1930 tempore,
1478 1875 1588 1929 quo

21 1948 81 2001 ad
116 1963 219 2003 nos
248 1949 397 2003 venit
416 1948 669 2019 Spiritus,
696 1952 822 2019 quia
857 1952 947 2005 ubi
971 1949 1199 2021 Spiritus
1227 1950 1464 2017 Domini,
1514 1949 1588 2002 ibi

21 2033 253 2100 libertas,
279 2036 422 2091 sicut
448 2035 647 2091 Paulus
678 2038 897 2107 scripsit
919 2032 983 2084 "-

88 2144 247 2201 Vsus.
275 2148 367 2201 ‘29..
399 2166 417 2198 ι
444 2134 737 2216 Postquam
764 2156 946 2201 autem
979 2147 1317 2202 messueritis
1346 2156 1586 2219 segetem

21 2244 173 2290 lerrae
194 2246 417 2302 vestrae,
447 2253 554 2290 non
577 2237 835 2292 secabitis
856 2253 975 2291 eam
998 2253 1167 2306 usque
1183 2239 1248 2291 ad
1270 2238 1464 2301 solum,
1485 2253 1587 2292 nec

21 2338 371 2382 remanentes
398 2330 578 2397 spicas
602 2329 889 2399 colligetis,
912 2330 1005 2383 sed
1030 2330 1361 2399 pauperibus
1416 2339 1471 2384 et
1494 2346 1588 2400 pe-

21 2419 250 2488 regrinis
285 2420 568 2474 dimittctis
589 2436 702 2473 eas.
732 2420 845 2490 Ego
884 2419 1147 2474 Dominus
1171 2419 1312 2474 Deus
1331 2430 1529 2475 vester.
1561 2440 1580 2472 ι

83 2501 228 2565 Quia
266 2501 469 2570 pietate
508 2502 668 2571 plena
728 2510 858 2555 sunt
897 2518 1016 2569 qua:
1041 2517 1187 2556 nunc
1241 2502 1357 2573 lege
1391 2503 1585 2572 prteci-

21 2593 270 2662 piuntur,
306 2602 556 2661 apertum
589 2602 689 2648 cst.
724 2592 955 2663 Propter
977 2594 1123 2663 quod
1162 2610 1225 2647 ea
1253 2595 1508 2649 custodiri
1532 2604 1586 2650 et

21 2684 322 2737 secundum
355 2684 584 2737 litteram
632 2692 866 2754 Oportet,
902 2685 996 2739 sed
1049 2685 1225 2752 majus
1275 2699 1463 2739 eorum
1497 2684 1584 2739 lu-

21 2788 167 2829 crum
218 2777 612 2845 contemplatio
656 2776 914 2845 possidet.
948 2776 1025 2829 Tu
1070 2785 1247 2830 autem
1277 2777 1380 2830 hoc
1413 2777 1466 2829 in
1507 2778 1585 2830 eis

21 2872 163 2926 uota,
193 2863 324 2932 quia
383 2879 505 2917 cum
538 2864 735 2918 similia
784 2865 867 2918 bis
912 2868 1165 2935 superius
1215 2865 1582 2935 praecepisset,

21 2966 125 3004 non
155 2960 344 3005 tamen
378 2953 566 3006 eadem
621 2953 873 3016 sancivit,
917 2955 1020 3008 hoc
1070 2961 1250 3008 autem
1293 2957 1583 3008 verborum

21 3039 127 3109 ipsa
148 3041 461 3097 immutatio
477 3042 829 3104 demonstrat,
857 3042 929 3095 ibi
949 3042 1269 3096 etenimait:
1297 3042 1416 3095 Non
1440 3059 1583 3096 com-

21 3131 223 3184 olebilis
260 3134 566 3187 messionem
597 3143 842 3197 vestrum,
877 3134 967 3187 hic
989 3141 1206 3187 autem:
1239 3132 1355 3186 Non
1391 3132 1589 3186 secabi-

23 3218 80 3271 lis
110 3234 228 3271 eam
254 3236 417 3288 usque
451 3221 520 3273 ad
554 3221 743 3282 solum,
785 3229 843 3274 ut
892 3220 1252 3274 differentiam
1296 3219 1467 3288 ipsam
1517 3235 1582 3272 ex

23 3311 419 3376 permutatione
460 3312 748 3366 verborum
780 3311 1161 3382 intelligamus.
1183 3310 1405 3363 Terram
1446 3309 1583 3363 ﬁde-

23 3397 145 3453 lium
170 3416 293 3457 esse
326 3402 636 3472 przcdictam
660 3417 689 3455 a
713 3402 828 3472 lege
859 3401 951 3454 Dei
979 3409 1447 3454 conversationem
1478 3399 1585 3452 frc-

25 3501 255 3559 quenter
274 3495 641 3549 ostendimus;
686 3494 848 3564 hujus
891 3492 1111 3555 messio,
1148 3499 1269 3561 post
1308 3504 1586 3545 resurrec-

25 3579 226 3635 tionem
253 3582 556 3636 Salvaloris
597 3599 625 3635 a
652 3582 902 3643 mortuis,
950 3590 1004 3634 et
1065 3580 1358 3633 adventum
1413 3577 1583 3631 sam-ti

25 3668 283 3737 Spiritus,
316 3667 515 3722 floruit.
546 3668 611 3722 Et
644 3685 751 3723 non
795 3670 1012 3738 quidem
1043 3683 1261 3722 omnem
1302 3665 1584 3720 scientiam

25 3772 184 3827 quam
237 3760 480 3820 habituri
524 3777 743 3822 sumus,
785 3760 1003 3829 quando
1056 3760 1120 3812 ad
1176 3758 1355 3827 ipsum
1415 3755 1586 3808 Deum

27 3851 373 3915 venerimus,
439 3852 601 3906 tradit
675 3851 902 3906 verbum
959 3846 1408 3920 praedicationis:
1458 3854 1588 3899 sunt

27 3953 200 3997 autem
225 3960 349 4013 qua:
370 3945 648 4013 relinquit,
675 3952 862 4012 utpote
887 3958 1005 4011 qua:
1050 3955 1199 3995 nunc
1233 3938 1389 3993 nobis
1430 3951 1588 3991 reve-

27 4031 113 4085 lari
147 4049 259 4087 non
292 4042 541 4102 possunt.
570 4035 634 4087 Et
663 4040 944 4102 propterea
982 4033 1152 4101 legem
1187 4030 1327 4083 hanc
1362 4028 1415 4081 in
1445 4042 1587 4096 prte-

27 4121 175 4178 dictis
215 4124 607 4178 festivitatibus
666 4122 1009 4193 interposuit,
1045 4132 1100 4176 et
1139 4121 1246 4175 ait:
1302 4119 1589 4188 Postquam

29 4215 339 4268 messuaritis
371 4225 592 4284 segetem
622 4223 775 4269 terra:
804 4225 1009 4279 vestra',
1049 4229 1153 4267 non
1196 4209 1440 4265 secabitis
1468 4223 1586 4262 eam

29 4321 176 4374 usque
195 4308 269 4360 ad
296 4305 488 4361 solum.

1692 513 1899 568 pauper
1924 498 2099 554 factus
2125 507 2209 553 est
2232 514 2353 552 cum
2385 498 2539 554 dives
2564 507 2729 562 esset,
2757 508 2814 553 ut
2846 499 2993 553 illius
3018 514 3256 569 pauper-

1691 597 1802 644 tate
1824 601 1925 642 nos
1948 589 2145 644 divites
2178 604 2465 655 essemus;
2520 591 2615 643 sed
2663 599 2719 644 et
2751 590 2979 653 advena,
3015 590 3140 659 quia
3156 598 3260 643 etsi

1690 679 1745 733 in
1773 679 1993 749 propria
2022 681 2195 741 venit,
2233 680 2321 735 sui
2347 696 2471 735 eum
2538 690 2720 733 tamen
2760 696 2871 735 non
2907 689 3258 750 receperunt.

1691 770 1833 825 Huic
1877 787 2008 841 ergo
2038 786 2099 825 ea
2128 772 2440 841 relinques;
2489 771 2639 826 solus
2663 782 2846 825 autem
2875 774 2979 826 scit
3003 788 3123 839 quat
3155 787 3259 825 no-

1690 861 1774 917 bis
1801 871 2104 926 remanent,
2132 872 2352 933 propter
2369 863 2514 932 quod
2542 878 2645 917 nec
2671 863 2923 932 colligere
2949 879 3259 932 possumus,

1693 968 1814 1023 qute
1846 963 1904 1009 ut
1930 954 2046 1023 ipse
2072 954 2304 1025 colligat,
2333 964 2584 1023 separata
2628 963 2777 1015 sunt,
2810 963 2946 1007 teste
2970 954 3137 1009 Paulo
3166 956 3259 1022 qui

1690 1043 1824 1099 dicit
1856 1044 2175 1100 :Oaltitudo
2201 1047 2474 1113 sapientim
2496 1055 2545 1098 et
2575 1046 2806 1099 scientiae
2831 1045 2963 1098 Dei!
2986 1062 3147 1115 quam
3172 1047 3252 1098 iu-

1691 1136 2175 1202 compreliensibilia
2199 1145 2320 1189 sunt
2333 1137 2543 1205 judicia
2604 1136 2716 1205 ejus
2772 1145 2822 1189 et
2880 1135 3262 1206 inuestigabiles

1690 1228 1788 1281 vita
1816 1228 1926 1296 ejus
1954 1230 2019 1282 ⁵⁸.

1764 1317 1926 1372 Vens.
1985 1318 2076 1381 24,
2138 1318 2228 1372 25.
2292 1337 2310 1370 ι
2365 1318 2719 1389 Locutusque
2774 1328 2858 1374 est
2902 1319 3165 1375 Dominus
3193 1322 3260 1374 ad

1689 1408 1908 1477 Moysen
1966 1408 2155 1462 dicens
2191 1426 2203 1461 :
2252 1407 2500 1477 Loquere
2541 1409 2665 1464 ﬁliis
2692 1409 2859 1464 Israel
2908 1411 3137 1466 :Mense
3169 1426 3259 1464 se-

1691 1501 1860 1570 ptimo
1883 1500 2058 1569 prima
2079 1499 2167 1554 die
2201 1500 2425 1564 mensis,
2458 1501 2564 1555 erit
2612 1501 2764 1556 vobis
2792 1502 3087 1557 Sabbatum
3139 1519 3260 1558 me—

1692 1591 1920 1645 moriale
1944 1590 2321 1660 clangentibus
2354 1590 2517 1655 tubis,
2562 1598 2616 1644 ct
2660 1592 2944 1646 vocabitur
2981 1601 3256 1646 sanctum.

1690 1679 1865 1737 Omne
1891 1697 2027 1752 opus
2061 1682 2255 1736 servile
2276 1696 2386 1735 non
2421 1681 2636 1737 facietis
2672 1682 2728 1737 in
2776 1698 2863 1750 eo,
2904 1691 2960 1737 et
3011 1682 3265 1737 oﬁ‘eretis

1618 1753 1663 1808 Β
1691 1772 2071 1825 holocaustum
2090 1769 2339 1825 Domino.
2381 1788 2401 1823 ι

1758 1861 2135 1930 Septenarium
2166 1876 2459 1914 numerum
2513 1861 2823 1917 evidentem
2848 1877 3038 1933 gerere
3084 1872 3141 1917 et
3168 1862 3260 1917 in-

1688 1951 2046 2007 dubitabilem
2081 1951 2569 2033 consummationis
2597 1952 2822 2024 ﬁguram
2847 1954 2963 2009 sive
2997 1956 3260 2010 uniuscu-

1680 2043 1882 2113 jusque
1924 2052 2196 2107 nostrum,
2230 2043 2346 2095 sive
2383 2043 2715 2112 generalem,
2757 2044 2925 2097 multa
2955 2045 3173 2109 quidem
3203 2054 3262 2100 et

1686 2136 1793 2191 alia
1824 2135 2143 2199 ostendunt,
2191 2135 2324 2189 illud
2362 2144 2545 2188 autem
2605 2134 2861 2198 maxime,
2914 2135 3041 2204 quia
3115 2136 3261 2189 Deus

1687 2229 1743 2284 in
1776 2230 1863 2285 die
1887 2230 2116 2300 septima
2134 2230 2368 2284 cessavit
2394 2230 2462 2283 ab
2481 2213 2751 2296 cperibus
2780 2228 2916 2295 suis,
2942 2229 3080 2283 dans
3098 2227 3258 2299 nobis

1685 2338 1753 2377 ex
1787 2322 1901 2391 ipsa
1933 2320 2172 2389 requiem
2201 2331 2440 2375 nostram
2483 2320 2782 2389 conjicere,
2811 2319 2880 2373 de
2907 2335 3013 2389 qua
3057 2320 3259 2374 Paulus

1685 2416 1760 2469 ait
1800 2413 1946 2479 :Qui
1972 2415 2107 2468 enim
2137 2415 2402 2483 ingressus
2429 2423 2505 2468 est
2555 2414 2610 2466 in
2662 2413 2813 2465 illam
2868 2414 3117 2482 requiem,
3173 2428 3257 2470 re-

1684 2507 1874 2576 quievit
1920 2508 2029 2573 ipse
2087 2506 2153 2558 ab
2207 2505 2446 2558 omnibus
2477 2505 2718 2573 operibus
2752 2504 2882 2566 suis,
2917 2504 3258 2573 quemadmo-

1682 2599 1805 2652 dum
1831 2606 1879 2650 et
1899 2615 1931 2649 a
1961 2597 2070 2650 suis
2103 2597 2239 2649 Deus
2259 2598 2327 2649 ".
2362 2597 2467 2650 Sed
2513 2596 2728 2649 initium
2760 2595 3256 2649 consummationis

1684 2694 2014 2754 temporum,
2060 2683 2277 2737 Domini
2306 2692 2391 2737 est
2418 2684 2686 2738 adventus
2714 2691 2937 2753 propter
2964 2683 3255 2752 quodillud

1681 2777 2033 2832 novissimam
2066 2776 2255 2829 horam
2283 2775 2524 2829 Joannes
2573 2775 2913 2844 evangelista
2936 2774 3253 2843 appellavit.

1682 2869 1758 2922 ait
1785 2867 1931 2921 enim
1963 2884 1979 2920 :
2015 2863 2218 2930 Filioli,
2254 2866 2529 2919 novissima
2548 2865 2676 2917 hora
2710 2873 2784 2917 est
2810 2866 2876 2917 ³³.
2898 2864 3004 2919 Sed
3022 2873 3077 2919 et
3102 2863 3259 2919 Jaco-

1683 2959 1785 3014 bus
1814 2975 1828 3010 :
1858 2958 1993 3011 Ecce
2014 2957 2180 3026 judea:
2212 2966 2336 3009 ante
2376 2956 2607 3026 januam
2624 2964 2729 3009 stat
2760 2956 2827 3009 “.
2865 2955 2979 3011 Hoc
3040 2967 3258 3026 tempus

1685 3050 1917 3120 primam
1941 3047 2156 3117 septimi
2209 3047 2417 3102 mensis
2441 3047 2585 3101 sicut
2626 3046 2952 3115 principium
2985 3062 3252 3117 consum-

1686 3138 1967 3203 mationis,
1997 3146 2144 3192 recte
2169 3137 2256 3191 lex
2280 3137 2594 3206 appellavit.
2641 3137 2738 3189 Est
2758 3138 2923 3190 etiam
2957 3137 3118 3192 nobis
3163 3153 3254 3192 re-

1686 3229 1876 3300 quies;
1907 3229 2033 3300 quia
2063 3243 2164 3282 nos
2200 3228 2269 3280 ab
2292 3228 2553 3296 operibus
2608 3226 2767 3279 malis
2790 3226 2981 3279 carnis
3039 3227 3253 3291 refecit,

1688 3331 1746 3378 et
1769 3338 1798 3376 a
1817 3322 1947 3391 jugo
1977 3321 2125 3391 gravi
2144 3320 2430 3374 liberavit:
2460 3318 2636 3372 Venite
2657 3318 2819 3382 enim,
2846 3318 3042 3387 inquit,
3077 3335 3256 3374 omnes

1689 3414 1778 3485 qui
1809 3413 2062 3466 laboratis
2091 3421 2141 3464 et
2170 3412 2376 3464 onerati
2402 3411 2547 3473 estis,
2581 3417 2628 3462 et
2658 3425 2751 3478 ego
2796 3409 3031 3477 reﬁciam
3073 3426 3161 3462 vos
3184 3412 3253 3465 ⁸⁸.

1690 3505 1759 3560 Et
1788 3517 2014 3557 rursus:
2046 3500 2242 3554 Discite
2279 3516 2312 3553 a
2349 3518 2449 3565 me,
2486 3500 2612 3569 quia
2641 3500 2781 3552 mitis
2815 3515 2935 3554 sum
2971 3508 3020 3551 et
3046 3498 3258 3553 humilis

1690 3595 1870 3659 corde,
1902 3602 1950 3669 et
1990 3593 2263 3646 invenietis
2287 3593 2518 3661 requiem
2539 3591 2820 3644 animabus
2844 3591 3028 3644 vestris
3044 3592 3111 3642 ⁵⁵.
3144 3589 3259 3644 Hoc

1691 3698 1748 3742 et
1776 3685 2091 3742 memoriale
2130 3685 2379 3738 tubarum
2428 3689 2553 3736 est:
2589 3681 2848 3751 praedicat
2895 3682 3041 3735 enim
3073 3681 3256 3736 Salva-

1693 3777 1828 3833 toris
1854 3776 2334 3838 resurrectionem,
2373 3787 2494 3842 quae
2557 3771 2875 3826 memoriale
2904 3778 2988 3825 est
3015 3785 3259 3825 commu-

1692 3871 1781 3925 nis
1806 3879 2143 3924 mortuorum
2184 3866 2623 3929 resurrectionis,
2651 3883 2773 3936 quae
2836 3867 2892 3920 in
2931 3880 3065 3921 voce
3100 3865 3260 3921 tuba-

1693 3978 1814 4015 rum
1840 3975 2154 4031 magnarum
2200 3967 2256 4011 et
2308 3956 2626 4012 terribilium
2677 3957 2953 4011 eﬁicitur:
3004 3956 3070 4010 In
3106 3957 3262 4026 jussu

1698 4052 1991 4114 Dominico,
2022 4052 2078 4104 in
2105 4066 2225 4103 voce
2253 4047 2572 4117 archangeli,
2604 4048 2660 4099 in
2717 4047 2837 4100 tuba
2892 4047 3072 4112 Dei”,
3123 4048 3268 4102 sicut

1694 4143 1897 4198 Paulus
1918 4141 2122 4197 docuit.
2174 4139 2286 4193 Iloc
2319 4150 2531 4207 tempus
2577 4138 2865 4192 vocabitur
2893 4147 3140 4193 sanctum
3165 4140 3266 4191 Do-

1696 4232 1871 4292 mino,
1910 4231 2037 4299 quia
2069 4229 2432 4293 vocationem,
2465 4242 2587 4296 quae
2607 4227 2659 4280 in
2687 4226 3116 4282 sanctiﬁcatione
3156 4235 3260 4290 est,
3323 4234 3329 4240 ’

1695 4322 1941 4393 possidet
1970 4337 1984 4372 :
2018 4336 2083 4375 ex
2104 4334 2210 4389 qua
2262 4318 2503 4386 adoptio,
2547 4332 2668 4386 quae
2712 4318 2783 4372 ad
2845 4333 2970 4371 eum
3024 4318 3267 4386 pertinet

84 4394 144 4502 '1"
190 4411 257 4450 εο
313 4396 461 4467 (10οά
490 4396 621 4451 dic“
655 4414 666 4449 ε
702 4395 822 4449 Non
853 4395 1094 4498 εεεαίςῖιῖδ
1118 4408 1263 4502 ἐαξη
1310 4406 1478 4494 "3’1"".
1518 4386 1588 4443 ad
1625 4449 1667 4502 υ
1695 4386 1903 4467 vocatis
1929 4386 2158 4465 eﬁicitu‘r
2196 4426 2209 4462 :
2242 4408 2409 4462 Omne
2437 4424 2564 4477 opus
2598 4408 2782 4461 servile
2833 4424 2935 4461 non
2963 4409 3169 4478 facietis
3208 4409 3268 4464 in

29 4485 203 4551 tolum,
237 4503 301 4543 ea
333 4487 682 4556 signiﬁcavit,
717 4503 838 4557 qua:
868 4486 1026 4541 nobis
1066 4484 1132 4539 ad
1172 4484 1387 4554 plenam
1405 4483 1586 4537 scien-

31 4570 144 4625 .iam
166 4583 221 4627 et
250 4575 551 4644 perfectam
593 4575 813 4638 desunt,
877 4585 1104 4646 propter
1137 4575 1281 4644 quod
1309 4582 1364 4628 et
1392 4570 1586 4627 subdi—

31 4660 124 4714 lit:
154 4662 264 4716 Nec
286 4676 615 4720 remanentes
634 4670 807 4736 spiras
836 4666 1110 4736 colligetis.
1129 4664 1200 4720 Ut
1219 4680 1328 4719 non
1350 4671 1585 4718 conten-

31 4752 233 4819 lamus,
264 4772 444 4825 neque
495 4756 698 4813 frustra
754 4773 1017 4813 conemur
1075 4772 1138 4812 ea
1186 4771 1307 4827 qua:
1340 4764 1583 4809 nostram

33 4841 233 4914 fugiunt
283 4849 599 4906 scientiam.
645 4849 709 4905 Et
752 4859 1041 4921 propterea
1068 4849 1137 4905 de
1162 4863 1411 4904 messura
1462 4862 1584 4915 qua:

33 4937 215 4993 cadere
240 4940 517 5006 dicuntur,
542 4941 796 5013 colligere
852 4956 957 4995 nec
1005 4953 1320 5010 possumus,
1350 4936 1446 4991 sed
1493 4952 1589 4990 re-

33 5027 349 5104 linquamus,
368 5050 433 5089 ea
466 5034 689 5090 Christo
716 5049 879 5104 quem
939 5031 1261 5103 signiﬁcans
1311 5026 1585 5098 legislator

33 5122 234 5177 addidit
264 5143 278 5178 :
308 5128 634 5198 Pauperibus
662 5138 710 5185 et
741 5128 1029 5199 peregrinis
1053 5126 1287 5180 dimittes
1307 5141 1421 5178 eas.
1458 5122 1587 5178 Sive

35 5211 326 5267 secundum
355 5215 498 5270 LXX
531 5235 544 5269 :
577 5218 810 5288 Pauperi
835 5226 885 5272 et
915 5216 1181 5287 proselgto
1209 5211 1470 5282 relinques
1495 5227 1581 5264 ea.

35 5299 96 5356 Et
122 5302 242 5371 quis
275 5314 359 5359 est
390 5306 517 5361 hic?
542 5307 680 5361 Audi
702 5307 847 5378 quod
877 5304 1161 5376 sequitur-z
1194 5299 1305 5371 Ego
1325 5301 1584 5355 Dominus

35 5390 171 5448 Deus
190 5406 370 5450 vester.

132 5605 178 5677 ξ’
202 5609 326 5677 Act.
364 5628 425 5677 ιι,
462 5613 549 5666 10-

644 5613 690 5645 ⁸⁸
718 5610 758 5664 ll
780 5609 904 5665 Cor.
945 5627 1027 5674 ιιι,
1056 5610 1142 5664 17.
1218 5608 1262 5639 ⁸¹
1285 5607 1526 5664 Rom.u.
1557 5607 1647 5659 53.

1694 4518 1771 4562 eo,
1803 4509 1853 4553 et
1894 4500 2115 4569 oﬂ‘eretis
2156 4498 2518 4551 holocaustum
2557 4496 2805 4550 Domino.

1758 4589 1878 4643 Non
1913 4596 1996 4642 est
2028 4588 2174 4641 enim
2196 4587 2307 4656 jam
2336 4595 2554 4654 tempus
2590 4601 2758 4655 opera
2810 4587 3031 4641 servilia
3079 4603 3266 4658 agere,

1688 4680 1814 4750 quia
1875 4677 2074 4734 sufficit
2120 4677 2457 4745 praeteritum
2527 4685 2746 4744 tempus
2795 4679 2860 4730 ad
2924 4679 3265 4734 voluntatem

1688 4767 1954 4839 gentium,
1990 4766 2043 4818 in
2078 4780 2186 4832 quo
2208 4774 2358 4832 gesta
2394 4773 2523 4816 sunt
2563 4778 2730 4830 Opera
2750 4764 2992 4826 servilia.
3015 4774 3071 4819 et
3096 4767 3265 4820 debe-

1688 4872 1832 4921 mus,
1853 4852 2307 4924 quemadmodum
2361 4851 2711 4904 exhibuimus
2761 4854 3004 4907 membra
3079 4864 3266 4911 nostra

1691 4962 1841 5002 arma
1870 4941 2173 5013 iniquitatis
2204 4941 2270 4994 ad
2299 4940 2661 5009 iniquitatem,
2695 4940 2765 4995 ita
2806 4942 3064 4997 exhibere
3090 4960 3264 4998 mem-

1694 5038 1789 5093 bra
1814 5042 2001 5089 nostra
2023 5047 2172 5086 arma
2215 5031 2464 5102 justitize.
2495 5031 2553 5085 in
2578 5032 3018 5089 sanctiﬁcatione
3047 5034 3113 5089 ⁸⁸.
3152 5033 3263 5092 Hoc

1691 5137 1775 5183 est
1803 5127 1949 5181 enim
1985 5125 2180 5178 iterum
2210 5124 2608 5178 holocaustum.

1761 5213 1924 5268 Vens.
1964 5211 2156 5265 27-32.
2182 5230 2202 5262 ι
2241 5210 2585 5278 Locutusque
2607 5219 2691 5265 est
2723 5211 2987 5267 Dominus
3026 5213 3091 5267 ad
3113 5211 3263 5285 Moy-

1690 5317 1812 5365 sen,
1864 5301 2100 5354 dicens:
2164 5299 2384 5352 Decimo
2430 5299 2519 5351 die
2565 5300 2769 5354 mensis
2824 5300 2989 5370 hujus
3042 5305 3263 5371 septimi

1691 5389 1808 5446 dies
1846 5389 2222 5458 cxpiationum
2280 5388 2387 5442 erit
2428 5387 2842 5456 celeberrimus,
2875 5402 2928 5447 et
2976 5392 3265 5450 vocabitur

1724 5605 1770 5676 ff
1800 5603 1967 5657 llebr.
1990 5599 2189 5676 1γᾴοη
2268 5605 2353 5662 ⁸³1
2382 5606 2540 5664 Joan.
2585 5623 2641 5676 ιι,
2693 5608 2781 5664 18.
2854 5608 2902 5642 ⁸⁸
2928 5606 3042 5664 Jac.
3077 5624 3132 5675 ν,
3164 5608 3217 5665 9.

102 5666 145 5698 "
167 5676 349 5734 Μίιῑῑιι.
374 5666 448 5749 xi,
471 5684 561 5737 es.
640 5683 687 5716 η
720 5680 967 5736 ibid.~29.
1017 5666 1086 5711 ἐτ
1116 5679 1135 5732 ι
1161 5676 1355 5732 Thess.
1384 5692 1457 5742 IV,
1491 5676 1578 5729 is.

1695 5676 1699 5703 ί
1727 5673 1885 5727 llom.
1910 5689 1985 5740 vi,
2018 5671 2106 5737 l5,
2134 5673 2221 5729 l9.
