3810 6318
569 230 702 292 1091

1762 234 2125 295 HESYCIIII
2163 235 2638 296 PRESBYTERI
2674 220 2677 223 “
2791 235 2795 239 '
2838 199 2848 205 ’
3744 245 3799 303 1':

564 341 809 397 sanctus,
848 331 1204 404 aﬂligetisque
1232 335 1443 391 animas
1475 344 1688 390 vestras
1723 337 1777 391 in
1819 354 1887 392 eo
1920 340 2129 396 etotl‘e-
2160 346 2202 400 Α
2234 342 2438 409 facietis
2475 343 2529 394 in
2564 353 2793 412 tempore
2849 345 2955 398 diei
3020 322 3204 416 lmjus.
3262 346 3321 402 ln
3388 349 3799 407 holocautoam

564 425 699 479 retis
730 423 1106 479 holocaustum
1139 425 1387 481 Domino.
1418 427 1592 482 Omne
1620 443 1757 498 opus
1786 432 1985 484 servile
2030 447 2139 484 non

564 517 778 572 facietis
809 519 863 572 in
886 527 1131 587 tempore
1160 518 1266 571 diei
1299 519 1483 588 hujus,
1546 520 1672 588 quia
1707 521 1824 575 dies
1875 523 2142 592 propitia-

564 610 732 665 tionis
763 618 866 674 est,
902 620 961 664 ut
995 610 1319 679 propitietur
1363 612 1515 666 vobis
1548 613 1809 668 Dominus
1836 614 1980 668 Deus
2044 630 2143 669 ve-

569 711 698 756 ster.
718 701 907 757 Omnis
929 703 1108 755 auium
1135 718 1255 771 qua:
1276 702 1472 757 atllicta
1497 720 1605 758 non
1627 705 1789 760 fuerit
1817 707 1871 759 in
1908 706 1998 762 die
2017 708 2139 774 hoc,

566 793 767 862 peribit
816 795 882 847 de
931 793 1147 861 populis
1207 793 1341 846 suis.
1376 792 1442 846 Et
1498 811 1617 864 quae
1648 796 1829 864 operis
1864 796 2141 866 quippiam

566 876 778 942 fecerit,
812 878 1007 940 delebo
1022 894 1140 932 eam
1165 879 1233 933 de
1254 880 1454 948 populo
1488 896 1608 936 suo.
1641 883 1791 936 Nihil
1815 899 1944 955 ergo
1961 884 2144 953 operis

565 966 774 1023 facietis
808 969 860 1021 in
890 985 976 1023 co.
1007 969 1332 1039 chitimum
1396 971 1792 1039 sempiternum
1839 975 1944 1027 erit
1989 974 2143 1028 vobis

565 1058 621 1110 in
646 1058 857 1113 cunctis
883 1060 1332 1128 generationibus
1357 1068 1413 1113 et
1465 1061 1896 1116 habitationibus
1921 1061 2141 1123 vestris,

568 1145 979 1217 Sabliatnmque
1005 1151 1215 1218 requiei
1248 1159 1369 1216 est;
1398 1151 1645 1221 atlligetis
1682 1154 1893 1206 animas
1910 1160 2139 1208 vestras.

565 1236 663 1292 Die
692 1255 834 1293 nono
859 1240 1061 1294 mensis
1082 1241 1321 1310 septimi,
1346 1258 1376 1295 a
1402 1258 1628 1311 vespere
1648 1259 1819 1313 usque
1845 1244 1914 1299 ad
1945 1258 2144 1313 vespe-

566 1344 686 1382 rum
708 1330 1057 1384 celebrabitis
1091 1330 1325 1385 Sabbata
1357 1342 1557 1386 vestra.
1601 1352 1619 1384 ι

638 1421 806 1474 Recte
834 1420 1030 1475 Paulus
1057 1422 1354 1477 Corinthiis
1388 1425 1454 1477 de
1469 1424 1672 1478 Judzeis
1724 1424 1944 1494 scripsit
1974 1441 1991 1480 :
2019 1425 2144 1481 Haec

569 1512 744 1564 omnia
766 1513 821 1564 in
858 1513 1030 1581 ﬁgura
1058 1514 1424 1584 contingebant
1476 1516 1603 1572 illis.
1640 1515 1852 1585 Scripta
1884 1527 2004 1570 sunt
2043 1535 2142 1571 au-

567 1610 672 1655 tent
694 1603 763 1655 ad
784 1612 1018 1656 nostram
1046 1606 1447 1672 correptionem,
1494 1607 1551 1660 in
1580 1625 1706 1677 quos
1743 1609 1872 1677 ﬁnes
1920 1609 2141 1663 sarculo-

504 1708 507 1711 ·
565 1707 684 1745 rum
712 1691 1027 1747 devenerunt
1053 1696 1121 1748 ⁸⁵.
1152 1696 1308 1761 Quod
1325 1698 1473 1751 enim
1504 1698 1555 1750 in
1605 1698 1712 1753 line
1744 1700 1929 1754 saeculi
1958 1710 2140 1765 actum
2173 1677 2214 1730 Β

566 1788 652 1834 est
692 1780 986 1837 Salvatoris
1011 1785 1349 1854 mysterium,
1384 1802 1505 1856 quae
1528 1796 1583 1841 et
1615 1798 1814 1858 quanta
1838 1804 1903 1843 ex
1921 1806 1986 1846 eo
2024 1793 2139 1845 dis-

568 1879 795 1939 pensata
830 1872 961 1937 sint,
1010 1875 1171 1943 plane
1212 1891 1308 1944 per
1354 1879 1646 1946 praasentia
1679 1878 1958 1949 legislator
1979 1881 2143 1953 signi-

565 1961 766 2017 ﬁcavit.
801 1962 940 2028 Quid
970 1981 1100 2035 ergo
1132 1966 1290 2021 nobis
1310 1969 1510 2032 innuit,
1542 1970 1628 2022 vel
1659 1966 1790 2039 quid
1819 1972 2141 2043 sancitgra-

556 2051 638 2105 ‘tia
659 2052 885 2116 Christi,
908 2063 963 2108 et
994 2056 1308 2124 praedicatio
1341 2058 1493 2127 ejus?
1544 2058 1708 2129 Spem
1742 2061 1927 2130 utique
1992 2078 2142 2116 mor-

564 2144 783 2191 tuorum
830 2143 1273 2208 resurrecﬁonis,
1336 2147 1502 2200 vitam
1561 2163 1684 2202 cum
1751 2149 2039 2214 modestia,
2087 2161 2142 2206 et

564 2226 892 2296 humilitate,
928 2241 983 2286 et
1005 2233 1060 2287 in
1090 2233 1335 2288 ciborum
1365 2237 1720 2305 abstinentia,
1756 2250 1811 2293 et
1835 2256 1959 2309 qua:
1982 2242 2140 2295 estin

557 2320 821 2389 despectu
848 2326 1225 2392 pragsentium,
1260 2336 1423 2397 atque
1484 2329 1744 2399 despectu
1800 2332 2138 2401 possidendi,

565 2411 796 2482 aliisque
823 2415 1121 2471 virtutibus
1149 2434 1163 2471 :
1197 2434 1333 2487 quas
1389 2431 1631 2491 agentes,
1668 2430 1921 2491 tanquam
1952 2424 2143 2479 incola:

567 2500 669 2556 hac
718 2513 863 2558 terra
894 2507 1119 2570 utimur,
1162 2517 1348 2577 utpote
1376 2511 1574 2565 nonad
1625 2512 1847 2583 longum
1905 2523 2139 2583 tempus,

566 2592 661 2646 sed
695 2595 760 2648 ad
790 2610 1117 2665 perparvum
1148 2598 1201 2651 in
1233 2613 1299 2653 eo
1325 2610 1595 2668 ponentes
1626 2604 2142 2675 tabernacula,quia

565 2696 754 2737 eorum
784 2701 904 2753 qua:
929 2686 1075 2741 dicta
1106 2700 1255 2756 sunt,
1278 2693 1708 2761 unumquodque
1752 2693 1806 2747 in
1837 2695 1940 2750 hac
1970 2696 2145 2765 pleni-

567 2774 754 2829 tudine
786 2785 1093 2847 temporum
1130 2797 1230 2849 per
1252 2784 1624 2854 evangelicam
1661 2787 1828 2841 nobis
1846 2803 2114 2843 conversa

566 2863 770 2919 tionem
797 2867 1052 2935 prmdicta
1079 2880 1227 2925 sunt.
1261 2871 1569 2942 Septimum
1595 2890 1861 2942 mensem,
1885 2878 1975 2932 hic
1995 2880 2139 2932 enim

2240 428 2483 497 quidem,
2511 441 2941 486 consummatam
2968 435 3155 498 vitam,
3188 450 3245 491 et
3269 440 3543 507 perfecte
3583 441 3799 497 inhxm

2243 525 2352 572 tem
2385 518 2653 575 Domino:
2686 523 2740 576 in
2766 539 2878 578 non
2942 525 3193 582 iaciendo
3245 539 3444 585 autem
3501 547 3693 588 omne
3730 553 3799 604 ομ

2245 615 2589 664 terrenorum
2617 627 2842 682 operum
2868 616 3259 672 abstinentiam
3281 621 3563 675 ostendit
3591 640 3611 676 :
3640 638 3762 695 erga
3786 644 3799 680 ἢ

2241 697 2405 754 nimis
2441 714 2847 772 consequenter
2867 706 3123 761 addidit‘:
3174 708 3320 773 Quia
3361 713 3489 763 dies
3515 718 3763 779 propitiat
3792 748 3800 758 ς

2244 789 2323 841 nis
2351 798 2447 853 est,
2477 800 2533 843 ut
2555 795 2869 862 propitiatur
2901 797 3041 850 vobis
3079 797 3341 851 Dominus
3376 800 3534 853 Deus
3604 815 3770 857 uester.

2314 878 2554 950 Utraque
2582 882 2697 938 haec
2714 885 3033 952 ostendens,
3063 889 3190 956 quia
3249 899 3308 942 et
3347 891 3465 945 hoc
3511 902 3607 946 est
3648 904 3800 964 templ

2243 972 2310 1024 ad
2367 973 2809 1042 propitiationem
2835 978 2993 1033 nobis
3052 980 3227 1034 aDeo
3248 983 3569 1050 donatum,
3634 988 3687 1038 in
3740 1005 3799 1056 qi}!

2243 1074 2467 1134 peccata
2520 1081 2711 1122 nostra
2734 1071 2961 1125 veniens
2990 1073 3257 1129 Dominus
3287 1076 3492 1141 diluit,
3525 1089 3585 1132 et
3618 1081 3732 1148 quia
3772 1087 3799 1135 ia

2242 1169 2352 1223 quo
2377 1155 2495 1210 lucc
2526 1169 2915 1228 exspectamus
2949 1171 3195 1231 tempore
3233 1167 3387 1219 nihil
3418 1168 3697 1223 debemus
3737 1183 3800 1224 ιιιη

2242 1259 2505 1299 renorum
2535 1262 2719 1317 agere.
2752 1249 2957 1305 Deinde
2994 1252 3166 1323 legem
3191 1258 3584 1325 protrahens,
3622 1264 3797 1315 etiis—.-

2244 1343 2328 1388 sto
2350 1335 2765 1395 advocationem
2821 1342 3089 1409 praebens,
3108 1347 3200 1415 qui
3249 1347 3403 1402 dixit
3427 1367 3443 1400 :
3474 1350 3679 1405 Discite
3704 1370 3731 1405 ι
3756 1373 3795 1405 ω

2243 1427 2369 1496 quia
2401 1429 2542 1481 mitis
2572 1445 2686 1483 sum
2706 1440 2753 1484 et
2780 1432 2992 1488 humilis
3021 1442 3198 1501 corde,
3219 1450 3271 1492 et
3302 1443 3609 1496 invenietis
3632 1452 3793 1513 nam

2244 1521 2525 1576 animabus
2563 1526 2748 1577 vestris
2769 1526 2813 1557 ⁶⁰
2835 1566 2851 1591 ,
2899 1528 2978 1582 ait
3007 1547 3021 1581 :
3054 1529 3239 1585 Omnis
3271 1535 3479 1589 anima
3521 1554 3642 1607 qu:
3662 1540 3791 1605 aiax:

2245 1624 2346 1661 non
2377 1610 2536 1678 fuerit
2564 1614 2619 1663 in
2646 1612 2730 1665 die
2758 1613 2871 1680 hoc,
2912 1615 3099 1683 peribit
3131 1618 3195 1670 de
3231 1620 3465 1687 populis
3496 1626 3631 1677 suis.
3664 1625 3791 1691 Χέθιμα

2243 1700 2388 1754 enim
2441 1703 2687 1772 sequitur
2727 1703 3028 1770 Christum,
3084 1709 3178 1777 qui
3224 1711 3355 1765 haec
3421 1715 3791 1774 sancis-iuerat

2245 1802 2453 1847 tantum
2486 1796 2841 1866 semetipsum
2896 1798 3221 1863 humiliavit.
3280 1815 3351 1857 ut
3420 1802 3636 1860 Paulus
3669 1809 3723 1861 de
3756 1824 3789 1860 α

2243 1884 2508 1940 diceret:
2568 1887 2887 1942 llumiliavit
2955 1893 3321 1961 semetipsum,
3380 1898 3573 1967 [actus
3621 1901 3789 1953 om

2244 1994 2404 2047 usque
2438 1981 2509 2033 ad
2535 1990 2775 2046 mortem,
2808 1994 3029 2039 mortem
3064 1995 3248 2038 autem
3284 1991 3481 2042 erucis
3509 1992 3577 2042 “.

2314 2068 2417 2123 Sed
2440 2080 2487 2124 et
2508 2088 2626 2141 qua:
2654 2075 2824 2142 operis
2849 2076 3121 2145 quippiam
3175 2079 3401 2148 fecerit,
3437 2082 3624 2135 delebo
3647 2100 3739 2135 εει
3756 2089 3785 2134 it

2243 2164 2434 2233 populo
2471 2181 2603 2217 meo.
2642 2164 2792 2219 Nihil
2838 2184 2957 2238 ergo
2979 2171 3151 2236 operis
3200 2171 3433 2240 facietis
3459 2175 3519 2225 in
3552 2192 3629 2227 eo.
3652 2175 3789 2242 Left:-

2245 2272 2390 2308 mum
2420 2257 2795 2324 sempiternum
2817 2259 2913 2311 erit
2938 2260 3078 2312 vobis
3137 2261 3191 2312 in
3215 2266 3441 2317 cunctis
3496 2271 3792 2335 generates:-

2245 2346 2338 2399 bus
2385 2356 2436 2400 et
2462 2348 2872 2402 habitationibus
2909 2351 3113 2403 vestris.
3148 2352 3241 2404 Sic
3282 2353 3400 2407 hoc
3431 2356 3577 2409 dixit
3600 2368 3791 2424 taon

2244 2437 2289 2491 si
2316 2437 2516 2506 populo
2560 2436 2871 2492 Judaeorum
2904 2450 3238 2510 praeceptum
3291 2444 3371 2496 sit
3408 2461 3424 2495 :
3465 2447 3728 2500 sicautcm
3758 2462 3791 2499 5e

2243 2542 2355 2581 non
2384 2527 2554 2581 habet
2580 2549 2590 2581 :
2620 2527 2876 2582 omnibus
2905 2529 3051 2582 enim
3075 2529 3160 2582 lex
3194 2535 3539 2588 communis
3584 2549 3675 2595 est,
3711 2537 3791 2604 qui

2247 2627 2301 2672 ct
2321 2619 2387 2674 ad
2416 2635 2606 2673 omnes
2635 2619 2899 2675 Dominus
2927 2621 3181 2675 dicebat:
3236 2622 3571 2693 Operamim'
3621 2645 3707 2681 non
3742 2630 3788 2678 ri-

2245 2709 2365 2764 bum
2393 2711 2483 2780 qui
2509 2712 2645 2779 perit
2675 2712 2740 2775 °’,
2764 2710 2903 2764 nihil
2933 2712 3121 2765 volens
3143 2728 3246 2767 nos
3280 2718 3517 2783 Oper-ari
3546 2724 3789 2770 terrenas.

2245 2796 2393 2852 Bene
2426 2815 2557 2869 ergo
2581 2810 2635 2853 et
2667 2800 2945 2868 sapienter
2974 2801 3286 2855 custodiam
3352 2807 3673 2860 vacationis
3710 2825 3787 2870 πίτν-

2245 2891 2445 2945 ducere
2463 2892 2530 2945 ad
2558 2893 2819 2962 majorem
2871 2893 3412 2962 contemplationem
3446 2899 3659 2965 volens,
3683 2900 3789 2952 adsa-

566 2969 830 3009 numerus
886 2961 1416 3015 consummationem
1472 2972 1784 3033 temporum
1839 2967 2140 3037 signiﬁcare

2245 2983 2353 3036 dit:
2379 2961 2888 3052 Sabbatum’requiei
2919 2992 3015 3036 est.
3058 2961 3155 3038 Vel
3187 2984 3338 3038 sicut
3362 2985 3521 3041 LXX
3556 3007 3570 3041 :

567 3047 871 3110 consuevit,
897 3048 1150 3101 omnibus
1171 3049 1358 3119 ﬁguris
1404 3061 1462 3106 et
1508 3055 1816 3109 necessarie
1849 3069 2145 3112 conserva-

566 3135 667 3189 vit.
705 3134 962 3192 Dividens
987 3146 1168 3193 autem
1194 3156 1276 3205 ea,
1320 3156 1472 3211 spem
1530 3151 1871 3199 mortuorum
1897 3162 2144 3202 resurre-

566 3226 786 3291 ctionis,
812 3243 908 3297 per
932 3222 1493 3301 neomeniasseptimi
1544 3235 1749 3289 mensis
1791 3238 2040 3305 superius
2067 3241 2144 3294 si-

571 3315 866 3387 gniﬁcavit,
920 3319 977 3372 in
1041 3334 1145 3388 qua
1179 3328 1233 3373 et
1264 3322 1518 3376 tubarum
1569 3326 1887 3380 memoriale
1939 3329 2143 3397 posuit,

568 3408 694 3477 quia
726 3409 780 3463 in
844 3411 967 3465 tuba
1005 3410 1095 3465 Dei
1143 3421 1527 3482 exspectamus
1554 3424 1800 3470 mortuos
1834 3434 2142 3490 resurgere.

568 3501 700 3554 Eam
721 3511 926 3567 autem,
953 3520 1076 3573 quae
1099 3514 1182 3559 est
1210 3506 1264 3579 in
1309 3506 1637 3573 humilitate,
1663 3519 1717 3563 et
1742 3509 1990 3565 ciborum
2046 3513 2145 3566 ab-

568 3594 828 3647 stinentia
856 3595 1020 3649 vitam
1048 3635 1063 3659 ,
1100 3612 1194 3665 per
1226 3598 1492 3652 decimam
1527 3601 1753 3665 mensis,
1779 3601 1848 3656 de
1871 3618 1977 3671 qua
1992 3619 2145 3659 nunc

566 3684 806 3753 loquitur
839 3686 914 3757 (in
954 3688 1183 3741 transitu
1208 3688 1354 3742 enim
1382 3691 1581 3744 saeculo
1604 3691 1703 3755 uti,
1757 3703 1811 3746 et
1845 3694 2049 3748 exitum
2076 3696 2145 3751 de

569 3791 637 3831 eo
660 3786 1001 3846 exspectare,
1035 3793 1135 3846 per
1158 3778 1532 3846 festivitatem,
1552 3796 1712 3849 quam
1740 3798 1768 3836 a
1788 3782 1977 3851 quinta
1998 3785 2145 3840 deci-

567 3882 654 3920 ma
677 3867 938 3936 incipere,
963 3879 1085 3937 post
1105 3871 1381 3939 paululum
1407 3871 1659 3928 invenies
1678 3887 1804 3926 eum
1818 3873 2138 3944 dicentem),

568 3959 857 4028 significat.
890 3960 995 4015 Sed
1022 3976 1143 4031 quae
1175 3964 1459 4032 pertinent
1505 3963 1575 4018 ad
1636 3965 1949 4034 praesentia,
2022 3981 2144 4035 per-

568 4058 896 4105 scrutemur.

641 4139 974 4211 Lorutusque
1008 4153 1081 4197 est
1112 4143 1369 4197 Dominus
1399 4145 1470 4197 ad
1519 4144 1733 4214 Moysen
1758 4146 1935 4199 dicens
1959 4162 1978 4200 :
2039 4146 2141 4199 De-

468 4225 473 4229 ’
569 4231 703 4285 cimo
741 4236 932 4286 mensis
957 4234 1114 4302 hujus
1142 4235 1353 4302 septimi
1370 4235 1455 4288 die
1486 4238 1847 4304 expiationum
1870 4238 1968 4290 erit
2004 4238 2141 4291 cele-

2242 3070 2593 3149 Sabbatorum
2626 3082 2778 3125 erunt
2805 3073 2969 3125 vobis.
3004 3073 3077 3127 Ut
3123 3089 3222 3142 per
3254 3075 3361 3128 hoc
3390 3076 3785 3149 irttelligibilee-

2244 3148 2550 3233 telligamus
2598 3163 2922 3228 Sabbatum,
2978 3164 3138 3234 quod.
3172 3164 3505 3220 Iudaeorum
3549 3148 3785 3222 eicedete:

2242 3250 2636 3316 inﬁrmitatem,
2669 3253 3127 3321 quemadmodum
3149 3264 3206 3308 et.
3240 3256 3458 3311 Sancta
3482 3271 3786 3313 sanctorum:

2243 3349 2467 3408 propter
2490 3340 2633 3408 quod
2659 3340 2738 3393 eis
2766 3355 2868 3394 nec
2888 3339 3127 3393 Sabbata
3156 3351 3341 3395 erant.
3375 3342 3495 3396 Sed
3522 3353 3577 3397 et
3605 3344 3787 3397 cantiu-

2245 3447 2364 3484 rum
2396 3430 2650 3497 Cantica;
2677 3446 2786 3484 non
2824 3418 3137 3501 intelligunt
3164 3432 3316 3485 enim
3369 3449 3574 3487 eorum
3615 3451 3721 3504 qua
3746 3435 3785 3484 ei

2244 3525 2443 3594 scripta
2466 3533 2594 3577 sunt
2619 3523 2897 3578 virtutem.
2926 3524 2993 3578 Et
3018 3538 3178 3576 omne
3201 3524 3351 3592 quod
3392 3527 3696 3579 secundum
3736 3525 3787 3576 le-

2244 3630 2362 3685 gem
2381 3629 2657 3685 anagogen
2684 3615 2899 3683 recipit,
2925 3614 3029 3668 hoc
3051 3615 3321 3669 excedere
3340 3614 3663 3670 Jnd-xorum
3678 3632 3786 3670 men-

2244 3719 2398 3758 suras
2430 3704 2817 3771 intelligamus.
2848 3701 2968 3757 Jam
3000 3711 3187 3756 autem
3214 3703 3359 3765 vide,
3394 3708 3785 3774 quibusseme-

2242 3790 2404 3844 nibus
2437 3806 2568 3843 usus
2588 3798 2673 3843 est
2697 3807 2708 3841 :
2732 3789 2797 3842 Et
2818 3790 3051 3859 aﬂligetis
3081 3792 3292 3844 animas
3315 3802 3551 3847 vestras.
3582 3796 3671 3847 Di:
3695 3808 3786 3846 esse

2241 3883 2433 3935 mensis
2456 3881 2664 3950 septimi
2687 3898 2718 3933 a
2742 3897 2951 3951 vespere
2984 3898 3147 3952 usque
3178 3883 3249 3935 ad
3290 3899 3577 3952 vesperum
3606 3888 3783 3938 celaen-

2242 3970 2363 4023 bitis
2413 3967 2651 4022 Sabbata
2702 3979 2898 4023 uestra.
2944 3968 3290 4039 Recapitulat
3344 3986 3486 4043 ergo
3521 3974 3785 4027 humilitas

2241 4061 2490 4128 verbum,
2522 4061 2646 4131 quia
2672 4060 2987 4131 frequenter
3011 4062 3144 4116 illud
3161 4062 3422 4118 Christus
3448 4065 3782 4133 docuit,qm:i

2243 4165 2498 4205 coronam
2565 4158 2745 4203 autem
2808 4150 2976 4215 illam,
3048 4158 3105 4204 et
3129 4149 3402 4205 virtutum
3456 4153 3634 4207 basim
3667 4164 3780 4221 λιφε

2243 4235 2670 4301 Subsisteutiam,
2700 4236 2960 4304 apostolis
2982 4237 3285 4293 constituit.
3302 4238 3628 4308 .lnquisitus
3657 4242 3781 4299 enim.

569 4323 842 4387 berrimus,
878 4335 924 4377 et
960 4325 1228 4377 vocabitur
1274 4334 1505 4392 sanctus,
1568 4327 1905 4398 aﬂligetisque
1928 4329 2137 4385 animas
2171 4331 2213 4385 D
2237 4325 2361 4395 quis
2389 4325 2559 4394 maior
2575 4334 2721 4379 esset
2745 4326 2802 4380 in
2830 4342 2998 4397 regno
3030 4328 3323 4393 oculorum,
3356 4333 3647 4401 respondit
3670 4329 3781 4396 τριξ-

567 4425 767 4467 uestras
790 4417 921 4468 ineo
949 4417 1033 4468 die
1084 4432 1219 4469 nono
1268 4417 1519 4471 mensisa
1569 4436 1791 4488 vespere.
1840 4422 2141 4478 Ostendere

570 4503 1014 4572 propitiationem
1047 4506 1208 4560 nobis
1232 4522 1262 4559 a
1320 4508 1561 4573 peccatis
1588 4508 1840 4564 videlicet
1867 4512 2144 4568 liberatio-

568 4608 696 4649 nem
729 4594 784 4647 in
808 4595 1134 4664 humilitate,
1166 4607 1222 4653 et
1250 4587 1541 4654 atllictione
1572 4599 1767 4655 animae
1801 4603 2005 4670 acquiri
2059 4604 2141 4658 le-

567 4683 793 4755 gislator
826 4685 1120 4742 desiderat.
1156 4688 1307 4744 llanc
1329 4700 1511 4745 autem
1541 4705 1701 4761 agere
1724 4706 1755 4745 a
1789 4707 2021 4761 vespere
2042 4694 2138 4748 de-

565 4778 779 4843 bemus,
807 4779 861 4834 id
892 4788 1083 4845 est,ex
1124 4780 1239 4850 ipsa
1267 4783 1611 4851 pmnitentia,
1664 4783 1807 4838 sicut
1867 4784 2132 4855 incipien-

568 4879 649 4924 tes
690 4888 703 4924 :
739 4872 864 4941 quia
918 4882 974 4926 et
1009 4871 1259 4928 Christus
1310 4874 1524 4929 initium
1586 4889 1699 4929 suae
1736 4875 2139 4944 praedicationis

567 4962 945 5031 ptenitentiam
991 4963 1139 5018 fecit.
1170 4964 1275 5018 Sed
1329 4966 1668 5033 poenitentia:
1716 4970 1883 5020 vitam
1937 4968 2136 5022 bonam

565 5053 1025 5122 superaedlﬁcare,
1087 5052 1498 5123 perfectamque
1551 5063 1606 5109 et
1658 5056 1951 5111 virtutibus
1998 5072 2135 5112 con-

566 5154 911 5210 summatam,
934 5158 1158 5199 necesse
1213 5145 1497 5202 habemus.
1554 5145 1621 5200 Et
1662 5156 1949 5217 propterea
2000 5150 2133 5203 sub-

568 5233 738 5288 didit:

636 5323 707 5380 Et
735 5326 958 5396 oﬂeretis
997 5325 1360 5380 holocaustum
1393 5326 1635 5382 Domino.
1664 5327 1827 5383 Omne
1855 5344 1981 5397 opus
2035 5346 2140 5384 non

2239 4431 2441 4485 cunque
2478 4416 2836 4470 humiliaverit
2866 4435 2920 4471 se
2951 4418 3086 4471 sicut
3130 4420 3391 4488 parvulus
3420 4423 3533 4489 hic,
3553 4423 3779 4489 istem}:

2245 4517 2320 4561 est
2347 4509 2404 4561 in
2434 4524 2592 4579 regno
2615 4508 2880 4563 caelorum.
2914 4509 3069 4575 Quod
3093 4520 3272 4565 autem
3309 4513 3453 4567 dixit
3488 4532 3504 4568 :
3538 4517 3584 4569 Δ
3611 4527 3777 4585 rapere

2241 4614 2413 4677 usque
2432 4599 2499 4654 ad
2527 4616 2836 4670 vesperum,
2868 4612 3058 4672 aperte
3091 4603 3329 4658 volentis
3371 4616 3465 4660 est
3489 4623 3697 4677 semper
3717 4622 3779 4659 sl—

2242 4691 2582 4763 perﬂuorum
2640 4702 2695 4747 et
2722 4710 2987 4748 vanorum
3037 4696 3382 4750 vacationem
3416 4702 3651 4754 studeri.
3675 4699 3781 4753 [ait

2244 4784 2505 4838 Dominus
2531 4799 2633 4839 nec
2676 4784 2921 4839 causam‘
2957 4786 3142 4841 dicere
3217 4790 3529 4855 concedit;
3579 4802 3781 4861 praep;

2241 4877 2602 4945 enim,neque
2619 4875 2686 4930 de
2715 4877 2920 4942 tunica,
2938 4893 3115 4946 neque
3137 4878 3204 4932 de
3227 4888 3383 4933 veste
3405 4879 3627 4950 litigare
3646 4880 3708 4941 “,
3725 4886 3781 4931 sed

2237 4979 2347 5020 nec
2365 4967 2605 5036 cogitare
2627 4965 2758 5034 quid
2800 4956 3147 5033 comedatur,
3175 4978 3271 5023 aut
3304 4970 3435 5039 quid
3471 4971 3709 5031 bibatur,
3728 4986 3783 5023 se;

2237 5057 2368 5124 quid
2400 5059 2664 5111 vestiatur
2690 5058 2757 5122 “,
2786 5073 2977 5113 verum
3013 5059 3130 5129 ipse
3189 5060 3417 5124 docens,
3481 5069 3541 5115 et
3567 5062 3783 5118 Sabbatu-

2237 5165 2358 5203 rum
2405 5150 2737 5205 annuntians
2765 5149 3084 5219 Sabbatum,
3144 5153 3198 5207 in
3218 5169 3329 5223 quo
3349 5168 3521 5209 omne
3543 5167 3726 5218 cessat,
3752 5162 3783 5203 Α

2246 5241 2360 5294 sola
2391 5257 2512 5309 qua:
2546 5241 2638 5296 Dei
2667 5251 2813 5306 sunt,
2867 5246 3255 5311 ostenduntur,
3312 5247 3431 5300 sola
3479 5252 3783 5321 porriguntur

2246 5347 2367 5400 quae
2387 5332 2540 5387 utilia
2566 5342 2714 5399 sunt,
2740 5342 2903 5404 atque
2929 5337 3234 5406 expediunt
3262 5338 3488 5394 animae.

640 5519 742 5604 "Ml
773 5519 901 5604 ςξριδ.
928 5538 985 5589 x,
1022 5522 1109 5576 ll.
1187 5521 1437 5578 “Matth.
1470 5539 1547 5590 ιι,
1578 5522 1667 5577 29.
1783 5525 1826 5556 οι
1852 5523 2054 5595 Philip.
2095 5541 2134 5581 ιι

2343 5527 2388 5559 ⁶²
2410 5524 2569 5583 Joan.
2605 5546 2679 5596 vr,
2703 5532 2789 5585 Ξῖ.
2893 5532 2937 5564 ⁸³
2966 5530 3160 5588 Matth.
3192 5550 3356 5604 mn,
3389 5538 3445 5593 4.
3557 5541 3603 5573 ⁸⁸
3639 5538 3787 5595 Haut.

574 5602 649 5654 vr,
666 5590 758 5657 25,
776 5590 866 5644 28.
