3810 6318
43 306 161 369 Ιῐιῖὶῖὶ
232 306 235 311 ⁴

1160 292 1240 351 ΙΝ
1286 288 1724 350 LEVITICUM.
1750 315 1819 330 --
1858 290 2003 350 LIB.
2040 288 2157 353 VI.

3136 295 3275 362 1094

93 422 248 474 Vens.
287 412 472 470 33-56.
513 431 530 463 ι
588 412 654 465 Et
679 410 893 465 locutus
930 414 1015 462 est
1055 405 1316 460 Dominus
1339 404 1407 459 ad
1439 403 1585 474 Moy-
1618 409 1660 465 Α
1690 405 2018 475 initiumque
2064 406 2185 474 ejus
2222 415 2277 459 et
2316 404 2484 460 basis.
2531 402 2749 461 Primus
2820 406 3063 477 quidem,
3128 412 3274 467 δῑυυι

43 527 139 574 ten,
163 508 349 562 dicens
383 523 394 557 :
429 504 677 570 L‘oquere
704 499 829 554 ﬁliis
863 498 1074 552 Israel:
1111 498 1154 549 A
1195 498 1390 565 quinto
1433 495 1587 549 deci-

44 618 112 656 no
139 600 222 653 die
252 596 455 652 mensis
494 594 657 664 hujus
689 590 928 661 septimi,
958 596 1117 644 erunt
1155 587 1305 643 ferias
1331 587 1592 642 taberna-

43 690 263 742 :ulorum
284 693 495 753 septem
519 682 712 736 diebus
744 678 996 732 Domino.
1029 675 1156 730 Dies
1191 676 1409 745 primus
1425 688 1592 729 voca-

43 782 168 836 ritur
200 774 590 832 celeberrimus
613 779 777 840 atque
806 767 1202 824 sanctissimus.
1251 765 1425 820 Omne
1451 779 1592 833 opus

43 871 343 927 servilenon
371 864 601 929 iacietis,
628 872 682 917 et
706 869 916 931 septem
957 858 1148 914 diebus
1209 855 1457 911 oll‘eretis
1488 856 1592 910 ho-

46 969 263 1018 ocausta
297 957 547 1011 Domina.
585 955 706 1009 Dies
727 967 944 1022 quoque
962 959 1193 1005 octavus
1217 949 1323 1004 erit
1350 947 1594 1003 celeber-

43 1052 195 1105 -imus
220 1058 388 1117 atque
409 1043 807 1106 sanctissimus,
840 1051 895 1095 et
941 1039 1186 1095 oﬂ‘eretis
1216 1038 1593 1101 holocaustum

43 1140 278 1194 Domino.
308 1138 403 1191 Est
417 1135 561 1190 enim
586 1142 761 1187 cintus
787 1138 952 1201 atque
980 1131 1228 1185 collecta.
1252 1130 1427 1184 Omne
1456 1143 1596 1198 opus

43 1230 219 1286 servile
244 1242 359 1282 non
387 1224 605 1279 facietis
627 1224 681 1276 in
711 1238 796 1276 eo.
836 1240 855 1272 ›
1270 1236 1277 1243 ρ

94 1321 193 1375 Hic
222 1331 490 1387 usurpare
508 1313 831 1383 sapientiam
866 1312 1050 1367 saeculi
1105 1319 1160 1366 et
1218 1310 1594 1367 transitorium

43 1414 142 1480 rjus
171 1423 359 1470 nosse,
386 1415 440 1460 et
475 1402 794 1473 temporale,
832 1416 942 1454 non
968 1401 1144 1455 solum
1197 1402 1274 1456 ait
1319 1401 1600 1471 legislatu-

43 1519 136 1557 ἐιη
175 1492 509 1572 signiﬁcare,
543 1495 637 1549 sed
655 1502 710 1547 et
736 1499 992 1561 oportere
1043 1491 1262 1545 oculum
1296 1493 1501 1546 habere
1529 1490 1598 1545 ad

43 1593 290 1648 saeculum
322 1588 589 1643 futurum.
615 1581 729 1638 Hoc
773 1597 906 1652 ergo
931 1589 987 1635 et
1040 1596 1137 1651 per
1173 1596 1485 1645 numerum,
1544 1589 1600 1635 et

44 1699 121 1739 per
150 1677 504 1737 tabernacula
528 1664 646 1730 sine
675 1673 854 1742 aliqua
902 1672 1239 1727 dubitatione
1264 1672 1507 1727 invenies
1531 1672 1595 1726 ﬁ-

1691 494 2019 563 principium
2043 494 2097 548 in
2127 494 2347 549 Christo
2376 494 2825 560 converSationis,
2884 504 2939 551 et
2987 500 3272 555 exordium

1693 584 2002 639 futurorum
2035 594 2140 639 est.
2167 584 2402 641 Octavus
2424 596 2628 652 autem,
2660 595 2720 641 ut
2747 587 2838 656 qui
2875 599 3128 656 praesenti
3150 605 3275 644 suc—

1692 677 1840 732 cedit
1891 678 2106 733 saeculo
2135 693 2298 749 quem
2354 680 2619 748 septimus
2663 695 2925 734 numerus
2969 680 3276 750 signiﬁcare

1694 758 1913 823 dicitur.
1943 766 2051 823 Sed
2073 774 2128 822 et
2163 769 2206 822 si
2236 768 2358 838 quis
2375 769 2465 823 hic
2483 769 2623 824 sicut
2642 769 2697 822 in
2745 769 3100 823 tabernaculo
3129 771 3275 825 habi.

1694 863 1793 920 tat,
1819 857 2037 911 etsicut
2075 857 2452 926 pertransiens
2507 859 2793 922 mundum,
2822 858 2909 912 hic
2942 858 3077 913 vivit
3113 877 3128 915 :
3164 860 3274 914 iste

1695 946 1797 1000 etsi
1828 946 2062 1001 necdum
2092 961 2174 1011 re,
2198 955 2381 1000 tamen
2402 946 2479 1001 rei
2513 947 2713 1001 virtute
2742 947 2852 1015 jam
2900 946 3141 1002 futurum
3174 964 3276 1003 sae-

1696 1037 1880 1090 culum
1903 1037 2069 1091 habet
2096 1038 2186 1091 :id
2210 1052 2397 1107 agens,
2448 1038 2591 1108 quod
2614 1053 2792 1107 neque
2846 1038 2913 1092 ad
2983 1042 3272 1094 materiam

1699 1129 1958 1197 pertinet,
1993 1144 2174 1199 neque
2221 1130 2286 1184 ad
2339 1129 2791 1199 inquietudinem,
2826 1132 2971 1200 quod
2999 1132 3144 1188 illius
3194 1142 3281 1188 est

1699 1221 1979 1290 proprium
2015 1230 2239 1290 propter
2262 1222 2406 1289 quod
2432 1229 2489 1275 et
2534 1222 2799 1275 Dominus
2865 1224 3148 1292 apostolis,
3190 1231 3280 1280 ut-

1698 1323 1829 1381 pote
1876 1313 2039 1366 talem
2074 1312 2444 1367 hazreditatem
2480 1312 2804 1383 eligentibus
2846 1315 2989 1379 vitm,
3014 1316 3230 1371 diccbat
3261 1333 3276 1369 :

1700 1402 1936 1472 Regnum
1966 1402 2061 1456 Dei
2089 1405 2233 1456 intra
2265 1420 2354 1458 vos
2380 1412 2454 1456 est
2491 1404 2556 1456 “.
2588 1402 2693 1457 Sed
2726 1412 2782 1458 et
2812 1405 2941 1459 illud
2971 1407 3276 1461 secundum

1702 1492 1843 1547 LXX
1872 1494 2172 1548 notandum
2204 1502 2307 1554 est,
2340 1493 2468 1564 quia
2524 1495 2760 1563 primum
2782 1496 3000 1565 quidem
3030 1497 3279 1552 vocalem

1701 1592 1948 1637 sanctum
1981 1587 2102 1639 sine
2119 1585 2491 1639 additamento
2521 1592 2576 1638 et
2626 1585 2979 1641 distinctione
3036 1587 3284 1642 nomina-

1703 1674 1802 1728 vit.
1827 1672 1902 1727 De
1926 1684 2121 1728 octavo
2145 1682 2328 1728 autem
2354 1674 2597 1728 vocalem
2648 1686 2899 1730 sanctum
2930 1677 3146 1742 dicens,
3184 1678 3284 1731 ad-

43 1785 307 1848 ;uratum;
339 1769 539 1836 Quinta
573 1766 784 1820 decima
839 1763 1106 1833 siquidem
1131 1763 1219 1818 die
1246 1763 1490 1817 inchoari
1519 1762 1602 1816 fe—
1633 1746 1676 1799 Β
1705 1765 1865 1829 didit,
1889 1765 1988 1817 erit
2014 1765 2177 1830 vobis,
2211 1773 2271 1818 ut
2299 1766 2445 1834 quod
2461 1766 2596 1819 dixit
2625 1783 2639 1820 :
2681 1767 2801 1832 erit,
2831 1782 2899 1822 ex
2935 1783 3002 1822 eo
3037 1766 3283 1823 futurum

43 1866 326 1922 stivitatem
359 1858 637 1931 praecepit.
670 1855 751 1909 Ex
801 1863 1009 1924 septem
1051 1862 1234 1908 autem
1257 1862 1313 1907 et
1344 1862 1469 1907 octo
1512 1853 1604 1907 hic

43 1965 111 2013 :st
167 1965 432 2008 numerus
481 1944 837 2017 compositus,
892 1958 1123 2013 quorum
1199 1956 1342 1995 unus
1384 1940 1603 2011 quidem

43 2060 275 2105 araesens
297 2042 578 2105 saeculum,
595 2040 733 2094 alter
745 2045 927 2090 autem
960 2034 1153 2105 ﬁgurat
1170 2033 1436 2089 futurum.
1455 2029 1608 2085 Unde

43 2153 83 2196 ξι
120 2138 473 2195 festivitatem
511 2141 720 2203 septem
781 2130 975 2185 diebus
1002 2125 1367 2183 consummari
1420 2124 1611 2194 praeci—

44 2235 211 2298 iiens,
253 2232 408 2292 .alios
434 2218 624 2282 rursUs
691 2226 811 2280 dies
837 2222 1224 2279 celeberrimos
1273 2229 1433 2293 atque
1482 2234 1612 2272 san-

43 2298 314 2380 stissimos
352 2315 824 2379 commemoravit,
856 2322 912 2367 et
939 2327 1044 2366 nec
1085 2309 1450 2365 dinumeravit
1491 2324 1613 2362 eam

43 2431 155 2471 :nm
206 2421 451 2483 septem,
483 2408 576 2463 sed
610 2406 794 2476 posuit
825 2413 1164 2473 sequentem,
1184 2410 1516 2456 etsemotam
1545 2401 1614 2455 ab

43 2508 177 2571 iliis,
205 2506 353 2558 sicut
391 2503 635 2555 futurum
668 2497 925 2551 saeculum
952 2494 1201 2562 sequitur
1228 2493 1447 2562 quidem
1470 2508 1615 2563 prte-

43 2614 182 2659 .ens,
215 2594 369 2649 aliud
406 2601 585 2646 autem
618 2604 780 2658 quam
810 2588 915 2641 hoc
934 2594 1038 2641 est.
1073 2584 1294 2653 Septem
1317 2600 1448 2655 ergo
1498 2585 1615 2639 die.

43 2705 136 2744 )us
154 2686 510 2742 festivitatem
531 2678 1030 2735 Tahcrnaculorum
1046 2676 1357 2747 appellavit.
1374 2676 1617 2742 Quicun-

43 2796 140 2853 jue
173 2779 328 2834 enim
366 2783 427 2829 ut
458 2770 827 2828 tabernaculo‘
863 2777 1134 2838 praesente
1170 2767 1375 2823 mundo
1424 2767 1617 2836 utitur,

43 2875 122 2929 ilic
152 2870 514 2928 festivitatem
568 2865 622 2917 in
658 2877 725 2917 eo
789 2860 1013 2924 habere,
1076 2868 1132 2913 et
1177 2859 1347 2913 lactari
1398 2868 1622 2930 propter

43 2962 208 3020 futuri
256 2954 727 3027 exspectationem
780 2959 981 3021 potest,
1015 2959 1072 3005 et
1114 2949 1428 3020 quicunque
1496 2950 1618 3015 scit,

1704 1855 2055 1925 signiﬁcaret,
2085 1854 2493 1909 distinctionem
2524 1864 2705 1909 autem
2759 1857 2900 1925 ejus,
2931 1859 3076 1927 quod
3125 1857 3285 1931 dixit,

1710 1946 1873 2007 vobis,
1908 1945 2226 1999 ostenderet
2248 1962 2260 1997 ε
2280 1945 2407 2013 quia
2430 1945 2638 2013 primus
2671 1946 2892 2015 quidem
2923 1947 3175 2003 omnibus
3191 1963 3287 2001 vo—

1706 2037 1841 2090 calis
1862 2042 2153 2090 etsanctus
2200 2046 2306 2101 est,
2349 2036 2477 2105 quia
2528 2051 2721 2090 omnes
2767 2037 2856 2091 hic
2886 2045 2941 2091 et
2961 2037 3078 2092 sine
3103 2037 3294 2093 distin-

1709 2128 1918 2192 ctione,
1944 2126 2013 2181 ad
2040 2126 2548 2190 sanctiﬁcationcm,
2603 2134 2659 2181 et
2677 2127 2744 2181 ad
2789 2128 2930 2182 bene
2972 2129 3288 2195 vivendum,

1709 2226 1766 2272 et
1794 2216 1861 2271 ad
1895 2232 2117 2271 cursum
2140 2216 2471 2272 haereditatis
2502 2217 2809 2272 futurorum
2844 2200 3115 2273 bonorum
3180 2219 3292 2273 Do-
3357 2287 3364 2293 _

1711 2312 1898 2365 minus
1932 2309 2169 2375 vocavit,
2192 2325 2317 2364 nam
2367 2320 2423 2365 et
2452 2311 2569 2369 sine
2593 2311 2700 2366 ulla
2721 2312 3073 2367 distinctione
3094 2312 3292 2383 praedi-

1712 2403 1875 2458 cabat
1909 2421 1920 2456 :
1960 2403 2139 2457 Venite
2164 2403 2235 2455 ad
2259 2418 2339 2455 me
2365 2417 2560 2466 omnes,
2591 2405 2680 2470 qui
2709 2402 2982 2466 laboratis,
3013 2412 3061 2457 et
3090 2405 3293 2458 onerati

1715 2494 1857 2557 estis,
1892 2502 1940 2547 et
1968 2509 2061 2563 ego
2094 2493 2329 2561 reﬁciam
2352 2508 2440 2546 uos
2483 2495 2549 2546 "".
2588 2495 2645 2546 ln
2676 2493 2861 2547 futuro
2884 2502 3065 2549 autem
3082 2497 3295 2551 vocatio

1715 2584 2055 2639 haereditatis
2086 2585 2378 2644 bonorum,
2408 2598 2519 2637 non
2553 2585 2793 2639 omnium
2827 2594 2931 2646 cst.
2965 2586 3059 2640 sed
3077 2601 3290 2652 eorum,

1717 2676 2157 2748 Quipraesentent
2188 2675 2530 2729 vocationem
2597 2686 2976 2746 susceperunt,
3029 2685 3084 2731 et
3112 2678 3296 2733 taber-

1722 2766 2039 2823 naculorum
2068 2766 2439 2832 festivitatem,
2472 2767 2716 2822 scientes
2770 2769 2895 2838 quia
2956 2770 3198 2839 printerit
3240 2768 3299 2824 ﬁ-

1722 2874 1854 2928 gura
1904 2859 2071 2928 hujus
2129 2858 2340 2921 mundi,
2414 2860 2812 2914 custodierunt.
2875 2860 3104 2930 Propter
3149 2863 3297 2932 quod

1722 2951 1868 3004 uobis
1890 2952 2031 3005 dixit
2078 2951 2184 3004 illis
2225 2950 2573 3016 exclamans,
2621 2952 2713 3020 qui
2753 2951 2829 3006 sic
2851 2954 3125 3007 vixerunt.
3170 2953 3297 3010 Haec

44 3054 162 3126 juia
191 3051 240 3106 si
276 3060 498 3104 terrena
522 3045 720 3100 domus
771 3040 1125 3096 habitationis
1157 3040 1320 3110 hujus
1367 3040 1628 3094 dissolva-
1653 3082 1697 3140 ε
1729 3057 1788 3096 se
1814 3043 1889 3097 ita
1931 3042 2152 3107 habere,
2204 3042 2320 3112 ipse
2347 3043 2542 3096 iterum
2572 3042 2848 3097 ostendit:
2876 3044 2967 3114 qui
2995 3045 3143 3099 enim
3208 3046 3298 3101 hic

43 3161 145 3208 ;ur,
171 3138 465 3196 aediﬁcatio
503 3151 613 3189 non
647 3131 960 3188 manufacta
987 3146 1113 3186 eum
1145 3130 1199 3184 in
1242 3130 1396 3185 ctelis
1448 3130 1626 3185 susci-

44 3235 166 3290 Jiat.
199 3230 449 3284 Primam
481 3234 665 3280 autem
720 3232 935 3293 septem
967 3222 1179 3276 dierum
1209 3220 1625 3276 celeberrimam

43 3338 201 3397 itque
231 3319 643 3377 sanctissimam
671 3314 983 3386 appellavit.
1044 3312 1147 3379 Qui
1182 3313 1330 3367 enim
1361 3312 1466 3366 scit
1483 3328 1625 3381 pne-

43 3418 292 3475 tentibus
344 3423 602 3482 tanquam
636 3408 990 3472 tabernaculo
1037 3407 1137 3467 uti.
1176 3405 1349 3475 prima
1377 3406 1516 3468 dies,
1571 3405 1624 3459 id

43 3519 115 3568 3st
146 3507 382 3564 initium
423 3513 480 3559 et
501 3500 830 3573 principium
886 3514 921 3552 a
976 3496 1408 3552 sanctificatione
1463 3511 1628 3551 voca—

43 3606 206 3659 .ionis
244 3596 467 3666 incipit,
501 3601 793 3664 propterea
811 3599 868 3644 et
892 3590 1057 3643 nimis
1083 3599 1489 3657 consequenter
1518 3587 1623 3641 ait:

43 3696 203 3752 Ίηιηε
237 3704 375 3759 opus
393 3684 577 3739 servile
598 3699 708 3737 non
727 3682 951 3752 facietis.
982 3678 1117 3746 Quia
1154 3679 1289 3734 nulli
1333 3679 1391 3733 in
1429 3679 1629 3733 saeculo

43 3784 322 3843 serviunt,
344 3776 438 3847 qui
464 3785 724 3844 tanquam
768 3771 1181 3826 tabernaculum
1223 3777 1280 3823 et
1317 3770 1629 3823 transitoria

43 3896 91 3936 ea
123 3890 257 3947 quae
294 3872 354 3926 in
386 3885 453 3924 eo
482 3876 629 3932 sunt,
666 3865 976 3920 attendunt.
1007 3862 1184 3917 Sedet
1215 3869 1420 3930 septem
1438 3860 1630 3916 diebus

43 3969 371 4024 solocausta
409 3958 594 4014 ollerri
625 3953 909 4026 praecepit,
934 3951 1231 4007 ostendens
1247 3959 1507 4021 oportere
1530 3966 1627 4020 per

43 4067 202 4118 )mne
259 4065 482 4122 tempus
541 4048 838 4119 perfectam
908 4042 1381 4099 conversationem
1451 4041 1628 4111 sequi.

43 4150 274 4221 Quando
334 4158 466 4213 ergo
519 4142 600 4196 sic
648 4144 976 4209 pnesentem
1031 4135 1199 4189 vitam
1233 4133 1624 4203 percurrimus,

43 4260 167 4301 .unc
234 4233 663 4293 celeberrimum
712 4238 875 4298 atque
929 4224 1334 4283 sanctissimum
1376 4232 1627 4277 octavum

44 4338 207 4397 liem,
249 4326 509 4385 seculum
525 4321 781 4377 videlicet
800 4320 1042 4373 futurum
1071 4314 1357 4377 habemus,
1393 4320 1628 4369 vocante

1731 3136 1869 3190 dixit
1897 3151 1911 3186 :
1947 3135 2121 3207 venite
2149 3140 2219 3189 ad
2253 3152 2335 3189 me
2356 3152 2534 3189 omnes
2556 3137 2644 3205 qui
2669 3135 2944 3202 laboratis,
2992 3146 3041 3191 et
3093 3140 3297 3193 onerati

1726 3228 1873 3292 estis,
1905 3236 1954 3281 et
1992 3244 2085 3296 ego
2130 3228 2365 3296 reﬁciam
2390 3243 2501 3290 vos,
2537 3227 2592 3280 in
2627 3228 2868 3297 requiem
2898 3227 3155 3287 videlicet
3207 3230 3297 3284 fu-

1729 3322 1834 3371 turi
1858 3358 1872 3379 ,
1910 3318 1989 3373 sic
2013 3334 2204 3373 rursus
2233 3319 2477 3389 quaedam
2528 3319 2660 3373 dicit
2691 3319 2759 3373 de
2789 3319 2974 3374 futuro
3007 3338 3020 3372 :
3091 3320 3295 3385 Venite,

1726 3410 1980 3463 benedicti
2027 3410 2208 3464 Patris
2240 3412 2358 3477 mei,
2392 3412 2662 3481 “percipite
2721 3428 2936 3481 regnum
2983 3414 3123 3483 quod
3158 3415 3299 3468 vobis

1726 3509 2090 3569 prmparatum
2119 3510 2193 3554 est
2218 3502 2294 3553 ’ἐ
2328 3502 2660 3557 subtrahens
2711 3503 2816 3556 hoc
2864 3503 3009 3571 quod
3064 3504 3298 3573 dixerat,

1728 3607 1905 3646 omnes
1954 3607 1973 3644 :
2034 3592 2160 3660 quia
2218 3592 2372 3645 multi
2434 3594 2642 3662 quidem
2699 3595 2894 3659 uocati,
2969 3595 3129 3662 pauci
3178 3613 3301 3651 uero

1729 3683 1880 3738 electi
1905 3683 1972 3735 ".

1801 3772 1967 3829 Vsus.
1996 3772 2087 3833 37,
2117 3771 2206 3826 58.
2241 3787 2261 3822 t
2299 3770 2391 3826 Hae
2425 3782 2553 3827 sunt
2588 3771 2737 3828 feria:
2763 3773 2999 3844 Domini,
3037 3792 3175 3846 quas
3208 3795 3304 3833 vo-

1730 3865 1928 3920 cabitis
1953 3863 2340 3918 celeberrimas
2389 3871 2556 3932 atque
2581 3866 2977 3932 sanctissimas,
3031 3868 3302 3925 oﬂ'erctis-

1730 3971 1837 4025 que
1878 3955 1936 4008 in
1984 3955 2066 4008 eis
2097 3953 2404 4008 oblationes
2441 3946 2677 4010 Domino
2728 3957 3044 4014 holocausta
3083 3969 3140 4014 et
3171 3960 3306 4014 liba-

1730 4055 1933 4111 menta,
1957 4046 2112 4115 juxta
2144 4046 2308 4100 ritum
2336 4046 2766 4116 uniuscujusque
2790 4048 2916 4109 dici,
2953 4051 3306 4120 exceptisque

1731 4138 1980 4193 Sabbatis
2017 4125 2252 4202 Dbmini,
2277 4136 2544 4206 donisque
2592 4139 2788 4193 vestris
2813 4148 3018 4209 etquae
3062 4140 3307 4196 offeratis

1732 4246 1798 4284 ex
1829 4237 1977 4293 voto,
2011 4229 2092 4282 vel
2116 4244 2239 4298 quae
2261 4236 2456 4296 sponte
2488 4227 2730 4283 tribuitis
2759 4228 3014 4285 Domino.
3064 4250 3084 4283 ›

1800 4320 1933 4374 Vide
1985 4319 2104 4372 illas
2133 4317 2457 4387 apostolicas
2495 4333 2663 4373 voces
2705 4337 2718 4373 :
2774 4320 2991 4392 Semper
3040 4327 3304 4393 gaudete,

43 4442 134 4482 ωε
166 4424 224 4478 in
263 4423 576 4492 prmparata
626 4410 832 4467 sanctis
858 4411 1020 4471 bona,
1068 4423 1135 4462 eo
1171 4406 1262 4475 qui
1315 4420 1416 4461 nos
1462 4413 1516 4460 et
1569 4405 1627 4460 in
1660 4429 1704 4484 ι)
1732 4409 2271 4479 siuejntermissione
2294 4417 2463 4474 orate,
2488 4411 2543 4463 in
2585 4412 2822 4465 omnibus
2858 4415 3063 4484 gratias
3084 4415 3307 4484 agite".

43 4533 138 4572 sae
159 4508 595 4572 conversatione
624 4503 862 4559 vocavit:
915 4516 1041 4555 nam
1069 4508 1126 4554 et
1172 4496 1315 4551 LXX
1336 4498 1415 4552 sic
1441 4498 1631 4553 edide-

43 4616 167 4663 iunt
186 4625 202 4660 :
220 4605 355 4659 Dies
370 4608 586 4654 octavus
603 4594 796 4650 vocalis
815 4600 1029 4647 sanctus
1046 4590 1168 4645 erit.
1188 4589 1340 4644 Tunc
1356 4604 1487 4660 ergo
1507 4590 1635 4646 οσο-

43 4704 213 4755 rimus
240 4695 568 4749 holocausta
588 4688 820 4743 Domino
841 4701 963 4756 qua:
996 4686 1088 4739 hic
1109 4684 1633 4753 prteparavcrimus.

108 4790 208 4844 Est
270 4784 417 4841 enim
475 4790 635 4835 cattus
658 4789 815 4849 atque
839 4777 1078 4832 collecta.
1139 4773 1233 4829 Vel
1267 4775 1410 4830 sicut
1440 4774 1587 4830 LXX
1617 4793 1630 4829 :

43 4883 312 4952 Egressus
345 4882 448 4939 est,
496 4871 622 4942 quia
654 4870 785 4925 hinc
810 4869 1010 4931 exitus,
1056 4867 1166 4922 illic
1203 4866 1470 4921 habitatio
1525 4875 1631 4931 est,

43 4975 184 5029 sicut
213 4969 294 5025 ait
316 4965 581 5031 Paulus:
614 4962 781 5032 Cupio
803 4959 1014 5016 dissolui
1063 4967 1111 5012 et
1141 4973 1252 5012 esse
1320 4973 1438 5009 cum
1477 4956 1636 5010 Chri-

43 5077 121 5120 sto
136 5065 208 5115 ⁸⁸.
238 5060 426 5116 Omne
451 5072 591 5127 opus
617 5056 814 5112 servile
850 5068 961 5109 non
1011 5050 1301 5110 faciemus,
1330 5050 1460 5117 quia
1494 5044 1637 5103 sicut

43 5153 225 5226 angeli
270 5150 370 5202 Dei
428 5158 685 5218 tempore
721 5144 818 5201 illo
871 5143 1097 5201 erimus.
1149 5138 1253 5193 Sed
1280 5139 1465 5194 ethoc
1482 5149 1633 5204 nota,

43 5240 336 5318 quomodo
394 5238 586 5291 eadem
631 5238 699 5291 de
727 5237 908 5306 primo
947 5243 1004 5286 et
1063 5240 1260 5287 octavo
1289 5229 1445 5293 dicit,
1510 5230 1638 5299 quia

43 5329 658 5404 uniusquodammodo
684 5337 916 5396 uterque
950 5322 1165 5379 virtutis
1200 5327 1352 5386 sunt,
1391 5333 1640 5374 resurre-

43 5427 254 5491 ctionis
289 5422 500 5494 quippe
517 5421 634 5476 dies
647 5435 771 5490 quae
793 5426 877 5475 est
906 5415 1210 5474 substantia
1240 5413 1410 5469 futuri
1432 5410 1638 5477 saeculi,

1732 4499 1987 4555 Consona
2027 4497 2284 4554 videntur
2357 4514 2482 4554 esse
2540 4501 2655 4554 haec
2684 4503 3044 4570 praesentibus
3065 4504 3311 4561 Mosaicae

1735 4593 2031 4649 sanctionis
2057 4593 2258 4648 verbis.
2293 4592 2433 4647 Ecce
2483 4592 2629 4648 enim
2660 4594 2987 4650 festivitates
3045 4598 3311 4665 quasdam

1734 4687 2042 4758 praecipuas
2069 4685 2348 4755 legislator
2370 4700 2674 4754 exponens,
2718 4701 2854 4754 quas
2917 4697 2973 4740 et
3017 4688 3310 4742 celeberri-

1737 4795 1856 4833 mas
1890 4786 2055 4846 atque
2090 4784 2306 4830 sanctas
2349 4776 2672 4838 nominavit,
2730 4777 3047 4844 permiscuit
3067 4778 3147 4832 eis
3171 4792 3312 4846 quo-

1740 4872 1942 4927 tidiana
1971 4868 2231 4923 libamina
2256 4876 2310 4920 et
2340 4865 2631 4920 sacriﬁcia.

1812 4957 1913 5011 lla:
1937 4963 2058 5010 sunt
2080 4956 2216 5008 enim
2243 4954 2392 5025 ferite
2425 4954 2638 5007 Domini
2689 4969 2821 5024 quas
2871 4955 3122 5010 vocabitis
3177 4957 3314 5012 cele-

1739 5049 1994 5104 berrimas
2011 5055 2169 5111 atque
2187 5045 2577 5101 sanctissimas.
2600 5044 2668 5100 Et
2694 5061 2821 5101 cum
2876 5054 3156 5123 oporteret
3172 5048 3317 5106 hanc

1737 5149 1834 5193 aut
1857 5138 2002 5192 illam
2026 5137 2230 5203 dicere,
2261 5151 2371 5190 non
2397 5135 2477 5191 sic
2497 5136 2652 5199 dixit,
2688 5136 2781 5191 sed
2813 5136 3055 5192 subdidit
3082 5138 3316 5210 :Oﬁere-

1742 5230 1910 5300 tisque
1938 5229 1995 5281 in
2014 5227 2090 5282 eis
2116 5226 2405 5281 oblationes
2456 5226 2683 5281 Domino
2726 5227 3032 5282 holocausta
3078 5238 3128 5282 et
3180 5229 3316 5286 liba-

1748 5329 1946 5384 menta,
1960 5319 2122 5390 juxta
2173 5320 2334 5372 ritum
2367 5319 2777 5388 uniuscujusque
2815 5318 2940 5375 diei.
2975 5316 3042 5374 Et
3066 5319 3181 5390 ipse
3218 5336 3320 5377 nos

1750 5410 2009 5482 gaudere,
2055 5416 2111 5464 et
2145 5407 2496 5463 festivitatem
2562 5422 2743 5479 agere,
2794 5418 2850 5466 et
2870 5413 2991 5464 sine
3038 5408 3318 5466 intermis-

117 5611 163 5644 sl
196 5603 416 5673 philip,
448 5618 487 5666 ι,
512 5600 605 5658 23,
681 5600 723 5631 “
744 5597 875 5651 Luc.
907 5610 1037 5659 xvii,
1066 5593 1156 5648 2|.
1238 5594 1282 5625 ⁸⁷
1314 5590 1505 5646 Matth.
1534 5587 1727 5657 xt,28.
1809 5585 1855 5618 ⁵⁸
1874 5583 2063 5641 Matth.
2089 5600 2213 5649 xxv,
2246 5582 2334 5638 54.
2410 5582 2454 5616 ⁸⁹
2486 5581 2677 5638 Matth.
2700 5595 2837 5652 xxtt,
2863 5582 2952 5640 l4.
3028 5581 3117 5638 "l
3152 5580 3320 5641 Thes.

45 5698 106 5747 ν.
144 5679 339 5736 16-18.
