3810 6318
618 229 755 295 1095
1797 231 2159 292 HESYCHII
2194 228 2667 290 PRESBYTERI
3611 229 3668 295 liii

615 346 769 402 sione
790 358 949 399 orare
981 343 1112 398 vnit.
1149 341 1264 397 Hoc
1296 351 1531 413 estergo
1557 342 1869 412 quotidiana
1889 343 2099 407 libatio,
2128 350 2183 397 et
2213 348 2258 402 Α
2288 357 2361 396 ηε
2385 382 2402 405 ,
2460 342 2530 395 ab
2586 338 2853 409 operibus
2925 336 3183 392 videlicet
3237 337 3436 390 terrenis
3487 351 3666 394 cessum:

612 436 963 496 sacrificium.
1013 435 1127 489 sive
1181 434 1580 500 holocaustum,
1630 449 1753 504 quas
1801 443 1932 489 tunc
1977 433 2180 491 offerre
2284 433 2421 488 festa
2446 432 2790 487 celebremus
2814 438 3030 499 septem
3053 429 3187 489 dies,
3219 429 3268 482 id
3295 438 3369 482 est
3389 438 3665 485 totamnoura

613 539 925 596 possumus,
956 524 1175 592 quando
1191 537 1419 592 corpora
1451 530 1641 578 nostra
1706 524 1942 579 hostiam
1998 523 2181 577 vivam
2283 527 2477 582 demus
2508 525 2673 580 vitam
2707 524 2765 577 in
2802 522 2991 578 divina
3032 521 3315 576 festivitate
3349 521 3665 577 celebrandum

614 613 728 670 Deo
783 614 1192 668 exhibuerimus
1220 610 1279 666 et
1316 615 1562 669 membra
1605 622 1816 678 nostra,
1865 629 1988 684 quae
2051 620 2182 668 sunt
2280 627 2466 674 autem
2496 618 2668 688 primo
2695 617 2918 687 requies,
2959 624 3011 669 et
3040 615 3125 669 die
3155 623 3325 667 octauo
3345 615 3523 682 requies.

616 725 782 779 super
803 719 1021 769 terram,
1075 706 1608 770 mortificaverimus,
1669 708 1951 777 paratique
2007 706 2183 761 fueri-

616 817 740 857 mus
767 802 844 855 ire
874 802 939 855 ad
1006 799 1313 867 Dominum,
1368 816 1490 855 cum
1542 800 1710 853 Paulo
1753 800 2037 854 dicentes:
2071 799 2185 869 Ego

618 895 758 949 enim
786 893 905 962 jam
934 893 1155 954 delibor,
1185 903 1232 946 et
1279 902 1483 962 tempus
1529 908 1658 945 mea:
1708 891 2045 945 resolutionis
2098 891 2185 943 in-

616 994 725 1040 stat
752 986 818 1039 ".
851 985 1080 1054 PrOpter
1114 985 1215 1039 hoc
1267 986 1476 1040 addidit
1508 1003 1520 1037 :
1570 984 1913 1053 Exceptisque
1947 981 2189 1037 Sabbatis

614 1078 850 1142 Domini,
910 1078 1160 1147 donisque
1201 1078 1407 1138 vestris,
1440 1085 1487 1130 et
1542 1091 1658 1146 qua:
1685 1076 1907 1145 offer-etis
1933 1090 1998 1128 ea:
2050 1084 2187 1138 uoto,

616 1170 700 1223 vet
720 1185 836 1233 qua:
856 1177 1038 1237 sponte
1065 1168 1293 1220 tribuitis
1319 1167 1565 1219 Domino.

691 1261 893 1328 Aperte
924 1259 1055 1311 illud
1080 1259 1321 1321 tradens,
1349 1257 1478 1326 quia
1540 1271 1706 1326 super
1759 1255 2190 1311 declinationem
2242 1258 2249 1265 “

620 1349 911 1411 malorum,
946 1347 1049 1400 hoc
1079 1346 1498 1409 estSabbatum,
1531 1355 1587 1400 et
1632 1362 1799 1415 super
1841 1346 1977 1399 alias
2026 1345 2193 1414 justi-

623 1440 751 1501 tias.
805 1454 940 1508 quas
1006 1439 1119 1492 Deo
1170 1439 1470 1492 secundum
1528 1447 1743 1507 tempus
1794 1436 2192 1506 promittimus,

621 1529 914 1598 aliquando
971 1528 1017 1583 ei
1071 1528 1360 1597 jejunium,
1436 1527 1729 1596 aliquando
1788 1527 2194 1595 possessionum

622 1620 976 1685 oblationem,
1000 1620 1085 1673 vel
1115 1619 1171 1672 in
1213 1618 1472 1688 periculis
1528 1619 1877 1673 venientibus
1900 1618 2079 1681 nobis,
2111 1616 2196 1669 vel

622 1711 931 1765 voluntarie
989 1710 1357 1780 promittimus
1412 1726 1426 1762 :
1489 1716 1778 1778 propterea
1825 1718 2076 1762 votorum
2145 1716 2199 1762 et

625 1812 1053 1874 spontaneorum
1081 1800 1383 1872 quotidiani
1406 1800 1695 1855 ministerii
1752 1801 1864 1855 Deo
1894 1813 2199 1871 atqueper-

624 1894 778 1967 petui
811 1893 1083 1959 sacriﬁcii,
1119 1892 1387 1962 siquidem
1419 1892 1561 1946 aetio
1581 1892 1728 1960 jnsta
1755 1901 1860 1952 est,
1915 1891 2197 1946 debitores

625 2003 837 2052 sumus,
865 1996 925 2041 ut
944 1996 1186 2040 nostram
1218 2000 1435 2039 omnem
1460 1984 1524 2044 ei,
1543 1984 1706 2037 vitam
1734 1983 2052 2047 offeramus,
2110 1984 2200 2038 di-

626 2067 815 2133 centes
846 2076 1305 2147 quemadmodum
1328 2083 1384 2129 et
1415 2075 1612 2128 Paulus
1633 2075 1807 2128 dixit:
1842 2074 1964 2127 Vivo
2018 2084 2200 2129 autem

623 2182 731 2223 non
751 2168 869 2237 jam
903 2184 1017 2237 ego,
1050 2167 1311 2220 vivitvero
1338 2166 1393 2219 in
1426 2178 1527 2218 ‘me
1559 2163 1815 2220 Christus.
1851 2163 2000 2228 Quod
2023 2174 2202 2219 autem

625 2276 766 2317 nunc
790 2261 901 2313 vivo
930 2261 987 2312 in
1016 2275 1194 2325 carne,
1224 2258 1280 2310 in
1306 2257 1408 2327 fide
1436 2257 1548 2310 vivo
1578 2255 1704 2310 Filii
1750 2254 1870 2316 Dei,
1904 2257 1994 2319 qui
2018 2257 2202 2311 dilexit

626 2365 732 2414 me,
764 2358 811 2403 et
836 2349 1055 2402 tradidit
1088 2349 1429 2415 semetipsum
1456 2362 1553 2415 pro
1582 2362 1663 2399 me
1694 2345 1738 2377 ⁷³
1773 2360 1785 2394 :
1820 2349 2204 2416 prepterquod

624 2450 684 2497 et
710 2456 812 2495 nos
839 2440 1038 2495 offerre
1069 2439 1121 2493 ei
1191 2439 1358 2493 vitam
1408 2448 1654 2493 nostram
1707 2445 1951 2507 oportet,
1980 2439 2108 2507 quia
2151 2449 2207 2495 et

627 2528 746 2600 ipse
774 2528 1136 2595 semetipsum
1156 2542 1254 2596 pro
1302 2527 1463 2581 nobis
1485 2527 1702 2582 obtulit.

699 2619 865 2674 Vsus.
897 2619 1082 2672 59-“.
1126 2637 1144 2669 ι
1176 2618 1220 2672 Α
1253 2619 1452 2688 quinto
1478 2619 1695 2674 decimo
1730 2634 1860 2690 ergo
1883 2621 1972 2677 die
2003 2621 2208 2676 mensis

629 2709 870 2778 septimi,
920 2708 1141 2778 quando
1188 2710 1654 2780 congregaveritis
1725 2726 1919 2766 omnes
1998 2712 2208 2767 fructus

628 2806 791 2856 terra:
837 2810 1050 2863 vestrae,
1112 2800 1462 2854 celebrabitis
1513 2799 1678 2855 ferias
1734 2802 1950 2857 Domini
1995 2814 2206 2875 septem

631 2891 845 2959 diebus.
877 2892 970 2946 Die
1001 2891 1176 2962 primo
1233 2901 1289 2946 ct
1318 2892 1408 2946 die
1438 2901 1632 2947 octavo
1661 2894 1769 2947 erit
1799 2892 2119 2962 Sabbatum,
2153 2896 2207 2951 id

2355 708 2474 764 Non
2509 709 2623 778 iam
2668 708 2925 777 septimo,
2972 722 3102 761 cum
3136 720 3354 759 numero
3385 716 3543 773 septem
3565 708 3663 761 diem

2288 803 2641 858 festivitatem
2677 802 2760 872 agi
2803 800 3207 871 proposuisset,
3253 799 3339 852 sed
3363 798 3662 867 octavo,priim

2287 893 2530 963 quidem,
2558 892 2687 963 quia
2721 891 2805 946 his
2834 892 2928 961 qui
2979 890 3273 944 secundum
3302 889 3496 942 litteram
3518 890 3663 959 leguli-

2288 994 2446 1051 nent,
2495 983 2849 1039 festivitatem
2885 982 3172 1038 celebrare
3207 995 3310 1035 non
3351 980 3473 1043 licet,
3497 985 3663 1036 noroeria

2290 1084 2607 1146 segregatus
2658 1083 2744 1130 est
2791 1074 3017 1144 p0pulo,
3071 1072 3162 1142 qui
3212 1073 3308 1127 scit
3332 1072 3474 1141 legem
3508 1075 3663 1127 secum

2293 1163 2548 1232 spiritum
2604 1161 2872 1231 accipere.
2933 1170 2993 1214 et
3049 1168 3294 1214 octavum
3334 1158 3565 1219 honorare,
3592 1176 3661 1227 qua

2294 1250 2533 1305 diximus
2601 1248 2912 1320 signiﬁcare
2980 1256 3312 1302 mortuorum
3372 1247 3655 1300 resunectim,

2294 1340 2566 1407 Secundo,
2598 1341 2725 1411 quia
2755 1355 2924 1394 unam
2962 1339 3215 1393 virtutem
3244 1338 3421 1392 habent
3444 1347 3487 1391 et
3517 1338 3661 1405 primae:

2295 1441 2557 1501 octavus;
2601 1434 2729 1502 quia
2777 1440 3006 1487 octavus
3054 1431 3169 1500 ipse
3237 1420 3393 1484 estet
3431 1429 3584 1498 primus,
3610 1444 3659 1497 qn

2298 1523 2416 1598 ipse
2441 1534 2528 1581 est
2566 1523 2900 1595 principium
2955 1521 3125 1576 futuri
3171 1521 3361 1575 surculi.
3398 1520 3546 1574 Deinde
3568 1522 3661 1587 prius

2300 1621 2437 1682 dies,
2478 1618 2574 1688 qui
2624 1626 2709 1672 est
2742 1616 2958 1670 initium
3002 1614 3161 1668 factm
3204 1610 3659 1683 praedicationisinhr

2301 1710 2626 1766 saeculorum
2682 1708 2927 1778 requiem
2986 1708 3250 1762 continet.
3295 1705 3569 1773 Requiescere
3599 1704 3658 1754 ea

2299 1816 2401 1856 nos
2429 1800 2585 1863 facit,
2607 1814 2732 1855 cum
2761 1814 2865 1853 nos
2890 1813 2921 1854 a
2953 1807 3296 1867 peccatorum
3329 1794 3539 1849 laboribus
3559 1793 3655 1848 libat

2299 1909 2400 1964 per
2431 1893 2638 1948 donum
2667 1891 3022 1960 baptismatis
3046 1891 3200 1960 cujus
3225 1890 3337 1959 quia
3374 1888 3536 1956 ﬁguram
3555 1883 3655 1936 inde

2300 1986 2380 2040 tio
2409 1985 2655 2055 gerebat,
2685 1998 2808 2052 qua:
2840 1990 3112 2037 creaturae
3147 1996 3243 2051 per
3287 1981 3383 2034 Noe
3409 1974 3656 2045 aquarii-itit

2299 2079 2390 2135 vio
2422 2078 2591 2141 venit,
2628 2084 2778 2131 recte
2810 2075 2881 2130 de
2926 2075 3033 2130 hoc
3064 2073 3366 2127 dicebatur:
3399 2069 3476 2121 Hic
3499 2066 3657 2134 requiem

2302 2185 2397 2222 nos
2457 2167 2617 2235 faciet
2641 2165 2707 2218 ob
2758 2164 3005 2218 omnibus
3045 2163 3275 2229 operibus
3322 2154 3657 2220 nostriartdmi-

2303 2261 2442 2329 quiis
2477 2250 2735 2312 manuum
2789 2266 3119 2317 nostrarum,
3151 2262 3198 2308 et
3226 2271 3257 2307 a
3294 2263 3412 2306 terra
3449 2246 3659 2302 crinibus

2306 2351 2564 2405 Dominus
2593 2348 2749 2402 Deus.
2779 2347 3071 2415 Simulque
3097 2346 3293 2415 primus
3308 2343 3424 2405 dies,
3449 2330 3659 2393 exordian-

2304 2440 2504 2497 deiicet
2559 2435 3003 2507 praedicationis,
3057 2432 3312 2505 promittit
3354 2428 3594 2499 posteriorem
3618 2435 3658 2469 r-

2304 2533 2511 2602 quiem,
2573 2544 2736 2600 quam
2768 2537 2999 2583 octavus
3039 2527 3217 2589 habet,
3263 2524 3311 2578 id
3357 2528 3440 2583 est,
3481 2524 3658 2570 monuerit

2308 2620 2663 2688 resurrectio,
2691 2631 2746 2677 et
2782 2636 3018 2692 regnum
3065 2618 3228 2674 futuri
3260 2614 3430 2676 saeculi,
3456 2610 3504 2663 de
3522 2616 3657 2692 πυθΙΡί·

2307 2715 2455 2771 lebat
2484 2713 2653 2768 David
2686 2730 2702 2766 :
2743 2689 3011 2782 Exsurge,
3046 2710 3278 2770 Domine,
3303 2707 3352 2758 in
3371 2700 3534 2771 requiem
3549 2689 3656 2787 tuti".

2296 2804 2448 2870 Quia
2478 2804 2626 2859 enim
2656 2781 2956 2870 utramque
2979 2800 3220 2869 requiem
3238 2795 3469 2852 exordium

2310 2894 2712 2966 praedicationis
2749 2893 3024 2963 possidet,
3054 2891 3176 2945 audi
3202 2887 3320 2958 quid
3347 2883 3520 2954 primum
3537 2876 3659 2929 Christe

630 2991 715 3037 est
744 2983 981 3052 requies.
1018 2981 1370 3051 Sumetisque
1393 2982 1550 3038 vobis
1570 2982 1658 3037 the
1680 2983 1859 3051 primo
1892 2984 2100 3040 fructus
2116 3002 2209 3040 ar-
2237 3007 2279 3067 ς
2312 2988 2555 3042 humano
2589 2985 2773 3056 generi
2799 2982 3153 3055 praedicavit:
3182 2975 3489 3035 Pmuitentiam
3510 2968 3658 3063 agitetu-

630 3068 781 3123 boris
807 3068 1229 3137 pulcherrimae:
1267 3072 1620 3140 spatulasque
1660 3076 1984 3144 palmarum,
2020 3085 2075 3130 et
2126 3091 2214 3129 ra-

630 3173 752 3212 mos
775 3158 905 3229 ligni
943 3157 1237 3212 densarum
1285 3161 1589 3229 frondium,
1634 3176 1685 3220 et
1743 3167 1939 3222 salices
1981 3166 2049 3222 de
2110 3175 2215 3221 tor-

631 3258 809 3313 rente,
843 3259 898 3303 et
919 3251 1234 3306 laetabimini
1270 3269 1452 3309 coram
1488 3256 1715 3312 Domino
1743 3258 1854 3313 Deo
1887 3269 2086 3326 vestro,
2121 3276 2213 3315 ce-

632 3339 1021 3410 lebrabitisque
1055 3344 1458 3401 solemnitatem
1486 3348 1603 3417 ejus
1631 3358 1839 3419 septem
1877 3351 2075 3406 diebus
2116 3368 2216 3422 per

633 3446 838 3486 annum
882 3449 895 3485 :
948 3434 1259 3504 legitimum
1293 3441 1690 3509 sempiternum
1722 3444 1833 3498 erit
1858 3444 1915 3499 in
1976 3460 2212 3516 genera-

633 3524 879 3580 tionibus
916 3527 1130 3583 vestris.
1164 3528 1350 3584 Mense
1382 3532 1614 3601 septimo
1670 3533 1805 3589 festa
1839 3536 2211 3601 celebrabitis,

634 3627 692 3701 et
725 3619 1046 3674 habitabilis
1077 3622 1131 3674 in
1155 3624 1490 3679 umbraculis
1538 3639 1747 3697 septem
1786 3629 2001 3683 diebus.
2024 3628 2215 3684 Omnis

635 3710 731 3779 qui
764 3726 829 3765 cx
875 3726 1073 3781 genere
1107 3722 1190 3767 est
1229 3713 1413 3775 Israel.
1462 3718 1708 3772 manebit
1738 3719 1793 3772 in
1827 3720 2212 3784 tabernaculis,

636 3807 701 3855 ut
725 3801 939 3856 discant
972 3804 1179 3872 posteri
1216 3806 1400 3871 vestri,
1453 3809 1599 3876 quod
1637 3809 1691 3862 in
1724 3810 2093 3866 tabernaculis
2121 3812 2216 3865 ha-

636 3891 812 3947 bitare
844 3893 1066 3947 fecerim
1105 3895 1243 3950 filios
1291 3897 1477 3960 Israel,
1504 3914 1629 3961 eum
1662 3901 1958 3956 educerem
1991 3917 2090 3956 eos
2146 3902 2215 3956 de

641 3989 786 4035 terra
816 3980 1057 4053 Egypti.
1084 3984 1198 4054 Ego
1232 3984 1492 4041 Dominus
1516 3988 1658 4043 Deus
1711 3997 1911 4045 vester.
1944 3990 2214 4045 Locutus-

639 4088 745 4141 que
785 4082 868 4127 est
924 4074 1135 4145 Moyses
1189 4092 1355 4146 super
1383 4079 2102 4157 solenmitatibus’Domini
2149 4081 2216 4135 ad

638 4162 781 4219 filios
803 4166 990 4219 Israel.
1040 4185 1059 4217 ι

2314 3054 2685 3148 propinquavit
2714 3078 2857 3130 enim
2881 3090 3106 3147 regnum
3129 3066 3410 3126 telorum".
3432 3063 3503 3117 Per
3523 3054 3659 3153 ρωὶξεθ

2316 3172 2446 3226 tiam
2475 3186 2506 3224 a
2528 3169 2807 3224 laboribus
2845 3168 2980 3223 vitae
3004 3182 3125 3237 qute
3146 3165 3198 3218 in
3222 3159 3421 3233 peccatis
3450 3162 3522 3211 est.
3541 3156 3657 3214 “(im

2316 3261 2642 3332 praedicans,
2675 3270 2732 3315 et
2763 3274 2921 3329 spem
2962 3260 3019 3313 in
3053 3271 3218 3328 regno
3247 3252 3459 3308 caelorum
3485 3243 3605 3296 tutare
3626 3244 3660 3281 rt

2314 3353 2486 3423 quiei.
2521 3353 2630 3407 Sed
2672 3352 2882 3422 primus
2931 3350 3150 3421 quidem
3176 3347 3322 3401 habet
3344 3335 3659 3408 requiemaprdt

2320 3456 2497 3501 torum
2529 3445 2831 3499 laboribus.
2861 3443 2950 3497 Ah
2981 3458 3047 3497 eo
3079 3449 3270 3500 tamen,
3297 3435 3376 3505 qui
3397 3428 3659 3521 νοωίυεὲέῗ

2316 3536 2670 3607 permdificari
2749 3536 2878 3590 huic
2927 3534 3158 3604 requiei,
3199 3532 3421 3586 virtutum
3459 3518 3657 3607 cperim?

2315 3605 2516 3699 exiget.
2567 3626 2799 3698 Propter
2835 3627 2989 3697 quod
3025 3625 3272 3678 Dominus
3292 3605 3658 3701 dicitzbiid‘ff”

2317 3696 2442 3790 quia
2505 3721 2646 3773 mitis
2679 3696 2818 3774 'sum
2848 3696 2901 3772 et
2949 3716 3157 3772 humilis
3196 3713 3345 3772 corde,
3375 3715 3414 3761 et
3455 3696 3657 3790 irter

2317 3789 2490 3882 quiem
2540 3812 2821 3865 animabus
2848 3811 3118 3865 vestris".
3165 3803 3410 3861 Subinfert
3438 3789 3656 3882 ειυςιιηωξ

2317 3919 2491 3956 meum
2518 3918 2678 3956 suave
2700 3911 2796 3963 est.
2820 3911 2868 3955 et
2896 3918 3032 3955 onus
3055 3915 3216 3955 meum
3244 3896 3339 3949 leve
3356 3886 3528 3981 "illam?
3547 3868 3656 3981 (Et:

2316 4009 2442 4049 cum
2486 3994 2679 4062 requie
2722 3994 3100 4063 Operationem
3145 3989 3375 4043 virtutum
3414 3968 3595 4063 niandﬂlf

2317 4093 2502 4139 autem
2559 4052 2866 4153 legislator,
2933 4098 3056 4139 cum
3116 4077 3420 4136 festivitatem
3473 4052 3656 4153 limi”:

2558 4136 2796 4241 dign-um,
2837 4136 3080 4245 primum
3108 4173 3222 4241 ejus
3252 4166 3375 4223 diem
3395 4136 3657 4245 τειιυίεειρηῗ

709 4254 879 4310 Tutos
905 4274 1005 4313 nos
1031 4259 1307 4329 legislator
1332 4275 1457 4315 esse
1515 4262 1765 4331 prmcipit
1793 4263 1978 4317 saeculi
2016 4263 2210 4331 futuri,
2318 4239 2491 4322 lavit:
2521 4274 2664 4322 tacet
2701 4239 2885 4321 autem
2931 4239 3216 4336 sequentes
3255 4258 3375 4320 dies,
3401 4259 3446 4307 ιιι
3468 4259 3533 4317 Iier

638 4350 698 4400 et
730 4357 1058 4415 prmsentem
1084 4317 1252 4402 vitam
1296 4350 1363 4403 ad
1398 4317 1531 4404 illud
1575 4317 1854 4420 coaptare.
1916 4317 2211 4423 Propterea
2244 4337 2290 4392 Ῑ)
2317 4358 2536 4430 gnificet
2581 4367 2840 4428 oportere
2883 4317 3175 4413 virtdlibus
3220 4361 3407 4421 operam
3442 4342 3544 4396 ἀπθο

638 4450 763 4489 cum
809 4438 1109 4505 compleret
1166 4439 1523 4494 festivitatum
1569 4443 1818 4505 verbum,
1870 4445 2034 4501 iterat
2066 4463 2213 4503 nunc

639 4526 1120 4583 tabernaculorum
1182 4529 1562 4596 festivitatem,
1623 4533 1752 4603 quia
1833 4536 2004 4591 totius
2074 4538 2211 4608 legis

640 4630 850 4672 summa
881 4628 965 4673 est
995 4636 1105 4676 non
1150 4623 1364 4678 inhiare
1410 4626 1790 4694 praesentibus.
1818 4642 1997 4699 neque
2020 4629 2210 4685 adhae-

641 4724 763 4765 rere
795 4713 1046 4777 terrenis,
1080 4716 1175 4770 sed
1198 4716 1340 4771 scire
1370 4717 1497 4788 quia
1525 4718 1779 4789 inquilini
1814 4721 1870 4774 in
1919 4736 1984 4776 ea
2024 4731 2080 4776 et
2112 4737 2212 4791 pe-

639 4803 839 4875 regrini
869 4820 1077 4869 sumus.
1111 4808 1252 4864 sicut
1282 4825 1473 4865 omnes
1504 4820 1688 4881 patres
1718 4813 1916 4868 nostri.

708 4898 753 4948 Α
789 4897 972 4966 quinto
1024 4900 1224 4954 decimo
1261 4917 1384 4972 ergo
1434 4904 1519 4956 die
1562 4905 1754 4958 mensis
1800 4905 2032 4974 septimi.
2081 4903 2217 4960 Esse

639 5001 886 5042 mensem
934 4990 1226 5058 septimum
1274 4994 1703 5062 complctionem
1751 4997 1868 5050 sive
1922 4996 2217 5064 plenitudi-

640 5092 765 5131 nem
796 5087 1105 5149 temporum
1134 5081 1395 5136 diximus.
1444 5083 1680 5148 Quintus
1728 5088 1978 5143 dccimus
2005 5099 2212 5154 autem,

641 5176 830 5231 utpote
872 5185 937 5222 ex
995 5179 1205 5239 septem
1254 5178 1311 5226 et
1367 5183 1494 5227 octo
1543 5184 1803 5232 constans
1842 5180 2212 5250 evangelicam

641 5257 1106 5324 praedicationem,
1152 5276 1276 5331 quae
1334 5278 1402 5317 ex
1458 5266 1718 5333 prmsenti
1771 5267 1880 5322 vita
1937 5279 1993 5323 et
2029 5269 2215 5325 futura

643 5346 912 5412 consistit,
943 5347 1230 5423 significat,
1264 5350 1407 5406 hanc
1435 5355 1978 5425 componenstillam
2002 5373 2215 5428 praepa-

642 5448 792 5494 rans.
819 5439 1050 5506 Quando
1080 5445 1595 5517 congregaverimus
1619 5461 1814 5502 omnes
1856 5448 2070 5505 fructus
2101 5460 2216 5507 ter-

746 5614 790 5648 τι
820 5614 868 5669 u
899 5613 1038 5670 Tim.
1071 5634 1145 5686 ιν,
1175 5619 1228 5675 6.

1329 5623 1373 5655 "
1420 5619 1537 5677 Gal.
1562 5639 1622 5691 ll,
1650 5622 1741 5679 20.
1815 5624 1861 5660 "
1885 5624 2031 5683 Psal.
2052 5642 2211 5694 cxxv,
2233 5627 2287 5682 8.

2308 4415 2386 4505 ad
2438 4415 2693 4505 octavum
2743 4449 2885 4504 diem
2945 4447 3197 4505 transfert
3237 4415 3456 4510 requiem,
3491 4415 3655 4509 om“?

2317 4542 2443 4613 quia
2502 4542 2691 4597 fideles
2738 4550 2795 4597 et
2832 4543 3131 4597 servientes
3178 4535 3271 4607 legi
3309 4531 3406 4590 Dei.
3443 4510 3655 4616 “Em”:

2319 4602 2507 4689 saeculi
2551 4632 2720 4687 futuri
2748 4641 2853 4687 est.
2889 4631 3029 4698 Quid
3076 4644 3198 4700 ergo
3228 4602 3325 4680 nos
3351 4621 3394 4675 in
3421 4623 3501 4671 tota
3519 4602 3655 4700 τῷ*

2319 4725 2450 4788 rari,
2489 4734 2540 4781 et
2578 4725 2722 4780 unde
2750 4723 3009 4779 inchoare
3038 4720 3372 4792 operationem
3393 4697 3579 4793 ulmi”,

2392 4814 2721 4881 Sumetisque
2762 4814 2905 4867 vobis
2952 4814 3035 4866 die
3072 4770 3238 4881 primo
3276 4808 3440 4877 [ηακε
3465 4770 3657 4881 ΜεντίἹῖ

2325 4866 2615 4969 cherrimtz,
2637 4866 2649 4881 Ι
2675 4905 3018 4974 spatulasque
3070 4866 3362 4973 palmarum.
3398 4897 3435 4943 ει
3473 4866 3657 4974 "mf

2325 4996 2611 5052 densarum
2660 4958 2949 5065 friandium,
2998 5005 3049 5050 et
3071 4958 3322 5049 salicesde
3347 4958 3658 5068 torretur“

2324 5090 2510 5143 bimini
2543 5057 2724 5143 eor-dm
2767 5057 2983 5143 Domino
3012 5088 3113 5142 Deo
3140 5092 3312 5144 vestro,
3334 5057 3657 5132 rddraﬁii‘w’

2322 5162 2652 5235 lamnitatem
2698 5180 2812 5249 ejus
2860 5189 3052 5251 septem
3087 5175 3272 5232 diebus.
3297 5165 3422 5236 Quod
3448 5145 3657 5251 0P”"‘°_’_‘_P:

2320 5282 2542 5323 omnem
2595 5232 2763 5324 vitam
2816 5232 3104 5324 virtutibus
3156 5272 3353 5333 operam
3402 5232 3658 5343 “'9'.qu

2321 5316 2594 5415 tum.
2608 5316 2889 5415 ’έῖἷὲηιέζ
2903 5316 3265 5430 nam...
3284 5316 3658 5452 ξξεηοιυιξχξῗξζς

2321 5449 2424 5518 vit,
2470 5448 2588 5519 ipse
2634 5413 2921 5506 numerusl
2949 5462 2998 5506 te
3038 5456 3232 5518 septem
3273 5441 3446 5496 dierum
3470 5413 3658 5487 absim!”

2400 5627 2451 5664 "
2477 5625 2672 5685 Matth.
2705 5644 2789 5717 in,
2822 5630 2881 5686 2.
2957 5630 3000 5664 "
3025 5626 3203 5709 hlatth.
3228 5635 3291 5690 xl,
3318 5616 3391 5674 28.
3475 5577 3651 5651 “ibi”
