3810 6318
106 276 252 345 10οἸ

104 669 256 732 dies,
284 664 638 719 manifestum
672 673 795 718 est:
842 678 1009 732 quem
1041 663 1187 717 diem
1223 662 1480 732 superius
1509 661 1701 730 appel-

102 759 247 814 ‘avit
288 757 521 827 requiei.
574 756 736 810 Nune
782 765 966 810 autem
1026 755 1081 809 in
1139 771 1206 810 eo
1241 755 1453 809 fructus
1487 753 1702 808 arboris

0 842 13 875 ⁵
100 850 499 921 pulcherrima:
524 865 741 905 sumere
768 850 1052 919 praecepit,
1100 849 1220 904 illos
1260 848 1531 907 videlicet,
1565 860 1702 916 quos

0 933 11 965 "
97 945 159 1000 in
194 944 380 1014 primo
424 943 642 998 Psalmo
679 943 852 997 David
885 942 1160 997 cantavit:
1198 940 1263 994 Et
1298 941 1396 994 erit
1442 950 1702 1009 tanquam

0 1030 9 1039 ’
100 1034 316 1105 lignum
346 1043 482 1105 quoa
520 1033 821 1104 plumatum
858 1043 932 1087 est
968 1050 1115 1087 secus
1136 1039 1386 1087 decursus
1414 1047 1700 1102 aquarum,

0 1122 11 1154 ⁵
96 1129 244 1198 quod
284 1128 519 1197 fructum
561 1142 716 1180 suum
760 1125 907 1179 dabit
952 1127 1009 1179 in
1070 1135 1301 1194 tempore
1340 1124 1491 1178 suo"
1525 1143 1539 1178 :
1575 1123 1701 1177 Pul-

95 1208 309 1273 chrum
369 1218 519 1272 enim
560 1218 694 1272 dicit
748 1216 1183 1286 temporancum,
1214 1226 1269 1271 et
1305 1224 1699 1287 opportunum,

0 1298 11 1329 ⁵
97 1310 155 1364 id
189 1319 280 1365 est
308 1310 407 1379 qui
472 1311 526 1363 in
578 1319 828 1379 tempore
885 1318 990 1373 est,
1031 1317 1087 1361 et
1120 1308 1339 1369 virtutis
1374 1307 1702 1378 opportunis

0 1394 3 1425 ⁵
97 1402 461 1473 temporibus
512 1401 816 1473 peragitur,
870 1413 933 1454 ut
980 1400 1300 1454 nullatenus
1342 1401 1397 1453 in
1454 1409 1701 1469 tempore

8 1488 11 1495 ’
90 1494 356 1562 justitim,
390 1492 664 1563 fugientes
689 1505 836 1554 eam.
872 1492 1215 1547 declinemus
1253 1492 1319 1546 ad
1363 1492 1701 1560 compassio-

0 1578 9 1613 θ
94 1600 255 1640 nem.
290 1585 385 1639 Ait
438 1585 625 1640 enim:
681 1584 801 1638 Non
835 1584 1163 1637 misereberis
1219 1584 1443 1652 pauperi
1466 1583 1522 1635 in
1549 1582 1700 1651 judi-

0 1674 11 1707 τ
98 1681 275 1735 cio".
325 1679 467 1747 Quia
512 1689 568 1735 et
616 1680 852 1750 iustitia,
882 1689 938 1733 et
967 1680 1299 1749 compassio;
1330 1689 1385 1733 ct
1415 1680 1700 1748 quodlibet

1275 274 1357 336 ΙΝ
1394 273 1830 336 LEVITICUM.
1855 299 1919 308 --
1953 274 2098 334 LIB.
2139 273 2239 335 VI.

104 392 400 450 dubietate
444 390 747 454 conﬁrmat.
795 388 934 456 Quia
986 404 1118 444 vero
1168 406 1236 444 ex
1287 389 1403 458 ipsa
1440 388 1700 442 inchoare
1731 392 1776 446 Α
1878 384 2035 438 Sume
2062 395 2107 438 et
2135 386 2341 439 salices.
2376 385 2686 441 Secundum
2718 385 2878 447 LXX,
2908 389 3154 454 κλάδους,
3182 409 3380 462 ramos,

0 462 7 497 ἰ
104 487 381 544 debemus
432 482 735 546 vocatione,
795 497 861 536 ex
921 497 1025 552 qua
1089 481 1349 551 praedicta
1381 478 1700 534 esthristi

0 559 11 593 ⁸
104 576 474 647 intelligibilis
523 575 770 644 requies,
831 589 953 644 quae
1008 576 1185 643 prima
1232 581 1318 627 est
1387 572 1702 627 festivitatis

3250 278 3384 345 1098

1805 476 1858 530 id
1886 486 1989 541 est,
2046 475 2419 540 continentia,
2458 476 2703 545 casuque
2749 479 3014 550 conjugii.
3058 480 3206 535 Salis
3235 485 3381 537 enim

1803 569 2195 622 continentiam
2249 567 2541 639 signiﬁcat,
2599 570 2726 639 quia
2783 569 3021 626 fructum
3053 588 3163 628 non
3202 575 3381 629 facit:

1803 658 1941 713 sicut
1999 675 2098 713 nec
2128 659 2497 727 continentes,
2539 664 2630 733 qui
2685 674 2813 718 sunt
2835 666 2949 720 veri
2987 668 3247 735 eunuchi,
3288 658 3382 739 qui

1802 763 2179 806 cassraverunt
2214 759 2272 808 se
2313 760 2539 827 propter
2562 770 2791 826 regnum
2821 758 3107 825 cmlorum,
3138 760 3384 816 fructum

1802 842 2101 911 quemlibet
2161 844 2476 900 s'ensibilem
2536 844 2768 911 faciunt,
2832 849 2899 902 ad
2945 864 3084 919 quos
3114 850 3259 905 Deus
3285 850 3385 923 per

1804 935 1993 988 Isaiam
2054 937 2381 1006 prophetam
2448 936 2621 992 dicit:
2681 937 2800 992 Non
2864 941 3006 994 dicat
3061 946 3327 997 eunuchus
3363 959 3385 997 .’

1802 1024 1939 1091 Quia
1966 1027 2165 1098 lignum
2188 1029 2403 1082 aridum
2425 1045 2518 1099 ego
2543 1045 2697 1084 sum:
2721 1032 2848 1101 quia
2880 1032 3016 1086 dabo
3044 1034 3117 1087 eis
3148 1035 3203 1087 in
3230 1035 3384 1089 (lanio

1802 1133 1942 1179 mea,
1972 1130 2023 1173 et
2058 1122 2117 1173 in
2145 1122 2312 1175 muris
2342 1123 2474 1176 meis
2509 1122 2677 1176 locum
2726 1126 3058 1179 nominatum
3084 1168 3098 1187 ,
3136 1126 3323 1181 melius
3351 1146 3383 1181 a

1801 1210 1929 1278 filiis
1957 1220 2007 1265 et
2033 1213 2264 1282 ﬁliabus,
2313 1230 2500 1267 nomen
2530 1217 2907 1284 sentpite‘ruum
2937 1219 3071 1272 dabo
3107 1212 3265 1274 eis”.
3292 1220 3388 1274 Di-

1801 1304 1976 1358 cimus
2035 1313 2218 1359 autem
2274 1306 2498 1360 Salicem
2539 1304 2732 1376 gerere
2783 1309 3070 1375 orationis,
3117 1326 3222 1366 nec
3272 1317 3405 1367 nou'

1801 1396 2137 1465 paenitentia:
2179 1397 2428 1469 ﬁguram.
2460 1399 2550 1452 Sic
2580 1414 2710 1470 ergo
2736 1410 2792 1455 et
2814 1402 2948 1456 illud
2982 1403 3124 1472 quod
3151 1418 3180 1457 a
3210 1404 3384 1459 David

1799 1482 2007 1537 dictant
2041 1495 2145 1548 est,
2180 1485 2596 1558 intelligam“:
2630 1487 2802 1559 Super
2828 1483 3053 1558 ﬂumina
3072 1491 3380 1563 Babylonis,

1799 1576 1910 1628 illic
1963 1578 2190 1633 sedimus
2239 1589 2289 1634 et
2346 1582 2606 1650 ﬂeuimus,
2659 1582 2786 1636 dum
2848 1586 3250 1639 reeordareinui‘
3290 1587 3384 1640 ‘-‘tni

1799 1665 1942 1720 Sion.
1972 1667 2039 1721 In
2076 1670 2344 1733 salicibus,
2364 1673 2421 1725 in
2452 1675 2625 1727 medio
2648 1675 2763 1742 ejus
2790 1678 3153 1745 suspendimus
3178 1695 3381 1750 organa

97 1772 339 1838 dixeris,
400 1786 557 1826 suum
615 1779 831 1842 tempus
880 1781 1249 1841 uppurtttnttm
1318 1771 1503 1835 habet,
1553 1772 1622 1825 εἰ(

1803 1760 2075 1811 nostra".
2112 1760 2391 1815 οηιιεοιιίε
2420 1763 2590 1827 enim,
2621 1741 2681 1818 et
2718 1766 3060 1834 paenitentiae
3107 1741 3381 1841 tacry'mae.

99 1863 317 1917 Paulus
350 1863 520 1918 dicit:
563 1861 827 1934 Alligatus
863 1878 916 1915 es
967 1862 1163 1915 tutori?
1196 1861 1306 1915 noli
1333 1877 1567 1931 querere
1608 1879 1695 1915 so-
1728 1870 1735 1877 ‘

100 1954 388 2009 lationem.
449 1952 664 2009 Solutus
715 1970 767 2007 es
811 1955 875 2008 ab
919 1954 1126 2009 uxore?
1155 1953 1262 2007 noli
1301 1968 1536 2023 qmerere
1564 1962 1699 2008 uxo-

6 2062 11 2073 *
102 2047 301 2100 rem".
339 2044 405 2098 Et
436 2044 697 2101 Salomon
740 2046 817 2099 ait
845 2062 857 2097 :
894 2046 1079 2099 Ontnis
1110 2045 1187 2097 rei
1218 2054 1421 2114 tempus
1443 2061 1461 2098 :
1494 2054 1697 2115 tempus

101 2136 342 2199 tacendi,
377 2144 428 2189 et
470 2145 674 2206 tempus
704 2135 971 2206 laqnendi,
1020 2144 1222 2204 tempus
1253 2135 1395 2199 belli,
1423 2144 1470 2188 et
1495 2144 1698 2205 tempus

100 2226 256 2293 pacis
275 2225 348 2279 °°:
381 2233 437 2279 et
476 2226 648 2279 multa
682 2226 767 2279 his
799 2224 1019 2279 similia.
1085 2224 1240 2279 Unde
1289 2234 1346 2279 et
1406 2224 1535 2279 Saul
1566 2242 1698 2281 con-

0 2328 5 2345 ’
100 2319 406 2373 demnatus
466 2326 571 2380 est,
602 2316 730 2386 quia
768 2317 915 2388 Agag
964 2327 1116 2371 extra
1157 2327 1374 2386 tempus
1427 2320 1694 2388 pepercit,

0 2420 3 2439 ί
101 2416 161 2461 ει
184 2421 517 2475 compassus
547 2414 652 2471 est,
685 2422 795 2476 quo
824 2417 1070 2477 tempore
1100 2423 1227 2462 eum
1268 2409 1370 2463 hoc
1395 2422 1506 2462 non
1531 2422 1696 2478 opor—

102 2498 262 2553 tebat
294 2497 475 2552 facere
494 2497 538 2529 ⁸⁸
571 2514 585 2551 :
628 2513 733 2553 nec
761 2499 1052 2568 oportebat
1090 2512 1216 2554 eum
1266 2510 1516 2569 parcere,
1571 2516 1698 2555 cum

0 2612 3 2637 τ
100 2590 260 2643 heus
319 2588 577 2658 iussisset
640 2598 812 2643 totum
855 2587 1115 2644 Amalech
1169 2589 1428 2660 disperdi.
1484 2590 1542 2644 Si
1570 2605 1701 2663 ergo

0 2718 3 2729 ,
101 2680 330 2734 fructus
362 2680 575 2734 arboris
606 2680 927 2749 sumpseris,
967 2680 1036 2735 de
1064 2681 1267 2751 quibus
1296 2681 1374 2735 ait
1403 2681 1553 2736 Joel:
1587 2681 1699 2735 No-

0 2792 7 2815 :
101 2773 198 2827 lite
245 2773 434 2827 timere
476 2772 734 2826 animalia
794 2773 1055 2842 regionis,
1107 2774 1232 2843 quia
1273 2774 1700 2844 germinaeerunt

100 2863 346 2931 speciosa
393 2863 601 2927 deserti,
676 2864 802 2933 quia
866 2874 915 2918 et
967 2863 1169 2935 lignum
1221 2863 1405 2918 attulit
1469 2866 1700 2937 fructum

0 2972 5 3005 ε
102 2954 377 3008 suum“:
430 2952 539 3009 Sed
562 2961 618 3008 et
647 2953 869 3010 Cantica
924 2955 1317 3010 Canticorum:
1377 2954 1485 3009 Sub
1513 2957 1698 3010 umbra

1796 1847 1865 1900 de
1894 1849 2090 1916 quibus
2170 1852 2246 1905 ait
2292 1853 2495 1909 Isaias:
2529 1854 2691 1910 -Sicut
2735 1857 2925 1913 salices
2955 1862 3115 1928 super
3160 1868 3383 1928 praeter-

1795 1939 2014 2006 ﬂueiaes
2069 1945 2321 2011 aquas”,
2365 1946 2739 2002 continentem
2798 1952 3211 2008 commistionis
3279 1964 3379 2010 ne-

1795 2032 2087 2084 cessariam
2146 2033 2383 2097 habent,
2442 2037 2494 2091 in
2550 2044 2798 2108 tempore
2857 2056 2966 2112 quo
3022 2044 3377 2102 oﬂieruhtur:

1794 2122 1944 2190 quod
1999 2123 2340 2181 demonstrat
2398 2129 2598 2184 Paulus
2625 2147 2639 2184 :
2668 2131 2844 2187 Nolite
2873 2135 3133 2205 fraudare
3160 2139 3383 2194 invicem

1798 2212 2006 2278 dicens,
2060 2216 2161 2269 nisi
2184 2233 2248 2269 ea:
2294 2234 2545 2273 consensu
2577 2222 2648 2274 ad
2677 2224 2900 2292 tempus,
2936 2237 2993 2280 ut
3013 2231 3229 2284 'vacetis
3253 2238 3347 2286 ora
3368 2262 3381 2273 -

1799 2306 1950 2368 tioni,
2004 2309 2130 2376 quia
2174 2319 2381 2364 castum
2428 2312 2629 2381 oportet
2670 2331 2777 2370 esse
2818 2318 3125 2391 conjugium
3143 2323 3210 2376 ”.
3261 2321 3383 2395 Ipse

1800 2408 1991 2449 rursus
2012 2398 2110 2450 ait.
2136 2396 2501 2454 Salvabuntnr
2526 2414 2706 2457 autem
2731 2421 2824 2473 per
2850 2406 3088 2476 filiorum
3127 2412 3383 2479 procrea-

1801 2486 2013 2551 tionem,
2037 2489 2086 2542 si
2107 2494 2497 2558 permanserint
2526 2495 2581 2547 in
2614 2496 2737 2565 ﬁde,
2762 2507 2814 2551 et
2861 2499 3143 2569 charitate,
3168 2512 3217 2558 et
3256 2514 3383 2559 s’ans
3448 2554 3453 2557 _

1801 2579 2141 2649 ctiﬁcatione,
2194 2600 2310 2638 cum
2361 2587 2646 2643 sobrietate
2666 2590 2731 2647 ".
2767 2590 2833 2646 Et
2865 2591 3062 2648 iterum
3092 2613 3107 2649 :
3143 2593 3382 2652 Honora-

1800 2670 1900 2725 bile
1939 2675 2278 2740 connubium,
2310 2688 2359 2732 et
2383 2678 2563 2733 thorus
2612 2681 3066 2743 immaculatus":
3105 2687 3215 2743 Sed
3265 2688 3383 2746 haec

1800 2763 1871 2818 de
1928 2774 2170 2821 torrente
2227 2782 2467 2839 sumere,
2523 2772 2590 2827 de
2641 2777 2897 2843 praesenti
2965 2777 3216 2837 videlicet
3244 2778 3378 2850 vita;

1803 2860 2020 2910 torrens
2060 2855 2206 2911 enim
2230 2868 2457 2929 prapter
2487 2861 2801 2927 transitum,
2835 2865 2952 2921 sive
2974 2867 3270 2924 decursum
3302 2869 3381 2926 si:

1802 2944 1914 2998 mul
1946 2954 2129 3001 autem
2161 2957 2218 3003 et
2240 2960 2464 3020 prepter
2494 2951 2767 3023 hyemem.
2795 2970 2960 3026 quam
3001 2958 3168 3016 habet
3196 2959 3378 3017 diver-

0 3070 3 3097 :
102 3044 223 3114 ejus
255 3061 417 3115 quam
447 3045 761 3111 desideravi,
789 3045 1038 3102 videlicet
1069 3047 1299 3113 Christi,
1331 3046 1474 3109 sedi;
1504 3057 1553 3101 et
1582 3050 1622 3118 [τ

1803 3049 1984 3091 sarum
2037 3039 2418 3104 tcntatiouum,
2481 3052 2646 3113 atque
2707 3044 3168 3114 tribulationum,
3229 3062 3382 3108 recte

102 3140 222 3188 ctus
258 3134 379 3204 ejus
405 3130 800 3207 dulcis'gutturi
829 3152 941 3191 meo
961 3137 1026 3191 ⁸³.
1053 3135 1493 3192 Pulcherrimum
1516 3154 1693 3201 sume,

0 3264 2 3273 ι
100 3228 289 3282 omnia
311 3230 458 3282 enim
488 3245 611 3298 qua:
648 3230 777 3285 fecit
808 3231 950 3285 Deus
972 3271 985 3296 ,
1023 3240 1078 3285 et
1119 3232 1262 3287 bona
1300 3240 1431 3286 sunt
1462 3232 1516 3285 in
1552 3242 1693 3287 tem—

103 3336 240 3390 pore
269 3336 392 3375 suo.
432 3320 539 3376 Sed
573 3332 630 3376 et
660 3321 861 3378 Paulus
890 3324 966 3378 ait
995 3341 1010 3380 :
1050 3322 1241 3379 Omnia
1280 3335 1455 3378 vestra
1487 3326 1698 3380 honeste

0 3438 3 3473 μ
98 3412 393 3472 secundum
418 3413 646 3466 ordinem
663 3413 945 3481 ﬁantsl'”:
963 3414 1109 3484 quod
1125 3417 1560 3485 Oporteataptari
1584 3417 1695 3469 virs

0 3532 5 3555 ς
102 3511 253 3557 tates
285 3504 515 3572 tempori
549 3504 881 3575 signiﬁcans.
918 3504 1059 3575 Ergo
1092 3505 1303 3560 fructus
1327 3507 1540 3561 arboris
1566 3508 1695 3577 pui-

0 3630 1 3637 η
99 3594 400 3647 cherrima:
432 3633 447 3657 ,

523 3594 897 3663 principaliter
942 3594 1232 3660 Christus,
1279 3596 1491 3651 fructus
1549 3599 1695 3653 illius

99 3685 238 3754 ligni
298 3694 403 3749 est,
439 3686 506 3740 de
544 3690 654 3755 quo
714 3687 765 3740 in
803 3677 940 3741 ls‘aia
995 3687 1202 3742 dictum
1240 3697 1343 3742 est.
1381 3689 1695 3760 Egredietur

97 3777 253 3846 virga
290 3776 357 3830 de
398 3779 575 3831 radice
621 3778 784 3841 Jesse,
839 3793 888 3833 et
929 3781 1026 3848 ﬂos
1067 3780 1130 3834 de
1152 3781 1335 3835 radice
1355 3783 1469 3850 ejus
1506 3800 1693 3838 ascen-

97 3860 287 3921 det“:
341 3864 435 3922 Dei
470 3868 779 3940 genitricis
812 3871 1071 3926 videlicet
1093 3871 1339 3943 virginis.
1378 3873 1690 3929 Secundum

100 3956 273 4011 LXX.‘
306 3953 447 4026 ripae
517 3959 722 4026 fructus
780 3959 1061 4027 speciosus.
1122 3960 1319 4016 Omnia
1382 3960 1529 4017 enim
1575 3963 1691 4033 ipse

2 4092 3 4115 ξ
78 4040 661 4116 'dispensautetupore
691 4058 1024 4117 opportuno.
1065 4049 1120 4104 Si
1153 4058 1335 4104 autem
1364 4051 1569 4121 aliquid
1592 4070 1691 4108 *se-

0 4186 1 4213 1
98 4132 349 4191 cundum
374 4130 723 4213 ejm'mgein;
752 4138 1027 4192 et'zelum
1063 4147 1167 4203 esu
1201 4139 1346 4208 quod
1377 4140 1687 4194 correctum

0 4210 5 4295 μ
99 4229 273 4283 fuerit
319 4220 377 4284 in
416 4210 629 4291 nali-0,?
670 4217 847 4282 au't'in
877 4244 1065 4299 Opere,
1119 4230 1221 4284 hoc
1259 4231 1423 4285 etiam
1479 4230 1690 4287 fructus

0 4370 1 4379 χ
97 4323 388 4392 speciosus
415 4332 563 4376 recte
600 4321 821 4376 dicitur.
865 4324 1095 4377 Sumere
1139 4334 1325 4377 autem
1359 4332 1414 4378 et
1440 4325 1687 4394 spatulas

1799 3127 2136 3195 nominatur,
2192 3130 2264 3187 ita
2304 3142 2365 3188 ut
2413 3131 2583 3191 David
2625 3134 2692 3192 de
2723 3130 2946 3196 Christo
2993 3141 3221 3208 diceret,
3251 3145 3380 3214 quia

1798 3227 1853 3272 et
1907 3220 2022 3289 ipse
2048 3221 2118 3276 de
2149 3226 2353 3279 mundo
2398 3235 2454 3281 et
2482 3227 2603 3298 ejus
2662 3229 3132 3302 tribulatidnibus,
3188 3243 3380 3307 utpote

1797 3311 1991 3368 similis
2014 3310 2173 3371 nobis
2192 3316 2457 3383 eﬂ‘ectus,
2494 3320 2774 3390 gustavit:
2815 3323 2889 3378 De
2922 3316 3152 3382 torrente
3193 3330 3249 3382 in
3291 3330 3383 3384 eia

1797 3404 1941 3470 bibit,
1972 3416 2244 3475 propterea
2282 3394 2537 3463 exaltabit
2568 3412 2808 3480 caput”.
2846 3415 3116 3471 Exaltavit
3141 3419 3289 3473 enim
3322 3420 3378 3474 in

1796 3509 1958 3571 cruce
1988 3496 2259 3564 pendens.
2290 3498 2638 3571 Cruciligitur
2682 3510 2888 3568 autem,
2924 3508 3052 3576 quia
3083 3524 3151 3564 ex
3186 3520 3376 3567 nostro

1795 3594 2040 3642 torrente
2069 3587 2257 3643 bibere
2311 3592 2480 3644 semel
2525 3593 2709 3665 elegit.
2767 3595 2871 3661 Qui
2904 3612 3035 3667 ergo
3078 3598 3195 3655 hac
3239 3604 3373 3673 agit,

1794 3688 2000 3749 septem
2050 3679 2244 3735 diebus
2274 3674 2448 3736 totum
2499 3675 2752 3742 videlicet
2789 3698 3025 3759 tempus,
3072 3691 3242 3748 la:tari
3273 3704 3374 3765 po-

1796 3771 1921 3822 test.
1955 3767 2060 3823 Sed
2106 3769 2275 3823 lmtari
2304 3777 2435 3826 ante
2482 3772 2772 3829 Dominum
2812 3786 2922 3831 non
2972 3779 3290 3851 impiorum,
3318 3794 3377 3839 et

1793 3864 2144 3928 peccatorum
2180 3862 2397 3932 gaudio.
2444 3863 2562 3917 Non
2593 3874 2668 3919 est
2699 3869 2886 3921 etenim
2916 3871 3149 3940 gaudere
3171 3872 3374 3945 impiis,

1792 3949 1917 4002 dicit
1976 3949 2316 4018 Dominus",
2370 3953 2575 4024 quippe
2627 3956 2722 4026 qui
2790 3959 2843 4013 in
2893 3962 3288 4032 voluptatibus,
3321 3977 3379 4022 et

1788 4041 2236 4110 corruptionibus
2265 4043 2617 4101 festivitatem
2650 4048 2877 4115 habent,
2911 4054 3007 4107 sed
3045 4054 3101 4108 in
3137 4053 3375 4112 Domino

1792 4131 2067 4197 ltetamini.
2118 4133 2261 4199 Quid
2319 4143 2503 4191 autem
2558 4126 2860 4197 esteorum
2884 4142 3117 4201 Ι)οωίῆο
3158 4139 3412 4205 iietari?‘

1791 4226 1848 4280 id
1879 4235 1980 4293 est,
2036 4228 2089 4281 in
2137 4244 2203 4284 eo
2237 4232 2484 4297 credere;
2550 4246 2605 4288 et
2649 4250 2747 4305 pro
2779 4250 2845 4292 eo
2898 4240 3031 4309 puti.
3088 4240 3202 4298 Hoc
3228 4245 3378 4300 enim

1788 4315 1983 4375 Petrus
2027 4320 2282 4392 gaudium
2315 4337 2378 4377 ex
2409 4328 2517 4394 Quo
2546 4335 2780 4395 constet,
2832 4326 3194 4390 demonstrat.
3225 4335 3377 4393 Scri-

0 4392 5 4483 ί
100 4416 439 4482 palmarum;-
468 4414 518 4467 id
557 4422 644 4468 est
674 4413 1088 4483 iuvenescentia
1114 4414 1345 4484 iustitia:
1366 4392 1681 4484 genimina:
1719 4435 1762 4490 ι)
1790 4410 1901 4479 psit
1922 4426 2073 4482 ergo.
2108 4411 2212 4466 Per
2237 4413 2397 4483 ﬁdem
2422 4392 2519 4470 iud
2567 4392 2813 4484 salutem,
2857 4420 3109 4491 paratum
3155 4427 3378 4485 revelari

95 4504 279 4560 Justus
301 4500 615 4561 enim'sicut
639 4505 818 4576 palma
855 4505 1140 4575 ﬂorrbit",
1173 4504 1341 4560 David
1381 4506 1535 4561 dixit.
1579 4507 1686 4563 Sed

2 4648 3 4655 η
98 4597 225 4669 quia
250 4598 321 4653 de
344 4596 529 4667 palma
557 4596 697 4650 nihil
726 4606 832 4660 est,
875 4598 1337 4668 quemadmodum
1370 4612 1472 4653 nec
1494 4593 1573 4652 de
1608 4600 1688 4654 eis

98 4689 192 4756 qui
212 4689 367 4758 juste
392 4689 605 4755 vivunt,
642 4690 788 4759 quod
816 4690 996 4759 reSpui
1025 4690 1196 4760 possit
1221 4706 1235 4743 :
1558 4700 1562 4705 ‘

0 4836 3 4855 Ι
96 4819 101 4823 ‹
169 4777 332 4835 Sume
360 4789 412 4835 et
466 4795 643 4835 ramos
674 4780 802 4852 ligni
845 4781 1128 4835 densarum
1168 4779 1687 4852 frondium-Omnes

28 4894 33 4899 λ
98 4870 326 4940 quidem
369 4871 636 4928 virtutum
676 4872 908 4938 fructus,
951 4873 1188 4928 maxime
1238 4880 1422 4930 autem
1474 4873 1691 4928 miseri-
1727 4883 1733 4887 '

30 4992 33 4997 ι
102 4963 376 5020 cordiam:
435 4974 655 5036 oportet
703 4966 852 5020 enim
903 4976 1023 5019 eam
1080 4978 1204 5019 esse
1257 4964 1597 5031 continuam,
1629 4974 1684 5020 rt

28 5069 56 5087 .-
103 5062 536 5117 permanentem,
605 5055 762 5121 Quod
805 5118 813 5121 Α
852 5053 1215 5109 Eecieﬁlastes
1267 5052 1680 5109 commendans.

22 5181 47 5195 -.
104 5136 311 5205 Oleum,
365 5142 562 5213 inquit,
717 5118 891 5214 capite
939 5151 1029 5195 tuo
1058 5157 1163 5195 non
1191 5139 1497 5210 deﬁciar“.
1528 5144 1594 5196 Et
1625 5144 1678 5196 iu

108 5228 450 5286 Proverbiis:
485 5232 607 5287 Non
622 5236 769 5291 dicas
789 5249 808 5287 :
838 5234 972 5288 Vade
1005 5242 1056 5287 et
1096 5242 1352 5287 reuertere
1372 5242 1419 5285 ct
1452 5236 1682 5287 crastino

108 5321 379 5386 dabatibi,
413 5339 532 5379 cum
555 5326 736 5378 statim
761 5325 929 5393 possis
951 5324 1081 5379 dare
1095 5323 1162 5378 ⁸³.

1796 4501 1850 4554 in
1873 4513 2105 4571 tempore
2149 4506 2429 4559 novissimo
2480 4509 2536 4560 in
2592 4525 2695 4581 quo
2724 4512 3052 4582 exsultabis,
3114 4517 3376 4574 modicum

1797 4588 1937 4646 nunc
1971 4594 2017 4646 si
2047 4604 2253 4664 oportet
2297 4598 2608 4652 contristari
2644 4601 2699 4652 in
2720 4598 2887 4657 variis
2919 4606 3376 4675 mutationibus”.

1799 4680 1889 4738 Sic
1942 4686 2369 4741 novissimorum
2405 4686 2715 4759 temporum
2764 4693 2989 4764 ﬁguram
3020 4697 3163 4766 gerit
3201 4689 3419 4768 septi-5

1798 4788 1925 4828 mus
1956 4776 2183 4829 mensis.
2223 4778 2513 4834 Festivltas
2542 4792 2595 4833 et
2626 4782 2883 4850 gaudium
2910 4786 3009 4854 per
3039 4786 3223 4851 fidem,
3256 4804 3376 4857 quia:

1797 4875 1881 4920 est
1928 4865 1982 4918 in
2013 4866 2258 4930 Christo,
2286 4877 2340 4921 ct
2374 4876 2472 4938 pro
2520 4870 2871 4940 pa‘ssionibbs
2925 4875 3044 4943 ejus
3104 4876 3213 4932 Sed
3240 4870 3377 4950 quo-

1796 4958 1958 5014 modo
1992 4958 2134 5015 hanc
2165 4958 2518 5015 festivitatem
2545 4972 2929 5020 consummare
2966 4977 3014 5020 et
3048 4968 3374 5029 concludere

1788 5051 2115 5115 debeamus,
2145 5050 2444 5107 ostendunt
2476 5054 2591 5109 iure
2626 5053 2952 5127 legislatoris
2984 5059 3171 5115 verba.

1858 5142 2317 5213 Celebrabitisque
2342 5146 2678 5217 festivitatem
2712 5147 2828 5217 ejus
2854 5160 3050 5220 septem
3078 5151 3256 5206 diebus
3283 5170 3376 5222 per

1785 5234 2331 5308 annum.Legitimum
2356 5240 2729 5306 sempiternum
2757 5240 2855 5293 erit
2880 5242 2933 5294 in
2956 5244 3373 5311 generationibus

1786 5329 1987 5383 vestris.
2022 5326 2205 5382 Mense
2229 5330 2449 5397 septimo
2490 5331 2622 5400 festa
2654 5331 3001 5401 celebrabitis,
3031 5347 3079 5390 et
3104 5319 3371 5394 habitabi-

209 5460 432 5561 "ni’sali
462 5497 503 5548 ι,
536 5480 591 5535 5.
620 5551 650 5561 _
705 5479 1140 5561 "_‘E§_od.nnm,
1175 5481 1289 5561 3.”
1341 5464 1434 5561 "ala
1464 5476 1622 5561 ζον»

1895 5485 1952 5561 -ξθ
1985 5466 2130 5561 Eccl.
2159 5485 2296 5561 tu._i
2336 5501 2490 5561 seq._
2528 5487 2574 5561 εξ
2606 5487 2621 5540 l
2649 5487 2782 5561 Reg.
2818 5450 2905 5557 xv,
2933 5491 2997 5561 8.
3058 5491 3103 5525 ⁸³
3133 5489 3274 5548 loel.
3309 5514 3368 5561 lt,

108 5545 196 5600 9.9.
264 5547 310 5579 ⁸³
333 5545 580 5615 causa“
620 5551 672 5605 5.
747 5550 865 5582 δυ’
896 5549 1063 5613 lCor,
1090 5566 1200 5613 xw,
1225 5550 1312 5604 40.

90 5616 154 5688 Ϊέ
180 5615 295 5688 ISai.
330 5634 435 5685 va,
461 5623 516 5688 4,
540 5624 594 5675 ξ).
669 5620 711 5652 ’⁸
737 5618 829 5673 Ps.
862 5630 1078 5683 cum,
1115 5621 1161 5682 Ι,
1186 5620 1241 5672 2.

110 5686 154 5717 “
179 5687 263 5743 l‘s.
290 5705 395 5758 cut,
427 5686 510 5746 7(
560 5691 605 5723 ’⁷
630 5689 734 5744 lsa.
764 5705 888 5753 Lvu,
913 5690 1004 5744 2|.
1080 5690 1126 5721 ⁸⁸
1157 5690 1175 5742 ι
1216 5690 1359 5744 Pctr.
1394 5706 1430 5756 t,
1465 5694 1518 5745 ti.

385 5792 659 5847 ι’λτιιοι.
701 5788 817 5845 (in.
855 5782 1066 5847 XCUI.

1391 5553 1437 5581 ’⁸⁵
1477 5550 1576 5604 lsa.
1611 5568 1662 5614 ι,
1692 5553 1738 5604 1.

1817 5554 2037 5630 '_'_l_‘sa_l.
2073 5570 2180 5620 xei,
2373 5557 2598 5630 _§3_Egcl.
2640 5554 2800 5630 “,8.
2893 5554 2945 5594 ’⁸⁸
2979 5560 3140 5621 Prov.
3166 5579 3250 5630 ιιι,
3278 5554 3368 5620 ἓὸξ

1317 5622 1361 5651 ⁹¹
1392 5622 1514 5674 lsai.
1548 5638 1613 5674 sv

1832 5623 1879 5654 ’³
1914 5628 1929 5678 l
1961 5627 2087 5677 (for.
2124 5642 2214 5690 vn,
2241 5624 2293 5681 5.
2369 5627 2414 5657 “
2445 5627 2460 5678 l
2495 5628 2635 5682 Tim.
2672 5645 2731 5694 n,
2760 5629 2811 5685 9.
2890 5631 3123 5689 "llebr.
3163 5622 3282 5703 xui,
3310 5636 3367 5696 4.

2970 5792 3045 5853 35
