3810 6318
168 232 316 301 1101

164 351 263 406 tiae
320 349 608 422 pecuniis,
665 351 752 407 vel
805 353 1154 424 possessione
1209 355 1524 426 perticiatur

163 442 327 498 enim
361 443 524 498 oliva:
550 443 841 508 umbrosae,
869 454 928 500 et
957 445 1253 503 fructuosa:
1292 459 1442 506 recte
1480 451 1774 522 appellan-

167 544 285 590 tur.
339 533 767 590 Lucidissimum
816 547 1023 604 autem,
1052 548 1113 594 ut
1153 555 1264 595 non
1309 557 1410 611 pro
1448 542 1617 614 gloria
1660 544 1765 598 hu-

166 641 341 681 mana
378 627 786 699 eleemosynam
831 628 1116 685 faciamus.
1155 631 1384 702 Oportet
1421 649 1553 704 ergo
1582 635 1762 689 lucer-

163 731 302 770 nam
353 717 502 772 hanc
545 732 765 788 semper
812 720 1065 787 accendi,
1095 731 1250 776 extra
1298 723 1475 777 velum
1510 724 1765 779 videlicet

159 809 431 878 corporis
477 807 727 864 Christi:
768 809 873 866 hoc
918 812 1066 866 enim
1115 827 1238 868 esse
1281 813 1624 886 intelligibile
1671 830 1764 870 ve-

158 897 310 963 lum,
343 915 448 970 per
483 900 651 956 multa
681 902 1049 973 praecedentia
1077 905 1511 960 demonstratum
1551 915 1656 964 est.
1699 907 1762 962 In

158 993 527 1047 tabernaculo
562 1002 746 1049 autem
779 996 1011 1066 (traderis,
1043 995 1162 1052 sive
1193 1006 1252 1052 ut
1285 996 1427 1052 LXX
1457 1001 1762 1066 testimonii,

159 1082 217 1139 id
261 1092 357 1140 est
393 1085 451 1138 in
485 1085 644 1150 oculo,
677 1086 734 1140 in
768 1101 878 1156 quo
909 1085 1157 1143 habitare
1192 1087 1364 1146 Deum
1409 1091 1762 1148 manifestum

157 1187 252 1232 est
286 1193 302 1231 :
338 1187 644 1248 utrumque
695 1195 827 1250 ergo
874 1195 905 1234 a
948 1181 1256 1252 lcgislatore
1297 1183 1501 1241 dictum
1536 1196 1666 1241 est:
1705 1185 1763 1241 Si

159 1271 322 1325 enim
372 1287 723 1342 quascunque
764 1273 1001 1329 facimus
1036 1276 1369 1346 pauperibus
1394 1277 1436 1343 ⁸,
1482 1276 1600 1333 haec:
1641 1287 1762 1333 tan-

158 1375 338 1430 quam
375 1363 483 1417 sibi
516 1362 677 1429 facta,
712 1364 757 1418 is
783 1364 875 1432 qui
919 1375 1145 1433 prepter
1173 1382 1272 1420 uos
1305 1365 1484 1422 factus
1512 1377 1596 1421 est
1627 1384 1762 1436 pau-

157 1467 287 1524 per,
321 1453 584 1523 imputat,
615 1466 762 1510 recte
791 1463 918 1508 ante
945 1471 1142 1524 corpus
1173 1455 1510 1517 Dominicum
1541 1459 1762 1514 lucerna

158 1546 543 1615 clcemosynre
584 1545 912 1610 incenditur,
949 1547 1042 1612 sed
1086 1557 1265 1602 tamen
1297 1558 1350 1603 et
1379 1549 1432 1603 in
1461 1551 1601 1606 coelo
1638 1567 1651 1603 :
1687 1550 1762 1606 ibi

159 1636 320 1689 enim
400 1651 531 1689 suos
581 1636 894 1691 "thesauros
963 1638 1346 1694 misericordes
1414 1642 1757 1724 permittpnt.

160 1722 414 1792 Propter
458 1723 602 1791 quod
653 1725 948 1778 succendat
997 1740 1115 1780 eam
1155 1728 1356 1792 Aaron,
1394 1729 1509 1783 sive
1565 1722 1762 1784 secun-
1791 1751 1834 1806 Β

161 1815 305 1870 dum
365 1812 530 1877 LXX,
570 1822 617 1867 et
674 1814 774 1882 ﬁlii
823 1819 956 1886 ejus.
997 1816 1250 1872 Christus
1301 1818 1482 1883 enim,
1538 1821 1628 1891 qui
1679 1829 1763 1875 cst

162 1923 342 1962 verus
409 1908 690 1972 sacerdos,
751 1925 1054 1979 pauperum
1099 1913 1534 1982 compassionem
1596 1915 1759 1984 cepit.

162 1998 472 2052 Imitantur
524 2008 708 2053 autem
781 2017 942 2067 eum,
1001 2001 1316 2072 quicunque
1376 2003 1496 2071 ejus
1566 2003 1762 2058 lucrari

162 2090 530 2158 adoptionem
569 2091 779 2144 volunt.

241 2180 520 2252 Ponetque
551 2197 642 2234 eas
675 2181 876 2248 Aaron,
905 2183 990 2236 vel
1021 2183 1162 2238 sicut
1193 2183 1332 2238 LXX
1372 2185 1643 2238 incendent
1675 2198 1764 2238 eas

164 2275 386 2335 Aaron,
415 2281 463 2324 et
485 2272 586 2340 ﬁlii
615 2272 729 2340 ejus
754 2289 784 2324 a
807 2289 1017 2341 vespere
1047 2289 1208 2342 usque
1238 2291 1411 2329 mane.
1446 2274 1502 2328 Id
1531 2285 1614 2329 est
1645 2276 1764 2328 sine

161 2363 523 2428 cessatione,
567 2363 693 2431 quia
739 2371 794 2416 et
834 2361 1094 2416 Salomon
1143 2364 1361 2420 dicebat
1409 2383 1422 2419 :
1472 2365 1651 2420 Oleum
1702 2367 1765 2420 de

163 2452 355 2520 capite
395 2461 482 2505 tuo
523 2463 626 2504 non
662 2451 872 2520 deﬁciat
903 2453 945 2517 ⁸,
988 2463 1047 2507 ut
1088 2465 1370 2524 oporteret
1408 2456 1764 2528 eleemosynte

164 2543 464 2599 lucernam
523 2543 816 2598 incendere
876 2545 1137 2600 continue
1193 2547 1511 2613 ostendens,
1558 2558 1612 2603 et
1661 2549 1765 2602 hoc

168 2634 364 2704 ipsum
420 2649 602 2689 coram
652 2634 902 2698 Domino,
935 2637 1077 2720 sigut
1124 2637 1240 2707 ipse
1280 2638 1542 2693 Dominus
1583 2639 1762 2707 dixit;

165 2724 240 2781 Te
278 2734 460 2778 autem
490 2727 712 2795 faciente
769 2727 1168 2797 eleemosynam,
1211 2731 1634 2798 nesciatsinistra
1671 2741 1762 2786 tua

164 2817 303 2886 quid
351 2817 521 2886 faciat
566 2819 777 2872 dextera
834 2829 947 2882 tua,
984 2832 1040 2872 ut
1085 2820 1410 2890 eleemosyna
1451 2832 1544 2876 tua
1592 2824 1660 2876 sit
1709 2826 1764 2878 in

165 2907 505 2975 abscondito,
556 2919 603 2963 et
645 2909 810 2965 Pater
853 2921 972 2966 tuus
1016 2914 1106 2982 qui
1153 2914 1288 2967 ridet
1341 2915 1396 2966 in
1444 2915 1762 2982 abscondito,

167 3000 361 3054 reddet
393 3001 486 3055 tibi
517 3003 581 3056 '°.

1307 235 1868 309 'IN“I.EVITICUM.
1902 270 1969 283 --
2007 245 2154 308 LIB.
2181 245 2316 308 VII.

3307 251 3443 319 1102

1574 379 1590 413 :
1644 351 1765 416 haec
1795 374 1837 429 Α
1865 359 1988 429 ejus
2014 376 2028 414 :
2054 359 2308 415 Christus
2333 359 2479 416 enim
2503 359 2620 431 ipse
2644 359 2840 432 plenus
2865 371 2947 417 est
2973 362 3188 434 spiritu,
3211 365 3400 425 dicens
3428 388 3441 424 :

1867 451 2102 520 Spiritus
2120 450 2340 506 Domini
2366 469 2524 520 super
2555 469 2657 511 me.
2695 464 2908 524 propter
2931 457 3070 526 quod
3095 459 3246 513 unxit
3273 463 3442 516 me".

1868 542 2049 614 Super
2075 559 2236 613 quem
2268 545 2324 598 in
2353 543 2536 614 specie
2574 544 2843 600 columbae
2871 546 2940 602 de
2972 547 3112 602 ctelo
3151 547 3448 607 descende-

1866 637 1977 690 bat.
2008 633 2112 690 Sed
2145 644 2194 689 et
2223 637 2394 706 ignem
2427 636 2543 690 veni
2576 637 2784 692 mittere
2810 653 2966 706 super
2994 648 3213 707 terram,
3243 650 3295 696 et
3333 644 3446 697 volo

1864 737 1922 780 ut
1951 729 2272 782 accendatur
2298 728 2362 779 ".
2390 729 2526 783 Cum
2561 727 2726 796 hujus
2758 728 2996 784 lucerna:
3025 729 3205 801 ignem
3240 732 3447 804 signiti-

1863 823 2046 881 caret,
2099 816 2333 871 dicebat.
2387 817 2524 871 Nam
2579 825 2637 870 et
2683 816 2802 886 ipse
2856 817 2981 873 filiis
3034 819 3150 874 suis
3201 822 3441 885 tradidit.

1864 906 2083 977 quando
2121 905 2402 963 insumans
2442 907 2722 977 apostolis,
2759 908 2972 964 dicebat
3001 925 3015 966 :
3048 909 3284 982 Accipite
3320 913 3442 984 Spi-

1864 1000 2026 1053 ritum
2077 1009 2319 1053 sanetum
2353 999 2415 1052 ⁸⁷.
2454 997 2562 1054 Sed
2607 999 2828 1054 lucerna
2863 999 2967 1054 ista
3007 1001 3166 1056 aliter
3200 1018 3308 1058 non
3358 1006 3444 1058 in-

1864 1085 2134 1153 cenditur,
2165 1085 2270 1139 nisi
2310 1101 2408 1156 per
2438 1085 2604 1139 vitam
2639 1087 2918 1152 mundam,
2947 1096 3004 1143 et
3030 1096 3128 1158 per
3153 1105 3444 1146 tenversa-

1866 1176 2069 1232 tionem
2100 1176 2514 1241 lucidissimam,
2542 1176 2658 1230 sive
2695 1177 2920 1231 claram.
2955 1178 3059 1243 Qui
3095 1190 3274 1235 autem
3319 1185 3442 1237 talis

1863 1283 1974 1322 non
2017 1276 2122 1333 est,
2161 1268 2384 1337 spiritus
2415 1268 2471 1322 in
2510 1283 2576 1322 eo
2619 1270 3018 1340 exstinguetur.
3068 1271 3256 1341 Neque
3297 1277 3442 1329 enim

1863 1360 1979 1413 sine
2025 1376 2188 1414 causa
2235 1360 2433 1414 Paulus
2482 1361 2911 1425 contestabatur,
2967 1361 3227 1433 Spiritum
3285 1368 3446 1421 nolite

1862 1453 2189 1521 exstinguere
2212 1450 2256 1482 ¹⁸
2289 1469 2302 1504 :
2336 1452 2389 1504 in
2420 1451 2578 1506 nobis
2605 1466 2747 1515 esse,
2775 1452 3066 1508 incendere
3098 1456 3216 1524 ejus
3247 1471 3446 1525 opera-

1863 1543 2064 1598 tionem
2092 1553 2149 1598 et
2177 1545 2546 1613 exstinguere,
2573 1552 2669 1597 aut
2695 1544 2980 1600 stu-dentes
3012 1561 3096 1612 ea,
3127 1548 3327 1616 quibus
3357 1548 3445 1603 in-

1862 1633 2154 1699 condatur,
2205 1643 2298 1688 aut
2358 1633 2730 1703 negligentes,
2787 1625 3072 1690 evidenter
3126 1639 3442 1694 ostendens.

1864 1722 2039 1778 Nimis
2075 1738 2207 1792 ergo
2243 1723 2513 1788 ordinate,
2546 1716 2984 1794 quandoquidem
3024 1727 3260 1784 lucernte
3289 1746 3445 1786 men-

1865 1813 2071 1868 tionem
2109 1814 2260 1879 facit,
2290 1831 2398 1870 non
2444 1825 2625 1872 autem
2663 1816 3032 1884 lucernarum,
3069 1821 3196 1889 quia
3225 1823 3294 1877 de
3325 1824 3443 1893 ipso

1864 1913 2053 1959 saneto
2076 1905 2314 1974 loquitur
2339 1904 2565 1976 Spiritu,
2594 1908 2678 1962 sic
2703 1909 2855 1973 dicit,
2881 1919 2938 1962 ut
2968 1911 3191 1967 lucerna
3229 1929 3444 1985 semper

1863 1997 2074 2059 ardeat,
2109 2006 2218 2051 tam
2248 1998 2367 2067 ejus
2391 1999 2751 2054 aeternitatem
2790 2002 3106 2067 ostendens,
3129 2005 3254 2072 quia
3280 2020 3444 2074 spon—

1865 2095 1940 2153 te,
1971 2096 2028 2142 et
2061 2105 2125 2154 ex
2172 2104 2268 2143 sua
2311 2091 2636 2144 auctoritate
2678 2091 3048 2148 succenditur.
3083 2093 3219 2159 Quia
3259 2105 3441 2151 autem
3535 2125 3544 2132 -

1865 2178 2212 2233 lucernarum
2252 2181 2565 2234 memoriam
2602 2181 2751 2245 fecit,
2786 2181 3283 2251 dicitOperationes
3323 2187 3445 2256 Spi-

1867 2266 2026 2320 ritus.
2075 2267 2247 2322 Aiunt
2293 2277 2472 2323 autem
2508 2269 2644 2323 LXX
2680 2286 2692 2321 :
2721 2269 3002 2324 Incendent
3045 2272 3284 2328 lucernas
3320 2287 3444 2331 ante

1867 2356 2152 2423 Dominum
2195 2376 2355 2429 usque
2395 2375 2569 2426 mane,
2615 2361 2720 2414 hoc
2768 2363 3142 2429 ostendentes,
3179 2365 3304 2434 quia
3341 2385 3445 2421 nos
3498 2369 3508 2379 '

1865 2465 2003 2520 Opus
2074 2450 2338 2507 habemus
2410 2452 2710 2506 accendere
2782 2453 3127 2520 operationes
3188 2457 3445 2525 apiritalis

1865 2540 2026 2612 ignis,
2059 2542 2336 2595 materiam
2372 2542 2453 2596 eis
2482 2541 2982 2606 subministrantes,
3011 2559 3074 2597 ex
3115 2546 3314 2614 quibus
3350 2564 3442 2602 ac-

1865 2635 2024 2688 cendi
2067 2635 2199 2688 vult.
2235 2633 2389 2700 Quod
2437 2644 2618 2688 autem
2659 2634 2812 2700 dixit,
2848 2652 3007 2706 usque
3033 2653 3209 2703 mane,
3252 2640 3305 2694 id
3335 2650 3439 2706 est,

1866 2739 2039 2794 usque
2087 2723 2153 2778 ad
2203 2725 2461 2778 saeculum
2507 2734 2821 2789 venturum,
2859 2733 2989 2781 tunc
3035 2742 3144 2782 non
3187 2729 3298 2799 jam
3341 2745 3444 2786 nos

1867 2815 2180 2880 incendere,
2214 2830 2392 2885 neque
2422 2818 2722 2872 accendere
2752 2831 2891 2886 opus
2916 2817 3200 2874 habemus.
3239 2821 3442 2877 Omnes

1853 2907 2013 2962 enim
2058 2907 2262 2962 erimus
2301 2908 2594 2978 spiritales,
2632 2907 2724 2978 qui
2759 2908 2918 2963 nobis
2948 2909 3267 2980 dignitatem
3301 2913 3442 2968 hanc

1867 3000 1922 3052 in
1955 3000 2058 3055 hoc
2083 3000 2282 3056 sarculo
2307 2999 2825 3071 cumparaverimus.

251 3090 416 3144 Hanc
454 3092 617 3163 legem
661 3094 946 3149 habeamus
986 3059 1130 3149 cultu
1178 3097 1388 3168 rituque
1419 3107 1666 3166 perpetuo
1706 3099 1762 3152 in
1788 3094 1832 3154 C
1933 3089 2094 3146 VBBSo
2130 3091 2246 3148 5-9-
2286 3109 2305 3144 ι
2348 3059 2600 3163 Αοᾶερίεε
2632 3108 2848 3163 quoque
2878 3093 3133 3160 Similam’
3164 3104 3218 3150 εί
3239 3110 3438 3166 eoqm?"

166 3185 605 3254 generationibus
638 3188 826 3240 nostris
858 3204 1016 3258 super
1045 3189 1360 3243 candelabro
1394 3192 1758 3246 mundissimo.

169 3274 230 3330 ld
294 3285 386 3330 est
450 3278 815 3347 evangelicatn
884 3280 1390 3356 conversationem,
1461 3284 1760 3337 secundum

167 3367 320 3435 quod
362 3367 473 3432 jam
521 3367 777 3422 diximus.
828 3369 912 3423 Ab
952 3369 1102 3423 omni
1142 3371 1287 3424 enim
1329 3369 1446 3425 haec
1478 3371 1673 3435 ironia,
1705 3380 1762 3426 et

171 3457 453 3526 hypocrisi
498 3459 699 3513 munda
745 3467 850 3519 est.
883 3466 1069 3528 utpote
1110 3459 1362 3514 lucernas
1399 3461 1761 3533 eleemosynte

165 3556 302 3602 ante
339 3547 652 3612 Dominum,
680 3558 734 3603 et
767 3565 876 3603 non
924 3562 1051 3605 ante
1093 3551 1345 3605 homines
1381 3552 1757 3623 incendentes.

168 3637 366 3708 Usque
406 3655 566 3694 mane
595 3650 776 3696 autem
818 3641 1194 3708 incendamus,
1233 3644 1285 3698 in
1321 3645 1575 3713 praesenti
1607 3644 1759 3700 vide-

167 3731 304 3786 licet
355 3730 574 3786 saeculo.
619 3731 850 3799 Quando
895 3735 1041 3788 enim
1093 3749 1254 3789 mane
1305 3735 1541 3790 illuxerit
1590 3736 1758 3791 futuri

169 3821 386 3887 saeculi,
412 3822 521 3891 jam
561 3837 671 3876 non
702 3831 783 3877 est
808 3838 972 3893 super
1005 3833 1222 3893 tempus
1250 3824 1586 3892 operationis
1611 3827 1758 3880 elee-

170 3927 446 3982 mosynte,
495 3912 640 3983 quod
689 3922 877 3982 aperte
925 3913 1194 3985 signiﬁcat
1242 3914 1495 3969 Salomon
1525 3915 1754 3970 dicens:

167 4000 253 4056 Ne
283 4003 432 4055 dicas
467 4002 638 4055 amico
668 4012 758 4055 tuo
789 4019 808 4054 :
842 3990 998 4066 Vade,
1040 4011 1088 4056 et
1130 4014 1404 4063 reuertere.
1443 4013 1490 4057 et
1530 4004 1759 4068 crastino

167 4087 310 4142 dabo
343 4089 459 4148 tibi.
489 4105 607 4141 cum
651 4089 830 4142 statim
864 4089 1031 4158 possis
1071 4091 1218 4153 dare,
1253 4093 1416 4144 nescis
1456 4094 1594 4146 enim
1633 4096 1759 4165 quid

167 4178 358 4246 pariat
409 4188 786 4245 superuentura
835 4179 944 4232 dies
982 4180 1045 4231 ¹¹.
1083 4179 1136 4233 Id
1171 4187 1272 4243 est,
1305 4180 1522 4246 festina,
1557 4191 1611 4237 et
1647 4197 1757 4236 non

168 4268 419 4333 diﬂ‘eras,
452 4283 521 4323 ne
552 4267 690 4322 forte
725 4269 1014 4324 deduearis
1045 4269 1098 4323 in
1129 4269 1283 4336 locis,
1316 4271 1371 4324 in
1401 4271 1600 4340 quibus
1627 4288 1756 4344 ope-

1863 3190 1928 3230 ex
1973 3190 2036 3230 ea
2065 3177 2348 3232 duodecim
2384 3194 2572 3248 panes.
2607 3181 2698 3248 qui
2744 3181 2943 3251 singuli
2979 3183 3256 3239 habebunt
3301 3185 3440 3240 duas

1862 3261 2116 3318 decimas.
2159 3263 2400 3332 Quorum
2431 3281 2592 3321 senos
2641 3267 2962 3326 altrinsecus
2999 3287 3166 3340 super
3192 3288 3437 3330 mensam

1861 3354 2208 3422 purissimam
2249 3372 2431 3412 coram
2460 3357 2690 3413 Domino
2720 3367 2943 3423 statues,
2977 3370 3034 3415 et
3063 3378 3232 3432 pones
3276 3380 3441 3435 super

1861 3457 1956 3496 eos
1984 3445 2110 3500 thus
2141 3447 2556 3510 lucidissimum,
2589 3456 2648 3504 ut
2675 3449 2743 3504 sit
2777 3451 2932 3520 panis
2955 3451 3010 3506 in
3041 3456 3436 3512 monimentum

1861 3532 2147 3588 oblationis
2178 3535 2408 3590 Domini.
2439 3536 2541 3592 Per
2576 3537 2786 3608 singula
2815 3537 3050 3595 Sabbata
3081 3543 3439 3600 mutabuntur

1803 3625 1806 3629 ’
1861 3639 2044 3679 coram
2069 3625 2318 3692 Domino,
2343 3629 2578 3698 suscepti
2601 3646 2630 3682 a
2661 3630 2782 3686 filiis
2807 3629 2972 3686 Israel
3003 3631 3208 3690 foedere
3234 3637 3440 3707 sempi-

1863 3719 2040 3779 terno,
2089 3725 2356 3788 eruntque
2401 3721 2580 3773 Aaron
2619 3726 2675 3775 et
2722 3719 2956 3775 filiorum
2986 3722 3126 3793 ejus,
3163 3732 3224 3780 ut
3253 3741 3438 3781 come-

1861 3805 1992 3860 dant
2022 3821 2115 3860 eos
2144 3807 2202 3862 in
2247 3818 2434 3864 sancto
2475 3810 2616 3876 loco,
2669 3812 2796 3882 quia
2836 3822 3083 3868 sanctum
3123 3823 3436 3872 sanctorum

1864 3907 1946 3951 est
1975 3897 2042 3952 de
2079 3899 2346 3955 sacrificio
2369 3901 2582 3957 Domini
2609 3901 2733 3972 jure
2759 3913 3078 3973 perpetuo.)

1933 3987 2099 4068 Vocat
2121 3989 2188 4045 ad
2214 3981 2727 4062 contemplationem
2753 3995 2992 4050 mandati
3040 4010 3143 4052 nos
3187 3997 3306 4067 ipse
3333 4014 3434 4072 pa-

1859 4095 1991 4134 num
2035 4066 2315 4144 numerus,
2349 4083 2442 4137 sed
2481 4092 2534 4136 et
2585 4084 2882 4155 propositio
2911 4103 2923 4138 :
2953 4095 3005 4141 et
3049 4088 3176 4158 quia
3212 4066 3354 4146 non-
3380 4100 3437 4146 et

1859 4169 2024 4240 ipsos,
2060 4173 2515 4240 quemadmodum
2551 4189 2613 4228 ea
2645 4189 2765 4243 quae
2809 4184 2936 4230 sunt
2963 4175 3032 4231 de
3059 4178 3437 4250 sartagine..et

1858 4261 2134 4325 craticula,
2182 4269 2236 4315 et
2289 4261 2524 4327 clibano,
2573 4264 2946 4340 holocaustum
3007 4265 3125 4322 ﬁeri
3169 4269 3432 4342 praecipit,

169 4359 283 4414 rari
320 4369 539 4430 tempus
570 4374 680 4413 non
728 4359 918 4424 habes,
954 4361 1048 4416 sed
1099 4361 1342 4417 rationes
1382 4362 1492 4417 illic
1529 4379 1735 4421 necessc

1864 4353 1954 4406 sed
1991 4353 2115 4422 poni
2148 4352 2369 4435 quidem
2407 4354 2463 4408 in
2497 4369 2684 4410 mensa
2720 4356 3066 4422 altrinsecus,
3099 4368 3156 4414 et
3185 4360 3314 4416 solis
3339 4376 3436 4417 eos

168 4451 240 4504 sit
269 4421 521 4504 reddi-de
551 4450 637 4505 his
659 4466 781 4520 quae
811 4421 1135 4521 hic-operati
1165 4452 1451 4508 fuerimus.
1481 4451 1735 4510 Prtetere:

1864 4421 2020 4498 licere
2062 4421 2454 4508 sacerdotibus,
2483 4461 2594 4500 non
2626 4454 2682 4502 et
2716 4445 2915 4502 Levitis
2942 4421 3126 4516 edere,
3159 4458 3220 4504 ut
3252 4458 3432 4508 tamen

168 4540 258 4594 his
277 4543 518 4595 salutare
548 4549 765 4610 tempus
792 4549 875 4595 est
895 4541 1219 4612 legislatoris
1242 4544 1599 4611 intellectum,
1621 4561 1735 4600 can-

1864 4543 1913 4589 et
1942 4536 2008 4589 ab
2042 4536 2172 4607 ipsis
2210 4537 2264 4590 in
2296 4536 2415 4592 loco
2442 4547 2630 4594 saneto
2658 4540 3033 4614 comedantur.
3065 4540 3170 4596 Sed
3212 4550 3267 4596 et
3307 4544 3434 4612 quia

0 4661 12 4700 ς
168 4632 453 4686 delabrum
473 4632 1117 4703 mundumquidcm’quia
1136 4644 1404 4703 peccatum
1427 4650 1529 4687 ηοη
1548 4636 1754 4701 habuit,
1861 4635 2108 4680 sanctum
2151 4635 2462 4682 sanctorum
2514 4629 2769 4698 appellati
2819 4639 2963 4695 sunt,
3027 4632 3267 4702 intellige
3311 4649 3432 4702 (μικ
3479 4715 3488 4722 ’

0 4757 12 4796 ρ
171 4737 264 4776 nec
289 4723 443 4776 dolus
470 4724 704 4776 inver‘us
729 4737 799 4777 est
825 4725 879 4776 in
902 4741 990 4777 ore
1011 4725 1123 4794 ejus
1141 4727 1204 4778 ⁸³.
1232 4725 1628 4780 Candelabrum
1658 4742 1735 4780 ait

1864 4719 2136 4772 dicuntur.
2164 4720 2322 4773 Dabit
2352 4719 2496 4772 enim
2525 4721 2618 4774 tibi
2649 4721 2911 4775 Dominus
2933 4722 3286 4776 intellecmm.
3317 4723 3430 4778 Me-
3477 4719 3503 4799 ί,

0 4853 10 4888 ν
171 4814 444 4883 tem,quia
469 4817 580 4881 ipse
599 4815 866 4868 esttamen
888 4833 1064 4869 verum
1087 4817 1244 4887 ,quod
1263 4816 1530 4870 illuminat
1552 4833 1756 4871 omnem
1865 4818 2050 4862 ῐηθηῐο
2089 4809 2328 4879 mysticae
2379 4825 2603 4869 mensa.
2658 4809 2725 4861 de
2765 4825 2868 4876 qua
2915 4811 3049 4863 ηυΠί
3103 4828 3431 4880 Praesume"!

170 4906 432 4959 hominem
463 4907 750 4960 venientem
788 4909 843 4958 in
880 4908 1017 4960 hunc
1057 4908 1311 4960 mundum
1343 4907 1407 4960 “.
1447 4906 1622 4977 Super
1649 4909 1735 4961 hOt

1864 4875 2196 4980 praeceptum
2225 4907 2328 4960 est,
2376 4907 2600 4969 excepto
2645 4875 2965 4968 intelligibili
3013 4875 3216 4964 Aaron,
3257 4903 3308 4957 id
3349 4913 3431 4960 est
3478 4875 3507 5002 ξ

0 5695 8 5732 l

173 4993 482 5050 incenditur
527 4997 772 5060 lucerna,
815 4997 1049 5067 Spiritus
1098 5007 1342 5061 sanctus,
1373 4996 1563 5067 igneus
1605 5000 1750 5052 enim

176 5091 260 5136 est
286 5085 605 5150 substantia,
635 5096 689 5142 et
718 5085 1060 5158 operatione,
1092 5084 1236 5138 unde
1269 5084 1322 5136 in
1354 5085 1535 5152 specie
1563 5083 1752 5153 ignea-

179 5187 299 5226 rum
331 5173 636 5245 linguarum
678 5194 840 5248 super
871 5176 1165 5245 discipulos
1193 5175 1476 5229 descendit
1507 5175 1567 5228 ".
1613 5175 1752 5230 Hinc

178 5265 530 5333 purissimum
571 5269 749 5322 oleum
801 5268 1021 5331 offerre,
1058 5267 1108 5320 id
1151 5275 1236 5321 est
1277 5266 1440 5319 vitam
1494 5264 1750 5318 mundam

179 5355 486 5412 debemus:
523 5359 778 5424 scientes,
809 5363 932 5430 quia
983 5375 1090 5412 non
1139 5358 1381 5412 omnium
1431 5365 1512 5410 est
1563 5356 1752 5409 inccn-

180 5446 306 5499 dere
337 5447 488 5512 illud,
511 5449 605 5502 sed
635 5449 804 5503 solius
833 5449 1181 5519 intelligibilis
1208 5451 1406 5511 Aaron,
1433 5456 1488 5501 et
1518 5447 1748 5500 filiorum

251 5600 271 5631 ³
305 5600 492 5655 Matth.
524 5619 650 5669 xxv,
677 5603 765 5659 ιο.

185 5664 228 5698 ⁸⁵
257 5669 377 5726 Act.
413 5690 471 5737 ll,
500 5673 552 5725 5.
635 5664 711 5705 ’⁸⁷
745 5675 843 5727 lsa.
872 5688 982 5736 Ltti,
1016 5675 1066 5725 l.
1179 5673 1220 5702 "
1244 5672 1374 5726 Luc.
1406 5684 1502 5737 xu,
1525 5671 1614 5725 49.

878 5603 898 5633 ⁹
928 5601 1073 5657 Eccl.
1103 5620 1176 5664 ix,
1204 5603 1256 5656 8.
1335 5601 1380 5632 ¹⁰
1414 5599 1606 5654 Matth.
1649 5613 1724 5658 vt.
1747 5598 1800 5652 5.
1836 5598 1889 5650 4.
1981 5598 2153 5648 “Pro

878 5688 982 5720 ut-
1016 5675 1066 5720 t.
1179 5673 1220 5702 η
1244 5672 1374 5720 Luc.
1406 5684 1502 5720 xii.
1525 5671 1614 5720 49.
1728 5666 1947 5720 "Joau.
1969 5681 2055 5720 xx.
2088 5667 2157 5718 22

1817 5003 1820 5006 λ
1857 4977 2123 5044 Christo:
2157 4989 2274 5058 ipse
2319 4989 2463 5042 enim
2509 5005 2628 5043 eam
2677 4989 2885 5059 primus
2938 4991 3171 5046 initiavit
3214 4995 3430 5060 :setlet
3485 4977 3499 5006 Ἰ

1859 5082 1983 5136 filiis
2025 5081 2163 5151 ejus,
2203 5081 2294 5151 qui
2336 5081 2404 5135 ab
2447 5097 2511 5137 eo
2554 5081 2680 5138 facti
2710 5091 2837 5139 sunt
2879 5082 3105 5149 Christi,
3152 5093 3206 5140 et
3243 5086 3423 5155 induti

1858 5183 1987 5228 sunt
2011 5190 2076 5228 eo
2103 5190 2115 5226 :
2139 5189 2299 5243 quam
2333 5181 2510 5228 tamen
2536 5175 2821 5238 comedere
2851 5175 2904 5228 in
2935 5175 3053 5229 loro
3080 5184 3266 5232 sancto
3287 5177 3423 5247 jussi

1859 5273 2004 5319 sunt.
2053 5263 2148 5319 Est
2192 5282 2319 5318 vero
2347 5274 2401 5318 et
2429 5273 2674 5320 sanctum
2719 5277 3052 5330 sant-torum,
3095 5277 3155 5323 ut
3183 5271 3425 5325 sanctiﬁ-

1860 5353 2127 5408 cationem
2175 5355 2411 5408 habeant
2446 5346 2810 5424 praecipuam,
2855 5366 2908 5409 et
2960 5357 3422 5428 indespicabilem.

1859 5445 1940 5497 Illi
1970 5461 2137 5512 panes
2166 5460 2231 5500 ex
2267 5446 2476 5498 duabus
2503 5445 2747 5510 decimis,
2781 5447 2871 5500 Dei
2897 5447 3039 5502 enim
3079 5459 3134 5502 et
3168 5451 3422 5513 hominis,

1981 5598 2021 5628 ¹¹
2049 5595 2209 5648 Prov.
2237 5612 2316 5651 ιιι.
2349 5596 2438 5649 ‘28.
2518 5597 2560 5628 ¹²
2585 5597 2727 5651 Petr.
2765 5614 2804 5658 ι.
2835 5599 2923 5653 22.

3037 5601 3080 5633 ³³
3099 5599 3253 5656 Joan.
3297 5618 3334 5668 ι,
3368 5603 3420 5657 9.

2293 5665 2374 5717 "l
2405 5665 2599 5720 Thess.
2627 5683 2681 5732 ν,
2721 5667 2804 5722 i9.
