3810 6318
408 225 573 289 ’1103

1620 218 1981 279 HESYCHII
2023 208 2497 279 PRESBYTERI

3586 171 3729 260 '11:;

416 349 563 397 sunt
582 338 825 410 ejusdem
850 339 911 392 in
937 347 1168 407 utroque
1186 334 1452 405 perfecti,
1484 342 1764 405 ponuntur
1790 333 1909 389 seni
1939 334 2011 387 al-
2040 345 2084 398 Α
2113 345 2267 385 suam
2292 342 2415 384 esse
2442 340 2706 389 mensam,
2734 332 2790 379 et
2830 324 3216 410 testamentum
3244 326 3420 410 suum
3451 324 3715 369 :rterneu

434 431 720 484 trinsecus.
750 426 971 497 Mystica
997 440 1183 480 mensa
1210 423 1432 494 ponitur
1454 424 1675 493 quidem
1700 422 1812 486 hic,
1845 423 2008 493 poni-

430 529 522 579 tur
535 518 697 574 etiam
727 518 782 571 in
814 516 996 571 futuro
1025 515 1242 570 saeculo.
1271 512 1374 568 Sex
1402 522 1582 569 autem
1602 512 2010 583 panes,positio

434 623 558 673 una,
600 607 728 677 quia
768 604 1045 676 perfectus
1086 604 1366 669 numerus,
1422 604 1564 657 sicut
1589 611 1646 657 et
1690 602 2009 673 mysterium

434 698 610 768 ipsum
649 696 970 766 perfectum,
1008 702 1065 747 et
1110 693 1381 764 perfech
1428 694 1557 749 facit
1610 708 1723 756 cos,
1766 692 1858 761 qui
1908 692 2010 745 hoc

433 788 706 844 fruuntur.
746 786 810 840 In
836 794 927 841 sex
957 796 1136 841 autem
1183 786 1379 841 diebus
1424 786 1542 839 haec
1582 783 1816 839 visibilis
1869 782 2009 837 facta

433 888 519 935 est
553 887 822 942 creatura,
867 887 1125 946 sextaque
1169 878 1257 932 die
1302 878 1467 932 homo
1514 878 1810 946 productus
1832 883 1915 929 est
1944 875 2010 940 ιθ,

434 981 654 1042 propter
677 985 840 1041 quem
877 971 1150 1036 Christus,
1172 971 1457 1041 mysticam
1497 969 1820 1039 praeparavit
1852 982 2010 1021 men-

380 1094 386 1103 -
434 1078 570 1119 sam.
605 1061 990 1118 Verumtamen
1026 1070 1081 1115 et
1105 1076 1297 1116 omnes
1341 1061 1505 1115 simul
1548 1071 1694 1115 reete
1721 1058 2011 1115 duodecim

435 1169 602 1226 panes
624 1166 772 1220 sunt,
793 1169 918 1224 quia
944 1154 1104 1224 primi
1131 1154 1464 1209 Dominicam
1496 1159 1850 1208 caanaverunt
1878 1166 2014 1222 apo-

434 1246 581 1310 stoli,
612 1246 706 1314 qui
749 1255 905 1299 erant
939 1244 1225 1300 duodecim
1251 1260 1503 1299 numero.
1536 1245 1716 1314 Super
1756 1245 1857 1299 bos
1882 1245 2015 1299 thus

436 1338 829 1394 lucidissimum
860 1338 1098 1408 ponitur,
1141 1337 1254 1392 sive
1283 1345 1343 1390 ut
1369 1336 1531 1403 LXX,
1561 1338 1723 1391 etiam
1755 1337 1853 1392 sal.
1907 1335 2014 1391 Sed

437 1427 566 1483 thus
590 1426 761 1497 prius,
802 1426 1096 1497 gratiarum
1126 1427 1419 1489 actionem,
1451 1425 1505 1479 id
1531 1432 1614 1480 est
1659 1425 2013 1489 oblationem,

435 1532 558 1588 qua
583 1516 948 1587 principatum
980 1525 1131 1572 tenet
1155 1517 1212 1571 in
1238 1516 1575 1571 Dominicam
1599 1531 1833 1583 cuinam,
1857 1516 2017 1588 signi-

436 1606 562 1661 ticat
588 1606 735 1670 thus,
764 1621 875 1660 non
902 1605 1076 1660 solum
1104 1605 1231 1676 quia
1257 1605 1568 1661 immolatur
1599 1606 1729 1671 Deo,
1759 1606 1852 1661 sed
1887 1604 2014 1676 quia

436 1709 493 1754 et
542 1699 762 1762 multas,
824 1700 965 1754 sicut
1016 1700 1207 1755 dicunt
1260 1700 1478 1766 medici,
1520 1708 1675 1755 sanat
1732 1699 2013 1755 oculorum
2049 1677 2093 1732 Β

434 1794 806 1866 εδει-ἱιυᾱίιιεε.
838 1794 928 1848 Sal
951 1794 1095 1849 enim
1113 1794 1479 1863 apostolorum
1517 1793 1818 1849 doctrinam
1851 1793 2017 1864 signi-

438 1884 583 1950 ficat,
615 1884 680 1939 ad
721 1899 859 1954 quos
889 1884 1090 1939 dicitur
1116 1902 1130 1937 :
1163 1883 1261 1938 Vos
1292 1885 1416 1939 estis
1462 1884 1545 1940 sal
1578 1894 1730 1939 terra:
1754 1885 1820 1939 ὀ.
1850 1883 2017 1939 Recte

436 1984 618 2031 autem
648 1975 704 2030 in
739 1975 923 2030 multis
957 1975 1088 2031 locis
1113 1975 1352 2047 mysticae
1382 1990 1605 2041 mensae,
1639 1976 1738 2046 ipsi
1786 1973 2016 2045 apostoli

437 2076 493 2123 et
517 2067 764 2125 doctrina
791 2082 982 2122 eorum
1012 2075 1312 2137 ponuntur,
1370 2068 1497 2137 quia
1549 2067 2011 2138 quemadmodum

437 2159 573 2231 ipsis
631 2159 917 2225 Dominus,
956 2160 1037 2215 sic
1072 2159 1179 2231 ipsi
1231 2159 1388 2214 nobis
1415 2160 1616 2215 divinas
1661 2174 1831 2214 eremo
1862 2173 2017 2213 com-

436 2253 753 2308 munionem
787 2252 1148 2318 tradiderunt,
1180 2267 1414 2321 quorum
1452 2266 1640 2307 mensa
1671 2253 1898 2315 munda,
1932 2253 2015 2304 vi-

433 2345 630 2401 delicet
673 2344 865 2413 altare,
901 2344 1101 2415 dequo
1148 2344 1317 2399 David
1363 2344 1660 2415 psallebat:
1705 2342 1914 2398 Parasti
1960 2345 2017 2397 in

407 2447 707 2510 .conspectu
746 2454 859 2493 meo
899 2453 1156 2505 mensam,
1207 2437 1458 2493 adversus
1497 2455 1582 2494 eos
1629 2439 1719 2510 qui
1763 2436 2016 2493 tribulant

427 2547 519 2587 me
545 2532 611 2587 “.
639 2530 763 2586 Haec
800 2530 1001 2587 munda
1032 2538 1118 2586 est
1158 2532 1395 2602 primum
1427 2532 1647 2603 quidem
1682 2531 1821 2589 sicut
1854 2546 2018 2586 mun-

434 2624 593 2691 dans,
630 2623 828 2680 deinde
853 2623 995 2679 sicut
1030 2624 1166 2678 nihil
1204 2625 1495 2689 mendacii,
1543 2640 1647 2681 nec
1685 2625 2015 2691 infectionis,

430 2714 614 2784 qualia
637 2723 763 2770 sunt
783 2714 837 2769 in
867 2716 1138 2786 mysteriis
1160 2731 1518 2788 paganorum,
1546 2718 1752 2775 habens
1774 2721 2014 2789 insuper,

426 2807 562 2876 quia
592 2821 704 2860 non
727 2806 854 2861 licet
883 2808 1201 2879 participem
1232 2810 1375 2866 illius
1405 2810 1521 2865 fieri
1568 2827 1714 2876 eum,
1764 2812 1856 2882 qui
1907 2827 2015 2866 non

435 2899 643 2953 mundo
671 2898 884 2953 accedit
910 2913 1092 2965 sensu,
1117 2915 1296 2970 neque
1340 2903 1560 2958 indutus
1589 2912 1672 2959 est
1691 2912 1840 2958 veste
1871 2903 2014 2966 alba,

436 2988 653 3059 qualem
681 2988 773 3058 qui
806 2988 1029 3044 indutus
1056 3005 1163 3045 non
1204 2993 1367 3046 fuerit
1396 2994 1679 3063 projicitur
1704 3010 1770 3049 ex
1797 2995 1896 3058 eis,
1921 2994 2013 3064 qui

408 3079 772 3135 «vocatizsunt
793 3081 860 3135 ad
889 3096 1101 3137 orenam
1128 3082 1270 3137 hanc
1297 3099 1515 3154 semper
1553 3086 1618 3139 ".
1667 3085 1774 3141 Sed
1814 3093 1871 3140 et
1923 3087 2013 3141 die

439 3171 1076 3242 Sabbatorumvpraecipit
1102 3174 1249 3243 poni,
1276 3175 1509 3244 primum
1537 3176 1776 3244 quidem,
1809 3176 1935 3245 quia
1960 3185 2015 3230 ει

413 3263 493 3314 ιὶη
521 3261 843 3333 intelligilrili
877 3264 1072 3333 requie
1101 3280 1222 3334 quae
1250 3277 1335 3321 est
1366 3281 1556 3321 verum
1588 3265 1904 3332 Sabbatum,
1932 3268 2015 3322 lo-

420 3370 559 3411 cum
576 3355 982 3420 ohabetmthoc
998 3367 1086 3413 est
1111 3374 1297 3414 mensa
1326 3359 1560 3424 Domini,
1591 3361 1692 3415 etsi
1718 3375 1873 3417 coena
1897 3353 2016 3431 ejus

432 3457 534 3503 est
568 3449 1231 3518 nova,'quemadmodum
1284 3450 1413 3505 licet
1437 3451 1490 3504 in
1543 3451 1647 3516 his,
1698 3468 1820 3522 quae,
1870 3454 2015 3509 dicta

426 3547 568 3596 sunt
612 3555 641 3595 a
684 3540 914 3595 Domino
951 3541 1020 3597 de
1069 3542 1236 3597 calice
1281 3544 1405 3598 vitae
1435 3553 1672 3607 :eternte,
1719 3545 2014 3614 conjicere.

436 3630 573 3698 Quia
622 3640 801 3687 autem
850 3648 959 3687 non
1002 3633 1203 3689 frustra
1248 3635 1384 3701 hac,
1414 3651 1535 3704 quas
1565 3650 1713 3707 nunc
1741 3637 2018 3707 legislator

437 3723 709 3792 exposuit,
740 3722 797 3776 in
835 3721 1118 3793 Unigeniti
1144 3724 1447 3796 accipimus
1473 3740 1681 3790 mensa,
1716 3741 1819 3781 nec
1842 3727 2019 3796 loqui-

422 3826 563 3868 mur
602 3823 945 3885 arroganter,
989 3825 1084 3869 aut
1116 3816 1424 3871 scurriliter
1470 3817 1827 3887 exquirimus,
1872 3817 2018 3887 quod

439 3916 548 3958 non
576 3903 645 3958 ad
673 3902 1033 3959 intentionem
1058 3902 1194 3976 legis
1221 3908 1479 3976 pertinet,
1513 3907 1610 3962 sed
1642 3907 1752 3962 imo
1776 3908 1933 3963 valde
1964 3915 2020 3964 et
2064 3928 2069 3931 ·

432 4006 567 4048 νειιε
616 3993 965 4064 conjicimus.
1022 3994 1142 4067 ipsa
1207 3996 1446 4053 auditori
1498 3999 1662 4054 verba
1706 3999 2019 4055 satisfacere

438 4093 687 4153 possunt,
738 4084 793 4138 in
829 4085 1028 4155 quibus
1075 4087 1166 4141 hic
1220 4089 1458 4160 proprie
1514 4089 1732 4145 locutus
1779 4090 2016 4155 videtur,

421 4177 516 4230 ~ait
540 4178 687 4232 enim
716 4195 730 4232 :

496 4266 579 4324 Ut
628 4270 696 4324 sit
753 4270 909 4339 panis
960 4272 1017 4324 in
1048 4272 1424 4327 monimentum
1456 4273 1732 4329 oblationis
1781 4274 2016 4330 Domini.

2113 422 2400 489 solumque
2430 419 2716 482 Aaron,et
2750 412 2889 467 ﬁlios
2923 411 3044 480 ejus
3090 408 3258 477 hujus
3296 406 3417 460 cibi
3450 419 3721 473 essepat-

2115 511 2327 581 ticipes,
2370 509 2618 581 prrecipit
2644 506 2930 563 comedere
2962 518 3069 558 non
3101 502 3334 570 ubique,
3371 499 3475 554 sed
3514 498 3579 551 in
3610 497 3705 551 hac:

2112 606 2323 658 sancto.
2351 601 2431 655 Sit
2462 609 2645 655 autem
2680 597 2840 652 nobis
2863 603 3084 650 sanctus
3111 594 3270 647 locus
3300 591 3469 660 prius
3504 590 3709 658 quider.

2113 693 2234 747 aula
2261 691 2379 755 Dei,
2409 691 2606 746 deinde
2632 697 2819 743 nostra
2845 700 3073 756 corpora
3102 684 3332 754 quando
3389 691 3529 736 sunt
3557 696 3589 734 a
3617 683 3713 749 pni-

2115 783 2418 838 lutionibus
2479 782 2703 843 munda,
2747 781 2821 834 ita
2854 788 2914 833 ut
2941 786 2996 833 et
3038 777 3195 831 nobis
3229 774 3589 829 conveniant
3618 774 3711 827 im

2112 875 2266 930 Pauli
2314 875 2483 930 verba
2506 888 2525 925 τ
2553 872 2821 941 Templum
2854 872 3009 924 enim
3032 869 3126 923 Dei
3174 876 3435 922 sanctum
3465 876 3569 927 est,
3598 872 3713 933 qua

2115 968 2236 1021 estis
2256 984 2343 1022 vos
2366 967 2431 1019 ”.
2460 964 2687 1034 Insuper
2707 965 2927 1019 elevans
2955 963 3075 1033 ejus
3101 961 3369 1033 gloriam,
3405 967 3468 1012 et
3486 960 3711 1029 mystea;

2114 1059 2433 1130 dignitatem
2466 1058 2705 1113 efferens
2740 1057 2794 1111 in
2822 1057 3056 1111 sublime
3079 1056 3233 1110 addit
3268 1072 3285 1107 :

2185 1149 2439 1206 Sanctum
2455 1160 2758 1205 sanctorum
2776 1159 2852 1203 est
2868 1150 2932 1203 de
2944 1148 3207 1217 sacriﬁcio
3222 1146 3392 1199 Domi
3400 1146 3455 1196 ni
3463 1144 3599 1213 jure
3618 1161 3720 1211 ρετ·

2116 1253 2294 1311 petuo.
2316 1244 2457 1314 Ergo
2474 1250 2661 1297 sancta
2677 1250 2762 1297 est
2779 1241 2976 1307 oratio,
2993 1247 3182 1295 sancta
3195 1238 3415 1293 divina:
3433 1235 3717 1306 Scriptor:

2117 1334 2281 1390 lectio
2297 1344 2353 1390 et
2374 1335 2841 1405 interpretationis
2861 1334 3088 1398 auditio,
3109 1341 3304 1388 sancta
3327 1340 3495 1395 sunt,
3517 1340 3581 1383 ut
3609 1331 3717 1384 bre-

2115 1428 2259 1483 viter
2287 1427 2486 1489 dicam,
2526 1428 2711 1481 omnia
2736 1443 2858 1497 quas
2888 1426 2945 1480 in
2982 1425 3246 1481 Ecclesiis
3278 1425 3383 1479 Dei
3424 1422 3717 1478 secundum

2117 1520 2291 1592 legem
2315 1520 2436 1590 ejus
2455 1519 2714 1575 dicuntur
2741 1527 2797 1575 et
2818 1526 3076 1590 aguntur.
3108 1519 3323 1572 Sancta
3366 1526 3569 1571 autem
3608 1532 3720 1569 saa-

2119 1621 2332 1683 ctorum
2365 1611 2434 1667 de
2482 1611 2749 1667 sacriﬁcio
2778 1610 3014 1671 Domini,
3049 1610 3116 1664 de
3148 1608 3431 1663 omnibus
3486 1608 3722 1662 videlicet

2118 1721 2239 1776 qua:
2279 1704 2594 1759 oﬂ'eruntur
2625 1712 2680 1757 et
2706 1709 2959 1775 aguntur,
2995 1701 3061 1755 ad
3091 1702 3213 1770 ejus
3246 1700 3504 1770 gloriam
3551 1714 3719 1753 mensa

2124 1804 2232 1863 est,
2258 1810 2422 1866 quam
2454 1795 2525 1850 de
2552 1794 2817 1849 sacriﬁcio
2838 1809 2939 1848 suo
2984 1792 3237 1847 Christus
3264 1792 3571 1862 proponit.
3608 1791 3719 1844 Sam

2119 1902 2229 1942 non
2259 1886 2580 1957 simpliciter
2601 1885 2757 1950 dixit,
2790 1883 2915 1955 quia
2942 1893 3193 1938 sanctum
3239 1892 3589 1937 sanctorum
3619 1893 3718 1935 est:

2119 1979 2216 2034 sed
2253 1979 2457 2034 addidit
2491 1978 2790 2033 secundum
2826 1975 2988 2041 LXX,
3022 1976 3124 2045 ipsi
3164 1991 3281 2030 non
3324 1976 3525 2031 solum
3561 1976 3721 2045 quiab

2118 2062 2186 2128 eo
2236 2070 2667 2127 satisfactionem
2717 2069 2884 2123 habet
2923 2068 3099 2122 sedet
3142 2066 3591 2121 subsistentiam
3635 2084 3719 2121 nas

2118 2162 2453 2233 negligenter
2479 2176 2599 2216 eam
2632 2159 2726 2215 sed
2753 2158 2976 2229 proprio
3010 2157 3284 2228 sanguine
3320 2175 3336 2211 :
3366 2161 3471 2229 qui
3516 2176 3617 2228 pro
3632 2150 3719 2211 'uav

2118 2253 2201 2308 bis
2233 2252 2439 2308 effusus
2466 2260 2551 2307 est
2572 2251 2896 2307 ostendente
2925 2258 2980 2304 et
3002 2251 3418 2308 constituente.

2188 2344 2556 2400 VensJO-H.
2576 2362 2595 2395 ί
2625 2345 2767 2399 Ecce
2791 2335 2972 2399 autem
3006 2357 3265 2414 egressus
3296 2341 3461 2396 ﬁlius
3495 2344 3722 2397 mulieri:

2118 2437 2457 2504 lsraelitidis,
2486 2452 2649 2507 quem
2679 2444 2967 2507 pepererat
2994 2436 3061 2490 de
3092 2435 3211 2490 viro
3261 2434 3554 2506 Egyptio
3600 2437 3721 2489 inut

2117 2530 2256 2586 ﬁlios
2283 2531 2471 2592 Israel.
2491 2531 2738 2602 jurgatus
2758 2538 2841 2584 est
2861 2529 3125 2583 incastris
3147 2543 3277 2582 cum
3306 2530 3441 2583 viro
3466 2529 3717 2583 Israelita.

2116 2621 2362 2692 Cumque
2386 2621 3029 2691 blasphemassetnomen
3049 2618 3286 2685 Domini,
3318 2629 3385 2673 et
3415 2619 3717 2673 maledixi.

2117 2722 2201 2770 set
2216 2714 2287 2776 ei,
2314 2713 2579 2768 adductus
2608 2720 2690 2767 εει
2706 2711 2771 2767 ad
2793 2711 3029 2782 Moysen.
3048 2710 3375 2765 Vocabatur
3398 2720 3599 2764 autem
3622 2726 3716 2764 ma-

2118 2817 2202 2861 ter
2218 2805 2336 2875 ejus
2349 2804 2667 2866 Salomiteh,
2683 2803 2789 2857 tilia
2806 2804 2985 2865 Dabri.
3002 2803 3070 2858 de
3091 2804 3238 2856 tribu
3256 2802 3409 2857 Dan.
3436 2802 3717 2858 Miserum-

2118 2915 2225 2970 que
2255 2915 2380 2954 eum
2410 2899 2466 2953 in
2494 2913 2787 2961 carcerem,
2813 2896 2989 2952 donec
3010 2905 3255 2960 nossent,
3285 2897 3449 2965 quod
3476 2898 3717 2966 jussisset

2122 2990 2406 3045 Dominus.
2435 2988 2538 3056 Qui
2568 2989 2784 3043 locutus
2811 2996 2895 3043 est
2923 2987 2992 3041 ad
3026 2987 3270 3058 Moysen,
3302 2987 3519 3043 dicens
3549 2988 3715 3043 :Educ

2118 3082 2495 3152 blasphemum
2543 3081 2706 3135 istum
2742 3088 2893 3135 extra
2927 3088 3125 3142 castra,
3160 3088 3217 3133 et
3262 3089 3491 3148 ponant
3539 3096 3714 3134 omnes

2117 3174 2211 3245 qui
2241 3175 2553 3238 audierunt,
2589 3188 2785 3227 manus
2827 3187 2953 3227 suas
2982 3187 3148 3242 super
3177 3181 3349 3241 caput
3388 3173 3525 3242 ejus
3553 3182 3611 3228 et
3649 3174 3715 3227 ls-

2118 3266 2268 3337 pidet
2293 3282 2416 3321 cum
2446 3266 2680 3336 populus
2703 3265 3010 3319 universus.
3064 3282 3083 3316 ι

2180 3358 2532 3412 Admirabilia
2562 3365 2617 3411 ct
2643 3371 2791 3412 nunc
2816 3357 2977 3412 nobis
3002 3356 3282 3429 lcgislatcr
3299 3358 3500 3423 tradit,
3526 3356 3583 3412 in
3605 3357 3712 3427 qui-

2116 3446 2219 3501 bus
2251 3446 2473 3517 dignum
2503 3455 2589 3500 est
2617 3445 2801 3500 dicere
2837 3462 2850 3499 :
2888 3443 3061 3509 Quam
3092 3446 3279 3498 dulcia
3308 3447 3567 3516 faucibus
3597 3447 3707 3499 utris

2119 3538 2327 3609 eloquia
2358 3548 2470 3603 tua,
2503 3536 2744 3602 Domine,
2778 3554 2935 3608 super
2966 3537 3069 3591 mel
3094 3547 3142 3591 et
3175 3539 3361 3610 favum
3399 3542 3486 3593 ori
3518 3540 3705 3593 meo“.

2117 3627 2432 3683 Necessaria
2464 3628 2630 3692 enim,
2665 3637 2719 3681 et
2747 3628 2914 3682 nimis
2935 3627 3086 3681 utilia
3113 3627 3169 3680 in
3190 3627 3533 3698 imaginibus
3563 3630 3704 3689 vivis,

2119 3729 2174 3775 ct
2193 3721 2361 3791 signis
2383 3720 2658 3785 animatis,
2683 3729 2738 3774 et
2759 3720 3114 3790 operantibus
3133 3720 3299 3773 modo
3324 3721 3573 3789 quodam
3596 3737 3622 3775 s
3638 3736 3701 3774 se

2118 3812 2466 3867 moventibus
2497 3812 2680 3866 tradit.
2717 3809 2969 3867 Exterior
2997 3812 3145 3867 enim
3186 3811 3468 3882 sapientia
3503 3824 3609 3877 est,
3652 3815 3706 3865 de.

2117 3916 2223 3971 qua
2269 3901 2345 3955 ait
2376 3900 2572 3955 Paulus
2598 3920 2611 3955 :
2642 3900 2782 3966 Quia
2811 3901 3027 3956 stultam
3071 3903 3197 3973 fecit
3228 3901 3371 3955 Deus
3398 3906 3703 3973 εσρὶειιεὲιιει

2119 3993 2278 4062 hujus
2307 3993 2493 4047 mundi
2518 3994 2586 4047 ".
2624 3993 2692 4048 Et
2727 4007 2918 4048 rursus
2945 4010 2957 4046 :
2995 3991 3275 4063 Sapientia
3317 3994 3488 4063 hujus
3516 3995 3703 4057 mandi,

2118 4085 2345 4139 stultitia
2372 4095 2447 4140 est
2478 4086 2623 4154 apud
2649 4085 2818 4140 Deum
2840 4087 2905 4138 '°.
2939 4084 3079 4138 Dicit
3110 4085 3259 4139 enim
3305 4100 3457 4149 eam,
3489 4102 3614 4157 qua:
3636 4097 3704 4139 cst

2120 4193 2246 4249 erga
2273 4193 2465 4233 cursus
2497 4179 2762 4241 siderum,
2794 4185 2851 4232 et
2879 4192 3160 4232 mensuras
3193 4176 3340 4241 coeli,
3370 4187 3433 4232 et
3490 4178 3703 4233 aliorum

2120 4270 2279 4325 nobis
2342 4270 2978 4341 incomprehensibilium
3022 4272 3553 4341 perscrutationem,
3597 4287 3702 4341 quae

437 4357 595 4452 Quis,
626 4368 722 4452 aut
747 4360 803 4414 in
827 4362 992 4431 cujus
1007 4365 1526 4419 commemoratione
1549 4366 1572 4418 ?
1599 4365 1706 4421 Sed
1733 4365 1861 4422 illud
1888 4384 2018 4439 pro.
2051 4392 2097 4452 ο
2123 4363 2268 4432 apud
2316 4361 2595 4433 Egyptios
2643 4363 3024 4427 studebantur,
3058 4372 3114 4416 et
3152 4362 3259 4417 illic
3308 4365 3702 4431 quodammtalo

439 4450 527 4505 cui
544 4449 713 4506 dubio
737 4460 842 4517 est,
863 4453 1010 4522 quod
1037 4467 1097 4508 se
1121 4454 1325 4510 dixisse
1347 4455 1551 4511 Paulus
1576 4457 1872 4513 Dominum
1905 4469 2014 4514 tra-

439 4542 661 4596 dentem
691 4544 1004 4614 mystcriunt
1054 4545 1290 4616 scripsit.
1320 4547 1763 4620 Quotiescunque
1790 4550 1906 4605 haec
1932 4549 2017 4606 fe-

430 4632 649 4698 ceritis,
708 4633 764 4687 in
819 4634 1132 4690 memoriam
1181 4638 1286 4692 mei
1341 4637 1525 4703 facite,
1580 4638 1778 4694 deinde
1828 4655 2017 4695 rursus

439 4724 681 4781 additum
713 4734 814 4782 est.

513 4814 621 4871 Per
666 4816 876 4888 singula
908 4816 1141 4874 Sabbata
1171 4822 1519 4876 mutabuntur
1559 4838 1738 4877 coram
1770 4820 2012 4889 Domina,

438 4913 664 4981 suscepti
680 4929 713 4965 a
727 4911 854 4982 ﬁliis
871 4911 1039 4967 Israel
1060 4915 1248 4984 {cedere
1261 4919 1595 4985 sempiterno.
1623 4916 1749 4972 Sive
1774 4925 1833 4971 ut
1850 4914 2014 4984 LXX,

441 5008 809 5057 testamentum
832 5002 1206 5069 sempiternum
1238 5020 1253 5056 :
1284 5004 1413 5058 illud
1446 5004 1633 5073 procul
1664 5004 1832 5060 dubio
1860 5014 2022 5061 testa-

404 5100 413 5121 ¹
441 5098 685 5147 mentum
720 5090 928 5157 dicens,
960 5092 1115 5161 cujus
1139 5092 1401 5149 Dominus
1429 5097 1649 5151 tradens
1673 5096 2013 5166 mysterium,

426 5183 776 5238 mentionem
792 5181 945 5238 facit.
967 5182 1078 5238 Sed
1114 5191 1168 5238 et
1199 5198 1300 5238 nos
1340 5184 1604 5252 dicentes,
1637 5197 1898 5256 quantum
1930 5204 2022 5243 ve-

441 5276 637 5342 ritatis,
667 5283 1041 5346 quantumque
1072 5276 1348 5346 dignitatis
1373 5278 1591 5341 habeat,
1622 5296 1748 5335 cum
1781 5281 2020 5336 maximo

444 5364 638 5424 timore
679 5376 735 5424 et
777 5383 961 5423 amore
997 5368 1334 5424 accedamus.
1399 5369 1533 5436 Quia
1578 5371 1832 5426 mundam
1888 5373 2019 5427 dicit

552 5560 596 5592 ¹⁹
622 5561 758 5633 Gen.
792 5580 831 5630 t,
856 5564 945 5618 27.
1023 5566 1070 5597 ¹⁶
1093 5563 1283 5621 Matth.
1313 5584 1367 5633 v,
1402 5568 1490 5620 l5.

446 5639 632 5695 cxvm,
658 5632 779 5687 103.
894 5635 939 5666 ’⁸
988 5634 1158 5691 lCor.
1196 5652 1232 5702 ι,
1260 5638 1346 5691 20.
1462 5639 1508 5668 ’⁸
1536 5637 1556 5689 l
1584 5638 1709 5692 Cor.
1758 5655 1840 5708 tu,
1874 5641 1954 5696 l9.

1602 5568 1647 5599 ¹¹
1682 5568 1823 5623 Psal.
1848 5586 1979 5633 χχιι,
2009 5572 2060 5627 5.
2177 5575 2221 5605 ”
2248 5574 2447 5628 Matth.
2477 5590 2567 5629 xxi

1602 5638 1709 5692 Sor.
1758 5655 1840 5708 tu,
1874 5641 1954 5696 l9.
2067 5644 2110 5675 ’τ
2136 5642 2198 5699 ιιι
2226 5644 2365 5714 Heg.
2393 5664 2466 5710 tv,
2491 5648 2577 5700 50.

2122 4453 2359 4520 initium,
2395 4462 2450 4507 et
2487 4453 2771 4523 praemium
2798 4452 3051 4523 sumpsit,
3088 4469 3248 4523 quam
3284 4469 3387 4508 nec
3415 4453 3632 4525 Moyses
3656 4455 3699 4505 in

2119 4546 2420 4601 Pharaonis
2467 4545 2740 4617 regalibus
2790 4545 3046 4609 nutritus,
3094 4545 3380 4616 ignoravit.
3435 4546 3546 4600 Sed
3585 4546 3703 4599 liber

2120 4638 2330 4711 Regum
2360 4638 2533 4693 dicit:
2561 4639 2896 4694 Pra'cedebat
2949 4640 3215 4707 sapientia
3262 4636 3577 4692 Salomonis
3623 4655 3700 4692 ss-

2123 4738 2377 4806 pientiam
2432 4739 2667 4790 omnium
2712 4736 3092 4796 Orientalium,
3138 4744 3187 4789 et
3216 4734 3603 4804 Egyptian»:
3644 4735 3699 4785 ³⁷.

2122 4829 2380 4883 lsraelitis
2413 4837 2594 4883 autem
2628 4829 2844 4893 mulier,
2882 4829 3066 4883 divina
3106 4827 3385 4897 Scriptura
3434 4827 3703 4888 videlicet,

2122 4922 2191 4977 de
2218 4938 2324 4992 qua
2354 4922 2408 4977 in
2447 4921 2754 4977 Proverbiis
2782 4922 2984 4976 dictum
3024 4931 3107 4977 est
3137 4939 3149 4975 :
3187 4920 3381 4975 Mulier
3412 4920 3705 4991 intelligas

2080 5016 2466 5088 jbenedicitur,
2526 5017 2766 5070 timorem
2822 5024 3002 5070 autem
3064 5014 3274 5069 Domini
3332 5015 3447 5083 ipsa
3505 5012 3704 5075 laudet,

2129 5107 2256 5177 quia
2292 5108 2589 5177 superﬂuas
2614 5108 2923 5178 quaestiones
2951 5106 3267 5177 relinquens,
3289 5106 3515 5159 adussit
3536 5105 3705 5159 timori

2126 5195 2305 5248 divino
2335 5195 2401 5249 ³⁸.
2454 5195 2572 5249 Non
2613 5208 2828 5266 oportet
2872 5211 3000 5266 ergo
3032 5196 3394 5250 Israclitidem
3423 5195 3701 5249 mulierem

2124 5296 2181 5340 et
2198 5287 2516 5356 sapientiam
2540 5288 2797 5357 spiritalis
2819 5288 3132 5356 Scriptura,
3152 5287 3409 5341 exteriori
3429 5288 3702 5357 sapienti:

2125 5378 2289 5442 coire,
2320 5379 2394 5432 ita
2420 5388 2477 5432 ut
2503 5387 2556 5432 et
2577 5380 2919 5447 subjiciatur.
2953 5388 3007 5432 ct
3029 5394 3157 5434 eum
3184 5379 3276 5449 qui
3307 5395 3376 5435 ex
3408 5379 3491 5435 eis
3532 5380 3698 5437 hasd-

3542 5577 3588 5608 ..
3612 5576 3689 5634 ιι,

2177 5575 2221 5605 ’³
2248 5574 2447 5628 Matth.
2477 5576 2641 5640 sxum
2685 5589 2801 5641 seq.
2916 5574 2963 5604 "
2995 5574 3034 5626 ll
3066 5575 3195 5629 Cor.
3227 5591 3304 5642 vt,
3338 5576 3429 5631 16.

2691 5646 2734 5675 ’⁸
2755 5645 2915 5698 Prov.
2943 5659 3094 5709 tvm,
3126 5648 3179 5702 l.
