3810 6318
1 356 173 427 1105

1209 378 1291 442 ΙΝ
1320 376 1849 445 LEVITICUM.-
1882 374 2031 439 LIB.
2061 376 2195 442 VII.

2477 308 2557 339 ,ηε
2665 310 2776 360 πη
2820 316 2827 325 .

3174 380 3181 393 “
3200 383 3345 449 1106

1 490 133 544 tur,
153 462 595 551 videliceteum,
616 482 709 555 qui
730 500 797 541 ex
821 495 1050 558 utraque
1065 490 1316 559 docetur,
1335 510 1448 550 non
1472 496 1649 552 solum
1678 494 1727 551 Α
1750 492 1844 563 qui
1885 493 2225 549 maledixerit
2250 491 2364 549 Deo
2399 505 2520 559 suo,
2560 492 2800 565 portabit
2828 501 3116 565 peceatum
3149 510 3332 565 suum,

1 570 218 629 ﬁlium
284 576 626 645 Israelitidis,
663 580 758 637 sed
797 591 853 637 et
878 583 1047 639 lilium
1081 585 1317 659 [Egyptii
1348 604 1494 656 esse,
1516 605 1642 647 cum

1 664 220 735 sapiat
250 666 515 726 videlicet
538 686 661 740 quae.
687 673 922 746 Egyptii
967 688 1116 743 sunt,
1149 689 1204 735 et
1251 682 1509 738 exteriori
1557 697 1644 739 sa.

1 756 272 827 pientise
308 774 371 816 se
390 762 707 836 coniungat,
761 776 816 821 et
838 783 902 822 ea
928 785 1049 839 qua:
1068 770 1184 828 illic
1233 782 1364 829 sunt
1392 775 1643 846 dogmata

1 846 305 903 obtinere
352 850 504 905 velit.
550 851 607 907 Si
654 854 946 925 aliquando
992 861 1096 916 hoc
1136 862 1228 918 lict
1274 873 1330 918 et
1373 866 1644 936 quispiam

1 936 154 992 taIis
190 938 385 996 fuerit
424 941 570 998 inter
599 943 738 1001 ﬁlios
774 947 1124 1021 intelligibilis
1155 954 1325 1011 ll'delis
1366 955 1548 1024 Israel,
1589 968 1647 1014 et

1 1028 64 1082 in
98 1032 358 1096 castris,
397 1035 544 1103 quod
567 1043 654 1090 est
683 1036 943 1105 Ecclesia,
978 1058 1140 1112 quam
1170 1044 1338 1102 Iacob
1375 1048 1432 1102 in
1471 1049 1644 1121 ﬁgura

1 1135 123 1190 per
183 1124 489 1179 somnium
542 1127 756 1194 videns,
794 1131 1057 1189 dicebat:
1108 1136 1298 1193 Castra
1363 1139 1460 1195 Dei
1521 1153 1645 1198 sunt

1 1215 129 1269 ltwc
167 1217 246 1283 ”,
279 1225 346 1271 et
382 1229 559 1278 estex
596 1219 919 1292 Israelitide,
946 1237 1001 1282 et
1042 1227 1304 1297 Israelita,
1366 1233 1635 1303 rixentur,

1 1308 111 1379 qui
150 1325 415 1382 magnus
435 1322 537 1376 est,
568 1323 624 1369 et
665 1317 903 1373 mundus
933 1328 988 1375 et
1016 1323 1106 1391 qui
1130 1338 1191 1379 se
1220 1326 1500 1395 sapientiae
1542 1327 1638 1383 Dei

2 1408 214 1454 totum
253 1401 439 1468 dedit,
467 1412 522 1458 et
563 1405 654 1475 qui
685 1406 818 1461 dicit
855 1408 997 1464 sicut
1036 1412 1266 1469 Paulus:
1316 1414 1645 1487 Sapientiam

2 1488 324 1561 loquimur
354 1494 494 1548 inter
528 1499 805 1566 perfectos,
832 1502 1150 1568 sapientiam
1195 1515 1373 1560 autem
1404 1526 1507 1563 non
1540 1512 1641 1565 Itu-

2 1580 104 1649 ius
140 1584 374 1649 mundi,
408 1595 459 1639 et
494 1589 788 1657 principum
821 1593 1002 1647 seaculi
1031 1595 1211 1665 hujus.
1252 1601 1344 1670 qui
1371 1601 1647 1657 destruen-

6 1686 110 1729 tur
127 1675 206 1729 ³⁰.
231 1676 516 1733 Rixentur
531 1688 711 1734 autem
728 1682 795 1736 de
823 1684 1022 1751 verbis,
1043 1698 1137 1742 aut
1160 1689 1499 1761 dogmatibus
1513 1711 1644 1750 con-

17 1768 380 1834 tendentes,
403 1770 931 1841 etblasphemaverit
967 1776 1108 1834 ﬁlius
1124 1781 1365 1838 mulieris
1386 1784 1646 1842 Israeliti-

9 1860 112 1915 dis
160 1876 431 1916 nomen:
462 1862 533 1916 sit
568 1863 715 1919 enim
757 1865 860 1921 hoc
904 1871 1123 1939 quando
1164 1873 1208 1928 is
1240 1875 1333 1943 qui
1379 1878 1646 1947 sapientia

10 1954 318 2009 exteriori
348 1954 507 2009 lzesus
545 1963 651 2021 est,
696 1960 1032 2018 mentionem
1072 1964 1202 2021 facit
1241 1965 1470 2024 Christi.
1522 1971 1646 2026 Vidi

12 2045 214 2109 enim,
273 2045 411 2114 quia
436 2045 597 2102 nimis
652 2049 1007 2107 subtilitatem
1071 2072 1312 2127 sequens
1372 2060 1651 2129 legislator

15 2140 152 2194 ait:

98 2235 371 2306 Cumque
403 2237 809 2305 blasphemasset
841 2255 1046 2296 nomen.
1086 2240 1243 2308 Quod
1276 2253 1460 2299 autem
1486 2255 1646 2312 tacet,

18 2325 293 2383 necdum
329 2328 475 2382 enim
507 2328 726 2397 quando
755 2330 862 2385 hoc
900 2332 1251 2388 sanciebatur
1284 2344 1403 2389 erat
1436 2347 1648 2401 notum,

19 2417 165 2486 quia
186 2418 444 2472 necdum
470 2428 632 2472 natus
649 2429 766 2474 erat
789 2420 855 2485 is,
882 2422 973 2490 qui
1000 2436 1066 2477 ex
1107 2424 1334 2493 virgine,
1365 2435 1420 2480 et
1445 2427 1647 2497 Spiritu

22 2519 242 2564 sancto
272 2509 596 2564 incarnatus
627 2520 730 2575 est,
769 2512 837 2567 de
867 2528 976 2582 quo
1002 2514 1140 2570 dixit
1171 2517 1384 2573 Gabriel
1410 2537 1425 2571 :
1457 2520 1521 2574 Et
1562 2539 1651 2575 vo-

21 2607 244 2655 cabunt
304 2617 493 2654 nomen
545 2602 658 2671 ejus
688 2604 887 2669 Iesum,
911 2607 1021 2676 ipse
1051 2608 1189 2661 enim
1250 2610 1454 2663 salvum
1494 2613 1648 2681 faciet

25 2694 317 2762 populum
359 2710 514 2747 suum
541 2710 573 2747 a
611 2697 837 2762 peccatis
882 2713 1063 2751 eorum
1104 2698 1169 2752 ³¹.
1220 2697 1423 2755 Paulus
1459 2711 1653 2756 autem

27 2795 332 2857 quantum
362 2787 430 2841 sit
470 2788 572 2842 hoc
609 2804 806 2842 nomen
834 2791 1131 2845 ostendens
1156 2792 1232 2847 ait
1262 2811 1274 2846 :
1326 2792 1389 2845 Et
1433 2795 1573 2848 dedit
1602 2796 1651 2849 ei

36 2879 191 2933 Deus
236 2892 437 2929 nomen
471 2892 627 2943 super
670 2894 822 2932 omne
869 2896 1076 2945 nomen,
1118 2891 1174 2933 ut
1208 2882 1264 2935 in
1294 2884 1501 2938 nomine
1524 2883 1651 2938 Jesu

32 2984 204 3022 omne
216 2984 364 3037 genu
380 2969 645 3035 ﬂectatur,
661 2970 967 3034 caelestium,
987 2974 1329 3035 terrestrium.
1350 2983 1399 3027 et
1416 2975 1651 3044 inferno-

32 3077 168 3114 rum
204 3058 534 3125 ".Quando
559 3077 688 3132 ergo
712 3063 776 3128 is,
806 3063 899 3133 qui
928 3063 979 3117 in
1016 3065 1282 3134 sapientia
1314 3067 1559 3130 conlidit.
1595 3077 1652 3123 et

35 3150 305 3207 intendit
359 3152 642 3218 exteriori,
697 3170 818 3224 quae
866 3155 1000 3210 dicit
1058 3172 1309 3226 parvum,
1369 3173 1649 3230 maguum,

44 3245 377 3299 maximum
399 3261 413 3310 ;
441 3255 498 3300 et
519 3247 736 3317 gradus,
755 3248 899 3317 quod
926 3248 1264 3318 impossibile
1284 3258 1387 3316 est,
1403 3250 1653 3320 exquiret

38 3336 101 3389 in
135 3336 464 3399 divinitate,
502 3337 958 3406 blasphemaverit
984 3354 1188 3393 nomen
1222 3339 1424 3396 Christi
1464 3359 1477 3395 :
1511 3342 1651 3397 blas-

34 3428 284 3497 phemat
314 3426 462 3480 enim
484 3424 703 3492 Filium,
725 3427 816 3496 qui
849 3442 976 3481 eum
1000 3425 1144 3482 Patri
1174 3428 1308 3484 dicit
1338 3430 1605 3486 minorem
1635 3450 1648 3485 :

43 3527 218 3573 extra
276 3526 456 3572 castra
501 3519 811 3572 necessarie
856 3519 1166 3588 expellitur,
1198 3530 1253 3575 et
1279 3535 1310 3574 a
1339 3524 1653 3591 spectaculo

38 3609 329 3665 Ecclesiae
375 3607 647 3664 educitur.
699 3607 802 3675 Qui
843 3618 1026 3665 autem
1071 3610 1382 3678 audierunt,
1449 3627 1656 3683 ponent

40 3714 256 3754 manus
279 3714 413 3754 suas
436 3714 602 3768 super
642 3702 951 3771 caputeius
991 3721 1004 3757 :
1038 3704 1390 3762 ostendentes
1429 3722 1527 3776 per
1561 3723 1653 3763 ca-

38 3800 168 3859 put,
200 3789 341 3860 quia
370 3799 534 3859 caput
560 3807 683 3846 vere
726 3792 996 3861 Christus,
1041 3803 1205 3865 caput
1241 3805 1420 3851 autem
1450 3798 1652 3855 Christi

44 3887 201 3942 Deus
240 3906 253 3941 :
294 3887 424 3956 quia
449 3888 540 3957 qui
588 3888 785 3944 Filium
819 3889 1234 3960 blasphemavit,
1268 3901 1324 3948 et
1348 3893 1568 3949 Patrem
1593 3895 1648 3949 in

40 3981 141 4036 illo
174 3980 608 4049 blasphemavit.
693 4044 698 4048 I
1503 3991 1528 4021 ο

105 4075 180 4128 Et
212 4073 419 4144 lapidet
446 4091 565 4128 eum
589 4076 814 4145 populus
843 4078 1131 4133 universus.
1155 4078 1258 4145 Qui
1290 4080 1552 4135 occidunt
1591 4092 1649 4136 et

42 4166 387 4235 dispertiunt
413 4181 538 4220 eum
560 4167 653 4236 qui
684 4168 1099 4238 blasphemavit.
1131 4168 1240 4226 Sed
1268 4180 1323 4226 et
1343 4171 1461 4227 haec
1484 4173 1649 4228 verba

46 4259 220 4328 hujus
249 4257 557 4312 sanctionis
575 4248 880 4328 opportune
906 4268 1057 4324 nota,
1077 4278 1188 4332 quo
1212 4263 1376 4319 modo
1399 4264 1651 4321 adduxe-

47 4360 182 4405 runt
208 4366 344 4405 eum
372 4351 440 4406 ad
473 4348 717 4420 Moysen.
766 4351 888 4420 Ipse
935 4361 1122 4408 autem
1153 4367 1265 4408 non
1311 4368 1376 4408 ex
1410 4357 1650 4411 auctori-

51 4450 164 4497 tate
194 4442 332 4514 agit,
358 4455 464 4496 nec
494 4441 706 4511 profert
747 4450 939 4498 contra
987 4460 1114 4499 eum
1152 4448 1507 4512 sententiam,
1550 4448 1647 4503 sed

1750 594 1806 640 et
1818 584 1909 656 qui
1924 585 2592 657 bIasphemaveritnomen
2604 587 2841 654 Domini,
2861 596 3038 644 morte
3048 589 3332 645 moriatur.

1751 675 2050 747 Lapidihus
2081 679 2362 749 opprimet
2385 693 2514 734 eum
2543 679 2724 735 omnis
2755 680 3071 748 multitudo,
3106 680 3221 737 sive
3245 680 3336 736 ille

1750 767 1887 823 civis
1937 769 2052 825 sive
2101 770 2423 842 peregrinus
2473 770 2662 827 fuerit.
2713 771 2819 838 Qui
2873 772 3336 845 blasphetnaverit

1749 879 1950 918 nomen
1989 863 2227 930 Domini,
2254 871 2432 919 morte
2455 864 2740 919 moriatur.
2786 883 2805 916 ι

1820 956 2033 1013 Novum
2064 958 2175 1022 hic,
2236 967 2293 1013 et
2317 958 2462 1028 quod
2495 959 2789 1015 conturbet
2824 974 2986 1015 aures
3038 961 3333 1017 multorum

1751 1047 2054 1103 secundum
2109 1047 2409 1103 editionem
2457 1047 2603 1102 LXX
2636 1049 2887 1120 praecipit
2920 1067 2933 1104 :
2964 1049 3155 1116 Homo,
3181 1052 3335 1106 homo

1750 1141 2047 1211 quicunque
2089 1140 2422 1195 ntaledixerit
2475 1140 2606 1207 Deo,
2654 1151 2927 1210 peceatum
2948 1145 3192 1213 accipiet,
3246 1145 3336 1214 qui

1751 1242 1926 1286 autem
1967 1234 2206 1287 nominat
2249 1249 2435 1287 nomen
2480 1232 2718 1299 Domini,
2769 1244 2934 1289 morte
2961 1236 3243 1291 moriatur.
3268 1233 3337 1290 Et

1749 1324 2180 1394 blaSphemando
2209 1322 2398 1389 Deum,
2422 1324 2706 1379 nominare
2728 1340 2927 1382 nomen
2962 1325 3176 1382 Domini
3213 1342 3336 1399 grao

1749 1416 1870 1471 vius
1897 1425 1981 1471 est
2010 1434 2021 1470 :
2054 1430 2176 1470 nam
2209 1415 2299 1470 ille
2328 1415 2546 1485 quidem
2579 1425 2863 1485 peccatum
2897 1418 3096 1488 accipit
3126 1418 3333 1479 solum-

1750 1506 1933 1572 modo,
1970 1507 2062 1561 ille
2094 1515 2147 1562 et
2198 1522 2415 1576 poenam
2467 1507 2702 1561 sustinet
2743 1509 2953 1563 mortis.
3000 1506 3136 1575 Qure
3183 1510 3329 1565 enim

1750 1596 2061 1653 differentia
2095 1598 2237 1653 inter
2251 1597 2539 1652 Dominum
2565 1608 2620 1653 et
2650 1599 2819 1653 Deum
2850 1600 3092 1655 ?Nonne
3112 1601 3200 1655 hic
3232 1600 3333 1656 iste

1752 1688 1865 1758 ipse
1895 1697 1980 1743 est
2001 1687 2090 1758 qui
2120 1690 2255 1743 dixit
2281 1708 2293 1742 :
2316 1690 2475 1755 Audi,
2517 1689 2710 1756 Israel,
2743 1691 2996 1746 Dominus
3025 1690 3162 1746 Deus
3188 1701 3330 1756 tuus,

1751 1777 1891 1834 Deus
1922 1796 2054 1833 unus
2082 1788 2157 1834 est
2188 1781 2254 1834 ³⁸.
2285 1782 2352 1835 Ει
2379 1797 2568 1836 rursus
2591 1802 2602 1835 :
2630 1782 2830 1854 Diliges
2857 1782 3138 1838 Dominum
3164 1783 3332 1838 Deum

1750 1883 1898 1926 tuum
1918 1889 1983 1927 ex
1998 1882 2106 1926 toto
2123 1874 2276 1926 corde
2303 1872 2755 1936 tuo".Quomodo
2780 1889 2912 1945 ergo
2932 1874 3025 1945 qui
3052 1875 3332 1931 maledixit

1750 1964 1882 2028 Deo,
1916 1972 2202 2034 peccatum
2238 1964 2455 2033 accipit,
2488 1964 2581 2034 qui
2614 1972 2798 2019 autem
2839 1964 3201 2022 nominaverit
3226 1979 3329 2019 no-

1750 2070 1875 2110 men
1904 2054 2125 2110 Domini
2157 2063 2335 2110 mortc
2369 2055 2633 2111 morietur
2660 2057 2685 2109 ?
2716 2057 2823 2111 Aut
2850 2057 3008 2127 cuius
3053 2058 3129 2113 rei
3160 2059 3329 2129 gratia

1756 2145 1984 2201 omnino
2032 2161 2211 2216 preme
2260 2145 2620 2213 submittitur,
2668 2147 2761 2217 qui
2819 2149 3071 2204 nominat
3130 2165 3339 2205 nomen

1750 2236 2006 2293 Domini?
2035 2236 2291 2294 Invenies
2313 2238 2460 2293 enim
2495 2237 2686 2294 Isaiam
2711 2240 3080 2297 exsultantem
3110 2241 3167 2296 in
3201 2240 3326 2304 hoe.

1750 2341 1807 2385 et
1834 2330 2107 2385 dicentem
2141 2347 2154 2382 :
2188 2327 2428 2395 Domine,
2459 2339 2610 2384 extra
2656 2340 2706 2388 te
2737 2331 2905 2385 alium
2931 2334 3212 2397 nescimus,
3246 2348 3335 2386 no-

1751 2436 1870 2474 men
1912 2429 2060 2474 tuum
2099 2421 2431 2474 nominamus
2451 2420 2513 2473 ³⁷.
2534 2420 2690 2487 Quod
2730 2436 2860 2493 ergo
2884 2435 3086 2477 nomen
3118 2422 3329 2478 Domini

1750 2517 1873 2587 quis
1905 2515 2216 2581 nominans,
2252 2516 2355 2571 sub
2382 2516 2676 2571 maledicto
2711 2524 2768 2572 et
2798 2517 2901 2572 sub
2944 2531 3105 2587 ptena
3142 2519 3335 2573 mortis

1751 2606 1985 2662 edicitur
2008 2608 2033 2660 ?
2065 2605 2348 2676 Siquidem
2381 2607 2600 2676 aliquod
2637 2607 2812 2662 latens
2848 2622 3073 2673 nomen,
3099 2616 3154 2661 et
3186 2608 3333 2676 quod

1749 2713 1853 2753 nos
1873 2697 2211 2769 ignoramus,
2244 2689 2524 2768 legislator
2542 2713 2689 2751 nunc
2717 2697 2867 2761 dicit,
2893 2698 3040 2767 quod
3083 2696 3139 2750 in
3182 2696 3335 2753 Serio

1752 2799 1912 2860 ptura
1965 2803 2117 2843 sacra
2161 2802 2270 2842 non
2296 2794 2380 2842 est
2401 2786 2809 2841 manifestatum
2837 2804 2850 2841 :
2882 2786 3157 2857 quomodo
3181 2786 3336 2856 quls~

1751 2884 1898 2953 piam
1927 2882 2028 2936 hoc
2062 2881 2327 2943 nominet,
2362 2878 2505 2949 quod
2534 2894 2644 2932 non
2674 2878 2862 2934 didicit
2887 2919 2900 2940 ,
2936 2894 3041 2934 nec
3086 2879 3154 2933 ad
3216 2894 3336 2935 me-

1753 2975 1901 3031 dium
1940 2974 2185 3044 proferre
2206 2972 2432 3042 potest?
2467 2970 2601 3025 Vide
2628 2979 2807 3025 autem
2838 2969 2968 3041 quid
3005 2971 3164 3027 nobis
3191 2971 3336 3027 Deus

1752 3080 1851 3136 per
1899 3065 2118 3136 Moysen
2184 3061 2619 3118 manifestaverit
2656 3079 2670 3117 :
2708 3060 2946 3130 Cumque
2991 3062 3334 3117 descendisset

1763 3157 2019 3211 Dominus
2062 3172 2155 3224 per
2191 3154 2399 3220 nubem,
2430 3154 2573 3208 stetit
2605 3169 2721 3207 cum
2746 3170 2806 3206 eo
2831 3152 3050 3223 Moyses,
3086 3154 3334 3207 invocans

1760 3262 1945 3300 nomen
1992 3245 2224 3308 Domini,
2251 3260 2352 3315 quo
2384 3252 2685 3298 transeunte
2706 3260 2883 3297 coram
2915 3259 2975 3297 eo
3004 3244 3122 3298 ait:
3148 3232 3336 3299 Domi-

1756 3346 1910 3391 nator
1924 3336 2142 3390 Domine
2154 3335 2292 3389 Deus
2310 3335 2604 3387 misericors
2621 3341 2669 3385 et
2686 3332 2906 3387 clemens
2921 3332 2987 3388 ³⁸.
3004 3332 3122 3388 Non
3150 3341 3332 3390 autem

1757 3430 1862 3484 hoc
1896 3429 2068 3483 nobis
2115 3427 2508 3490 maniiestaret,
2560 3425 2604 3479 si
2635 3440 2735 3479 nos
2761 3425 2865 3479 hoc
2892 3439 3003 3479 non
3047 3423 3334 3479 nominare

1753 3521 2035 3578 voluisset.
2061 3519 2169 3575 Sed
2198 3518 2342 3573 aliud
2375 3533 2518 3573 nunc
2548 3531 2646 3586 per
2676 3516 3017 3584 praesentiam
3064 3514 3336 3586 legislator

1755 3614 2093 3669 demonstrat
2122 3627 2134 3662 :
2173 3608 2317 3663 illam
2338 3607 2482 3662 enim
2507 3605 2923 3676 hlaSphcmiam,
2956 3621 3120 3675 quam
3149 3605 3332 3659 scien-

1755 3709 1826 3766 do
1846 3708 1969 3778 quis
1998 3703 2307 3768 committit,
2341 3704 2484 3758 hanc
2514 3702 2615 3756 sub
2651 3715 2811 3771 paena
2844 3700 3079 3755 maxima
3110 3715 3255 3766 esse,
3279 3707 3337 3755 et

1754 3818 1864 3857 non
1883 3800 2150 3856 venialem
2175 3797 2309 3852 vult.
2334 3795 2517 3851 Ethoc
2532 3794 2663 3849 dicit
2685 3804 2891 3864 aperte,
2907 3792 3051 3864 quod
3080 3793 3135 3847 in
3153 3791 3336 3846 Evan—

1753 3893 1910 3965 geliis
1946 3890 2208 3945 Dominus
2232 3887 2302 3942 ait
2342 3904 2355 3940 :
2384 3884 2548 3941 Omne
2583 3893 2876 3953 peccatum,
2909 3892 2958 3937 et
3006 3881 3332 3952 blasphemia

1754 3984 2050 4038 dimittetur
2079 3978 2394 4033 hominibus.
2426 3974 2529 4041 Qui
2558 3983 2739 4028 autem
2766 3973 2960 4027 dixerit
2989 3980 3170 4026 contra
3207 3969 3333 4041 Spi-

1754 4076 1916 4129 ritum
1940 4080 2203 4133 sanctum,
2225 4085 2327 4123 non
2344 4067 2639 4121 dimittetur
2659 4064 2727 4129 ei,
2753 4080 2918 4133 neque
2935 4064 2989 4117 in
3008 4065 3103 4117 hoc
3120 4060 3333 4125 swculo,

1756 4139 1920 4238 neque
1957 4167 2012 4219 in
2046 4167 2224 4236 futuro
2253 4163 2315 4216 ”.
2343 4158 2743 4229 Blasphemiam
2784 4155 3029 4227 spiritus,
3060 4170 3181 4210 eam
3209 4169 3331 4224 quae

1754 4261 1808 4315 iu
1841 4257 2068 4314 scientia
2092 4256 2189 4310 Dei
2214 4252 2588 4315 committitur,
2612 4248 3005 4319 blasphemiam
3031 4246 3332 4318 appellans,

1752 4352 1877 4423 quia
1908 4349 2134 4406 scientia
2175 4348 2378 4403 donum
2413 4353 2498 4399 est
2524 4343 2838 4415 specialiter
2879 4341 3137 4412 Spiritus,
3166 4341 3238 4395 ita
3276 4347 3331 4392 ut

1753 4443 1952 4499 Paulus
1983 4443 2221 4498 diceret:
2243 4438 2376 4493 Huic
2405 4437 2614 4507 quidem
2647 4436 2807 4489 datur
2826 4450 2919 4502 per
2933 4433 3194 4504 Spiritum
3219 4448 3330 4505 ser-

49 4532 202 4588 misit
229 4550 362 4589 eum
407 4533 461 4587 in
495 4549 792 4598 carcerem,
827 4542 886 4589 ut
939 4534 1263 4605 dijudiearet
1312 4552 1407 4605 per
1441 4553 1647 4607 praeceo
1681 4558 1725 4613 ο
1755 4554 1836 4591 mo
1864 4534 2162 4603 sapienliw,
2194 4530 2288 4585 alii
2317 4547 2487 4585 sermo
2507 4529 2737 4583 scientia:
2766 4526 2843 4611 ‘°._
2865 4524 3231 4593 Quamobrem
3280 4533 3329 4578 el

52 4634 208 4693 ptum
241 4618 482 4681 Domini.
508 4626 643 4681 Nam
672 4626 907 4682 Mosaica
941 4628 1046 4691 lex,
1069 4629 1198 4683 odio
1231 4629 1451 4698 quidem
1485 4630 1649 4686 habet

55 4716 172 4785 ipsa
192 4716 398 4771 Filium
430 4717 922 4786 blasphemantem,
945 4720 1089 4788 quod
1119 4718 1465 4775 manifestum
1482 4728 1647 4776 estex

56 4822 148 4871 eo,
178 4809 327 4877 quod
366 4806 682 4876 frequenter
715 4807 999 4865 Trinitatis
1036 4811 1277 4866 insinuat
1304 4812 1643 4883 mysterium,

59 4898 193 4970 (non
235 4899 456 4969 quidem
501 4908 710 4970 aperte,
743 4915 847 4955 nec
885 4901 961 4955 sic
992 4902 1152 4971 plane
1178 4903 1246 4958 de
1279 4917 1339 4957 ea
1382 4903 1643 4972 loquitur,

67 4988 214 5043 sicut
266 4989 666 5059 Evangelium).
690 5000 745 5045 et
775 4998 1059 5060 propterea
1110 5006 1234 5044 eum
1282 4990 1348 5044 ad
1380 4991 1645 5057 judicium

63 5077 448 5134 mandatorum
478 5081 687 5135 Domini
743 5081 1060 5136 reservavit.
1111 5079 1401 5144 Quorum?
1427 5080 1643 5135 Illorum

65 5171 341 5236 videlicet,
370 5190 493 5243 quae
515 5176 707 5230 dicunt
728 5193 738 5227 :
762 5173 863 5240 Qui
890 5168 991 5226 non
1016 5173 1179 5226 credit
1227 5169 1335 5224 inF
1338 5171 1485 5224 ilium
1524 5172 1645 5241 jam

58 5263 335 5334 judicatus
381 5273 456 5318 est
485 5264 550 5318 ³³.
578 5266 646 5321 Et
679 5281 866 5321 rursus
888 5284 900 5319 :
921 5263 976 5319 Si
1008 5281 1109 5318 non
1138 5264 1482 5327 credideritis,
1519 5266 1644 5333 quia

64 5368 159 5422 ego
185 5368 324 5417 sum,
343 5354 638 5407 moriemini
662 5355 717 5407 in
736 5356 956 5422 peccatis
976 5353 1226 5408 vestris“.
1254 5352 1522 5423 Multaque
1543 5353 1642 5407 alia

74 5441 193 5497 Ialia
215 5441 270 5494 in
296 5442 625 5512 evangelicis
664 5444 949 5513 praeceptis
981 5441 1142 5497 dicta.

139 5527 302 5585 Vens.
339 5532 520 5589 15-16.
566 5552 585 5584 ι
628 5531 692 5587 Ει
724 5534 790 5588 ad
821 5534 957 5589 ﬁlios
977 5532 1139 5589 Israel
1178 5533 1446 5603 loqueris:
1474 5532 1647 5587 Ilomo

146 5686 193 5719 "
227 5685 360 5742 Gen.
419 5703 590 5750 xxxu,
622 5686 676 5740 9..
792 5685 836 5717 ³ο
869 5685 886 5738 I
921 5684 1049 5741 Cor.
1086 5700 1148 5750 Il,
1181 5684 1233 5740 6.

79 5754 165 5810 (Η.
275 5757 318 5789 ⁸⁸
356 5758 511 5810 Deut.
546 5774 617 5822 vt,
652 5758 703 5810 ιι.
783 5756 826 5787 ³⁵
854 5755 1043 5810 Matth.
1080 5770 1210 5822 xxu,
1243 5756 1333 5811 '57.

106 5824 142 5852 ""
166 5822 185 5878 ι
210 5824 330 5881 Cor.
368 5845 461 5895 xu,
499 5828 549 5880 8.

1349 5685 1389 5717 "
1420 5685 1553 5739 Luc.
1585 5701 1624 5745 ι,
1654 5684 1744 5738 51.

1447 5756 1486 5786 ³⁷
1516 5754 1617 5809 lsa.
1650 5770 1773 5821 λιν,
1810 5755 1861 5811 5.

1756 4644 1905 4683 nunc
1935 4622 2194 4695 intelligis
2221 4620 2548 4677 maledicere
2596 4620 2786 4683 Deum,
2827 4616 2917 4687 qui
2964 4630 3074 4671 ncn
3111 4615 3332 4670 sciendo

1755 4718 2117 4789 blasphemat.
2142 4714 2299 4770 Unde
2317 4728 2417 4766 nec
2433 4711 2812 4780 blasphemare
2830 4724 2954 4762 eum
2972 4706 3331 4776 Symmachus

1756 4811 1896 4866 sicut
1925 4807 2095 4861 ﬁlium
2120 4803 2376 4857 mulieres
2403 4800 2719 4854 Israclitidis
2752 4797 2989 4866 scripsit,
3030 4796 3123 4850 sed
3147 4797 3328 4849 detra-

1755 4900 1909 4955 here.
1941 4898 2082 4951 Dixit
2106 4894 2252 4948 enim
2287 4910 2299 4945 :
2333 4891 2503 4944 Homo
2524 4890 2612 4960 qui
2641 4888 2928 4943 detraxerit
2964 4888 3070 4941 Deo
3108 4904 3219 4940 suo.
3264 4887 3332 4942 Et

1754 5003 1852 5059 per
1882 4986 1986 5040 hoc
2015 4982 2247 5037 maxime
2277 4978 2601 5041 ostenditur,
2635 4976 2757 5047 quia
2787 4991 2885 5046 per
2918 4974 3141 5028 nimiam
3179 4974 3332 5044 igno-

1752 5078 2005 5140 rantiam,
2034 5090 2095 5129 ea
2121 5075 2188 5128 de
2219 5074 2346 5139 Deo,
2366 5087 2487 5141 quae
2519 5071 2587 5129 de
2611 5071 2831 5125 homine
2856 5068 3023 5127 habet
3048 5068 3103 5122 in
3129 5067 3329 5141 quibus

1750 5172 1928 5228 locum
1970 5169 2135 5224 habet
2165 5164 2446 5230 detractio,
2491 5163 2693 5218 dicere.
2739 5162 3123 5217 Verumtamen
3164 5168 3218 5214 et
3250 5160 3328 5217 sic

1752 5269 2033 5333 peccatum
2050 5257 2266 5327 accipit,
2286 5256 2410 5326 quia
2433 5256 2560 5311 dum
2578 5255 2803 5310 deberet
2818 5254 3101 5309 scientiam
3121 5252 3325 5308 habere

1751 5365 1856 5403 non
1883 5342 2400 5402 habuiLNominitre
2418 5351 2597 5397 autem
2616 5357 2813 5395 nomen
2843 5341 3055 5396 Domini
3083 5342 3138 5395 in
3161 5340 3324 5395 male-

1753 5440 1988 5495 dicendo
2028 5439 2102 5493 ait
2140 5453 2287 5501 eum,
2340 5435 2432 5505 qui
2497 5433 2550 5489 iu
2587 5435 2812 5489 scientia
2851 5434 3211 5505 blasphemat.
3238 5420 3321 5487 (Ili

1755 5539 1934 5585 autem
1969 5528 2185 5599 proorie
2222 5526 2505 5581 Dominum
2550 5526 2851 5591 nominant,
2879 5525 2969 5595 qui
2991 5525 3110 5595 ejus
3148 5523 3326 5580 scien-

1822 5685 1865 5715 ”
1902 5681 2094 5751 Philip.
2131 5697 2192 5739 ιι.
2224 5682 2307 5734 Ill.
2385 5680 2429 5712 ³³
2450 5679 2606 5751 Ioan.
2639 5677 2847 5751 undis.
2923 5678 3147 5751 "loga.
3198 5694 3317 5744 vm,

1964 5754 2006 5783 π
2038 5746 2204 5807 Exod.
2238 5767 2419 5817 xxxiv,
2457 5749 2511 5805 5.
2627 5750 2669 5779 ³⁸
2700 5746 2890 5801 Matth.
2923 5763 3019 5817 xu,
3054 5747 3143 5812 51,
3177 5751 3265 5803 51!.
