3810 6318
12 241 136 309 113

1215 255 1297 317 ΙΝ
1333 256 1776 319 LEVITICUM.
1818 284 1887 297 --
1927 260 2073 321 LIB.
2111 261 2243 324 VII.

3226 254 3285 321 11
3296 257 3361 323 li

3 358 290 430 eptimo,
358 362 602 421 decima
640 364 867 435 mensis,
921 368 1329 440 prepitiationis
1385 380 1652 440 tempore,
1684 375 1732 435 Α
1758 371 2033 431 thesauros
2055 375 2111 427 in
2138 373 2290 438 creto,
2328 374 2418 428 ubi
2447 390 2538 428 nec
2572 372 2736 436 turea,
2765 384 2859 428 nec
2887 386 3063 441 wrugo
3113 386 3358 425 corrum-

8 451 359 524 langentes
419 456 675 514 buccina
719 459 775 513 in
809 459 1066 516 universa
1105 470 1247 517 terra
1290 472 1473 517 vestra
1515 471 1665 521 recte

0 542 318 612 irzecepit,
402 562 530 616 per
590 549 1037 619 propitiationem
1102 550 1482 614 manifestans,
1535 551 1663 622 quia

0 640 257 702 iropter
307 634 654 692 bonitatem
686 648 742 693 et
769 639 1115 694 clementiam
1146 656 1272 711 erga
1303 656 1467 695 omne
1494 657 1665 712 genus

0 736 371 790 iumanum,
434 729 857 785 communionis
911 730 1330 785 resurrectionis
1382 732 1666 802 dispensat

0 816 391 887 nysterium,
419 820 872 876 misericordiam
902 821 1225 892 impendens
1244 821 1549 892 Adam,qui
1566 837 1665 892 per

3 909 508 966 nobedientiam
544 913 600 967 in
628 922 832 968 terram
875 915 1072 969 reverti
1109 926 1415 985 praeceptus
1443 923 1529 969 est
1560 935 1574 969 :
1613 914 1659 969 si

0 1003 157 1058 anim
199 1020 339 1059 non
378 1006 663 1062 misertor
696 1008 1132 1077 propitiatorium
1163 1008 1375 1070 fuisset,
1405 1024 1516 1062 non
1538 1023 1662 1063 eum

0 1098 481 1168 tcorruptione
511 1109 730 1156 terrena
769 1102 1078 1156 liberasset.
1116 1099 1270 1167 Quod
1306 1110 1490 1156 autem
1528 1101 1667 1157 dixit

0 1205 252 1245 omnem
313 1199 574 1258 terram,
620 1193 746 1262 quia
796 1193 963 1248 totius
1017 1193 1125 1248 erit
1169 1194 1394 1248 humani
1446 1193 1665 1264 generis

0 1284 415 1339 resurrectio.
458 1284 568 1340 Per
596 1286 888 1356 septimum
919 1295 1103 1340 autem
1134 1300 1403 1352 mensem,
1433 1294 1490 1340 ει
1511 1285 1665 1341 deci-

0 1390 168 1435 mam
201 1375 404 1442 diem,
443 1392 578 1433 eum
621 1378 712 1447 qui
747 1378 864 1433 haec
907 1379 1038 1448 egit,
1091 1378 1342 1433 videlicet
1383 1377 1665 1434 Christum

0 1468 347 1539 intelliges.
379 1469 583 1526 Mense
620 1470 765 1525 enim
807 1471 1047 1540 septimo
1074 1478 1206 1526 aetas
1243 1470 1441 1525 mundi
1463 1470 1614 1526 venit
1646 1489 1659 1524 :

0 1560 194 1629 cujus
228 1576 521 1617 mensem
544 1563 778 1632 primum
810 1562 1046 1617 dicimus
1079 1577 1207 1617 eum
1232 1562 1325 1631 qui
1359 1561 1461 1617 fuit
1482 1562 1537 1617 in
1569 1577 1671 1631 pa-

4 1651 227 1706 radiso
262 1668 282 1718 ;
313 1654 644 1708 secundum
675 1670 845 1724 usque
868 1656 933 1708 ad
965 1654 1231 1710 diluvium
1257 1656 1544 1721 :tertium,
1567 1671 1663 1710 us-

6 1759 134 1813 que
182 1744 263 1799 ad
300 1744 645 1800 Abraham:
676 1755 929 1815 quartum
967 1763 1137 1816 usque
1174 1747 1243 1800 ad
1271 1756 1509 1817 tempus,
1558 1764 1668 1818 quo

12 1837 408 1894 descensum
458 1847 544 1893 est
583 1837 638 1892 in
683 1838 975 1910 Egyptum
1007 1857 1020 1891 :
1053 1839 1328 1908 quintum,
1382 1855 1556 1909 usque
1602 1842 1667 1897 ad

15 1931 457 2001 captivitatem
490 1933 545 1986 in
575 1932 920 2003 Babyloniam
946 1950 959 1985 :
987 1940 1222 1997 sextum,
1258 1948 1432 2002 usque
1473 1932 1540 1987 ad
1570 1933 1669 1987 ad-

20 2032 285 2077 ventum
305 2021 525 2078 Christi
547 2042 558 2077 :
580 2024 892 2093 septimum,
911 2023 1087 2093 ipsum
1111 2024 1323 2078 Domini
1343 2025 1669 2091 adventum;

20 2130 169 2168 nam
222 2117 346 2170 etsi
424 2130 537 2170 non
590 2130 782 2170 omnes
844 2116 929 2169 hae
970 2115 1333 2171 differentiam
1377 2117 1669 2186 quamdam

28 2202 192 2258 inter
224 2220 294 2259 se
315 2212 525 2259 aetates
548 2204 786 2267 habent,
829 2211 1009 2258 tamen
1031 2212 1335 2274 temporum
1360 2206 1511 2276 signa
1533 2206 1673 2261 sicut

28 2312 285 2352 menses
321 2297 562 2351 habent.
591 2295 697 2350 Sed
725 2296 992 2352 decimam
1023 2296 1167 2352 diem
1200 2308 1485 2368 propterea
1516 2301 1671 2356 addi-

34 2389 150 2455 dit,
180 2391 325 2460 quia
368 2390 431 2444 in
455 2388 866 2459 perfectionem,
893 2390 1166 2459 perfectus
1185 2392 1387 2462 quippe
1410 2409 1673 2449 numerus

34 2491 133 2537 est
188 2480 489 2543 decimus,
526 2480 965 2550 propitiationem
1002 2482 1250 2537 hostram
1297 2499 1395 2553 per
1428 2499 1671 2553 crucem,

38 2582 230 2642 atque
282 2572 610 2641 passionem
652 2571 904 2627 Christus
950 2573 1177 2644 peregit.
1224 2572 1380 2629 Unde
1420 2584 1474 2630 et
1515 2591 1672 2631 ovem

41 2682 227 2734 quam
274 2664 504 2735 Moyses
548 2665 808 2734 prazcepit
849 2664 1136 2730 immolari,
1185 2665 1483 2735 perfectam
1526 2684 1669 2734 esse,

46 2766 109 2814 et
123 2759 365 2813 decima
384 2757 474 2811 die
487 2758 725 2827 separari
757 2758 1034 2827 przecepit,
1054 2759 1218 2828 hujus
1238 2769 1518 2831 gerentem
1538 2763 1673 2817 ima-

49 2851 279 2921 ginem,
313 2850 389 2904 de
417 2864 527 2919 quo
553 2848 712 2904 nobis
741 2865 889 2906 nunc
931 2865 1113 2906 sermo
1160 2860 1266 2906 est.
1313 2849 1454 2918 Quid
1487 2862 1671 2909 autem

52 2942 152 2996 his
175 2940 450 2996 addidit?

1770 466 1871 534 pit,
1900 481 1991 519 nec
2016 466 2163 537 fures
2197 466 2470 535 effodiunt,
2521 478 2570 520 et
2632 468 2884 537 [urantur
2904 465 3000 526 ⁸³..
3028 461 3140 518 Sed
3184 470 3241 517 et
3288 461 3358 517 ad

1772 554 2034 610 familiam
2065 555 2351 625 pristinam
2384 556 2651 617 redimus,
2682 555 2767 610 vel
2790 555 2935 611 sicut
2967 552 3353 625 Septuaginta,

1777 648 1849 701 ad
1896 624 2133 715 patriam
2189 656 2429 702 nostram
2483 646 2889 702 ambulabimus.
2936 624 3223 702 Manifesta
3275 654 3362 700 est

1771 741 1919 795 enim
1956 740 2206 810 quaedam
2230 739 2532 797 amantium
2556 739 2985 809 hospitalitatem
3025 739 3220 808 patria,
3242 738 3361 793 sive

1771 830 1997 898 familia,
2057 834 2146 888 cui
2193 832 2470 887 Abraham
2531 839 2751 901 praeest,
2811 824 3359 886 manifesta'castro-

1773 938 1918 990 rum,
1950 922 2326 994 cujusloseph
2357 924 2616 994 princeps
2644 928 2733 977 est
2761 939 2774 975 :
2807 920 3099 975 manifesta
3151 921 3361 976 zelato-

1773 1031 1914 1081 rum,
1943 1016 2273 1086 cujusElias
2297 1015 2592 1086 primatum
2625 1022 2795 1079 tenet,
2839 1028 3070 1083 quarum
3127 1011 3361 1066 haeredi-

1773 1117 1941 1163 tatem
1970 1107 2325 1178 percipimus,
2373 1109 2593 1178 quando
2639 1107 2836 1162 horum
2902 1120 3028 1175 quae
3065 1104 3155 1158 hic
3210 1115 3359 1170 sunt,

1772 1198 2045 1264 remissio,
2094 1208 2151 1254 et
2197 1199 2563 1255 sanctiﬁcatio
2604 1205 2795 1253 contra
2846 1205 3081 1252 mortem
3120 1194 3362 1251 victoris:

1773 1301 1992 1362 peracta
2018 1291 2203 1347 fuerit.

1842 1385 1906 1439 In
1967 1385 2403 1455 quinquagesimo
2461 1400 2605 1437 anno
2659 1384 2752 1453 qui
2812 1390 2928 1453 post
2977 1381 3360 1436 hebdomadam

1772 1474 2256 1529 hebdomadarum:
2317 1473 2377 1528 Id
2432 1483 2555 1538 est,
2613 1482 2736 1543 post
2792 1487 3139 1527 communem
3193 1457 3359 1526 ﬁnem

1772 1569 1979 1631 veniet,
2013 1567 2343 1624 sicutsemel
2370 1575 2654 1622 ostensum
2704 1573 2807 1621 est.
2854 1566 3010 1619 'l'unc
3058 1580 3171 1619 non
3230 1579 3363 1634 pos-

1774 1669 1903 1716 sunt
1940 1660 2221 1725 seminari,
2252 1674 2433 1728 neque
2466 1659 2601 1712 meti
2635 1667 2833 1727 sponte
2865 1658 2920 1710 in
2957 1670 3089 1726 agro
3127 1671 3365 1711 nascen-

1701 1734 1743 1788 Β
1774 1753 1867 1814 tia,
1902 1768 2082 1823 neque
2112 1751 2381 1822 primitias
2410 1750 2707 1805 vindemiae
2756 1749 2958 1819 colligi.
2986 1747 3175 1818 Neque
3215 1747 3363 1802 enim

1773 1854 1989 1916 tempus
2010 1853 2115 1909 est,
2152 1846 2205 1899 in
2234 1860 2345 1914 quo
2384 1843 2545 1898 nobis
2570 1858 2666 1911 per
2696 1842 3077 1912 operationem
3127 1839 3363 1909 conquiv

1771 1955 1957 1994 ramus
1995 1940 2232 2009 aliquam
2273 1940 2716 1998 sanctimoniam,
2770 1952 2934 2007 quam
2989 1936 3044 1989 in
3090 1937 3193 1990 hac
3255 1936 3361 1990 vita

1769 2048 1881 2086 non
1909 2032 2344 2102 conquisivimus
2378 2031 2433 2085 in
2469 2031 2670 2087 sarculo
2712 2029 2919 2095 futuro,
2949 2028 3045 2082 sed
3087 2026 3193 2081 frui
3250 2026 3362 2092 his,

1771 2139 1890 2193 qua:
1922 2124 2012 2177 hic
2038 2123 2246 2193 operati
2265 2122 2554 2187 fuerimus,
2586 2132 2643 2177 et
2671 2128 2960 2190 propterea
3005 2119 3221 2173 subdit:

1843 2215 1947 2272 Sed
1979 2217 2164 2270 statim
2197 2214 2377 2269 oblata
2444 2214 2746 2268 comedetis.
2780 2211 2879 2266 Vel
2941 2211 3081 2265 sicut
3133 2208 3365 2279 Septua-

1770 2309 1939 2380 ginta,
1965 2308 2031 2361 de
2051 2308 2253 2377 catnpis
2293 2308 2594 2372 comedetis,
2631 2321 2748 2377 qua:
2778 2313 3072 2358 nascuntur
3105 2303 3160 2355 in
3187 2318 3272 2363 ea,
3314 2300 3366 2354 id

1772 2410 1855 2458 est
1882 2411 2091 2471 parata,
2140 2416 2252 2454 non
2307 2414 2429 2470 qua:
2481 2408 2614 2453 tunc
2657 2398 3038 2460 seminantur,
3089 2410 3195 2449 nec
3247 2407 3368 2462 qua!

1771 2494 2046 2556 coluntur,
2103 2492 2197 2546 sed
2257 2491 2387 2546 olim
2425 2491 2831 2562 prmseminata,
2886 2497 2943 2542 et
3004 2493 3365 2557 prmoperata.

1773 2583 1910 2637 lllud
1961 2592 2045 2637 est
2103 2583 2254 2637 enim
2300 2590 2536 2652 tempus,
2600 2582 2667 2636 de
2701 2579 2920 2651 quo.ait
2978 2577 3188 2631 David:
3230 2575 3368 2640 Quia

1775 2675 1947 2729 reddis
1974 2674 2255 2744 unicuique
2305 2674 2591 2728 secundum
2621 2688 2789 2741 opera
2848 2686 2947 2724 sua
2968 2669 3032 2721 δε.
3082 2668 3190 2721 Sed
3233 2666 3367 2736 quid

1774 2765 1828 2820 in
1854 2765 2018 2820 ﬁnem
2046 2765 2337 2835 praesentis
2358 2763 2670 2819 sanationis
2691 2761 2851 2817 dixit:
2872 2760 3024 2814 Anno
3042 2758 3254 2828 jubilei,
3285 2757 3370 2811 vel

1773 2863 2076 2917 secundum
2109 2858 2489 2931 Septuaginta,
2515 2875 2655 2911 anno
2681 2856 3005 2911 remissionis
3023 2852 3373 2925 signiﬁcatio-

1776 2955 1856 3008 nis
1880 2955 2080 3008 redient
2111 2970 2289 3007 omnes
2328 2954 2399 3007 ad
2423 2951 2771 3022 possessiones
2797 2964 2945 3003 suas.

135 3051 632 3124 Sanctiﬁcabisque
669 3070 867 3108 annum
905 3056 1425 3127 quinquagesimum,
1491 3067 1540 3111 et
1583 3075 1670 3113 vo-

1846 3046 2146 3101 Evidenter
2180 3062 2281 3101 nos
2325 3047 2434 3109 lex,
2479 3060 2578 3115 per
2620 3045 2724 3098 hoc
2768 3041 2917 3111 quod
2962 3054 3112 3103 nunc
3159 3037 3369 3092 dictum

64 3146 218 3199 rubis
244 3145 619 3198 remissionem
665 3146 866 3198 cunctis
912 3147 1295 3201 habitatoribus
1346 3158 1501 3203 terra:
1551 3158 1674 3203 tum.

67 3237 453 3306 Septuaginta
486 3245 671 3291 autem
703 3236 933 3297 addunt,
974 3238 1156 3291 Annus
1193 3240 1515 3293 remissionis
1581 3242 1680 3295 erit

67 3329 246 3383 vobis.
299 3329 646 3400 Signiﬁcatio
705 3329 821 3384 haec
869 3330 1320 3393 sanctiﬁcabitur,
1383 3330 1434 3384 id
1496 3340 1579 3386 est
1623 3333 1679 3386 in

69 3419 464 3474 sanctimonia
488 3419 637 3472 hunc
669 3427 1002 3487 exspectate,
1031 3427 1081 3472 et
1112 3427 1299 3472 sancta
1328 3420 1395 3473 de
1433 3435 1499 3473 eo
1532 3424 1682 3491 cogi—

72 3521 217 3566 tate.
261 3511 379 3565 Sed
401 3518 458 3564 et
486 3509 903 3564 sanctimoniam
929 3509 981 3562 in
1019 3526 1085 3564 eo
1121 3510 1398 3579 corrigite,
1429 3511 1681 3566 reminis—

76 3611 285 3656 centes
327 3600 505 3663 illum,
530 3600 624 3669 qui
655 3599 818 3653 dixit:
850 3599 1045 3653 Pacem
1064 3617 1234 3653 meam
1260 3602 1540 3670 sequimini
1566 3620 1683 3656 cum

75 3695 337 3747 omnibus
387 3702 436 3746 et
484 3692 912 3757 sanctimoniam,
969 3694 1082 3746 sine
1125 3709 1229 3763 qua
1284 3711 1433 3747 nemo
1480 3697 1670 3751 videbit

79 3785 349 3841 Deum“.
381 3784 489 3838 Sed
518 3795 574 3839 et
605 3784 861 3839 omnibus
891 3783 984 3853 qui
1015 3795 1143 3838 sunt
1181 3785 1235 3837 in
1271 3793 1435 3849 terra,
1488 3787 1682 3841 remis-

81 3878 312 3932 sionem
375 3876 799 3939 annuntiemus,
837 3875 1049 3945 prolata
1079 3883 1267 3929 contra
1317 3891 1418 3930 nos
1460 3886 1686 3949 propter

84 3970 267 4024 Adam
309 3970 607 4023 sententia.
650 3967 992 4037 Signiﬁcatio
1023 3968 1143 4021 haec
1194 3976 1296 4032 est,
1337 3968 1551 4038 signum
1601 3978 1685 4024 est

84 4061 239 4115 enim
269 4067 615 4114 mortuorum
659 4057 991 4111 resurrectio
1020 4057 1222 4112 Christi
1279 4057 1540 4117 victori:e.
1590 4074 1685 4127 per

88 4167 260 4220 quam
294 4148 467 4203 vincit
515 4147 818 4211 inimicum,
882 4146 1064 4200 omnia
1102 4148 1401 4217 subjiciens
1459 4148 1597 4213 sibi;
1629 4159 1687 4204 et

87 4246 391 4298 destruens
451 4250 726 4303 mortem,
786 4239 1248 4308 quemadmodum
1309 4239 1511 4294 Paulus
1566 4241 1680 4295 ait:

92 4334 313 4402 Oportet
343 4348 464 4386 eum
498 4346 736 4401 regnare,
801 4329 965 4383 donec
1014 4340 1177 4398 ponat
1231 4345 1407 4383 omnes
1446 4331 1685 4383 inimicos

94 4429 187 4481 sub
248 4428 472 4499 pedibus
544 4425 674 4478 suis.
730 4426 1025 4479 Nouissime
1108 4424 1325 4478 inimica
1386 4424 1682 4478 destruetur

98 4537 236 4573 mors
263 4522 331 4574 “.
368 4519 474 4573 Sed
506 4517 832 4589 signiﬁcatio
868 4517 985 4572 hinc
1013 4524 1113 4587 per
1138 4516 1678 4585 evangelicani‘prae-

99 4611 427 4665 dicatiouem
455 4608 728 4675 efﬁcitur;
754 4608 1003 4665 Christus
1036 4609 1180 4664 enim
1207 4608 1525 4672 adveniens,
1559 4622 1677 4662 eam

102 4701 426 4772 signiﬁcavit
448 4709 609 4770 atque
632 4701 970 4771 prazdicavit.

173 4798 313 4852 Tunc
347 4806 634 4850 revertetur
672 4796 824 4849 homo
873 4799 944 4850 ad
988 4797 1364 4865 possessionem
1408 4811 1583 4859 suam,
1640 4806 1688 4848 et

104 4891 454 4961 unusquisque
485 4888 650 4943 rediet
681 4889 755 4942 ad
786 4888 1047 4959 familiam
1080 4889 1380 4956 pristinam,
1422 4887 1505 4940 vel
1534 4886 1688 4942 sicut

106 4983 481 5052 Septuaginta,
548 4982 620 5035 ad
676 4982 911 5051 patriam
972 4997 1146 5034 suam.
1200 4977 1488 5035 Possessio
1538 4981 1684 5034 enim

111 5079 292 5124 nostra
326 5080 426 5135 est,
458 5079 513 5125 et
536 5065 782 5138 indeptio
818 5070 983 5123 futuri
1014 5068 1223 5131 saiculi,
1246 5069 1373 5137 quia
1399 5069 1543 5122 illam
1575 5085 1683 5122 non

113 5161 177 5215 ad
205 5171 436 5229 tempus,
471 5161 567 5213 sed
618 5161 672 5214 in
710 5170 1037 5230 perpetuum
1079 5160 1445 5230 possulemus,
1476 5169 1532 5213 et
1584 5175 1688 5215 nec

115 5266 253 5304 nunc
280 5250 504 5320 quidem
526 5250 716 5320 hujus.
745 5266 895 5306 nunc
927 5261 1109 5306 autem
1142 5251 1308 5314 illius,
1330 5251 1425 5304 sed
1466 5266 1682 5319 semper

118 5343 352 5413 ejusdem
389 5350 474 5396 est
503 5341 679 5405 firma,
722 5351 776 5395 et
800 5358 919 5411 qua:
959 5359 1066 5397 non
1100 5343 1274 5411 possit
1321 5342 1522 5396 auferri
1563 5356 1687 5410 pns-

119 5433 299 5497 sessio,
332 5432 401 5486 de
431 5447 535 5500 qua
569 5431 831 5484 Dominus
858 5430 1107 5484 dicebat:
1145 5430 1514 5484 Thesaurisate
1549 5429 1688 5483 vobis

188 5609 225 5644 “
251 5609 419 5674 llebr.
447 5621 542 5671 xu,
581 5607 664 5662 Η.

128 5679 206 5749 lip.
230 5698 265 5747 ι,

751 5606 795 5635 ⁶²
822 5607 837 5657 l
870 5605 990 5661 Cor.
1028 5623 1115 5670 xv,
1146 5607 1235 5670 25,
1261 5607 1346 5660 ‘26.
1422 5606 1465 5636 ⁶²
1492 5606 1675 5660 Matth.
1705 5622 1780 5671 vt,
1822 5608 1900 5662 ιτ).

1783 3148 1868 3193 cst
1923 3146 2282 3205 contestatur,
2338 3139 2464 3207 quia
2526 3136 2611 3191 vel
2662 3135 2707 3189 si
2757 3132 2887 3188 hinc
2941 3128 3369 3192 recesserimus,

1786 3246 1958 3300 usque
1981 3231 2047 3285 ad
2082 3247 2286 3284 annum
2308 3228 2670 3291 remissionis,
2730 3225 2824 3295 qui
2863 3231 2948 3280 est
2980 3220 3373 3278 sanctiﬁcatio-

1784 3325 1892 3388 nis,
1931 3340 2105 3392 usque
2130 3324 2198 3378 ad
2235 3337 2585 3378 communem
2634 3319 2892 3373 videlicet
2935 3314 3372 3371 consummatio-

1785 3431 1935 3478 nem,
1960 3424 2014 3467 et
2046 3410 2388 3468 niortuorum
2420 3410 2904 3475 resurrectionem,
2935 3424 3097 3477 quam
3119 3405 3374 3460 Christus

1786 3512 2063 3573 operatur,
2101 3502 2322 3573 quando
2366 3503 2638 3573 integrum
2666 3500 2844 3570 surgit
2868 3507 3059 3553 contra
3087 3496 3371 3552 inimicum

1785 3605 1842 3649 et
1874 3603 2108 3649 mortem
2152 3593 2483 3662 trophseum,
2518 3592 2587 3646 ad
2639 3589 3046 3660 possessionem
3080 3603 3256 3651 suam,
3307 3588 3375 3643 ad

1786 3686 2164 3741 lnereditatem
2200 3683 2461 3739 videlicet
2484 3698 2649 3737 nemo
2679 3681 2860 3735 redire
2904 3688 3104 3751 potest,
3151 3687 3377 3749 propter

1786 3778 1933 3847 quod
1963 3785 2019 3831 et
2055 3777 2256 3830 Paulus
2284 3775 2389 3828 ait:
2426 3774 2536 3829 Nos
2562 3775 2655 3845 qui
2691 3773 2933 3834 vit-imus,
2961 3788 3066 3825 non
3088 3771 3374 3841 pra’venie-

1787 3886 1905 3923 mas
1925 3886 2009 3923 eos
2041 3870 2131 3939 qui
2185 3868 2596 3922 dormierunt”.
2629 3865 2818 3933 Neque
2875 3862 3020 3917 enim
3073 3861 3227 3931 justi,
3282 3861 3373 3928 qui

1788 3961 1895 4016 vivi
1920 3962 2277 4030 appellantur
2322 3968 2570 4013 mortuos
2598 3955 2939 4026 precedent,
2988 3953 3082 4008 sed
3129 3951 3375 4007 omnium

1783 4054 2049 4125 judicium
2083 4053 2187 4108 erit
2218 4066 2534 4114 commune,
2592 4058 2648 4103 et
2682 4062 2879 4102 omnes
2918 4046 3077 4100 simui
3111 4045 3176 4098 ad
3227 4058 3376 4098 com-

1786 4149 2029 4217 petentia
2090 4147 2194 4201 sibi
2244 4145 2382 4225 [loca
2436 4141 2918 4197 transmittuntur.
2998 4138 3143 4192 Bene
3191 4149 3373 4191 autem

1788 4239 2023 4301 redient,
2069 4238 2165 4300 ait,
2199 4236 2331 4309 quia
2354 4236 2421 4289 ad
2465 4236 2633 4289 Deum
2658 4256 2661 4259 η
2691 4232 3062 4297 ambulamus,
3099 4245 3129 4284 a
3173 4243 3282 4299 quo
3320 4237 3377 4283 et

1788 4331 2063 4391 venimus,
2098 4344 2223 4383 cum
2253 4344 2363 4382 non
2410 4341 2658 4382 essemus
2699 4324 2873 4395 prius.
2924 4322 3152 4387 Quando
3189 4327 3373 4375 autem

1719 4408 1760 4462 D
1786 4422 2097 4477 venerimus
2127 4421 2193 4475 ad
2227 4429 2540 4483 eumrtunc
2566 4433 2695 4473 esse
2719 4416 3037 4486 incipimus.
3068 4413 3179 4468 Sed
3204 4412 3375 4481 caepi-

1789 4530 1915 4571 mus
1931 4515 2149 4585 quidem
2174 4528 2294 4568 esse
2316 4512 2699 4572 communiter,
2728 4526 2792 4564 ex
2824 4525 2932 4579 quo
2957 4508 3128 4561 Adam
3160 4514 3376 4561 creatus

1784 4614 1898 4659 est:
1933 4603 2250 4673 specialiter
2284 4611 2467 4656 autem
2500 4601 2878 4669 unusquisque
2914 4606 3114 4652 est.‘ex
3163 4612 3273 4664 quo
3319 4594 3372 4647 in

1789 4704 1982 4749 ventre
2008 4705 2257 4746 materno
2280 4692 2582 4760 plasmatus
2605 4701 2711 4745 est.
2731 4691 2807 4742 ait
2824 4689 2969 4742 enim
3007 4704 3019 4738 :
3045 4686 3145 4750 Qui
3176 4685 3375 4738 format

1788 4785 2042 4854 Spiritum
2079 4782 2319 4836 hominis
2357 4783 2412 4833 in
2445 4782 2649 4849 ipsum.
2684 4780 2726 4830 Α
2763 4779 2871 4829 Deo
2904 4787 3085 4829 tamen
3120 4776 3373 4828 venimus

1791 4876 2005 4931 ratione
2040 4872 2265 4942 Opiﬁcii,
2309 4881 2365 4924 et
2419 4868 2753 4923 conditionis
2800 4869 2938 4937 ejus,
2976 4874 3201 4936 propter
3227 4868 3370 4935 quod

1788 4979 1844 5024 et
1873 4967 2074 5022 Patrius
2102 4964 2356 5019 dicebat:
2393 4962 2654 5017 Coarctor
2683 4969 2859 5014 autem
2894 4976 2957 5013 ea:
2980 4958 3202 5023 duobus,
3235 4959 3372 5012 desi-

1789 5061 1995 5116 derium
2026 5057 2219 5110 habens
2253 5053 2486 5119 dissolvi,
2515 5060 2565 5108 et
2596 5068 2715 5107 cum
2743 5052 2953 5106 Christo
2982 5067 3094 5105 esse
3115 5052 3181 5106 “.
3215 5049 3369 5116 Quod

1790 5152 2091 5219 unicuique
2141 5158 2391 5203 nostrum
2423 5164 2545 5201 cum
2599 5146 2797 5201 ﬁducia
2833 5145 3134 5215 proveniat,
3183 5145 3231 5198 id
3263 5152 3368 5210 est,

1795 5255 1855 5301 ut
1883 5244 2282 5315 possessionem
2323 5243 2545 5303 bonam,
2573 5248 2629 5295 et
2666 5254 2788 5309 quae
2833 5238 3052 5293 familiis
3097 5238 3370 5307 justorum

1795 5345 2250 5398 connumerotur,
2326 5333 2669 5387 inveniamus
2736 5340 2899 5401 atque
2972 5330 3367 5400 possideamus.

1798 5429 2110 5485 Tunc'enim
2128 5433 2361 5485 nostras,
2378 5426 2521 5479 sicut
2543 5424 2798 5490 diximus,
2818 5421 3192 5493 possessiones
3222 5420 3370 5475 inre-

3168 5597 3211 5630 “
3240 5596 3371 5654 Phi-

1984 5608 2027 5638 “
2059 5603 2200 5659 Psal.
2233 5617 2340 5667 LXI,
2382 5602 2466 5655 l5.
2564 5600 2607 5631 ⁸⁵
2641 5599 2871 5655 l'l‘liess.
2900 5615 2974 5665 ix,
3008 5599 3080 5654 li.
