3810 6318
0 272 143 339 ΛΤ

1161 277 1246 338 ΙΝ
1288 275 1735 339 LEVITICUM.
1775 300 1846 313 --
1883 275 2037 347 LIB.
2073 274 2210 338 VII.

3180 263 3319 331 11-18

0 390 73 445 bi
96 388 500 463 conquirere,
526 390 746 447 domum
777 389 965 447 domui
1025 389 1385 461 conjungere,
1432 403 1627 461 agrum
1658 396 1705 450 Α
1733 387 1939 442 tionem
1962 395 2126 443 terra:
2172 385 2519 457 precipiens.
2550 399 2665 441 non
2686 382 2803 439 vult
2823 380 3079 449 deﬁcere,
3131 393 3316 448 neque

0 498 117 553 gro
182 499 508 555 apponere,
565 483 661 539 sed
712 482 955 538 tribucre
994 498 1136 553 opus
1164 483 1522 550 habentibus,
1571 491 1626 538 et
1726 477 2051 533 conturbari
2109 491 2234 541 eos,
2302 475 2396 546 qui
2457 474 2631 546 legem
2690 471 3118 544 pmipiebant,
3180 469 3316 541 quid

0 573 294 629 aulatint
330 591 453 646 quae
502 575 794 636 dederunt,
843 573 912 630 de
943 574 1215 630 fructibus
1264 575 1504 645 recipere
1531 575 1625 644 qui
1726 565 2036 630 comedam,
2071 573 2167 619 aut
2191 563 2338 620 unde
2357 563 2666 626 comedam.
2700 561 2795 616 sed
2816 560 2924 616 ait:

0 679 28 719 Ξ
70 665 275 739 agris
297 666 647 739 colliguntur.
682 667 865 737 ipsum
915 665 1064 721 enim
1108 666 1356 722 debitum
1398 667 1624 733 donare,

0 765 26 810 t
93 770 330 826 neque
376 757 480 812 hoc
506 756 655 826 quod
709 764 963 812 mutuum
1008 756 1195 811 datum
1236 765 1323 810 est
1358 758 1625 826 recipere.

2 848 301 904 erfecte
331 849 437 904 hoc.
489 850 617 905 vita:
639 857 744 909 cst.
767 864 932 919 quam
979 864 1094 905 non
1127 863 1323 905 omnes
1371 849 1624 920 capiunt:

0 939 69 993 ui
110 948 343 993 autem
383 940 632 1010 capiunt,
666 941 811 996 beati
839 948 988 995 sunt.

44 1026 259 1098 Vens.
309 1031 502 1087 18-20.
544 1050 563 1082 ε
601 1031 787 1087 Facite
840 1042 1112 1103 praecepta
1145 1048 1290 1101 mea,
1332 1041 1388 1087 et
1424 1033 1629 1104 judicia

0 1123 331 1189 ustodite,
360 1133 417 1179 et
437 1125 660 1194 implete
682 1140 767 1190 ea,
798 1134 858 1179 ut
878 1125 1125 1179 habitare
1153 1126 1379 1196 possitis
1405 1127 1461 1181 in
1485 1134 1629 1182 terra

0 1216 220 1285 bsque
250 1215 380 1269 ullo
425 1231 648 1285 pavore,
689 1225 746 1270 et
774 1214 957 1286 gignat
984 1215 1139 1271 vobis
1170 1216 1372 1270 humus
1423 1215 1632 1270 fructus

1 1319 156 1366 nos,
202 1303 436 1375 quibus
458 1303 758 1359 vescamini
789 1317 962 1372 usque
991 1302 1058 1357 ad
1092 1301 1456 1366 saturitatem,
1505 1302 1632 1355 nul-

0 1398 107 1451 ius
145 1397 456 1467 impetum
496 1396 879 1453 formidantes.
915 1412 935 1446 ι

56 1487 346 1543 Maxime
391 1488 459 1543 ad
516 1502 680 1541 aures
741 1495 954 1541 nostras
1009 1486 1237 1556 spiritus
1286 1486 1386 1540 Dei
1423 1484 1634 1540 cautela

0 1579 398 1647 perfectaque
433 1578 624 1643 utitur,
661 1593 730 1633 ne
757 1577 896 1633 forte
938 1576 1231 1643 discentes,
1263 1577 1392 1647 quia
1438 1590 1637 1631 secuno

0 1672 135 1724 lum
172 1685 498 1724 numerum
522 1684 813 1736 annorum,
842 1669 896 1724 id
944 1678 1028 1724 est
1050 1669 1346 1724 secundum
1379 1669 1634 1723 virtutem

1802 657 1952 712 Dabo
1984 656 2393 711 benedictionem
2418 672 2588 710 meant
2615 655 2777 710 vobis.
2805 636 3006 720 Quam,
3036 652 3169 723 quia
3199 665 3315 707 non

1729 750 1786 804 in
1819 750 1936 805 solo
1960 764 2103 819 pane
2130 748 2265 804 vivit
2299 749 2484 815 homo,
2511 747 2608 803 sed
2646 747 2704 802 in
2739 747 2892 802 omni
2938 746 3112 802 verbo
3167 744 3316 816 quod

1729 839 1980 911 procedit
2016 839 2084 894 de
2124 854 2221 894 ore
2250 839 2383 894 Dei:
2424 840 2699 911 quomodo
2726 853 2857 910 ergo
2889 837 3095 894 Christi
3152 852 3317 893 man-

1731 931 1919 987 datum
1943 932 2166 1002 quidam
2208 940 2464 1000 tanquam
2496 930 2834 1002 impossibile
2882 939 2937 986 et
2982 929 3317 985 laboriosum

1732 1034 2017 1091 accusant,
2049 1041 2163 1094 quo
2203 1024 2375 1081 dixit:
2440 1023 2563 1079 Non
2607 1025 2845 1093 cogitetis
2889 1025 2946 1076 in
2991 1021 3321 1076 crastino"?

1733 1115 1871 1170 Ecce
1888 1116 2033 1172 enim
2057 1116 2142 1170 lex
2172 1117 2368 1171 similia
2396 1116 2665 1186 praecipit,
2694 1124 2751 1170 et
2790 1116 2858 1170 de
2889 1115 3118 1186 integris
3145 1114 3319 1169 tribus

1732 1206 1895 1261 annis
1926 1208 2082 1277 jubet
2100 1222 2206 1262 non
2231 1208 2472 1278 cogitare
2494 1222 2609 1270 eos,
2639 1207 2732 1277 qui
2765 1207 3018 1261 virtutem
3041 1205 3318 1277 legislato-

1734 1299 1811 1352 ris
1848 1297 2163 1353 intendunt.
2211 1298 2481 1352 Praeterea
2510 1314 2606 1368 per
2654 1308 2764 1383 tres
2811 1313 3005 1362 annos,
3058 1298 3319 1352 uniuscu-

1729 1390 1931 1459 jusque
1982 1399 2234 1443 nostrum
2286 1388 2842 1454 consummationem,
2889 1395 2945 1442 et
2973 1401 3317 1442 communem

1737 1479 2157 1534 retributionem
2181 1496 2304 1550 quae
2343 1488 2427 1535 est
2456 1487 2581 1550 post
2602 1479 3088 1547 resurrectionem,
3131 1493 3323 1534 neces-

1738 1570 1881 1625 sarie
1917 1570 2294 1643 intelligimus.
2324 1571 2386 1626 In
2409 1585 2739 1641 unoquoque
2757 1571 2954 1625 borum
2986 1569 3325 1626 comedimus

1739 1676 1858 1729 quae
1882 1660 1974 1715 hic
2009 1662 2217 1730 cperati
2254 1661 2540 1727 fuerimus,
2561 1671 2783 1732 propter
2808 1662 2955 1731 quod
2985 1661 3061 1717 ait
3084 1680 3101 1717 :

0 1760 243 1817 'ructus
273 1761 717 1833 intelligibilium
762 1762 1196 1831 possessionum,
1232 1760 1486 1814 videlicet
1522 1759 1635 1813 vir-

1816 1744 1963 1811 Quod
1979 1748 2025 1801 si
2040 1726 2280 1802 dixeritis
2301 1766 2319 1803 .'
2341 1748 2476 1813 Quid
2498 1726 2984 1804 comedemus-anno
3003 1748 3325 1821 septimo.[d

0 1862 210 1907 .utum
284 1852 584 1922 exigimur,
650 1853 1125 1922 resupinaremur,
1182 1862 1237 1907 et
1289 1854 1355 1907 ad
1417 1852 1637 1907 delicias

1816 1849 1843 1897 ;,
1912 1833 1965 1886 in
2027 1834 2462 1905 uniuscujusque
2515 1847 2764 1892 nostrum
2830 1839 3322 1893 consummatione.

0 1946 402 2009 reclinemus,
431 1945 658 2016 ipsaque
675 1946 1071 2001 condcscensio
1097 1946 1258 2001 nobis
1283 1945 1442 1999 noxia
1460 1946 1634 1998 fieret.
1740 1923 2086 1979 Μθηίίθεῑωη
2115 1936 2199 1980 εει
2230 1927 2398 2001 enim.
2431 1926 2560 1996 (ιυίει
2599 1938 2657 1982 ει
2683 1929 2739 1982 in
2783 1930 3079 1996 communi:
3133 1931 3187 1985 in
3217 1947 3325 2002 (11³³

74 2036 290 2092 Facite
331 2047 593 2107 praecepta
630 2055 745 2092 mea
786 2048 835 2093 et
870 2038 1079 2108 judicia
1134 2038 1406 2102 custodite,
1430 2037 1529 2103 ait,
1589 2047 1638 2091 ει
1740 2017 1801 2071 ﬁt
1831 2018 2179 2084 resurrectio,
2205 2029 2261 2074 et
2294 2020 2347 2072 in
2373 2019 2810 2086 retributionem,
2843 2022 3097 2077 eumdem
3132 2022 3315 2077 cibum

0 2128 246 2200 implete
278 2131 728 2186 ea.Nullatenus
749 2131 895 2185 enim
934 2147 1039 2185 nos
1074 2146 1289 2195 vacare,
1322 2131 1450 2185 licet
1482 2130 1640 2184 inﬁr-
1741 2110 2030 2167 habemus-
2063 2110 2204 2166 Audi
2232 2111 2379 2182 quod
2412 2111 2511 2167 tibi
2542 2112 2611 2167 de
2669 2113 2757 2167 his
2806 2112 2950 2169 Deus
3003 2128 3327 2184 responsum

0 2226 82 2278 mi
129 2222 339 2277 simus
388 2238 417 2277 a
462 2222 597 2294 legis
637 2222 980 2292 operatione,
1031 2223 1128 2278 sed
1180 2222 1395 2292 operari
1449 2222 1640 2292 procul
1740 2202 2034 2273 ρετιεαεω
2068 2202 2181 2258 ἀει.

0 2316 222 2382 dubio,
255 2296 488 2369 etiamsi
540 2313 843 2369 secundum
880 2314 1163 2377 virtutem,
1211 2315 1346 2381 vult,
1395 2316 1641 2369 uirtutem

2 2421 208 2461 autem
245 2415 502 2461 nostram
537 2407 854 2460 conscientia
882 2415 1061 2460 nostra
1094 2408 1370 2473 convincit,
1397 2407 1537 2462 sicut
1568 2408 1643 2462 ait

8 2499 302 2554 Paulus:
368 2497 758 2569 cogitationum
811 2497 1046 2552 invicem
1127 2499 1499 2553 accusantium
1560 2499 1643 2553 vel

5 2590 517 2647 excusantium".
584 2590 788 2645 Omnes
827 2606 957 2662 ergo
996 2589 1234 2661 justitias
1283 2590 1398 2652 Dei,
1458 2591 1642 2646 omnia

1812 2316 1961 2372 Dabo
2014 2317 2424 2372 benedictionem
2469 2333 2642 2372 meum
2671 2318 2817 2371 vobis
2865 2333 3006 2372 anno
3060 2326 3225 2383 sexto,
3279 2328 3329 2372 et

1738 2406 1950 2474 facietis
1979 2407 2210 2476 fructum
2250 2407 2411 2461 trium
2456 2412 2739 2462 annorum.
2781 2406 3094 2462 Benedictio
3157 2408 3326 2478 patris

1745 2497 1888 2551 filius
1915 2508 2018 2562 est,
2047 2497 2165 2566 ipse
2196 2496 2346 2553 enim
2392 2499 2746 2554 maledictum
2778 2498 2988 2553 illatum
3019 2499 3171 2564 Adae,
3212 2498 3328 2553 dis-

1745 2588 1998 2658 perdidit,
2025 2597 2250 2658 propter
2279 2590 2426 2658 quod
2450 2599 2505 2645 et
2538 2591 2590 2644 in
2618 2606 2684 2645 eo
2706 2600 2962 2661 oportere
3008 2604 3110 2645 nos
3165 2591 3333 2646 bene-

8 2673 396 2752 cjusjudicia
433 2681 587 2750 prius
610 2682 999 2749 custodiamus,
1038 2691 1094 2738 et
1119 2691 1305 2753 postea
1357 2681 1640 2738 faciamus.

9 2773 445 2829 Custodiamus
474 2788 582 2827 non
603 2783 1019 2845 corrumpentes
1048 2775 1408 2829 intentionem
1431 2791 1642 2840 eorum,

13 2867 119 2920 sed
157 2865 433 2919 districte
457 2864 851 2929 custodientes,
899 2873 955 2919 et
989 2865 1433 2920 immutabiliter:
1480 2866 1643 2920 veluti

12 2958 60 3013 si
100 2957 242 3027 quis
312 2956 725 3028 cleemosynam
786 2957 1001 3028 operari
1053 2959 1187 3024 vult,
1244 2973 1347 3013 nec
1397 2959 1644 3028 proximo

1745 2680 1847 2736 dici
1866 2698 1879 2734 :
1900 2680 2067 2736 David
2087 2680 2373 2737 Psalmista
2396 2681 2610 2737 docuit:
2628 2682 2929 2737 Benedictio
2950 2681 3158 2735 Domini
3174 2697 3335 2752 super
3402 2686 3411 2693 '

1746 2788 1852 2836 vos,
1884 2773 2242 2827 benediximus
2264 2775 2409 2828 vobis
2434 2775 2490 2827 in
2537 2776 2746 2828 nomine
2792 2773 3082 2828 Domini".
3120 2772 3331 2828 Nomen

1748 2863 1984 2928 Domini,
2025 2864 2197 2918 lilium
2225 2865 2359 2920 dicit
2386 2865 2693 2931 evidenter,
2718 2866 2847 2935 quia
2871 2865 3331 2935 quemadmodum

1747 2969 1949 3011 nomen
1996 2955 2313 3011 manifestat
2340 2972 2795 3027 unumquemque
2825 2956 2917 3026 qui
2955 2971 3065 3010 non
3094 2955 3330 3020 videtur,

16 3063 249 3104 nocens
284 3057 575 3117 oneretur,
605 3065 784 3118 neque
818 3049 862 3102 si
914 3065 1122 3120 pauper
1162 3056 1266 3113 est,
1320 3042 1438 3119 ipse
1475 3050 1648 3116 rapiat
1674 3063 1717 3120 (ς
1750 3046 1829 3101 sic
1856 3055 1913 3101 et
1948 3044 2199 3101 Christus
2250 3062 2544 3117 apparens,
2572 3048 2827 3119 cognosci
2862 3048 2992 3104 fecit
3031 3047 3245 3102 Patrem
3279 3047 3335 3102 in

16 3137 274 3192 divitum
324 3137 613 3205 pecunias,
680 3147 738 3193 ut
797 3139 1043 3209 praebeat
1092 3140 1448 3210 pauperibus.
1502 3138 1645 3195 Deus

23 3228 183 3284 enim
241 3229 659 3300 eleemosynam
711 3246 777 3284 ex
823 3230 1035 3299 justitia
1082 3230 1269 3285 offerri
1328 3231 1463 3286 vult.
1531 3228 1645 3286 Hoc

22 3328 310 3374 autemet
338 3318 401 3372 in
443 3336 775 3389 unoquoque
807 3322 1062 3376 mandato
1107 3322 1362 3387 dicimus,
1393 3329 1453 3376 ut
1494 3322 1646 3391 prius

28 3412 158 3482 ejus
195 3411 576 3466 intentionem
606 3422 663 3466 et
700 3412 864 3467 finem
896 3413 1291 3477 custodiamus,
1345 3422 1399 3467 et
1461 3415 1540 3468 sic
1590 3414 1647 3468 in

25 3521 233 3560 eorum
286 3503 675 3572 operationem
739 3504 1108 3574 proficiamus.
1169 3504 1327 3560 Tunc
1383 3505 1531 3560 enim
1590 3506 1647 3560 in

31 3606 187 3651 terra
225 3594 570 3663 intclligibili
621 3596 1015 3660 habitabimus,
1065 3599 1117 3651 in
1160 3597 1341 3651 divina
1394 3596 1650 3652 videlicet

30 3686 157 3756 lege
194 3683 472 3754 spiritalis
491 3682 808 3754 Scriptum,
864 3694 920 3739 et
965 3686 1126 3741 bonae
1185 3688 1646 3756 conversationis,

33 3794 206 3849 quam
275 3775 445 3829 nobis
503 3776 647 3831 Deus
705 3776 991 3847 possidere
1035 3787 1091 3833 et
1135 3780 1315 3834 colere
1366 3780 1646 3849 przccepit,

34 3869 270 3940 quando
311 3867 438 3937 ejus
461 3867 822 3924 intentionem
851 3885 963 3925 non
1002 3870 1272 3926 fuerimus
1296 3871 1667 3943 transgressi“

39 3973 184 4019 tunc
219 3961 405 4032 gignit
433 3959 644 4015 fructus
681 3978 834 4029 suos,
882 3963 1083 4033 quibus
1137 3979 1426 4019 vescamur
1478 3979 1652 4034 usque

41 4057 112 4110 ad
160 4054 543 4117 saturitatem,
598 4063 652 4108 et
699 4054 904 4110 nullius
953 4055 1216 4125 impetum
1265 4053 1642 4114 formidamus.

43 4145 150 4213 Qui
188 4146 345 4202 enim
376 4145 617 4200 custodit
654 4146 1018 4202 intentionem
1044 4146 1200 4218 legis,
1221 4156 1277 4202 et
1322 4148 1416 4218 qui
1449 4162 1652 4216 opera-

47 4248 161 4300 tur,
202 4237 297 4292 hic
336 4238 460 4305 eius
486 4237 706 4308 colliget
769 4237 1001 4303 fructus,
1028 4241 1084 4294 et
1129 4238 1386 4294 comedet
1435 4253 1532 4293 eos
1584 4241 1652 4295 ad

49 4331 425 4393 saturitatem,
463 4338 520 4384 et
553 4329 674 4383 sine
732 4328 1023 4385 formidine
1054 4330 1109 4385 in
1163 4344 1226 4384 ea
1260 4329 1487 4397 habitat,
1526 4329 1652 4401 quia

1747 3138 2066 3210 semetipso,
2103 3141 2358 3211 quamvis
2383 3141 2739 3197 invisibilem.
2771 3141 2947 3195 llicin
2997 3148 3153 3195 sexto
3191 3155 3336 3196 anno

1746 3231 1919 3297 venit,
1968 3240 2078 3287 tam
2133 3232 2189 3287 in
2264 3232 2627 3303 perfectione,
2690 3234 2832 3287 hanc
2886 3232 3034 3286 enim
3087 3232 3338 3287 senarius

1747 3338 2009 3378 numerus
2031 3323 2322 3395 significat,
2346 3341 2508 3395 quam
2543 3336 2603 3379 ut
2643 3326 2698 3378 in
2746 3324 3048 3379 novissimo
3088 3331 3335 3392 tempore

1748 3429 1941 3469 rursus
1990 3415 2310 3471 reformatio
2369 3417 2721 3486 proveniret,
2789 3416 2863 3469 in
2910 3415 3072 3484 cujus
3124 3414 3337 3468 dierum

1747 3521 1981 3561 numero
2012 3508 2178 3563 homo
2216 3507 2486 3562 formatus
2523 3517 2625 3563 est.
2661 3507 3031 3573 Quamobrem
3079 3505 3340 3575 quemad-

1748 3599 1975 3656 modum
2004 3599 2349 3655 formationis
2401 3608 2553 3655 sexta
2595 3601 2733 3667 dies,
2787 3600 2868 3654 sic
2918 3608 3107 3653 sextus
3161 3613 3339 3652 annus

1750 3692 2160 3748 reformationis
2211 3702 2360 3747 recte
2411 3692 2740 3762 appellatur.
2794 3690 2952 3757 Quod
3008 3699 3190 3746 autem
3233 3689 3345 3744 illic

1751 3793 1942 3838 sextus
1972 3784 2113 3845 dies,
2151 3794 2343 3839 sextus
2383 3792 2565 3839 autem
2599 3783 2691 3838 hic
2731 3798 2910 3838 annus
2955 3782 3178 3847 dicitur,
3239 3781 3345 3837 hoc

1751 3874 1908 3930 ideo:
1941 3874 2067 3944 quia
2114 3873 2286 3929 multa
2339 3874 2486 3929 inter
2525 3874 2914 3930 formationem
2978 3880 3248 3936 nostram,
3288 3880 3347 3929 et

1752 3966 2202 4023 reformationem
2262 3975 2575 4037 temporum
2633 3966 3077 4021 decucurrerunt
3136 3966 3337 4036 spatia.

1755 4055 1896 4127 Ergo
1926 4071 2036 4111 non
2082 4055 2284 4116 frustra
2333 4054 2472 4111 sexti
2515 4053 2645 4109 attni
2681 4053 2962 4123 legislator
3005 4053 3349 4111 molitionem

1756 4147 1923 4204 fecit:
1978 4147 2036 4202 in
2073 4147 2179 4202 hoc
2216 4146 2367 4200 enim
2410 4145 2664 4200 Christus
2689 4142 2942 4209 veniens,
2996 4142 3150 4199 dedit
3187 4142 3349 4198 nobis

1753 4239 2042 4311 acquirere
2087 4239 2324 4300 fructus.
2385 4238 2585 4309 quibus
2646 4237 2704 4292 in
2755 4237 2974 4306 propria
3032 4243 3348 4291 nostrorum

1756 4329 2193 4398 uniuscujusque
2254 4326 2768 4388 consummatione.
2831 4334 2890 4381 ct
2949 4325 3005 4380 in
3069 4324 3349 4381 communi

54 4419 387 4491 legislatoris
440 4418 807 4473 intentionem
867 4433 978 4473 non
1041 4419 1483 4491 transgreditur,
1553 4435 1654 4476 nec
1683 4414 1730 4470 D
1758 4419 2161 4475 resurrectione
2189 4427 2355 4489 atque
2389 4418 2751 4473 retributione
2796 4416 2994 4472 nutriri
3052 4417 3348 4486 possimus,

60 4512 320 4566 conscius
343 4510 448 4565 sibi
483 4519 571 4564 est
623 4520 817 4565 contra
847 4509 1023 4581 legem
1047 4510 1103 4565 in
1140 4510 1261 4582 lrge
1291 4511 1387 4566 Dei
1425 4527 1658 4567 conver—

65 4592 198 4655 sari.
226 4602 382 4667 Quod
417 4601 463 4654 si
498 4601 770 4665 dixeritis,
803 4601 935 4672 quid
986 4602 1340 4657 comedemus
1388 4617 1532 4658 anno
1567 4618 1658 4658 se-

66 4696 261 4765 ptimo,
288 4694 333 4748 si
370 4709 481 4748 non
504 4692 826 4758 severimus,
854 4709 1035 4764 neque
1067 4694 1449 4767 collegerimus
1469 4693 1658 4766 fruges

68 4790 320 4845 nostras?
1340 4782 1347 4785 ’

138 4881 302 4936 Vens.
333 4879 536 4943 21,22.
576 4899 595 4931 ε
641 4880 790 4935 Dabo
842 4880 1285 4937 benedictionem
1320 4880 1475 4936 vobis
1508 4895 1655 4935 anno

71 4982 245 5033 sexto,
282 4980 334 5027 et
361 4972 525 5027 faciet
562 4972 772 5027 fructus
804 4973 966 5027 trium
1008 4989 1306 5037 annorum,
1351 4972 1655 5042 seretisque

73 5078 221 5115 anno
245 5072 459 5123 octavo,
502 5073 558 5117 et
589 5063 892 5120 comedetis
928 5072 1145 5118 veteres
1168 5062 1354 5132 fruges
1383 5078 1554 5132 usque
1587 5063 1656 5117 ad

78 5168 285 5208 novum
342 5167 581 5220 annum,
651 5156 827 5212 donec
876 5171 1016 5211 nova
1079 5164 1415 5220 nascantur,
1481 5155 1658 5211 edetis

80 5251 287 5299 vetera.
327 5261 347 5294 ι

148 5329 303 5391 Unde
331 5334 551 5404 dignum
579 5345 683 5401 est,
711 5346 773 5393 ut
795 5338 943 5408 prius
967 5340 1247 5409 juvemur,
1279 5337 1329 5392 id
1377 5346 1484 5401 est,
1507 5335 1661 5391 utili-

86 5428 195 5477 tate
222 5421 423 5479 littcrte
444 5425 549 5483 hoc
574 5428 967 5482 intendendum
1000 5439 1103 5491 est,
1131 5436 1296 5497 atque
1347 5426 1661 5496 hujusmodi

86 5510 290 5568 lucrum
321 5518 662 5574 sectandum.
723 5516 960 5573 Duorum
997 5534 1127 5586 ergo
1178 5533 1449 5573 annorum
1499 5533 1662 5571 vaca-

160 5675 204 5707 "
227 5692 378 5747 lium.
414 5707 470 5760 tt,
502 5694 585 5761 lii.
666 5693 709 5725 ⁷⁸
748 5670 936 5748 Matth:
974 5709 1048 5760 vr,
1079 5692 1164 5747 3t.
1247 5692 1293 5724 ⁷⁷
1322 5690 1470 5747 Psal.
1503 5704 1721 5754 csxvru,
1755 5689 1805 5741 8.

1762 4517 2030 4579 praestans
2068 4506 2256 4578 generi
2322 4506 2567 4561 humano
2616 4506 2965 4561 abundanter
3015 4503 3354 4560 fructiﬁcare

1761 4602 2014 4662 virtutes,
2043 4610 2104 4654 ut
2142 4609 2349 4654 tantam
2405 4606 2464 4653 et
2496 4597 2550 4652 hi
2588 4598 2679 4667 qui
2709 4598 2856 4655 circa
2887 4598 3077 4651 horam
3127 4596 3354 4652 undeci-

1763 4705 1910 4744 mam
1942 4688 2199 4743 conducti
2232 4695 2361 4742 sunt
2394 4687 2462 4740 ad
2491 4684 2920 4757 operandum",
2957 4701 3082 4741 cum
3126 4685 3235 4740 illis
3257 4685 3352 4754 qui

1765 4796 1925 4836 mane
1949 4779 2210 4836 conducti
2245 4778 2493 4837 fuerunt,
2515 4777 2727 4831 denarii
2776 4777 3090 4845 acciperent
3145 4789 3357 4831 merce-

1762 4873 1905 4928 dem.
1936 4869 2054 4923 Non
2086 4877 2172 4922 est
2190 4878 2373 4921 autem
2410 4865 2746 4921 contrarium
2781 4866 2849 4921 iis
2894 4867 3041 4936 quod
3081 4867 3351 4937 sequitur,

1762 4966 1843 5020 ait
1867 4963 2047 5018 enim:

1834 5055 2133 5125 Seretisque
2172 5069 2311 5107 anno
2363 5059 2566 5106 octavo.
2630 5050 2787 5117 Quod
2828 5051 3350 5123 quinquagesimum

1763 5145 2060 5219 appellant,
2090 5143 2159 5198 de
2200 5158 2309 5213 quo
2366 5142 2420 5198 in
2460 5142 2793 5212 praecedenti
2847 5142 3154 5197 sanciebat.
3211 5140 3353 5208 Quia

1759 5237 2020 5308 jubileus,
2069 5247 2125 5289 et
2165 5233 2656 5304 quinquagesimus
2713 5249 2922 5289 annus:
2964 5233 3086 5287 Non
3145 5234 3349 5299 seretis,

1766 5343 1931 5397 neque
1952 5327 2173 5381 metetis.
2206 5324 2491 5391 Quomodo
2522 5339 2650 5395 ergo
2671 5340 2794 5380 eum
2820 5325 2909 5381 hic
2934 5340 3117 5380 serere
3157 5324 3352 5395 jubet?

1762 5420 2005 5475 Putasne
2052 5419 2329 5474 contraria
2354 5417 2461 5473 sibi
2510 5417 2786 5489 legislator
2819 5417 2998 5473 dicit?
3026 5416 3137 5472 Sed
3193 5424 3352 5472 aliter

1768 5515 1857 5568 hic
1878 5527 2063 5566 semen
2094 5510 2481 5581 intelligamus,
2499 5519 2560 5563 ut
2589 5524 2765 5581 neque
2783 5507 2966 5564 littera
2992 5506 3350 5567 contrariae.

1889 5689 1932 5723 ⁷³
1961 5685 2150 5740 Matth.
2187 5701 2276 5749 xx,
2300 5686 2351 5738 6.
