3810 6318
567 242 701 307 1110

1752 236 2117 299 HESYCHII
2154 233 2628 295 PRESBYTER]

3636 250 3672 312 ii.

564 367 671 413 tem
745 355 985 420 haheat,
1046 363 1102 410 et
1156 351 1680 424 contemplationem
1750 360 2149 409 consonantem
2180 360 2227 413 Α
2326 348 2487 405 Varia
2526 351 2694 405 etiam
2743 365 2892 405 nunc
2925 346 3105 403 nobis
3136 349 3405 422 iegislator
3443 359 3622 424 exponit,
3647 322 3697 423 ni

566 447 911 503 inveniamus
940 444 1189 516 spiritus.
1235 443 1355 498 Non
1393 444 1576 497 seretis
1605 459 1749 514 ergo,
1780 458 1947 514 neque
1986 452 2150 497 mete—

567 541 633 594 tis
651 539 716 594 de
735 539 1171 610 quinquagesimo
1214 537 1321 591 die.
1346 536 1459 591 Nec
1505 550 1697 591 semen
1728 536 1976 606 septima:
2009 537 2150 592 heb-

564 631 814 693 domadas
869 641 1077 697 serant,
1112 632 1181 687 de
1224 647 1335 701 quo
1371 630 1575 686 messio
1613 630 1667 683 in
1697 630 2151 702 quinquagesimo

567 745 714 785 anno
752 735 1081 798 proventura
1104 732 1243 780 erat.
1273 723 1400 778 ilice
1422 723 1567 778 enim
1590 723 1752 786 satio,
1781 723 1884 778 etsi
1915 723 1970 776 in
2010 738 2152 793 pras-

567 822 783 877 cedenti
814 822 991 884 anno,
1020 827 1075 874 et
1094 818 1511 888 quadragesimo
1531 816 1909 887 proveniebat,
1949 815 2003 870 in
2043 832 2153 887 quo

569 915 826 971 maxime.
877 911 1019 968 sicut
1067 910 1121 965 in
1149 910 1381 978 septima
1429 908 1792 973 hebdomada,
1846 918 2151 963 sementem

569 1020 767 1060 vacare
791 1004 1114 1075 oportebat:
1143 1012 1519 1058 verumtamen
1547 1001 1985 1072 quinquagesimi
2017 1002 2153 1056 dici-

572 1110 679 1162 tur,
712 1099 855 1167 quod
878 1096 1103 1168 propter
1131 1112 1256 1151 eum
1291 1095 1675 1159 seminaretur,
1712 1102 1767 1149 et
1797 1101 2018 1164 propter
2048 1095 2152 1148 hoc

570 1193 914 1263 prohibetur.
957 1189 1145 1261 Neque
1187 1188 1333 1244 enim
1385 1189 1440 1243 in
1496 1187 1726 1257 septima
1787 1185 2148 1250 hebdomada,

570 1300 732 1354 quam
806 1284 1045 1338 diximus
1101 1296 1226 1336 esse
1286 1278 1595 1335 communis
1663 1278 2153 1333 consummationis

572 1376 908 1445 exemplum,
943 1373 1202 1429 seminari
1230 1373 1479 1436 omnino,
1509 1380 1603 1425 aut
1637 1371 1855 1440 operari
1896 1370 1981 1424 lex
2015 1387 2152 1440 prae-

573 1468 739 1537 cepit.
780 1466 934 1521 Sicut
983 1481 1113 1537 ergo
1150 1480 1251 1519 nos
1275 1465 1455 1518 littera
1494 1478 1603 1519 non
1633 1464 1700 1518 ad
1751 1478 1810 1518 se
1846 1464 2148 1530 intendere,

575 1562 670 1616 sed
701 1562 768 1615 ad
801 1561 1161 1615 intentionem
1185 1558 1512 1630 iegislatoris
1532 1558 1815 1626 compulit,
1876 1567 1936 1610 ut
1972 1558 2151 1612 solve-

577 1665 750 1719 retur,
784 1672 845 1709 ea
874 1670 996 1725 quae
1030 1653 1316 1709 videbatur
1361 1666 1482 1707 esse
1524 1651 1702 1722 legum
1760 1653 2149 1716 contrarietas,

577 1748 657 1801 sic
685 1746 834 1801 dahit
875 1745 1020 1800 etde
1051 1743 1514 1814 contemplatione
1563 1758 1802 1798 consona
1848 1744 2161 1798 existimare

580 1837 870 1892 intentioni
904 1834 1371 1906 interpretationis
1392 1833 1669 1903 spiritalis.
1704 1833 1988 1889 Seminant
2014 1835 2162 1889 enim

578 1943 726 1982 anno
751 1939 962 1991 octavo,
995 1926 1195 1983 sacculo
1249 1926 1465 1980 futuro:
1522 1940 1631 1979 non
1674 1925 1985 1995 quicunque
2034 1932 2164 1980 tunc

574 2021 854 2074 seminant
885 2021 1013 2088 (hoc
1033 2019 1180 2072 enim
1236 2034 1346 2072 non
1367 2026 1449 2072 est
1484 2016 1583 2085 fas,
1611 2017 1706 2072 sed
1736 2026 1792 2072 et
1824 2017 2164 2087 impossibile

580 2113 721 2168 sicut
746 2111 916 2166 semel
949 2110 1247 2180 diximus):
1276 2111 1371 2165 sed
1401 2124 1504 2164 nec
1534 2110 1624 2178 qui
1663 2108 1717 2162 in
1752 2110 2008 2179 septimo,
2034 2125 2163 2180 cog-

578 2203 780 2258 novisti
819 2203 965 2258 enim
1018 2202 1145 2272 quia
1172 2203 1337 2257 etiam
1387 2203 1492 2256 hoc
1528 2202 1860 2270 prohibitum
1890 2210 1995 2255 est.
2054 2200 2164 2257 Sed

577 2303 849 2366 quotquot
889 2295 944 2349 in
992 2304 1168 2358 sexto,
1224 2294 1279 2348 in
1333 2310 1443 2364 quo
1491 2295 1693 2349 bonum
1760 2294 1919 2348 nobis
1974 2306 2164 2347 semen

574 2389 828 2445 Christus
852 2387 1081 2444 veniens
1105 2388 1277 2452 dedit,
1304 2388 1621 2457 quicunque
1661 2402 1850 2441 semen
1905 2387 1995 2441 hic
2027 2402 2166 2456 prae-

577 2482 825 2544 mittunt,
860 2498 924 2536 ex
960 2495 1074 2550 quo
1126 2481 1549 2550 promissionum
1578 2480 1737 2534 nobis
1772 2477 1987 2534 ilo'rebit
2017 2478 2165 2533 mes-

576 2573 675 2637 sis,
702 2572 755 2627 id
779 2581 883 2636 est,
906 2586 1156 2626 messura
1178 2570 1580 2632 retributionis,
1607 2570 1675 2625 de
1707 2586 1810 2638 qua
1834 2571 1911 2624 ait
1959 2568 2125 2623 David
2148 2587 2160 2622 :

589 2663 864 2719 Venientes
890 2673 1070 2717 autem
1099 2665 1303 2716 venient
1331 2680 1450 2717 cum
1496 2663 1840 2726 exultatione,
1891 2655 2164 2732 portantes

585 2755 879 2825 utanipulos
927 2771 1048 2809 suos
1067 2757 1133 2807 τ’.
1170 2756 1278 2809 Sed
1333 2764 1390 2810 et
1427 2756 1659 2810 Paulus:
1694 2755 1800 2821 Qui
1841 2756 2066 2809 seminat
2109 2755 2166 2807 in

575 2847 1041 2913 benedictionibus,
1063 2849 1128 2902 de
1143 2848 1584 2902 benedictionibus
1612 2857 1661 2902 et
1690 2857 1862 2902 metet.
1892 2847 1993 2910 Qui
2008 2848 2167 2901 semi-

577 2952 671 2996 nat
698 2943 754 2995 in
789 2957 968 3004 carne,
996 2941 1060 2993 de
1086 2955 1246 2993 carne
1291 2950 1341 2993 et
1374 2949 1529 2993 metet
1583 2941 2017 3007 corruptionem;
2072 2942 2166 3009 qui

2253 444 2515 515 qualibet,
2536 445 2631 513 sed
2652 446 2889 498 maxima
2920 444 3229 516 sapientia,
3258 444 3303 499 si
3322 445 3433 515 quis
3458 432 3702 519 intendar}

2252 551 2380 590 nam
2414 554 2428 589 :
2458 550 2586 590 nam
2605 546 2661 590 et
2680 550 2802 605 qua
2834 536 2906 591 sit
2937 547 3146 590 nostra
3170 536 3459 591 substantia
3480 549 3525 593 et
3546 557 3703 651 ροςεἻ

2257 638 2305 651 Α.
2344 627 2612 651 ---Α-.-.1-
2648 628 2763 651 -2.--
2790 637 3005 651 ..-μιλμ
3058 628 3365 651 -1:-..-...---
3412 645 3493 651 -__-
3522 636 3605 651 ,ην

2253 638 2309 684 et
2338 627 2616 699 quomodo
2644 598 2766 698 ejus
2788 637 3009 698 partem
3056 628 3385 693 alie-namus,
3405 645 3497 700 quo
3521 598 3699 693 nisiniti

2253 736 2348 776 sus
2378 722 2699 792 recipimus,
2736 737 2838 791 per
2876 721 3151 776 ordinem
3197 723 3373 776 docet.
3415 714 3703 798 Uniuscujnsyei

2254 829 2384 885 ergo
2408 814 2646 870 hominis
2662 815 2963 885 possessio,
2991 815 3147 869 bona
3179 817 3500 873 conversatio
3527 830 3595 881 est,
3615 839 3677 891 qs;

2254 908 2433 962 sortiti
2462 922 2652 962 sumus
2682 923 2713 962 a
2741 907 2872 973 Deo,
2913 907 2990 961 de
3023 922 3138 977 qua
3178 907 3375 962 Paulus
3406 866 3703 977 dicebat:Emi

2254 1002 2474 1072 quisque
2500 1002 2556 1055 in
2585 1018 2690 1072 qua
2717 1003 2997 1056 vocatione
3038 1010 3264 1054 vocatus
3289 1009 3359 1056 est
3377 998 3531 1068 frater,
3551 1004 3585 1057 ia
3601 1011 3678 1059 uta

2255 1024 2474 1072 quasque
2500 1024 2556 1055 ιη
2585 1024 2690 1072 qua
2717 1024 2997 1056 υοεαιιοηε
3038 1024 3264 1054 vocatus
3289 1024 3358 1056 εει
3377 1024 3531 1068 ΙΠῖιεΓ,
3551 1024 3585 1057 ια
3601 1024 3678 1059 εικῆ

2255 1103 2472 1148 maneat
2502 1096 2647 1164 apud
2682 1095 2853 1149 Deum
2877 1095 2952 1159 ⁸¹,
2986 1095 3083 1150 hic
3131 1103 3320 1148 autem
3361 1024 3704 1165 virginitateuahi

2255 1197 2440 1242 autem
2465 1196 2675 1243 castum
2707 1188 3061 1259 coniugium,
3107 1187 3249 1241 alter
3288 1186 3437 1240 vitam
3465 1187 3623 1256 iustitia
3646 1176 3703 1255 lii

2256 1281 2534 1337 silentium
2584 1280 3071 1350 remotiouemque
3125 1295 3424 1344 causarum,
3466 1264 3703 1339 hicsaua-l

2257 1377 2414 1439 tium,
2434 1376 2523 1431 ille
2541 1391 2839 1445 pauperum
2856 1374 3262 1444 patrocinium:
3283 1372 3408 1428 alter
3423 1374 3676 1442 aliusalius.»

2256 1485 2361 1542 que
2402 1468 2667 1524 scuudum
2696 1468 2976 1539 propriam
3019 1468 3280 1522 virtutem
3298 1467 3676 1535 pOSSidet.Setiqu:-

2257 1565 2328 1619 do
2345 1562 2710 1634 perdcsidiam
2740 1543 3671 1632 cogitationestiostrzeiiiﬁrniatzrl‘ueau

2261 1664 2391 1709 tunc
2433 1669 2497 1708 ex
2545 1662 2699 1722 parte
2745 1652 2813 1706 de
2864 1651 3100 1721 propria
3141 1666 3205 1704 ea
3250 1652 3424 1705 demus
3468 1651 3670 1718 possessis-it

2266 1753 2487 1816 propter
2510 1745 2654 1813 quod
2690 1741 3057 1813 Septuaginta
3088 1761 3102 1796 :
3144 1739 3204 1795 Si
3233 1757 3418 1810 pauper
3445 1741 3669 1809 factafata,

2264 1840 2479 1910 Aquila,
2534 1839 2581 1915 si
2654 1838 2905 1893 exciderit
2947 1852 2961 1890 :
3009 1835 3385 1908 Symmachus,
3435 1835 3470 1886 si
3509 1834 3670 1885 Inttttilitta

2264 1933 2441 2002 fuerit,
2489 1931 2799 1986 ediderunt.
2828 1928 2966 1995 Quae
3012 1928 3289 1998 quomodo
3330 1925 3464 1979 nobis
3492 1925 3703 2002 etpostu-Hj

2265 2038 2479 2079 cessum
2507 2021 2704 2076 salvari
2733 2021 2962 2092 peterit,
2997 2021 3185 2077 disces
3211 2034 3304 2089 per
3333 2028 3484 2089 partes
3505 2017 3607 2070 verba
3623 2017 3670 2083 ipa

2265 2117 2587 2172 discutiens.

2336 2210 2393 2266 Si
2411 2219 2716 2265 attenuatus
2739 2212 2907 2282 frater
2934 2208 3062 2263 tuus
3080 2208 3358 2262 vendiderit
3375 2204 3667 2275 possessivum“

2265 2315 2441 2364 suam,
2481 2288 2530 2352 ά
2574 2297 2797 2352 voluerit
2835 2299 3177 2369 propinquus
3226 2297 3354 2366 ejus,
3384 2303 3513 2365 potest
3540 2294 3669 2345 retium

2266 2393 2405 2464 quod
2437 2391 2530 2445 ille
2572 2392 2900 2445 vendiderat.
2950 2391 3201 2446 Fratrem
3244 2399 3459 2443 nostrum
3492 2382 3666 2439 coniicias

2266 2485 2349 2539 lex
2409 2484 2692 2540 intellexit.
2725 2482 2911 2553 Neque
2978 2483 3128 2537 enim
3187 2480 3468 2550 simpliciter
3506 2472 3665 2530 secundus

2267 2574 2621 2645 Septuaginta
2649 2574 2819 2643 dixit;
2843 2576 3019 2645 frater
3051 2583 3208 2637 tuus;
3250 2570 3337 2626 sed
3379 2563 3663 2627 addidit:£toi

2268 2678 2435 2722 tecum
2467 2677 2539 2722 est
2579 2685 2596 2722 :
2635 2667 2755 2723 illos
2781 2669 2991 2738 quippe
3020 2667 3271 2729 innuens,
3299 2663 3358 2718 de
3388 2655 3665 2730 quibusioanntt

2269 2760 2596 2830 evangelista
2626 2761 2845 2829 scripsit
2873 2778 2887 2815 :
2913 2758 2978 2814 Si
3007 2759 3148 2812 enim
3168 2757 3365 2828 fuissent
3388 2768 3438 2806 ex
3456 2749 3567 2807 nobis.
3589 2760 3661 2830 aut:

2267 2851 2452 2903 sissent
2489 2849 2669 2919 utique
2709 2848 2985 2902 nobiscum
3016 2847 3087 2898 ⁸¹.
3122 2844 3256 2899 Sunt
3294 2856 3403 2911 ergo
3436 2835 3584 2906 quidam
3610 2826 3661 2878 iii)!

2269 2942 2484 3007 fratres,
2530 2941 2732 3010 iniquis
2782 2940 3091 2995 hteresibus
3140 2937 3453 2993 adhaerentes,
3490 2936 3527 2980 et
3553 2920 3697 3017 pietatis:

3701 779 3703 843 ι

3701 1196 3703 1255 l

3701 1392 3703 1472 ι

575 3044 758 3086 autem
792 3031 1018 3084 seminat
1044 3031 1098 3083 in
1146 3029 1362 3097 spiritu,
1396 3030 1462 3083 de
1494 3030 1685 3098 spiritu
1716 3039 1766 3083 et
1799 3039 1956 3083 metet
2000 3031 2165 3083 vitam
2193 3068 2236 3125 ο
2270 3032 2469 3087 frustra
2496 3031 2921 3086 cicumferentes
2955 3046 3178 3093 nomen,
3199 3029 3262 3082 de
3290 3024 3453 3095 quibus
3473 3016 3596 3072 Paulus
3612 3010 3657 3110 ait,

577 3123 914 3179 a’ternam”.
950 3123 1086 3178 llinc
1106 3122 1380 3178 seminare
1397 3122 1455 3176 in
1477 3131 1672 3177 octavo
1687 3137 1855 3186 anno,
1881 3122 1935 3176 in
1961 3123 2163 3178 saeculo

576 3217 837 3271 videlicet
863 3215 1070 3279 futuro,
1105 3230 1332 3269 necesse
1373 3214 1670 3268 habemus:
1719 3214 1797 3269 sic
1826 3216 1974 3269 enim
2024 3230 2162 3269 eon-

577 3309 810 3364 veniunt
839 3309 996 3363 nobis
1024 3324 1147 3377 qua
1177 3316 1508 3377 sequuntur.

645 3404 715 3456 Et
740 3403 1019 3457 comedetis
1051 3411 1244 3456 veteres
1271 3402 1497 3472 fructus,
1530 3415 1692 3470 usque
1722 3399 1794 3453 ad
1837 3416 2038 3453 annum
2069 3416 2165 3453 no-

578 3511 727 3549 uum.
757 3494 930 3548 Donec
946 3510 1081 3548 nova
1104 3503 1415 3553 nascantur.
1429 3493 1591 3548 edetis
1609 3501 1808 3546 vetera.
1833 3491 2164 3563 Septuagin-

579 3597 634 3641 ta
651 3595 856 3650 autem,
874 3585 1155 3638 comedetis
1182 3593 1358 3638 vetera
1386 3593 1623 3638 veterum
1644 3600 1663 3638 :
1684 3600 1794 3638 non
1833 3584 2167 3654 simpliciter

579 3688 786 3744 vetera,
833 3678 927 3733 sed
972 3687 1158 3733 vetera
1203 3685 1475 3738 veterum,
1525 3677 1653 3746 quia
1703 3676 2166 3744 quemadmodum

579 3772 838 3836 diximus,
874 3784 980 3824 non
1031 3769 1213 3823 solum
1237 3784 1360 3823 mox
1393 3778 1453 3823 ut
1475 3770 1604 3825 hinc
1655 3768 1985 3839 egredimur,
2022 3769 2166 3839 quod

580 3874 658 3919 est
691 3879 869 3919 annus
900 3862 1187 3932 septimus,
1211 3863 1305 3917 sed
1331 3863 1460 3917 etin
1483 3862 1889 3917 resurrectione
1916 3872 2165 3917 mortuo-

582 3970 724 4015 rum.
759 3970 884 4024 quae
937 3962 1024 4008 est
1062 3969 1241 4008 annus
1271 3955 1531 4009 videlicet
1571 3964 1817 4018 octavus,
1849 3970 2067 4010 necnon
2113 3955 2165 4010 in

583 4044 965 4113 retributione,
993 4061 1158 4117 quam
1194 4044 1398 4101 nonum
1421 4060 1629 4101 annum
1674 4046 1995 4118 accipimus,
2044 4063 2168 4102 cum

582 4141 802 4209 quidem
850 4155 1021 4194 unum
1072 4140 1146 4194 sit
1199 4140 1459 4194 steculum
1513 4139 1780 4205 futurum,
1814 4140 2087 4195 dividatur
2113 4141 2167 4193 in

586 4233 871 4302 praedictos
910 4232 1152 4296 ordines,
1184 4232 1526 4287 comedimus
1578 4238 1925 4302 quaecunque
1961 4233 2168 4303 operati

585 4326 871 4385 fuerimus.
907 4330 967 4380 e9
988 4333 1277 4394 propterea
1303 4323 1558 4377 dicuntur
1588 4332 1771 4378 vetera
1818 4334 2067 4378 veterum
2102 4326 2171 4379 ad

588 4422 734 4469 tanta
761 4412 967 4478 saeculi,
998 4427 1116 4480 quae
1146 4414 1686 4468 vincunt‘numerum
1724 4416 2089 4470 considerata.

656 4505 822 4561 Vens.
844 4505 1037 4560 95-98.
1064 4525 1083 4557 ι
1110 4506 1165 4561 Si
1182 4514 1496 4560 attenuatus
1520 4506 1688 4560 frater
1715 4515 1841 4561 tuus
1863 4509 2171 4563 vendiderit

584 4597 1078 4669 possessiunculam
1122 4613 1297 4663 suam,
1320 4607 1375 4653 et
1406 4598 1637 4654 voluerit
1665 4600 2001 4670 propinquus
2028 4602 2165 4671 ejus,

586 4699 767 4761 potest
793 4691 1062 4747 redimere
1080 4697 1223 4762 quod
1254 4692 1342 4747 ille
1361 4691 1713 4758 vendiderat;
1740 4696 1822 4746 sin
1848 4702 2029 4746 autem
2054 4700 2166 4747 non

588 4782 839 4858 habuerit
857 4785 1183 4854 proximum,
1205 4792 1260 4839 et
1278 4784 1393 4855 ipse
1419 4783 1655 4856 pretium
1689 4785 1755 4838 ad
1784 4784 2163 4839 redimendum

587 4876 1585 4948 potueritinvenire.computabuntur
1610 4877 1818 4932 fruetus
1838 4894 1902 4931 ex
1931 4892 1997 4931 eo
2027 4886 2167 4931 tem-

589 4985 736 5038 pore.
778 4985 887 5039 quo
921 4970 1183 5033 vendidit,
1219 4979 1275 5024 et
1326 4970 1471 5040 quod
1514 4970 1784 5039 reliquum
1833 4976 1935 5032 est,
1979 4968 2171 5021 reddat

588 5065 817 5132 emptori
849 5083 862 5117 :
895 5064 1083 5133 sicque
1107 5060 1336 5131 recipiet
1362 5061 1766 5131 possessionem
1802 5074 1976 5115 suam.
2012 5058 2169 5124 Quod

590 5152 634 5204 si
668 5168 777 5207 non
828 5153 1096 5209 invenerit
1154 5165 1350 5206 manus
1381 5151 1520 5219 ejus,
1558 5160 1616 5204 ut
1667 5151 1858 5205 reddat
1910 5151 2167 5218 pretium,

592 5238 813 5293 habebit
839 5249 1052 5309 emptor
1084 5241 1226 5309 quod
1277 5249 1505 5305 emerat,
1539 5256 1709 5309 usque
1739 5241 1803 5292 ad
1851 5256 2052 5293 annum
2082 5241 2170 5309 ju—

596 5329 817 5392 hileum.
839 5330 891 5384 in
925 5332 1043 5402 ipso
1077 5333 1220 5386 enim
1252 5331 1428 5386 onmis
1451 5332 1690 5385 venditio
1722 5332 1863 5384 redit
1887 5331 1951 5384 ad
1988 5332 2170 5384 Domi-

596 5436 752 5486 num,
780 5433 837 5477 et
866 5424 932 5478 ad
959 5438 1329 5494 possessorem
1358 5422 1665 5493 pristinum.
1700 5442 1718 5473 ι

668 5626 712 5657 ’³
744 5624 883 5678 Psal.
923 5640 1079 5687 cxxv,
1110 5625 1161 5677 ϐ.
1242 5626 1284 5655 ³⁸³
1314 5596 1481 5679 lCor.
1508 5641 1580 5684 ix.
1606 5625 1670 5688 6;
1707 5621 1880 5677 Galat.
1912 5639 1985 5685 vi,
2024 5624 2073 5676 8.

599 5694 645 5727 “
675 5693 780 5752 Tit.
818 5710 899 5759 ιιι,
930 5696 1013 5749 10.
1095 5696 1138 5725 ⁸⁵
1168 5695 1206 5747 ll
1239 5693 1394 5748 Joan.
1432 5713 1480 5749 ι.
1554 5697 1598 5726 ⁸⁸
1625 5692 1765 5751 Psal.
1793 5709 2029 5763 Lxxxvu,
2078 5695 2157 5748 l6.

2174 5626 2214 5656 δι
2253 5625 2265 5676 Ι
2298 5626 2421 5681 Cor.
2454 5643 2547 5691 \‘ll,
2580 5626 2669 5680 20.

2269 3123 2528 3178 Periculis
2565 3126 2620 3177 in
2656 3123 2805 3193 falsis
2848 3123 3116 3194 fratribus
3143 3121 3210 3173 ⁸³.
3242 3116 3333 3184 Qui
3376 3121 3511 3167 autem
3538 3105 3571 3158 lu'
3596 3102 3656 3154 siti.

2266 3217 2279 3271 i
2288 3231 2381 3287 pse
2393 3217 2524 3270 alias
2542 3214 2795 3271 admonet
2815 3236 2826 3271 :
2849 3216 3169 3272 "(creticum
3184 3212 3413 3267 hominem
3434 3210 3513 3273 post
3526 3198 3656 3268 prim!-

2265 3318 2314 3361 ct
2334 3308 2614 3361 secundum
2632 3307 3051 3361 admonitionem
3069 3305 3238 3359 devita
3263 3300 3320 3355 ⁸⁸.
3346 3296 3431 3352 Sed
3455 3301 3493 3346 et
3510 3290 3655 3342 Ιωηηδῖ

2266 3399 2324 3453 Si
2351 3402 2467 3471 quis
2501 3402 2638 3454 venit
2672 3401 2740 3454 ad
2779 3417 2887 3465 vos,
2929 3412 2979 3455 et
3008 3400 3292 3455 doctrinam
3333 3402 3440 3446 hanc
3464 3401 3532 3439 non
3555 3379 3646 3471 aiﬂff

2266 3508 2369 3545 non
2392 3492 2692 3561 suscipiatis
2709 3509 2828 3545 eum
2858 3493 2915 3544 in
2945 3492 3180 3555 domum,
3201 3504 3284 3542 nec
3306 3483 3443 3539 Aveei
3460 3464 3651 3569 dixeritis

2268 3585 2378 3639 llos
2413 3596 2595 3640 autem
2614 3587 2906 3656 corrigere,
2948 3587 3147 3656 quibus
3175 3583 3361 3637 sociare
3387 3588 3471 3628 non
3495 3568 3652 3659 iitel‘ttu
3686 3640 3689 3649 γ

2267 3692 2560 3745 possumus
2597 3677 2775 3739 melo,
2796 3679 2862 3730 ad
2897 3677 3094 3731 horum
3119 3648 3651 3750 ἀντιδιάστθληνεῑιρξιίίξ

2270 3778 2513 3822 tenuatus
2554 3770 2721 3839 frater
2763 3779 2905 3834 tuus,
2952 3771 3068 3824 sive
3110 3762 3380 3821 secundum
3419 3748 3652 3841 Septuagu-Ui

2268 3860 2326 3915 Si
2382 3862 2454 3914 ad
2493 3871 2865 3932 paupertatem
2922 3860 3211 3932 pervenerit
3252 3857 3393 3925 frater
3432 3856 3516 3898 tutu
3543 3833 3652 3926 ςιιίξέ

2270 3964 2458 4008 tecum.
2505 3952 2747 4009 Fratrem
2798 3964 3073 4014 nostrum,
3104 3960 3156 4006 ct
3196 3947 3279 4018 qui
3307 3932 3652 4018 nobis-cuminu-

2271 4046 2477 4100 tellcxit
2526 4047 2871 4112 conlidelem,
2937 4049 2990 4102 in
3041 4048 3191 4115 cujus
3235 4033 3497 4107 cogitatione
3538 4008 3649 4115 quatit

2269 4137 2482 4191 venerit.
2510 4149 2813 4207 peccatum,
2835 4140 2887 4191 in
2917 4144 3275 4209 paupertatem
3304 4112 3647 4209 lubitum!

2270 4244 2398 4284 vere
2420 4240 2520 4292 est,
2556 4233 2809 4300 quoniam
2857 4233 3075 4286 divitias
3101 4222 3313 4300 perdidit
3338 4208 3543 4305 Spiriuit’i
3562 4198 3645 4305 i9“?

2271 4323 2449 4390 qualis
2476 4322 2561 4375 ile
2595 4323 2659 4375 de
2692 4338 2800 4392 quo
2823 4323 2990 4378 llaviil
3026 4320 3174 4384 dixit,
3207 4329 3315 4370 cum
3340 4300 3644 4387 eum‘lu‘wg‘:
3698 4306 3699 4313 “

2277 4415 2569 4467 tatiouihus
2621 4427 2971 4483 peccatorum
3022 4411 3323 4469 constitutus
3353 4405 3457 4456 erat.

2279 4508 2553 4561 hominem
2578 4525 2590 4559 :
2616 4506 2784 4578 Egens
2805 4526 2920 4561 sum
2948 4524 3057 4578 ego,
3089 4516 3136 4558 et
3160 4504 3209 4554 in
3227 4490 3443 4552 laboribus
3462 4475 3644 4583 αΙξτίξξξίί

2276 4616 2416 4663 mea,
2436 4599 2702 4653 excitatus
2738 4611 2934 4665 autem,
2957 4597 3246 4654 humiliatus
3272 4601 3369 4642 sum
3389 4589 3426 4634 et
3447 4566 3641 4671 CII-"fugin:

2274 4689 2504 4756 Quando
2533 4707 2660 4762 ergo
2681 4691 2785 4755 hic,
2813 4692 2904 4760 qui
2930 4690 3048 4745 talis
3065 4694 3136 4743 est
3159 4690 3336 4754 partem
3358 4652 3643 4762 ντορτίΐςξίξῗ

2284 4740 2485 4756 ,ιη-ψ
2539 4740 2653 4762 ν-σρ
2682 4740 2785 4755 ----,
2818 4740 2904 4760 -.--
2932 4740 3043 4745 -----
3070 4740 3111 4743 -έ
3159 4740 3170 4754 .
3541 4746 3591 4771 .,

2273 4799 2380 4852 que
2403 4783 2783 4853 possessionis,
2799 4800 2921 4853 qua:
2943 4784 2990 4838 ei
3009 4791 3145 4837 sorte
3164 4771 3428 4875 obvenerat;
3444 4740 3642 4875 venilia:

3101 4872 3109 4875 _
3153 4869 3163 4875 .
3353 4870 3409 4875 -.μ
3429 4849 3453 4875 ζα
3487 4856 3506 4875 ﬂ

2275 4874 2658 4945 cogitationem
2717 4876 2922 4946 peccati
2976 4869 3273 4941 suscipiens,
3316 4851 3457 4966 mia“

2276 4967 2589 5022 adversario
2622 4985 2775 5024 suam
2810 4980 3068 5029 mentem,
3098 4932 3632 5053 quemadmodumfghig

2278 5060 2408 5114 dans
2448 5060 2664 5113 dicebat
2692 5079 2705 5114 :
2737 5059 2869 5113 Ecce
2906 5058 3122 5131 peccatis
3155 5045 3314 5131 vestris
3341 5022 3641 5150 νεξευέδέἶὲᾕῆῗὲ

2275 5153 2442 5205 veniet
2467 5152 2640 5221 aﬂiuis
2666 5163 2713 5205 et
2741 5154 3059 5224 propinquus
3083 5147 3206 5215 ejus.
3231 5118 3640 5240 δοθυηξἮῗξΞ

2278 5250 2538 5311 cognatus
2568 5250 2623 5295 et
2656 5242 2956 5308 conlidclis,
2986 5249 3029 5295 et
3060 5237 3206 5304 legem
3232 5207 3638 5327 cogfa’fof'5‘jf

2280 5335 2574 5398 ostendens,
2605 5343 2652 5386 et
2697 5334 2933 5388 liberabit
2978 5327 3283 5388 venditionem
3311 5299 3634 5417 gatrtt‘tﬁi“:

2280 5426 2532 5496 impletis,
2579 5428 2720 5495 quod
2754 5426 2950 5480 Paulus
2995 5415 3237 5478 scribebat
3266 5423 3276 5458 :
3304 5397 3483 5455 Γιιιίῖεεν
3509 5390 3536 5427 ⁵³

3696 4116 3700 4287 l

2770 5626 2813 5654 "
2856 5624 2873 5678 Ι
2900 5624 3048 5679 Joan.
3077 5633 3128 5680 ιι,
3160 5608 3233 5664 i9.
3296 5598 3331 5627 ⁸³
3356 5589 3388 5645 li
3411 5582 3498 5637 Cat.
3523 5550 3630 5621 υθέ·

3036 5811 3069 5819 γε
