3810 6318
11 261 175 333 U21

1174 278 1254 339 IN
1293 279 1735 343 LEVITICUM.
1772 308 1840 319 -
1883 283 2030 345 LIB.
2063 285 2197 346 VII.

3194 268 3377 356 1122’

2 384 346 481 prehensus
397 384 555 481 fuerit
606 385 759 481 homo
799 388 858 481 in
916 387 1096 458 aliqua
1156 392 1365 457 delicto,
1419 411 1511 448 vos
1564 396 1724 481 qui‘A
1757 398 2113 469 cogitationes
2162 401 2654 468 emendaverimus,
2689 413 2744 459 et
2776 406 3142 475 receperimus
3187 410 3333 476 quod

6 475 331 543 spiritales
356 476 497 536 estis,
524 477 769 530 instruite
787 477 1091 547 hujusmodi
1111 482 1165 535 in
1181 485 1372 552 spiritu
1402 502 1648 539 mansue-

11 566 284 631 tudinis,
317 568 656 621 considerans
685 569 928 637 teipsum,
968 589 1032 626 ne
1054 582 1106 627 et
1138 586 1196 627 tu
1229 579 1464 632 lenteris.
1500 578 1650 631 Alter

5 657 295 731 alterius.
333 676 497 713 onera
555 670 787 730 portate,
846 673 895 716 et
947 666 1025 718 sic
1077 666 1432 738 adimplebitis
1485 670 1649 739 legem

8 750 253 809 Christi
273 752 417 807 ".Si
446 753 590 807 enim
620 755 851 811 invicem
879 772 1046 812 onera
1083 768 1267 814 nostra
1307 763 1648 817 exhortatio-

7 842 248 908 nibus,
305 844 874 911 commonitionibus,
923 851 1354 921 opportunisque
1405 855 1648 910 consiliis

11 936 484 1005 portaverimus,
533 937 767 995 liberare
812 938 1038 995 fratrem
1080 958 1109 996 a
1156 953 1475 1013 paupertate
1519 962 1648 1016 pos-

11 1042 268 1091 sumus,
306 1036 364 1082 et
394 1028 665 1085 redimere
708 1046 870 1099 quam
908 1033 1024 1101 ipse
1057 1049 1122 1087 ex
1155 1035 1482 1107 negligentia
1523 1054 1647 1107 pos—

12 1120 384 1181 sessionem,
432 1135 555 1175 cum
613 1137 722 1176 non
769 1122 1028 1188 deberet,
1081 1128 1344 1193 vendidit,
1392 1139 1447 1183 et
1485 1132 1648 1185 modo

7 1213 291 1282 quodam
314 1212 375 1267 fit
398 1215 707 1270 communis
737 1217 1030 1283 possessio.
1053 1218 1107 1272 Si
1137 1227 1321 1273 autem
1351 1222 1511 1276 alicui
1536 1236 1643 1276 non

8 1302 206 1358 fuerit
244 1303 538 1373 proximus
576 1305 661 1359 vel
689 1307 1050 1376 prepiuquus,
1090 1309 1321 1365 forsitan
1349 1311 1495 1366 enim
1528 1328 1642 1368 non

8 1396 299 1452 ostendit
329 1406 644 1465 opportuno
676 1406 919 1467 tempore
944 1414 1069 1471 erga
1110 1402 1276 1456 alium
1306 1405 1645 1471 compassio-

10 1504 159 1546 nem
195 1496 265 1543 ut
302 1498 359 1544 et
391 1488 507 1558 ipse
533 1489 582 1543 ci
609 1490 869 1559 spiritalis
889 1491 1169 1548 aliinitatis
1189 1495 1281 1563 jus
1308 1504 1525 1550 servet:
1552 1505 1646 1550 aut

10 1578 279 1635 forsitan
316 1578 422 1632 hoc
454 1578 599 1647 quod
628 1579 872 1651 contigit,
897 1596 1184 1651 suggerere
1199 1584 1300 1649 eis,
1330 1585 1425 1654 qui
1446 1601 1646 1640 secun-

11 1669 165 1725 dum
192 1667 463 1736 spiritum
487 1678 616 1723 sunt
633 1672 898 1740 cognatis,
922 1673 1198 1729 erubescit
1227 1693 1240 1730 :
1266 1684 1322 1730 et
1347 1676 1478 1732 illud
1499 1678 1643 1747 quod

11 1761 254 1817 dictum
293 1768 381 1813 est
411 1760 463 1813 in
497 1760 804 1817 Proverbiis
842 1763 1131 1835 ignoravit.
1158 1767 1350 1822 Frater
1374 1744 1553 1823 autem
1590 1772 1647 1824 in
1677 1744 1719 1801 Β

11 1853 317 1923 angustiis
364 1852 739 1921 comprobatur
773 1855 839 1917 ⁸⁸,
886 1856 1012 1925 quia
1045 1858 1138 1927 qui
1170 1858 1457 1915 abscondit
1490 1876 1643 1916 suam

12 1944 388 2016 passionem,
410 1959 511 1998 nec
529 1944 805 2014 accipiens
828 1946 971 2002 illico
994 1948 1047 2001 in
1066 1957 1251 2003 mente
1278 1949 1643 2016 medicamen,

14 2039 150 2109 ipse
187 2038 558 2107 semetipsum
583 2038 799 2093 salvare
817 2040 997 2105 debet,
1026 2051 1082 2095 et
1099 2042 1376 2113 propriam
1400 2043 1646 2099 substan-

20 2128 165 2183 tiam
204 2128 513 2194 redimere,
541 2137 597 2182 et
622 2137 909 2199 propterea
936 2132 1046 2186 ait:

95 2219 166 2275 Si
191 2229 388 2274 autem
427 2236 532 2273 non
570 2220 813 2274 habuerit
844 2223 1163 2291 proximum,
1197 2233 1246 2277 et
1278 2226 1388 2295 ipse
1416 2228 1644 2297 pretium

17 2313 99 2366 ad
169 2313 556 2366 redimendum
601 2313 835 2379 potuerit
881 2314 1135 2381 invenire,
1204 2319 1645 2386 computabantur

18 2407 249 2472 fruetus
277 2420 347 2458 ea:
372 2420 430 2457 eo
454 2412 707 2472 tempore,
734 2420 837 2476 quo
862 2406 1114 2471 vendidit,
1144 2417 1195 2461 et
1223 2410 1362 2479 quod
1384 2410 1643 2479 reliquum

18 2505 124 2560 est,
147 2495 349 2550 reddet
379 2496 620 2563 emptori,
637 2495 813 2563 sicque
834 2497 1046 2565 recipiet
1065 2502 1437 2567 possessionem
1464 2519 1639 2557 suam.

16 2588 172 2654 Quis
203 2602 347 2657 ergo
377 2595 626 2641 nostrum
648 2586 880 2643 idoneus
909 2597 1011 2653 est,
1043 2600 1137 2645 aut
1167 2600 1369 2661 potest,
1394 2608 1459 2649 ex
1493 2595 1642 2650 desi-

19 2682 147 2744 dia,
173 2687 284 2734 aut
315 2679 582 2748 pravitate
604 2689 844 2735 mentem
876 2682 1154 2737 venditant
1176 2683 1424 2751 liberare,
1454 2695 1514 2740 ut
1531 2700 1640 2742 non

21 2788 99 2827 ex
136 2781 267 2827 toto
304 2779 495 2839 pereat
526 2769 596 2823 ab
622 2770 915 2837 alienante,
951 2773 1056 2827 nisi
1089 2773 1197 2828 vita
1231 2774 1391 2841 bona,
1419 2786 1476 2831 et
1498 2777 1641 2832 actio

22 2864 352 2934 repellens,
371 2862 686 2932 quicunque
710 2863 922 2919 inventi
939 2862 1204 2920 fuerimus
1220 2866 1273 2920 in
1296 2875 1482 2922 mente
1512 2883 1640 2937 pec-

24 2962 235 3009 cantes
274 2953 301 3005 ?
350 2951 582 3025 Oportet
629 2968 760 3024 ergo
808 2956 1050 3025 cogitare
1099 2965 1364 3026 quantum
1424 2967 1640 3029 tempus

24 3040 344 3111 praedictas
399 3049 612 3095 mentes
666 3042 717 3097 ei
761 3042 853 3113 qui
893 3044 1031 3099 solet
1072 3061 1166 3101 eas
1214 3048 1638 3117 cogitationibus

23 3132 199 3186 malis
222 3146 439 3196 emere,
458 3141 513 3186 et
542 3132 600 3187 in
629 3135 950 3191 servitutem
975 3138 1240 3207 redigere,
1267 3140 1635 3206 vendidimus,

23 3223 333 3293 placentes
359 3223 429 3287 ei,
462 3232 519 3277 et
545 3225 1061 3291 consentientes,'et
1084 3228 1237 3283 reddi
1268 3229 1319 3283 ei
1344 3230 1486 3299 quod
1515 3231 1640 3284 rcli-

24 3330 209 3384 quum
260 3324 354 3368 est
386 3315 471 3369 vel
514 3315 812 3370 secundum
840 3315 1216 3388 Septuaginta,
1267 3320 1411 3389 quod
1452 3321 1633 3375 habet.

23 3407 233 3477 Neque
264 3406 416 3461 enim
450 3406 706 3461 dixerunt
737 3409 880 3476 quod
917 3408 1185 3477 reliquum
1212 3419 1317 3474 est,
1365 3411 1461 3464 sed
1492 3412 1637 3479 quod

23 3512 206 3570 super
259 3498 450 3563 habet,
495 3507 553 3551 ut
578 3507 861 3553 contractu
908 3501 1208 3555 valentiore
1240 3500 1544 3564 vincamus,
1583 3510 1638 3555 et

26 3591 349 3647 liberemus
401 3600 644 3644 mentem
693 3598 959 3644 nostram.
1017 3590 1085 3645 Et
1119 3592 1184 3655 si,
1230 3592 1382 3647 verbi
1442 3595 1633 3664 gratia,

24 3680 386 3737 desiderium
416 3687 665 3735 nostrum
704 3681 948 3736 avaritiae
970 3682 1238 3753 cogitatus
1269 3683 1471 3739 invasit
1510 3699 1631 3752 nos,

26 3784 443 3840 recuperemus
493 3779 731 3825 mentem
767 3780 1033 3837 nostram,
1066 3780 1127 3826 ut
1168 3788 1263 3827 885
1290 3772 1475 3837 etiam,
1511 3789 1637 3843 qua:

26 3863 99 3916 de
123 3863 287 3935 justo
308 3867 458 3926 sunt,
481 3860 743 3930 pecunias
770 3870 827 3915 et
853 3861 1228 3931 possessiones
1246 3862 1631 3933 despiciamus.

27 3954 87 4007 Si
102 3951 518 4024 gastrimargiae
539 3951 915 4021 captivitatem
937 3953 1229 4025 suggessit,
1246 3968 1350 4008 nos
1372 3954 1635 4009 intentio-

30 4059 161 4098 nem
197 4042 405 4114 jejunii
425 4042 684 4105 districti,
721 4050 776 4098 et
805 4044 1051 4098 omnium
1076 4045 1323 4099 ciborum
1343 4046 1635 4101 continen-

29 4137 167 4191 tiam
198 4149 617 4204 recuperemus.
656 4132 714 4187 Si
750 4134 899 4188 enim
939 4137 1339 4205 possessionem
1385 4148 1632 4192 nostram

28 4229 287 4299 recipere
320 4242 353 4281 a
384 4225 575 4296 majori
627 4226 869 4294 inimico,
898 4244 1060 4298 quem
1095 4229 1479 4297 devicerimus,
1504 4245 1633 4300 pos-

30 4334 246 4374 sumus.
271 4317 532 4372 Siautem
557 4315 661 4371 hoc
677 4316 881 4372 factum
900 4334 1010 4374 non
1034 4319 1216 4385 fuerit,
1238 4321 1369 4390 quid
1392 4321 1630 4390 eveniat,

34 4411 186 4466 disce
224 4429 239 4465 :

110 4507 173 4561 Et
196 4507 244 4560 si
274 4521 377 4561 non
403 4504 652 4558 invenerit
688 4520 877 4558 manus
907 4504 1041 4574 ejus,
1076 4514 1133 4559 ut
1169 4506 1353 4560 reddat
1377 4508 1624 4577 pretium.

35 4597 270 4667 Oportet
290 4598 462 4660 enim,
483 4596 626 4650 sicut
645 4594 900 4663 diximus,
916 4598 1136 4666 quando
1151 4613 1260 4653 non
1284 4598 1627 4669 praeveniens

36 4688 163 4757 quis
193 4688 541 4757 propinquus
588 4684 849 4754 spiritalis
888 4687 1308 4751 commonuerit,
1353 4687 1625 4756 quomodo

40 4782 215 4834 malas
246 4779 613 4850 cogitationes
642 4777 763 4833 sine
790 4778 1013 4834 laesione
1053 4779 1401 4850 repellamus,
1432 4780 1626 4834 subse-

38 4872 131 4942 qui
169 4870 559 4943 cogitationem
600 4877 657 4923 et
693 4869 968 4925 actionem
1009 4887 1074 4926 ex
1100 4888 1206 4942 qua
1233 4871 1465 4927 liberare
1495 4886 1625 4942 pos-

41 4964 214 5018 simus
252 4978 591 5033 quszcunque
632 4963 832 5032 reperti
877 4962 1145 5017 fuerimus
1171 4964 1313 5019 male
1337 4962 1625 5020 alienasse.

43 5056 277 5112 Habebit
308 5068 523 5127 emptor
546 5056 690 5127 quod
723 5065 934 5111 emerat
969 5071 1143 5126 usque
1164 5056 1232 5110 ad
1255 5069 1460 5111 annum
1484 5056 1631 5125 jubi-

46 5150 218 5208 leum.

122 5239 186 5294 In
222 5241 336 5310 ipso
360 5246 497 5299 enim
521 5250 690 5302 omnis
712 5248 945 5303 venditio
970 5244 1103 5299 redit
1136 5242 1208 5295 ad
1236 5240 1547 5301 Dominum,
1580 5247 1630 5292 et

50 5332 120 5385 ad
142 5348 486 5401 possessorem
515 5338 819 5406 pristinum.
861 5338 916 5393 Si
946 5352 1076 5406 ergo
1113 5348 1304 5401 neque
1316 5347 1414 5401 per
1440 5330 1633 5385 frater-

51 5438 180 5479 nam
216 5424 524 5485 doctrinam
552 5443 730 5498 neque
758 5445 857 5499 per
885 5430 1116 5484 aliouam
1140 5427 1395 5483 virtutem
1417 5431 1633 5479 nostras

126 5653 171 5689 ⁸⁷
191 5655 308 5713 Gal.
334 5632 411 5724 in,
441 5658 489 5715 Ι.

62 5737 156 5789 vn.
187 5727 271 5787 N.

605 5663 648 5696 ⁸⁸
681 5660 842 5715 Prov.
872 5670 1002 5721 xvn,
1029 5655 1114 5711 l7.
1192 5655 1235 5688 ⁸ο
1266 5652 1309 5708 ll
1334 5652 1530 5708 Thess.
1560 5667 1617 5716 ιι,
1646 5650 1697 5706 5.

1752 489 1821 545 de
1868 499 2056 545 nostra
2102 492 2449 560 possessione
2487 494 2782 551 alienatum
2826 498 3334 567 esthdominabitur

1751 580 1891 646 ejus,
1931 581 2024 650 qui
2065 597 2185 636 eam
2228 598 2326 651 per
2367 593 2612 639 nostram
2636 587 3025 659 negligentiam
3065 589 3329 658 possedit.

1752 672 1935 741 Usque
1964 673 2032 728 ad
2064 688 2204 743 opus
2235 675 2381 729 enim
2419 686 2702 744 peccatum
2744 680 3085 748 producitur,
3130 687 3187 733 et
3218 696 3331 735 non

1705 782 1713 790 ·
1750 764 1910 819 aliter
1926 765 2321 835 intelligibilem
2336 777 2576 823 nostram
2598 770 2995 839 possessionem
3019 772 3341 842 recipimus,

1721 856 1854 909 'nisi
1885 856 1939 910 in
1974 867 2220 927 tempore
2244 859 2456 928 jnbilei,
2495 861 2594 915 sivi
2643 871 2703 916 ut
2729 862 3103 933 Septuaginta,
3135 863 3333 917 remis-

1752 946 1944 1002 sionis.
1989 948 2129 1014 Quia
2162 951 2436 1019 perfectus
2471 961 2556 1006 est
2599 968 2798 1016 annus,
2843 955 2936 1024 qui
2963 969 3152 1009 omnes
3191 954 3246 1008 in
3274 970 3332 1009 se

1750 1042 1919 1097 horas
1946 1041 2133 1109 habet,
2162 1052 2219 1099 et
2249 1045 2491 1099 omnium
2516 1047 2803 1101 modorum
2847 1048 3158 1102 circuitum.
3202 1047 3332 1101 Per-

1755 1138 1939 1182 actum
1967 1138 2149 1183 autem
2181 1140 2487 1199 peccatum,
2509 1144 2567 1187 et
2588 1148 2688 1202 per
2723 1135 2950 1189 multum
2977 1144 3192 1205 tempus
3211 1150 3330 1190 ma-

1752 1233 1907 1282 nens,
1929 1235 2039 1273 non
2069 1222 2229 1275 aliter
2257 1225 2341 1276 fas
2368 1233 2453 1278 est
2478 1225 2695 1295 corrigi,
2727 1234 2781 1279 et
2812 1227 3041 1281 liberare
3064 1236 3326 1293 mentem,

1749 1310 1805 1363 in
1837 1325 1943 1380 qua
1958 1311 2272 1367 dominatus
2299 1322 2384 1369 est
2413 1315 2477 1378 is,
2496 1316 2588 1385 qui
2611 1316 2751 1370 male
2770 1326 2955 1372 nostra
2977 1319 3327 1387 conquisivit,

1748 1401 1855 1456 nisi
1884 1418 1983 1472 per
2008 1404 2307 1473 perfectam
2327 1407 2735 1476 paenitentiam,
2765 1407 2817 1461 in
2844 1424 2949 1477 qua
2966 1418 3022 1463 et
3037 1406 3326 1479 jejunium,

1750 1500 1805 1546 et
1823 1493 2015 1558 oratio,
2035 1502 2094 1548 et
2111 1494 2372 1560 cilicium,
2387 1497 2818 1567 etcleemosyna,
2838 1507 2893 1549 et
2909 1497 3159 1567 lacrymzn
3204 1511 3330 1566 pcr-

1748 1584 2114 1654 aguutur.Per
2136 1583 2255 1640 haec
2277 1586 2527 1640 remissio
2543 1586 2698 1641 nobis
2710 1587 2867 1655 plena
2882 1586 3241 1656 conquiritur.
3274 1586 3332 1639 Si

1755 1686 1940 1732 autem
1969 1678 2251 1732 hominem
2270 1678 2473 1733 dictum
2495 1677 2667 1732 fuisse
2685 1694 2713 1730 a
2731 1677 3038 1748 legislature
3057 1693 3206 1741 cum,
3232 1677 3331 1746 qui

1749 1769 2047 1837 captivavit
2075 1775 2291 1824 mentes
2324 1778 2561 1832 nostras,
2589 1767 2849 1833 diximus,
2875 1784 2985 1823 non
3018 1769 3329 1833 admireris,

1747 1861 1875 1932 quia
1912 1870 1970 1915 et
2013 1861 2214 1915 Paulus
2262 1876 2408 1926 eum,
2453 1859 2734 1914 hominem
2789 1862 3018 1930 peccati,
3065 1870 3121 1916 et
3160 1861 3330 1916 lilium

1747 1951 2075 2021 perditionis
2122 1951 2412 2021 appellavit
2443 1950 2510 2003 δ’.
2565 1950 2731 2005 Isaias
2784 1960 2965 2005 autem
3012 1949 3329 2021 tEgyptiunt

1748 2040 2051 2105 hominem,
2068 2048 2245 2096 etnon
2261 2041 2451 2106 Deum,
2478 2039 2532 2094 in
2552 2056 2648 2095 sua
2665 2055 2790 2095 eum
2811 2041 3095 2110 prophetia
3109 2041 3240 2095 dixit
3259 2045 3325 2093 ’°.

1749 2133 1858 2189 Sed
1887 2143 1943 2188 et
1961 2133 2224 2187 Dominus
2251 2132 2531 2187 hominem
2555 2132 2738 2188 vocari
2760 2132 3046 2187 manifeste
3073 2136 3329 2188 concedit

1746 2225 2044 2289 diabolum,
2085 2239 2186 2294 pro
2223 2239 2290 2279 eo
2319 2224 2463 2294 quod
2502 2225 2646 2277 inter
2672 2223 2923 2278 homines
2951 2234 3326 2287 conversetur,

1744 2326 1804 2372 et
1855 2318 1922 2372 ad
1953 2333 2140 2373 eorum
2172 2325 2333 2371 vacet
2383 2315 2634 2371 insidias.
2662 2316 2799 2371 Cum
2840 2330 2970 2386 ergo
3016 2317 3328 2386 parabolani

1745 2410 2078 2465 zizaniorum
2101 2418 2418 2479 exponeret,
2447 2408 2584 2463 dixit
2610 2425 2623 2462 :
2655 2408 2971 2462 Accedentes
2990 2416 3167 2462 autem
3192 2410 3329 2462 servi

1744 2503 1918 2571 patris
1957 2500 2214 2573 familias,
2250 2500 2495 2554 dixerunt
2517 2499 2565 2551 ei
2588 2514 2607 2552 :
2635 2498 2881 2560 Domine,
2930 2510 3098 2550 nonne
3137 2497 3327 2550 bonum

1741 2610 1917 2649 semen
1929 2593 2200 2648 seminasti
2222 2594 2277 2645 in
2297 2608 2423 2662 agro
2457 2599 2566 2655 tuo,
2591 2590 2729 2644 unde
2753 2591 2961 2643 zizania
2981 2590 3006 2642 ?
3030 2589 3127 2644 Ille
3147 2599 3326 2642 autem

1742 2689 1879 2742 dixit
1900 2688 1974 2741 eis
1999 2705 2011 2741 :
2049 2684 2304 2739 Inimicus
2325 2687 2478 2738 homo
2497 2686 2593 2737 hoc
2616 2684 2737 2754 fecit
2760 2684 2825 2737 ’⁸.
2859 2682 3066 2737 Deinde
3095 2682 3326 2751 parabo-

1741 2778 1849 2831 lam
1885 2778 2273 2847 interpretans,
2306 2784 2358 2830 et
2400 2775 2657 2829 inimicus
2684 2774 2807 2843 quis
2829 2782 2994 2837 esset,
3018 2786 3319 2843 exponens,

1742 2869 1822 2924 sic
1842 2869 1975 2924 dicit
2002 2886 2014 2922 :
2044 2869 2298 2923 Inimicus
2319 2878 2495 2921 autem
2517 2868 2607 2937 qui
2627 2866 2901 2921 seminavit
2927 2881 3011 2928 ea,
3033 2875 3108 2918 est
3136 2863 3321 2918 diabo-

1743 2962 1844 3015 lus.
1874 2960 2009 3026 Quia
2032 2970 2089 3016 et
2120 2961 2212 3031 qui
2234 2970 2473 3015 montem
2497 2970 2649 3013 suam
2676 2973 2774 3028 per
2796 2968 3076 3041 peccatum
3104 2957 3321 3013 diabolo

1663 3079 1705 3135 ρ
1740 3054 1944 3125 prodit,
1971 3053 2303 3109 venditionis
2330 3066 2441 3107 suae
2463 3066 2645 3122 prava
2674 3059 2729 3105 et
2755 3050 3078 3121 perniciosae
3099 3059 3320 3105 contra-

1739 3158 1887 3202 ctum
1912 3146 2227 3203 celebravit.
2244 3146 2441 3200 Paulus
2463 3145 2624 3199 etiam
2644 3144 2748 3197 hoc
2766 3142 3022 3197 Romanis
3049 3142 3316 3203 scribens,

1745 3239 2135 3309 interpretatus
2162 3246 2264 3293 est.
2294 3236 2498 3292 Scimus
2521 3236 2660 3289 enim
2683 3236 2810 3305 quia
2835 3233 2918 3288 lea:
2937 3232 3195 3303 spiritalis
3220 3242 3319 3296 est,

1740 3346 1833 3400 ego
1880 3340 2061 3383 autem
2095 3328 2330 3382 carnalis
2368 3343 2507 3390 sum,
2536 3325 2864 3379 venundatus
2899 3323 2994 3376 sub
3034 3324 3317 3392 peccato".

1741 3420 1874 3473 Illud
1900 3429 2080 3474 autem
2126 3430 2253 3473 nota
2306 3418 2562 3481 maxime,
2612 3416 2739 3485 quia
2784 3430 2894 3469 non
2928 3413 3176 3479 fratrem,
3207 3428 3320 3468 non

1743 3510 2108 3580 propinquum
2137 3508 2272 3562 dixit
2319 3522 2439 3561 esse
2468 3506 2636 3570 hunc,
2673 3503 2761 3558 cui
2790 3501 3055 3563 vendidit,
3098 3501 3194 3555 sed
3218 3516 3322 3555 nec

1739 3600 2047 3670 proximum
2069 3613 2217 3661 cum,
2241 3596 2400 3660 dixit,
2427 3592 2881 3663 quemadmodum
2909 3591 2961 3643 in
2989 3589 3320 3659 praecedenti

1742 3692 2047 3758 sanctione,
2079 3693 2131 3744 in
2160 3706 2266 3761 qua
2300 3690 2435 3745 dixit
2470 3706 2483 3742 :
2515 3687 2745 3754 Quando
2787 3684 2994 3740 vendes
3040 3676 3323 3752 quidpiam

1739 3785 1842 3839 civi
1865 3793 1980 3845 tuo,
2016 3783 2096 3836 vel
2120 3782 2257 3836 emis
2274 3780 2340 3834 ab
2362 3796 2449 3847 eo,
2471 3795 2581 3833 non
2606 3776 2902 3832 contristes
2920 3778 3142 3828 fratrem
3165 3783 3321 3826 tuum

1737 3876 1878 3930 nihil
1920 3875 2025 3928 tale
2069 3874 2154 3927 hic
2183 3873 2410 3934 addens,
2452 3870 2693 3925 ostendit
2714 3874 2922 3937 aperte,
2955 3866 3083 3936 quia
3117 3866 3185 3920 de
3215 3864 3320 3918 ali—

1739 3982 1849 4036 quo
1871 3981 1901 4018 a
1932 3965 2090 4019 nobis
2134 3963 2337 4024 alieno,
2382 3961 2476 4030 qui
2501 3959 2639 4014 male
2667 3967 2852 4013 nostra
2896 3955 3188 4026 conquirit,
3222 3954 3322 4009 lo-

1737 4058 1941 4128 quitur.
1978 4056 2046 4109 Et
2085 4056 2204 4109 ltaéc
2237 4053 2456 4124 quidem
2485 4058 2571 4106 est
2601 4049 2863 4119 spiritalis
2905 4047 3319 4116 contemplatio.

1736 4147 2020 4202 Manifesta
2042 4156 2220 4200 autem
2239 4152 2323 4199 est
2342 4143 2597 4198 omnibus
2615 4140 2785 4196 solius
2811 4138 3080 4210 expositio
3096 4137 3320 4203 litterae,

1737 4249 1793 4295 et
1820 4238 1992 4293 facilis
2014 4235 2255 4301 traditio,
2294 4234 2419 4305 quia
2441 4232 2646 4287 Judaeis
2669 4231 2843 4302 legem
2877 4228 3240 4293 suﬁcientia,
3265 4236 3322 4282 et

1736 4346 1848 4387 non
1879 4328 2149 4402 gaudendi
2175 4328 2230 4382 in
2253 4326 2482 4382 avaritia
2514 4338 2612 4394 per
2646 4323 2751 4378 tale
2778 4322 3093 4376 mandatum
3114 4334 3319 4391 propo-

1666 4414 1712 4468 Ῑ)
1740 4425 1841 4489 nit,
1875 4432 1931 4478 et
1954 4428 2241 4492 propterea
2281 4416 2658 4489 possessiones
2688 4429 2786 4484 per
2808 4413 3072 4469 circulum
3094 4412 3177 4468 ad
3201 4426 3322 4478 eos,

1741 4515 1831 4585 qui
1855 4529 1948 4570 eas
1965 4512 2133 4568 semel
2153 4511 2487 4574 habuerunt,
2506 4507 2707 4563 reverti
2724 4505 2858 4569 vult,
2882 4513 2938 4560 et
2959 4519 3064 4560 nec
3082 4503 3326 4560 vendere

1735 4609 1931 4671 vetuit,
1954 4616 2017 4662 ut
2042 4621 2153 4661 non
2171 4604 2486 4674 angustaret
2506 4615 2823 4671 pauperem,
2847 4613 2952 4653 nec
2983 4604 3210 4667 angeret
3236 4597 3322 4649 in-
3366 4636 3380 4654 .

1734 4700 2031 4772 digentem,
2071 4696 2163 4765 qui
2193 4696 2304 4748 non
2343 4693 2500 4746 aliter
2524 4692 2742 4760 degere,
2782 4703 2962 4757 neque
2990 4685 3318 4741 necessitate

1735 4787 1915 4856 aliqua
1934 4783 2167 4838 evadere
2179 4781 2404 4843 valeret,
2420 4778 2526 4832 nisi
2548 4778 2688 4831 forte
2708 4775 3061 4829 vendidisset.
3080 4773 3184 4827 Sed
3214 4787 3319 4827 nec

1737 4890 1831 4932 eos
1855 4874 1948 4943 qui
1994 4868 2463 4939 conquisiverunt,
2495 4879 2715 4934 semper
2739 4863 3019 4932 possidere
3048 4861 3316 4932 praecipit,

1737 4964 1839 5021 sed
1865 4971 2082 5031 tempus
2104 4955 2363 5013 deﬁnivit
2395 4954 2540 5009 intra
2568 4952 2713 5023 quod
2757 4952 2843 5006 lex
2877 4950 3116 5021 aﬁﬁquis
3139 4951 3318 5006 domi-

1737 5057 1825 5112 nis
1846 5051 2248 5127 possessionem
2273 5047 2547 5109 redderet.
2565 5044 2704 5113 Quia
2721 5056 2903 5100 autem
2924 5043 3158 5121 autplius
3182 5057 3318 5098 con-

1739 5140 2112 5215 templationis
2164 5138 2271 5204 lex,
2328 5147 2385 5194 et
2434 5137 2734 5208 juvaminis
2788 5135 3069 5207 spiritalis,
3117 5143 3173 5189 et
3204 5150 3313 5189 non

1738 5233 2040 5291 secundum
2067 5231 2304 5285 litteram
2329 5227 2592 5295 mandati,
2627 5237 2684 5283 et
2705 5242 2825 5297 quae
2847 5227 2902 5280 in
2927 5225 3213 5296 superﬁcie
3231 5236 3318 5281 est

1739 5323 2116 5396 expositionis,
2143 5337 2331 5376 curam
2353 5321 2570 5384 habeat,
2601 5317 2954 5374 manifestant
2972 5317 3278 5388 sequentia.

1740 5452 1747 5457 -
1812 5415 1978 5473 Vens.
2017 5413 2208 5474 29—54.
2230 5433 2250 5467 ι
2286 5411 2391 5480 Qui
2416 5411 2722 5469 vendiderit
2747 5411 2966 5468 domum
2998 5410 3141 5466 intra
3166 5411 3320 5467 urbis

1799 5649 1844 5682 "
1883 5648 1989 5704 lsa.
2021 5661 2169 5713 xxxv,
2202 5645 2257 5700 1.
2329 5645 2379 5679 ἰ
2407 5645 2598 5700 Matth.
2627 5659 2745 5709 xm,
2779 5643 2870 5711 27,
2903 5644 2993 5701 28.
3082 5645 3130 5679 ’³
3156 5642 3314 5706 Rom.
