3810 6318
37 304 194 372 1125

1195 305 1278 370 ΙΝ
1301 307 1741 371 LEVITICUM-
1778 335 1844 346 —
1866 310 2013 370 LIB.
2049 313 2180 373 VII.

3203 315 3338 384 11Ξὸ

36 425 83 478 ti
126 434 402 493 tempore.
442 419 558 477 [loc
587 421 735 476 enim
775 421 1084 492 appellatur
1111 437 1209 492 per
1237 423 1360 493 ejus
1391 432 1645 493 posteros
1678 431 1720 484 Α
1750 424 1956 479 Christi
1990 433 2074 480 est
2105 425 2440 497 mysterium,
2466 427 2630 498 hujus
2658 443 2790 500 ergo
2816 429 2932 497 agri
2951 430 3078 501 jure
3096 433 3340 488 venden-

34 515 136 569 vcl
198 515 602 583 generationes,
657 514 804 583 quod
865 512 1226 585 Septuaginta
1284 515 1472 580 edunt,
1514 514 1641 582 quia

36 607 348 678 presentis
418 606 678 676 temporis
728 615 1051 676 potestatem
1102 607 1265 661 habet
1300 616 1488 660 contra
1545 621 1639 660 eos

38 701 146 768 qui
178 701 594 770 coniunguntur
623 699 694 764 ei,
727 707 779 753 et
812 698 999 752 redimi
1031 715 1140 753 non
1173 698 1371 768 poterit
1394 699 1557 752 etiam
1589 699 1641 752 in

33 792 287 862 jubileo,
319 792 432 847 sive
475 802 536 846 ut
567 791 922 862 Septuaginta
954 791 1011 845 in
1039 791 1386 856 remissione,
1414 805 1521 861 qua
1559 806 1643 844 re-

38 885 350 948 missione,
372 885 477 940 nisi
511 885 698 955 utique
733 885 901 950 illam,
925 900 1088 954 quam
1122 885 1204 939 eis
1235 883 1495 938 Dominus
1519 900 1646 938 cru-

38 980 258 1035 cifixus
283 980 416 1035 dixit
449 999 462 1035 :
494 978 675 1046 Pater,
702 980 907 1033 dimitte
930 978 1056 1041 illis,
1087 978 1211 1049 quia
1245 978 1477 1032 nesciunt
1519 977 1646 1047 quid

37 1073 270 1141 faciunt
297 1073 366 1126 θ’,
409 1072 516 1127 Sed
549 1080 829 1142 peccatum
862 1078 1283 1133 renovaverunt,
1306 1081 1430 1138 post
1459 1070 1644 1124 datum

41 1163 445 1220 remissionem
476 1164 728 1218 malitiosi
759 1162 960 1227 ell‘ecti,
995 1171 1050 1217 et
1083 1162 1360 1232 praeterito
1388 1177 1496 1216 non
1528 1160 1646 1215 su!-

42 1256 279 1312 ﬁciente
295 1265 542 1326 peccato,
566 1255 896 1310 addiderunt
921 1254 1024 1308 alia
1053 1255 1343 1318 deteriora,
1365 1269 1484 1323 quae
1503 1252 1646 1307 circa

44 1349 398 1418 sepulcrum,
427 1358 482 1403 et
507 1356 633 1418 post
657 1347 1142 1409 resurrectionem,
1161 1354 1216 1401 et
1245 1354 1369 1416 post
1399 1346 1451 1400 in
1479 1344 1648 1400 eteius

45 1439 448 1494 ascensionem
467 1444 653 1491 contra
679 1435 856 1505 ipsum
881 1434 1180 1498 Christum,
1210 1443 1266 1488 et
1295 1440 1484 1487 contra
1512 1432 1647 1486 cho-

43 1546 175 1584 rum
229 1540 604 1598 apostotorum
639 1533 1124 1595 praesumpserunt.
1148 1524 1492 1579 Conﬁrmans
1518 1537 1648 1594 ergo

43 1636 112 1676 ea
145 1635 277 1691 quae
304 1635 456 1674 nunc
489 1633 518 1673 a
538 1617 697 1674 nobis
726 1617 869 1672 dicta
896 1625 1025 1672 sunt
1068 1615 1349 1680 Dominus,
1380 1626 1435 1670 et
1461 1625 1649 1670 osten-

45 1715 194 1770 dens
229 1714 362 1783 quia
399 1711 708 1767 Iudaeorum
727 1709 943 1776 domos,
975 1717 1030 1765 et
1052 1709 1354 1764 Jerusalem
1382 1709 1647 1778 templum

1746 527 1856 580 tur,
1891 519 1976 573 vel
2023 519 2204 574 adhuc
2248 535 2438 591 agrum
2487 521 2928 589 aestimabuntur,
2961 525 3088 594 quia
3121 526 3170 580 ei
3207 538 3341 582 sunt

1745 612 2026 681 proximae,
2055 627 2164 665 non
2196 612 2324 683 legi.
2352 611 2720 678 Quamobrem
2750 630 2970 685 semper
2995 617 3191 672 redimi
3212 633 3340 688 pos-

1746 713 1895 766 sunt,
1922 704 2007 757 vel
2037 704 2342 758 secundum
2375 704 2734 776 Septuaginta
2759 707 3005 764 liberatae
3031 725 3130 780 per
3155 715 3346 766 omnia-

1746 803 1932 851 erunt.
1969 794 2050 850 Ex
2098 811 2208 866 quo
2239 812 2372 868 ergo
2408 797 2673 853 Dominus
2709 800 2881 865 venit,
2918 805 3091 870 usque
3133 803 3200 858 ad
3247 818 3344 858 se-

1747 890 1987 945 cundum
2021 888 2316 944 adventum
2341 890 2482 959 ejus,
2512 905 2612 960 per
2636 900 2820 960 parter
2845 902 3036 962 gentes
3056 894 3351 948 redimun-r

1748 989 1856 1045 tur,
1888 990 1944 1034 et
1989 995 2086 1050 per
2118 980 2497 1035 remissionem
2538 983 2798 1047 evadunt,
2835 998 3000 1052 quam
3035 984 3152 1054 ipse
3184 985 3350 1039 omni-

1748 1072 1934 1143 generi
1978 1073 2220 1126 humane
2255 1087 2352 1141 per
2382 1087 2602 1127 crucem
2637 1074 2950 1144 appellavit.
2982 1076 3125 1129 Crux
3162 1078 3338 1142 enim,

1749 1172 1835 1218 est
1862 1179 1990 1217 vera
2021 1162 2466 1218 remissio.Undc
2493 1172 2549 1218 et
2574 1164 2695 1233 ejus
2720 1165 2946 1236 ﬁguram
2976 1182 3172 1238 gerens
3200 1169 3352 1224 aries

1748 1254 1840 1325 qui
1874 1270 1971 1325 pro
2003 1255 2160 1314 Isaac,
2197 1256 2250 1308 in
2294 1254 2617 1310 holocausto
2651 1257 2870 1312 oblatus
2905 1268 3009 1319 est,
3038 1261 3340 1315 secundum

1749 1348 1896 1417 quod
1923 1345 2282 1416 Septuaginta
2317 1347 2510 1408 edunt,
2548 1348 2605 1400 in
2640 1348 2866 1418 virgulto
2906 1347 3105 1403 Sabech
3147 1351 3352 1404 iuven-

1749 1449 1840 1494 tus
1868 1449 1952 1494 est
1979 1439 2258 1509 religatus.
2291 1437 2504 1493 Sabech
2541 1448 2747 1502 autem,
2784 1441 3036 1495 remissio
3071 1442 3346 1512 interpre-

1751 1541 1920 1594 tatur,
1951 1531 2078 1602 quia
2126 1546 2369 1591 crucem.
2391 1547 2513 1602 qua:
2536 1531 2639 1586 fuit
2662 1532 3006 1588 remissionis
3025 1534 3342 1606 virgultum,

1750 1624 2134 1696 praeﬁgurabat
2165 1626 2269 1681 hoc
2308 1625 2454 1694 quod
2495 1635 2623 1679 tunc
2652 1636 2869 1695 gestum
2913 1635 3020 1680 est.
3053 1625 3192 1697 Ergo
3223 1636 3361 1681 tan--

1752 1731 1916 1786 quam
1967 1715 2242 1769 Abraham
2299 1715 2353 1768 in
2411 1711 2581 1786 figura
2635 1715 2780 1770 diem
2830 1717 3010 1772 crucis
3061 1728 3344 1783 cernente,

46 1816 234 1861 totum
274 1802 573 1859 adversarii
605 1802 804 1856 factum
835 1809 939 1862 εει.
972 1812 1026 1855 ει
1048 1810 1256 1870 parlem
1283 1801 1428 1869 apud
1461 1799 1646 1854 Domi-
1680 1790 1718 1840 Β
1748 1807 2002 1861 Christus
2032 1807 2206 1860 dixit:
2245 1806 2517 1860 Abraham
2541 1806 2846 1873 exsultavit,
2877 1818 2934 1861 ut
2961 1810 3161 1863 videret
3203 1811 3357 1863 diem

45 1914 188 1954 num
213 1897 423 1951 habere
446 1894 556 1964 jam
587 1909 694 1948 non
715 1902 912 1962 potest,
943 1892 1069 1960 quia
1098 1891 1517 1961 evangelizatam
1538 1905 1646 1943 non

47 1995 427 2058 susceperunt
484 1985 935 2054 redemptionem.
982 1985 1170 2039 dicens
1205 2002 1217 2037 :
1255 1982 1468 2048 Quoties
1511 1984 1650 2038 volui

48 2096 381 2152 congregare
400 2095 508 2141 vos,
539 2079 976 2147 quemadmodum
998 2077 1200 2148 gallina
1225 2085 1502 2147 congregat
1533 2076 1652 2144 pul-

51 2177 131 2228 los
160 2191 289 2227 suos
321 2172 414 2226 sub
440 2171 556 2224 alas
591 2187 714 2224 suas
759 2179 827 2232 ,et
851 2168 1091 2222 noluistis
1122 2170 1148 2222 ?
1177 2169 1326 2222 addit
1359 2187 1372 2220 τ
1408 2167 1538 2222 Ecce
1560 2185 1647 2221 re-

51 2265 335 2335 linquetur
369 2261 510 2316 vobis
551 2263 736 2314 domus
764 2269 937 2312 vestra
981 2264 1184 2312 deserta
1216 2259 1252 2310 ¹.
1287 2257 1652 2323 Quemadmo-

51 2357 188 2410 dum
231 2371 367 2423 ergo
423 2369 485 2406 ea
535 2368 655 2420 quae
701 2353 767 2406 de
788 2350 1028 2405 Judaicis
1073 2350 1366 2420 Synagogis
1409 2350 1656 2419 praedixit

53 2446 332 2517 Spiritus,
374 2445 454 2498 sic
476 2444 692 2496 intende
713 2459 833 2512 qua:
854 2443 1106 2497 Ecclesiae
1131 2443 1371 2514 gentium
1407 2442 1559 2497 dicit.

129 2539 234 2595 Sin
276 2548 461 2591 autem
509 2539 562 2588 in
602 2537 730 2589 villa
763 2537 921 2607 fuerit
964 2539 1171 2599 doinus,
1205 2553 1322 2607 qua:
1347 2554 1526 2590 muros
1553 2553 1655 2590 non

53 2632 240 2696 habet,
277 2645 532 2698 agrorum
556 2627 683 2696 jure
710 2629 978 2681 vendetur.
1015 2626 1076 2681 Si
1104 2637 1224 2681 ante
1248 2629 1519 2696 redempta
1553 2643 1656 2681 non

57 2723 224 2794 fuerit
257 2722 316 2773 in
335 2720 562 2789 jubileo,
593 2729 878 2771 revertetur
904 2719 974 2771 ad
999 2718 1302 2772 Dominum.
1339 2720 1536 2773 Domus
1565 2735 1656 2774 er-

58 2831 128 2885 go
181 2828 312 2884 quae
359 2813 413 2864 in
463 2811 586 2864 villa
641 2818 790 2875 sunt,
824 2810 969 2878 quod
1003 2809 1255 2864 Ecclesiae
1285 2812 1528 2880 gentium
1560 2813 1657 2866 de-

60 2907 234 2960 beant
281 2904 512 2974 intelligi
536 2945 551 2968 ,
587 2903 756 2957 Isaias
802 2903 963 2957 nobis
995 2904 1264 2973 propheta
1296 2903 1654 2968 demonstrat,

61 2998 282 3063 Lauda,
314 2995 536 3057 sterilis,
575 3011 690 3065 qme
737 3011 840 3048 non
873 2996 1040 3064 puris,
1072 2995 1296 3048 decanta
1329 2995 1540 3048 Iaudem
1562 3036 1576 3061 ,
1611 3003 1660 3048 et

60 3092 234 3156 hinni,
262 3106 383 3154 qua:
413 3107 515 3142 non
545 3089 811 3157 pariebas,
835 3094 1094 3158 quomodo
1123 3089 1303 3142 multa?
1329 3088 1455 3157 filia:
1482 3089 1662 3140 deser-
1689 3128 1732 3185 ο

63 3196 164 3248 tte,
196 3183 374 3252 magis
405 3198 567 3252 quam
597 3183 710 3250 ejus
742 3198 858 3251 quia
883 3181 1037 3234 habet
1072 3182 1272 3246 virum,
1315 3181 1441 3233 dicit
1474 3180 1662 3232 Domi-

64 3294 163 3331 nus
183 3277 204 3306 ¹
242 3293 256 3327 :
286 3275 424 3339 Quae
454 3283 539 3327 est
567 3282 750 3328 autem
779 3273 979 3327 sterilis
1009 3281 1064 3325 et
1096 3272 1314 3326 deserta
1343 3280 1397 3326 et
1420 3287 1529 3324 non
1564 3287 1661 3340 pa—

65 3369 241 3434 riens,
277 3364 388 3420 nisi
427 3365 668 3435 gentium
700 3363 979 3418 Ecclesia?
1013 3363 1144 3429 Quae
1179 3379 1290 3417 non
1318 3365 1662 3419 Patriarchas

65 3460 283 3520 habuit,
319 3472 433 3510 non
483 3457 677 3526 legem.
728 3471 840 3508 non
888 3456 1222 3524 prophetas,
1254 3456 1399 3509 unde
1443 3465 1496 3510 et
1545 3457 1662 3510 sine

63 3566 229 3605 muro
264 3557 422 3602 recte
455 3548 792 3600 nominatur.
826 3545 981 3599 Unde
1011 3560 1142 3615 ergo
1166 3545 1298 3614 quid
1333 3554 1388 3598 et
1415 3546 1563 3598 aliud
1597 3545 1665 3599 de

65 3642 186 3712 ipsa
215 3639 514 3712 pr0phetia
550 3638 832 3692 subdidit:
872 3637 1018 3691 Dixit
1063 3639 1201 3691 enim
1233 3639 1488 3692 Dominus
1521 3653 1538 3690 :
1567 3637 1664 3690 Di-

66 3735 182 3788 lata
219 3733 396 3785 locum
435 3731 647 3783 tentorii
687 3732 796 3794 tui,
842 3741 892 3784 et
922 3731 1174 3784 aularum
1205 3731 1453 3784 tuarum'
1489 3748 1502 3783 :
1536 3746 1666 3800 ergo

67 3842 191 3896 qua:
219 3826 279 3878 in
306 3822 476 3885 villis,
508 3823 626 3876 sive
653 3831 713 3876 ut
741 3822 1120 3893 Septuaginta,
1156 3823 1210 3876 in
1241 3823 1381 3878 aulis
1413 3831 1542 3878 sunt
1569 3823 1668 3877 do-

69 3934 198 3974 mus
239 3919 511 3989 gentium,
551 3915 807 3970 Ecclesia:
840 3916 1244 3984 intelliguntur.
1285 3915 1440 3981 Quod
1485 3917 1669 3970 adhuc

68 4013 294 4082 planius
327 4009 383 4062 in
425 4007 830 4078 posterioribus
851 4009 1098 4076 ejusdem
1136 4008 1440 4078 prophetiae
1476 3997 1668 4062 osten-

71 4103 243 4157 ditur.
283 4099 439 4168 Euge
483 4113 592 4152 non
629 4113 843 4168 parcas,
870 4099 1104 4154 extende
1131 4100 1293 4153 funes
1323 4109 1465 4167 tuos,
1493 4109 1544 4154 et
1575 4114 1671 4169 pa-

76 4194 237 4250 xillus
276 4201 411 4247 tuos
439 4189 710 4255 contorta,
741 4191 921 4245 adhuc
963 4192 1032 4245 ad
1085 4193 1392 4258 dexteram,
1424 4201 1480 4247 et
1530 4193 1670 4248 sini-

76 4295 248 4342 stram
279 4283 551 4349 extende,
587 4292 642 4338 et
673 4297 860 4338 semen
894 4291 1048 4337 tuum
1078 4294 1269 4354 gentes
1303 4284 1667 4352 haereditabit,

78 4390 133 4434 et
166 4378 422 4433 civitates
452 4377 698 4432 desertas
732 4375 1079 4431 inba‘bitabit.
1115 4377 1255 4432 Ecce
1293 4377 1544 4434 civitates
1575 4378 1671 4434 de-

82 4480 274 4534 sertas,
309 4470 432 4525 sine
463 4482 624 4522 muro
657 4466 932 4533 videlicet,
967 4481 1060 4522 eas
1093 4482 1215 4537 quae
1241 4475 1372 4522 sunt
1399 4467 1665 4540 gentium,
1700 4503 1744 4559 υ

83 4564 400 4634 appellavit.
429 4562 622 4631 Neque
670 4559 820 4615 enim
871 4560 1148 4616 habebant
1180 4560 1312 4633 legis
1340 4577 1582 4628 murum,
1614 4569 1671 4616 et

86 4656 524 4720 desertaerant,
562 4668 720 4708 error
749 4652 832 4708 eis
864 4652 1154 4718 dolorum,
1199 4668 1432 4724 quorum
1477 4653 1675 4709 domus

85 4750 139 4804 in
165 4749 331 4812 villis,
365 4763 507 4817 quas
539 4746 902 4818 Septuaginta
946 4746 1002 4800 in
1047 4746 1189 4800 aulis
1231 4745 1511 4813 dixerunt,
1537 4761 1676 4816 quas

86 4855 210 4894 esse
240 4839 512 4895 Ecclesias
550 4839 826 4894 diximus:

158 4926 416 4995 Agrorum
457 4927 586 4996 jure
623 4930 930 4982 veridentur.
963 4926 1059 4983 Vel
1104 4927 1405 4982 secundum
1439 4929 1672 4999 Septua-

91 5015 238 5084 ginta
271 5035 283 5069 :
313 5019 396 5071 Ad
423 5035 615 5089 agrum
650 5029 806 5075 terra:
832 5021 1262 5074 testimabuntur.
1298 5021 1470 5088 Cujus
1515 5022 1673 5092 agri?

95 5104 244 5160 Illius
268 5109 474 5175 utique,
492 5127 656 5180 quem
683 5112 944 5167 Dominus
961 5113 1091 5166 dicit
1113 5126 1130 5164 :
1152 5110 1338 5167 Simile
1361 5121 1434 5166 est
1456 5129 1674 5183 regnum

99 5193 340 5249 caelorum
369 5199 610 5254 thesauro
636 5191 940 5258 abscondito
969 5203 1026 5256 in
1054 5221 1204 5273 agro,
1223 5216 1371 5271 quem
1407 5205 1497 5274 qui
1532 5206 1677 5259 inve-

102 5286 178 5337 nit
211 5285 364 5338 homo
397 5287 663 5343 abscondit
689 5307 806 5344 eum
849 5307 958 5361 pra!
987 5291 1182 5359 gaudio
1229 5306 1246 5344 :
1282 5291 1420 5344 alius
1449 5289 1601 5349 abiit,
1629 5299 1680 5344 et

103 5379 330 5443 vendidit
366 5382 565 5446 omnia,
591 5399 708 5451 qua:
736 5384 939 5446 habuit,
967 5391 1015 5436 et
1058 5385 1183 5436 emit
1226 5400 1410 5453 agrum
1456 5383 1607 5436 illum
1629 5381 1673 5434 ⁸.

108 5465 248 5527 Dicit
279 5479 459 5525 autem
490 5487 701 5543 agrum,
743 5475 1092 5544 Evangelium
1119 5518 1132 5539 ,
1165 5475 1357 5542 inquo
1386 5475 1677 5528 thesaurus

183 5683 228 5728 "5
264 5698 393 5753 Luc.
421 5713 573 5763 χχιιι,
604 5701 692 5754 54,
772 5697 788 5731 ¹
818 5695 1004 5748 Matth.
1035 5712 1193 5754 “tu.
1218 5696 1308 5756 57,
1340 5696 1429 5750 '58.
1508 5695 1527 5726 ¹
1552 5693 1653 5748 isa.
1679 5709 1788 5762 LIV,
1821 5695 1871 5748 1.

126 5763 211 5820 56.
279 5771 300 5800 δ
325 5769 478 5824 Num.
517 5785 669 5837 xvnt,
702 5771 755 5825 6.
831 5769 848 5797 ⁷
879 5765 1068 5820 Matth.
1104 5783 1212 5833 xix,
1243 5766 1333 5824 27.

1751 1915 1947 1962 meum,
1978 1907 2025 1950 et
2055 1898 2206 1959 vidit,
2235 1907 2282 1949 et
2302 1899 2512 1966 gavisus
2543 1909 2616 1951 est
2641 1900 2684 1952 ⁵.
2703 1898 2858 1964 Quod
2897 1915 3028 1970 ergo
3056 1911 3175 1955 erat
3201 1917 3344 1971 prac-

1753 1990 1914 2044 dictis
1958 1991 2026 2042 de
2071 1987 2296 2042 .Iudaica
2331 1989 2493 2041 domo
2523 1991 2879 2053 contrarium,
2915 1993 3038 2045 vide
3067 1995 3346 2061 quomodo

1754 2078 2063 2147 praevidens
2095 2076 2372 2146 legislator
2402 2077 2588 2136 solvit.
2621 2077 2747 2145 quia
2779 2079 2926 2129 enim
2965 2087 3089 2146 post
3115 2094 3341 2138 annum,

1755 2171 1810 2223 in
1855 2185 1963 2238 quo
2006 2168 2263 2222 Christus
2292 2170 2346 2221 in
2375 2183 2541 2222 carne
2585 2184 2828 2236 praesens
2857 2169 3120 2222 liberabat
3151 2170 3346 2224 huma-

1754 2277 1886 2315 num
1922 2275 2130 2331 genus,
2163 2260 2371 2328 integre
2402 2259 2713 2313 .ludanorum
2753 2258 3048 2330 Synagogm
3083 2275 3180 2329 per
3209 2276 3338 2330 apo.

1757 2352 2008 2406 'stolicam
2040 2351 2345 2406 doctrinam
2374 2349 2616 2403 liberata:
2647 2360 2796 2412 sunt,
2819 2365 2970 2404 nunc
3000 2350 3217 2418 quidem
3245 2351 3344 2408 tria

1755 2444 1944 2510 millia,
1981 2459 2128 2497 nunc
2160 2453 2342 2496 autem
2368 2443 2608 2512 quinque
2634 2443 2821 2506 millia,
2847 2458 3147 2512 rursusque
3175 2443 3347 2498 multo
3437 2437 3444 2441 ”

1757 2538 1941 2608 plures
1970 2551 2132 2606 quam
2167 2536 2298 2590 dicti
2343 2543 2504 2597 sunt,
2541 2551 2610 2590 ne
2656 2535 2780 2604 quis
2816 2536 2921 2589 hoc
2953 2536 3232 2606 ignorasse
3264 2537 3344 2592 leo

1758 2633 2071 2705 gislatorem
2103 2633 2484 2697 arbitraretur,
2509 2632 2655 2696 vide,
2687 2631 3144 2701 quemadmodum
3166 2641 3221 2687 et
3244 2633 3350 2689 hoc

1759 2725 2030 2795 sapientia
2065 2725 2326 2793 spiritalis
2357 2725 2776 2778 demonstravit.

1826 2814 1990 2869 IEdes
2018 2813 2344 2880 Levitarum,
2383 2816 2472 2884 qui
2510 2815 2564 2866 in
2593 2814 2808 2868 urbibus
2838 2822 2960 2868 sunt
2988 2832 3194 2884 semper
3225 2833 3350 2887 pos-

1759 2916 1879 2961 sunt
1921 2907 2132 2969 redimi,
2164 2909 2208 2960 si
2234 2908 2503 2975 redempta
2541 2922 2645 2959 non
2677 2907 2904 2975 fuerint,
2943 2909 2997 2961 in
3022 2908 3225 2977 jubileo
3257 2926 3346 2964 re-

1761 3006 2028 3052 vertentur
2066 2998 2136 3051 ad
2193 2997 2450 3059 dominos,
2484 2997 2608 3063 quia
2655 2998 2839 3052 domus
2884 2999 3092 3053 urbium
3133 3001 3352 3055 Levita-

1766 3107 1883 3143 rum
1917 3105 2011 3157 pro
2041 3089 2454 3157 possessionibus
2497 3099 2618 3140 sunt
2662 3089 2800 3142 inter
2838 3090 2976 3158 ﬁlios
3007 3091 3192 3146 Israel.
3228 3093 3350 3149 Non

1765 3182 1965 3236 frustra
2000 3180 2216 3235 Levilas
2243 3180 2510 3248 quispiam
2557 3179 2704 3234 dicat
2737 3181 3012 3249 apostolos
3061 3184 3346 3253 appellari,

1764 3274 1857 3328 sed
1897 3273 2022 3341 quia
2054 3273 2120 3327 de
2158 3272 2359 3326 Levitis
2389 3273 2596 3326 dictum
2625 3281 2709 3326 est
2738 3291 2752 3327 :
2789 3273 2854 3326 In
2889 3285 3029 3329 terra
3054 3293 3233 3331 eorum
3261 3280 3351 3332 uio

1763 3366 1840 3419 hil
1861 3366 2160 3433 possidebis.
2193 3382 2284 3418 nec
2312 3365 2520 3418 habebis
2553 3376 2758 3430 partem
2793 3368 2930 3420 inter
2955 3386 3058 3422 eos.
3098 3368 3206 3439 Ego
3225 3387 3358 3439 pars

1766 3466 1814 3508 et
1847 3457 2128 3509 luereditas
2158 3464 2272 3520 tua,
2311 3457 2366 3508 in
2393 3457 2563 3508 medio
2590 3456 2821 3526 ﬁliorum
2850 3459 3018 3512 Israel
3036 3459 3076 3511 ⁸.
3111 3462 3225 3516 Hoc
3249 3479 3352 3516 att-

1766 3553 1876 3598 tem
1913 3545 1967 3597 in
2014 3543 2281 3612 apostolis
2332 3545 2552 3613 proprie
2605 3545 2887 3614 impletum
2936 3556 3040 3606 est.
3072 3551 3161 3617 qui
3199 3550 3360 3606 dice-
3415 3573 3417 3576 ·

1767 3637 1905 3691 baut
1932 3634 2293 3699 conlidenter,
2340 3635 2406 3720 ad
2447 3633 2734 3688 Dominum
2767 3653 2781 3688 :
2819 3635 2950 3690 Ecce
2997 3655 3089 3691 nos
3132 3640 3355 3710 reliqui-

1771 3743 1886 3781 mus
1918 3726 2119 3790 omnia,
2155 3733 2202 3777 et
2239 3725 2407 3777 secuti
2428 3741 2615 3778 sumus
2649 3733 2733 3789 te,
2772 3727 2899 3790 quid
2933 3737 3090 3794 putas
3127 3732 3225 3783 erit
3258 3747 3358 3784 no-

1771 3820 1924 3875 bis'?
1953 3817 2155 3872 Horum
2184 3833 2315 3884 ergo
2354 3819 2518 3882 aedes,
2550 3835 2673 3887 quae
2706 3819 2762 3872 in
2793 3821 3022 3876 urbibus
3052 3832 3200 3886 sunt,
3237 3824 3362 3879 sive-

1770 3911 2070 3966 secundum
2096 3909 2474 3978 Septuaginta,
2491 3911 2670 3963 domos
2697 3911 2989 3975 civitatum,
3010 3927 3200 3967 eorum
3227 3930 3356 3984 pos-

1772 4001 2071 4059 sessiones,
2101 4008 2372 4068 quotquot
2401 4014 2497 4054 eos
2532 4001 2707 4054 secuti
2746 4012 2876 4056 sunt
2907 4003 3012 4058 ﬁde
3042 4014 3096 4058 et
3125 4021 3364 4060 conver-

1773 4092 2008 4152 satione,
2041 4089 2269 4145 Judaica
2322 4088 2548 4160 collegia
2606 4099 2754 4145 recte
2807 4092 3367 4165 intelliguntur,quiaa

1772 4185 1926 4256 prius
1950 4191 2176 4253 propter
2206 4196 2301 4236 eos
2334 4181 2432 4246 ire,
2469 4190 2530 4236 ut
2571 4181 2638 4236 ad
2671 4197 2804 4238 oves
2842 4199 2964 4254 quae
3013 4185 3234 4241 fuerant
3261 4203 3368 4258 per

1773 4277 1931 4333 dictae
1959 4277 2155 4331 domus
2185 4274 2373 4340 lsrael,
2404 4289 2433 4328 a
2479 4274 2702 4330 Christo
2747 4275 2888 4345 jussi
2927 4285 3077 4332 sunt.
3114 4279 3258 4350 Ergo
3292 4279 3364 4334 ad

1773 4379 1978 4427 sortem
2012 4384 2203 4424 eorum
2234 4367 2586 4438 pertinebant
2615 4367 2717 4434 illi,
2741 4377 2909 4444 atque
2931 4371 3359 4441 possessionem,

1773 4477 2100 4534 semperque
2132 4467 2388 4531 poterant
2415 4459 2634 4524 redimi,
2659 4467 2719 4514 et
2747 4460 2853 4515 hoc
2873 4460 3100 4518 historia
3127 4464 3372 4520 Actuum

1772 4555 2147 4628 apostolorum
2177 4552 2575 4608 demonstravit
2610 4570 2624 4607 :
2656 4553 2825 4609 multa
2864 4555 3015 4611 enim
3044 4555 3370 4614 Iudaeorum

1771 4663 1871 4718 per
1917 4645 2198 4717 apostolos
2241 4644 2311 4701 ab
2332 4659 2522 4699 errore
2555 4643 2665 4700 dixi
2700 4645 2928 4702 liberata
2965 4647 3213 4718 collegia.
3244 4648 3371 4704 Non
3415 4652 3422 4659 '

1772 4740 1904 4794 solis
1939 4747 2121 4792 autem
2170 4737 2328 4790 licuit
2379 4738 2641 4806 apostolis
2673 4737 2817 4792 hanc
2847 4754 3111 4807 peragere
3146 4743 3366 4795 redem-
3421 4718 3429 4732 ’

1774 4831 2041 4900 ptioucm,
2079 4828 2172 4880 sed
2207 4835 2262 4879 et
2291 4827 2575 4893 discipulis
2615 4841 2828 4880 eorum.
2859 4829 2964 4881 Sed
3003 4838 3182 4884 tamen
3224 4832 3367 4888 hanc

1777 4920 2080 4975 secundum
2128 4917 2344 4969 illorum
2384 4916 2667 4986 Oportebat
2718 4918 2854 4972 edici
2897 4920 3202 4976 doctrinam
3234 4964 3248 4987 ,
3309 4934 3372 4981 ut

1776 5013 1886 5067 illis
1925 5012 2292 5080 imputaretur
2335 5009 2425 5078 qui
2467 5009 2751 5064 exordium
2805 5010 2944 5067 facto
2993 5015 3364 5085 praebuerunt,

1779 5105 1874 5175 qui
1927 5113 2231 5174 posuerunt
2273 5103 2547 5174 dogmata.
2586 5105 2861 5173 quomodo
2913 5106 2986 5171 hi,
3021 5109 3114 5177 qui
3161 5109 3216 5164 in
3252 5112 3366 5167 cir-

1782 5197 2121 5253 cumcisione
2175 5204 2335 5249 erant
2381 5197 2580 5249 salvari
2631 5204 2688 5250 et
2737 5197 2954 5252 liberari
3011 5199 3241 5268 possint.
3299 5201 3367 5260 Et

1783 5299 2075 5362 propterea
2116 5289 2415 5344 secundum
2447 5289 2804 5359 Septuaginta
2832 5292 2907 5344 ait
2942 5310 2954 5345 :
2987 5291 3055 5346 Et
3078 5295 3374 5367 quicunque

1786 5384 2041 5437 rediment
2068 5399 2100 5435 a
2128 5381 2341 5445 Livitis,
2377 5381 2427 5434 id
2459 5389 2559 5445 est,
2602 5381 2670 5436 ab
2703 5382 2808 5435 illis
2841 5383 3114 5453 accipiens
3146 5386 3370 5444 modum

1786 5471 2078 5527 liberandi.
2127 5471 2247 5525 Non
2297 5470 2443 5525 enim
2493 5487 2524 5525 a
2580 5471 2783 5527 Levitis
2833 5473 3169 5541 liberantur,
3215 5478 3372 5546 quasi

1949 5694 1971 5725 ³
2005 5693 2132 5748 ibid.
2173 5692 2228 5747 2.
2305 5693 2325 5723 ⁸
2347 5691 2539 5750 Matth.
2577 5710 2696 5759 xm,
2725 5695 2814 5763 44,
2845 5695 2935 5750 45.
3015 5698 3035 5729 ⁵
3065 5695 3218 5753 Joan.
3251 5714 3376 5768 \‘lll,
