3810 6318
526 279 658 345 1127

1696 266 2077 325 'HESYCHII
2104 261 2604 324 'l’RESBYTEBI
3724 255 3741 315 i
3758 258 3795 313 i.‘

522 395 663 466 ipsis
706 388 1150 463 possidentibus,
1188 396 1242 441 ct
1292 394 1576 456 propterea
1616 381 1974 453 Symmachus
1995 419 2008 440 ,
2053 388 2109 433 et
2138 391 2182 441 Α
2213 379 2282 432 ab
2310 394 2397 443 eo,
2426 392 2531 431 nec
2551 376 2786 445 amplius
2808 389 2969 451 quam
2997 372 3411 428 dedisti.Time
3452 369 3655 424 Deum
3684 384 3795 425 tua:

521 487 739 557 Aquila,
786 485 1102 554 quicunque
1140 479 1318 535 afﬁnis
1364 486 1449 532 est
1492 477 1562 530 de
1607 475 1844 539 Levitis,
1896 473 2103 528 dicunt.

523 575 849 645 Quicunque
881 587 1010 643 ergo
1037 572 1144 625 illis
1173 568 1367 624 similia
1395 568 1575 632 docet,
1608 576 1663 621 et
1692 566 1920 620 redimet
1948 579 2113 633 quas-

525 671 653 724 dam
680 667 895 728 domos,
919 665 1006 720 vel
1035 664 1079 719 si
1112 663 1165 716 in
1194 660 1512 717 civitatibus
1541 658 1786 714 Judaicis
1814 659 1945 719 sint,
1974 656 2111 712 exiit

525 760 827 817 secundum
852 755 1205 825 Septuaginta
1234 752 1497 814 venditio,
1524 751 1572 804 id
1602 760 1702 816 est,
1734 749 2112 804 liberabuntur

524 852 581 906 in
613 849 935 906 remissione
959 846 1083 900 ﬁdei
1113 845 1313 908 crucis,
1349 854 1404 899 et
1429 857 1704 899 concessm
1737 857 1835 910 per
1866 856 1989 895 eam
2018 856 2112 895 ve-

526 942 654 996 niae.
686 939 842 1005 Quod
868 947 1056 992 nostra
1086 936 1257 990 editio
1282 935 1471 990 habet.

598 1030 663 1087 Si
692 1032 973 1100 redempta:
1007 1045 1110 1082 non
1144 1029 1362 1098 fuerint,
1388 1028 1442 1089 iu
1466 1026 1668 1095 jubileo
1694 1035 2017 1080 revertentur
2043 1026 2115 1079 ad

526 1126 784 1179 dominos.
817 1123 998 1189 Quare
1044 1132 1227 1176 autem
1279 1120 1484 1175 dictum
1525 1129 1628 1182 est,
1680 1120 1945 1188 sequitur.
1980 1118 2118 1183 Quia

528 1221 714 1274 domus
740 1217 943 1271 urbium
973 1214 1277 1269 Levitarum
1308 1230 1403 1280 pro
1432 1213 1842 1282 possessionibus
1881 1220 2004 1265 sunt
2042 1212 2120 1263 in-

535 1321 613 1365 ter
642 1310 779 1380 ﬁlios
812 1307 1005 1361 Israel.
1040 1307 1094 1361 Id
1126 1315 1229 1366 est,
1262 1314 1484 1374 propter
1511 1305 1881 1373 apostolorum
1916 1319 2118 1373 cogna-

538 1404 767 1467 tionem,
802 1399 1223 1470 intclligibilium
1278 1398 1425 1453 enim
1478 1396 1813 1461 Levitarum,
1842 1396 2119 1465 apostolo-

531 1510 657 1548 rum
692 1490 970 1562 possessio
1019 1489 1074 1545 in
1121 1488 1302 1543 medio
1334 1486 1570 1542 ﬁliorum
1613 1485 1776 1540 Israel
1807 1495 1943 1551 erat,
1982 1486 2122 1540 sicut

530 1584 911 1655 cognovimus,
931 1582 1059 1651 quia
1088 1582 1284 1636 Petrus
1312 1590 1368 1634 et
1394 1580 1636 1657 Joannes
1669 1587 1872 1633 sortem
1902 1588 2122 1647 aposto-

2211 482 2272 526 ut
2294 472 2477 525 vivere
2505 469 2679 539 possit
2714 468 2885 521 frater
2908 475 3037 519 tuus
3070 465 3216 534 apud
3253 462 3690 519 te.Peeuniam
3711 474 3795 515 tua:

2214 580 2320 619 non
2351 562 2506 616 dabis
2545 562 2593 615 ci
2621 559 2689 615 ad
2732 575 2975 621 usuram,
3008 567 3067 611 et
3090 557 3313 628 frugum
3360 557 3795 625 superabiles»

2215 658 2344 711 tiam
2390 672 2500 710 non
2545 655 2749 725 exiges.
2786 654 2898 721 Ego
2948 653 3215 706 Dominus
3271 651 3438 705 Deus
3489 661 3712 711 vester,
3750 670 3795 718 ᾳ

2213 748 2378 802 eduxi
2410 763 2506 802 vos
2542 746 2612 800 de
2652 754 2794 801 terra
2820 744 3070 814 1Egypti,
3107 750 3170 797 ut
3194 743 3406 797 darem
3441 742 3622 797 vobis
3660 753 3795 795 terra;

2212 842 2472 911 Chanaan
2504 857 2518 891 :
2557 852 2613 894 et
2640 853 2816 894 essem
2842 846 3025 892 vester
3048 837 3212 892 Deus.
3249 856 3270 889 ι

2285 954 2345 1008 In
2377 954 2634 1023 praesenti
2667 953 2782 1024 lege
2814 953 2923 1007 duo
2951 961 3119 1016 sunt,
3153 965 3283 1021 qua:
3315 951 3540 1005 mirari
3572 951 3796 1019 legulae-

2215 1061 2331 1099 rem
2361 1054 2598 1116 oportet,
2634 1047 2689 1100 id
2724 1057 2847 1107 est,
2882 1045 3150 1114 sapientia
3201 1052 3262 1098 et
3304 1045 3528 1114 pietas.
3572 1044 3725 1112 Sapio:
3756 1058 3771 1096 ί

2214 1140 2461 1209 quidem.
2488 1140 2615 1208 quia
2643 1154 2765 1209 qua:
2794 1149 2923 1193 sunt
2949 1138 3226 1201 sublimia,
3254 1153 3363 1207 per
3397 1152 3472 1190 ea
3502 1154 3638 1207 qua
3657 1140 3792 1190 nos

2221 1241 2311 1285 tur
2343 1231 2593 1295 humilia,
2627 1230 2873 1300 exponit.
2910 1229 3088 1284 Pietas
3114 1239 3336 1293 autem,
3369 1244 3510 1298 qua:
3546 1239 3637 1283 est
3664 1229 3708 1281 in
3731 1247 3785 1281 cs-

2220 1323 2394 1376 stodia
2427 1322 2649 1384 litterae,
2688 1330 2746 1375 et
2778 1321 3265 1390 contemplationis
3304 1321 3616 1389 spiritalis.
3646 1320 3785 1372 Lam

2178 1430 2183 1435 ν
2222 1411 2513 1481 siquidem,
2552 1411 2811 1481 pauperis
2844 1410 3015 1481 exigit
3042 1410 3532 1475 subveutionem,
3575 1419 3631 1463 et
3670 1426 3765 1476 nec;

2222 1503 2401 1557 claudi
2434 1518 2561 1574 erga
2592 1518 2719 1556 eum
2746 1502 2956 1557 viscera
2991 1505 3203 1571 petenti
3253 1510 3572 1561 mutuum,
3606 1514 3699 1554 nec
3732 1520 3789 1551 {ab

2224 1597 2415 1666 gotiari
2443 1598 2510 1651 de
2540 1598 2860 1666 paupertate
2905 1597 3025 1664 ejus
3046 1635 3060 1659 ,
3096 1594 3687 1664 superabundantiam
3716 1596 3788 1646 ex}

531 1675 674 1729 latus
700 1674 754 1727 in
781 1672 1172 1743 praedicatione
1211 1686 1421 1735 eorum,
1457 1670 1547 1738 qui
1582 1684 1647 1723 ex
1675 1668 2117 1732 circumcisione,
2152 1721 2195 1779 Β
2225 1689 2421 1760 ἕρπω,
2455 1699 2512 1742 ει
2536 1703 2759 1744 "suram
2792 1688 3166 1759 percipiendo,
3192 1697 3251 1741 et
3280 1687 3517 1740 lucrum
3543 1688 3621 1740 de
3644 1699 3781 1755 μκυέ

881 1773 892 1779 -
956 1762 1060 1779 ογ.
1118 1771 1155 1779 κ-
1353 1759 1505 1779 _-_.-
1555 1759 1809 1779 ,μληιεη

531 1773 920 1835 perceperunt.
956 1762 1062 1816 Sed
1105 1771 1161 1816 et
1193 1761 1301 1815 alio
1349 1759 1513 1814 modo
1548 1759 1812 1828 apostolis
1842 1758 2117 1829 possessio

533 1857 591 1910 in
612 1856 790 1910 medio
821 1855 1054 1909 ﬁliorum
1085 1853 1249 1907 Israel
1281 1861 1420 1909 erat.
1452 1851 1944 1906 Circumeisioncm
1970 1850 2115 1904 enim

535 1948 813 2005 habebant
850 1955 906 2001 et
936 1947 1060 2017 ipsi,
1084 1955 1139 2000 et
1169 1945 1472 2000 secundum
1496 1943 1673 2015 legem
1705 1942 1870 1998 Israel
1903 1958 2121 2012 semper

534 2036 806 2090 vixerant.
844 2034 1077 2104 Propter
1101 2035 1248 2104 quod
1280 2043 1547 2089 eteorum
1578 2041 1737 2087 erant
1768 2033 1900 2103 ipsa:
1924 2033 2120 2088 domus

534 2126 820 2181 civitatum
852 2145 864 2180 :
899 2128 968 2181 ab
1000 2127 1134 2197 ipsis
1162 2128 1311 2182 enim
1339 2137 1501 2182 erant
1526 2126 1787 2188 liberatae,
1807 2133 1861 2179 et
1888 2125 2120 2195 quicun-

535 2233 646 2287 que
674 2219 864 2273 salvati
897 2228 1049 2284 sunt,
1086 2234 1186 2289 per
1238 2233 1334 2274 eos
1381 2218 1574 2273 salvati
1603 2225 1750 2271 sunt.
1786 2216 1854 2270 Et
1881 2232 2003 2271 cum
2032 2217 2120 2270 in-

530 2312 686 2384 digni
713 2321 901 2367 essent
929 2320 1153 2383 prepter
1177 2310 1598 2381 blasphemiam,
1633 2324 1796 2380 quam
1826 2308 2120 2364 commise-

536 2415 668 2460 runt
702 2405 759 2460 in
792 2420 1032 2470 crucem,
1069 2413 1125 2457 et
1167 2418 1333 2472 quam
1376 2417 1568 2457 rursus
1600 2410 1723 2471 post
1763 2400 2122 2456 resurrectio-

537 2514 664 2553 nem
710 2505 1202 2568 praesumpserunt,
1233 2495 1445 2550 honore
1497 2503 1676 2547 tamen
1725 2493 2120 2563 apostolorum,

530 2590 631 2659 qui
680 2599 736 2645 et
780 2598 908 2644 ante
950 2602 1168 2643 crucem
1214 2586 1606 2651 crediderunt,
1641 2596 1696 2639 et
1731 2584 1786 2638 in
1818 2600 2002 2650 cruce,
2038 2585 2123 2640 vel

455 2753 465 2763 O
538 2682 702 2734 etiam
738 2689 861 2750 post
892 2692 1109 2733 crucem
1151 2683 1604 2747 permanserunt,
1636 2673 1690 2728 in
1735 2674 1840 2730 ﬁde
1884 2676 2123 2745 suscepti

532 2783 688 2831 sunt.
724 2774 791 2829 Et
819 2774 947 2843 quia
994 2774 1100 2827 hoc
1131 2787 1317 2826 verum
1366 2782 1470 2835 est,
1501 2773 1653 2828 disce
1689 2772 1825 2828 Isaia
1861 2774 2078 2828 dicente
2107 2791 2120 2827 :

537 2867 661 2923 Nisi
709 2866 965 2920 Dominus
1011 2864 1337 2918 exercituum
1380 2864 1675 2933 reliquisset
1718 2865 1864 2918 nobis
1905 2882 2079 2919 semen
2108 2904 2124 2926 ,

538 2960 696 3031 quasi
733 2957 965 3014 Sodoma
994 2956 1309 3026 fuissemus,
1336 2965 1387 3010 et
1415 2957 1568 3026 quasi
1600 2955 1896 3026 Gomorrha
1928 2959 2126 3012 similes

540 3052 818 3108 essemus“.
853 3050 911 3104 Si
945 3050 1093 3104 enim
1129 3064 1239 3102 non
1289 3049 1537 3103 relictum
1584 3057 1732 3104 esset
1776 3065 1962 3105 semen
1993 3066 2127 3119 apo-

541 3142 829 3206 stolorum,
855 3140 993 3195 nihil
1017 3138 1355 3211 prohiberet,
1392 3138 1448 3191 in
1477 3138 1698 3193 modum
1727 3138 2046 3195 Gomorrha:
2072 3148 2128 3192 et

540 3233 797 3289 Sodomae
828 3246 1047 3287 omnem
1078 3230 1290 3300 plebem
1308 3227 1589 3283 Judaicam
1612 3228 1814 3298 perire.
1845 3228 1953 3282 Sed
1995 3243 2128 3297 apo-

540 3326 808 3383 stolorum
841 3338 1007 3379 causa
1045 3337 1153 3376 non
1185 3335 1379 3376 omnes
1411 3321 1720 3390 perierunt.
1750 3320 1994 3385 Quorum
2021 3320 2129 3374 vir-

539 3427 690 3473 tutes
739 3426 796 3471 et
834 3412 1235 3485 possessiones,
1265 3410 1456 3482 quales
1485 3419 1663 3474 erant,
1698 3413 1753 3465 in
1806 3410 1995 3480 paucis
2045 3410 2129 3464 his

541 3508 831 3565 considera
866 3506 1073 3562 verbis.

616 3598 931 3656 Suburbana
965 3606 1144 3652 autem
1179 3612 1359 3650 eorum
1383 3612 1487 3649 non
1516 3596 1748 3660 veniunt,
1778 3594 1903 3663 quia
1932 3609 2132 3662 posses-

541 3694 621 3748 sio
648 3693 966 3761 sempiterna
997 3700 1091 3744 est.
1129 3687 1413 3755 Quorum?
1444 3686 1812 3757 apostolorum
1842 3679 2126 3748 videlicet,

545 3787 603 3842 hi
636 3801 757 3842 esse
786 3784 992 3839 Levitaa
1039 3782 1169 3838 dicti
1204 3790 1334 3836 sunt
1371 3797 1385 3834 :
1419 3781 1615 3834 horum
1648 3778 1985 3841 suburbana,
2016 3777 2133 3831 sive

543 3880 656 3950 agri
693 3894 807 3934 non
836 3876 1171 3938 vendantur,
1209 3873 1263 3928 id
1295 3880 1402 3935 est,
1435 3870 1905 3931 conversationes,
1936 3876 1992 3924 et
2022 3869 2131 3923 vir-

543 3981 712 4034 tutes,
743 3977 800 4024 et
851 3966 1135 4023 dactrinaa.
1169 3965 1297 4019 Haec
1343 3962 1492 4017 enim
1546 3975 1800 4031 agrorum
1836 3960 1954 4013 vice
1985 3959 2131 4015 cole-

545 4067 700 4130 bant,
732 4062 805 4117 ita
853 4068 909 4114 ut
946 4057 1147 4112 Paulus
1187 4055 1256 4110 de
1301 4053 1384 4109 eis
1414 4052 1660 4108 diceret:
1695 4049 1825 4114 Quis
1856 4050 2131 4119 plantavit

545 4147 754 4214 rineam
785 4163 834 4208 et
867 4154 931 4209 de
960 4153 1136 4224 fructu
1165 4149 1279 4218 ejus
1313 4162 1418 4201 non
1448 4144 1634 4199 edet”?
1684 4142 1750 4198 Et
1784 4158 2008 4197 rursus:
2041 4142 2135 4196 Di-

545 4266 679 4321 gnus
704 4259 781 4302 est
803 4243 1080 4313 operarius
1112 4243 1347 4294 mercede
1381 4253 1478 4290 sua
1503 4235 1567 4289 ³ο.
1603 4235 1672 4289 Et
1703 4249 1894 4287 rursus
1921 4251 1936 4287 :
1976 4232 2025 4287 Ν
2032 4249 2133 4287 un-

546 4342 672 4411 quid
699 4340 765 4393 de
798 4336 957 4390 bobus
999 4349 1128 4387 cura
1182 4340 1255 4384 est
1294 4328 1403 4382 Dea
1429 4329 1495 4379 ιι.
1536 4324 1622 4380 An
1649 4325 1718 4381 de
1749 4326 1907 4381 nobis
1947 4325 2133 4395 utique

2226 1780 2517 1850 captanda.
2558 1779 2796 1850 Spiritus
2845 1789 3029 1834 autem
3076 1779 3389 1850 anagogice
3458 1779 3781 1834 demorsth

2225 1873 2501 1942 quomodo
2536 1880 2788 1942 Oporteat
2834 1871 2911 1925 uti
2958 1870 3060 1930 eis.
3088 1871 3184 1940 qui
3217 1872 3314 1924 illa
3344 1882 3679 1941 paupertate
3700 1888 3780 1940 p2:-

2225 1980 2387 2035 peres
2431 1965 2559 2019 facti
2591 1975 2740 2027 sunt,
2776 1964 2845 2019 de
2869 1979 2974 2034 qua
3013 1963 3195 2018 David.
3217 1963 3523 2018 clamabat
3556 1983 3570 2017 :
3607 1965 3705 2020 Cito
3730 1982 3782 2016 ﬂ-

2227 2056 2408 2123 ticipcs
2429 2070 2523 2107 nos
2542 2055 2905 2109 misericordia
2928 2063 3040 2115 tua,
3055 2056 3183 2121 quia
3205 2071 3497 2122 pauperes
3512 2059 3642 2125 facti
3660 2074 3781 2109 sum;

2227 2149 2384 2202 nimis
2404 2146 2638 2203 ”°".Sic
2653 2163 2784 2220 ergo
2799 2149 3099 2203 secundum
3122 2147 3389 2203 ordinem
3414 2149 3530 2211 bis,
3555 2164 3671 2218 qua
3692 2150 3777 2202 de;

2226 2250 2376 2306 sunt,
2402 2241 2756 2297 intendimus.

2298 2354 2358 2411 Si
2390 2367 2695 2412 attenuatus
2717 2359 2875 2429 fuerit
2897 2360 3066 2429 frater
3099 2367 3254 2423 tuus,
3284 2368 3340 2412 et
3374 2359 3633 2427 inﬁrmus
3658 2374 3775 2411 essm.

2229 2456 2277 2501 et
2310 2449 2602 2516 susceperis
2648 2466 2766 2502 eum
2800 2454 2951 2519 quasi
2990 2449 3254 2502 advenam
3292 2459 3351 2502 et
3379 2452 3777 2521 peregrinata

2229 2543 2415 2596 vixerit
2443 2551 2631 2595 tecum.
2658 2541 2903 2596 Fratrem
2950 2541 3405 2611 uniuscujusque
3446 2543 3545 2596 hic
3584 2543 3775 2610 mquam:

2231 2635 2512 2706 dignitate,
2533 2643 2586 2689 et
2613 2633 3034 2688 conversatione
3058 2633 3212 2687 dicit.
3236 2633 3347 2688 llic
3369 2634 3416 2688 si
3446 2636 3507 2687 in
3532 2636 3782 2703 operias:

2230 2730 2493 2784 virtutum
2529 2729 2835 2783 inﬁrmatus
2865 2728 3031 2784 fuerit
3063 2749 3077 2783 :
3114 2730 3219 2783 hoc
3251 2738 3347 2784 est
3393 2732 3555 2784 enim
3586 2732 3773 2785 inﬁrma

2231 2839 2420 2888 manu,
2461 2832 2682 2893 propter
2725 2823 2869 2892 quod
2915 2823 3107 2892 Aquila
3141 2842 3153 2877 :
3193 2821 3255 2877 Si
3308 2825 3606 2891 exciderit,
3646 2824 3779 2893 iri-pii.

2234 2919 2399 2987 frater
2428 2927 2570 2984 tuus,
2596 2928 2640 2970 et
2664 2917 2956 2986 culpaverit
2986 2933 3172 2970 manus
3196 2916 3319 2985 ejus
3347 2927 3557 2975 tecum.
3590 2920 3771 2972 curiﬁn

2234 3009 2302 3070 ei,
2335 3008 2636 3062 secundum
2669 3007 3024 3078 Septuaginta
3053 3005 3437 3076 Interpretum
3468 3025 3704 3068 sensum,
3726 3026 3779 3059 rr‘

2153 3082 2197 3138 (ἶ
2233 3106 2488 3167 tanquam
2545 3097 2840 3166 proselyto,
2898 3104 2951 3149 et
3003 3094 3275 3164 inquilino
3326 3096 3477 3149 vuIt.
3538 3095 3781 3163 Prosefrzs

2229 3192 2413 3238 autem
2458 3194 2668 3247 noster,
2698 3185 2814 3239 sive
2861 3183 3071 3237 advena
3109 3191 3195 3237 est
3234 3182 3334 3252 qui
3384 3199 3546 3237 nunc
3577 3184 3639 3236 sd
3675 3184 3779 3236 iure

2230 3275 2403 3328 venit.
2446 3273 2761 3343 Inquilinus
2805 3281 2989 3327 autem
3037 3282 3251 3335 noster,
3282 3274 3388 3341 qui
3440 3275 3675 3327 necdum
3702 3289 3781 3341 pr}-

2230 3367 2403 3438 priam
2437 3366 2658 3422 domum
2708 3367 2905 3432 habet,
2963 3366 3055 3419 sed
3100 3376 3292 3419 nostra
3338 3366 3780 3420 admonitionem:

2233 3458 2479 3529 diligenti
2522 3457 2884 3511 instructions
2925 3467 3083 3525 eget,
3114 3464 3173 3507 ut
3235 3464 3599 3525 protegatur.
3624 3462 3671 3505 et
3713 3465 3778 3503 an

2222 3549 2693 3620 quemadmodum
2736 3549 2856 3602 sine
2888 3551 3051 3602 domo
3102 3547 3212 3599 huc
3260 3555 3320 3599 et
3377 3546 3517 3601 illuc
3555 3544 3777 3601 erretSr

2232 3656 2362 3712 ergo
2391 3638 2720 3694 auxiliamur
2751 3638 2968 3691 inﬁrmo
3000 3637 3152 3690 fratri
3189 3655 3201 3688 :
3239 3646 3299 3689 ut
3348 3638 3508 3690 vivat
3538 3638 3771 3690 uehimur

2174 3752 2177 3753 ν
2233 3740 2288 3785 et
2315 3729 2630 3784 nullatenus
2656 3728 2941 3789 moriatur,
2975 3742 3004 3780 a
3036 3727 3480 3781 conversatione
3514 3728 3610 3782 Dei
3632 3729 3775 3779 alim:

2234 3823 2494 3886 effectus,
2525 3823 2718 3877 vivens
2747 3821 3060 3883 nobiseum,
3111 3820 3164 3873 id
3200 3828 3308 3879 est.
3350 3836 3459 3890 per
3502 3838 3623 3885 nos,
3658 3830 3699 3872 el
3722 3834 3775 3886 pe“

2235 3925 2477 3969 nostram
2525 3913 2855 3978 doctrinam,
2893 3912 3370 3980 quemadmodum
3402 3914 3776 3983 quibusdam:-

2236 4008 2319 4063 bis
2347 4008 2506 4063 bonis
2532 4005 2895 4063 confortatus.
2920 4004 3149 4075 Oportet
3181 4016 3376 4060 autem
3408 4008 3487 4069 ei.
3527 4010 3661 4062 sicut
3683 4006 3780 4059 ipsi.

2237 4118 2348 4163 mo,
2392 4100 2841 4155 condescendere
2868 4108 2923 4153 et
2953 4098 3194 4162 mederi,
3231 4114 3362 4168 qua:
3396 4101 3693 4155 secundum
3716 4100 3780 4149 ria»

2239 4201 2411 4247 tutem
2448 4192 2569 4261 ejus
2597 4200 2745 4258 sunt,
2775 4201 3065 4262 propterea
3103 4192 3357 4246 subdidit
3398 4208 3412 4247 :

2313 4303 2394 4357 Ne
2425 4304 2656 4373 accipias
2681 4319 2871 4357 usuras
2897 4304 2961 4357 ab
2994 4319 3074 4367 eo,
3107 4319 3197 4357 nec
3220 4300 3471 4372 amplius
3494 4324 3651 4378 φιαπι
3684 4305 3775 4356 ἀξιῶ

548 4392 720 4487 dicit?
748 4428 889 4493 Quia
919 4426 1067 4481 debet
1095 4425 1153 4477 in
1171 4439 1264 4492 spe
1288 4421 1381 4492 qui
1415 4429 1537 4474 arat
1562 4435 1744 4482 arare,
1773 4430 1823 4473 et
1860 4424 1950 4490 qui
1978 4421 2125 4477 serui.

2237 4397 2326 4449 sti.
2368 4393 2445 4449 Ne
2475 4394 2617 4449 forte
2640 4410 2766 4448 cum
2802 4392 3053 4449 inﬁrmus
3088 4393 3267 4450 factus
3297 4396 3398 4461 sit,
3420 4408 3479 4453 et
3501 4416 3533 4452 a
3562 4397 3706 4470 priori
3727 4414 3775 4450 re

549 4531 664 4587 nat,
702 4523 759 4575 in
785 4535 875 4586 spe
900 4518 1102 4586 fructus
1128 4512 1450 4584 percipiendi
1469 4513 1535 4563 ¹².
1554 4509 1621 4566 Ει
1653 4526 1843 4571 rursus
1875 4530 1888 4565 :
1921 4510 2012 4569 Sic
2040 4527 2133 4567 nos

549 4614 692 4669 vobis
723 4608 992 4682 spiritalia
1027 4607 1425 4668 seminavimus,
1465 4619 1717 4674 magnum
1762 4614 1838 4657 est
1872 4604 1919 4657 si
1959 4612 2132 4659 uestra

545 4705 794 4761 carnalia
841 4709 1099 4757 metamus
1118 4699 1196 4751 “‘2
1249 4697 1343 4753 Hae
1382 4711 1510 4767 ergo
1557 4695 1823 4751 doctrinae
1868 4705 2170 4765 separatae.

549 4805 708 4854 erant
737 4793 1051 4850 civitatibus
1081 4806 1292 4856 eorum,
1326 4789 1417 4859 qui
1464 4804 1562 4860 per
1604 4788 1753 4858 ipsos
1782 4788 2127 4851 constabant,
2162 4848 2163 4851 η

548 4898 608 4945 et
658 4904 754 4960 per
798 4888 956 4957 ipsos
996 4884 1347 4939 salvahantur
1383 4900 1397 4935 :
1433 4890 1490 4936 et
1516 4880 1680 4936 veudi
1711 4895 1822 4945 non
1853 4888 2129 4950 poterant,

546 4982 681 5054 quia
715 4980 783 5036 ad
818 4980 969 5050 ipsos
1012 4976 1296 5032 dicebatur
1329 4991 1344 5027 :
1378 4973 1560 5027 Gratis
1602 4974 1919 5042 accepistis,
1964 4975 2131 5045 gratis
2158 5000 2195 5020 -r

549 5074 729 5132 dats“
762 5072 920 5129 Unde
969 5077 1028 5124 et
1067 5067 1352 5123 Simonem
1401 5080 1585 5119 emere
1625 5067 1897 5121 volentem
1928 5066 2130 5119 donum

551 5168 796 5241 spiritus,
826 5165 946 5233 ejus
973 5160 1246 5231 portione,
1279 5158 1393 5212 sive
1419 5166 1565 5212 sorte
1594 5157 1851 5226 privavit.
1946 5196 1953 5203 .

617 5257 784 5313 Vsus.
819 5253 1001 5311 3556.
1048 5271 1068 5305 ‹
1101 5251 1157 5305 Si
1190 5257 1509 5304 attenuatus
1549 5248 1715 5303 fuerit
1763 5248 1931 5302 frater
1966 5258 2092 5303 tuus
2116 5289 2130 5315 ,

551 5358 610 5405 et
641 5346 892 5403 inﬁrmus
913 5360 1078 5398 manu
1103 5351 1159 5397 et
1185 5340 1490 5410 susceperis
1511 5355 1634 5395 eum
1662 5341 1816 5410 quasi
1846 5341 2132 5405 advenam,

553 5449 609 5494 et
637 5437 1010 5510 peregrinum,
1041 5441 1096 5489 et
1123 5432 1316 5487 vixerit
1351 5440 1550 5495 tecum,
1584 5446 1653 5485 ne
1676 5432 1914 5502 accipias
1940 5448 2136 5487 usuras

614 5623 637 5653 '
672 5629 775 5686 Isa.
812 5647 853 5692 ι,
890 5631 942 5684 9.
1025 5632 1046 5662 '
1081 5628 1096 5681 l
1127 5628 1252 5681 Cur.
1282 5643 1355 5693 nt,
1381 5628 1435 5679 7.

1548 5626 1587 5658 ¹⁰
1617 5626 1635 5679 I
1662 5625 1801 5680 Tim.
1842 5644 1892 5693 ν,
1930 5630 2014 5683 I8.

559 5699 614 5754 8.
689 5699 806 5734 ⁸⁸⁸³⁸
828 5699 967 5755 Psal.
1002 5712 1226 5762 Lxxvtu,
1256 5699 1309 5751 8.

1390 5697 1431 5728 ¹⁷
1466 5694 1654 5751 Matth.
1695 5714 1767 5765 ts,
1805 5698 1890 5752 Η·

2098 5630 2183 5683 ¹¹ῐ
2216 5628 2341 5686 Cor.
2378 5649 2453 5701 ix,
2485 5635 2539 5688 9.

2236 4487 2358 4559 gula
2393 4487 2718 4541 imminutus
2742 4529 2757 4553 ,
2791 4485 3165 4543 abundantius
3196 4483 3266 4543 ab
3294 4504 3366 4545 eo
3404 4492 3665 4548 virtutum
3698 4507 3776 4561 ope

2235 4582 2504 4635 rationem
2537 4580 2840 4651 exigamus,
2878 4580 2975 4635 sed
3004 4596 3370 4652 provocemus
3402 4600 3562 4648 eum,
3592 4602 3779 4641 mamm-

2238 4688 2343 4742 que
2377 4670 2494 4741 ejus
2521 4680 2581 4725 ut
2607 4669 2805 4724 inﬁrmi
2832 4681 3225 4736 sustentemus,
3256 4686 3550 4745 caputque
3575 4694 3685 4733 eum
3704 4684 3779 4727 tis-

2242 4766 2522 4820 tummodo
2552 4764 2708 4834 legis,
2741 4773 2798 4819 et
2834 4764 3147 4819 divinorum
3183 4760 3608 4833 mandatorum,
3645 4771 3689 4824 id

2240 4870 2299 4914 ut
2329 4877 2435 4915 non
2464 4850 2656 4932 peccet
2682 4861 2983 4933 exigentes.
3019 4861 3162 4932 Ergo
3190 4860 3357 4916 nimis
3394 4867 3696 4921 necessarie
3722 4865 3778 4915 si

2237 4952 2372 5006 didit
2403 4969 2417 5005 :
2446 5001 2450 5004 .

2315 5065 2465 5119 Time
2511 5064 2682 5121 Deum
2725 5074 2897 5119 tuum.
2942 5064 3056 5137 Ego
3102 5064 3368 5124 Dominus
3410 5030 3566 5127 Deus
3605 5083 3774 5131 vesia”

2164 5215 2173 5219 _
2243 5157 2401 5227 cujus
2426 5157 2619 5226 jugum
2647 5172 2813 5215 suave
2842 5166 2945 5223 est,
2970 5156 3062 5227 qui
3097 5159 3380 5217 hominem
3430 5164 3618 5222 modis
3664 5167 3777 5223 cur

2236 5253 2340 5308 bus
2377 5268 2490 5308 non
2522 5269 2752 5323 peccare
2794 5255 2984 5326 exigit,
3011 5255 3263 5313 virtutes.
3295 5270 3499 5321 autem
3533 5265 3777 5335 exigit,sr-

2236 5343 2478 5397 cundum
2509 5345 2946 5414 possibilitatem.
2976 5347 3209 5418 Propter
3240 5351 3387 5419 quod
3428 5354 3501 5408 de
3533 5356 3779 5427 virginum

2237 5433 2511 5489 sanciens.
2542 5434 2664 5488 Non
2713 5452 2890 5491 omnes
2936 5438 3152 5507 capiunt
3176 5443 3241 5505 ιτ,
3274 5441 3483 5511 inquit.
3516 5443 3627 5501 Sed
3668 5456 3712 5500 et
3742 5443 3781 5495 ὼ

2623 5636 2665 5665 ¹³
2697 5635 2830 5690 ibid.
2866 5636 2954 5692 10.
3053 5638 3097 5670 ³³
3125 5638 3255 5693 ibid.
3295 5641 3384 5695 Η.
3479 5646 3518 5673 ’⁸
3555 5644 3782 5702 “alter.
