  <div class='ocr_page' id='page_1' title='image "/cluster/home/n/w/nwhite01/storage/ocr_20150623/93/pst.000005712991/576.png"; bbox 0 0 3810 6318; ppageno 0'>
   <div class='ocr_carea' id='block_1_1' title="bbox 71 312 205 382">
    <p class='ocr_par' dir='ltr' id='par_1_1' title="bbox 71 312 205 382">
     <span class='ocr_line' id='line_1_1' title="bbox 71 312 205 382; baseline -0.007 0"><span class='ocrx_word' id='word_1_1' title='bbox 71 312 205 382; x_wconf 65' lang='lat'><strong>1329</strong></span> 
     </span>
    </p>
   </div>
   <div class='ocr_carea' id='block_1_2' title="bbox 1193 305 2205 375">
    <p class='ocr_par' dir='ltr' id='par_1_2' title="bbox 1193 305 2205 375">
     <span class='ocr_line' id='line_1_2' title="bbox 1193 305 2205 375; baseline -0.006 -1"><span class='ocrx_word' id='word_1_2' title='bbox 1193 310 1278 375; x_wconf 87' lang='lat' dir='ltr'><strong>IN</strong></span> <span class='ocrx_word' id='word_1_3' title='bbox 1316 305 1756 375; x_wconf 82' lang='lat' dir='ltr'><strong>LEVITICUM.</strong></span> <span class='ocrx_word' id='word_1_4' title='bbox 1783 333 1854 345; x_wconf 90' lang='lat'><em>-</em></span> <span class='ocrx_word' id='word_1_5' title='bbox 1889 306 2040 370; x_wconf 91' lang='lat' dir='ltr'><strong>LIB.</strong></span> <span class='ocrx_word' id='word_1_6' title='bbox 2072 308 2205 372; x_wconf 68' lang='lat' dir='ltr'><strong>VII.</strong></span> 
     </span>
    </p>
   </div>
   <div class='ocr_carea' id='block_1_3' title="bbox 3216 307 3353 373">
    <p class='ocr_par' dir='ltr' id='par_1_3' title="bbox 3216 307 3353 373">
     <span class='ocr_line' id='line_1_3' title="bbox 3216 307 3353 373; baseline 0 0"><span class='ocrx_word' id='word_1_7' title='bbox 3216 307 3353 373; x_wconf 78' lang='lat' dir='ltr'><strong>H30</strong></span> 
     </span>
    </p>
   </div>
   <div class='ocr_carea' id='block_1_4' title="bbox 75 423 3353 504">
    <p class='ocr_par' dir='ltr' id='par_1_4' title="bbox 75 423 3353 504">
     <span class='ocr_line' id='line_1_4' title="bbox 75 423 3353 504; baseline -0.002 -15"><span class='ocrx_word' id='word_1_8' title='bbox 75 452 185 490; x_wconf 86' lang='lat' dir='ltr'><strong>non</strong></span> <span class='ocrx_word' id='word_1_9' title='bbox 247 431 577 504; x_wconf 83' lang='lat' dir='ltr'><strong>possidendo</strong></span> <span class='ocrx_word' id='word_1_10' title='bbox 610 430 855 487; x_wconf 85' lang='lat' dir='ltr'><strong>docens:</strong></span> <span class='ocrx_word' id='word_1_11' title='bbox 889 431 950 485; x_wconf 87' lang='lat' dir='ltr'><strong>Si</strong></span> <span class='ocrx_word' id='word_1_12' title='bbox 995 428 1070 485; x_wconf 78' lang='lat' dir='ltr'><strong>vis</strong></span> <span class='ocrx_word' id='word_1_13' title='bbox 1091 470 1106 496; x_wconf 91' lang='lat'><strong>,</strong></span> <span class='ocrx_word' id='word_1_14' title='bbox 1154 430 1364 502; x_wconf 97' lang='lat' dir='ltr'><strong>inquit,</strong></span> <span class='ocrx_word' id='word_1_15' title='bbox 1410 431 1670 501; x_wconf 85' lang='lat' dir='ltr'><strong>perfectus</strong></span> <span class='ocrx_word' id='word_1_16' title='bbox 1699 434 1741 489; x_wconf 77' lang='grc' dir='ltr'>Α</span> <span class='ocrx_word' id='word_1_17' title='bbox 1774 426 2148 498; x_wconf 90' lang='lat' dir='ltr'><strong>Septuaginta,</strong></span> <span class='ocrx_word' id='word_1_18' title='bbox 2171 425 2358 481; x_wconf 86' lang='lat' dir='ltr'><strong>cibos:</strong></span> <span class='ocrx_word' id='word_1_19' title='bbox 2394 423 2451 480; x_wconf 89' lang='lat' dir='ltr'><strong>in</strong></span> <span class='ocrx_word' id='word_1_20' title='bbox 2494 423 2792 497; x_wconf 86' lang='lat' dir='ltr'><strong>Scripturis</strong></span> <span class='ocrx_word' id='word_1_21' title='bbox 2826 427 3030 482; x_wconf 84' lang='lat' dir='ltr'><strong>sanctis</strong></span> <span class='ocrx_word' id='word_1_22' title='bbox 3076 423 3353 483; x_wconf 81' lang='lat' dir='ltr'><strong>intellecta</strong></span> 
     </span>
    </p>
   </div>
   <div class='ocr_carea' id='block_1_5' title="bbox 82 521 853 581">
    <p class='ocr_par' dir='ltr' id='par_1_5' title="bbox 82 521 853 581">
     <span class='ocr_line' id='line_1_5' title="bbox 82 521 853 581; baseline -0.008 0"><span class='ocrx_word' id='word_1_23' title='bbox 82 526 268 581; x_wconf 78' lang='lat' dir='ltr'><strong>esse&quot;.</strong></span> <span class='ocrx_word' id='word_1_24' title='bbox 297 524 357 578; x_wconf 90' lang='lat' dir='ltr'><strong>In</strong></span> <span class='ocrx_word' id='word_1_25' title='bbox 390 524 647 579; x_wconf 86' lang='lat' dir='ltr'><strong>mandato</strong></span> <span class='ocrx_word' id='word_1_26' title='bbox 669 521 809 577; x_wconf 82' lang='lat' dir='ltr'><strong>dixit</strong></span> <span class='ocrx_word' id='word_1_27' title='bbox 839 541 853 575; x_wconf 87' lang='lat'><strong>:</strong></span> 
     </span>
    </p>
   </div>
   <div class='ocr_carea' id='block_1_6' title="bbox 155 610 1666 686">
    <p class='ocr_par' dir='ltr' id='par_1_6' title="bbox 155 610 1666 686">
     <span class='ocr_line' id='line_1_6' title="bbox 155 610 1666 686; baseline -0.003 -17"><span class='ocrx_word' id='word_1_28' title='bbox 155 615 246 670; x_wconf 91' lang='lat' dir='ltr'><strong>Sic</strong></span> <span class='ocrx_word' id='word_1_29' title='bbox 275 631 398 686; x_wconf 83' lang='lat' dir='ltr'><strong>ergo</strong></span> <span class='ocrx_word' id='word_1_30' title='bbox 430 616 600 686; x_wconf 80' lang='lat' dir='ltr'><strong>frater</strong></span> <span class='ocrx_word' id='word_1_31' title='bbox 626 622 746 666; x_wconf 91' lang='lat' dir='ltr'><strong>tuus</strong></span> <span class='ocrx_word' id='word_1_32' title='bbox 770 613 912 666; x_wconf 82' lang='lat' dir='ltr'><strong>vivat</strong></span> <span class='ocrx_word' id='word_1_33' title='bbox 934 610 1081 681; x_wconf 87' lang='lat' dir='ltr'><strong>apud</strong></span> <span class='ocrx_word' id='word_1_34' title='bbox 1103 620 1172 666; x_wconf 93' lang='lat' dir='ltr'><strong>te.</strong></span> <span class='ocrx_word' id='word_1_35' title='bbox 1200 612 1488 667; x_wconf 79' lang='lat' dir='ltr'><strong>Pecuniam</strong></span> <span class='ocrx_word' id='word_1_36' title='bbox 1520 621 1666 666; x_wconf 88' lang='lat' dir='ltr'><strong>tuam</strong></span> 
     </span>
    </p>
   </div>
   <div class='ocr_carea' id='block_1_7' title="bbox 82 704 1668 775">
    <p class='ocr_par' dir='ltr' id='par_1_7' title="bbox 82 704 1668 775">
     <span class='ocr_line' id='line_1_7' title="bbox 82 704 1668 775; baseline -0.004 -13"><span class='ocrx_word' id='word_1_37' title='bbox 82 725 185 763; x_wconf 87' lang='lat' dir='ltr'><strong>non</strong></span> <span class='ocrx_word' id='word_1_38' title='bbox 210 708 358 762; x_wconf 85' lang='lat' dir='ltr'><strong>dabis</strong></span> <span class='ocrx_word' id='word_1_39' title='bbox 385 707 432 760; x_wconf 87' lang='lat' dir='ltr'><strong>ei</strong></span> <span class='ocrx_word' id='word_1_40' title='bbox 450 706 521 759; x_wconf 89' lang='lat' dir='ltr'><strong>ad</strong></span> <span class='ocrx_word' id='word_1_41' title='bbox 548 722 789 768; x_wconf 85' lang='lat' dir='ltr'><strong>usuram,</strong></span> <span class='ocrx_word' id='word_1_42' title='bbox 812 715 860 759; x_wconf 89' lang='lat' dir='ltr'><strong>et</strong></span> <span class='ocrx_word' id='word_1_43' title='bbox 884 707 1094 775; x_wconf 87' lang='lat' dir='ltr'><strong>frugum</strong></span> <span class='ocrx_word' id='word_1_44' title='bbox 1121 704 1668 774; x_wconf 85' lang='lat' dir='ltr'><strong>superabundantiam</strong></span> 
     </span>
    </p>
   </div>
   <div class='ocr_carea' id='block_1_8' title="bbox 82 794 1668 867">
    <p class='ocr_par' dir='ltr' id='par_1_8' title="bbox 82 794 1668 867">
     <span class='ocr_line' id='line_1_8' title="bbox 82 794 1668 867; baseline -0.002 -15"><span class='ocrx_word' id='word_1_45' title='bbox 82 815 185 853; x_wconf 87' lang='lat' dir='ltr'><strong>non</strong></span> <span class='ocrx_word' id='word_1_46' title='bbox 218 798 413 867; x_wconf 72' lang='lat' dir='ltr'><strong>exiges.</strong></span> <span class='ocrx_word' id='word_1_47' title='bbox 449 794 557 853; x_wconf 85' lang='lat' dir='ltr'><strong>Sed</strong></span> <span class='ocrx_word' id='word_1_48' title='bbox 593 794 823 849; x_wconf 85' lang='lat' dir='ltr'><strong>Paulum</strong></span> <span class='ocrx_word' id='word_1_49' title='bbox 865 794 1080 851; x_wconf 84' lang='lat' dir='ltr'><strong>imitare</strong></span> <span class='ocrx_word' id='word_1_50' title='bbox 1115 796 1390 851; x_wconf 84' lang='lat' dir='ltr'><strong>dicentem</strong></span> <span class='ocrx_word' id='word_1_51' title='bbox 1418 813 1432 850; x_wconf 91' lang='lat'><strong>:</strong></span> <span class='ocrx_word' id='word_1_52' title='bbox 1466 794 1668 849; x_wconf 78' lang='lat' dir='ltr'><strong>Factus</strong></span> 
     </span>
    </p>
   </div>
   <div class='ocr_carea' id='block_1_9' title="bbox 80 886 1682 959">
    <p class='ocr_par' dir='ltr' id='par_1_9' title="bbox 80 886 1682 959">
     <span class='ocr_line' id='line_1_9' title="bbox 80 886 1682 959; baseline -0.001 -15"><span class='ocrx_word' id='word_1_53' title='bbox 80 907 196 944; x_wconf 89' lang='lat' dir='ltr'><strong>sum</strong></span> <span class='ocrx_word' id='word_1_54' title='bbox 222 889 468 959; x_wconf 90' lang='lat' dir='ltr'><strong>inﬁrmus</strong></span> <span class='ocrx_word' id='word_1_55' title='bbox 495 888 724 957; x_wconf 88' lang='lat' dir='ltr'><strong>inﬁrmis</strong></span> <span class='ocrx_word' id='word_1_56' title='bbox 745 888 809 941; x_wconf 83' lang='grc'><strong>¹⁹.</strong></span> <span class='ocrx_word' id='word_1_57' title='bbox 838 886 986 942; x_wconf 86' lang='lat' dir='ltr'><strong>Nihil</strong></span> <span class='ocrx_word' id='word_1_58' title='bbox 1019 902 1114 942; x_wconf 90' lang='lat' dir='ltr'><strong>eos</strong></span> <span class='ocrx_word' id='word_1_59' title='bbox 1151 888 1219 943; x_wconf 89' lang='lat' dir='ltr'><strong>ad</strong></span> <span class='ocrx_word' id='word_1_60' title='bbox 1249 887 1470 943; x_wconf 86' lang='lat' dir='ltr'><strong>virtutis</strong></span> <span class='ocrx_word' id='word_1_61' title='bbox 1499 888 1682 943; x_wconf 87' lang='lat' dir='ltr'><strong>ratio-&#39;</strong></span> 
     </span>
    </p>
   </div>
   <div class='ocr_carea' id='block_1_10' title="bbox 79 977 1666 1053">
    <p class='ocr_par' dir='ltr' id='par_1_10' title="bbox 79 977 1666 1053">
     <span class='ocr_line' id='line_1_10' title="bbox 79 977 1666 1053; baseline -0.001 -16"><span class='ocrx_word' id='word_1_62' title='bbox 79 998 206 1038; x_wconf 89' lang='lat' dir='ltr'><strong>nem</strong></span> <span class='ocrx_word' id='word_1_63' title='bbox 235 982 442 1053; x_wconf 78' lang='lat' dir='ltr'><strong>exigas,</strong></span> <span class='ocrx_word' id='word_1_64' title='bbox 474 980 598 1050; x_wconf 87' lang='lat' dir='ltr'><strong>plus</strong></span> <span class='ocrx_word' id='word_1_65' title='bbox 631 995 662 1035; x_wconf 90' lang='lat' dir='ltr'><strong>a</strong></span> <span class='ocrx_word' id='word_1_66' title='bbox 695 979 913 1050; x_wconf 88' lang='lat' dir='ltr'><strong>propria</strong></span> <span class='ocrx_word' id='word_1_67' title='bbox 942 978 1165 1051; x_wconf 65' lang='lat' dir='ltr'><strong>virtute.</strong></span> <span class='ocrx_word' id='word_1_68' title='bbox 1196 977 1254 1033; x_wconf 90' lang='lat' dir='ltr'><strong>Si</strong></span> <span class='ocrx_word' id='word_1_69' title='bbox 1285 988 1467 1034; x_wconf 89' lang='lat' dir='ltr'><strong>autem</strong></span> <span class='ocrx_word' id='word_1_70' title='bbox 1494 980 1666 1044; x_wconf 86' lang='lat' dir='ltr'><strong>dicas,</strong></span> 
     </span>
    </p>
   </div>
   <div class='ocr_carea' id='block_1_11' title="bbox 82 1071 1667 1143">
    <p class='ocr_par' dir='ltr' id='par_1_11' title="bbox 82 1071 1667 1143">
     <span class='ocr_line' id='line_1_11' title="bbox 82 1071 1667 1143; baseline -0.002 -14"><span class='ocrx_word' id='word_1_71' title='bbox 82 1072 310 1129; x_wconf 77' lang='lat' dir='ltr'><strong>forsitan</strong></span> <span class='ocrx_word' id='word_1_72' title='bbox 334 1088 431 1128; x_wconf 87' lang='lat' dir='ltr'><strong>eos</strong></span> <span class='ocrx_word' id='word_1_73' title='bbox 454 1088 635 1143; x_wconf 88' lang='lat' dir='ltr'><strong>posse,</strong></span> <span class='ocrx_word' id='word_1_74' title='bbox 667 1072 763 1127; x_wconf 83' lang='lat' dir='ltr'><strong>sed</strong></span> <span class='ocrx_word' id='word_1_75' title='bbox 787 1071 1036 1127; x_wconf 84' lang='lat' dir='ltr'><strong>inﬁrmos</strong></span> <span class='ocrx_word' id='word_1_76' title='bbox 1064 1087 1127 1127; x_wconf 91' lang='lat' dir='ltr'><strong>se</strong></span> <span class='ocrx_word' id='word_1_77' title='bbox 1162 1072 1389 1143; x_wconf 80' lang='lat' dir='ltr'><strong>lingere,</strong></span> <span class='ocrx_word' id='word_1_78' title='bbox 1431 1073 1536 1127; x_wconf 91' lang='lat' dir='ltr'><strong>hoc</strong></span> <span class='ocrx_word' id='word_1_79' title='bbox 1555 1072 1667 1142; x_wconf 87' lang='lat' dir='ltr'><strong>jam</strong></span> 
     </span>
    </p>
   </div>
   <div class='ocr_carea' id='block_1_12' title="bbox 80 1163 1672 1234">
    <p class='ocr_par' dir='ltr' id='par_1_12' title="bbox 80 1163 1672 1234">
     <span class='ocr_line' id='line_1_12' title="bbox 80 1163 1672 1234; baseline -0.002 -14"><span class='ocrx_word' id='word_1_80' title='bbox 80 1182 191 1221; x_wconf 92' lang='lat' dir='ltr'><strong>non</strong></span> <span class='ocrx_word' id='word_1_81' title='bbox 227 1174 315 1220; x_wconf 83' lang='lat' dir='ltr'><strong>est</strong></span> <span class='ocrx_word' id='word_1_82' title='bbox 355 1175 530 1230; x_wconf 88' lang='lat' dir='ltr'><strong>tuum,</strong></span> <span class='ocrx_word' id='word_1_83' title='bbox 565 1164 663 1219; x_wconf 88' lang='lat' dir='ltr'><strong>sed</strong></span> <span class='ocrx_word' id='word_1_84' title='bbox 694 1163 838 1218; x_wconf 91' lang='lat' dir='ltr'><strong>illius</strong></span> <span class='ocrx_word' id='word_1_85' title='bbox 856 1173 962 1230; x_wconf 85' lang='lat' dir='ltr'><strong>est,</strong></span> <span class='ocrx_word' id='word_1_86' title='bbox 985 1164 1078 1233; x_wconf 88' lang='lat' dir='ltr'><strong>qui</strong></span> <span class='ocrx_word' id='word_1_87' title='bbox 1103 1164 1206 1218; x_wconf 88' lang='lat' dir='ltr'><strong>scit</strong></span> <span class='ocrx_word' id='word_1_88' title='bbox 1229 1164 1360 1234; x_wconf 93' lang='lat' dir='ltr'><strong>quid</strong></span> <span class='ocrx_word' id='word_1_89' title='bbox 1383 1178 1510 1218; x_wconf 91' lang='lat' dir='ltr'><strong>vere</strong></span> <span class='ocrx_word' id='word_1_90' title='bbox 1543 1177 1672 1232; x_wconf 79' lang='lat' dir='ltr'><strong>pos-</strong></span> 
     </span>
    </p>
   </div>
   <div class='ocr_carea' id='block_1_13' title="bbox 82 1255 1667 1325">
    <p class='ocr_par' dir='ltr' id='par_1_13' title="bbox 82 1255 1667 1325">
     <span class='ocr_line' id='line_1_13' title="bbox 82 1255 1667 1325; baseline -0.002 -13"><span class='ocrx_word' id='word_1_91' title='bbox 82 1258 273 1312; x_wconf 91' lang='lat' dir='ltr'><strong>simus.</strong></span> <span class='ocrx_word' id='word_1_92' title='bbox 301 1255 405 1322; x_wconf 85' lang='lat' dir='ltr'><strong>Qui</strong></span> <span class='ocrx_word' id='word_1_93' title='bbox 441 1255 577 1310; x_wconf 83' lang='lat' dir='ltr'><strong>dixit</strong></span> <span class='ocrx_word' id='word_1_94' title='bbox 601 1255 668 1310; x_wconf 89' lang='lat' dir='ltr'><strong>ad</strong></span> <span class='ocrx_word' id='word_1_95' title='bbox 694 1255 867 1321; x_wconf 90' lang='lat' dir='ltr'><strong>illum,</strong></span> <span class='ocrx_word' id='word_1_96' title='bbox 909 1256 1001 1325; x_wconf 91' lang='lat' dir='ltr'><strong>qui</strong></span> <span class='ocrx_word' id='word_1_97' title='bbox 1032 1256 1294 1311; x_wconf 91' lang='lat' dir='ltr'><strong>talentum</strong></span> <span class='ocrx_word' id='word_1_98' title='bbox 1330 1256 1621 1311; x_wconf 88' lang='lat' dir='ltr'><strong>abscondit</strong></span> <span class='ocrx_word' id='word_1_99' title='bbox 1653 1273 1667 1309; x_wconf 89' lang='lat'><strong>:</strong></span> 
     </span>
    </p>
   </div>
   <div class='ocr_carea' id='block_1_14' title="bbox 84 1346 1670 1418">
    <p class='ocr_par' dir='ltr' id='par_1_14' title="bbox 84 1346 1670 1418">
     <span class='ocr_line' id='line_1_14' title="bbox 84 1346 1670 1418; baseline -0.002 -14"><span class='ocrx_word' id='word_1_100' title='bbox 84 1348 375 1418; x_wconf 82' lang='lat' dir='ltr'><strong>Oportebat</strong></span> <span class='ocrx_word' id='word_1_101' title='bbox 416 1357 466 1401; x_wconf 87' lang='lat' dir='ltr'><strong>te</strong></span> <span class='ocrx_word' id='word_1_102' title='bbox 500 1348 631 1401; x_wconf 89' lang='lat' dir='ltr'><strong>dare</strong></span> <span class='ocrx_word' id='word_1_103' title='bbox 662 1347 940 1416; x_wconf 86' lang='lat' dir='ltr'><strong>pecuniam</strong></span> <span class='ocrx_word' id='word_1_104' title='bbox 981 1365 1155 1402; x_wconf 89' lang='lat' dir='ltr'><strong>meam</strong></span> <span class='ocrx_word' id='word_1_105' title='bbox 1187 1346 1592 1413; x_wconf 84' lang='lat' dir='ltr'><strong>nummuluriis,</strong></span> <span class='ocrx_word' id='word_1_106' title='bbox 1622 1355 1670 1401; x_wconf 88' lang='lat' dir='ltr'><strong>et</strong></span> 
     </span>
    </p>
   </div>
   <div class='ocr_carea' id='block_1_15' title="bbox 61 1430 1673 1511">
    <p class='ocr_par' dir='ltr' id='par_1_15' title="bbox 61 1430 1673 1511">
     <span class='ocr_line' id='line_1_15' title="bbox 61 1430 1673 1511; baseline 0 -17"><span class='ocrx_word' id='word_1_107' title='bbox 61 1430 174 1511; x_wconf 78' lang='lat' dir='ltr'><strong>ego</strong></span> <span class='ocrx_word' id='word_1_108' title='bbox 211 1441 444 1504; x_wconf 85' lang='lat' dir='ltr'><strong>veniens,</strong></span> <span class='ocrx_word' id='word_1_109' title='bbox 477 1456 596 1493; x_wconf 89' lang='lat' dir='ltr'><strong>cum</strong></span> <span class='ocrx_word' id='word_1_110' title='bbox 628 1440 804 1495; x_wconf 82' lang='lat' dir='ltr'><strong>usuris</strong></span> <span class='ocrx_word' id='word_1_111' title='bbox 830 1440 1011 1510; x_wconf 87' lang='lat' dir='ltr'><strong>utique</strong></span> <span class='ocrx_word' id='word_1_112' title='bbox 1050 1441 1331 1510; x_wconf 77' lang='lat' dir='ltr'><strong>exegissem</strong></span> <span class='ocrx_word' id='word_1_113' title='bbox 1366 1456 1482 1494; x_wconf 85' lang='lat' dir='ltr'><strong>eam</strong></span> <span class='ocrx_word' id='word_1_114' title='bbox 1497 1440 1563 1493; x_wconf 73' lang='lat'><strong>&quot;.</strong></span> <span class='ocrx_word' id='word_1_115' title='bbox 1604 1439 1673 1494; x_wconf 86' lang='lat' dir='ltr'><strong>Et</strong></span> 
     </span>
    </p>
   </div>
   <div class='ocr_carea' id='block_1_16' title="bbox 82 1532 1671 1603">
    <p class='ocr_par' dir='ltr' id='par_1_16' title="bbox 82 1532 1671 1603">
     <span class='ocr_line' id='line_1_16' title="bbox 82 1532 1671 1603; baseline 0.001 -17"><span class='ocrx_word' id='word_1_116' title='bbox 82 1548 191 1586; x_wconf 90' lang='lat' dir='ltr'><strong>non</strong></span> <span class='ocrx_word' id='word_1_117' title='bbox 217 1540 305 1587; x_wconf 88' lang='lat' dir='ltr'><strong>est</strong></span> <span class='ocrx_word' id='word_1_118' title='bbox 336 1533 758 1598; x_wconf 87' lang='lat' dir='ltr'><strong>condemnatus,</strong></span> <span class='ocrx_word' id='word_1_119' title='bbox 782 1533 909 1603; x_wconf 91' lang='lat' dir='ltr'><strong>quia</strong></span> <span class='ocrx_word' id='word_1_120' title='bbox 941 1549 1162 1588; x_wconf 90' lang='lat' dir='ltr'><strong>usuram</strong></span> <span class='ocrx_word' id='word_1_121' title='bbox 1188 1548 1297 1588; x_wconf 91' lang='lat' dir='ltr'><strong>non</strong></span> <span class='ocrx_word' id='word_1_122' title='bbox 1322 1532 1554 1603; x_wconf 90' lang='lat' dir='ltr'><strong>accepit,</strong></span> <span class='ocrx_word' id='word_1_123' title='bbox 1575 1532 1671 1587; x_wconf 89' lang='lat' dir='ltr'><strong>sed</strong></span> 
     </span>
    </p>
   </div>
   <div class='ocr_carea' id='block_1_17' title="bbox 80 1623 1673 1695">
    <p class='ocr_par' dir='ltr' id='par_1_17' title="bbox 80 1623 1673 1695">
     <span class='ocr_line' id='line_1_17' title="bbox 80 1623 1673 1695; baseline -0.001 -20"><span class='ocrx_word' id='word_1_124' title='bbox 80 1623 208 1691; x_wconf 86' lang='lat' dir='ltr'><strong>quia</strong></span> <span class='ocrx_word' id='word_1_125' title='bbox 239 1623 534 1692; x_wconf 82' lang='lat' dir='ltr'><strong>pecuniam</strong></span> <span class='ocrx_word' id='word_1_126' title='bbox 568 1637 680 1677; x_wconf 91' lang='lat' dir='ltr'><strong>non</strong></span> <span class='ocrx_word' id='word_1_127' title='bbox 709 1623 863 1679; x_wconf 89' lang='lat' dir='ltr'><strong>dedit</strong></span> <span class='ocrx_word' id='word_1_128' title='bbox 893 1641 907 1677; x_wconf 90' lang='lat'><strong>:</strong></span> <span class='ocrx_word' id='word_1_129' title='bbox 944 1623 1270 1695; x_wconf 87' lang='lat' dir='ltr'><strong>sibimetipsi</strong></span> <span class='ocrx_word' id='word_1_130' title='bbox 1310 1624 1456 1678; x_wconf 90' lang='lat' dir='ltr'><strong>enim</strong></span> <span class='ocrx_word' id='word_1_131' title='bbox 1486 1634 1673 1694; x_wconf 66' lang='lat' dir='ltr'><strong>pater—</strong></span> 
     </span>
    </p>
   </div>
   <div class='ocr_carea' id='block_1_18' title="bbox 82 1714 1671 1770">
    <p class='ocr_par' dir='ltr' id='par_1_18' title="bbox 82 1714 1671 1770">
     <span class='ocr_line' id='line_1_18' title="bbox 82 1714 1671 1770; baseline 0.001 -2"><span class='ocrx_word' id='word_1_132' title='bbox 82 1715 322 1769; x_wconf 81' lang='lat' dir='ltr'><strong>familias</strong></span> <span class='ocrx_word' id='word_1_133' title='bbox 374 1714 712 1769; x_wconf 85' lang='lat' dir='ltr'><strong>exactionem</strong></span> <span class='ocrx_word' id='word_1_134' title='bbox 755 1714 1060 1770; x_wconf 85' lang='lat' dir='ltr'><strong>reservavit</strong></span> <span class='ocrx_word' id='word_1_135' title='bbox 1102 1729 1304 1769; x_wconf 68' lang='lat' dir='ltr'><strong>usurae.</strong></span> <span class='ocrx_word' id='word_1_136' title='bbox 1332 1715 1671 1769; x_wconf 81' lang='lat' dir='ltr'><strong>Alterutrum</strong></span> 
     </span>
    </p>
   </div>
   <div class='ocr_carea' id='block_1_19' title="bbox 1771 518 3354 590">
    <p class='ocr_par' dir='ltr' id='par_1_19' title="bbox 1771 518 3354 590">
     <span class='ocr_line' id='line_1_19' title="bbox 1771 518 3354 590; baseline -0.001 -14"><span class='ocrx_word' id='word_1_137' title='bbox 1771 528 1899 577; x_wconf 92' lang='lat' dir='ltr'><strong>sunt</strong></span> <span class='ocrx_word' id='word_1_138' title='bbox 1919 523 2178 590; x_wconf 80' lang='lat' dir='ltr'><strong>pecunia,</strong></span> <span class='ocrx_word' id='word_1_139' title='bbox 2210 528 2401 590; x_wconf 90' lang='lat' dir='ltr'><strong>utpote</strong></span> <span class='ocrx_word' id='word_1_140' title='bbox 2428 535 2551 590; x_wconf 74' lang='lat' dir='ltr'><strong>quae</strong></span> <span class='ocrx_word' id='word_1_141' title='bbox 2578 519 2778 576; x_wconf 85' lang='lat' dir='ltr'><strong>divites</strong></span> <span class='ocrx_word' id='word_1_142' title='bbox 2802 518 2952 583; x_wconf 79' lang='lat' dir='ltr'><strong>facit,</strong></span> <span class='ocrx_word' id='word_1_143' title='bbox 2984 518 3194 574; x_wconf 81' lang='lat' dir='ltr'><strong>fructus</strong></span> <span class='ocrx_word' id='word_1_144' title='bbox 3221 535 3354 575; x_wconf 90' lang='lat' dir='ltr'><strong>vero</strong></span> 
     </span>
    </p>
   </div>
   <div class='ocr_carea' id='block_1_20' title="bbox 1769 609 3355 677">
    <p class='ocr_par' dir='ltr' id='par_1_20' title="bbox 1769 609 3355 677">
     <span class='ocr_line' id='line_1_20' title="bbox 1769 609 3355 677; baseline -0.001 -8"><span class='ocrx_word' id='word_1_145' title='bbox 1769 613 1858 669; x_wconf 88' lang='lat' dir='ltr'><strong>vel</strong></span> <span class='ocrx_word' id='word_1_146' title='bbox 1903 612 2082 677; x_wconf 87' lang='lat' dir='ltr'><strong>cibus,</strong></span> <span class='ocrx_word' id='word_1_147' title='bbox 2113 620 2176 667; x_wconf 92' lang='lat' dir='ltr'><strong>ut</strong></span> <span class='ocrx_word' id='word_1_148' title='bbox 2220 611 2488 667; x_wconf 88' lang='lat' dir='ltr'><strong>nutriens.</strong></span> <span class='ocrx_word' id='word_1_149' title='bbox 2527 609 2733 666; x_wconf 80' lang='lat' dir='ltr'><strong>ﬂorum</strong></span> <span class='ocrx_word' id='word_1_150' title='bbox 2781 611 3169 669; x_wconf 83' lang='lat' dir='ltr'><strong>abundantiam</strong></span> <span class='ocrx_word' id='word_1_151' title='bbox 3208 611 3355 668; x_wconf 82' lang='lat' dir='ltr'><strong>Deus</strong></span> 
     </span>
    </p>
   </div>
   <div class='ocr_carea' id='block_1_21' title="bbox 1770 702 3354 777">
    <p class='ocr_par' dir='ltr' id='par_1_21' title="bbox 1770 702 3354 777">
     <span class='ocr_line' id='line_1_21' title="bbox 1770 702 3354 777; baseline -0.001 -17"><span class='ocrx_word' id='word_1_152' title='bbox 1770 703 1914 777; x_wconf 80' lang='lat' dir='ltr'><strong>exigi</strong></span> <span class='ocrx_word' id='word_1_153' title='bbox 1958 718 2069 760; x_wconf 91' lang='lat' dir='ltr'><strong>non</strong></span> <span class='ocrx_word' id='word_1_154' title='bbox 2095 703 2273 774; x_wconf 86' lang='lat' dir='ltr'><strong>jubet,</strong></span> <span class='ocrx_word' id='word_1_155' title='bbox 2309 703 2406 759; x_wconf 90' lang='lat' dir='ltr'><strong>sed</strong></span> <span class='ocrx_word' id='word_1_156' title='bbox 2453 703 2566 759; x_wconf 90' lang='lat' dir='ltr'><strong>sola</strong></span> <span class='ocrx_word' id='word_1_157' title='bbox 2612 718 2732 771; x_wconf 64' lang='lat' dir='ltr'><strong>quae</strong></span> <span class='ocrx_word' id='word_1_158' title='bbox 2761 702 3063 758; x_wconf 86' lang='lat' dir='ltr'><strong>secundum</strong></span> <span class='ocrx_word' id='word_1_159' title='bbox 3095 702 3354 759; x_wconf 88' lang='lat' dir='ltr'><strong>virtutem</strong></span> 
     </span>
    </p>
   </div>
   <div class='ocr_carea' id='block_1_22' title="bbox 1771 794 3356 867">
    <p class='ocr_par' dir='ltr' id='par_1_22' title="bbox 1771 794 3356 867">
     <span class='ocr_line' id='line_1_22' title="bbox 1771 794 3356 867; baseline -0.001 -15"><span class='ocrx_word' id='word_1_160' title='bbox 1771 806 1922 862; x_wconf 93' lang='lat' dir='ltr'><strong>sunt,</strong></span> <span class='ocrx_word' id='word_1_161' title='bbox 1957 806 2020 852; x_wconf 92' lang='lat' dir='ltr'><strong>ut</strong></span> <span class='ocrx_word' id='word_1_162' title='bbox 2061 796 2133 852; x_wconf 94' lang='lat' dir='ltr'><strong>sit</strong></span> <span class='ocrx_word' id='word_1_163' title='bbox 2176 805 2366 852; x_wconf 89' lang='lat' dir='ltr'><strong>noster</strong></span> <span class='ocrx_word' id='word_1_164' title='bbox 2403 794 2565 851; x_wconf 87' lang='lat' dir='ltr'><strong>Dens.</strong></span> <span class='ocrx_word' id='word_1_165' title='bbox 2596 795 2736 862; x_wconf 86' lang='lat' dir='ltr'><strong>Quia</strong></span> <span class='ocrx_word' id='word_1_166' title='bbox 2778 804 2836 852; x_wconf 91' lang='lat' dir='ltr'><strong>et</strong></span> <span class='ocrx_word' id='word_1_167' title='bbox 2866 794 2983 867; x_wconf 89' lang='lat' dir='ltr'><strong>ipse</strong></span> <span class='ocrx_word' id='word_1_168' title='bbox 3024 795 3356 867; x_wconf 70' lang='lat' dir='ltr'><strong>poenitentes</strong></span> 
     </span>
    </p>
   </div>
   <div class='ocr_carea' id='block_1_23' title="bbox 1770 887 3355 960">
    <p class='ocr_par' dir='ltr' id='par_1_23' title="bbox 1770 887 3355 960">
     <span class='ocr_line' id='line_1_23' title="bbox 1770 887 3355 960; baseline -0.002 -16"><span class='ocrx_word' id='word_1_169' title='bbox 1770 897 2088 960; x_wconf 89' lang='lat' dir='ltr'><strong>peccatores</strong></span> <span class='ocrx_word' id='word_1_170' title='bbox 2128 888 2198 944; x_wconf 89' lang='lat' dir='ltr'><strong>ad</strong></span> <span class='ocrx_word' id='word_1_171' title='bbox 2240 902 2301 944; x_wconf 87' lang='lat' dir='ltr'><strong>se</strong></span> <span class='ocrx_word' id='word_1_172' title='bbox 2349 887 2575 960; x_wconf 90' lang='lat' dir='ltr'><strong>suscipit</strong></span> <span class='ocrx_word' id='word_1_173' title='bbox 2603 897 2658 944; x_wconf 92' lang='lat' dir='ltr'><strong>et</strong></span> <span class='ocrx_word' id='word_1_174' title='bbox 2688 889 3029 945; x_wconf 91' lang='lat' dir='ltr'><strong>moderatum</strong></span> <span class='ocrx_word' id='word_1_175' title='bbox 3051 888 3239 960; x_wconf 86' lang='lat' dir='ltr'><strong>jugum</strong></span> <span class='ocrx_word' id='word_1_176' title='bbox 3275 887 3355 943; x_wconf 82' lang='lat' dir='ltr'><strong>eis</strong></span> 
     </span>
    </p>
   </div>
   <div class='ocr_carea' id='block_1_24' title="bbox 1773 970 2443 1051">
    <p class='ocr_par' dir='ltr' id='par_1_24' title="bbox 1773 970 2443 1051">
     <span class='ocr_line' id='line_1_24' title="bbox 1773 970 2443 1051; baseline -0.003 -16"><span class='ocrx_word' id='word_1_177' title='bbox 1773 981 2027 1051; x_wconf 75' lang='lat' dir='ltr'><strong>hnponh.</strong></span> <span class='ocrx_word' id='word_1_178' title='bbox 2436 970 2443 981; x_wconf 81' lang='grc'><em>’</em></span> 
     </span>
    </p>
   </div>
   <div class='ocr_carea' id='block_1_25' title="bbox 1843 1070 3362 1142">
    <p class='ocr_par' dir='ltr' id='par_1_25' title="bbox 1843 1070 3362 1142">
     <span class='ocr_line' id='line_1_25' title="bbox 1843 1070 3362 1142; baseline 0.001 -16"><span class='ocrx_word' id='word_1_179' title='bbox 1843 1070 2009 1128; x_wconf 78' lang='lat' dir='ltr'><strong>Vens.</strong></span> <span class='ocrx_word' id='word_1_180' title='bbox 2046 1072 2226 1128; x_wconf 64' lang='lat'><strong>39-45.</strong></span> <span class='ocrx_word' id='word_1_181' title='bbox 2271 1090 2291 1125; x_wconf 71' lang='grc' dir='ltr'><strong>ι</strong></span> <span class='ocrx_word' id='word_1_182' title='bbox 2322 1070 2377 1126; x_wconf 83' lang='lat' dir='ltr'><strong>Si</strong></span> <span class='ocrx_word' id='word_1_183' title='bbox 2409 1071 2735 1128; x_wconf 86' lang='lat' dir='ltr'><strong>necessitate</strong></span> <span class='ocrx_word' id='word_1_184' title='bbox 2759 1072 3073 1142; x_wconf 89' lang='lat' dir='ltr'><strong>compulsus</strong></span> <span class='ocrx_word' id='word_1_185' title='bbox 3098 1070 3362 1128; x_wconf 85' lang='lat' dir='ltr'><strong>vendide-</strong></span> 
     </span>
    </p>
   </div>
   <div class='ocr_carea' id='block_1_26' title="bbox 1772 1162 3359 1233">
    <p class='ocr_par' dir='ltr' id='par_1_26' title="bbox 1772 1162 3359 1233">
     <span class='ocr_line' id='line_1_26' title="bbox 1772 1162 3359 1233; baseline 0 -15"><span class='ocrx_word' id='word_1_186' title='bbox 1772 1164 1847 1219; x_wconf 90' lang='lat' dir='ltr'><strong>rit</strong></span> <span class='ocrx_word' id='word_1_187' title='bbox 1871 1180 1930 1220; x_wconf 87' lang='lat' dir='ltr'><strong>se</strong></span> <span class='ocrx_word' id='word_1_188' title='bbox 1961 1163 2058 1220; x_wconf 89' lang='lat' dir='ltr'><strong>tibi</strong></span> <span class='ocrx_word' id='word_1_189' title='bbox 2096 1163 2264 1219; x_wconf 88' lang='lat' dir='ltr'><strong>Irater</strong></span> <span class='ocrx_word' id='word_1_190' title='bbox 2291 1170 2417 1218; x_wconf 90' lang='lat' dir='ltr'><strong>tuus</strong></span> <span class='ocrx_word' id='word_1_191' title='bbox 2440 1202 2454 1227; x_wconf 92' lang='lat'><strong>,</strong></span> <span class='ocrx_word' id='word_1_192' title='bbox 2495 1177 2607 1218; x_wconf 89' lang='lat' dir='ltr'><strong>non</strong></span> <span class='ocrx_word' id='word_1_193' title='bbox 2636 1178 2760 1218; x_wconf 89' lang='lat' dir='ltr'><strong>eum</strong></span> <span class='ocrx_word' id='word_1_194' title='bbox 2790 1163 3067 1233; x_wconf 86' lang='lat' dir='ltr'><strong>opprimes</strong></span> <span class='ocrx_word' id='word_1_195' title='bbox 3093 1162 3359 1218; x_wconf 87' lang='lat' dir='ltr'><strong>servitute</strong></span> 
     </span>
    </p>
   </div>
   <div class='ocr_carea' id='block_1_27' title="bbox 1772 1253 3357 1326">
    <p class='ocr_par' dir='ltr' id='par_1_27' title="bbox 1772 1253 3357 1326">
     <span class='ocr_line' id='line_1_27' title="bbox 1772 1253 3357 1326; baseline -0.001 -16"><span class='ocrx_word' id='word_1_196' title='bbox 1772 1255 2123 1320; x_wconf 80' lang='lat' dir='ltr'><strong>famulorum,</strong></span> <span class='ocrx_word' id='word_1_197' title='bbox 2151 1255 2246 1311; x_wconf 90' lang='lat' dir='ltr'><strong>sed</strong></span> <span class='ocrx_word' id='word_1_198' title='bbox 2286 1254 2441 1326; x_wconf 90' lang='lat' dir='ltr'><strong>quasi</strong></span> <span class='ocrx_word' id='word_1_199' title='bbox 2472 1253 2844 1309; x_wconf 83' lang='lat' dir='ltr'><strong>mercenarius</strong></span> <span class='ocrx_word' id='word_1_200' title='bbox 2883 1263 2938 1309; x_wconf 90' lang='lat' dir='ltr'><strong>et</strong></span> <span class='ocrx_word' id='word_1_201' title='bbox 2975 1255 3203 1309; x_wconf 91' lang='lat' dir='ltr'><strong>colonus</strong></span> <span class='ocrx_word' id='word_1_202' title='bbox 3231 1253 3357 1309; x_wconf 89' lang='lat' dir='ltr'><strong>erit.</strong></span> 
     </span>
    </p>
   </div>
   <div class='ocr_carea' id='block_1_28' title="bbox 1775 1343 3361 1414">
    <p class='ocr_par' dir='ltr' id='par_1_28' title="bbox 1775 1343 3361 1414">
     <span class='ocr_line' id='line_1_28' title="bbox 1775 1343 3361 1414; baseline -0.002 -13"><span class='ocrx_word' id='word_1_203' title='bbox 1775 1344 1961 1414; x_wconf 87' lang='lat' dir='ltr'><strong>Usque</strong></span> <span class='ocrx_word' id='word_1_204' title='bbox 1991 1345 2060 1400; x_wconf 88' lang='lat' dir='ltr'><strong>ad</strong></span> <span class='ocrx_word' id='word_1_205' title='bbox 2108 1359 2315 1399; x_wconf 89' lang='lat' dir='ltr'><strong>annum</strong></span> <span class='ocrx_word' id='word_1_206' title='bbox 2361 1343 2646 1413; x_wconf 83' lang='lat' dir='ltr'><strong>jubilaeum</strong></span> <span class='ocrx_word' id='word_1_207' title='bbox 2676 1343 2997 1413; x_wconf 86' lang='lat' dir='ltr'><strong>operabitur</strong></span> <span class='ocrx_word' id='word_1_208' title='bbox 3023 1344 3166 1413; x_wconf 90' lang='lat' dir='ltr'><strong>apud</strong></span> <span class='ocrx_word' id='word_1_209' title='bbox 3198 1351 3272 1407; x_wconf 88' lang='lat' dir='ltr'><strong>te,</strong></span> <span class='ocrx_word' id='word_1_210' title='bbox 3303 1353 3361 1398; x_wconf 88' lang='lat' dir='ltr'><strong>et</strong></span> 
     </span>
    </p>
   </div>
   <div class='ocr_carea' id='block_1_29' title="bbox 1771 1435 3361 1507">
    <p class='ocr_par' dir='ltr' id='par_1_29' title="bbox 1771 1435 3361 1507">
     <span class='ocr_line' id='line_1_29' title="bbox 1771 1435 3361 1507; baseline -0.001 -14"><span class='ocrx_word' id='word_1_211' title='bbox 1771 1446 1961 1506; x_wconf 89' lang='lat' dir='ltr'><strong>postea</strong></span> <span class='ocrx_word' id='word_1_212' title='bbox 1995 1435 2309 1507; x_wconf 81' lang='lat' dir='ltr'><strong>egredietur</strong></span> <span class='ocrx_word' id='word_1_213' title='bbox 2338 1450 2462 1490; x_wconf 91' lang='lat' dir='ltr'><strong>cum</strong></span> <span class='ocrx_word' id='word_1_214' title='bbox 2492 1435 2683 1490; x_wconf 80' lang='lat' dir='ltr'><strong>liberis</strong></span> <span class='ocrx_word' id='word_1_215' title='bbox 2716 1435 2852 1499; x_wconf 87' lang='lat' dir='ltr'><strong>suis,</strong></span> <span class='ocrx_word' id='word_1_216' title='bbox 2879 1443 2936 1491; x_wconf 91' lang='lat' dir='ltr'><strong>et</strong></span> <span class='ocrx_word' id='word_1_217' title='bbox 2964 1444 3269 1491; x_wconf 89' lang='lat' dir='ltr'><strong>revertetur</strong></span> <span class='ocrx_word' id='word_1_218' title='bbox 3293 1435 3361 1491; x_wconf 89' lang='lat' dir='ltr'><strong>ad</strong></span> 
     </span>
    </p>
   </div>
   <div class='ocr_carea' id='block_1_30' title="bbox 1773 1526 3364 1615">
    <p class='ocr_par' dir='ltr' id='par_1_30' title="bbox 1773 1526 3364 1615">
     <span class='ocr_line' id='line_1_30' title="bbox 1773 1526 3364 1615; baseline -0.001 -30"><span class='ocrx_word' id='word_1_219' title='bbox 1773 1529 2151 1600; x_wconf 85' lang='lat' dir='ltr'><strong>cognationem</strong></span> <span class='ocrx_word' id='word_1_220' title='bbox 2175 1543 2352 1590; x_wconf 89' lang='lat' dir='ltr'><strong>suam.</strong></span> <span class='ocrx_word' id='word_1_221' title='bbox 2391 1539 2447 1582; x_wconf 89' lang='lat' dir='ltr'><strong>et</strong></span> <span class='ocrx_word' id='word_1_222' title='bbox 2462 1526 2530 1582; x_wconf 91' lang='lat' dir='ltr'><strong>ad</strong></span> <span class='ocrx_word' id='word_1_223' title='bbox 2563 1527 2966 1597; x_wconf 89' lang='lat' dir='ltr'><strong>possessionem</strong></span> <span class='ocrx_word' id='word_1_224' title='bbox 2994 1536 3209 1615; x_wconf 66' lang='lat' dir='ltr'><strong>patrum</strong></span> <span class='ocrx_word' id='word_1_225' title='bbox 3233 1541 3364 1584; x_wconf 83' lang='lat' dir='ltr'><strong>suo-</strong></span> 
     </span>
    </p>
   </div>
   <div class='ocr_carea' id='block_1_31' title="bbox 1772 1618 3362 1691">
    <p class='ocr_par' dir='ltr' id='par_1_31' title="bbox 1772 1618 3362 1691">
     <span class='ocr_line' id='line_1_31' title="bbox 1772 1618 3362 1691; baseline -0.001 -16"><span class='ocrx_word' id='word_1_226' title='bbox 1772 1637 1892 1676; x_wconf 90' lang='lat' dir='ltr'><strong>rum</strong></span> <span class='ocrx_word' id='word_1_227' title='bbox 1924 1639 1937 1675; x_wconf 92' lang='lat'>:</span> <span class='ocrx_word' id='word_1_228' title='bbox 1969 1620 2074 1675; x_wconf 89' lang='lat' dir='ltr'><strong>mei</strong></span> <span class='ocrx_word' id='word_1_229' title='bbox 2099 1619 2244 1675; x_wconf 89' lang='lat' dir='ltr'><strong>enim</strong></span> <span class='ocrx_word' id='word_1_230' title='bbox 2269 1621 2414 1675; x_wconf 86' lang='lat' dir='ltr'><strong>servi</strong></span> <span class='ocrx_word' id='word_1_231' title='bbox 2443 1625 2590 1683; x_wconf 91' lang='lat' dir='ltr'><strong>sunt,</strong></span> <span class='ocrx_word' id='word_1_232' title='bbox 2616 1627 2672 1673; x_wconf 91' lang='lat' dir='ltr'><strong>et</strong></span> <span class='ocrx_word' id='word_1_233' title='bbox 2696 1632 2798 1691; x_wconf 89' lang='lat' dir='ltr'><strong>ego</strong></span> <span class='ocrx_word' id='word_1_234' title='bbox 2824 1618 2989 1674; x_wconf 82' lang='lat' dir='ltr'><strong>eduxi</strong></span> <span class='ocrx_word' id='word_1_235' title='bbox 3010 1634 3106 1675; x_wconf 91' lang='lat' dir='ltr'><strong>eos</strong></span> <span class='ocrx_word' id='word_1_236' title='bbox 3123 1619 3191 1675; x_wconf 90' lang='lat' dir='ltr'><strong>de</strong></span> <span class='ocrx_word' id='word_1_237' title='bbox 3216 1628 3362 1674; x_wconf 86' lang='lat' dir='ltr'><strong>terra</strong></span> 
     </span>
    </p>
   </div>
   <div class='ocr_carea' id='block_1_32' title="bbox 1776 1708 3361 1783">
    <p class='ocr_par' dir='ltr' id='par_1_32' title="bbox 1776 1708 3361 1783">
     <span class='ocr_line' id='line_1_32' title="bbox 1776 1708 3361 1783; baseline -0.001 -16"><span class='ocrx_word' id='word_1_238' title='bbox 1776 1711 2014 1783; x_wconf 70' lang='lat' dir='ltr'><strong>Egypti,</strong></span> <span class='ocrx_word' id='word_1_239' title='bbox 2044 1726 2154 1767; x_wconf 89' lang='lat' dir='ltr'><strong>non</strong></span> <span class='ocrx_word' id='word_1_240' title='bbox 2184 1712 2413 1767; x_wconf 82' lang='lat' dir='ltr'><strong>venient</strong></span> <span class='ocrx_word' id='word_1_241' title='bbox 2441 1709 2757 1767; x_wconf 89' lang='lat' dir='ltr'><strong>conditione</strong></span> <span class='ocrx_word' id='word_1_242' title='bbox 2789 1725 3095 1766; x_wconf 87' lang='lat' dir='ltr'><strong>servorum.</strong></span> <span class='ocrx_word' id='word_1_243' title='bbox 3115 1710 3197 1765; x_wconf 85' lang='lat' dir='ltr'><strong>Ne</strong></span> <span class='ocrx_word' id='word_1_244' title='bbox 3224 1708 3361 1765; x_wconf 82' lang='lat' dir='ltr'><strong>a’l&#39;lli-</strong></span> 
     </span>
    </p>
   </div>
   <div class='ocr_carea' id='block_1_33' title="bbox 84 1802 3321 1880">
    <p class='ocr_par' dir='ltr' id='par_1_33' title="bbox 84 1802 3321 1880">
     <span class='ocr_line' id='line_1_33' title="bbox 84 1802 3321 1880; baseline -0.002 -19"><span class='ocrx_word' id='word_1_245' title='bbox 84 1813 270 1861; x_wconf 87' lang='lat' dir='ltr'><strong>autem</strong></span> <span class='ocrx_word' id='word_1_246' title='bbox 298 1820 404 1860; x_wconf 90' lang='lat' dir='ltr'><strong>nos</strong></span> <span class='ocrx_word' id='word_1_247' title='bbox 432 1815 490 1860; x_wconf 94' lang='lat' dir='ltr'><strong>ut</strong></span> <span class='ocrx_word' id='word_1_248' title='bbox 509 1821 797 1863; x_wconf 87' lang='lat' dir='ltr'><strong>caveamus</strong></span> <span class='ocrx_word' id='word_1_249' title='bbox 819 1815 1125 1877; x_wconf 90' lang='lat' dir='ltr'><strong>peccatum,</strong></span> <span class='ocrx_word' id='word_1_250' title='bbox 1146 1805 1359 1862; x_wconf 88' lang='lat' dir='ltr'><strong>solvere</strong></span> <span class='ocrx_word' id='word_1_251' title='bbox 1379 1813 1438 1861; x_wconf 91' lang='lat' dir='ltr'><strong>et</strong></span> <span class='ocrx_word' id='word_1_252' title='bbox 1456 1806 1675 1876; x_wconf 83' lang='lat' dir='ltr'><strong>exigere</strong></span> <span class='ocrx_word' id='word_1_253' title='bbox 1707 1825 1747 1880; x_wconf 77' lang='grc' dir='ltr'><strong>Β</strong></span> <span class='ocrx_word' id='word_1_254' title='bbox 1775 1820 1868 1877; x_wconf 86' lang='lat' dir='ltr'><strong>gas</strong></span> <span class='ocrx_word' id='word_1_255' title='bbox 1895 1820 2018 1859; x_wconf 90' lang='lat' dir='ltr'><strong>eum</strong></span> <span class='ocrx_word' id='word_1_256' title='bbox 2048 1818 2147 1874; x_wconf 90' lang='lat' dir='ltr'><strong>per</strong></span> <span class='ocrx_word' id='word_1_257' title='bbox 2169 1804 2492 1875; x_wconf 89' lang='lat' dir='ltr'><strong>potentiam,</strong></span> <span class='ocrx_word' id='word_1_258' title='bbox 2516 1802 2611 1859; x_wconf 89' lang='lat' dir='ltr'><strong>sed</strong></span> <span class='ocrx_word' id='word_1_259' title='bbox 2643 1802 2870 1858; x_wconf 88' lang='lat' dir='ltr'><strong>metuito</strong></span> <span class='ocrx_word' id='word_1_260' title='bbox 2885 1803 3064 1859; x_wconf 80' lang='lat' dir='ltr'><strong>Deum</strong></span> <span class='ocrx_word' id='word_1_261' title='bbox 3093 1811 3270 1859; x_wconf 90' lang='lat' dir='ltr'><strong>tuum.</strong></span> <span class='ocrx_word' id='word_1_262' title='bbox 3300 1822 3321 1856; x_wconf 83' lang='lat' dir='ltr'><strong>s</strong></span> 
     </span>
    </p>
   </div>
   <div class='ocr_carea' id='block_1_34' title="bbox 85 1897 1677 1969">
    <p class='ocr_par' dir='ltr' id='par_1_34' title="bbox 85 1897 1677 1969">
     <span class='ocr_line' id='line_1_34' title="bbox 85 1897 1677 1969; baseline 0.003 -20"><span class='ocrx_word' id='word_1_263' title='bbox 85 1898 225 1960; x_wconf 81' lang='lat' dir='ltr'><strong>vult,</strong></span> <span class='ocrx_word' id='word_1_264' title='bbox 253 1897 437 1952; x_wconf 92' lang='lat' dir='ltr'><strong>locum</strong></span> <span class='ocrx_word' id='word_1_265' title='bbox 469 1898 628 1953; x_wconf 90' lang='lat' dir='ltr'><strong>nobis</strong></span> <span class='ocrx_word' id='word_1_266' title='bbox 662 1899 882 1955; x_wconf 80' lang='lat' dir='ltr'><strong>alternae</strong></span> <span class='ocrx_word' id='word_1_267' title='bbox 912 1898 1318 1969; x_wconf 89' lang='lat' dir='ltr'><strong>conjunctionis</strong></span> <span class='ocrx_word' id='word_1_268' title='bbox 1351 1914 1462 1954; x_wconf 92' lang='lat' dir='ltr'><strong>non</strong></span> <span class='ocrx_word' id='word_1_269' title='bbox 1494 1900 1677 1955; x_wconf 89' lang='lat' dir='ltr'><strong>detra-</strong></span> 
     </span>
    </p>
   </div>
   <div class='ocr_carea' id='block_1_35' title="bbox 86 1988 1676 2061">
    <p class='ocr_par' dir='ltr' id='par_1_35' title="bbox 86 1988 1676 2061">
     <span class='ocr_line' id='line_1_35' title="bbox 86 1988 1676 2061; baseline 0.004 -21"><span class='ocrx_word' id='word_1_270' title='bbox 86 1988 373 2054; x_wconf 87' lang='lat' dir='ltr'><strong>hentibus,</strong></span> <span class='ocrx_word' id='word_1_271' title='bbox 407 2005 517 2045; x_wconf 92' lang='lat' dir='ltr'><strong>non</strong></span> <span class='ocrx_word' id='word_1_272' title='bbox 568 1990 929 2061; x_wconf 88' lang='lat' dir='ltr'><strong>rapientibus,</strong></span> <span class='ocrx_word' id='word_1_273' title='bbox 964 2007 1078 2047; x_wconf 91' lang='lat' dir='ltr'><strong>non</strong></span> <span class='ocrx_word' id='word_1_274' title='bbox 1128 1992 1532 2058; x_wconf 83' lang='lat' dir='ltr'><strong>occidentibus,</strong></span> <span class='ocrx_word' id='word_1_275' title='bbox 1564 2007 1676 2047; x_wconf 90' lang='lat' dir='ltr'><strong>non</strong></span> 
     </span>
    </p>
   </div>
   <div class='ocr_carea' id='block_1_36' title="bbox 86 2082 1679 2156">
    <p class='ocr_par' dir='ltr' id='par_1_36' title="bbox 86 2082 1679 2156">
     <span class='ocr_line' id='line_1_36' title="bbox 86 2082 1679 2156; baseline 0.002 -20"><span class='ocrx_word' id='word_1_276' title='bbox 86 2082 194 2136; x_wconf 84' lang='lat' dir='ltr'><strong>tale</strong></span> <span class='ocrx_word' id='word_1_277' title='bbox 226 2082 434 2152; x_wconf 91' lang='lat' dir='ltr'><strong>aliquid</strong></span> <span class='ocrx_word' id='word_1_278' title='bbox 466 2084 820 2153; x_wconf 82' lang='lat' dir='ltr'><strong>peccantibus</strong></span> <span class='ocrx_word' id='word_1_279' title='bbox 845 2127 860 2152; x_wconf 95' lang='lat'><strong>,</strong></span> <span class='ocrx_word' id='word_1_280' title='bbox 883 2101 1004 2156; x_wconf 78' lang='lat' dir='ltr'><strong>per</strong></span> <span class='ocrx_word' id='word_1_281' title='bbox 1036 2084 1259 2140; x_wconf 86' lang='lat' dir='ltr'><strong>Paulum</strong></span> <span class='ocrx_word' id='word_1_282' title='bbox 1286 2085 1571 2156; x_wconf 67' lang='lat' dir='ltr'><strong>praebens,</strong></span> <span class='ocrx_word' id='word_1_283' title='bbox 1604 2084 1679 2139; x_wconf 87' lang='lat' dir='ltr'><strong>ait</strong></span> 
     </span>
    </p>
   </div>
   <div class='ocr_carea' id='block_1_37' title="bbox 87 2171 1677 2248">
    <p class='ocr_par' dir='ltr' id='par_1_37' title="bbox 87 2171 1677 2248">
     <span class='ocr_line' id='line_1_37' title="bbox 87 2171 1677 2248; baseline 0.003 -22"><span class='ocrx_word' id='word_1_284' title='bbox 87 2187 215 2243; x_wconf 87' lang='lat' dir='ltr'><strong>ergo</strong></span> <span class='ocrx_word' id='word_1_285' title='bbox 242 2190 256 2226; x_wconf 91' lang='lat'>:</span> <span class='ocrx_word' id='word_1_286' title='bbox 287 2171 349 2228; x_wconf 88' lang='lat' dir='ltr'><strong>Si</strong></span> <span class='ocrx_word' id='word_1_287' title='bbox 376 2174 493 2244; x_wconf 88' lang='lat' dir='ltr'><strong>quis</strong></span> <span class='ocrx_word' id='word_1_288' title='bbox 524 2177 694 2245; x_wconf 81' lang='lat' dir='ltr'><strong>frater</strong></span> <span class='ocrx_word' id='word_1_289' title='bbox 723 2176 1027 2245; x_wconf 82' lang='lat' dir='ltr'><strong>appellatur</strong></span> <span class='ocrx_word' id='word_1_290' title='bbox 1053 2177 1365 2248; x_wconf 86' lang='lat' dir='ltr'><strong>fornicator,</strong></span> <span class='ocrx_word' id='word_1_291' title='bbox 1400 2185 1497 2231; x_wconf 90' lang='lat' dir='ltr'><strong>aut</strong></span> <span class='ocrx_word' id='word_1_292' title='bbox 1523 2177 1677 2232; x_wconf 82' lang='lat' dir='ltr'><strong>idolis</strong></span> 
     </span>
    </p>
   </div>
   <div class='ocr_carea' id='block_1_38' title="bbox 85 2265 1679 2335">
    <p class='ocr_par' dir='ltr' id='par_1_38' title="bbox 85 2265 1679 2335">
     <span class='ocr_line' id='line_1_38' title="bbox 85 2265 1679 2335; baseline 0.003 -17"><span class='ocrx_word' id='word_1_293' title='bbox 85 2265 336 2329; x_wconf 83' lang='lat' dir='ltr'><strong>serviens,</strong></span> <span class='ocrx_word' id='word_1_294' title='bbox 363 2275 456 2319; x_wconf 87' lang='lat' dir='ltr'><strong>aut</strong></span> <span class='ocrx_word' id='word_1_295' title='bbox 484 2282 699 2332; x_wconf 90' lang='lat' dir='ltr'><strong>avarus,</strong></span> <span class='ocrx_word' id='word_1_296' title='bbox 730 2276 823 2321; x_wconf 90' lang='lat' dir='ltr'><strong>aut</strong></span> <span class='ocrx_word' id='word_1_297' title='bbox 860 2268 1147 2332; x_wconf 88' lang='lat' dir='ltr'><strong>detractor,</strong></span> <span class='ocrx_word' id='word_1_298' title='bbox 1171 2277 1266 2321; x_wconf 90' lang='lat' dir='ltr'><strong>aut</strong></span> <span class='ocrx_word' id='word_1_299' title='bbox 1296 2267 1550 2335; x_wconf 85' lang='lat' dir='ltr'><strong>ebriosus,</strong></span> <span class='ocrx_word' id='word_1_300' title='bbox 1585 2277 1679 2322; x_wconf 89' lang='lat' dir='ltr'><strong>aut</strong></span> 
     </span>
    </p>
   </div>
   <div class='ocr_carea' id='block_1_39' title="bbox 87 2357 1681 2425">
    <p class='ocr_par' dir='ltr' id='par_1_39' title="bbox 87 2357 1681 2425">
     <span class='ocr_line' id='line_1_39' title="bbox 87 2357 1681 2425; baseline 0.003 -16"><span class='ocrx_word' id='word_1_301' title='bbox 87 2372 283 2425; x_wconf 67' lang='lat' dir='ltr'><strong>rapam,</strong></span> <span class='ocrx_word' id='word_1_302' title='bbox 317 2373 437 2410; x_wconf 90' lang='lat' dir='ltr'><strong>cum</strong></span> <span class='ocrx_word' id='word_1_303' title='bbox 468 2357 770 2425; x_wconf 84' lang='lat' dir='ltr'><strong>Itujusmodi</strong></span> <span class='ocrx_word' id='word_1_304' title='bbox 801 2374 893 2412; x_wconf 87' lang='lat' dir='ltr'><strong>nec</strong></span> <span class='ocrx_word' id='word_1_305' title='bbox 920 2359 1091 2412; x_wconf 86' lang='lat' dir='ltr'><strong>cibum</strong></span> <span class='ocrx_word' id='word_1_306' title='bbox 1122 2375 1329 2414; x_wconf 83' lang='lat' dir='ltr'><strong>sumere</strong></span> <span class='ocrx_word' id='word_1_307' title='bbox 1342 2360 1409 2412; x_wconf 77' lang='lat'><strong>“.</strong></span> <span class='ocrx_word' id='word_1_308' title='bbox 1449 2359 1569 2414; x_wconf 87' lang='lat' dir='ltr'><strong>Non</strong></span> <span class='ocrx_word' id='word_1_309' title='bbox 1599 2360 1681 2414; x_wconf 89' lang='lat' dir='ltr'><strong>di-</strong></span> 
     </span>
    </p>
   </div>
   <div class='ocr_carea' id='block_1_40' title="bbox 90 2447 1682 2517">
    <p class='ocr_par' dir='ltr' id='par_1_40' title="bbox 90 2447 1682 2517">
     <span class='ocr_line' id='line_1_40' title="bbox 90 2447 1682 2517; baseline 0.003 -14"><span class='ocrx_word' id='word_1_310' title='bbox 90 2449 171 2503; x_wconf 90' lang='lat' dir='ltr'><strong>xit</strong></span> <span class='ocrx_word' id='word_1_311' title='bbox 202 2467 216 2502; x_wconf 91' lang='lat'>:</span> <span class='ocrx_word' id='word_1_312' title='bbox 251 2447 310 2502; x_wconf 88' lang='lat' dir='ltr'><strong>Si</strong></span> <span class='ocrx_word' id='word_1_313' title='bbox 351 2448 475 2517; x_wconf 88' lang='lat' dir='ltr'><strong>quis</strong></span> <span class='ocrx_word' id='word_1_314' title='bbox 499 2463 610 2503; x_wconf 90' lang='lat' dir='ltr'><strong>non</strong></span> <span class='ocrx_word' id='word_1_315' title='bbox 645 2449 954 2505; x_wconf 83' lang='lat' dir='ltr'><strong>vendiderit</strong></span> <span class='ocrx_word' id='word_1_316' title='bbox 981 2452 1342 2506; x_wconf 85' lang='lat' dir='ltr'><strong>substantiam</strong></span> <span class='ocrx_word' id='word_1_317' title='bbox 1379 2467 1555 2515; x_wconf 84' lang='lat' dir='ltr'><strong>suam,</strong></span> <span class='ocrx_word' id='word_1_318' title='bbox 1584 2467 1682 2507; x_wconf 87' lang='lat' dir='ltr'><strong>ne-</strong></span> 
     </span>
    </p>
   </div>
   <div class='ocr_carea' id='block_1_41' title="bbox 87 2540 1712 2614">
    <p class='ocr_par' dir='ltr' id='par_1_41' title="bbox 87 2540 1712 2614">
     <span class='ocr_line' id='line_1_41' title="bbox 87 2540 1712 2614; baseline 0.004 -21"><span class='ocrx_word' id='word_1_319' title='bbox 87 2556 218 2609; x_wconf 89' lang='lat' dir='ltr'><strong>que,</strong></span> <span class='ocrx_word' id='word_1_320' title='bbox 244 2540 302 2594; x_wconf 86' lang='lat' dir='ltr'><strong>Si</strong></span> <span class='ocrx_word' id='word_1_321' title='bbox 334 2556 446 2594; x_wconf 91' lang='lat' dir='ltr'><strong>non</strong></span> <span class='ocrx_word' id='word_1_322' title='bbox 478 2540 842 2612; x_wconf 82' lang='lat' dir='ltr'><strong>virginitatem</strong></span> <span class='ocrx_word' id='word_1_323' title='bbox 873 2542 1149 2613; x_wconf 88' lang='lat' dir='ltr'><strong>pollicitus</strong></span> <span class='ocrx_word' id='word_1_324' title='bbox 1172 2543 1357 2608; x_wconf 78' lang='lat' dir='ltr'><strong>fuerit,</strong></span> <span class='ocrx_word' id='word_1_325' title='bbox 1384 2558 1564 2614; x_wconf 88' lang='lat' dir='ltr'><strong>neque</strong></span> <span class='ocrx_word' id='word_1_326' title='bbox 1587 2561 1680 2599; x_wconf 91' lang='lat' dir='ltr'><strong>su-</strong></span> <span class='ocrx_word' id='word_1_327' title='bbox 1706 2584 1712 2591; x_wconf 79' lang='lat'><strong>.</strong></span> 
     </span>
    </p>
   </div>
   <div class='ocr_carea' id='block_1_42' title="bbox 90 2632 1682 2706">
    <p class='ocr_par' dir='ltr' id='par_1_42' title="bbox 90 2632 1682 2706">
     <span class='ocr_line' id='line_1_42' title="bbox 90 2632 1682 2706; baseline 0.004 -22"><span class='ocrx_word' id='word_1_328' title='bbox 90 2632 274 2686; x_wconf 85' lang='lat' dir='ltr'><strong>hlimis</strong></span> <span class='ocrx_word' id='word_1_329' title='bbox 305 2632 743 2688; x_wconf 86' lang='lat' dir='ltr'><strong>conversationis</strong></span> <span class='ocrx_word' id='word_1_330' title='bbox 772 2634 955 2690; x_wconf 84' lang='lat' dir='ltr'><strong>fuerit.</strong></span> <span class='ocrx_word' id='word_1_331' title='bbox 991 2633 1117 2690; x_wconf 67' lang='lat' dir='ltr'><strong>Haec</strong></span> <span class='ocrx_word' id='word_1_332' title='bbox 1147 2644 1331 2691; x_wconf 90' lang='lat' dir='ltr'><strong>autem</strong></span> <span class='ocrx_word' id='word_1_333' title='bbox 1362 2636 1531 2691; x_wconf 91' lang='lat' dir='ltr'><strong>nimis</strong></span> <span class='ocrx_word' id='word_1_334' title='bbox 1558 2651 1682 2706; x_wconf 91' lang='lat' dir='ltr'><strong>per-</strong></span> 
     </span>
    </p>
   </div>
   <div class='ocr_carea' id='block_1_43' title="bbox 90 2721 1682 2794">
    <p class='ocr_par' dir='ltr' id='par_1_43' title="bbox 90 2721 1682 2794">
     <span class='ocr_line' id='line_1_43' title="bbox 90 2721 1682 2794; baseline 0.005 -19"><span class='ocrx_word' id='word_1_335' title='bbox 90 2721 361 2777; x_wconf 80' lang='lat' dir='ltr'><strong>fectorem</strong></span> <span class='ocrx_word' id='word_1_336' title='bbox 389 2732 711 2778; x_wconf 90' lang='lat' dir='ltr'><strong>cunctorum</strong></span> <span class='ocrx_word' id='word_1_337' title='bbox 738 2725 1032 2794; x_wconf 77' lang='lat' dir='ltr'><strong>humiliora</strong></span> <span class='ocrx_word' id='word_1_338' title='bbox 1073 2728 1328 2784; x_wconf 89' lang='lat' dir='ltr'><strong>mandata</strong></span> <span class='ocrx_word' id='word_1_339' title='bbox 1356 2738 1508 2786; x_wconf 89' lang='lat' dir='ltr'><strong>sunt.</strong></span> <span class='ocrx_word' id='word_1_340' title='bbox 1545 2727 1682 2783; x_wconf 81' lang='lat' dir='ltr'><strong>Vide</strong></span> 
     </span>
    </p>
   </div>
   <div class='ocr_carea' id='block_1_44' title="bbox 90 2815 1409 2884">
    <p class='ocr_par' dir='ltr' id='par_1_44' title="bbox 90 2815 1409 2884">
     <span class='ocr_line' id='line_1_44' title="bbox 90 2815 1409 2884; baseline 0.008 -19"><span class='ocrx_word' id='word_1_341' title='bbox 90 2829 221 2884; x_wconf 88' lang='lat' dir='ltr'><strong>ergo</strong></span> <span class='ocrx_word' id='word_1_342' title='bbox 251 2829 416 2884; x_wconf 88' lang='lat' dir='ltr'><strong>quam</strong></span> <span class='ocrx_word' id='word_1_343' title='bbox 443 2815 849 2871; x_wconf 89' lang='lat' dir='ltr'><strong>conclusionem</strong></span> <span class='ocrx_word' id='word_1_344' title='bbox 876 2818 1132 2873; x_wconf 89' lang='lat' dir='ltr'><strong>mandato</strong></span> <span class='ocrx_word' id='word_1_345' title='bbox 1161 2819 1371 2876; x_wconf 88' lang='lat' dir='ltr'><strong>addidit</strong></span> <span class='ocrx_word' id='word_1_346' title='bbox 1395 2840 1409 2876; x_wconf 92' lang='lat'><strong>:</strong></span> 
     </span>
    </p>
   </div>
   <div class='ocr_carea' id='block_1_45' title="bbox 164 2904 1683 2979">
    <p class='ocr_par' dir='ltr' id='par_1_45' title="bbox 164 2904 1683 2979">
     <span class='ocr_line' id='line_1_45' title="bbox 164 2904 1683 2979; baseline 0.009 -23"><span class='ocrx_word' id='word_1_347' title='bbox 164 2904 279 2974; x_wconf 87' lang='lat' dir='ltr'><strong>Ego</strong></span> <span class='ocrx_word' id='word_1_348' title='bbox 316 2905 570 2959; x_wconf 86' lang='lat' dir='ltr'><strong>Dominus</strong></span> <span class='ocrx_word' id='word_1_349' title='bbox 601 2905 743 2959; x_wconf 86' lang='lat' dir='ltr'><strong>Deus</strong></span> <span class='ocrx_word' id='word_1_350' title='bbox 768 2916 950 2972; x_wconf 86' lang='lat' dir='ltr'><strong>vester,</strong></span> <span class='ocrx_word' id='word_1_351' title='bbox 983 2909 1072 2979; x_wconf 88' lang='lat' dir='ltr'><strong>qui</strong></span> <span class='ocrx_word' id='word_1_352' title='bbox 1102 2910 1258 2964; x_wconf 77' lang='lat' dir='ltr'><strong>eduxi</strong></span> <span class='ocrx_word' id='word_1_353' title='bbox 1303 2928 1392 2966; x_wconf 91' lang='lat' dir='ltr'><strong>vos</strong></span> <span class='ocrx_word' id='word_1_354' title='bbox 1431 2914 1495 2968; x_wconf 89' lang='lat' dir='ltr'><strong>de</strong></span> <span class='ocrx_word' id='word_1_355' title='bbox 1540 2922 1683 2969; x_wconf 89' lang='lat' dir='ltr'><strong>terra</strong></span> 
     </span>
    </p>
   </div>
   <div class='ocr_carea' id='block_1_46' title="bbox 91 2994 1684 3068">
    <p class='ocr_par' dir='ltr' id='par_1_46' title="bbox 91 2994 1684 3068">
     <span class='ocr_line' id='line_1_46' title="bbox 91 2994 1684 3068; baseline 0.008 -21"><span class='ocrx_word' id='word_1_356' title='bbox 91 2994 332 3065; x_wconf 61' lang='lat' dir='ltr'><strong>ngypti,</strong></span> <span class='ocrx_word' id='word_1_357' title='bbox 368 3005 426 3049; x_wconf 91' lang='lat' dir='ltr'><strong>ut</strong></span> <span class='ocrx_word' id='word_1_358' title='bbox 467 2997 650 3050; x_wconf 89' lang='lat' dir='ltr'><strong>darem</strong></span> <span class='ocrx_word' id='word_1_359' title='bbox 694 2998 836 3051; x_wconf 84' lang='lat' dir='ltr'><strong>vobis</strong></span> <span class='ocrx_word' id='word_1_360' title='bbox 866 3007 1064 3053; x_wconf 89' lang='lat' dir='ltr'><strong>terram</strong></span> <span class='ocrx_word' id='word_1_361' title='bbox 1104 2997 1386 3068; x_wconf 84' lang='lat' dir='ltr'><strong>Chanaan,</strong></span> <span class='ocrx_word' id='word_1_362' title='bbox 1415 3013 1473 3057; x_wconf 90' lang='lat' dir='ltr'><strong>ut</strong></span> <span class='ocrx_word' id='word_1_363' title='bbox 1521 3018 1684 3060; x_wconf 81' lang='lat' dir='ltr'><strong>essem</strong></span> 
     </span>
    </p>
   </div>
   <div class='ocr_carea' id='block_1_47' title="bbox 92 3087 1684 3160">
    <p class='ocr_par' dir='ltr' id='par_1_47' title="bbox 92 3087 1684 3160">
     <span class='ocr_line' id='line_1_47' title="bbox 92 3087 1684 3160; baseline 0.008 -19"><span class='ocrx_word' id='word_1_364' title='bbox 92 3098 262 3141; x_wconf 78' lang='lat' dir='ltr'><strong>vester</strong></span> <span class='ocrx_word' id='word_1_365' title='bbox 286 3088 442 3142; x_wconf 87' lang='lat' dir='ltr'><strong>Deus.</strong></span> <span class='ocrx_word' id='word_1_366' title='bbox 474 3087 531 3143; x_wconf 80' lang='lat' dir='ltr'><strong>Et</strong></span> <span class='ocrx_word' id='word_1_367' title='bbox 563 3090 692 3158; x_wconf 93' lang='lat' dir='ltr'><strong>quid</strong></span> <span class='ocrx_word' id='word_1_368' title='bbox 720 3091 773 3144; x_wconf 91' lang='lat' dir='ltr'><strong>in</strong></span> <span class='ocrx_word' id='word_1_369' title='bbox 809 3093 1061 3160; x_wconf 62' lang='lat' dir='ltr'><strong>praesenti</strong></span> <span class='ocrx_word' id='word_1_370' title='bbox 1090 3092 1209 3149; x_wconf 93' lang='lat' dir='ltr'><strong>loco</strong></span> <span class='ocrx_word' id='word_1_371' title='bbox 1225 3095 1329 3150; x_wconf 90' lang='lat' dir='ltr'><strong>hoc</strong></span> <span class='ocrx_word' id='word_1_372' title='bbox 1348 3111 1684 3153; x_wconf 89' lang='lat' dir='ltr'><strong>commemo-</strong></span> 
     </span>
    </p>
   </div>
   <div class='ocr_carea' id='block_1_48' title="bbox 1848 1894 3364 1966">
    <p class='ocr_par' dir='ltr' id='par_1_48' title="bbox 1848 1894 3364 1966">
     <span class='ocr_line' id='line_1_48' title="bbox 1848 1894 3364 1966; baseline 0.001 -17"><span class='ocrx_word' id='word_1_373' title='bbox 1848 1895 2014 1950; x_wconf 85' lang='lat' dir='ltr'><strong>Multa</strong></span> <span class='ocrx_word' id='word_1_374' title='bbox 2063 1894 2246 1950; x_wconf 91' lang='lat' dir='ltr'><strong>littera</strong></span> <span class='ocrx_word' id='word_1_375' title='bbox 2293 1896 2413 1965; x_wconf 91' lang='lat' dir='ltr'><strong>ipsa</strong></span> <span class='ocrx_word' id='word_1_376' title='bbox 2458 1895 2663 1965; x_wconf 89' lang='lat' dir='ltr'><strong>pietate</strong></span> <span class='ocrx_word' id='word_1_377' title='bbox 2708 1896 2868 1966; x_wconf 87' lang='lat' dir='ltr'><strong>plena</strong></span> <span class='ocrx_word' id='word_1_378' title='bbox 2912 1904 3018 1963; x_wconf 90' lang='lat' dir='ltr'><strong>est,</strong></span> <span class='ocrx_word' id='word_1_379' title='bbox 3047 1896 3141 1950; x_wconf 90' lang='lat' dir='ltr'><strong>sed</strong></span> <span class='ocrx_word' id='word_1_380' title='bbox 3189 1895 3364 1950; x_wconf 82' lang='lat' dir='ltr'><strong>multo</strong></span> 
     </span>
    </p>
   </div>
   <div class='ocr_carea' id='block_1_49' title="bbox 1779 1986 3365 2058">
    <p class='ocr_par' dir='ltr' id='par_1_49' title="bbox 1779 1986 3365 2058">
     <span class='ocr_line' id='line_1_49' title="bbox 1779 1986 3365 2058; baseline 0.001 -16"><span class='ocrx_word' id='word_1_381' title='bbox 1779 1988 1952 2058; x_wconf 88' lang='lat' dir='ltr'><strong>magis</strong></span> <span class='ocrx_word' id='word_1_382' title='bbox 1977 1986 2238 2058; x_wconf 88' lang='lat' dir='ltr'><strong>spiritalis</strong></span> <span class='ocrx_word' id='word_1_383' title='bbox 2281 1987 2613 2042; x_wconf 87' lang='lat' dir='ltr'><strong>intellectus.</strong></span> <span class='ocrx_word' id='word_1_384' title='bbox 2644 1986 2923 2053; x_wconf 89' lang='lat' dir='ltr'><strong>Quantum</strong></span> <span class='ocrx_word' id='word_1_385' title='bbox 2955 1988 3104 2042; x_wconf 90' lang='lat' dir='ltr'><strong>enim</strong></span> <span class='ocrx_word' id='word_1_386' title='bbox 3141 1987 3365 2043; x_wconf 87' lang='lat' dir='ltr'><strong>libertas</strong></span> 
     </span>
    </p>
   </div>
   <div class='ocr_carea' id='block_1_50' title="bbox 1779 2077 3367 2148">
    <p class='ocr_par' dir='ltr' id='par_1_50' title="bbox 1779 2077 3367 2148">
     <span class='ocr_line' id='line_1_50' title="bbox 1779 2077 3367 2148; baseline 0.001 -15"><span class='ocrx_word' id='word_1_387' title='bbox 1779 2078 1975 2134; x_wconf 68' lang='lat' dir='ltr'><strong>animae</strong></span> <span class='ocrx_word' id='word_1_388' title='bbox 2005 2079 2201 2134; x_wconf 90' lang='lat' dir='ltr'><strong>melior</strong></span> <span class='ocrx_word' id='word_1_389' title='bbox 2235 2088 2321 2134; x_wconf 91' lang='lat' dir='ltr'><strong>est</strong></span> <span class='ocrx_word' id='word_1_390' title='bbox 2353 2094 2383 2132; x_wconf 93' lang='lat' dir='ltr'><strong>a</strong></span> <span class='ocrx_word' id='word_1_391' title='bbox 2412 2077 2668 2133; x_wconf 85' lang='lat' dir='ltr'><strong>libertate</strong></span> <span class='ocrx_word' id='word_1_392' title='bbox 2696 2078 2941 2148; x_wconf 79' lang='lat' dir='ltr'><strong>corporis</strong></span> <span class='ocrx_word' id='word_1_393' title='bbox 2959 2120 2974 2142; x_wconf 93' lang='lat'><strong>,</strong></span> <span class='ocrx_word' id='word_1_394' title='bbox 3002 2085 3213 2133; x_wconf 87' lang='lat' dir='ltr'><strong>tantum</strong></span> <span class='ocrx_word' id='word_1_395' title='bbox 3254 2079 3367 2148; x_wconf 80' lang='lat' dir='ltr'><strong>spi-</strong></span> 
     </span>
    </p>
   </div>
   <div class='ocr_carea' id='block_1_51' title="bbox 1779 2169 3367 2241">
    <p class='ocr_par' dir='ltr' id='par_1_51' title="bbox 1779 2169 3367 2241">
     <span class='ocr_line' id='line_1_51' title="bbox 1779 2169 3367 2241; baseline 0.002 -16"><span class='ocrx_word' id='word_1_396' title='bbox 1779 2170 1952 2225; x_wconf 90' lang='lat' dir='ltr'><strong>ritalis</strong></span> <span class='ocrx_word' id='word_1_397' title='bbox 1995 2170 2385 2241; x_wconf 89' lang='lat' dir='ltr'><strong>contemplatio</strong></span> <span class='ocrx_word' id='word_1_398' title='bbox 2428 2169 2550 2235; x_wconf 91' lang='lat' dir='ltr'><strong>his,</strong></span> <span class='ocrx_word' id='word_1_399' title='bbox 2586 2170 2680 2240; x_wconf 90' lang='lat' dir='ltr'><strong>qui</strong></span> <span class='ocrx_word' id='word_1_400' title='bbox 2726 2171 2846 2240; x_wconf 89' lang='lat' dir='ltr'><strong>ejus</strong></span> <span class='ocrx_word' id='word_1_401' title='bbox 2879 2180 3112 2241; x_wconf 90' lang='lat' dir='ltr'><strong>possunt</strong></span> <span class='ocrx_word' id='word_1_402' title='bbox 3153 2170 3367 2239; x_wconf 77' lang='lat' dir='ltr'><strong>fructus</strong></span> 
     </span>
    </p>
   </div>
   <div class='ocr_carea' id='block_1_52' title="bbox 1782 2262 3365 2334">
    <p class='ocr_par' dir='ltr' id='par_1_52' title="bbox 1782 2262 3365 2334">
     <span class='ocr_line' id='line_1_52' title="bbox 1782 2262 3365 2334; baseline 0.001 -16"><span class='ocrx_word' id='word_1_403' title='bbox 1782 2263 2084 2334; x_wconf 87' lang='lat' dir='ltr'><strong>percipere,</strong></span> <span class='ocrx_word' id='word_1_404' title='bbox 2116 2263 2344 2318; x_wconf 89' lang='lat' dir='ltr'><strong>clariora</strong></span> <span class='ocrx_word' id='word_1_405' title='bbox 2380 2263 2549 2319; x_wconf 90' lang='lat' dir='ltr'><strong>donat</strong></span> <span class='ocrx_word' id='word_1_406' title='bbox 2589 2279 2752 2334; x_wconf 89' lang='lat' dir='ltr'><strong>quam</strong></span> <span class='ocrx_word' id='word_1_407' title='bbox 2792 2264 2992 2319; x_wconf 83' lang='lat' dir='ltr'><strong>littera.</strong></span> <span class='ocrx_word' id='word_1_408' title='bbox 3019 2262 3156 2330; x_wconf 85' lang='lat' dir='ltr'><strong>Quia</strong></span> <span class='ocrx_word' id='word_1_409' title='bbox 3183 2264 3365 2321; x_wconf 84' lang='lat' dir='ltr'><strong>littera</strong></span> 
     </span>
    </p>
   </div>
   <div class='ocr_carea' id='block_1_53' title="bbox 1782 2354 3363 2425">
    <p class='ocr_par' dir='ltr' id='par_1_53' title="bbox 1782 2354 3363 2425">
     <span class='ocr_line' id='line_1_53' title="bbox 1782 2354 3363 2425; baseline 0.002 -17"><span class='ocrx_word' id='word_1_410' title='bbox 1782 2369 1911 2425; x_wconf 90' lang='lat' dir='ltr'><strong>ergo</strong></span> <span class='ocrx_word' id='word_1_411' title='bbox 1956 2355 2264 2410; x_wconf 86' lang='lat' dir='ltr'><strong>nullatenus</strong></span> <span class='ocrx_word' id='word_1_412' title='bbox 2305 2369 2406 2410; x_wconf 90' lang='lat' dir='ltr'><strong>nos</strong></span> <span class='ocrx_word' id='word_1_413' title='bbox 2452 2355 2573 2417; x_wconf 89' lang='lat' dir='ltr'><strong>his.</strong></span> <span class='ocrx_word' id='word_1_414' title='bbox 2605 2370 2727 2425; x_wconf 60' lang='lat' dir='ltr'><strong>quae</strong></span> <span class='ocrx_word' id='word_1_415' title='bbox 2772 2354 3033 2411; x_wconf 84' lang='lat' dir='ltr'><strong>fratribus</strong></span> <span class='ocrx_word' id='word_1_416' title='bbox 3076 2357 3363 2422; x_wconf 89' lang='lat' dir='ltr'><strong>eveniunt,</strong></span> 
     </span>
    </p>
   </div>
   <div class='ocr_carea' id='block_1_54' title="bbox 1781 2445 3364 2518">
    <p class='ocr_par' dir='ltr' id='par_1_54' title="bbox 1781 2445 3364 2518">
     <span class='ocr_line' id='line_1_54' title="bbox 1781 2445 3364 2518; baseline 0.003 -19"><span class='ocrx_word' id='word_1_417' title='bbox 1781 2445 1934 2501; x_wconf 88' lang='lat' dir='ltr'><strong>abuti</strong></span> <span class='ocrx_word' id='word_1_418' title='bbox 1963 2446 2098 2512; x_wconf 84' lang='lat' dir='ltr'><strong>vult,</strong></span> <span class='ocrx_word' id='word_1_419' title='bbox 2126 2445 2178 2501; x_wconf 93' lang='lat' dir='ltr'><strong>id</strong></span> <span class='ocrx_word' id='word_1_420' title='bbox 2206 2455 2309 2511; x_wconf 89' lang='lat' dir='ltr'><strong>est,</strong></span> <span class='ocrx_word' id='word_1_421' title='bbox 2329 2446 2711 2511; x_wconf 87' lang='lat' dir='ltr'><strong>conlidelibus,</strong></span> <span class='ocrx_word' id='word_1_422' title='bbox 2731 2448 2826 2503; x_wconf 90' lang='lat' dir='ltr'><strong>sed</strong></span> <span class='ocrx_word' id='word_1_423' title='bbox 2854 2448 2938 2503; x_wconf 90' lang='lat' dir='ltr'><strong>vel</strong></span> <span class='ocrx_word' id='word_1_424' title='bbox 2964 2447 3009 2502; x_wconf 89' lang='lat' dir='ltr'><strong>si</strong></span> <span class='ocrx_word' id='word_1_425' title='bbox 3029 2448 3152 2518; x_wconf 85' lang='lat' dir='ltr'><strong>quis</strong></span> <span class='ocrx_word' id='word_1_426' title='bbox 3173 2463 3364 2504; x_wconf 89' lang='lat' dir='ltr'><strong>eorum</strong></span> 
     </span>
    </p>
   </div>
   <div class='ocr_carea' id='block_1_55' title="bbox 1782 2538 3366 2611">
    <p class='ocr_par' dir='ltr' id='par_1_55' title="bbox 1782 2538 3366 2611">
     <span class='ocr_line' id='line_1_55' title="bbox 1782 2538 3366 2611; baseline 0.003 -18"><span class='ocrx_word' id='word_1_427' title='bbox 1782 2538 1940 2595; x_wconf 91' lang='lat' dir='ltr'><strong>nobis</strong></span> <span class='ocrx_word' id='word_1_428' title='bbox 1977 2539 2230 2595; x_wconf 88' lang='lat' dir='ltr'><strong>venditus</strong></span> <span class='ocrx_word' id='word_1_429' title='bbox 2271 2539 2456 2604; x_wconf 80' lang='lat' dir='ltr'><strong>fuerit,</strong></span> <span class='ocrx_word' id='word_1_430' title='bbox 2491 2556 2521 2594; x_wconf 93' lang='lat' dir='ltr'><strong>a</strong></span> <span class='ocrx_word' id='word_1_431' title='bbox 2551 2539 2804 2611; x_wconf 78' lang='lat' dir='ltr'><strong>qualibet,</strong></span> <span class='ocrx_word' id='word_1_432' title='bbox 2823 2540 3142 2596; x_wconf 87' lang='lat' dir='ltr'><strong>humiliatus</strong></span> <span class='ocrx_word' id='word_1_433' title='bbox 3169 2557 3366 2598; x_wconf 85' lang='lat' dir='ltr'><strong>neces-</strong></span> 
     </span>
    </p>
   </div>
   <div class='ocr_carea' id='block_1_56' title="bbox 1784 2629 3363 2706">
    <p class='ocr_par' dir='ltr' id='par_1_56' title="bbox 1784 2629 3363 2706">
     <span class='ocr_line' id='line_1_56' title="bbox 1784 2629 3363 2706; baseline 0.004 -22"><span class='ocrx_word' id='word_1_434' title='bbox 1784 2629 1961 2696; x_wconf 90' lang='lat' dir='ltr'><strong>sitate,</strong></span> <span class='ocrx_word' id='word_1_435' title='bbox 1998 2629 2310 2685; x_wconf 89' lang='lat' dir='ltr'><strong>nullatenus</strong></span> <span class='ocrx_word' id='word_1_436' title='bbox 2353 2632 2424 2686; x_wconf 91' lang='lat' dir='ltr'><strong>ab</strong></span> <span class='ocrx_word' id='word_1_437' title='bbox 2466 2646 2534 2686; x_wconf 93' lang='lat' dir='ltr'><strong>eo</strong></span> <span class='ocrx_word' id='word_1_438' title='bbox 2580 2631 2862 2687; x_wconf 90' lang='lat' dir='ltr'><strong>servitium</strong></span> <span class='ocrx_word' id='word_1_439' title='bbox 2894 2633 3037 2688; x_wconf 88' lang='lat' dir='ltr'><strong>servi</strong></span> <span class='ocrx_word' id='word_1_440' title='bbox 3064 2633 3363 2706; x_wconf 83' lang='lat' dir='ltr'><strong>exigamus.</strong></span> 
     </span>
    </p>
   </div>
   <div class='ocr_carea' id='block_1_57' title="bbox 1784 2720 3368 2795">
    <p class='ocr_par' dir='ltr' id='par_1_57' title="bbox 1784 2720 3368 2795">
     <span class='ocr_line' id='line_1_57' title="bbox 1784 2720 3368 2795; baseline 0.004 -19"><span class='ocrx_word' id='word_1_441' title='bbox 1784 2720 1961 2787; x_wconf 86' lang='lat' dir='ltr'><strong>Quem</strong></span> <span class='ocrx_word' id='word_1_442' title='bbox 1979 2722 2126 2777; x_wconf 90' lang='lat' dir='ltr'><strong>enim</strong></span> <span class='ocrx_word' id='word_1_443' title='bbox 2157 2723 2329 2778; x_wconf 88' lang='lat' dir='ltr'><strong>semel</strong></span> <span class='ocrx_word' id='word_1_444' title='bbox 2370 2722 2593 2778; x_wconf 81' lang='lat' dir='ltr'><strong>fratrem</strong></span> <span class='ocrx_word' id='word_1_445' title='bbox 2634 2737 2733 2794; x_wconf 89' lang='lat' dir='ltr'><strong>per</strong></span> <span class='ocrx_word' id='word_1_446' title='bbox 2775 2724 3124 2795; x_wconf 90' lang='lat' dir='ltr'><strong>adoptionem</strong></span> <span class='ocrx_word' id='word_1_447' title='bbox 3161 2723 3368 2782; x_wconf 79' lang='lat' dir='ltr'><strong>Christi</strong></span> 
     </span>
    </p>
   </div>
   <div class='ocr_carea' id='block_1_58' title="bbox 1784 2814 3369 2886">
    <p class='ocr_par' dir='ltr' id='par_1_58' title="bbox 1784 2814 3369 2886">
     <span class='ocr_line' id='line_1_58' title="bbox 1784 2814 3369 2886; baseline 0.003 -17"><span class='ocrx_word' id='word_1_448' title='bbox 1784 2814 2098 2880; x_wconf 83' lang='lat' dir='ltr'><strong>habuimus,</strong></span> <span class='ocrx_word' id='word_1_449' title='bbox 2120 2815 2393 2885; x_wconf 91' lang='lat' dir='ltr'><strong>quomodo</strong></span> <span class='ocrx_word' id='word_1_450' title='bbox 2427 2815 2691 2886; x_wconf 90' lang='lat' dir='ltr'><strong>deinceps</strong></span> <span class='ocrx_word' id='word_1_451' title='bbox 2737 2832 2957 2873; x_wconf 88' lang='lat' dir='ltr'><strong>servum</strong></span> <span class='ocrx_word' id='word_1_452' title='bbox 3002 2818 3369 2874; x_wconf 72' lang='lat' dir='ltr'><strong>habebimus?</strong></span> 
     </span>
    </p>
   </div>
   <div class='ocr_carea' id='block_1_59' title="bbox 1784 2908 3367 2974">
    <p class='ocr_par' dir='ltr' id='par_1_59' title="bbox 1784 2908 3367 2974">
     <span class='ocr_line' id='line_1_59' title="bbox 1784 2908 3367 2974; baseline 0.002 -10"><span class='ocrx_word' id='word_1_453' title='bbox 1784 2908 1941 2964; x_wconf 91' lang='lat' dir='ltr'><strong>Unde</strong></span> <span class='ocrx_word' id='word_1_454' title='bbox 1957 2919 2013 2965; x_wconf 92' lang='lat' dir='ltr'><strong>et</strong></span> <span class='ocrx_word' id='word_1_455' title='bbox 2033 2909 2254 2974; x_wconf 85' lang='lat' dir='ltr'><strong>Paulus,</strong></span> <span class='ocrx_word' id='word_1_456' title='bbox 2275 2910 2521 2965; x_wconf 88' lang='lat' dir='ltr'><strong>scribens</strong></span> <span class='ocrx_word' id='word_1_457' title='bbox 2539 2911 2606 2966; x_wconf 89' lang='lat' dir='ltr'><strong>de</strong></span> <span class='ocrx_word' id='word_1_458' title='bbox 2630 2909 2889 2968; x_wconf 92' lang='lat' dir='ltr'><strong>Onesimo</strong></span> <span class='ocrx_word' id='word_1_459' title='bbox 2909 2912 2976 2967; x_wconf 88' lang='lat' dir='ltr'><strong>ad</strong></span> <span class='ocrx_word' id='word_1_460' title='bbox 2992 2912 3367 2969; x_wconf 87' lang='lat' dir='ltr'><strong>Philemonem</strong></span> 
     </span>
    </p>
   </div>
   <div class='ocr_carea' id='block_1_60' title="bbox 1786 3002 3425 3072">
    <p class='ocr_par' dir='ltr' id='par_1_60' title="bbox 1786 3002 3425 3072">
     <span class='ocr_line' id='line_1_60' title="bbox 1786 3002 3425 3072; baseline 0.003 -15"><span class='ocrx_word' id='word_1_461' title='bbox 1786 3002 2031 3057; x_wconf 89' lang='lat' dir='ltr'><strong>dicebat:</strong></span> <span class='ocrx_word' id='word_1_462' title='bbox 2061 3003 2348 3072; x_wconf 87' lang='lat' dir='ltr'><strong>Propterea</strong></span> <span class='ocrx_word' id='word_1_463' title='bbox 2374 3005 2582 3060; x_wconf 86' lang='lat' dir='ltr'><strong>recessit</strong></span> <span class='ocrx_word' id='word_1_464' title='bbox 2610 3005 2680 3059; x_wconf 89' lang='lat' dir='ltr'><strong>ad</strong></span> <span class='ocrx_word' id='word_1_465' title='bbox 2698 3006 2907 3072; x_wconf 81' lang='lat' dir='ltr'><strong>horam,</strong></span> <span class='ocrx_word' id='word_1_466' title='bbox 2925 3015 2983 3060; x_wconf 93' lang='lat' dir='ltr'><strong>ut</strong></span> <span class='ocrx_word' id='word_1_467' title='bbox 3008 3016 3258 3060; x_wconf 62' lang='lat' dir='ltr'><strong>aeternum</strong></span> <span class='ocrx_word' id='word_1_468' title='bbox 3280 3023 3368 3062; x_wconf 83' lang='lat' dir='ltr'><strong>re-</strong></span> <span class='ocrx_word' id='word_1_469' title='bbox 3414 3020 3425 3031; x_wconf 65' lang='lat'><strong>‘</strong></span> 
     </span>
    </p>
   </div>
   <div class='ocr_carea' id='block_1_61' title="bbox 1788 3096 3368 3172">
    <p class='ocr_par' dir='ltr' id='par_1_61' title="bbox 1788 3096 3368 3172">
     <span class='ocr_line' id='line_1_61' title="bbox 1788 3096 3368 3172; baseline 0.004 -24"><span class='ocrx_word' id='word_1_470' title='bbox 1788 3096 2001 3164; x_wconf 85' lang='lat' dir='ltr'><strong>ciperes,</strong></span> <span class='ocrx_word' id='word_1_471' title='bbox 2036 3102 2137 3150; x_wconf 86' lang='lat' dir='ltr'><strong>non</strong></span> <span class='ocrx_word' id='word_1_472' title='bbox 2161 3096 2279 3168; x_wconf 88' lang='lat' dir='ltr'><strong>jam</strong></span> <span class='ocrx_word' id='word_1_473' title='bbox 2323 3105 2377 3150; x_wconf 92' lang='lat' dir='ltr'><strong>ut</strong></span> <span class='ocrx_word' id='word_1_474' title='bbox 2420 3113 2647 3165; x_wconf 87' lang='lat' dir='ltr'><strong>servum,</strong></span> <span class='ocrx_word' id='word_1_475' title='bbox 2677 3104 2768 3153; x_wconf 86' lang='lat' dir='ltr'><strong>sed</strong></span> <span class='ocrx_word' id='word_1_476' title='bbox 2814 3116 2910 3170; x_wconf 92' lang='lat' dir='ltr'><strong>pro</strong></span> <span class='ocrx_word' id='word_1_477' title='bbox 2955 3116 3104 3154; x_wconf 89' lang='lat' dir='ltr'><strong>servo</strong></span> <span class='ocrx_word' id='word_1_478' title='bbox 3147 3101 3368 3172; x_wconf 81' lang='lat' dir='ltr'><strong>fratrem</strong></span> 
     </span>
    </p>
   </div>
   <div class='ocr_carea' id='block_1_62' title="bbox 95 3181 1681 3261">
    <p class='ocr_par' dir='ltr' id='par_1_62' title="bbox 95 3181 1681 3254">
     <span class='ocr_line' id='line_1_62' title="bbox 95 3181 1681 3254; baseline 0.009 -22"><span class='ocrx_word' id='word_1_479' title='bbox 95 3195 216 3236; x_wconf 84' lang='lat' dir='ltr'><strong>rare</strong></span> <span class='ocrx_word' id='word_1_480' title='bbox 268 3181 542 3252; x_wconf 76' lang='lat' dir='ltr'><strong>legislator</strong></span> <span class='ocrx_word' id='word_1_481' title='bbox 586 3183 774 3254; x_wconf 87' lang='lat' dir='ltr'><strong>eguit?</strong></span> <span class='ocrx_word' id='word_1_482' title='bbox 802 3182 909 3238; x_wconf 86' lang='lat' dir='ltr'><strong>Sed</strong></span> <span class='ocrx_word' id='word_1_483' title='bbox 938 3185 1114 3241; x_wconf 89' lang='lat' dir='ltr'><strong>modis</strong></span> <span class='ocrx_word' id='word_1_484' title='bbox 1139 3187 1395 3243; x_wconf 90' lang='lat' dir='ltr'><strong>omnibus</strong></span> <span class='ocrx_word' id='word_1_485' title='bbox 1425 3189 1554 3244; x_wconf 91' lang='lat' dir='ltr'><strong>illud</strong></span> <span class='ocrx_word' id='word_1_486' title='bbox 1586 3190 1681 3246; x_wconf 88' lang='lat' dir='ltr'><strong>de-</strong></span> 
     </span>
    </p>
   </div>
   <div class='ocr_carea' id='block_1_63' title="bbox 1810 3181 3366 3261">
    <p class='ocr_par' dir='ltr' id='par_1_63' title="bbox 1810 3185 3366 3261">
     <span class='ocr_line' id='line_1_63' title="bbox 1810 3185 3366 3261; baseline 0.006 -23"><span class='ocrx_word' id='word_1_487' title='bbox 1810 3185 2173 3253; x_wconf 67' lang='lat' dir='ltr'><strong>rharissimum,</strong></span> <span class='ocrx_word' id='word_1_488' title='bbox 2202 3189 2433 3242; x_wconf 63' lang='lat' dir='ltr'><strong>maxime</strong></span> <span class='ocrx_word' id='word_1_489' title='bbox 2462 3189 2826 3260; x_wconf 87' lang='lat' dir='ltr'><strong>mihi,quanto</strong></span> <span class='ocrx_word' id='word_1_490' title='bbox 2856 3192 3025 3260; x_wconf 84' lang='lat' dir='ltr'><strong>magis</strong></span> <span class='ocrx_word' id='word_1_491' title='bbox 3053 3201 3228 3261; x_wconf 86' lang='lat' dir='ltr'><strong>autem</strong></span> <span class='ocrx_word' id='word_1_492' title='bbox 3253 3193 3366 3258; x_wconf 84' lang='lat' dir='ltr'><strong>tibi,</strong></span> 
     </span>
    </p>
   </div>
   <div class='ocr_carea' id='block_1_64' title="bbox 96 3267 1683 3351">
    <p class='ocr_par' dir='ltr' id='par_1_64' title="bbox 96 3267 1683 3351">
     <span class='ocr_line' id='line_1_64' title="bbox 96 3267 1683 3351; baseline 0.009 -28"><span class='ocrx_word' id='word_1_493' title='bbox 96 3267 403 3326; x_wconf 87' lang='lat' dir='ltr'><strong>monstrare</strong></span> <span class='ocrx_word' id='word_1_494' title='bbox 430 3273 639 3337; x_wconf 87' lang='lat' dir='ltr'><strong>volens,</strong></span> <span class='ocrx_word' id='word_1_495' title='bbox 658 3275 807 3343; x_wconf 89' lang='lat' dir='ltr'><strong>quia,</strong></span> <span class='ocrx_word' id='word_1_496' title='bbox 835 3277 1294 3346; x_wconf 85' lang='lat' dir='ltr'><strong>quemadmodum</strong></span> <span class='ocrx_word' id='word_1_497' title='bbox 1328 3282 1586 3351; x_wconf 91' lang='lat' dir='ltr'><strong>populum</strong></span> <span class='ocrx_word' id='word_1_498' title='bbox 1614 3282 1683 3337; x_wconf 90' lang='lat' dir='ltr'><strong>de</strong></span> 
     </span>
    </p>
   </div>
   <div class='ocr_carea' id='block_1_65' title="bbox 101 3362 1682 3433">
    <p class='ocr_par' dir='ltr' id='par_1_65' title="bbox 101 3362 1682 3433">
     <span class='ocr_line' id='line_1_65' title="bbox 101 3362 1682 3433; baseline 0.007 -22"><span class='ocrx_word' id='word_1_499' title='bbox 101 3366 241 3413; x_wconf 84' lang='lat' dir='ltr'><strong>terra</strong></span> <span class='ocrx_word' id='word_1_500' title='bbox 273 3362 508 3431; x_wconf 68' lang='lat' dir='ltr'><strong>.Egypti,</strong></span> <span class='ocrx_word' id='word_1_501' title='bbox 540 3370 593 3416; x_wconf 93' lang='lat' dir='ltr'><strong>et</strong></span> <span class='ocrx_word' id='word_1_502' title='bbox 628 3362 697 3416; x_wconf 90' lang='lat' dir='ltr'><strong>de</strong></span> <span class='ocrx_word' id='word_1_503' title='bbox 725 3364 927 3433; x_wconf 90' lang='lat' dir='ltr'><strong>popqu</strong></span> <span class='ocrx_word' id='word_1_504' title='bbox 961 3366 1263 3433; x_wconf 90' lang='lat' dir='ltr'><strong>peccatoris</strong></span> <span class='ocrx_word' id='word_1_505' title='bbox 1291 3366 1512 3430; x_wconf 76' lang='lat' dir='ltr'><strong>eduxit,</strong></span> <span class='ocrx_word' id='word_1_506' title='bbox 1538 3377 1592 3422; x_wconf 90' lang='lat' dir='ltr'><strong>et</strong></span> <span class='ocrx_word' id='word_1_507' title='bbox 1626 3367 1682 3422; x_wconf 87' lang='lat' dir='ltr'><strong>in</strong></span> 
     </span>
    </p>
   </div>
   <div class='ocr_carea' id='block_1_66' title="bbox 99 3452 1685 3527">
    <p class='ocr_par' dir='ltr' id='par_1_66' title="bbox 99 3452 1685 3527">
     <span class='ocr_line' id='line_1_66' title="bbox 99 3452 1685 3527; baseline 0.004 -22"><span class='ocrx_word' id='word_1_508' title='bbox 99 3458 245 3505; x_wconf 86' lang='lat' dir='ltr'><strong>terra</strong></span> <span class='ocrx_word' id='word_1_509' title='bbox 273 3452 536 3507; x_wconf 73' lang='lat' dir='ltr'><strong>Chanaan</strong></span> <span class='ocrx_word' id='word_1_510' title='bbox 565 3455 790 3509; x_wconf 88' lang='lat' dir='ltr'><strong>alterius</strong></span> <span class='ocrx_word' id='word_1_511' title='bbox 817 3457 1023 3525; x_wconf 92' lang='lat' dir='ltr'><strong>populi,</strong></span> <span class='ocrx_word' id='word_1_512' title='bbox 1059 3473 1250 3512; x_wconf 90' lang='lat' dir='ltr'><strong>rursus</strong></span> <span class='ocrx_word' id='word_1_513' title='bbox 1271 3458 1574 3527; x_wconf 85' lang='lat' dir='ltr'><strong>peccatoris</strong></span> <span class='ocrx_word' id='word_1_514' title='bbox 1602 3459 1685 3513; x_wconf 89' lang='lat' dir='ltr'><strong>in-</strong></span> 
     </span>
    </p>
   </div>
   <div class='ocr_carea' id='block_1_67' title="bbox 101 3542 1685 3615">
    <p class='ocr_par' dir='ltr' id='par_1_67' title="bbox 101 3542 1685 3615">
     <span class='ocr_line' id='line_1_67' title="bbox 101 3542 1685 3615; baseline 0.006 -20"><span class='ocrx_word' id='word_1_515' title='bbox 101 3542 368 3608; x_wconf 81' lang='lat' dir='ltr'><strong>troduxit,</strong></span> <span class='ocrx_word' id='word_1_516' title='bbox 411 3545 506 3598; x_wconf 91' lang='lat' dir='ltr'><strong>sed</strong></span> <span class='ocrx_word' id='word_1_517' title='bbox 540 3545 687 3600; x_wconf 88' lang='lat' dir='ltr'><strong>illinc</strong></span> <span class='ocrx_word' id='word_1_518' title='bbox 715 3546 936 3615; x_wconf 85' lang='lat' dir='ltr'><strong>quidem</strong></span> <span class='ocrx_word' id='word_1_519' title='bbox 964 3562 1061 3602; x_wconf 92' lang='lat' dir='ltr'><strong>eos</strong></span> <span class='ocrx_word' id='word_1_520' title='bbox 1086 3549 1307 3615; x_wconf 77' lang='lat' dir='ltr'><strong>eduxit,</strong></span> <span class='ocrx_word' id='word_1_521' title='bbox 1344 3558 1404 3605; x_wconf 90' lang='lat' dir='ltr'><strong>ut</strong></span> <span class='ocrx_word' id='word_1_522' title='bbox 1432 3564 1543 3604; x_wconf 92' lang='lat' dir='ltr'><strong>non</strong></span> <span class='ocrx_word' id='word_1_523' title='bbox 1583 3551 1685 3605; x_wconf 88' lang='lat' dir='ltr'><strong>sub</strong></span> 
     </span>
    </p>
   </div>
   <div class='ocr_carea' id='block_1_68' title="bbox 103 3633 1685 3708">
    <p class='ocr_par' dir='ltr' id='par_1_68' title="bbox 103 3633 1685 3708">
     <span class='ocr_line' id='line_1_68' title="bbox 103 3633 1685 3708; baseline 0.006 -21"><span class='ocrx_word' id='word_1_524' title='bbox 103 3633 501 3703; x_wconf 66' lang='lat' dir='ltr'><strong>Aigyptiorum,</strong></span> <span class='ocrx_word' id='word_1_525' title='bbox 529 3635 576 3688; x_wconf 88' lang='lat' dir='ltr'><strong>si</strong></span> <span class='ocrx_word' id='word_1_526' title='bbox 624 3634 807 3691; x_wconf 90' lang='lat' dir='ltr'><strong>adhuc</strong></span> <span class='ocrx_word' id='word_1_527' title='bbox 852 3646 1052 3693; x_wconf 90' lang='lat' dir='ltr'><strong>terram</strong></span> <span class='ocrx_word' id='word_1_528' title='bbox 1104 3639 1432 3708; x_wconf 87' lang='lat' dir='ltr'><strong>habitarent,</strong></span> <span class='ocrx_word' id='word_1_529' title='bbox 1463 3641 1685 3698; x_wconf 90' lang='lat' dir='ltr'><strong>domino</strong></span> 
     </span>
    </p>
   </div>
   <div class='ocr_carea' id='block_1_69' title="bbox 101 3726 1684 3789">
    <p class='ocr_par' dir='ltr' id='par_1_69' title="bbox 101 3726 1684 3789">
     <span class='ocr_line' id='line_1_69' title="bbox 101 3726 1684 3789; baseline 0.008 -13"><span class='ocrx_word' id='word_1_530' title='bbox 101 3733 448 3788; x_wconf 89' lang='lat' dir='ltr'><strong>tenerentur,</strong></span> <span class='ocrx_word' id='word_1_531' title='bbox 473 3726 526 3779; x_wconf 90' lang='lat' dir='ltr'><strong>in</strong></span> <span class='ocrx_word' id='word_1_532' title='bbox 574 3736 773 3782; x_wconf 83' lang='lat' dir='ltr'><strong>terram</strong></span> <span class='ocrx_word' id='word_1_533' title='bbox 819 3738 1001 3785; x_wconf 89' lang='lat' dir='ltr'><strong>autem</strong></span> <span class='ocrx_word' id='word_1_534' title='bbox 1032 3729 1468 3787; x_wconf 73' lang='lat' dir='ltr'><strong>Chananzeorum</strong></span> <span class='ocrx_word' id='word_1_535' title='bbox 1509 3733 1684 3789; x_wconf 88' lang='lat' dir='ltr'><strong>intro-</strong></span> 
     </span>
    </p>
   </div>
   <div class='ocr_carea' id='block_1_70' title="bbox 99 3813 1684 3893">
    <p class='ocr_par' dir='ltr' id='par_1_70' title="bbox 99 3813 1684 3893">
     <span class='ocr_line' id='line_1_70' title="bbox 99 3813 1684 3893; baseline 0.008 -25"><span class='ocrx_word' id='word_1_536' title='bbox 99 3813 278 3880; x_wconf 82' lang='lat' dir='ltr'><strong>duxit,</strong></span> <span class='ocrx_word' id='word_1_537' title='bbox 311 3815 440 3883; x_wconf 89' lang='lat' dir='ltr'><strong>quia</strong></span> <span class='ocrx_word' id='word_1_538' title='bbox 475 3816 719 3886; x_wconf 83' lang='lat' dir='ltr'><strong>cxpulsis</strong></span> <span class='ocrx_word' id='word_1_539' title='bbox 748 3820 1022 3889; x_wconf 88' lang='lat' dir='ltr'><strong>gentibus,</strong></span> <span class='ocrx_word' id='word_1_540' title='bbox 1047 3836 1157 3876; x_wconf 90' lang='lat' dir='ltr'><strong>non</strong></span> <span class='ocrx_word' id='word_1_541' title='bbox 1187 3831 1343 3877; x_wconf 88' lang='lat' dir='ltr'><strong>erant</strong></span> <span class='ocrx_word' id='word_1_542' title='bbox 1365 3823 1477 3893; x_wconf 88' lang='lat' dir='ltr'><strong>jam</strong></span> <span class='ocrx_word' id='word_1_543' title='bbox 1509 3824 1563 3878; x_wconf 91' lang='lat' dir='ltr'><strong>in</strong></span> <span class='ocrx_word' id='word_1_544' title='bbox 1588 3839 1684 3879; x_wconf 88' lang='lat' dir='ltr'><strong>eo-</strong></span> 
     </span>
    </p>
   </div>
   <div class='ocr_carea' id='block_1_71' title="bbox 98 3907 1683 3982">
    <p class='ocr_par' dir='ltr' id='par_1_71' title="bbox 98 3907 1683 3982">
     <span class='ocr_line' id='line_1_71' title="bbox 98 3907 1683 3982; baseline 0.008 -23"><span class='ocrx_word' id='word_1_545' title='bbox 98 3921 220 3960; x_wconf 90' lang='lat' dir='ltr'><strong>rum</strong></span> <span class='ocrx_word' id='word_1_546' title='bbox 251 3907 481 3963; x_wconf 86' lang='lat' dir='ltr'><strong>servitio</strong></span> <span class='ocrx_word' id='word_1_547' title='bbox 515 3910 821 3982; x_wconf 88' lang='lat' dir='ltr'><strong>redigendi,</strong></span> <span class='ocrx_word' id='word_1_548' title='bbox 852 3910 947 3968; x_wconf 86' lang='lat' dir='ltr'><strong>sed</strong></span> <span class='ocrx_word' id='word_1_549' title='bbox 999 3926 1051 3974; x_wconf 91' lang='lat' dir='ltr'><strong>et</strong></span> <span class='ocrx_word' id='word_1_550' title='bbox 1083 3925 1228 3974; x_wconf 86' lang='lat' dir='ltr'><strong>terra</strong></span> <span class='ocrx_word' id='word_1_551' title='bbox 1272 3916 1565 3971; x_wconf 88' lang='lat' dir='ltr'><strong>emundata</strong></span> <span class='ocrx_word' id='word_1_552' title='bbox 1595 3931 1683 3972; x_wconf 87' lang='lat' dir='ltr'><strong>ca-</strong></span> 
     </span>
    </p>
   </div>
   <div class='ocr_carea' id='block_1_72' title="bbox 100 3996 1686 4071">
    <p class='ocr_par' dir='ltr' id='par_1_72' title="bbox 100 3996 1686 4071">
     <span class='ocr_line' id='line_1_72' title="bbox 100 3996 1686 4071; baseline 0.008 -22"><span class='ocrx_word' id='word_1_553' title='bbox 100 3996 257 4051; x_wconf 88' lang='lat' dir='ltr'><strong>rebat</strong></span> <span class='ocrx_word' id='word_1_554' title='bbox 286 3996 445 4053; x_wconf 88' lang='lat' dir='ltr'><strong>malis</strong></span> <span class='ocrx_word' id='word_1_555' title='bbox 470 3999 904 4058; x_wconf 86' lang='lat' dir='ltr'><strong>habitatoribus:</strong></span> <span class='ocrx_word' id='word_1_556' title='bbox 938 4002 1015 4057; x_wconf 89' lang='lat' dir='ltr'><strong>sic</strong></span> <span class='ocrx_word' id='word_1_557' title='bbox 1060 4017 1162 4057; x_wconf 88' lang='lat' dir='ltr'><strong>nos</strong></span> <span class='ocrx_word' id='word_1_558' title='bbox 1203 4003 1347 4060; x_wconf 89' lang='lat' dir='ltr'><strong>Deus</strong></span> <span class='ocrx_word' id='word_1_559' title='bbox 1376 4007 1478 4071; x_wconf 86' lang='lat' dir='ltr'><strong>sub</strong></span> <span class='ocrx_word' id='word_1_560' title='bbox 1510 4006 1686 4061; x_wconf 91' lang='lat' dir='ltr'><strong>domi-</strong></span> 
     </span>
    </p>
   </div>
   <div class='ocr_carea' id='block_1_73' title="bbox 98 4089 1688 4167">
    <p class='ocr_par' dir='ltr' id='par_1_73' title="bbox 98 4089 1688 4167">
     <span class='ocr_line' id='line_1_73' title="bbox 98 4089 1688 4167; baseline 0.007 -24"><span class='ocrx_word' id='word_1_561' title='bbox 98 4089 325 4145; x_wconf 85' lang='lat' dir='ltr'><strong>natione</strong></span> <span class='ocrx_word' id='word_1_562' title='bbox 357 4091 580 4160; x_wconf 86' lang='lat' dir='ltr'><strong>quidem</strong></span> <span class='ocrx_word' id='word_1_563' title='bbox 614 4091 786 4163; x_wconf 90' lang='lat' dir='ltr'><strong>redigi</strong></span> <span class='ocrx_word' id='word_1_564' title='bbox 818 4103 1165 4162; x_wconf 89' lang='lat' dir='ltr'><strong>peccatorum</strong></span> <span class='ocrx_word' id='word_1_565' title='bbox 1197 4111 1307 4150; x_wconf 91' lang='lat' dir='ltr'><strong>non</strong></span> <span class='ocrx_word' id='word_1_566' title='bbox 1343 4092 1567 4167; x_wconf 84' lang='lat' dir='ltr'><strong>patitur,</strong></span> <span class='ocrx_word' id='word_1_567' title='bbox 1594 4099 1688 4155; x_wconf 85' lang='lat' dir='ltr'><strong>sed</strong></span> 
     </span>
    </p>
   </div>
   <div class='ocr_carea' id='block_1_74' title="bbox 100 4178 1689 4257">
    <p class='ocr_par' dir='ltr' id='par_1_74' title="bbox 100 4178 1689 4257">
     <span class='ocr_line' id='line_1_74' title="bbox 100 4178 1689 4257; baseline 0.009 -28"><span class='ocrx_word' id='word_1_568' title='bbox 100 4192 279 4246; x_wconf 89' lang='lat' dir='ltr'><strong>neque</strong></span> <span class='ocrx_word' id='word_1_569' title='bbox 325 4195 516 4233; x_wconf 89' lang='lat' dir='ltr'><strong>eorum</strong></span> <span class='ocrx_word' id='word_1_570' title='bbox 552 4178 891 4248; x_wconf 87' lang='lat' dir='ltr'><strong>societatem,</strong></span> <span class='ocrx_word' id='word_1_571' title='bbox 928 4184 1229 4252; x_wconf 89' lang='lat' dir='ltr'><strong>usquedum</strong></span> <span class='ocrx_word' id='word_1_572' title='bbox 1260 4196 1388 4241; x_wconf 87' lang='lat' dir='ltr'><strong>sunt</strong></span> <span class='ocrx_word' id='word_1_573' title='bbox 1439 4198 1689 4257; x_wconf 87' lang='lat' dir='ltr'><strong>peccato-</strong></span> 
     </span>
    </p>
   </div>
   <div class='ocr_carea' id='block_1_75' title="bbox 102 4270 1689 4341">
    <p class='ocr_par' dir='ltr' id='par_1_75' title="bbox 102 4270 1689 4341">
     <span class='ocr_line' id='line_1_75' title="bbox 102 4270 1689 4341; baseline 0.009 -20"><span class='ocrx_word' id='word_1_574' title='bbox 102 4284 212 4332; x_wconf 86' lang='lat' dir='ltr'><strong>res,</strong></span> <span class='ocrx_word' id='word_1_575' title='bbox 243 4270 499 4340; x_wconf 89' lang='lat' dir='ltr'><strong>amplecti</strong></span> <span class='ocrx_word' id='word_1_576' title='bbox 521 4290 536 4339; x_wconf 88' lang='lat'><strong>;</strong></span> <span class='ocrx_word' id='word_1_577' title='bbox 558 4273 779 4341; x_wconf 89' lang='lat' dir='ltr'><strong>quando</strong></span> <span class='ocrx_word' id='word_1_578' title='bbox 806 4282 990 4329; x_wconf 87' lang='lat' dir='ltr'><strong>autem</strong></span> <span class='ocrx_word' id='word_1_579' title='bbox 1008 4274 1203 4331; x_wconf 87' lang='lat' dir='ltr'><strong>eorum</strong></span> <span class='ocrx_word' id='word_1_580' title='bbox 1226 4287 1369 4333; x_wconf 91' lang='lat' dir='ltr'><strong>terra</strong></span> <span class='ocrx_word' id='word_1_581' title='bbox 1395 4280 1689 4336; x_wconf 86' lang='lat' dir='ltr'><strong>emundata</strong></span> 
     </span>
    </p>
   </div>
   <div class='ocr_carea' id='block_1_76' title="bbox 103 4360 1691 4438">
    <p class='ocr_par' dir='ltr' id='par_1_76' title="bbox 103 4360 1691 4438">
     <span class='ocr_line' id='line_1_76' title="bbox 103 4360 1691 4438; baseline 0.009 -25"><span class='ocrx_word' id='word_1_582' title='bbox 103 4360 287 4425; x_wconf 79' lang='lat' dir='ltr'><strong>fuerit,</strong></span> <span class='ocrx_word' id='word_1_583' title='bbox 316 4365 565 4433; x_wconf 69' lang='lat' dir='ltr'><strong>praecipit</strong></span> <span class='ocrx_word' id='word_1_584' title='bbox 595 4380 720 4420; x_wconf 90' lang='lat' dir='ltr'><strong>cum</strong></span> <span class='ocrx_word' id='word_1_585' title='bbox 752 4366 833 4421; x_wconf 92' lang='lat' dir='ltr'><strong>eis</strong></span> <span class='ocrx_word' id='word_1_586' title='bbox 861 4381 1001 4434; x_wconf 89' lang='lat' dir='ltr'><strong>esse,</strong></span> <span class='ocrx_word' id='word_1_587' title='bbox 1034 4378 1091 4424; x_wconf 90' lang='lat' dir='ltr'><strong>et</strong></span> <span class='ocrx_word' id='word_1_588' title='bbox 1131 4369 1295 4425; x_wconf 90' lang='lat' dir='ltr'><strong>simul</strong></span> <span class='ocrx_word' id='word_1_589' title='bbox 1335 4371 1602 4438; x_wconf 86' lang='lat' dir='ltr'><strong>habitare,</strong></span> <span class='ocrx_word' id='word_1_590' title='bbox 1635 4381 1691 4427; x_wconf 92' lang='lat' dir='ltr'><strong>et</strong></span> 
     </span>
    </p>
   </div>
   <div class='ocr_carea' id='block_1_77' title="bbox 105 4450 1688 4527">
    <p class='ocr_par' dir='ltr' id='par_1_77' title="bbox 105 4450 1688 4527">
     <span class='ocr_line' id='line_1_77' title="bbox 105 4450 1688 4527; baseline 0.007 -21"><span class='ocrx_word' id='word_1_591' title='bbox 105 4450 232 4508; x_wconf 87' lang='lat' dir='ltr'><strong>dare</strong></span> <span class='ocrx_word' id='word_1_592' title='bbox 266 4454 348 4509; x_wconf 90' lang='lat' dir='ltr'><strong>eis</strong></span> <span class='ocrx_word' id='word_1_593' title='bbox 374 4465 620 4510; x_wconf 90' lang='lat' dir='ltr'><strong>nostram</strong></span> <span class='ocrx_word' id='word_1_594' title='bbox 660 4458 971 4527; x_wconf 85' lang='lat' dir='ltr'><strong>pecuniam,</strong></span> <span class='ocrx_word' id='word_1_595' title='bbox 1001 4470 1058 4515; x_wconf 89' lang='lat' dir='ltr'><strong>et</strong></span> <span class='ocrx_word' id='word_1_596' title='bbox 1101 4471 1321 4517; x_wconf 89' lang='lat' dir='ltr'><strong>nostros</strong></span> <span class='ocrx_word' id='word_1_597' title='bbox 1367 4461 1603 4526; x_wconf 79' lang='lat' dir='ltr'><strong>fructus,</strong></span> <span class='ocrx_word' id='word_1_598' title='bbox 1636 4464 1688 4518; x_wconf 87' lang='lat' dir='ltr'><strong>id</strong></span> 
     </span>
    </p>
   </div>
   <div class='ocr_carea' id='block_1_78' title="bbox 1785 3278 3370 3348">
    <p class='ocr_par' dir='ltr' id='par_1_78' title="bbox 1785 3278 3370 3348">
     <span class='ocr_line' id='line_1_78' title="bbox 1785 3278 3370 3348; baseline 0.008 -19"><span class='ocrx_word' id='word_1_599' title='bbox 1785 3285 1833 3330; x_wconf 89' lang='lat' dir='ltr'><strong>et</strong></span> <span class='ocrx_word' id='word_1_600' title='bbox 1866 3278 1921 3330; x_wconf 90' lang='lat' dir='ltr'><strong>in</strong></span> <span class='ocrx_word' id='word_1_601' title='bbox 1951 3295 2128 3343; x_wconf 87' lang='lat' dir='ltr'><strong>carne,</strong></span> <span class='ocrx_word' id='word_1_602' title='bbox 2158 3288 2209 3333; x_wconf 88' lang='lat' dir='ltr'><strong>et</strong></span> <span class='ocrx_word' id='word_1_603' title='bbox 2236 3280 2291 3333; x_wconf 87' lang='lat' dir='ltr'><strong>in</strong></span> <span class='ocrx_word' id='word_1_604' title='bbox 2334 3279 2558 3335; x_wconf 88' lang='lat' dir='ltr'><strong>Domino</strong></span> <span class='ocrx_word' id='word_1_605' title='bbox 2574 3280 2660 3333; x_wconf 69' lang='lat'><strong>“1&#39;</strong></span> <span class='ocrx_word' id='word_1_606' title='bbox 2694 3281 2762 3336; x_wconf 86' lang='lat' dir='ltr'><strong>Et</strong></span> <span class='ocrx_word' id='word_1_607' title='bbox 2788 3297 2980 3337; x_wconf 86' lang='lat' dir='ltr'><strong>rursus</strong></span> <span class='ocrx_word' id='word_1_608' title='bbox 3013 3301 3027 3337; x_wconf 88' lang='lat'><strong>:</strong></span> <span class='ocrx_word' id='word_1_609' title='bbox 3063 3282 3164 3348; x_wconf 84' lang='lat' dir='ltr'><strong>Qui</strong></span> <span class='ocrx_word' id='word_1_610' title='bbox 3193 3295 3370 3343; x_wconf 70' lang='lat' dir='ltr'><strong>autem</strong></span> 
     </span>
    </p>
   </div>
   <div class='ocr_carea' id='block_1_79' title="bbox 1783 3368 3372 3447">
    <p class='ocr_par' dir='ltr' id='par_1_79' title="bbox 1783 3368 3372 3447">
     <span class='ocr_line' id='line_1_79' title="bbox 1783 3368 3372 3447; baseline 0.006 -25"><span class='ocrx_word' id='word_1_611' title='bbox 1783 3368 1959 3438; x_wconf 87' lang='lat' dir='ltr'><strong>ﬁdeles</strong></span> <span class='ocrx_word' id='word_1_612' title='bbox 1997 3371 2187 3425; x_wconf 88' lang='lat' dir='ltr'><strong>habent</strong></span> <span class='ocrx_word' id='word_1_613' title='bbox 2218 3372 2454 3427; x_wconf 86' lang='lat' dir='ltr'><strong>dominos</strong></span> <span class='ocrx_word' id='word_1_614' title='bbox 2473 3415 2488 3439; x_wconf 92' lang='lat'><strong>,</strong></span> <span class='ocrx_word' id='word_1_615' title='bbox 2519 3390 2623 3427; x_wconf 85' lang='lat' dir='ltr'><strong>non</strong></span> <span class='ocrx_word' id='word_1_616' title='bbox 2655 3374 2966 3444; x_wconf 83' lang='lat' dir='ltr'><strong>despiciant,</strong></span> <span class='ocrx_word' id='word_1_617' title='bbox 3005 3377 3130 3446; x_wconf 87' lang='lat' dir='ltr'><strong>quia</strong></span> <span class='ocrx_word' id='word_1_618' title='bbox 3177 3377 3372 3447; x_wconf 85' lang='lat' dir='ltr'><strong>fratres</strong></span> 
     </span>
    </p>
   </div>
   <div class='ocr_carea' id='block_1_80' title="bbox 1784 3458 3371 3538">
    <p class='ocr_par' dir='ltr' id='par_1_80' title="bbox 1784 3458 3371 3538">
     <span class='ocr_line' id='line_1_80' title="bbox 1784 3458 3371 3538; baseline 0.007 -24"><span class='ocrx_word' id='word_1_619' title='bbox 1784 3462 1988 3515; x_wconf 81' lang='lat' dir='ltr'><strong>sunt&quot;.</strong></span> <span class='ocrx_word' id='word_1_620' title='bbox 2033 3459 2261 3532; x_wconf 88' lang='lat' dir='ltr'><strong>Insuper</strong></span> <span class='ocrx_word' id='word_1_621' title='bbox 2315 3474 2498 3520; x_wconf 87' lang='lat' dir='ltr'><strong>autem</strong></span> <span class='ocrx_word' id='word_1_622' title='bbox 2536 3474 2593 3520; x_wconf 92' lang='lat' dir='ltr'><strong>et</strong></span> <span class='ocrx_word' id='word_1_623' title='bbox 2631 3458 2856 3537; x_wconf 73' lang='lat' dir='ltr'><strong>spiritus</strong></span> <span class='ocrx_word' id='word_1_624' title='bbox 2899 3468 3159 3538; x_wconf 63' lang='lat' dir='ltr'><strong>praecepit</strong></span> <span class='ocrx_word' id='word_1_625' title='bbox 3205 3468 3371 3526; x_wconf 87' lang='lat' dir='ltr'><strong>etiam</strong></span> 
     </span>
    </p>
   </div>
   <div class='ocr_carea' id='block_1_81' title="bbox 1786 3552 3372 3631">
    <p class='ocr_par' dir='ltr' id='par_1_81' title="bbox 1786 3552 3372 3631">
     <span class='ocr_line' id='line_1_81' title="bbox 1786 3552 3372 3631; baseline 0.006 -23"><span class='ocrx_word' id='word_1_626' title='bbox 1786 3552 1954 3620; x_wconf 90' lang='lat' dir='ltr'><strong>aliud,</strong></span> <span class='ocrx_word' id='word_1_627' title='bbox 1980 3555 2196 3624; x_wconf 90' lang='lat' dir='ltr'><strong>quando</strong></span> <span class='ocrx_word' id='word_1_628' title='bbox 2231 3556 2465 3626; x_wconf 90' lang='lat' dir='ltr'><strong>aliquem</strong></span> <span class='ocrx_word' id='word_1_629' title='bbox 2508 3556 2760 3624; x_wconf 76' lang='lat' dir='ltr'><strong>fratrum,</strong></span> <span class='ocrx_word' id='word_1_630' title='bbox 2803 3568 2859 3614; x_wconf 90' lang='lat' dir='ltr'><strong>et</strong></span> <span class='ocrx_word' id='word_1_631' title='bbox 2895 3560 3162 3631; x_wconf 72' lang='lat' dir='ltr'><strong>aequalem</strong></span> <span class='ocrx_word' id='word_1_632' title='bbox 3207 3561 3372 3618; x_wconf 86' lang='lat' dir='ltr'><strong>nobis</strong></span> 
     </span>
    </p>
   </div>
   <div class='ocr_carea' id='block_1_82' title="bbox 1786 3643 3371 3719">
    <p class='ocr_par' dir='ltr' id='par_1_82' title="bbox 1786 3643 3371 3719">
     <span class='ocr_line' id='line_1_82' title="bbox 1786 3643 3371 3719; baseline 0.006 -18"><span class='ocrx_word' id='word_1_633' title='bbox 1786 3643 2074 3702; x_wconf 85' lang='lat' dir='ltr'><strong>vocatione</strong></span> <span class='ocrx_word' id='word_1_634' title='bbox 2116 3656 2174 3702; x_wconf 89' lang='lat' dir='ltr'><strong>et</strong></span> <span class='ocrx_word' id='word_1_635' title='bbox 2214 3651 2631 3705; x_wconf 87' lang='lat' dir='ltr'><strong>conversatione</strong></span> <span class='ocrx_word' id='word_1_636' title='bbox 2678 3651 2983 3719; x_wconf 85' lang='lat' dir='ltr'><strong>venditum,</strong></span> <span class='ocrx_word' id='word_1_637' title='bbox 3023 3653 3371 3711; x_wconf 82' lang='lat' dir='ltr'><strong>humiliatum</strong></span> 
     </span>
    </p>
   </div>
   <div class='ocr_carea' id='block_1_83' title="bbox 1788 3741 3364 3816">
    <p class='ocr_par' dir='ltr' id='par_1_83' title="bbox 1788 3741 3364 3816">
     <span class='ocr_line' id='line_1_83' title="bbox 1788 3741 3364 3816; baseline 0.006 -22"><span class='ocrx_word' id='word_1_638' title='bbox 1788 3747 1971 3795; x_wconf 88' lang='lat' dir='ltr'><strong>tamen</strong></span> <span class='ocrx_word' id='word_1_639' title='bbox 1999 3741 2056 3795; x_wconf 90' lang='lat' dir='ltr'><strong>iu</strong></span> <span class='ocrx_word' id='word_1_640' title='bbox 2080 3741 2392 3810; x_wconf 88' lang='lat' dir='ltr'><strong>virtutibus,</strong></span> <span class='ocrx_word' id='word_1_641' title='bbox 2418 3742 2470 3798; x_wconf 93' lang='lat' dir='ltr'><strong>id</strong></span> <span class='ocrx_word' id='word_1_642' title='bbox 2504 3753 2606 3807; x_wconf 89' lang='lat' dir='ltr'><strong>est,</strong></span> <span class='ocrx_word' id='word_1_643' title='bbox 2634 3742 2967 3803; x_wconf 80' lang='lat' dir='ltr'><strong>inﬁrmatum</strong></span> <span class='ocrx_word' id='word_1_644' title='bbox 2991 3746 3364 3816; x_wconf 63' lang='lat' dir='ltr'><strong>deprehendeo</strong></span> 
     </span>
    </p>
   </div>
   <div class='ocr_carea' id='block_1_84' title="bbox 1788 3830 3373 3908">
    <p class='ocr_par' dir='ltr' id='par_1_84' title="bbox 1788 3830 3373 3908">
     <span class='ocr_line' id='line_1_84' title="bbox 1788 3830 3373 3908; baseline 0.007 -24"><span class='ocrx_word' id='word_1_645' title='bbox 1788 3830 1981 3899; x_wconf 89' lang='lat' dir='ltr'><strong>rimus,</strong></span> <span class='ocrx_word' id='word_1_646' title='bbox 2013 3842 2069 3888; x_wconf 89' lang='lat' dir='ltr'><strong>et</strong></span> <span class='ocrx_word' id='word_1_647' title='bbox 2102 3833 2251 3889; x_wconf 86' lang='lat' dir='ltr'><strong>hunc</strong></span> <span class='ocrx_word' id='word_1_648' title='bbox 2274 3836 2727 3903; x_wconf 87' lang='lat' dir='ltr'><strong>converterimus,</strong></span> <span class='ocrx_word' id='word_1_649' title='bbox 2760 3837 3145 3908; x_wconf 88' lang='lat' dir='ltr'><strong>corripientes,</strong></span> <span class='ocrx_word' id='word_1_650' title='bbox 3180 3838 3373 3895; x_wconf 83' lang='lat' dir='ltr'><strong>exhor-</strong></span> 
     </span>
    </p>
   </div>
   <div class='ocr_carea' id='block_1_85' title="bbox 1790 3925 3370 3993">
    <p class='ocr_par' dir='ltr' id='par_1_85' title="bbox 1790 3925 3370 3993">
     <span class='ocr_line' id='line_1_85' title="bbox 1790 3925 3370 3993; baseline 0.005 -15"><span class='ocrx_word' id='word_1_651' title='bbox 1790 3932 1988 3990; x_wconf 88' lang='lat' dir='ltr'><strong>tantes,</strong></span> <span class='ocrx_word' id='word_1_652' title='bbox 2010 3925 2325 3981; x_wconf 77' lang='lat' dir='ltr'><strong>nullatenus</strong></span> <span class='ocrx_word' id='word_1_653' title='bbox 2344 3942 2412 3982; x_wconf 89' lang='lat' dir='ltr'><strong>eo</strong></span> <span class='ocrx_word' id='word_1_654' title='bbox 2446 3928 2617 3993; x_wconf 91' lang='lat' dir='ltr'><strong>abuti,</strong></span> <span class='ocrx_word' id='word_1_655' title='bbox 2647 3929 2743 3985; x_wconf 90' lang='lat' dir='ltr'><strong>sed</strong></span> <span class='ocrx_word' id='word_1_656' title='bbox 2766 3939 2824 3984; x_wconf 91' lang='lat' dir='ltr'><strong>ut</strong></span> <span class='ocrx_word' id='word_1_657' title='bbox 2849 3930 3090 3986; x_wconf 86' lang='lat' dir='ltr'><strong>modeste</strong></span> <span class='ocrx_word' id='word_1_658' title='bbox 3117 3925 3172 3985; x_wconf 75' lang='lat' dir='ltr'><strong>ei</strong></span> <span class='ocrx_word' id='word_1_659' title='bbox 3195 3932 3370 3987; x_wconf 77' lang='lat' dir='ltr'><strong>humi-</strong></span> 
     </span>
    </p>
   </div>
   <div class='ocr_carea' id='block_1_86' title="bbox 1790 4014 3373 4100">
    <p class='ocr_par' dir='ltr' id='par_1_86' title="bbox 1790 4014 3373 4100">
     <span class='ocr_line' id='line_1_86' title="bbox 1790 4014 3373 4100; baseline 0.009 -33"><span class='ocrx_word' id='word_1_660' title='bbox 1790 4014 1914 4068; x_wconf 88' lang='lat' dir='ltr'><strong>liter</strong></span> <span class='ocrx_word' id='word_1_661' title='bbox 1943 4030 2066 4070; x_wconf 88' lang='lat' dir='ltr'><strong>eum</strong></span> <span class='ocrx_word' id='word_1_662' title='bbox 2091 4016 2435 4084; x_wconf 88' lang='lat' dir='ltr'><strong>accedamus,</strong></span> <span class='ocrx_word' id='word_1_663' title='bbox 2465 4029 2687 4090; x_wconf 88' lang='lat' dir='ltr'><strong>propter</strong></span> <span class='ocrx_word' id='word_1_664' title='bbox 2724 4021 2881 4100; x_wconf 35' lang='lat' dir='ltr'><strong>quod.</strong></span> <span class='ocrx_word' id='word_1_665' title='bbox 2920 4021 2977 4078; x_wconf 89' lang='lat' dir='ltr'><strong>in</strong></span> <span class='ocrx_word' id='word_1_666' title='bbox 3016 4021 3198 4078; x_wconf 86' lang='lat' dir='ltr'><strong>verbis</strong></span> <span class='ocrx_word' id='word_1_667' title='bbox 3236 4022 3373 4096; x_wconf 87' lang='lat' dir='ltr'><strong>ipsis</strong></span> 
     </span>
    </p>
   </div>
   <div class='ocr_carea' id='block_1_87' title="bbox 1791 4105 2037 4161">
    <p class='ocr_par' dir='ltr' id='par_1_87' title="bbox 1791 4105 2037 4161">
     <span class='ocr_line' id='line_1_87' title="bbox 1791 4105 2037 4161; baseline 0.008 -2"><span class='ocrx_word' id='word_1_668' title='bbox 1791 4105 2037 4161; x_wconf 85' lang='lat' dir='ltr'><strong>intende.</strong></span> 
     </span>
    </p>
   </div>
   <div class='ocr_carea' id='block_1_88' title="bbox 1861 4196 3374 4275">
    <p class='ocr_par' dir='ltr' id='par_1_88' title="bbox 1861 4196 3374 4275">
     <span class='ocr_line' id='line_1_88' title="bbox 1861 4196 3374 4275; baseline 0.009 -22"><span class='ocrx_word' id='word_1_669' title='bbox 1861 4196 2024 4254; x_wconf 80' lang='lat' dir='ltr'><strong>Vens.</strong></span> <span class='ocrx_word' id='word_1_670' title='bbox 2058 4199 2146 4264; x_wconf 79' lang='lat'><strong>39,</strong></span> <span class='ocrx_word' id='word_1_671' title='bbox 2172 4199 2262 4255; x_wconf 66' lang='grc'><strong>40.</strong></span> <span class='ocrx_word' id='word_1_672' title='bbox 2309 4219 2328 4253; x_wconf 83' lang='grc'><strong><em>‹</em></strong></span> <span class='ocrx_word' id='word_1_673' title='bbox 2360 4199 2415 4257; x_wconf 90' lang='lat' dir='ltr'><strong>Si</strong></span> <span class='ocrx_word' id='word_1_674' title='bbox 2439 4213 2758 4274; x_wconf 90' lang='lat' dir='ltr'><strong>paupertate</strong></span> <span class='ocrx_word' id='word_1_675' title='bbox 2781 4207 3097 4275; x_wconf 88' lang='lat' dir='ltr'><strong>compulsus</strong></span> <span class='ocrx_word' id='word_1_676' title='bbox 3115 4209 3374 4267; x_wconf 84' lang='lat' dir='ltr'><strong>vendide-</strong></span> 
     </span>
    </p>
   </div>
   <div class='ocr_carea' id='block_1_89' title="bbox 1790 4288 3374 4368">
    <p class='ocr_par' dir='ltr' id='par_1_89' title="bbox 1790 4288 3374 4368">
     <span class='ocr_line' id='line_1_89' title="bbox 1790 4288 3374 4368; baseline 0.01 -25"><span class='ocrx_word' id='word_1_677' title='bbox 1790 4288 1860 4344; x_wconf 90' lang='lat' dir='ltr'><strong>rit</strong></span> <span class='ocrx_word' id='word_1_678' title='bbox 1886 4306 1946 4346; x_wconf 90' lang='lat' dir='ltr'><strong>se</strong></span> <span class='ocrx_word' id='word_1_679' title='bbox 1975 4290 2071 4347; x_wconf 94' lang='lat' dir='ltr'><strong>tibi</strong></span> <span class='ocrx_word' id='word_1_680' title='bbox 2112 4292 2283 4347; x_wconf 84' lang='lat' dir='ltr'><strong>frater</strong></span> <span class='ocrx_word' id='word_1_681' title='bbox 2306 4302 2454 4356; x_wconf 90' lang='lat' dir='ltr'><strong>tuus,</strong></span> <span class='ocrx_word' id='word_1_682' title='bbox 2483 4310 2595 4350; x_wconf 90' lang='lat' dir='ltr'><strong>non</strong></span> <span class='ocrx_word' id='word_1_683' title='bbox 2636 4312 2763 4351; x_wconf 87' lang='lat' dir='ltr'><strong>eum</strong></span> <span class='ocrx_word' id='word_1_684' title='bbox 2805 4299 3082 4368; x_wconf 89' lang='lat' dir='ltr'><strong>opprimes</strong></span> <span class='ocrx_word' id='word_1_685' title='bbox 3111 4302 3374 4359; x_wconf 83' lang='lat' dir='ltr'><strong>servitute</strong></span> 
     </span>
    </p>
   </div>
   <div class='ocr_carea' id='block_1_90' title="bbox 1797 4381 3369 4456">
    <p class='ocr_par' dir='ltr' id='par_1_90' title="bbox 1797 4381 3369 4456">
     <span class='ocr_line' id='line_1_90' title="bbox 1797 4381 3369 4456; baseline 0.006 -21"><span class='ocrx_word' id='word_1_686' title='bbox 1797 4381 2146 4447; x_wconf 82' lang='lat' dir='ltr'><strong>famulorum,</strong></span> <span class='ocrx_word' id='word_1_687' title='bbox 2167 4385 2261 4439; x_wconf 92' lang='lat' dir='ltr'><strong>sed</strong></span> <span class='ocrx_word' id='word_1_688' title='bbox 2287 4385 2443 4456; x_wconf 86' lang='lat' dir='ltr'><strong>quasi</strong></span> <span class='ocrx_word' id='word_1_689' title='bbox 2477 4388 2851 4443; x_wconf 89' lang='lat' dir='ltr'><strong>mercenarius</strong></span> <span class='ocrx_word' id='word_1_690' title='bbox 2873 4396 2929 4442; x_wconf 86' lang='lat' dir='ltr'><strong>et</strong></span> <span class='ocrx_word' id='word_1_691' title='bbox 2947 4389 3177 4446; x_wconf 91' lang='lat' dir='ltr'><strong>colonus</strong></span> <span class='ocrx_word' id='word_1_692' title='bbox 3208 4393 3334 4448; x_wconf 89' lang='lat' dir='ltr'><strong>erit.</strong></span> <span class='ocrx_word' id='word_1_693' title='bbox 3350 4412 3369 4445; x_wconf 74' lang='grc' dir='ltr'><strong>ι</strong></span> 
     </span>
    </p>
   </div>
   <div class='ocr_carea' id='block_1_91' title="bbox 1865 4475 3377 4554">
    <p class='ocr_par' dir='ltr' id='par_1_91' title="bbox 1865 4475 3377 4554">
     <span class='ocr_line' id='line_1_91' title="bbox 1865 4475 3377 4554; baseline 0.007 -26"><span class='ocrx_word' id='word_1_694' title='bbox 1865 4475 1997 4542; x_wconf 88' lang='lat' dir='ltr'><strong>Quia</strong></span> <span class='ocrx_word' id='word_1_695' title='bbox 2028 4486 2317 4546; x_wconf 88' lang='lat' dir='ltr'><strong>paupertas</strong></span> <span class='ocrx_word' id='word_1_696' title='bbox 2338 4478 2532 4533; x_wconf 80' lang='lat' dir='ltr'><strong>animae</strong></span> <span class='ocrx_word' id='word_1_697' title='bbox 2556 4488 2639 4534; x_wconf 90' lang='lat' dir='ltr'><strong>est</strong></span> <span class='ocrx_word' id='word_1_698' title='bbox 2660 4478 2945 4537; x_wconf 81' lang='lat' dir='ltr'><strong>inﬁrmitas</strong></span> <span class='ocrx_word' id='word_1_699' title='bbox 2964 4483 3377 4554; x_wconf 84' lang='lat' dir='ltr'><strong>consequenda-</strong></span> 
     </span>
    </p>
   </div>
   <div class='ocr_carea' id='block_1_92' title="bbox 104 4539 3373 4645">
    <p class='ocr_par' dir='ltr' id='par_1_92' title="bbox 104 4539 3373 4645">
     <span class='ocr_line' id='line_1_92' title="bbox 104 4539 3373 4645; baseline 0.011 -48"><span class='ocrx_word' id='word_1_700' title='bbox 104 4554 208 4645; x_wconf 71' lang='lat' dir='ltr'><strong>est,</strong></span> <span class='ocrx_word' id='word_1_701' title='bbox 244 4546 461 4603; x_wconf 90' lang='lat' dir='ltr'><strong>divinas</strong></span> <span class='ocrx_word' id='word_1_702' title='bbox 519 4550 800 4645; x_wconf 79' lang='lat' dir='ltr'><strong>doctrinas</strong></span> <span class='ocrx_word' id='word_1_703' title='bbox 855 4567 992 4622; x_wconf 90' lang='lat' dir='ltr'><strong>quas</strong></span> <span class='ocrx_word' id='word_1_704' title='bbox 1049 4555 1385 4625; x_wconf 89' lang='lat' dir='ltr'><strong>accepimus.</strong></span> <span class='ocrx_word' id='word_1_705' title='bbox 1432 4555 1537 4611; x_wconf 88' lang='lat' dir='ltr'><strong>Pro</strong></span> <span class='ocrx_word' id='word_1_706' title='bbox 1584 4557 1685 4612; x_wconf 92' lang='lat' dir='ltr'><strong>do-</strong></span> <span class='ocrx_word' id='word_1_707' title='bbox 1723 4539 1764 4594; x_wconf 78' lang='grc' dir='ltr'><strong>θ</strong></span> <span class='ocrx_word' id='word_1_708' title='bbox 1794 4539 1912 4619; x_wconf 83' lang='lat' dir='ltr'><strong>rum</strong></span> <span class='ocrx_word' id='word_1_709' title='bbox 1947 4539 2232 4631; x_wconf 72' lang='lat' dir='ltr'><strong>virtutum,</strong></span> <span class='ocrx_word' id='word_1_710' title='bbox 2262 4567 2610 4625; x_wconf 81' lang='lat' dir='ltr'><strong>manifestum</strong></span> <span class='ocrx_word' id='word_1_711' title='bbox 2641 4579 2812 4627; x_wconf 80' lang='lat' dir='ltr'><strong>estex</strong></span> <span class='ocrx_word' id='word_1_712' title='bbox 2840 4573 2947 4640; x_wconf 88' lang='lat' dir='ltr'><strong>his,</strong></span> <span class='ocrx_word' id='word_1_713' title='bbox 2977 4560 3099 4645; x_wconf 70' lang='lat' dir='ltr'><strong>qua:</strong></span> <span class='ocrx_word' id='word_1_714' title='bbox 3122 4539 3191 4630; x_wconf 61' lang='lat' dir='ltr'><strong>ad</strong></span> <span class='ocrx_word' id='word_1_715' title='bbox 3214 4573 3373 4631; x_wconf 85' lang='lat' dir='ltr'><strong>Sam-</strong></span> 
     </span>
    </p>
   </div>
   <div class='ocr_carea' id='block_1_93' title="bbox 106 4635 3377 4733">
    <p class='ocr_par' dir='ltr' id='par_1_93' title="bbox 106 4635 3377 4733">
     <span class='ocr_line' id='line_1_93' title="bbox 106 4635 3377 4733; baseline 0.01 -44"><span class='ocrx_word' id='word_1_716' title='bbox 106 4635 278 4733; x_wconf 64' lang='lat' dir='ltr'><strong>etrina</strong></span> <span class='ocrx_word' id='word_1_717' title='bbox 326 4649 511 4733; x_wconf 80' lang='lat' dir='ltr'><strong>autem</strong></span> <span class='ocrx_word' id='word_1_718' title='bbox 555 4641 877 4733; x_wconf 76' lang='lat' dir='ltr'><strong>intelligitur</strong></span> <span class='ocrx_word' id='word_1_719' title='bbox 911 4645 1166 4715; x_wconf 88' lang='lat' dir='ltr'><strong>pecunia,</strong></span> <span class='ocrx_word' id='word_1_720' title='bbox 1196 4658 1420 4718; x_wconf 89' lang='lat' dir='ltr'><strong>propter</strong></span> <span class='ocrx_word' id='word_1_721' title='bbox 1461 4651 1606 4720; x_wconf 91' lang='lat' dir='ltr'><strong>quod</strong></span> <span class='ocrx_word' id='word_1_722' title='bbox 1635 4664 1690 4708; x_wconf 91' lang='lat' dir='ltr'><strong>et</strong></span> <span class='ocrx_word' id='word_1_723' title='bbox 1791 4671 1889 4711; x_wconf 92' lang='lat' dir='ltr'><strong>son</strong></span> <span class='ocrx_word' id='word_1_724' title='bbox 1936 4657 2126 4724; x_wconf 85' lang='lat' dir='ltr'><strong>Dalila,</strong></span> <span class='ocrx_word' id='word_1_725' title='bbox 2149 4667 2206 4714; x_wconf 91' lang='lat' dir='ltr'><strong>et</strong></span> <span class='ocrx_word' id='word_1_726' title='bbox 2232 4661 2347 4728; x_wconf 90' lang='lat' dir='ltr'><strong>ipse</strong></span> <span class='ocrx_word' id='word_1_727' title='bbox 2381 4660 2448 4715; x_wconf 92' lang='lat' dir='ltr'><strong>ad</strong></span> <span class='ocrx_word' id='word_1_728' title='bbox 2479 4677 2600 4717; x_wconf 88' lang='lat' dir='ltr'><strong>eam</strong></span> <span class='ocrx_word' id='word_1_729' title='bbox 2636 4663 2898 4733; x_wconf 88' lang='lat' dir='ltr'><strong>loquitur.</strong></span> <span class='ocrx_word' id='word_1_730' title='bbox 2931 4635 3172 4720; x_wconf 57' lang='lat' dir='ltr'><strong>Noluisti</strong></span> <span class='ocrx_word' id='word_1_731' title='bbox 3199 4668 3377 4724; x_wconf 86' lang='lat' dir='ltr'><strong>dicere</strong></span> 
     </span>
    </p>
   </div>
   <div class='ocr_carea' id='block_1_94' title="bbox 104 4726 3373 4825">
    <p class='ocr_par' dir='ltr' id='par_1_94' title="bbox 104 4726 3373 4825">
     <span class='ocr_line' id='line_1_94' title="bbox 104 4726 3373 4825; baseline 0.01 -45"><span class='ocrx_word' id='word_1_732' title='bbox 104 4726 306 4825; x_wconf 48' lang='lat' dir='ltr'><strong>Paulus</strong></span> <span class='ocrx_word' id='word_1_733' title='bbox 322 4731 540 4786; x_wconf 88' lang='lat' dir='ltr'><strong>dicebat</strong></span> <span class='ocrx_word' id='word_1_734' title='bbox 570 4749 583 4785; x_wconf 91' lang='lat'><strong>:</strong></span> <span class='ocrx_word' id='word_1_735' title='bbox 608 4730 709 4797; x_wconf 84' lang='lat' dir='ltr'><strong>Qui</strong></span> <span class='ocrx_word' id='word_1_736' title='bbox 739 4736 1078 4805; x_wconf 81' lang='lat' dir='ltr'><strong>tediﬁcaverit</strong></span> <span class='ocrx_word' id='word_1_737' title='bbox 1111 4756 1267 4809; x_wconf 86' lang='lat' dir='ltr'><strong>super</strong></span> <span class='ocrx_word' id='word_1_738' title='bbox 1290 4742 1690 4811; x_wconf 82' lang='lat' dir='ltr'><strong>fundamentum</strong></span> <span class='ocrx_word' id='word_1_739' title='bbox 1791 4749 1848 4802; x_wconf 89' lang='lat' dir='ltr'><strong>in</strong></span> <span class='ocrx_word' id='word_1_740' title='bbox 1877 4766 1977 4819; x_wconf 87' lang='lat' dir='ltr'><strong>quo</strong></span> <span class='ocrx_word' id='word_1_741' title='bbox 2018 4750 2087 4803; x_wconf 89' lang='lat' dir='ltr'><strong>sit</strong></span> <span class='ocrx_word' id='word_1_742' title='bbox 2127 4726 2364 4805; x_wconf 75' lang='lat' dir='ltr'><strong>maxima</strong></span> <span class='ocrx_word' id='word_1_743' title='bbox 2399 4754 2673 4823; x_wconf 85' lang='lat' dir='ltr'><strong>fortitudo.</strong></span> <span class='ocrx_word' id='word_1_744' title='bbox 2707 4726 2943 4825; x_wconf 87' lang='lat' dir='ltr'><strong>umque</strong></span> <span class='ocrx_word' id='word_1_745' title='bbox 2971 4757 3189 4812; x_wconf 83' lang='lat' dir='ltr'><strong>molesta</strong></span> <span class='ocrx_word' id='word_1_746' title='bbox 3218 4759 3267 4812; x_wconf 86' lang='lat' dir='ltr'><strong>ei</strong></span> <span class='ocrx_word' id='word_1_747' title='bbox 3293 4774 3373 4812; x_wconf 90' lang='lat' dir='ltr'><strong>es-</strong></span> 
     </span>
    </p>
   </div>
   <div class='ocr_carea' id='block_1_95' title="bbox 106 4818 1689 4902">
    <p class='ocr_par' dir='ltr' id='par_1_95' title="bbox 106 4818 1689 4902">
     <span class='ocr_line' id='line_1_95' title="bbox 106 4818 1689 4902; baseline 0.013 -32"><span class='ocrx_word' id='word_1_748' title='bbox 106 4818 199 4871; x_wconf 82' lang='lat' dir='ltr'><strong>hoc</strong></span> <span class='ocrx_word' id='word_1_749' title='bbox 220 4859 234 4885; x_wconf 90' lang='lat'><strong>,</strong></span> <span class='ocrx_word' id='word_1_750' title='bbox 265 4836 461 4876; x_wconf 88' lang='lat' dir='ltr'><strong>aurum</strong></span> <span class='ocrx_word' id='word_1_751' title='bbox 484 4862 499 4888; x_wconf 93' lang='lat'><strong>,</strong></span> <span class='ocrx_word' id='word_1_752' title='bbox 530 4834 809 4894; x_wconf 84' lang='lat' dir='ltr'><strong>argentum</strong></span> <span class='ocrx_word' id='word_1_753' title='bbox 835 4867 850 4892; x_wconf 91' lang='lat'><strong>,</strong></span> <span class='ocrx_word' id='word_1_754' title='bbox 896 4827 1097 4899; x_wconf 84' lang='lat' dir='ltr'><strong>lapides</strong></span> <span class='ocrx_word' id='word_1_755' title='bbox 1126 4833 1377 4900; x_wconf 88' lang='lat' dir='ltr'><strong>pretiosos</strong></span> <span class='ocrx_word' id='word_1_756' title='bbox 1393 4834 1460 4902; x_wconf 78' lang='lat'><strong>&quot;,</strong></span> <span class='ocrx_word' id='word_1_757' title='bbox 1492 4834 1689 4890; x_wconf 88' lang='lat' dir='ltr'><strong>bonam</strong></span> 
     </span>
    </p>
   </div>
   <div class='ocr_carea' id='block_1_96' title="bbox 107 4907 1694 4994">
    <p class='ocr_par' dir='ltr' id='par_1_96' title="bbox 107 4907 1694 4994">
     <span class='ocr_line' id='line_1_96' title="bbox 107 4907 1694 4994; baseline 0.013 -33"><span class='ocrx_word' id='word_1_758' title='bbox 107 4907 407 4968; x_wconf 87' lang='lat' dir='ltr'><strong>doctrinam</strong></span> <span class='ocrx_word' id='word_1_759' title='bbox 457 4930 556 4985; x_wconf 90' lang='lat' dir='ltr'><strong>per</strong></span> <span class='ocrx_word' id='word_1_760' title='bbox 585 4916 703 4971; x_wconf 66' lang='lat' dir='ltr'><strong>haec</strong></span> <span class='ocrx_word' id='word_1_761' title='bbox 732 4917 989 4976; x_wconf 91' lang='lat' dir='ltr'><strong>innuens.</strong></span> <span class='ocrx_word' id='word_1_762' title='bbox 1025 4921 1141 4977; x_wconf 83' lang='lat' dir='ltr'><strong>Hoc</strong></span> <span class='ocrx_word' id='word_1_763' title='bbox 1170 4932 1354 4979; x_wconf 91' lang='lat' dir='ltr'><strong>autem</strong></span> <span class='ocrx_word' id='word_1_764' title='bbox 1389 4924 1567 4994; x_wconf 91' lang='lat' dir='ltr'><strong>ipsum</strong></span> <span class='ocrx_word' id='word_1_765' title='bbox 1606 4935 1694 4982; x_wconf 93' lang='lat' dir='ltr'><strong>est</strong></span> 
     </span>
    </p>
   </div>
   <div class='ocr_carea' id='block_1_97' title="bbox 109 5001 1693 5085">
    <p class='ocr_par' dir='ltr' id='par_1_97' title="bbox 109 5001 1693 5085">
     <span class='ocr_line' id='line_1_97' title="bbox 109 5001 1693 5085; baseline 0.013 -34"><span class='ocrx_word' id='word_1_766' title='bbox 109 5007 167 5052; x_wconf 91' lang='lat' dir='ltr'><strong>et</strong></span> <span class='ocrx_word' id='word_1_767' title='bbox 192 5001 420 5070; x_wconf 77' lang='lat' dir='ltr'><strong>fruetus,</strong></span> <span class='ocrx_word' id='word_1_768' title='bbox 447 5007 582 5070; x_wconf 88' lang='lat' dir='ltr'><strong>sive,</strong></span> <span class='ocrx_word' id='word_1_769' title='bbox 598 5016 659 5062; x_wconf 91' lang='lat' dir='ltr'><strong>ut</strong></span> <span class='ocrx_word' id='word_1_770' title='bbox 685 5009 1059 5083; x_wconf 85' lang='lat' dir='ltr'><strong>Septuaginta.</strong></span> <span class='ocrx_word' id='word_1_771' title='bbox 1075 5012 1210 5079; x_wconf 86' lang='lat' dir='ltr'><strong>cibi;</strong></span> <span class='ocrx_word' id='word_1_772' title='bbox 1229 5023 1524 5085; x_wconf 86' lang='lat' dir='ltr'><strong>utrumque</strong></span> <span class='ocrx_word' id='word_1_773' title='bbox 1545 5019 1693 5072; x_wconf 89' lang='lat' dir='ltr'><strong>enim</strong></span> 
     </span>
    </p>
   </div>
   <div class='ocr_carea' id='block_1_98' title="bbox 112 5088 1695 5172">
    <p class='ocr_par' dir='ltr' id='par_1_98' title="bbox 112 5088 1695 5172">
     <span class='ocr_line' id='line_1_98' title="bbox 112 5088 1695 5172; baseline 0.016 -31"><span class='ocrx_word' id='word_1_774' title='bbox 112 5088 217 5144; x_wconf 84' lang='lat' dir='ltr'><strong>hoc</strong></span> <span class='ocrx_word' id='word_1_775' title='bbox 242 5108 425 5152; x_wconf 88' lang='lat' dir='ltr'><strong>rursus</strong></span> <span class='ocrx_word' id='word_1_776' title='bbox 447 5099 693 5156; x_wconf 88' lang='lat' dir='ltr'><strong>invenies</strong></span> <span class='ocrx_word' id='word_1_777' title='bbox 713 5100 939 5156; x_wconf 84' lang='lat' dir='ltr'><strong>Paulum</strong></span> <span class='ocrx_word' id='word_1_778' title='bbox 961 5114 1327 5172; x_wconf 76' lang='lat' dir='ltr'><strong>exponentem</strong></span> <span class='ocrx_word' id='word_1_779' title='bbox 1346 5122 1361 5171; x_wconf 93' lang='lat'><strong>;</strong></span> <span class='ocrx_word' id='word_1_780' title='bbox 1379 5104 1695 5166; x_wconf 88' lang='lat' dir='ltr'><strong>Corinthios</strong></span> 
     </span>
    </p>
   </div>
   <div class='ocr_carea' id='block_1_99' title="bbox 115 5182 1694 5271">
    <p class='ocr_par' dir='ltr' id='par_1_99' title="bbox 115 5182 1694 5271">
     <span class='ocr_line' id='line_1_99' title="bbox 115 5182 1694 5271; baseline 0.013 -37"><span class='ocrx_word' id='word_1_781' title='bbox 115 5182 282 5249; x_wconf 90' lang='lat' dir='ltr'><strong>enim,</strong></span> <span class='ocrx_word' id='word_1_782' title='bbox 311 5187 400 5240; x_wconf 90' lang='lat' dir='ltr'><strong>alii</strong></span> <span class='ocrx_word' id='word_1_783' title='bbox 443 5190 708 5247; x_wconf 68' lang='lat' dir='ltr'><strong>doctrina:</strong></span> <span class='ocrx_word' id='word_1_784' title='bbox 755 5211 813 5251; x_wconf 89' lang='lat' dir='ltr'><strong>se</strong></span> <span class='ocrx_word' id='word_1_785' title='bbox 863 5194 1162 5263; x_wconf 88' lang='lat' dir='ltr'><strong>sociantes,</strong></span> <span class='ocrx_word' id='word_1_786' title='bbox 1189 5212 1453 5268; x_wconf 89' lang='lat' dir='ltr'><strong>suamque</strong></span> <span class='ocrx_word' id='word_1_787' title='bbox 1507 5200 1694 5271; x_wconf 87' lang='lat' dir='ltr'><strong>despi-</strong></span> 
     </span>
    </p>
   </div>
   <div class='ocr_carea' id='block_1_100' title="bbox 115 5271 1697 5376">
    <p class='ocr_par' dir='ltr' id='par_1_100' title="bbox 115 5271 1697 5376">
     <span class='ocr_line' id='line_1_100' title="bbox 115 5271 1697 5376; baseline 0.013 -51"><span class='ocrx_word' id='word_1_788' title='bbox 115 5271 340 5372; x_wconf 78' lang='lat' dir='ltr'><strong>cientes,</strong></span> <span class='ocrx_word' id='word_1_789' title='bbox 398 5284 807 5348; x_wconf 85' lang='lat' dir='ltr'><strong>reprehendens</strong></span> <span class='ocrx_word' id='word_1_790' title='bbox 855 5285 1074 5355; x_wconf 89' lang='lat' dir='ltr'><strong>scripsit</strong></span> <span class='ocrx_word' id='word_1_791' title='bbox 1108 5286 1267 5358; x_wconf 83' lang='lat' dir='ltr'><strong>:Jam</strong></span> <span class='ocrx_word' id='word_1_792' title='bbox 1316 5289 1503 5343; x_wconf 81' lang='lat' dir='ltr'><strong>satiati</strong></span> <span class='ocrx_word' id='word_1_793' title='bbox 1548 5291 1697 5376; x_wconf 55' lang='lat' dir='ltr'><strong>estis’</strong></span> 
     </span>
    </p>
   </div>
   <div class='ocr_carea' id='block_1_101' title="bbox 110 5361 1699 5452">
    <p class='ocr_par' dir='ltr' id='par_1_101' title="bbox 110 5361 1699 5452">
     <span class='ocr_line' id='line_1_101' title="bbox 110 5361 1699 5452; baseline 0.014 -38"><span class='ocrx_word' id='word_1_794' title='bbox 110 5361 227 5430; x_wconf 83' lang='lat' dir='ltr'><strong>jam</strong></span> <span class='ocrx_word' id='word_1_795' title='bbox 272 5366 452 5422; x_wconf 79' lang='lat' dir='ltr'><strong>divites</strong></span> <span class='ocrx_word' id='word_1_796' title='bbox 503 5372 632 5442; x_wconf 89' lang='lat' dir='ltr'><strong>facti</strong></span> <span class='ocrx_word' id='word_1_797' title='bbox 684 5376 823 5440; x_wconf 85' lang='lat' dir='ltr'><strong>estis,</strong></span> <span class='ocrx_word' id='word_1_798' title='bbox 856 5376 969 5430; x_wconf 86' lang='lat' dir='ltr'><strong>sine</strong></span> <span class='ocrx_word' id='word_1_799' title='bbox 1017 5378 1164 5432; x_wconf 82' lang='lat' dir='ltr'><strong>nobis</strong></span> <span class='ocrx_word' id='word_1_800' title='bbox 1211 5380 1526 5449; x_wconf 79' lang='lat' dir='ltr'><strong>regnatis&quot;.</strong></span> <span class='ocrx_word' id='word_1_801' title='bbox 1557 5361 1699 5452; x_wconf 63' lang='lat' dir='ltr'><strong>Ergt;</strong></span> 
     </span>
    </p>
   </div>
   <div class='ocr_carea' id='block_1_102' title="bbox 117 5453 1701 5538">
    <p class='ocr_par' dir='ltr' id='par_1_102' title="bbox 117 5453 1701 5538">
     <span class='ocr_line' id='line_1_102' title="bbox 117 5453 1701 5538; baseline 0.013 -30"><span class='ocrx_word' id='word_1_802' title='bbox 117 5453 414 5513; x_wconf 86' lang='lat' dir='ltr'><strong>doctrinam</strong></span> <span class='ocrx_word' id='word_1_803' title='bbox 441 5475 540 5530; x_wconf 87' lang='lat' dir='ltr'><strong>per</strong></span> <span class='ocrx_word' id='word_1_804' title='bbox 570 5465 859 5529; x_wconf 81' lang='lat' dir='ltr'><strong>pecuniam</strong></span> <span class='ocrx_word' id='word_1_805' title='bbox 886 5475 942 5522; x_wconf 89' lang='lat' dir='ltr'><strong>et</strong></span> <span class='ocrx_word' id='word_1_806' title='bbox 970 5466 1201 5536; x_wconf 80' lang='lat' dir='ltr'><strong>fructus,</strong></span> <span class='ocrx_word' id='word_1_807' title='bbox 1235 5471 1374 5538; x_wconf 89' lang='lat' dir='ltr'><strong>sive,</strong></span> <span class='ocrx_word' id='word_1_808' title='bbox 1396 5472 1701 5529; x_wconf 88' lang='lat' dir='ltr'><strong>secundum</strong></span> 
     </span>
    </p>
   </div>
   <div class='ocr_carea' id='block_1_103' title="bbox 1791 4839 3374 4917">
    <p class='ocr_par' dir='ltr' id='par_1_103' title="bbox 1791 4839 3374 4917">
     <span class='ocr_line' id='line_1_103' title="bbox 1791 4839 3374 4917; baseline 0.007 -24"><span class='ocrx_word' id='word_1_809' title='bbox 1791 4847 1889 4902; x_wconf 86' lang='lat' dir='ltr'><strong>set,</strong></span> <span class='ocrx_word' id='word_1_810' title='bbox 1917 4848 1963 4891; x_wconf 93' lang='lat' dir='ltr'><strong>et</strong></span> <span class='ocrx_word' id='word_1_811' title='bbox 1991 4854 2084 4906; x_wconf 89' lang='lat' dir='ltr'><strong>per</strong></span> <span class='ocrx_word' id='word_1_812' title='bbox 2112 4839 2302 4893; x_wconf 87' lang='lat' dir='ltr'><strong>multos</strong></span> <span class='ocrx_word' id='word_1_813' title='bbox 2333 4841 2444 4893; x_wconf 86' lang='lat' dir='ltr'><strong>dies</strong></span> <span class='ocrx_word' id='word_1_814' title='bbox 2459 4840 2663 4909; x_wconf 84' lang='lat' dir='ltr'><strong>jugiter</strong></span> <span class='ocrx_word' id='word_1_815' title='bbox 2699 4842 3008 4908; x_wconf 77' lang='lat' dir='ltr'><strong>adluereret,</strong></span> <span class='ocrx_word' id='word_1_816' title='bbox 3037 4847 3270 4917; x_wconf 81' lang='lat' dir='ltr'><strong>spatium</strong></span> <span class='ocrx_word' id='word_1_817' title='bbox 3302 4855 3374 4904; x_wconf 78' lang='lat' dir='ltr'><strong>ad</strong></span> 
     </span>
    </p>
   </div>
   <div class='ocr_carea' id='block_1_104' title="bbox 1795 4927 3373 5004">
    <p class='ocr_par' dir='ltr' id='par_1_104' title="bbox 1795 4927 3373 5004">
     <span class='ocr_line' id='line_1_104' title="bbox 1795 4927 3373 5004; baseline 0.008 -22"><span class='ocrx_word' id='word_1_818' title='bbox 1795 4927 2014 5000; x_wconf 86' lang='lat' dir='ltr'><strong>quietem</strong></span> <span class='ocrx_word' id='word_1_819' title='bbox 2044 4944 2145 4982; x_wconf 85' lang='lat' dir='ltr'><strong>non</strong></span> <span class='ocrx_word' id='word_1_820' title='bbox 2171 4928 2424 4995; x_wconf 87' lang='lat' dir='ltr'><strong>tribuens,</strong></span> <span class='ocrx_word' id='word_1_821' title='bbox 2452 4940 2576 4987; x_wconf 86' lang='lat' dir='ltr'><strong>tunc</strong></span> <span class='ocrx_word' id='word_1_822' title='bbox 2599 4933 2839 5000; x_wconf 87' lang='lat' dir='ltr'><strong>aperiens</strong></span> <span class='ocrx_word' id='word_1_823' title='bbox 2867 4937 3137 4991; x_wconf 74' lang='lat' dir='ltr'><strong>veritatem</strong></span> <span class='ocrx_word' id='word_1_824' title='bbox 3164 4939 3259 5004; x_wconf 88' lang='lat' dir='ltr'><strong>rei,</strong></span> <span class='ocrx_word' id='word_1_825' title='bbox 3288 4940 3373 4993; x_wconf 83' lang='lat' dir='ltr'><strong>tli-</strong></span> 
     </span>
    </p>
   </div>
   <div class='ocr_carea' id='block_1_105' title="bbox 1793 5020 3375 5101">
    <p class='ocr_par' dir='ltr' id='par_1_105' title="bbox 1793 5020 3375 5101">
     <span class='ocr_line' id='line_1_105' title="bbox 1793 5020 3375 5101; baseline 0.008 -26"><span class='ocrx_word' id='word_1_826' title='bbox 1793 5020 1873 5075; x_wconf 69' lang='grc' dir='ltr'><strong>πίε</strong></span> <span class='ocrx_word' id='word_1_827' title='bbox 1905 5020 1977 5073; x_wconf 87' lang='lat' dir='ltr'><strong>ad</strong></span> <span class='ocrx_word' id='word_1_828' title='bbox 2005 5035 2121 5074; x_wconf 83' lang='lat' dir='ltr'><strong>eam</strong></span> <span class='ocrx_word' id='word_1_829' title='bbox 2151 5036 2171 5074; x_wconf 70' lang='grc' dir='ltr'><strong><em>ε</em></strong></span> <span class='ocrx_word' id='word_1_830' title='bbox 2192 5020 2414 5076; x_wconf 85' lang='lat' dir='ltr'><strong>Ferrum</strong></span> <span class='ocrx_word' id='word_1_831' title='bbox 2453 5039 2722 5096; x_wconf 83' lang='lat' dir='ltr'><strong>nunquam</strong></span> <span class='ocrx_word' id='word_1_832' title='bbox 2764 5026 2995 5080; x_wconf 85' lang='lat' dir='ltr'><strong>ascendit</strong></span> <span class='ocrx_word' id='word_1_833' title='bbox 3031 5044 3188 5096; x_wconf 84' lang='lat' dir='ltr'><strong>super</strong></span> <span class='ocrx_word' id='word_1_834' title='bbox 3217 5040 3375 5101; x_wconf 79' lang='lat' dir='ltr'><strong>caput</strong></span> 
     </span>
    </p>
   </div>
   <div class='ocr_carea' id='block_1_106' title="bbox 1797 5111 3372 5187">
    <p class='ocr_par' dir='ltr' id='par_1_106' title="bbox 1797 5111 3372 5187">
     <span class='ocr_line' id='line_1_106' title="bbox 1797 5111 3372 5187; baseline 0.009 -24"><span class='ocrx_word' id='word_1_835' title='bbox 1797 5126 1990 5173; x_wconf 87' lang='lat' dir='ltr'><strong>meum,</strong></span> <span class='ocrx_word' id='word_1_836' title='bbox 2032 5111 2157 5182; x_wconf 86' lang='lat' dir='ltr'><strong>quia</strong></span> <span class='ocrx_word' id='word_1_837' title='bbox 2192 5111 2506 5180; x_wconf 75' lang='lat' dir='ltr'><strong>Nazaru&#39;us,</strong></span> <span class='ocrx_word' id='word_1_838' title='bbox 2533 5116 2587 5169; x_wconf 89' lang='lat' dir='ltr'><strong>id</strong></span> <span class='ocrx_word' id='word_1_839' title='bbox 2615 5125 2711 5182; x_wconf 88' lang='lat' dir='ltr'><strong>est,</strong></span> <span class='ocrx_word' id='word_1_840' title='bbox 2743 5129 3074 5174; x_wconf 80' lang='lat' dir='ltr'><strong>consecratus</strong></span> <span class='ocrx_word' id='word_1_841' title='bbox 3098 5119 3208 5174; x_wconf 90' lang='lat' dir='ltr'><strong>Deo</strong></span> <span class='ocrx_word' id='word_1_842' title='bbox 3231 5139 3372 5187; x_wconf 80' lang='lat' dir='ltr'><strong>sum,</strong></span> 
     </span>
    </p>
   </div>
   <div class='ocr_carea' id='block_1_107' title="bbox 1798 5204 3375 5283">
    <p class='ocr_par' dir='ltr' id='par_1_107' title="bbox 1798 5204 3375 5283">
     <span class='ocr_line' id='line_1_107' title="bbox 1798 5204 3375 5283; baseline 0.009 -27"><span class='ocrx_word' id='word_1_843' title='bbox 1798 5204 1861 5256; x_wconf 89' lang='lat' dir='ltr'><strong>de</strong></span> <span class='ocrx_word' id='word_1_844' title='bbox 1892 5210 2039 5256; x_wconf 89' lang='lat' dir='ltr'><strong>utero</strong></span> <span class='ocrx_word' id='word_1_845' title='bbox 2080 5206 2268 5259; x_wconf 89' lang='lat' dir='ltr'><strong>matris</strong></span> <span class='ocrx_word' id='word_1_846' title='bbox 2296 5222 2441 5262; x_wconf 67' lang='lat' dir='ltr'><strong>mete.</strong></span> <span class='ocrx_word' id='word_1_847' title='bbox 2478 5206 2541 5263; x_wconf 86' lang='lat' dir='ltr'><strong>Si</strong></span> <span class='ocrx_word' id='word_1_848' title='bbox 2576 5225 2758 5264; x_wconf 87' lang='lat' dir='ltr'><strong>rasum</strong></span> <span class='ocrx_word' id='word_1_849' title='bbox 2793 5210 2951 5279; x_wconf 86' lang='lat' dir='ltr'><strong>fuerit</strong></span> <span class='ocrx_word' id='word_1_850' title='bbox 2979 5222 3135 5283; x_wconf 87' lang='lat' dir='ltr'><strong>caput</strong></span> <span class='ocrx_word' id='word_1_851' title='bbox 3180 5231 3375 5281; x_wconf 79' lang='lat' dir='ltr'><strong>meum,</strong></span> 
     </span>
    </p>
   </div>
   <div class='ocr_carea' id='block_1_108' title="bbox 1800 5294 3376 5379">
    <p class='ocr_par' dir='ltr' id='par_1_108' title="bbox 1800 5294 3376 5379">
     <span class='ocr_line' id='line_1_108' title="bbox 1800 5294 3376 5379; baseline 0.011 -33"><span class='ocrx_word' id='word_1_852' title='bbox 1800 5294 2001 5347; x_wconf 89' lang='lat' dir='ltr'><strong>recedet</strong></span> <span class='ocrx_word' id='word_1_853' title='bbox 2039 5311 2072 5348; x_wconf 90' lang='lat' dir='ltr'><strong>a</strong></span> <span class='ocrx_word' id='word_1_854' title='bbox 2121 5311 2203 5350; x_wconf 89' lang='lat' dir='ltr'><strong>me</strong></span> <span class='ocrx_word' id='word_1_855' title='bbox 2234 5297 2484 5365; x_wconf 86' lang='lat' dir='ltr'><strong>fortitudo</strong></span> <span class='ocrx_word' id='word_1_856' title='bbox 2536 5316 2674 5366; x_wconf 90' lang='lat' dir='ltr'><strong>mea,</strong></span> <span class='ocrx_word' id='word_1_857' title='bbox 2704 5310 2753 5356; x_wconf 90' lang='lat' dir='ltr'><strong>et</strong></span> <span class='ocrx_word' id='word_1_858' title='bbox 2799 5301 3061 5373; x_wconf 83' lang='lat' dir='ltr'><strong>deﬁciam,</strong></span> <span class='ocrx_word' id='word_1_859' title='bbox 3096 5321 3285 5378; x_wconf 82' lang='lat' dir='ltr'><strong>eraque</strong></span> <span class='ocrx_word' id='word_1_860' title='bbox 3318 5318 3376 5379; x_wconf 76' lang='lat' dir='ltr'><strong>ut</strong></span> 
     </span>
    </p>
   </div>
   <div class='ocr_carea' id='block_1_109' title="bbox 1802 5385 3377 5453">
    <p class='ocr_par' dir='ltr' id='par_1_109' title="bbox 1802 5385 3377 5453">
     <span class='ocr_line' id='line_1_109' title="bbox 1802 5385 3377 5453; baseline 0.01 -16"><span class='ocrx_word' id='word_1_861' title='bbox 1802 5385 1975 5438; x_wconf 64' lang='grc' dir='ltr'><strong>σαντενὶ</strong></span> <span class='ocrx_word' id='word_1_862' title='bbox 2009 5385 2239 5440; x_wconf 82' lang='lat' dir='ltr'><strong>homines</strong></span> <span class='ocrx_word' id='word_1_863' title='bbox 2255 5385 2318 5440; x_wconf 77' lang='grc'><strong>’⁸.</strong></span> <span class='ocrx_word' id='word_1_864' title='bbox 2343 5387 2471 5443; x_wconf 90' lang='lat' dir='ltr'><strong>Post</strong></span> <span class='ocrx_word' id='word_1_865' title='bbox 2505 5388 2640 5453; x_wconf 64' lang='lat' dir='ltr'><strong>haec,</strong></span> <span class='ocrx_word' id='word_1_866' title='bbox 2671 5390 2895 5448; x_wconf 87' lang='lat' dir='ltr'><strong>historia</strong></span> <span class='ocrx_word' id='word_1_867' title='bbox 2927 5392 3165 5449; x_wconf 81' lang='lat' dir='ltr'><strong>subdidit</strong></span> <span class='ocrx_word' id='word_1_868' title='bbox 3199 5412 3214 5448; x_wconf 86' lang='lat'><strong>:</strong></span> <span class='ocrx_word' id='word_1_869' title='bbox 3241 5393 3377 5453; x_wconf 78' lang='lat' dir='ltr'><strong>Item</strong></span> 
     </span>
    </p>
   </div>
   <div class='ocr_carea' id='block_1_110' title="bbox 1804 5474 3374 5551">
    <p class='ocr_par' dir='ltr' id='par_1_110' title="bbox 1804 5474 3374 5551">
     <span class='ocr_line' id='line_1_110' title="bbox 1804 5474 3374 5551; baseline 0.01 -24"><span class='ocrx_word' id='word_1_870' title='bbox 1804 5482 1861 5528; x_wconf 87' lang='lat' dir='ltr'><strong>at</strong></span> <span class='ocrx_word' id='word_1_871' title='bbox 1893 5474 1986 5528; x_wconf 90' lang='lat' dir='ltr'><strong>illa</strong></span> <span class='ocrx_word' id='word_1_872' title='bbox 2020 5475 2250 5530; x_wconf 85' lang='lat' dir='ltr'><strong>dormire</strong></span> <span class='ocrx_word' id='word_1_873' title='bbox 2276 5493 2393 5531; x_wconf 88' lang='lat' dir='ltr'><strong>eum</strong></span> <span class='ocrx_word' id='word_1_874' title='bbox 2422 5479 2540 5549; x_wconf 84' lang='lat' dir='ltr'><strong>fecit</strong></span> <span class='ocrx_word' id='word_1_875' title='bbox 2560 5496 2716 5551; x_wconf 87' lang='lat' dir='ltr'><strong>super</strong></span> <span class='ocrx_word' id='word_1_876' title='bbox 2744 5497 2912 5550; x_wconf 88' lang='lat' dir='ltr'><strong>genua</strong></span> <span class='ocrx_word' id='word_1_877' title='bbox 2952 5500 3071 5551; x_wconf 89' lang='lat' dir='ltr'><strong>sua,</strong></span> <span class='ocrx_word' id='word_1_878' title='bbox 3102 5493 3150 5539; x_wconf 88' lang='lat' dir='ltr'><strong>et</strong></span> <span class='ocrx_word' id='word_1_879' title='bbox 3176 5486 3232 5540; x_wconf 89' lang='lat' dir='ltr'><strong>in</strong></span> <span class='ocrx_word' id='word_1_880' title='bbox 3256 5487 3374 5542; x_wconf 87' lang='lat' dir='ltr'><strong>sinu</strong></span> 
     </span>
    </p>
   </div>
   <div class='ocr_carea' id='block_1_111' title="bbox 122 5627 3371 5752">
    <p class='ocr_par' dir='ltr' id='par_1_111' title="bbox 122 5627 3371 5752">
     <span class='ocr_line' id='line_1_111' title="bbox 190 5627 3371 5726; baseline 0.008 -41"><span class='ocrx_word' id='word_1_881' title='bbox 190 5627 591 5717; x_wconf 62' lang='lat' dir='ltr'><strong>“Matth.xvai,</strong></span> <span class='ocrx_word' id='word_1_882' title='bbox 619 5640 710 5696; x_wconf 75' lang='lat' dir='ltr'><strong>2i.</strong></span> <span class='ocrx_word' id='word_1_883' title='bbox 754 5641 796 5673; x_wconf 81' lang='lat'><strong>“</strong></span> <span class='ocrx_word' id='word_1_884' title='bbox 829 5641 993 5697; x_wconf 85' lang='lat' dir='ltr'><strong>ICor.</strong></span> <span class='ocrx_word' id='word_1_885' title='bbox 1024 5659 1100 5707; x_wconf 79' lang='lat' dir='ltr'><strong>rx,</strong></span> <span class='ocrx_word' id='word_1_886' title='bbox 1124 5643 1216 5699; x_wconf 72' lang='lat'><strong>22.</strong></span> <span class='ocrx_word' id='word_1_887' title='bbox 1283 5646 1328 5677; x_wconf 81' lang='grc'><strong>¹⁰</strong></span> <span class='ocrx_word' id='word_1_888' title='bbox 1361 5645 1551 5701; x_wconf 81' lang='lat' dir='ltr'><strong>Matth.</strong></span> <span class='ocrx_word' id='word_1_889' title='bbox 1584 5664 1713 5712; x_wconf 68' lang='lat' dir='ltr'><strong>xxv,</strong></span> <span class='ocrx_word' id='word_1_890' title='bbox 1742 5651 1832 5705; x_wconf 75' lang='lat'><strong>27.</strong></span> <span class='ocrx_word' id='word_1_891' title='bbox 1871 5651 1962 5706; x_wconf 77' lang='lat' dir='ltr'><strong>“I</strong></span> <span class='ocrx_word' id='word_1_892' title='bbox 1993 5650 2118 5706; x_wconf 78' lang='lat' dir='ltr'><strong>Cor.</strong></span> <span class='ocrx_word' id='word_1_893' title='bbox 2146 5667 2200 5719; x_wconf 90' lang='lat' dir='ltr'><strong>v,</strong></span> <span class='ocrx_word' id='word_1_894' title='bbox 2233 5650 2317 5721; x_wconf 90' lang='lat' dir='ltr'><strong>l0,</strong></span> <span class='ocrx_word' id='word_1_895' title='bbox 2358 5650 2441 5705; x_wconf 82' lang='lat' dir='ltr'><strong>ll.</strong></span> <span class='ocrx_word' id='word_1_896' title='bbox 2485 5652 2529 5684; x_wconf 78' lang='grc'>²¹</span> <span class='ocrx_word' id='word_1_897' title='bbox 2561 5651 2734 5712; x_wconf 83' lang='lat' dir='ltr'><strong>ICor.</strong></span> <span class='ocrx_word' id='word_1_898' title='bbox 2769 5671 2850 5723; x_wconf 87' lang='lat' dir='ltr'><strong>Ill,</strong></span> <span class='ocrx_word' id='word_1_899' title='bbox 2881 5658 2977 5717; x_wconf 70' lang='grc'><strong>12..</strong></span> <span class='ocrx_word' id='word_1_900' title='bbox 3021 5658 3068 5692; x_wconf 66' lang='grc'><strong><em>’³</em></strong></span> <span class='ocrx_word' id='word_1_901' title='bbox 3094 5661 3257 5723; x_wconf 84' lang='lat' dir='ltr'><strong>ICor.</strong></span> <span class='ocrx_word' id='word_1_902' title='bbox 3291 5674 3371 5726; x_wconf 86' lang='lat' dir='ltr'><strong>tv,</strong></span> 
     </span>
     <span class='ocr_line' id='line_1_112' title="bbox 122 5693 2024 5752; baseline 0 0"><span class='ocrx_word' id='word_1_903' title='bbox 122 5693 174 5752; x_wconf 77' lang='lat'><strong>3.</strong></span> <span class='ocrx_word' id='word_1_904' title='bbox 265 5701 315 5734; x_wconf 69' lang='grc'><strong>³⁸</strong></span> <span class='ocrx_word' id='word_1_905' title='bbox 343 5702 569 5752; x_wconf 70' lang='lat' dir='ltr'><strong>Philem-</strong></span> <span class='ocrx_word' id='word_1_906' title='bbox 607 5726 675 5752; x_wconf 68' lang='lat' dir='ltr'><strong>vv</strong></span> <span class='ocrx_word' id='word_1_907' title='bbox 739 5711 799 5752; x_wconf 70' lang='lat' dir='ltr'><strong>l6</strong></span> <span class='ocrx_word' id='word_1_908' title='bbox 894 5712 976 5752; x_wconf 74' lang='lat' dir='ltr'><strong>NI</strong></span> <span class='ocrx_word' id='word_1_909' title='bbox 1013 5712 1132 5752; x_wconf 81' lang='lat' dir='ltr'><strong>&#39;l&#39;im</strong></span> <span class='ocrx_word' id='word_1_910' title='bbox 1192 5732 1243 5752; x_wconf 73' lang='grc' dir='ltr'><strong>ν.</strong></span> <span class='ocrx_word' id='word_1_911' title='bbox 1297 5715 1331 5751; x_wconf 73' lang='lat'><strong>9</strong></span> <span class='ocrx_word' id='word_1_912' title='bbox 1423 5718 1468 5749; x_wconf 80' lang='lat' dir='ltr'><strong>ss</strong></span> <span class='ocrx_word' id='word_1_913' title='bbox 1502 5717 1653 5752; x_wconf 69' lang='lat' dir='ltr'><strong>Imm.</strong></span> <span class='ocrx_word' id='word_1_914' title='bbox 1704 5733 1792 5752; x_wconf 66' lang='grc' dir='ltr'><strong>ν...</strong></span> <span class='ocrx_word' id='word_1_915' title='bbox 1843 5720 1908 5752; x_wconf 72' lang='lat' dir='ltr'><strong>ta</strong></span> <span class='ocrx_word' id='word_1_916' title='bbox 1964 5720 2024 5752; x_wconf 70' lang='grc' dir='ltr'>η</span> 
     </span>
    </p>
   </div>
   <div class='ocr_carea' id='block_1_112' title="bbox 159 5701 1352 5783">
    <p class='ocr_par' dir='ltr' id='par_1_112' title="bbox 159 5701 1352 5783">
     <span class='ocr_line' id='line_1_113' title="bbox 159 5701 1352 5783; baseline 0.017 -33"><span class='ocrx_word' id='word_1_917' title='bbox 159 5734 174 5750; x_wconf 94' lang='grc'><strong>.</strong></span> <span class='ocrx_word' id='word_1_918' title='bbox 265 5701 315 5734; x_wconf 70' lang='grc'><strong>³⁸</strong></span> <span class='ocrx_word' id='word_1_919' title='bbox 342 5701 695 5776; x_wconf 54' lang='grc' dir='ltr'><strong>ΡιιὶΙεωζιίν,</strong></span> <span class='ocrx_word' id='word_1_920' title='bbox 739 5711 820 5766; x_wconf 88' lang='grc'><strong>16.</strong></span> <span class='ocrx_word' id='word_1_921' title='bbox 894 5712 978 5765; x_wconf 79' lang='lat' dir='ltr'><strong>&quot;I</strong></span> <span class='ocrx_word' id='word_1_922' title='bbox 1013 5701 1157 5769; x_wconf 80' lang='lat' dir='ltr'><strong>Tim.</strong></span> <span class='ocrx_word' id='word_1_923' title='bbox 1192 5732 1265 5783; x_wconf 75' lang='lat' dir='ltr'><strong>vr,</strong></span> <span class='ocrx_word' id='word_1_924' title='bbox 1297 5715 1352 5770; x_wconf 75' lang='lat'><strong>9..</strong></span> 
     </span>
    </p>
   </div>
   <div class='ocr_carea' id='block_1_113' title="bbox 313 5792 993 5864">
    <p class='ocr_par' dir='ltr' id='par_1_113' title="bbox 313 5792 993 5864">
     <span class='ocr_line' id='line_1_114' title="bbox 313 5792 993 5864; baseline 0.012 -9"><span class='ocrx_word' id='word_1_925' title='bbox 313 5792 562 5860; x_wconf 74' lang='grc' dir='ltr'><strong>ΡΑΤιιοι.</strong></span> <span class='ocrx_word' id='word_1_926' title='bbox 622 5803 738 5864; x_wconf 81' lang='lat' dir='ltr'><strong>Gn.</strong></span> <span class='ocrx_word' id='word_1_927' title='bbox 790 5802 993 5863; x_wconf 80' lang='lat' dir='ltr'><strong>XCIII.</strong></span> 
     </span>
    </p>
   </div>
   <div class='ocr_carea' id='block_1_114' title="bbox 1423 5717 2048 5791">
    <p class='ocr_par' dir='ltr' id='par_1_114' title="bbox 1423 5717 2048 5791">
     <span class='ocr_line' id='line_1_115' title="bbox 1423 5717 2048 5791; baseline 0.006 -18"><span class='ocrx_word' id='word_1_928' title='bbox 1423 5718 1468 5749; x_wconf 79' lang='lat'>&quot;</span> <span class='ocrx_word' id='word_1_929' title='bbox 1492 5717 1674 5775; x_wconf 81' lang='lat' dir='ltr'><strong>ludic.</strong></span> <span class='ocrx_word' id='word_1_930' title='bbox 1704 5733 1814 5790; x_wconf 82' lang='lat' dir='ltr'><strong>xvi,</strong></span> <span class='ocrx_word' id='word_1_931' title='bbox 1843 5720 1933 5791; x_wconf 69' lang='lat'><strong>16,</strong></span> <span class='ocrx_word' id='word_1_932' title='bbox 1964 5720 2048 5777; x_wconf 88' lang='lat' dir='ltr'><strong>l7.</strong></span> 
     </span>
    </p>
   </div>
   <div class='ocr_carea' id='block_1_115' title="bbox 2976 5822 3049 5884">
    <p class='ocr_par' dir='ltr' id='par_1_115' title="bbox 2976 5822 3049 5884">
     <span class='ocr_line' id='line_1_116' title="bbox 2976 5822 3049 5884; baseline 0.014 -1"><span class='ocrx_word' id='word_1_933' title='bbox 2976 5822 3049 5884; x_wconf 84' lang='lat'><strong>36</strong></span> 
     </span>
    </p>
   </div>
  </div>
