3810 6318
439 255 572 325 H3!

435 388 531 427 suo
558 369 816 426 reclinare
846 377 1022 440 caput.
1054 368 1360 439 Vocavitque
1388 376 1669 437 tonsorem,
1699 377 1750 422 et
1775 368 1907 423 rasit
1934 384 2018 422 εε-
2050 372 2097 428 Α

438 471 576 531 ptem
602 463 771 518 crines
804 461 916 532 ejus
935 504 951 529 ,
980 471 1029 516 et
1074 463 1225 531 coepit
1257 461 1488 531 abjicere
1520 477 1638 516 eum
1667 477 1700 517 a
1724 477 1800 528 se,
1827 470 1876 516 et
1904 477 1936 514 a
1964 476 2019 515 se

439 556 708 626 repellere.
737 554 930 612 Statim
954 557 1092 611 enim
1118 556 1184 610 ab
1222 572 1281 610 eo
1310 555 1563 624 fortitudo
1587 557 1839 621 discessit,
1855 556 2019 609 dixit-

438 664 538 719 que
566 664 584 702 :
610 646 781 716 Super
825 656 875 701 te
903 647 1211 702 Philistiim.
1239 645 1341 712 Qui
1374 647 1438 701 de
1469 662 1650 702 somno
1682 661 2015 716 consurgens,

438 740 572 795 dixit
604 740 864 794 inanimo
894 755 989 793 suo
1030 755 1048 794 :
1085 738 1347 809 Egrediar
1393 739 1527 793 sicut
1556 747 1681 794 ante
1709 739 1829 810 feci,
1861 747 1909 792 et
1938 754 2021 791 me

441 834 721 899 excutiam,
751 831 981 886 nesciens
1015 832 1153 901 quod
1187 829 1443 886 Dominus
1465 831 1752 886 recessisset
1779 831 1845 885 ab
1874 846 1933 885 eo
1951 830 2018 885 ³⁷.

442 909 549 975 Sed
569 921 621 974 in
640 917 989 990 Septuaginta
1006 919 1264 986 editione,
1287 935 1410 975 cum
1445 920 1537 975 hic
1564 920 1817 976 dixisset:
1834 917 1892 974 Si
1920 919 2023 973 hu-

440 1011 676 1066 miliatus
702 1012 860 1082 fuerit
889 1015 1055 1083 frater
1081 1021 1200 1066 tuus
1224 1028 1242 1067 :
1263 1027 1372 1067 non
1391 1012 1551 1072 dixit.
1574 1028 1607 1065 a
1638 1021 1708 1077 te,
1732 1010 1851 1076 sed,
1876 1014 2020 1081 apud

441 1112 531 1158 te:
559 1119 685 1159 nam
721 1103 826 1159 etsi
857 1104 1140 1159 nobiscum
1170 1113 1304 1169 erat,
1337 1105 1433 1159 sed
1464 1118 1568 1158 nos
1596 1118 1705 1158 non
1743 1103 1794 1157 ei
1829 1118 2019 1158 sumus

438 1180 566 1253 iacti
611 1196 1003 1251 humiliationis
1047 1210 1232 1251 causa.
1301 1194 1422 1266 Ipse
1469 1204 1649 1250 autem
1694 1194 2016 1266 negligens,

439 1289 796 1360 semetipsum
827 1287 1155 1353 humiliavit,
1187 1295 1243 1341 et
1266 1286 1521 1342 venditus
1551 1296 1652 1351 est,
1682 1300 1791 1340 non
1828 1286 2020 1340 vendi-

440 1381 587 1437 tione
617 1380 708 1434 illa
759 1379 828 1435 de
857 1393 964 1448 qua
1013 1377 1159 1433 Elias
1204 1377 1271 1432 ad
1320 1377 1506 1432 Achab
1534 1377 1768 1432 dicebat.
1798 1375 2022 1432 Dicebat

441 1472 587 1526 enim
618 1472 669 1525 ei
700 1490 713 1525 :
747 1470 889 1525 Nunt
922 1471 1166 1525 invenisti
1201 1486 1282 1524 me
1315 1470 1588 1523 inimicum
1619 1470 1746 1524 tibi?
1775 1470 2022 1540 Respon-

438 1563 518 1618 dit
554 1580 567 1616 :
600 1562 801 1627 Inveni,
836 1578 894 1615 eo
915 1562 1062 1632 ‘quod
1093 1562 1417 1616 venundatus
1447 1579 1499 1616 es
1525 1564 1696 1631 facere
1740 1564 1940 1618 malum
1966 1565 2021 1617 in

440 1662 713 1723 conspectu
748 1652 1039 1721 Domini".
1072 1652 1166 1708 llle
1192 1653 1339 1708 enim
1370 1652 1510 1708 sicut
1557 1654 1775 1723 impius,
1841 1654 1933 1724 qui
1965 1654 2019 1709 in

1630 253 1994 316 HESYCHII
2028 252 2521 316 PRESBYTERI.
2582 262 2588 269 ’

3618 242 3755 306 11ςὲ

2126 369 2329 423 tionem
2384 374 2603 439 patrum
2649 380 2896 432 suorum,
2950 362 3219 434 recipiens
3269 364 3749 417 conversationis

2121 471 2346 527 sortem,
2380 469 2431 515 et
2465 467 2673 529 partem
2706 457 2915 529 gratiae,
2941 470 3063 527 quae
3099 455 3168 509 ab
3198 454 3360 508 initio
3396 460 3588 508 sorte
3631 467 3749 521 pcr-

2121 564 2342 626 ceperat
2367 570 2397 608 a
2426 553 2557 615 Deo,
2584 551 2679 622 qui
2713 551 2935 621 proprie
2960 559 3149 604 noster
3193 559 3354 619 pater
3379 556 3511 613 est,
3550 547 3626 602 de
3646 564 3747 616 quo

2121 646 2199 702 ait
2226 645 2426 700 Paulus
2459 660 2472 697 :
2516 641 2653 707 Quia
2685 650 2867 695 autem
2895 641 3019 695 estis
3048 639 3169 709 lilii,
3202 640 3347 693 misit
3374 637 3550 693 Deus
3576 637 3744 705 Spiri-

2122 746 2234 792 tum
2258 736 2385 791 Filii
2409 735 2492 789 sui
2512 736 2569 788 in
2588 734 2832 788 cordibus
2859 733 3049 787 vestris
3068 772 3084 796 ,
3126 731 3475 786 clamantem
3504 745 3528 783 :
3578 732 3738 791 Abba,

2122 826 2287 881 Pater
2323 827 2392 880 ³⁸.
2418 824 2529 881 Cur
2557 836 2741 879 autem
2785 823 2901 878 haec
2929 822 3183 879 sanciens
3233 821 3384 877 Deus
3419 830 3601 876 tanta
3634 822 3739 890 pie-

2122 928 2232 974 tate
2255 926 2458 982 utatur,
2487 917 2604 988 ipse
2635 915 2770 986 legis
2792 914 3187 970 demonstravit
3216 913 3441 968 verbis.

2188 1010 2352 1065 Vnus.
2394 1008 2484 1062 4?.
2524 1027 2541 1059 ι
2580 1007 2682 1060 Mei
2732 1014 2916 1060 autem
2962 1005 3105 1061 servi
3138 1014 3290 1068 sunt,
3328 1013 3389 1059 ct
3429 1020 3554 1076 ego
3584 1004 3733 1058 eduxi

2121 1118 2217 1161 eos
2244 1102 2312 1157 de
2338 1111 2483 1156 terra
2512 1098 2748 1171 AZgypti.
2779 1117 2798 1149 ι

2197 1194 2270 1250 Ut
2300 1207 2431 1264 ergo
2470 1193 2559 1261 qui
2596 1190 2764 1246 semel
2809 1191 2930 1260 ejus
2958 1189 3086 1243 facti
3114 1196 3249 1243 sunt
3296 1189 3461 1244 servi
3496 1232 3515 1253 ,
3566 1199 3621 1244 et
3652 1206 3731 1259 per

2122 1303 2248 1343 eum
2280 1283 2604 1356 intelligibili
2638 1281 2901 1337 servitute
2932 1281 3149 1354 Egypti
3196 1293 3531 1336 caruerunt
3552 1323 3569 1343 ,
3607 1283 3729 1335 hanc

2122 1396 2218 1436 eos
2253 1378 2481 1450 perdere
2531 1377 2850 1448 dignitatem
2884 1391 2992 1430 non
3019 1376 3154 1437 vult,
3184 1390 3293 1430 nec
3325 1375 3470 1445 quia
3524 1377 3595 1429 ad
3616 1370 3728 1425 nx-

2123 1473 2304 1528 dicum
2334 1472 2455 1542 quis
2488 1469 2672 1540 lapsus
2696 1480 2800 1534 est,
2826 1478 3113 1539 propterea
3138 1483 3265 1522 eum
3301 1470 3363 1523 in
3398 1480 3723 1539 perpetuen

2122 1563 2352 1637 perdere
2398 1561 2677 1631 antiquam
2721 1560 3043 1631 dignitatem
3098 1560 3433 1627 desiderat,
3507 1562 3728 1630 ideoque

2124 1655 2234 1710 ait:

440 1745 771 1815 profundum
821 1745 1082 1801 malorum
1124 1744 1413 1810 ceciderat,
1450 1745 1805 1815 deSpiciebat,
1833 1755 1888 1800 et
1914 1746 2021 1800 ini-
2055 1734 2099 1789 Β
2197 1745 2318 1800 Νοη
2363 1747 2530 1799 uettiet
2575 1744 2876 1798 conditione
2918 1760 3210 1798 seruorum.
3255 1743 3495 1799 Similia
3557 1746 3729 1799 dicens

440 1838 584 1893 mico
614 1836 887 1900 venditus,
924 1851 1033 1890 non
1058 1836 1272 1890 volebat
1306 1836 1677 1890 venditionem
1708 1836 2019 1901 immutare,

439 1943 542 1983 nec
578 1928 859 1997 propheta:
890 1927 1070 1991 vendi,
1099 1927 1151 1982 id
1193 1936 1294 1991 est,
1324 1927 1503 1992 subdi,
1535 1928 1629 1997 qui
1671 1928 1721 1982 ei
1763 1930 2025 1998 paulatim

440 2033 663 2074 manum
698 2018 1045 2089 porrigendo,
1072 2033 1101 2071 a
1124 2017 1272 2089 gravi
1316 2016 1547 2072 liberare
1593 2033 1721 2072 eum
1762 2018 2024 2073 servitute

441 2118 671 2181 poterat.
701 2110 755 2164 Si
780 2125 909 2181 ergo
931 2109 1026 2165 tibi
1054 2109 1219 2175 ﬁdeli,
1251 2116 1307 2164 et
1327 2109 1526 2165 colenti
1553 2109 1747 2176 Deum,
1768 2109 2022 2165 humilia-

441 2210 529 2256 tus
551 2197 718 2257 frater
739 2202 993 2257 venditus
1018 2201 1203 2268 fuerit,
1231 2200 1685 2272 redemptionem,
1711 2209 1766 2255 et
1786 2202 2022 2272 pretium

439 2295 635 2349 animm
655 2296 774 2367 ejus
820 2303 965 2349 tuam
997 2294 1325 2358 doctrinam,
1357 2278 1423 2348 et.
1438 2295 1876 2350 exhortationem
1902 2310 2023 2349 sus-

441 2385 652 2456 cipiens
690 2404 702 2439 :
736 2396 790 2440 et
818 2385 1277 2456 quemadmodum
1306 2400 1467 2439 suum
1522 2385 1804 2441 dominum
1838 2384 2026 2439 existi-

440 2493 620 2543 mans,
643 2493 754 2533 non
782 2478 984 2534 serviat
1015 2477 1112 2533 tibi
1141 2476 1408 2532 servitute
1431 2477 1597 2545 servi,
1633 2478 1727 2533 sed
1760 2477 2024 2533 subdetur

440 2568 682 2639 quidem,
724 2576 1100 2622 verumtamen
1126 2566 1376 2621 libertate
1414 2566 1525 2631 illa,
1546 2566 1614 2621 de
1647 2581 1753 2636 qua
1783 2566 1860 2621 ait
1886 2565 2024 2619 Pau-

440 2660 564 2715 lus:
598 2657 860 2722 libertate,
885 2674 988 2728 qua
1027 2657 1267 2711 liberavit
1301 2673 1393 2713 nos
1427 2656 1749 2712 Christus”.
1773 2656 2025 2711 Invenies

440 2755 624 2803 autem
691 2746 821 2803 alibi
870 2747 1122 2802 eumdem
1168 2761 1362 2802 rursus
1404 2747 1734 2802 scribentem
1786 2764 1800 2800 :
1846 2745 2027 2800 Pretio

441 2839 598 2908 empti
620 2838 763 2903 estis,
791 2836 951 2893 nolite
971 2838 1087 2907 ﬁeri
1112 2838 1247 2892 servi
1271 2837 1615 2903 hominum“,
1638 2844 1861 2908 propter
1879 2836 2026 2906 quod

442 2932 517 2987 ait
544 2929 820 3004 legislator
857 2948 871 2986 :

512 3024 678 3090 Quasi
717 3023 1071 3078 mercenarius
1109 3031 1157 3078 et
1188 3023 1401 3077 colonus
1450 3026 1571 3079 erit.
1604 3023 1700 3079 Vel
1735 3024 1876 3080 sicut
1921 3024 2023 3079 Se-
2051 3065 2097 3127 ε

442 3116 749 3189 ptuaginta,
776 3116 1067 3187 inquilinus
1088 3114 1246 3185 :quia
1277 3115 1474 3170 horum
1501 3124 1730 3185 uterque
1747 3114 2025 3186 subjectus

443 3216 529 3263 est
574 3207 791 3277 quidem
835 3206 983 3274 huic,
1015 3206 1172 3277 cujus
1199 3206 1418 3262 domum
1466 3206 1696 3272 habitat,
1725 3216 1780 3262 et
1813 3206 1867 3260 in
1897 3222 2027 3280 agro

444 3308 704 3368 operatur
752 3296 977 3368 propter
1028 3307 1431 3368 paupertatem,
1468 3312 1570 3352 nec
1627 3296 1848 3353 domum
1896 3313 2025 3368 pro-

443 3390 642 3461 priam,
669 3404 773 3445 nec
806 3404 999 3461 agrum
1028 3389 1274 3444 habens:
1314 3403 1424 3442 non
1458 3396 1638 3443 tamen
1670 3398 1893 3459 propter
1922 3386 2027 3444 hoc

446 3482 694 3537 aulertur
722 3480 991 3537 libertatis
1021 3479 1256 3552 dignitas
1280 3519 1296 3546 ,
1330 3472 1783 3549 quemadmodum
1814 3487 1869 3534 et
1898 3494 2024 3535 eum

446 3574 537 3643 qui
562 3589 659 3643 per
681 3588 784 3627 nos
815 3587 846 3627 a
877 3579 1102 3642 peccato
1119 3585 1416 3627 conversus
1446 3579 1550 3634 est,
1572 3578 1806 3640 oportet,
1825 3570 1871 3626 si
1900 3578 2027 3626 ante

446 3671 734 3735 peccatum
762 3663 930 3718 frater
950 3670 1139 3718 noster
1165 3662 1464 3718 secundum
1507 3660 1872 3732 aequalitatem
1906 3677 2027 3734 gra-

450 3760 557 3823 tiae,
577 3758 951 3826 honoremque
980 3753 1410 3810 conversationis
1438 3753 1556 3808 l'uit.
1598 3754 1734 3807 Nam
1766 3753 1869 3808 etsi
1898 3769 2025 3824 pro-

449 3846 623 3916 priam
649 3861 821 3916 .nunc
861 3845 1085 3900 domum
1121 3843 1370 3914 justitiaa,
1404 3853 1502 3899 aut
1531 3858 1719 3915 agrum
1744 3844 2023 3914 proprium

446 3937 667 3992 virtutis
698 3952 807 3992 non
832 3936 1033 4003 habet,
1061 3951 1185 3991 cum
1214 3935 1505 4007 aliquando
1534 3936 1848 4002 habuisset,
1881 3937 2025 3992 unde

447 4045 558 4085 non
581 4028 735 4096 dixit,
769 4028 1161 4097 mercenarius,
1190 4036 1284 4082 aut
1316 4028 1560 4097 colonus,
1593 4026 1679 4081 vel
1724 4027 2025 4097 inquilinus

445 4122 575 4186 erit,
607 4120 725 4187 sed,
760 4120 915 4191 quasi
945 4120 1337 4182 mercenarius,
1370 4127 1426 4173 et
1455 4120 1702 4184 colonus,
1727 4118 1810 4172 vel
1840 4117 2023 4187 inqui-i

446 4214 593 4269 linus
630 4213 735 4268 erit
763 4213 857 4267 tibi
891 4228 903 4264 :
940 4211 996 4265 in
1022 4210 1225 4265 nostris
1246 4211 1393 4264 enim
1427 4209 1674 4265 habitare
1693 4224 1833 4279 opus
1862 4209 2028 4265 habet

445 4310 502 4358 et
532 4301 770 4372 operari,
812 4301 868 4355 id
908 4309 994 4356 est
1014 4338 1028 4365 ,
1061 4300 1131 4354 ad
1159 4306 1376 4353 nostras
1401 4299 1831 4367 exhortationes,
1863 4316 2025 4371 regu-

2127 1838 2322 1893 Paulo:
2350 1838 2531 1892 Pretio
2553 1838 2716 1908 empti
2746 1838 2890 1901 estis,
2928 1837 3085 1891 nolite
3113 1838 3236 1906 ﬁeri
3259 1840 3410 1891 servi
3436 1838 3720 1892 Iter-tinent.

2126 1929 2232 1985 Sed
2266 1936 2321 1983 ct
2351 1930 2455 1984 hoc
2483 1927 2719 1983 addidit:

2194 2020 2358 2076 Vens.
2396 2019 2485 2074 45.
2527 2038 2546 2071 ι
2584 2016 2662 2073 Ne
2694 2018 2899 2090 allligas
2942 2035 3066 2075 eum
3115 2035 3215 2090 per
3244 2020 3599 2089 potentiam,
3645 2020 3723 2073 sed

2125 2111 2354 2165 metuito
2388 2111 2556 2166 Deum
2591 2121 2742 2166 tuum
2771 2113 2833 2166 θ’.
2872 2129 2892 2162 ι

2196 2198 2429 2271 Oportet
2476 2201 2626 2256 enim
2669 2202 2941 2256 moderari
3000 2217 3100 2256 nos
3137 2201 3337 2271 iugum
3400 2212 3723 2257 converten-

2129 2293 2262 2347 tium
2284 2334 2299 2356 ,
2328 2302 2384 2347 et
2423 2293 2618 2348 timere
2649 2292 2823 2348 Deum
2858 2302 3107 2348 nostrum
3133 2332 3148 2356 ,
3175 2294 3272 2362 qui
3310 2294 3505 2348 dixit:
3543 2294 3609 2347 ιιι
3639 2314 3723 2367 qao

2115 2385 2322 2451 judicio
2342 2383 2736 2454 judicaveritis,
2752 2381 3152 2454 judicabimini,
3176 2394 3227 2436 et
3256 2386 3317 2437 in
3350 2401 3469 2455 qua
3496 2403 3723 2440 manus

2128 2476 2291 2530 mensi
2311 2475 2538 2546 fueritis,
2570 2476 2817 2528 metietur
2836 2473 2977 2527 vobis
2998 2472 3070 2527 ³³.

2197 2566 2358 2622 Vens.
2391 2565 2583 2621 44-46.
2622 2586 2640 2617 ι
2678 2565 2882 2620 Servus
2907 2573 2963 2620 et
2988 2562 3183 2619 ancilla
3216 2563 3296 2619 sit
3326 2566 3505 2621 vobis
3541 2568 3610 2622 de
3636 2584 3719 2621 na-

2129 2658 2373 2714 tionibus
2398 2699 2413 2725 ,
2443 2674 2566 2728 quae
2593 2659 2650 2712 in
2678 2658 2911 2713 circuitu
2937 2666 3122 2713 vestro
3146 2664 3283 2712 sunt
3311 2698 3329 2724 ,
3368 2670 3433 2714 et
3467 2660 3543 2716 de
3574 2661 3718 2715 adve-

2126 2752 2233 2817 nis,
2263 2752 2355 2822 qui
2379 2751 2799 2822 peregrinantur
2827 2750 2970 2820 apud
3008 2764 3124 2813 vos,
3152 2748 3241 2803 vel
3269 2751 3371 2820 qui
3406 2767 3480 2805 ex
3510 2750 3597 2805 his
3623 2754 3719 2804 uati

2127 2843 2332 2899 iuerint
2379 2843 2434 2897 in
2470 2852 2612 2899 terra
2648 2852 2868 2906 vestra,
2912 2842 3012 2897 hos
3058 2841 3342 2897 habebitis
3382 2841 3643 2905 famulos,
3674 2856 3719 2895 et

2128 2938 2473 2997 luereditario
2496 2939 2620 3010 jure
2650 2937 3035 2993 transmittetis
3063 2937 3130 2993 ad
3166 2947 3459 3008 posteros,
3496 2956 3563 2994 ac
3606 2956 3718 3009 pos-

2129 3030 2372 3086 sidebitis
2402 3031 2456 3084 in
2493 3040 2781 3086 aeternum.
2819 3027 3038 3086 Fratres
3091 3040 3282 3085 autem
3312 3043 3553 3088 vestros
3598 3034 3720 3087 ﬁlios

2128 3120 2313 3188 Israel,
2336 3137 2406 3176 ne
2432 3123 2757 3192 opprimatis
2780 3138 2876 3192 per
2904 3121 3230 3192 potentiam.
3257 3140 3279 3172 ι
3467 3111 3479 3121 ’

2159 3213 2317 3284 ;Νοι1
2351 3222 2533 3285 potest
2556 3215 2717 3286 digne
2746 3214 2955 3269 laudari
2983 3215 3220 3269 varietas
3247 3224 3306 3269 et
3343 3216 3720 3288 multiplicius

2127 3303 2388 3374 spiritalis
2439 3304 2742 3374 sapientiae.
2778 3303 3146 3372 Quamobrem
3200 3316 3514 3376 postquam
3571 3308 3719 3381 digne

2125 3394 2381 3450 admirari
2436 3411 2546 3451 non
2597 3412 2912 3466 possumus,
2954 3397 3083 3468 quia
3140 3414 3245 3454 nec
3295 3402 3587 3471 capimus,
3627 3403 3718 3457 hoc

2126 3486 2465 3553 omittentes,
2489 3487 2794 3543 districtius
2822 3504 2985 3544 aures
3015 3490 3218 3546 mentis
3245 3491 3423 3547 etiam
3455 3493 3577 3559 his,
3608 3507 3719 3562 qua

2127 3588 2275 3628 nunc
2305 3574 2450 3629 dicta
2480 3583 2628 3640 sunt,
2659 3578 2998 3647 praebeamus
3033 3588 3091 3633 et
3120 3596 3588 3653 unumquemque
3611 3599 3711 3638 ser-

2127 3679 2347 3720 monem
2389 3666 2597 3722 intente
2632 3679 2918 3724 notemus:
2956 3671 3013 3726 in
3042 3672 3362 3728 dill‘erentia
3414 3677 3570 3730 enim
3604 3693 3714 3730 ves-

2126 3755 2319 3813 borum
2348 3799 2362 3823 ,
2403 3757 2770 3815 diﬂ‘erentiam
2804 3777 3024 3832 quoque
3054 3765 3449 3823 intellectuum
3482 3769 3714 3839 reperie-

2125 3862 2269 3903 mus.
2308 3848 2460 3903 Scire
2508 3850 2673 3921 igitur
2702 3867 2805 3907 nos
2837 3854 2948 3907 vult
2994 3855 3126 3923 quid
3174 3866 3347 3912 restet
3413 3859 3564 3915 inter
3604 3861 3710 3921 bos.

2126 3954 2264 4010 quos
2294 3955 2357 3994 ex
2400 3941 2708 4000 inﬁdelibus
2739 3945 2852 4000 Deo
2905 3947 3324 4016 salvaverimus,
3362 3962 3426 4007 et
3454 3954 3599 4021 illos,
3632 3955 3711 4025 qui

2126 4048 2250 4088 cum
2283 4032 2470 4089 lideles
2517 4046 2739 4104 essent,
2771 4038 3089 4111 similesque
3113 4043 3276 4098 nobis
3314 4045 3608 4116 dignitatis
3638 4051 3712 4102 in-

2126 4125 2412 4180 vocatione
2458 4137 2512 4183 et
2539 4132 2985 4199 conversatione,
3032 4144 3222 4204 postea
3250 4152 3352 4207 pro
3390 4148 3640 4210 tempore
3664 4142 3711 4194 in

2127 4219 2445 4287 operatione
2511 4220 2777 4276 virtutum
2840 4223 3101 4282 infirmati
3169 4236 3301 4283 sunt
3356 4234 3706 4287 correximus.

2129 4308 2358 4380 PrOpter
2385 4312 2527 4381 quod
2578 4316 2793 4384 operari
2829 4301 3050 4387 quidem
3103 4325 3246 4391 apud
3284 4337 3394 4377 nos
3453 4340 3628 4395 usque
3650 4324 3707 4377 ad

445 4396 635 4464 lasque
666 4393 823 4459 vitze,
850 4401 905 4447 et
948 4391 1197 4462 exempla
1221 4430 1239 4456 ,
1280 4405 1402 4460 quae
1431 4405 1467 4444 a
1490 4390 1652 4445 nobis
1680 4392 1984 4481 susceperit
2011 4410 2022 4446 :
2060 4400 2102 4455 D
2128 4416 2332 4456 annum
2362 4403 2724 4473 remissionis,
2752 4407 3006 4467 videlicet
3040 4390 3412 4481 poenitentiae,
3468 4390 3582 4469 non
3622 4431 3707 4469 so-

446 4500 574 4557 spes
610 4494 789 4540 tamen
827 4491 911 4538 est
939 4496 1063 4538 eum
1093 4481 1163 4536 ad
1198 4495 1352 4536 suam
1375 4494 1660 4535 recurrere
1681 4479 2016 4553 dignitatem,

446 4568 669 4646 quando
697 4573 963 4644 integram
1009 4578 1065 4625 et
1093 4571 1390 4641 perlectam
1421 4569 1595 4641 egerit
1620 4568 2016 4640 ptenitentiam.

444 4666 561 4723 Hoc
580 4663 729 4722 enim
754 4662 1109 4719 manifestans
1133 4661 1406 4735 legislator
1429 4660 1706 4717 subdidit:

402 4777 405 4780 '
478 4757 688 4830 'Usque
737 4756 808 4810 ad
855 4771 1057 4810 annum
1088 4754 1369 4825 jubileum
1398 4754 1702 4824 operabitur
1757 4753 1902 4821 apud
1950 4763 2022 4809 te.

442 4847 582 4916 Quia
604 4862 699 4919 per
731 4845 1031 4918 perfectam
1055 4845 1453 4916 paenitentiam,
1469 4846 1609 4901 sicut
1629 4845 1836 4918 integre
1864 4861 2024 4900 mun-

442 4940 624 5006 datus,
657 4948 713 4995 et
737 4948 1026 5010 propterea
1073 4937 1370 5007 perfectus,
1408 4936 1624 5007 cperari
1670 4945 1725 4992 et
1769 4937 1913 5007 apud
1963 4951 2023 4991 se

430 5039 644 5103 potest,
689 5039 746 5085 et
785 5038 975 5102 postea
1024 5029 1374 5098 egredietur:
1409 5028 1553 5081 sicut
1588 5029 1744 5083 aiunt
1784 5028 2019 5099 Septua-

442 5124 615 5195 ginta,
641 5123 696 5177 in
730 5121 1109 5177 remissionem
1139 5135 1262 5175 cum
1293 5118 1479 5172 liberis
1526 5119 1660 5174 suis.
1707 5120 1827 5173 Non
1874 5120 2021 5174 solus

443 5217 591 5272 enim
621 5215 738 5285 ipse
767 5212 907 5269 liber
934 5209 1185 5275 edicitur,
1213 5210 1308 5263 sed
1338 5217 1393 5263 et
1435 5223 1555 5278 qua:
1603 5208 1672 5264 ab
1712 5224 1778 5264 co
1824 5211 2021 5281 genita:

443 5309 659 5362 fuerant
693 5305 943 5369 virtutes,
990 5311 1280 5370 antequam
1322 5302 1425 5356 sub
1467 5301 1839 5357 venditionem
1888 5319 2020 5373 pec-

441 5398 551 5454 cati
576 5397 934 5467 redigeretur.
971 5394 1265 5462 Propterca
1296 5400 1351 5446 et
1388 5400 1693 5446 revertetur
1723 5393 1791 5448 ad
1818 5408 2017 5464 cogna-

512 5596 562 5631 ι’
583 5595 756 5654 ludio.
786 5600 894 5657 svi.
928 5593 1116 5649 18-‘20.
1193 5593 1240 5625 ’⁸
1270 5592 1338 5649 lll
1363 5591 1499 5663 Reg.
1535 5609 1650 5661 xxr,
1673 5593 1764 5651 20.
1842 5597 1888 5631 ’⁸
1914 5595 2089 5653 Galat.

440 5683 533 5731 vn,
571 5669 663 5722 Ξῖ.
740 5670 783 5699 ³³
823 5667 1011 5720 Matth.
1048 5680 1139 5731 vn,
1169 5663 1227 5717 Ε.

2127 4501 2236 4549 tem
2258 4503 2444 4564 postea
2482 4499 2758 4569 prmeepit.
2796 4498 2893 4556 Hic
2929 4511 3133 4570 autem,
3162 4504 3291 4574 quia
3318 4521 3427 4562 nec
3452 4523 3602 4571 eum,
3623 4507 3704 4575 qui

2125 4601 2192 4641 ex
2220 4597 2446 4658 peccato
2475 4589 2792 4647 humiliatus
2820 4602 2929 4659 est,
2972 4601 3031 4650 et
3054 4605 3346 4666 propterea
3379 4599 3550 4655 uoltis
3587 4615 3705 4654 ven-

2124 4675 2292 4745 ditus,
2325 4679 2418 4734 sed
2474 4695 2577 4735 nec
2621 4680 2843 4738 fratrem
2892 4685 3043 4752 dicit,
3075 4686 3173 4741 sed
3200 4687 3271 4743 de
3296 4688 3386 4744 his
3421 4690 3707 4760 dicitquos

2124 4783 2227 4824 nos
2265 4783 2329 4824 ex
2359 4769 2688 4840 inﬁdelibus,
2723 4784 2821 4831 aut
2839 4776 3066 4834 alterius
3096 4777 3225 4835 ﬁdei
3248 4779 3306 4834 in
3329 4780 3709 4851 discipulatui

2128 4860 2614 4928 acquisiverimus:
2661 4874 2812 4920 recte
2857 4881 2953 4923 eos
2979 4883 3085 4924 nec
3128 4884 3319 4926 servos
3346 4880 3709 4927 nostrosesse

2129 4947 2422 5017 praecepit:
2456 4946 2665 5005 Christi
2712 4954 2863 5007 enim
2894 4964 2950 5009 et
2996 4954 3100 5024 ipsi
3129 4966 3279 5023 sunt,
3313 4957 3455 5012 sicut
3488 4969 3545 5012 et
3593 4976 3708 5019 nos,

2124 5036 2291 5090 servi.
2342 5038 2448 5093 Sed
2493 5039 2596 5095 sub
2638 5051 2830 5098 nostra
2864 5054 3046 5101 tamen
3086 5047 3433 5116 possessione
3457 5064 3707 5110 omnem.

2123 5126 2265 5181 sicut
2293 5144 2389 5198 per
2417 5146 2517 5186 nos
2553 5132 2778 5190 edoctos
2803 5137 3077 5207 praecepit,
3100 5139 3243 5194 sicut
3263 5140 3382 5211 ipsa
3411 5145 3708 5198 ostendunt

2124 5215 2446 5287 lcgislatoris
2478 5223 2667 5278 verba.
2760 5212 2764 5217 ’

2192 5305 2381 5364 Servus
2417 5322 2463 5365 et
2492 5315 2690 5368 ancilla
2729 5317 2834 5369 sint
2864 5317 3002 5372 vobis
3046 5319 3112 5372 de
3139 5321 3466 5386 nationibus,
3507 5341 3631 5394 quc
3658 5327 3702 5375 is

2125 5398 2347 5454 circuitu
2378 5413 2547 5458 vestro
2582 5414 2723 5471 sunt,
2758 5416 2805 5460 et
2837 5407 2900 5461 de
2934 5408 3149 5464 advenis
3178 5411 3267 5479 qui
3297 5415 3702 5483 peregrinantur

2123 5613 2197 5667 tv,
2236 5599 2326 5659 51.
2405 5603 2493 5657 "’l
2528 5605 2654 5661 Cor.
2685 5621 2781 5675 vn,
2812 5608 2900 5662 25.
2977 5610 3017 5642 "
3045 5606 3165 5664 Gal.
3200 5625 3277 5682 tv,
3311 5610 3367 5666 6.
3446 5611 3543 5669 ³θέ
3581 5612 3697 5672 Cet.
