3810 6318
119 323 248 389 1133

1242 310 1326 371 IN
1369 303 1817 370 LEVITICUM.
1847 323 1917 337 -·
1957 299 2106 361 LIB.
2141 297 2276 359 VII.

3248 291 3385 359 nu
3431 379 3434 388 ι

115 438 251 506 apud
278 452 386 490 vos.
417 433 621 490 Gentes
648 444 768 500 qua
801 427 856 482 in
889 424 1122 482 circuitu
1154 434 1344 479 nostro
1367 428 1530 484 sunt,
1567 434 1688 490 quae
1717 425 1763 478 Α
1793 414 2030 468 civitates
2081 407 2603 480 presbyteros,‘quos
2641 423 2734 478 ego
2771 407 2864 462 tibi
2903 407 3149 462 constitui
3171 408 3236 463 ⁸³.
3276 409 3383 466 Sed

114 529 344 585 necdum
387 521 761 585 crediderunt,
795 534 946 588 spem
991 524 1172 575 tamen
1221 515 1368 580 ﬁdei,
1417 521 1472 568 et
1503 511 1692 567 salutis

1795 519 1850 565 et
1901 507 2032 578 quid
2063 514 2232 561 restet
2273 506 2416 560 inter
2445 505 2589 567 illos,
2616 521 2752 576 quos
2797 506 3001 562 deforis
3034 505 3226 564 lucrati
3263 508 3385 564 fuc-

115 622 347 683 habent,
389 617 514 686 quia
562 613 696 684 ipsis
743 611 974 666 missum
1011 608 1358 679 Evangelium
1395 613 1497 670 est,
1551 603 1694 658 sicut
1796 599 1988 663 rimus,
2028 606 2084 652 et
2115 597 2419 666 aequalibus
2469 597 2629 651 nobis
2671 596 2952 664 fratribus,
3015 599 3108 668 qui
3160 597 3387 655 forsitan

116 713 313 769 Paulus
343 710 396 763 in
425 706 717 762 Antiochia
753 704 822 758 ad
870 701 1089 756 Judznos
1121 699 1337 754 dicebat
1363 715 1375 751 :
1417 696 1548 750 Ecce
1575 711 1696 749 con-

114 803 364 859 vertimur
392 799 462 852 ad
490 806 700 868 gentes:
737 795 811 847 sic
851 794 985 847 enim
1030 790 1274 862 prterepit
1319 789 1463 842 nobis
1508 787 1698 840 Domi-

115 913 209 952 nus
239 894 305 946 ".
354 890 432 945 De
482 889 568 944 his
595 886 755 942 nobis
787 886 930 940 servi
961 892 1014 938 et
1043 882 1250 937 ancill-.e
1281 879 1695 948 conquirantur,

113 987 165 1042 id
196 994 313 1047 est,
355 981 447 1052 qui
478 985 574 1050 per
607 979 834 1033 verbum
871 977 1156 1029 docentur.
1185 971 1339 1027 Unde
1365 981 1419 1026 et
1451 985 1566 1032 cos,
1607 969 1696 1037 qui

111 1075 436 1136 docuerunt,
479 1068 732 1124 dominos
771 1065 1066 1135 appellant,
1108 1063 1252 1132 quod
1281 1062 1619 1118 demonstrat
1646 1061 1698 1112 it-

111 1164 376 1233 Philippis
413 1169 599 1216 custos
631 1159 888 1220 carceris,
936 1157 1028 1226 qui
1061 1156 1128 1209 ad
1184 1155 1406 1209 Paulum
1443 1161 1498 1206 et
1523 1151 1701 1224 Sylam

109 1257 332 1313 dicebat
352 1270 372 1308 .'
409 1252 659 1315 Domini,
688 1251 814 1321 quid
845 1265 926 1302 me
956 1256 1153 1318 oportet
1199 1249 1394 1318 facere,
1425 1255 1480 1298 ut
1530 1245 1705 1298 salvus

112 1352 235 1422 fiam
268 1349 349 1400 '5?
379 1346 485 1401 Sed
525 1353 581 1400 et
602 1345 669 1398 de
694 1340 942 1405 advenis,
979 1338 1114 1404 sive,
1149 1347 1211 1391 ut
1237 1335 1612 1408 Septuaginta,
1640 1333 1706 1388 fio

114 1441 202 1496 liis
220 1438 644 1509 inquilinorum,
676 1433 770 1503 qui
803 1429 1223 1502 peregrinantur
1247 1427 1390 1499 apud
1435 1442 1550 1491 nos,
1577 1442 1708 1480 con-

117 1533 420 1603 quiramus.
463 1526 606 1582 Dicit
633 1534 820 1580 autem
864 1521 1163 1592 inquilinos
1202 1520 1290 1575 hic
1341 1519 1581 1583 Judaeos,
1616 1518 1706 1588 qui

121 1626 370 1681 habitant
423 1622 476 1676 in
516 1619 722 1676 lumine
768 1627 979 1681 nostro,
1031 1632 1142 1672 non
1185 1625 1366 1670 tamen
1415 1615 1607 1670 volunt
1643 1612 1708 1668 .ei

119 1719 309 1775 oculos
339 1714 538 1770 mentis
567 1710 1002 1774 accommodare,
1047 1708 1448 1763 abscondentes
1479 1708 1598 1778 ejus
1627 1707 1710 1759 lu-

122 1826 348 1868 cernam
397 1808 498 1863 sub
532 1805 738 1860 modio.
788 1803 1016 1872 Propter
1049 1801 1192 1870 quod
1224 1814 1335 1854 non
1393 1801 1712 1869 simpliciter

121 1899 411 1970 inquilinos
454 1894 804 1966 Septuaginta
842 1892 1152 1957 ediderunt,
1190 1890 1284 1946 sed
1321 1889 1462 1958 ﬁlios
1491 1889 1713 1956 inquili-

124 2007 336 2053 norum,
367 1986 458 2058 qui
491 1994 620 2041 sunt
660 1986 713 2038 in
753 1984 930 2044 vobis,
961 1981 1105 2052 quod
1127 1998 1164 2036 a
1213 1981 1591 2036 Theodotione
1660 1989 1716 2034 et

124 2077 456 2148 Symmacho
510 2072 728 2144 planius
756 2073 1021 2142 scriptum
1056 2080 1174 2125 est:
1206 2069 1250 2122 Α
1279 2069 1406 2138 ﬁliis
1432 2067 1717 2138 inquilino-

126 2187 266 2232 rum,
316 2169 406 2238 qui
435 2167 676 2220 habitant
725 2166 780 2217 in
809 2165 970 2217 vobis.
1001 2163 1076 2216 De
1101 2162 1304 2232 quibus
1345 2160 1478 2215 dixit
1508 2159 1675 2214 David
1701 2177 1713 2211 :

125 2259 509 2315 lnhabitabunt
558 2268 606 2311 et
657 2256 977 2310 abscondent
1018 2253 1085 2308 ³⁸.
1117 2252 1252 2306 Cum
1293 2253 1440 2307 enim
1489 2259 1618 2306 sunt
1665 2251 1720 2305 in

125 2355 312 2419 nobis,
345 2353 437 2422 qui
485 2352 657 2420 legem
703 2347 876 2418 ipsam
943 2353 1000 2400 et
1029 2346 1344 2416 prophetas,
1375 2359 1512 2414 quos
1538 2352 1593 2398 et
1622 2358 1724 2398 nos

123 2447 420 2508 habemus,
451 2442 676 2504 habent,
716 2439 1028 2493 inhabitant
1054 2446 1239 2492 tamen
1279 2452 1389 2491 non
1421 2437 1612 2491 eadem
1634 2451 1723 2491 sa-

126 2540 354 2611 pientes
386 2537 454 2590 de
482 2535 601 2606 lege
653 2541 706 2588 et
732 2531 1036 2602 prophetis,
1070 2547 1190 2600 quae
1219 2545 1356 2586 nos:
1391 2543 1545 2584 suam
1577 2529 1722 2583 enim

124 2634 403 2704 justitiam
454 2629 793 2702 constituere
828 2634 1156 2696 quaerentes,
1206 2624 1432 2696 iustitia:
1478 2623 1572 2678 Dei
1615 2637 1727 2677 non

127 2730 266 2777 sunt
296 2717 546 2788 subjecti,
590 2717 686 2771 sed
728 2717 834 2774 hoc
863 2713 1222 2798 abscqndent,
1256 2721 1313 2767 et
1341 2721 1489 2768 recte
1515 2712 1730 2765 inhabi-

131 2819 276 2875 tant,
328 2810 473 2865 sicut
521 2809 617 2878 qui
669 2806 996 2877 semetipsos
1040 2819 1071 2860 a
1116 2804 1309 2868 libera,
1346 2813 1402 2860 et
1431 2819 1462 2859 a
1493 2803 1728 2858 fiduciali

132 2899 484 2958 habitatione
517 2897 894 2954 excludentes.
939 2895 1096 2951 Unde
1148 2895 1434 2961 Dominus,
1468 2895 1595 2966 quia
1647 2895 1730 2949 in-

133 2992 395 3048 habitant
459 2997 683 3061 propter
745 2988 1119 3043 infidelitatem
1181 2988 1418 3042 innuens
1478 2987 1727 3042 dicebat:

1796 690 2065 747 humiliati
2100 689 2472 761 corriguntur,
2505 690 2650 745 scire
2680 705 2828 743 nunc
2859 690 3136 762 legislator
3159 709 3258 748 nos
3289 709 3390 748 vo-

1803 779 1938 841 lens,
1993 782 2110 836 haec
2157 782 2222 836 ad
2280 796 2626 838 communem
2683 783 2952 837 rationem
3007 783 3388 854 praedictorum

1799 873 2038 943 scripsit.

1871 964 2088 1018 Fratres
2111 973 2288 1018 autem
2314 974 2509 1020 vestros
2534 965 2670 1035 ﬁlios
2697 965 2872 1022 Israel
2899 985 3002 1022 non
3031 972 3269 1042 aﬂliyetis
3303 990 3398 1044 per

1802 1055 2116 1109 ootentiam.
2173 1054 2294 1109 Non
2333 1058 2461 1126 quia
2501 1057 2659 1122 alios,
2707 1074 2845 1129 quos
2889 1060 3082 1118 lucrati
3125 1063 3398 1122 fuerimus

1806 1146 2073 1212 exterius,
2104 1145 2159 1199 in
2191 1147 2512 1202 servitutem
2541 1149 2810 1222 redigere,
2843 1163 2938 1208 aut
2988 1162 3276 1211 conterere
3313 1157 3397 1211 la-

1806 1235 2033 1290 boribus
2062 1236 2354 1304 przncepit:
2398 1253 2667 1307 nusquam
2710 1242 2855 1296 enim
2884 1243 3072 1298 hocin
3113 1246 3397 1302 sanctione

1809 1327 1910 1380 hac
1949 1325 2148 1381 dixisse
2187 1327 2442 1382 videtur:
2477 1330 2572 1384 sed
2595 1331 2722 1400 quia
2754 1347 2862 1388 non
2898 1336 3092 1404 aequali
3127 1347 3400 1407 potestate

1810 1418 1865 1472 in
1899 1417 2024 1484 illis,
2055 1426 2112 1473 et
2145 1418 2264 1474 istis
2301 1420 2377 1474 uti
2419 1435 2733 1491 possumus.
2765 1425 2925 1480 Aliud
2959 1435 3044 1481 est
3077 1429 3226 1482 enim
3274 1430 3399 1486 inli-

1811 1511 1963 1566 deles
2013 1511 2082 1566 ad
2123 1510 2284 1567 fidem
2332 1514 2652 1584 perductos,
2705 1516 2852 1574 aliud
2900 1517 3088 1575 fideles
3132 1520 3334 1590 lapsos,
3369 1538 3400 1576 a

1813 1602 1971 1663 nobis
2000 1602 2331 1658 admonitos.

1885 1692 2052 1749 Vens.
2114 1693 2305 1749 47-49.
2345 1713 2363 1746 ι
2415 1694 2474 1750 Si
2512 1695 2809 1753 invaluerit
2863 1699 3009 1770 apud
3061 1715 3160 1756 vos
3205 1717 3404 1762 manus

1815 1783 2064 1848 advenae,
2089 1791 2262 1854 atque
2294 1787 2590 1857 peregrini,
2621 1795 2677 1843 et
2721 1798 3038 1847 attenuatus
3070 1791 3240 1849 frater
3275 1804 3406 1854 tuus

1816 1874 2125 1929 vendiderit
2161 1889 2220 1930 se
2258 1876 2328 1941 ei,
2371 1885 2466 1930 aut
2503 1877 2756 1946 cuiquam
2798 1880 2868 1934 de
2902 1881 3074 1952 stirpe
3103 1883 3248 1952 ejus,
3285 1893 3408 1954 post

1817 1966 2187 2031 venditionem
2214 1974 2394 2038 potest
2421 1969 2636 2024 redimi.
2665 1968 2768 2035 Qui
2790 1972 3024 2028 voluerit
3053 1989 3122 2030 ex
3148 1975 3410 2033 fratribus

1820 2059 1959 2121 suis.
1993 2070 2139 2115 emet
2174 2075 2321 2125 cuni,
2372 2069 2428 2116 et
2474 2070 2726 2132 patruus,
2753 2072 2810 2118 et
2857 2067 3138 2135 patruelis,
3166 2077 3228 2124 et
3273 2061 3413 2125 con-

1819 2154 2173 2221 sanguineus,
2205 2163 2261 2208 et
2287 2154 2482 2209 afﬁnis.
2512 2172 2534 2208 ι
3255 2204 3276 2229 ,

1857 2231 1864 2236 ⁷
1894 2245 2030 2310 Quia
2064 2247 2152 2300 lex
2187 2246 2461 2315 pertinere
2508 2249 2612 2304 sibi
2646 2251 2947 2306 secundum
2968 2255 3229 2320 litteram,
3261 2254 3330 2310 de
3356 2255 3416 2309 li-

1823 2338 2038 2394 bertate
2059 2339 2438 2409 indigenarum
2465 2341 2831 2397 lsraelitarum
2849 2345 3108 2408 ostendit,
3127 2354 3414 2416 propterea

1827 2446 1954 2486 eum
1997 2432 2092 2502 qui
2138 2433 2195 2487 in
2229 2434 2311 2488 eis
2338 2433 2582 2489 deterius
2627 2445 2857 2505 propter
2895 2445 3292 2506 paupertatem,
3322 2446 3418 2494 aut

1827 2527 2064 2595 aliquam
2087 2525 2247 2580 aliam
2282 2528 2671 2582 necessitatem
2692 2538 2836 2599 aget,
2865 2529 3176 2600 proselytis,
3207 2529 3292 2585 vel
3334 2531 3422 2586 in-

1828 2620 2072 2690 quilinis,
2104 2619 2196 2689 qui
2227 2619 2296 2678 de
2327 2620 2414 2675 his
2439 2619 2659 2688 quidem
2687 2620 2821 2676 foris
2851 2629 2981 2676 sunt
3009 2621 3202 2692 geniti,
3234 2622 3420 2678 adhae-

1829 2708 1982 2774 serit,
2013 2708 2220 2763 servire
2248 2722 2359 2764 non
2389 2708 2617 2778 patitur,
2652 2709 2750 2764 sed
2782 2709 2977 2764 redimi
3001 2725 3128 2764 eum
3152 2711 3223 2766 ab
3243 2711 3425 2781 aliquo

1833 2812 2057 2852 suorum
2087 2805 2446 2867 cognatorum
2476 2799 2758 2869 praecepit.
2809 2799 2968 2864 Vide,
3009 2801 3286 2872 quomodo
3319 2801 3426 2856 hoc

1834 2887 2100 2942 custodiri
2131 2896 2188 2943 et
2207 2890 2510 2944 secundum
2535 2905 2814 2962 anagogen
2846 2891 3148 2962 spiritalem
3186 2901 3422 2963 oportet,

1835 2979 1913 3034 ait
1935 2980 2084 3034 enim
2106 2998 2122 3034 :

136 3085 341 3143 Servus
382 3100 485 3137 non
534 3091 709 3136 manet
740 3083 797 3134 in
829 3081 982 3135 domo
1016 3081 1070 3132 in
1093 3088 1348 3134 ceternum
1383 3079 1446 3144 ³⁷,
1477 3079 1621 3149 quod
1653 3088 1738 3135 est
1763 3089 1806 3147 ο
1912 3073 1974 3128 Si
2002 3074 2291 3128 invaluerit
2325 3074 2471 3144 apud
2501 3091 2590 3130 vos
2623 3091 2809 3130 manus
2850 3077 3246 3147 adventumque
3277 3093 3428 3146 pere-

137 3172 576 3232 inhabitantium
608 3172 914 3242 proprium.
949 3168 1058 3224 Sed
1102 3170 1177 3224 ait
1207 3169 1506 3239 legislator,
1541 3185 1742 3225 secun-

137 3270 271 3325 dum
311 3265 666 3336 Septuaginta
696 3282 708 3318 :
733 3263 797 3317 Et
826 3264 894 3318 de
928 3261 1174 3334 cognatis
1219 3261 1485 3332 ipsorum,
1508 3261 1745 3331 quicun-

138 3369 251 3425 que
295 3353 505 3408 fuerint
531 3353 585 3405 in
629 3361 772 3406 terra
800 3359 999 3415 vestra,
1042 3359 1206 3404 erunt
1242 3350 1400 3406 vobis
1436 3350 1493 3404 in
1523 3365 1744 3421 posses-

141 3445 382 3500 sionem.
416 3443 642 3515 Cognati
688 3442 833 3496 enim
862 3440 1200 3505 Judaeorum,
1244 3451 1470 3511 propter
1515 3441 1750 3497 inﬁdeli-

142 3549 347 3608 tatem,
387 3535 631 3591 hairetici
678 3543 826 3599 sunt,
853 3534 981 3603 quia
1021 3548 1130 3588 non
1161 3533 1342 3602 plene,
1379 3533 1521 3588 sicut
1573 3541 1628 3588 et
1673 3532 1749 3586 illi

141 3629 420 3690 sentiunt,
455 3635 511 3680 et
539 3625 728 3679 eadem
767 3623 928 3679 nobis
967 3623 1268 3694 praedicant
1321 3621 1602 3692 mysteria,
1632 3636 1748 3675 non

143 3732 335 3777 tamen
370 3720 427 3772 in
461 3716 668 3771 eisdem
699 3715 886 3780 rectis,
917 3723 973 3769 et
1023 3712 1301 3784 perfectis,
1347 3722 1403 3766 et
1433 3713 1662 3784 integris
1694 3712 1750 3766 in

143 3815 325 3868 Deum
375 3808 764 3880 dogmatibus:
800 3805 944 3861 unde
975 3814 1104 3860 sunt
1129 3805 1350 3874 quidem
1382 3805 1437 3858 in
1467 3813 1612 3859 terra
1647 3819 1751 3859 no-

144 3911 284 3966 stra,
311 3901 411 3956 sed
449 3897 726 3968 inquilini.

224 3991 342 4046 llos
382 3989 660 4052 habebitis,
711 3987 910 4058 inquit,
961 3988 1017 4041 in
1064 3987 1385 4058 famulos,ct
1414 3985 1754 4041 Itan'editario

139 4089 272 4159 jure
312 4083 686 4138 transmittetis
718 4083 788 4136 ad
831 4088 1094 4150 posteros,’
1119 4097 1182 4134 ac
1215 4081 1542 4150 possidebitis
1580 4080 1638 4133 in
1692 4095 1756 4134 az-

146 4191 391 4236 tcrnum.
434 4176 801 4243 Quoscunque
850 4189 979 4245 ergo
1021 4189 1089 4228 ex
1131 4174 1386 4244 gentibus
1421 4172 1754 4238 infidelibus,

149 4281 252 4327 aut
287 4287 357 4325 ex
387 4266 613 4328 Judaeis,
646 4279 740 4321 aut
760 4281 827 4319 ex
851 4265 1123 4320 haereticis
1153 4265 1342 4319 lucrati
1371 4264 1660 4329 fuerimus,
1700 4273 1757 4319 et

151 4366 266 4420 Deo
291 4361 681 4423 obtulerimus,
725 4373 1021 4427 servosque
1059 4367 1115 4412 et
1137 4357 1364 4412 ancillas
1394 4356 1756 4428 acquisiveri-

151 4468 300 4518 mus,
336 4449 724 4519 impendentes
753 4461 855 4518 pro
881 4447 964 4502 eis
981 4447 1242 4502 doctrina:
1265 4446 1576 4516 pecuniam,
1609 4446 1664 4501 hi
1698 4447 1756 4501 in

153 4547 348 4596 nostra
379 4536 739 4608 possessione
774 4545 920 4590 sunt.
948 4536 1056 4592 Sed
1084 4545 1140 4590 et
1166 4535 1290 4591 filiis
1312 4537 1537 4600 nostris,
1571 4537 1624 4592 id
1649 4546 1756 4605 est,

154 4628 482 4701 discipulis,
515 4627 763 4683 dividere
791 4643 907 4689 eos.
945 4628 1000 4682 id
1037 4637 1144 4694 est,
1176 4627 1390 4684 tradere
1423 4643 1612 4683 eorum
1642 4629 1758 4684 dis-

155 4720 470 4791 cipulatum
499 4732 812 4787 possumus.
836 4717 990 4783 Quod
1019 4716 1332 4772 manifestat
1357 4717 1580 4784 Paulus,
1603 4718 1760 4788 Cuius

157 4813 307 4867 sicut
341 4809 440 4865 lilii
479 4817 640 4864 erant
673 4809 924 4878 discipuli
956 4807 1108 4865 Titus
1143 4821 1198 4864 et
1235 4808 1577 4866 Timotheus.
1623 4809 1758 4864 Nam

157 4903 485 4964 Timotheo,
515 4900 874 4958 dilectissimo
905 4900 1014 4957 lilio
1060 4902 1113 4956 in
1150 4901 1276 4967 fide,
1324 4911 1380 4957 et
1431 4901 1556 4958 Tito
1594 4903 1761 4958 dilec-

163 4995 383 5049 tissimo
441 4993 554 5048 tilio
601 4993 909 5050 secundum
962 5009 1308 5048 communem
1341 4993 1523 5061 tidem,
1553 4995 1622 5050 ad
1666 5010 1762 5050 eos

165 5084 417 5138 scribens
459 5085 870 5152 praescribebat.
900 5083 1109 5139 Deinde
1131 5083 1284 5137 -huic
1322 5082 1605 5154 Ephesios,
1639 5087 1763 5142 huic

166 5175 472 5232 Cretenses
526 5175 820 5232 distribuit.
867 5173 1004 5229 Nam
1061 5175 1135 5229 illi
1181 5175 1402 5244 quidem
1454 5177 1762 5232 scribebat:

1845 3166 1985 3236 σι·ἱηί
2031 3166 2170 3234 (sive
2201 3175 2262 3221 ut
2304 3167 2658 3238 Septuaginta
2680 3168 2987 3239 inquilini.)
3028 3178 3075 3223 et
3122 3179 3430 3224 attenuatus

1846 3259 2014 3328 frater
2063 3268 2183 3312 tuus
2226 3257 2608 3314 vendiderit'se
2635 3260 2684 3314 ei
2731 3267 2828 3312 aut
2860 3262 3114 3328 cuiquam
3159 3261 3225 3315 de
3267 3263 3432 3333 stirpe

1849 3350 1985 3417 ejus.

1923 3440 1980 3493 ld
2018 3449 2122 3506 est,
2172 3442 2217 3498 si
2269 3441 2316 3496 is
2351 3442 2444 3512 qui
2486 3441 2552 3496 ad
2603 3441 2765 3497 [idem
2798 3455 2868 3496 ex
2913 3441 3192 3512 gentibus,
3220 3450 3316 3498 aut
3367 3457 3430 3497 ex
3465 3463 3476 3474 ·

1850 3533 2072 3600 Judaeis,
2114 3544 2211 3588 aut
2238 3537 2462 3589 omnino
2491 3535 2786 3603 haereticis,
2816 3534 3031 3592 naviter
3061 3545 3264 3592 nostra:
3308 3536 3434 3592 fidei

1851 3626 2183 3694 conjunctus
2219 3626 2397 3680 clarus
2427 3635 2513 3680 est
2545 3627 2861 3691 viitutibus,
2893 3626 2968 3682 ita
3014 3634 3075 3682 ut
3125 3636 3322 3697 potens
3367 3629 3439 3684 sit

1855 3716 1907 3781 in
1942 3715 2241 3786 arguendo,
2262 3726 2319 3771 et
2335 3714 2677 3770 exhortando
2693 3724 3003 3786 peccantes,
3027 3717 3192 3787 huius
3219 3719 3438 3788 proprie

1854 3827 2051 3869 manus
2082 3811 2386 3877 invalescit,
2415 3811 2626 3874 sive,ut
2646 3812 3022 3884 Septuaginta,
3052 3812 3279 3880 invenit,
3313 3814 3438 3883 quia

1856 3920 1956 3973 per
1993 3919 2147 3961 suam
2181 3904 2454 3959 actionem
2487 3904 2733 3959 invenire
2764 3913 2820 3960 et
2861 3906 3095 3960 aliorum
3143 3921 3440 3962 conversa-

1857 3996 2062 4050 tionem
2103 4006 2158 4052 ct
2209 3996 2647 4052 exhortationem
2695 4006 2896 4066 potest.
2944 3997 3150 4054 Deinde
3189 4009 3245 4054 et
3273 3999 3442 4055 frater

1857 4094 2006 4153 tuus,
2038 4088 2128 4157 qui
2161 4087 2290 4142 olim
2337 4086 2587 4142 eruditus
2626 4096 2712 4141 est
2757 4087 2812 4140 in
2861 4087 3052 4153 verbo,
3083 4088 3178 4143 sed
3209 4097 3266 4144 et
3315 4090 3442 4159 quia

1855 4179 2084 4250 aequalis
2135 4179 2232 4233 tibi
2277 4189 2363 4233 est
2406 4179 2708 4234 secundum
2746 4186 2951 4234 sortem
2989 4181 3440 4244 conversationis.

1862 4275 1965 4327 hoc
1997 4279 2081 4326 est
2131 4270 2280 4326 enim
2314 4269 2483 4325 frater
2530 4279 2867 4337 attenuatus,
2903 4271 2958 4326 id
3008 4281 3116 4339 est,
3154 4289 3264 4328 non
3305 4275 3447 4329 inve-

1861 4365 2022 4419 niens
2053 4363 2459 4428 exhortantem,
2486 4370 2544 4418 et
2579 4363 2869 4419 consilium
2899 4364 3120 4421 dantem
3149 4385 3162 4420 :
3201 4367 3444 4433 adventu,

1861 4457 1976 4512 sive
2007 4456 2315 4529 peregrino,
2357 4457 2445 4512 vel
2489 4457 2758 4528 inquilin
2787 4471 2846 4512 se
2878 4458 3208 4524 vendiderit,
3251 4460 3304 4517 id
3341 4473 3447 4528 est,

1860 4549 1909 4604 ei
1953 4550 2047 4620 qui
2097 4550 2316 4606 noviter
2344 4549 2413 4605 de
2443 4550 2718 4622 gentibus,
2743 4558 2840 4605 aut
2875 4549 2944 4606 de
2969 4550 3195 4619 Iudaeis,
3230 4561 3326 4608 aut
3361 4569 3452 4608 se-

1860 4641 2102 4697 cundum
2146 4641 2294 4711 quod
2340 4641 2580 4697 diximus
2621 4642 2895 4698 haereticis
2937 4643 3206 4706 credenti,
3237 4659 3452 4700 venun-

1862 4729 2026 4786 datur
2073 4737 2257 4784 autem
2303 4727 2389 4791 ei,
2439 4729 2534 4783 illo
2577 4729 2808 4783 verbum
2855 4727 3178 4791 doetorale.
3231 4738 3455 4800 propter

1863 4815 2337 4870 conversationem
2368 4815 2488 4882 ejus
2519 4815 2900 4884 impendente:
2933 4817 3060 4885 quia
3091 4817 3451 4888 incongruum

1863 4914 1950 4959 est
2003 4919 2151 4968 eum,
2193 4904 2285 4975 qui
2340 4903 2470 4958 olim
2531 4903 2589 4958 in
2627 4903 2772 4958 clara
2810 4903 3040 4960 scientia
3072 4915 3128 4964 et
3171 4922 3457 4966 conversa-

1867 4995 2016 5052 tione
2044 5003 2208 5051 notus
2235 4993 2356 5056 luit.
2389 4995 2490 5050 sub
2517 5008 2584 5050 eo
2612 4994 2703 5066 qui
2743 4995 2961 5050 noviter
2995 4997 3062 5051 ad
3096 4996 3257 5052 tidem
3285 5002 3452 5066 venit,

1871 5104 2050 5159 agere.
2098 5085 2217 5142 Non
2265 5095 2352 5143 est
2407 5087 2554 5143 enim
2593 5103 2759 5158 parva
2795 5103 2884 5143 res
2935 5088 3316 5161 discipulatus.
3359 5096 3456 5150 sed

1873 5180 2025 5237 multi
2071 5180 2354 5250 temporis,
2396 5181 2524 5237 vita:
2562 5181 2726 5235 etiam
2765 5196 2876 5235 non
2916 5183 3163 5238 modicus
3194 5184 3458 5242 decursus

168 5267 323 5322 Sicut
368 5266 555 5334 rogavi
600 5276 668 5331 te,
709 5277 763 5320 ut
803 5284 1101 5322 remaneres
1145 5267 1358 5337 Ephesi,
1389 5286 1504 5323 cum
1546 5272 1676 5324 irem
1717 5271 1771 5323 in
1873 5275 1941 5329 ad
1980 5273 2374 5344 perfectionem
2416 5273 2780 5328 necessarius.
2814 5271 2984 5330 Recte
3022 5276 3325 5338 redimitur,
3364 5280 3457 5347 qui

174 5357 580 5422 Macedoniam,
625 5368 681 5412 ut
730 5363 1077 5416 aunuutiares
1121 5362 1454 5432 quibusdam,
1505 5379 1568 5416 ne
1620 5363 1774 5416 aliter

169 5454 420 5507 doceri-nt
454 5449 521 5501 ³⁸.
566 5449 688 5506 Tito
713 5461 926 5506 autem:
969 5453 1145 5522 Hujus
1185 5454 1261 5507 rei
1293 5456 1469 5524 gratia
1510 5454 1698 5525 reliqui
1729 5463 1777 5508 te

173 5541 374 5608 Crelw,
424 5548 482 5592 ut
523 5558 586 5594 ea
629 5558 745 5612 qua:
773 5543 957 5596 desunt
997 5545 1250 5614 corrigas,
1281 5555 1326 5598 et
1363 5546 1651 5598 constituas
1681 5561 1774 5614 per

261 5716 457 5773 “Act.
492 5733 612 5782 xm,
653 5719 746 5774 46.
824 5719 867 5750 ³⁸
899 5717 1020 5774 Act.
1059 5737 1169 5788 xw,
1202 5723 1289 5780 50.
1369 5722 1412 5753 ³⁸
1438 5720 1582 5775 Psal.
1617 5737 1701 5787 Lv,
1731 5721 1783 5774 7.

1877 5357 2112 5420 voluerit
2150 5373 2218 5417 ex
2251 5355 2509 5411 fratribus
2547 5356 2684 5421 suis,
2717 5366 2862 5412 emet
2893 5373 3038 5424 eum,
3065 5359 3118 5415 id
3167 5369 3272 5427 est,
3309 5362 3460 5432 quise

1880 5450 2026 5520 piam
2062 5464 2186 5503 eum
2227 5448 2422 5502 similis
2471 5447 2720 5511 honoris,
2765 5448 3068 5521 similisque
3113 5453 3376 5520 scientiae,
3402 5461 3462 5510 et

1881 5541 2315 5597 conversationis
2375 5555 2474 5611 per
2521 5556 2674 5596 suam
2724 5542 3029 5598 doctrinam
3079 5546 3348 5612 redimat,
3401 5557 3457 5602 et

1861 5720 1904 5752 ³⁷
1939 5717 2094 5774 Joan.
2127 5732 2246 5785 vin,
2278 5718 2367 5774 5'3.
2447 5720 2488 5751 3‘
2522 5722 2540 5776 l
2578 5721 2720 5776 Tim.
2753 5739 2792 5779 ι.
2825 5723 2879 5777 5.

2976 5725 3018 5757 3°
3051 5724 3156 5780 Tit.
3190 5739 3230 5792 ι,
3262 5725 3318 5781 5.
