3810 6318
569 260 589 324 i
611 260 711 325 135

1755 251 2119 316 HESYCHII
2173 247 2653 310 PRESBYTER!
3581 257 3656 319 me

571 376 734 431 faciat
777 388 886 429 non
913 387 1051 443 opus
1085 372 1288 428 habere
1327 368 1609 425 admoneri
1636 368 1707 423 ab
1731 368 1832 430 eis,
1864 382 2001 436 quos
2035 366 2150 434 ipse
2181 370 2221 425 Α
2324 360 2561 416 Tantum
2596 362 2663 416 de
2685 361 2935 416 libertate
2972 369 3172 428 nostra,
3204 372 3252 418 ct
3273 364 3519 427 honestate,
3541 378 3653 439 etglo-

569 466 757 522 debuit
792 466 1107 530 admonere,
1164 473 1351 533 utpote
1406 462 1495 531 qui
1552 461 1608 514 in
1647 460 1871 515 scientia
1921 457 2146 528 perfecit

568 572 666 611 eos
703 557 795 626 qui
832 557 1012 610 adhuc
1065 556 1225 610 modo
1274 553 1440 624 geniti
1498 562 1645 607 sunt.
1687 551 1804 605 Non
1863 560 1947 604 est
1997 551 2143 605 enim

569 647 965 719 qualiscunque
993 645 1047 698 in
1084 645 1395 699 doctoribus
1427 643 1677 713 dignitas,
1710 641 1851 712 longi
1885 642 2146 709 temporis

569 736 815 800 screntia,
839 737 891 789 in
920 741 1129 788 tantum
1172 742 1229 787 ut
1269 731 1488 797 Paulus,
1523 731 1740 801 quando
1774 729 2144 784 Philemonem

568 825 781 879 volebat
819 824 1059 895 alligare,
1098 824 1177 877 sic
1211 823 1522 893 scripsisset
1555 839 1568 874 :
1611 821 1849 876 Obsecro
1871 835 1995 874 cum
2027 819 2146 874 talis

570 918 666 982 sis,
690 926 748 971 ut
775 916 974 970 Paulus
1012 928 1201 978 senex,
1228 928 1375 967 nunc
1401 920 1583 966 autem
1608 920 1663 965 et
1700 911 1914 965 vinctus
1943 908 2145 964 Christi

567 1003 716 1059 Jcsu.
761 1004 827 1057 Et
858 1012 1185 1058 vetustatem
1223 1001 1500 1072 temporis,
1533 999 1885 1063 confessioni,
1933 1015 2054 1069 quae
2092 999 2145 1052 iu

573 1092 806 1145 vinculis
842 1099 981 1156 erat,
1030 1092 1335 1157 conjunxit,
1368 1095 1556 1159 utpote
1596 1088 1847 1143 idoneam
1877 1089 2144 1141 exsistet»

568 1191 674 1235 tem
717 1180 784 1234 ad
822 1181 1048 1250 gloriam
1078 1194 1271 1234 eorum
1310 1178 1477 1247 quiin
1514 1177 1740 1231 scientia
1776 1175 2142 1246 profecerunt.

566 1267 798 1322 Patruus
829 1284 977 1338 ergo,
1004 1277 1059 1321 et
1088 1267 1369 1337 patruelis,
1399 1274 1454 1320 et
1483 1264 1944 1334 consanguineus,
1970 1272 2025 1316 et
2067 1261 2124 1315 af
2130 1288 2149 1302 ν

566 1355 691 1410 ﬁnis
744 1356 977 1410 redimat
1030 1369 1174 1408 eum.
1219 1353 1407 1411 Patres
1436 1352 1607 1407 nostri
1662 1361 1791 1405 sunt
1847 1349 2144 1404 secundum

567 1444 843 1513 spiritum,
877 1442 967 1511 qui
1001 1457 1101 1496 nos
1131 1449 1556 1510 genueruntper
1592 1439 1796 1493 Christi
1818 1438 2143 1508 doctrinam,

567 1540 787 1599 propter
826 1530 971 1598 quod
1002 1536 1060 1582 et
1100 1526 1300 1582 Paulus
1340 1527 1639 1582 Corinthiis
1672 1525 1962 1580 scribebat:
2003 1522 2147 1577 Nam

563 1618 662 1671 etsi
697 1616 887 1670 multos
916 1614 1118 1669 habetis
1146 1616 1456 1685 pa’dagogos
1508 1617 1565 1667 in
1618 1613 1842 1677 Christo,
1900 1615 1991 1665 sed
2046 1627 2148 1665 non

2248 451 2481 505 riatione
2521 450 2575 503 in
2627 451 2785 505 nobis
2809 490 2823 514 ,
2854 460 2913 506 et
2950 451 3263 507 confidentia
3304 465 3482 510 sanctas
3516 456 3653 527 Spiritus

2247 541 2343 604 ait,
2386 550 2446 595 ut
2478 558 2924 612 unumquemque
2962 555 3201 598 nostrum
3246 545 3334 600 sub
3370 549 3565 601 servitute
3586 567 3652 619 pcr-

2247 636 2355 690 cati
2405 636 2789 699 constitutum,
2824 634 3116 689 virtutibus
3168 635 3414 704 praecipiat
3455 638 3599 702 redimi,
3626 652 3652 693 ct

2247 728 2707 789 correctionibus,
2728 727 2775 781 si
2803 725 2955 781 verbi
2984 727 3171 797 gratia.
3204 726 3411 780 cilicium
3435 737 3477 781 et
3496 731 3648 787 cinerem,

2247 826 2303 871 et
2342 818 2625 888 lacrymas,
2662 826 2719 871 et
2765 833 2885 871 eam
2931 833 3049 887 quae
3080 818 3134 870 in
3163 817 3243 870 his
3289 828 3362 871 est
3393 819 3647 872 confessionem

2247 909 2448 963 lucrari
2504 909 2779 972 volumus,
2839 916 2895 962 et
2931 922 3255 977 quaecunque
3301 922 3406 962 cum
3443 907 3506 961 his
3540 924 3646 961 annum

2249 996 2535 1049 continent
2567 995 2775 1066 jubilaii
2803 1036 2817 1059 ,
2854 994 2967 1049 sive
3002 995 3339 1055 remissionis.
3383 995 3437 1048 ad
3462 995 3645 1063 hujusmeli

2247 1086 2395 1140 enim
2437 1087 2820 1155 probationem
2866 1087 3152 1156 prtesentia
3187 1086 3425 1156 exposuit.
3465 1085 3532 1139 Sin
3550 1096 3644 1139 aulem

2248 1183 2304 1228 et
2346 1176 2462 1244 ipse
2507 1177 2765 1245 potuerit,
2819 1177 3050 1230 redimet
3096 1190 3152 1229 se
3201 1176 3465 1245 supputatis
3497 1177 3645 1229 duuiani

2248 1266 2430 1331 annis,
2468 1282 2499 1320 a
2532 1274 2777 1336 tempore
2801 1266 3126 1320 venditionis
3153 1281 3276 1331 sua},
3304 1280 3446 1335 usque
3468 1266 3514 1318 ad
3535 1282 3641 1319 uinum

2244 1356 2471 1425 jubilmi.
2514 1357 2571 1411 Si
2618 1358 2765 1410 enim
2810 1373 3016 1427 pauper
3060 1356 3230 1412 factus
3258 1374 3344 1428 per
3370 1357 3642 1428 peccantqu

2247 1448 2401 1517 prius
2425 1448 2579 1502 dives
2603 1457 2721 1502 erat
2750 1448 2801 1500 in
2821 1448 3113 1502 virtutibus
3129 1457 3181 1502 et
3199 1438 3640 1510 correctionibusreca

2248 1539 2603 1608 semetipsum
2638 1539 2912 1603 liberavit,
2952 1538 3079 1592 dum
3115 1538 3327 1593 sufﬁciat
3365 1539 3418 1592 ad
3440 1538 3640 1591 exhortatio-

2250 1636 2379 1703 nem
2414 1632 2713 1700 propriam.
2750 1630 3137 1685 Verumtamen
3168 1645 3262 1683 nec
3310 1629 3383 1683 hic
3416 1628 3639 1697 integrumdc

566 1709 758 1763 multos
781 1716 957 1777 patres
988 1707 1052 1760 ⁸ο.
1086 1707 1140 1759 In
1180 1706 1402 1760 Christo
1431 1705 1576 1759 enim
1598 1704 1747 1769 Jesu,
1774 1719 1875 1773 per
1902 1705 2070 1773 Evant

2137 1732 2147 1742 '
2180 1702 2220 1756 Β
2250 1702 2600 1782 seconﬁdat.
2636 1731 2695 1775 ut
2724 1722 2815 1791 qui
2850 1722 3020 1776 semel
3068 1721 3350 1776 inﬁrmatus
3385 1730 3466 1783 est,
3499 1720 3641 1772 ethera-

566 1800 698 1853 lium
745 1813 843 1853 vos
891 1798 1071 1869 genui.
1112 1796 1391 1865 Quotquot
1445 1811 1573 1867 ergo
1605 1796 1801 1849 fratres
1836 1795 2056 1859 horum,
2094 1795 2149 1849 id

564 1901 648 1945 est
685 1889 1017 1951 sacerdotes,
1066 1880 1208 1941 sicui
1253 1895 1309 1940 et
1354 1886 1457 1956 ipsi
1496 1895 1625 1941 sunt
1656 1894 1712 1939 et
1745 1884 2019 1951 doctores,
2055 1895 2148 1938 aut

562 1993 618 2037 et
675 1983 770 2036 ﬁlii
824 1981 1078 2046 fratrum,
1133 1987 1230 2033 aut
1276 1976 1798 2047 diseipuli‘quidem
1834 1992 2046 2044 eorum,
2090 1979 2145 2031 in

562 2074 810 2128 eamdem
861 2082 1042 2127 autem
1096 2086 1258 2140 quam
1298 2069 1389 2124 ille
1432 2069 1717 2124 scientiam
1752 2078 1806 2124 et
1840 2069 2145 2124 doctrinam

565 2166 813 2236 provecti
865 2174 1018 2228 sunt,
1056 2164 1253 2217 fratres
1291 2162 1457 2232 patris
1513 2170 1662 2216 recte
1715 2162 1989 2216 dicuntur.
2043 2161 2146 2226 Qui

562 2260 707 2312 enim
744 2255 1139 2326 consanguinei
1188 2261 1244 2308 et
1282 2252 1471 2307 afﬁnes
1518 2260 1649 2307 sunt
1698 2252 1817 2321 ejus
1879 2252 1975 2321 qui
2026 2266 2147 2321 eget

563 2350 788 2404 consilio
819 2356 876 2402 et
908 2346 1310 2407 exhortatione,
1341 2345 1395 2398 id
1424 2351 1533 2407 est,
1569 2352 1627 2397 ut
1657 2344 1748 2412 qui
1778 2342 2021 2409 ejusdem
2060 2342 2144 2397 di-

562 2438 783 2511 gnitatis
813 2446 869 2492 et
917 2434 1351 2492 conversationis
1383 2433 1624 2499 fuerunt,
1669 2431 1724 2485 hi
1760 2445 1949 2486 rursus
1995 2431 2143 2486 redi-

564 2541 739 2596 munt,
769 2529 917 2584 Pauli
945 2542 1219 2582 memores
1249 2525 1425 2581 vocis:
1474 2524 1532 2579 Si
1558 2526 1673 2595 quis
1703 2534 1879 2579 autem
1905 2540 2141 2592 suorum,

563 2635 611 2678 et
658 2623 887 2676 maxime
938 2620 1342 2673 domesticorum
1387 2633 1572 2671 curam
1614 2634 1717 2670 non
1761 2617 1912 2671 habet
1938 2656 1952 2682 ,
1987 2616 2143 2685 fidem

564 2713 770 2783 negavit
790 2753 805 2779 ,
835 2719 883 2763 et
914 2719 987 2764 est
1017 2709 1217 2777 inﬁdeli
1263 2709 1493 2762 deterior
1520 2708 1585 2774 “,
1617 2718 1674 2763 et
1711 2710 1805 2775 qui
1830 2715 2047 2777 oportet
2075 2709 2142 2762 ad

562 2816 756 2858 omnes
774 2802 978 2856 bonum
1010 2798 1322 2863 ostendere,
1338 2798 1572 2854 maxime
1593 2807 1776 2852 autem
1796 2799 1863 2853 ad
1894 2798 2142 2868 proprios

565 2897 710 2952 ﬁdei.
776 2896 841 2949 Hi
893 2908 1022 2965 ergo
1083 2892 1242 2947 nobis
1297 2892 1691 2962 consanguinei
1761 2907 1860 2963 per
1920 2908 2140 2947 carnem

562 2990 762 3045 Christi
793 2998 939 3053 sunt,
971 2985 1099 3056 quia
1136 2986 1204 3040 de
1251 3000 1413 3039 carne
1447 2986 1568 3056 ejus
1600 2995 1655 3040 et
1680 2986 1747 3040 de
1774 2985 1989 3040 ossibus
2020 2986 2138 3055 ejus

564 3094 773 3142 sumus,
806 3075 1266 3147 quemadmodum
1292 3074 1408 3144 ipse
1437 3089 1626 3129 rursus
1660 3073 1859 3127 Paulus
1885 3073 2138 3142 Ephesiis

565 3171 802 3239 scripsit.
839 3168 897 3221 In
945 3176 1155 3221 tantum
1195 3179 1326 3235 ergo
1363 3164 1558 3218 melius
1585 3171 1669 3219 est
1699 3163 1768 3216 ab
1791 3163 2047 3232 antiquis,
2084 3173 2140 3216 et

564 3264 808 3333 ejusdem
859 3259 984 3314 ﬁdei
1035 3258 1314 3313 admoneri
1369 3270 1494 3311 eum
1527 3255 1621 3325 qui
1682 3254 1741 3308 in
1783 3255 2006 3310 actione
2046 3266 2141 3310 aut

564 3356 791 3412 scientia
822 3354 1004 3408 minor
1040 3360 1142 3418 est,
1174 3351 1299 3420 quia
1329 3340 1546 3419 Apelles
1580 3347 2003 3413 Alexandrinus,
2039 3348 2139 3402 do-

565 3457 686 3502 ctus
730 3445 988 3515 magister
1016 3453 1134 3498 erat
1170 3450 1225 3497 et
1269 3442 1466 3506 clarus,
1506 3440 1603 3495 sed
1654 3450 1837 3494 tamen
1869 3439 2138 3494 minorem

565 3537 845 3591 scientiam
880 3534 1139 3600 habebat,
1173 3541 1230 3588 et
1268 3533 1372 3587 hoc
1406 3533 1550 3601 quod
1588 3541 1705 3585 erat
1732 3544 2026 3595 summum,
2056 3543 2141 3582 re-

566 3629 939 3701 prehensibile
987 3627 1242 3691 habebat,
1294 3625 1547 3680 nesciens
1590 3622 1795 3678 Christi
1848 3621 2136 3692 baptisma.

569 3720 722 3778 Unde
768 3718 1011 3775 Priscilla
1065 3726 1122 3772 et
1166 3717 1361 3785 Aquila
1410 3721 1770 3784 susceperunt
1806 3714 1955 3766 hunc
1982 3713 2050 3778 δ’,
2084 3722 2142 3767 et

565 3807 824 3862 subtilius
857 3812 1233 3875 exposuerunt
1284 3803 1333 3857 ei
1363 3803 1524 3867 viam,
1576 3803 1718 3856 sicut
1752 3802 1830 3856 ait
1852 3801 2048 3867 Lucas,
2084 3802 2140 3856 id

567 3908 675 3962 est,
703 3913 787 3960 ea,
819 3914 940 3967 quae
972 3897 1319 3967 pertinebant
1346 3895 1411 3949 ad
1434 3894 1737 3949 doctrinam
1760 3894 2137 3950 etscientiam:

566 3988 925 4059 incongruum
955 4001 1077 4041 esse
1110 3992 1383 4055 putantes,
1418 3984 1463 4039 si
1494 3984 1563 4038 ab
1587 3984 1707 4038 aliis
1735 3992 1788 4038 et
1831 3999 1939 4038 non
1972 3984 2040 4039 ab
2061 3985 2142 4038 eis

566 4081 656 4151 qui
721 4083 777 4135 in
838 4079 1068 4135 scientia
1127 4078 1517 4148 profecerunt,
1568 4077 1754 4147 quales
1802 4084 1960 4131 erant
2014 4076 2136 4147 ipsi,

565 4170 948 4226 emendaretur
990 4170 1198 4224 doctor.
1243 4167 1350 4223 Sed
1372 4177 1428 4223 et
1456 4183 1580 4223 cum
1623 4168 1740 4222 hac
1767 4167 1878 4222 sint
1908 4166 2141 4221 admira-

565 4263 717 4325 bilia,
742 4262 922 4317 adhuc
948 4260 1353 4315 admirabiliora
1374 4268 1696 4328 sequuntur.

2251 1809 2398 1863 tione
2430 1818 2485 1862 et
2513 1810 2742 1863 consilio
2765 1824 2953 1880 egens,
2974 1817 3244 1878 computet
3269 1808 3391 1877 apud
3409 1807 3638 1874 semetipsum.

2249 1901 2300 1954 id
2341 1910 2445 1966 est,
2488 1916 2673 1955 secum
2717 1910 2911 1956 tractet
2965 1911 3021 1955 et
3078 1901 3342 1968 disceptet.
3392 1897 3460 1952 Sic
3492 1899 3583 1952 enim
3614 1904 3638 1948 ct

2247 1992 2587 2048 Theodotion
2614 2013 2627 2048 :
2678 1993 2955 2047 Tractabit
2990 2010 3106 2048 cum
3140 2010 3212 2057 eo,
3246 1993 3325 2058 qui
3350 1991 3637 2060 acqttisirittre.

2245 2084 2441 2154 Aquila
2481 2095 2683 2140 autem:
2709 2085 3032 2155 Supputabit
3055 2102 3169 2139 cum
3197 2102 3268 2148 eo,
3299 2086 3373 2154 qui
3391 2084 3637 2151 possedilm.

2245 2175 2309 2228 Ei
2334 2176 2426 2245 qui
2457 2177 2728 2241 tractavit,
2763 2178 3039 2246 quomodo
3073 2177 3258 2230 debeat
3286 2190 3433 2229 veram
3459 2174 3637 2225 libertatem

2246 2268 2348 2321 sibi
2399 2269 2725 2337 conquirere
2754 2287 2765 2320 :
2825 2268 3159 2336 computavit
3193 2276 3353 2320 autem
3381 2265 3435 2319 ab
3470 2277 3563 2316 anno
3585 2276 3637 2327 quo

2245 2360 2598 2429 semetipsum
2627 2358 2893 2423 vendidit,
2924 2373 3098 2427 usque
3118 2358 3180 2411 ad
3210 2372 3386 2410 annum
3407 2352 3636 2424 jubilmi,sirr

2243 2450 2603 2511 remissionis,
2636 2464 2666 2504 a
2699 2466 2808 2519 quo
2842 2450 3097 2504 videlicet
3130 2464 3341 2520 peccans
3366 2446 3478 2517 eguit
3509 2442 3636 2497 consilio

2242 2549 2298 2594 et
2337 2539 2621 2605 doctrina,
2668 2541 2977 2609 usquedum
3024 2541 3273 2611 integram
3333 2548 3378 2592 et
3410 2532 3633 2589 omnimodae!

2240 2643 2463 2704 peragat
2513 2633 2911 2703 paenitentiam,
2958 2636 3016 2687 in
3075 2649 3177 2702 qua
3227 2630 3523 2686 remissionem
3560 2622 3633 2677 acri-

2243 2725 2419 2795 piens,
2450 2707 2671 2793 aequalis
2721 2724 2768 2778 ei
2816 2723 2940 2789 ﬁat,
2995 2725 3087 2795 qui
3122 2725 3319 2794 penitus
3355 2736 3441 2774 non
3481 2714 3631 2786 peccarit.

2238 2813 2382 2879 Quid
2415 2822 2597 2867 autem
2631 2813 2918 2867 tractabit?
2959 2814 3157 2884 quibus
3202 2809 3444 2866 virtutibus
3482 2813 3519 2859 et
3535 2816 3634 2857 corre-

2239 2907 2533 2972 ctionibus,
2565 2920 2682 2960 eam
2717 2922 2838 2976 quae
2880 2922 2985 2976 per
3020 2908 3299 2962 studiosam
3316 2900 3634 2972 ptenitentumest

2239 3002 2636 3068 remissionem,
2657 3003 3041 3072 apprehendre
3069 3013 3122 3056 et
3152 3001 3406 3071 procedere
3420 2994 3550 3067 possit.
3569 2987 3632 3043 Sit-

2241 3103 2302 3146 ut
2354 3092 2501 3146 enim
2534 3091 2626 3161 qui
2658 3092 2946 3161 pecuniam
2972 3093 3199 3147 reddidit
3230 3087 3630 3158 redemptoriannum

2239 3182 2577 3236 remissionis
2611 3193 2933 3252 exspectare
2966 3198 3103 3252 opus
3132 3198 3233 3235 non
3261 3180 3466 3243 habebat,
3488 3174 3547 3244 qui
3572 3179 3632 3224 ent

2237 3274 2744 3345 quinquagesimus,
2793 3276 2883 3344 qui
2937 3275 3188 3345 jubilaius
3229 3273 3473 3332 dicebatur,
3497 3268 3548 3321 sic
3583 3263 3631 3331 qui

2239 3373 2524 3432 peccatum
2553 3364 2620 3418 ad
2664 3364 2959 3418 delendum
3008 3365 3136 3419 illud
3186 3361 3406 3433 aequales,
3435 3358 3513 3413 sive
3547 3364 3631 3424 pares

2240 3455 2467 3509 virtutes
2497 3454 2757 3525 exquirit,
2792 3456 3051 3524 pra-cedit
3085 3444 3632 3526 pmnitentiam,actionibus

2238 3546 2397 3601 bonis
2416 3561 2475 3602 se
2514 3546 2791 3600 redimens
2813 3565 2826 3600 :
2848 3548 2997 3614 quod
3033 3540 3344 3600 demdnstrat
3368 3528 3631 3599 Zachariam

2238 3653 2363 3693 cum
2400 3638 2771 3708 'plurimorum
2823 3639 3061 3708 plurima
3108 3638 3411 3696 sustulisset,
3452 3645 3526 3685 non
3555 3624 3631 3693 98"“

2239 3744 2421 3795 sacco,
2445 3740 2500 3785 et
2528 3714 2735 3795 ciner'e,
2765 3738 2820 3783 et
2854 3729 3133 3801 lacrymis,
3161 3739 3209 3783 et
3238 3725 3456 3782 oratione.
3475 3713 3631 3772 ﬂicenim

2239 3821 2399 3876 nobis
2435 3836 2614 3875 annus
2636 3821 3002 3887 remissionis,
3033 3820 3169 3876 sicut
3201 3818 3359 3874 omnia
3397 3814 3631 3871 habent“

2242 3910 2400 3966 nobis
2427 3909 2758 3964 fructiﬁcent
2780 3909 3176 3965 remissionem.
3207 3905 3313 3960 Non
3336 3899 3631 3970 indiguitaulw.

2240 3998 2369 4068 quia
2400 4007 2626 4067 peccata
2657 3998 2883 4066 quidem
2918 4010 3075 4053 erant
3115 3994 3413 4067 pecuniaria:
3438 3990 3517 4056 ipse
3534 3990 3630 4034 autem

2241 4102 2326 4153 ea,
2367 4102 2487 4157 quae
2517 4087 2745 4156 abrepta
2784 4085 3026 4154 fuerant,
3077 4082 3306 4157 promisit
3328 4076 3499 4134 reddere
3514 4070 3631 4131 inqua-

2240 4179 2515 4248 druplum,
2544 4177 2829 4233 dimidium
2860 4188 3045 4235 autem
3083 4188 3288 4231 suormn
3316 4166 3554 4225 distribuere

2242 4244 2757 4341 peribus°Pmpier
2811 4270 2959 4338 (ιιιοά
3013 4268 3251 4323 Christus
3295 4261 3353 4315 ad
3390 4269 3510 4311 eum:
3543 4244 3629 4341 Hei!

632 4355 794 4408 Vsus.
829 4352 1018 4407 50-55.
1050 4371 1069 4402 ι
1108 4351 1163 4405 Si
1194 4360 1376 4404 autem
1406 4358 1461 4404 et
1482 4350 1596 4418 ipse
1626 4349 1882 4418 potuerit,
1910 4348 2139 4404 redimet
2171 4363 2214 4421 ι)
2240 4336 2384 4418 ,aju,
2434 4363 2554 4416 huic
2599 4336 2779 4415 domu;
2810 4336 2955 4432 facta
3006 4371 3081 4417 εει
3107 4361 3169 4427 δι’
3209 4353 3462 4422 suscipiens
3487 4336 3629 4432 pecunii:

565 4460 645 4511 se:
677 4443 985 4513 δευρινθιίε
1011 4442 1277 4496 duntaxat
1303 4439 1462 4495 annis
1485 4416 1516 4493 εί
1548 4416 1790 4509 ten—1P0"?
1810 4440 2137 4495 νθηίίίιίοηίε
2171 4416 2203 4421 Τ
2239 4416 2630 4520 iedemptionis
2653 4449 2792 4519 ejus,
2810 4416 2966 4504 dixit.
2992 4416 3305 4503 Admirabile
3330 4416 3397 4494 est
3416 4441 3542 4488 autem
3558 4416 3629 4491 quo"

564 4552 678 4591 sua:
735 4546 910 4603 usque
953 4536 1007 4586 in
1057 4547 1262 4587 annum
1311 4531 1616 4602 jubilmum,
1667 4541 1718 4586 et
1752 4533 1981 4602 pecunia
2028 4549 2135 4604 qua

567 4625 821 4682 venditus
855 4625 1066 4691 fuerat,
1104 4624 1260 4695 juxta
1310 4637 1581 4677 annorum
1608 4638 1898 4677 numerum
1956 4633 2015 4679 et
2045 4640 2133 4679 ra-

566 4722 771 4775 tionem
801 4718 1127 4773 mercenarii
1157 4725 1470 4787 supputata.
1502 4716 1558 4770 Si
1577 4717 1763 4787 plures
1776 4717 1976 4772 fuerint
2003 4720 2135 4772 anni

560 4815 655 4884 qui
700 4820 985 4867 remanent
1015 4825 1188 4882 usque
1220 4811 1287 4865 ad
1339 4810 1639 4880 jubilaeum,
1688 4809 1986 4864 secundum
2034 4810 2134 4866 hos

563 4907 752 4963 reddet
779 4916 834 4961 et
874 4918 1127 4977 pretium.
1168 4904 1223 4959 Si
1268 4905 1445 4974 pauci,
1483 4913 1647 4973 ponet
1693 4903 1959 4959 rationem
2009 4919 2131 4958 cum

561 5015 627 5054 eo
657 5000 809 5069 juxta
845 4999 1101 5067 pretium,
1132 5006 1187 5050 et
1211 5010 1500 5049 numerant
1533 5009 1824 5058 annorum,
1856 5004 1916 5048 et
1943 4993 2133 5049 reddet

561 5093 793 5161 emptori
826 5090 969 5161 quod
1012 5087 1283 5157 reliquum
1330 5095 1415 5140 est
1455 5100 1744 5150 annorum,
1777 5085 1974 5154 quibus
2003 5094 2129 5138 ante

562 5182 789 5236 servivit
835 5180 1178 5234 mercedibus
1232 5175 1528 5245 imputatis.
1580 5174 1699 5229 Non
1749 5175 1948 5243 allliget
2000 5189 2126 5227 eum

561 5273 825 5328 violenter
851 5272 906 5325 in
937 5277 1230 5339 conspectu
1272 5277 1383 5321 tuo.
1409 5267 1563 5334 Quod
1594 5268 1640 5320 si
1670 5283 1767 5337 per
1796 5267 1911 5321 haec
1939 5266 2129 5320 redimi

566 5379 674 5417 non
727 5352 978 5434 potuerit,
1024 5375 1169 5414 anno
1204 5359 1424 5429 jubilazo
1470 5359 1742 5428 egreditur
1791 5373 1914 5411 cum
1944 5357 2132 5411 liberis

565 5455 698 5508 suis.
726 5454 830 5507 Mei
860 5453 1001 5508 enim
1035 5461 1161 5505 sunt
1192 5449 1334 5504 servi
1370 5449 1461 5503 ﬁlii
1496 5450 1678 5513 lsrael,
1709 5463 1845 5517 quos
1875 5448 2035 5502 eduxi
2066 5448 2134 5503 de

569 5548 712 5596 terra
740 5544 973 5613 Algypti.
1006 5544 1117 5612 Ego
1146 5541 1407 5596 Dominus
1439 5540 1582 5595 Deus
1606 5549 1801 5595 vester.
1841 5556 1861 5592 ι

637 5654 684 5688 ⁸⁸
712 5657 734 5712 ι
769 5657 887 5712 Cor.
927 5658 1106 5721 rv,15.
1184 5657 1224 5687 εί
1259 5655 1372 5709 Cal.
1404 5672 1475 5723 vr,
1505 5656 1589 5711 10.
1666 5657 1709 5688 ’δ’
1736 5655 1853 5710 Act.
1880 5672 1997 5724 vm,
2027 5656 2116 5713 26.

2191 5659 2235 5691 ⁸³
2269 5659 2402 5712 Luc.
2434 5674 2544 5726 xix,
2581 5657 2634 5711 9.

2239 4542 2509 4612 sequitur.

2306 4632 2373 4687 Et
2404 4632 2761 4702 pecunia‘qua
2794 4632 3032 4685 venditus
3057 4627 3375 4699 fueraljuxta
3394 4614 3628 4670 annorum"

2238 4740 2459 4789 merum,
2496 4732 2542 4776 et
2577 4723 2835 4776 rationem
2864 4721 3169 4776 mercenarii
3192 4721 3490 4784 supputatam.
3607 4779 3621 4789 Γ

2314 4816 2441 4869 Sive
2470 4812 2769 4867 secundum
2802 4811 3150 4882 Septuaginta
3174 4828 3184 4861 :
3206 4806 3309 4862 Erit
3339 4796 3511 4871 pecunia
3538 4779 3634 4840 renti;-

2240 4898 2400 4958 tionis
2430 4906 2549 4975 ejus
2582 4918 2726 4958 anno
2766 4903 2909 4957 sicut
2933 4903 3050 4957 dies
3079 4892 3369 4953 mercenarii
3389 4882 3634 4975 erilcumfﬂ'

2236 4995 2375 5048 Cum
2416 4971 2525 5065 quo
2557 4994 2646 5048 die
2686 5008 2816 5064 ergo
2856 4993 3126 5064 legislator
3174 5001 3273 5040 non
3321 4982 3473 5035 frustra
3490 4971 3637 5065 menmi-

2234 5103 2358 5142 nem
2381 5088 2528 5150 fecit,
2547 5086 2638 5142 sed
2666 5087 2809 5141 illam
2835 5085 3087 5145 innuens,
3104 5093 3255 5151 quam
3276 5068 3478 5144 apertein
3490 5059 3637 5161 Evangr

2232 5175 2319 5233 liis
2334 5179 2590 5232 Dominus
2604 5175 3079 5240 ostendit,quando
3094 5168 3370 5241 parabolam
3382 5157 3637 5241 ome'

2236 5269 2330 5338 qui
2367 5268 2433 5322 ad
2462 5268 2676 5321 vineam
2727 5265 2979 5321 conducti
3027 5271 3184 5326 sunt,
3210 5229 3638 5338 exposuitiizquamii

2239 5333 2339 5415 hos
2358 5360 2577 5429 quidem
2596 5373 2776 5424 mane,
2797 5358 2912 5412 illos
2932 5365 3109 5411 autem
3139 5353 3261 5408 liora
3277 5346 3420 5407 tertia,
3446 5340 3520 5393 hos
3535 5333 3635 5429 δυιεξ

2239 5459 2389 5505 sexta
2420 5490 2434 5515 ,
2468 5449 2589 5505 illos
2622 5458 2803 5504 autem
2827 5462 2985 5513 nona,
3014 5445 3142 5500 alios
3162 5456 3281 5497 vero
3305 5429 3525 5523 undecimi

2241 5540 2470 5595 conduci
2510 5540 2757 5606 dixisset,
2798 5550 2852 5594 et
2896 5538 3008 5593 dari
3048 5532 3306 5590 mercedes
3351 5513 3525 5597 his,'qui
3557 5512 3631 5562 ἀπ’

2712 5657 2756 5689 ’⁵⁵
2785 5655 2971 5711 Matth.
3008 5669 3097 5716 xx,
3132 5654 3153 5703 1
3183 5660 3286 5714 seq.
