  <div class='ocr_page' id='page_1' title='image "/cluster/home/n/w/nwhite01/storage/ocr_20150623/93/pst.000005712991/580.png"; bbox 0 0 3810 6318; ppageno 0'>
   <div class='ocr_carea' id='block_1_1' title="bbox 115 344 251 413">
    <p class='ocr_par' dir='ltr' id='par_1_1' title="bbox 115 344 251 413">
     <span class='ocr_line' id='line_1_1' title="bbox 115 344 251 413; baseline -0.015 0"><span class='ocrx_word' id='word_1_1' title='bbox 115 344 251 413; x_wconf 81' lang='grc'><strong>1137</strong></span> 
     </span>
    </p>
   </div>
   <div class='ocr_carea' id='block_1_2' title="bbox 1226 355 2254 419">
    <p class='ocr_par' dir='ltr' id='par_1_2' title="bbox 1226 355 2254 419">
     <span class='ocr_line' id='line_1_2' title="bbox 1226 355 2254 419; baseline -0.001 -2"><span class='ocrx_word' id='word_1_2' title='bbox 1226 356 1306 418; x_wconf 82' lang='lat' dir='ltr'><strong>IN</strong></span> <span class='ocrx_word' id='word_1_3' title='bbox 1348 355 1788 419; x_wconf 79' lang='lat' dir='ltr'><strong>LEVITICUM.</strong></span> <span class='ocrx_word' id='word_1_4' title='bbox 1826 378 1895 393; x_wconf 85' lang='grc'><strong><em>-</em></strong></span> <span class='ocrx_word' id='word_1_5' title='bbox 1932 357 2079 417; x_wconf 86' lang='lat' dir='ltr'><strong>LIB.</strong></span> <span class='ocrx_word' id='word_1_6' title='bbox 2120 356 2254 418; x_wconf 83' lang='lat' dir='ltr'><strong>VII.</strong></span> 
     </span>
    </p>
   </div>
   <div class='ocr_carea' id='block_1_3' title="bbox 3227 353 3363 422">
    <p class='ocr_par' dir='ltr' id='par_1_3' title="bbox 3227 353 3363 422">
     <span class='ocr_line' id='line_1_3' title="bbox 3227 353 3363 422; baseline 0.007 -1"><span class='ocrx_word' id='word_1_7' title='bbox 3227 353 3363 422; x_wconf 78' lang='lat'><strong>1138</strong></span> 
     </span>
    </p>
   </div>
   <div class='ocr_carea' id='block_1_4' title="bbox 113 434 3360 533">
    <p class='ocr_par' dir='ltr' id='par_1_4' title="bbox 113 434 3360 533">
     <span class='ocr_line' id='line_1_4' title="bbox 113 434 3360 533; baseline 0.005 -23"><span class='ocrx_word' id='word_1_8' title='bbox 113 456 453 512; x_wconf 79' lang='lat' dir='ltr'><strong>undecimam</strong></span> <span class='ocrx_word' id='word_1_9' title='bbox 488 458 745 514; x_wconf 85' lang='lat' dir='ltr'><strong>conducti</strong></span> <span class='ocrx_word' id='word_1_10' title='bbox 774 469 925 524; x_wconf 85' lang='lat' dir='ltr'><strong>sunt,</strong></span> <span class='ocrx_word' id='word_1_11' title='bbox 949 460 1094 516; x_wconf 81' lang='lat' dir='ltr'><strong>sicut</strong></span> <span class='ocrx_word' id='word_1_12' title='bbox 1116 461 1202 516; x_wconf 91' lang='lat' dir='ltr'><strong>his</strong></span> <span class='ocrx_word' id='word_1_13' title='bbox 1222 462 1314 531; x_wconf 98' lang='lat' dir='ltr'><strong>qui</strong></span> <span class='ocrx_word' id='word_1_14' title='bbox 1343 472 1511 518; x_wconf 87' lang='lat' dir='ltr'><strong>totam</strong></span> <span class='ocrx_word' id='word_1_15' title='bbox 1537 462 1677 518; x_wconf 89' lang='lat' dir='ltr'><strong>diem</strong></span> <span class='ocrx_word' id='word_1_16' title='bbox 1712 467 1755 524; x_wconf 81' lang='grc' dir='ltr'>Α</span> <span class='ocrx_word' id='word_1_17' title='bbox 1784 462 2218 532; x_wconf 69' lang='lat' dir='ltr'><strong>praedicaverunt</strong></span> <span class='ocrx_word' id='word_1_18' title='bbox 2248 461 2543 533; x_wconf 87' lang='lat' dir='ltr'><strong>jejunium,</strong></span> <span class='ocrx_word' id='word_1_19' title='bbox 2596 473 2652 520; x_wconf 88' lang='lat' dir='ltr'><strong>et</strong></span> <span class='ocrx_word' id='word_1_20' title='bbox 2702 466 2879 521; x_wconf 85' lang='lat' dir='ltr'><strong>induti</strong></span> <span class='ocrx_word' id='word_1_21' title='bbox 2932 476 3058 523; x_wconf 90' lang='lat' dir='ltr'><strong>sunt</strong></span> <span class='ocrx_word' id='word_1_22' title='bbox 3113 434 3272 524; x_wconf 74' lang='lat' dir='ltr'><strong>sacco</strong></span> <span class='ocrx_word' id='word_1_23' title='bbox 3327 488 3360 527; x_wconf 86' lang='lat' dir='ltr'><strong>a</strong></span> 
     </span>
    </p>
   </div>
   <div class='ocr_carea' id='block_1_5' title="bbox 111 548 1684 623">
    <p class='ocr_par' dir='ltr' id='par_1_5' title="bbox 111 548 1684 623">
     <span class='ocr_line' id='line_1_5' title="bbox 111 548 1684 623; baseline 0.004 -23"><span class='ocrx_word' id='word_1_24' title='bbox 111 548 313 613; x_wconf 78' lang='lat' dir='ltr'><strong>operati</strong></span> <span class='ocrx_word' id='word_1_25' title='bbox 357 557 503 614; x_wconf 91' lang='lat' dir='ltr'><strong>sunt,</strong></span> <span class='ocrx_word' id='word_1_26' title='bbox 537 551 721 617; x_wconf 78' lang='lat' dir='ltr'><strong>jussit,</strong></span> <span class='ocrx_word' id='word_1_27' title='bbox 760 551 905 605; x_wconf 91' lang='lat' dir='ltr'><strong>sicut</strong></span> <span class='ocrx_word' id='word_1_28' title='bbox 934 552 1098 607; x_wconf 88' lang='lat' dir='ltr'><strong>unius</strong></span> <span class='ocrx_word' id='word_1_29' title='bbox 1130 568 1257 623; x_wconf 82' lang='lat' dir='ltr'><strong>ergo</strong></span> <span class='ocrx_word' id='word_1_30' title='bbox 1308 553 1547 616; x_wconf 88' lang='lat' dir='ltr'><strong>illorum,</strong></span> <span class='ocrx_word' id='word_1_31' title='bbox 1580 554 1684 608; x_wconf 91' lang='lat' dir='ltr'><strong>erit</strong></span> 
     </span>
    </p>
   </div>
   <div class='ocr_carea' id='block_1_6' title="bbox 111 638 1680 711">
    <p class='ocr_par' dir='ltr' id='par_1_6' title="bbox 111 638 1680 711">
     <span class='ocr_line' id='line_1_6' title="bbox 111 638 1680 711; baseline 0.005 -22"><span class='ocrx_word' id='word_1_32' title='bbox 111 638 157 690; x_wconf 88' lang='lat' dir='ltr'><strong>ei</strong></span> <span class='ocrx_word' id='word_1_33' title='bbox 214 639 302 709; x_wconf 84' lang='lat' dir='ltr'><strong>qui</strong></span> <span class='ocrx_word' id='word_1_34' title='bbox 356 638 640 695; x_wconf 77' lang='lat' dir='ltr'><strong>redimitur</strong></span> <span class='ocrx_word' id='word_1_35' title='bbox 681 642 913 711; x_wconf 84' lang='lat' dir='ltr'><strong>pecunia</strong></span> <span class='ocrx_word' id='word_1_36' title='bbox 970 643 1296 698; x_wconf 76' lang='lat' dir='ltr'><strong>venditionis</strong></span> <span class='ocrx_word' id='word_1_37' title='bbox 1345 659 1507 698; x_wconf 75' lang='lat' dir='ltr'><strong>sate:</strong></span> <span class='ocrx_word' id='word_1_38' title='bbox 1549 645 1680 698; x_wconf 88' lang='lat' dir='ltr'><strong>licet</strong></span> 
     </span>
    </p>
   </div>
   <div class='ocr_carea' id='block_1_7' title="bbox 110 730 1684 805">
    <p class='ocr_par' dir='ltr' id='par_1_7' title="bbox 110 730 1684 805">
     <span class='ocr_line' id='line_1_7' title="bbox 110 730 1684 805; baseline 0.001 -21"><span class='ocrx_word' id='word_1_39' title='bbox 110 730 253 784; x_wconf 88' lang='lat' dir='ltr'><strong>enim</strong></span> <span class='ocrx_word' id='word_1_40' title='bbox 284 732 331 784; x_wconf 88' lang='lat' dir='ltr'><strong>ei</strong></span> <span class='ocrx_word' id='word_1_41' title='bbox 364 741 419 785; x_wconf 88' lang='lat' dir='ltr'><strong>et</strong></span> <span class='ocrx_word' id='word_1_42' title='bbox 448 747 545 800; x_wconf 93' lang='lat' dir='ltr'><strong>per</strong></span> <span class='ocrx_word' id='word_1_43' title='bbox 577 748 805 801; x_wconf 88' lang='lat' dir='ltr'><strong>parvum</strong></span> <span class='ocrx_word' id='word_1_44' title='bbox 836 741 1069 804; x_wconf 90' lang='lat' dir='ltr'><strong>tempus,</strong></span> <span class='ocrx_word' id='word_1_45' title='bbox 1102 745 1155 789; x_wconf 89' lang='lat' dir='ltr'><strong>et</strong></span> <span class='ocrx_word' id='word_1_46' title='bbox 1180 750 1278 803; x_wconf 88' lang='lat' dir='ltr'><strong>per</strong></span> <span class='ocrx_word' id='word_1_47' title='bbox 1295 736 1523 789; x_wconf 90' lang='lat' dir='ltr'><strong>multum</strong></span> <span class='ocrx_word' id='word_1_48' title='bbox 1557 751 1684 805; x_wconf 87' lang='lat' dir='ltr'><strong>per-</strong></span> 
     </span>
    </p>
   </div>
   <div class='ocr_carea' id='block_1_8' title="bbox 111 823 1684 894">
    <p class='ocr_par' dir='ltr' id='par_1_8' title="bbox 111 823 1684 894">
     <span class='ocr_line' id='line_1_8' title="bbox 111 823 1684 894; baseline 0.002 -20"><span class='ocrx_word' id='word_1_49' title='bbox 111 837 265 891; x_wconf 80' lang='lat' dir='ltr'><strong>agere</strong></span> <span class='ocrx_word' id='word_1_50' title='bbox 307 823 760 892; x_wconf 85' lang='lat' dir='ltr'><strong>redemptionem,</strong></span> <span class='ocrx_word' id='word_1_51' title='bbox 802 833 1023 893; x_wconf 83' lang='lat' dir='ltr'><strong>propter</strong></span> <span class='ocrx_word' id='word_1_52' title='bbox 1081 825 1305 894; x_wconf 87' lang='lat' dir='ltr'><strong>quodet</strong></span> <span class='ocrx_word' id='word_1_53' title='bbox 1345 825 1684 879; x_wconf 84' lang='lat' dir='ltr'><strong>rationabili-</strong></span> 
     </span>
    </p>
   </div>
   <div class='ocr_carea' id='block_1_9' title="bbox 114 912 768 982">
    <p class='ocr_par' dir='ltr' id='par_1_9' title="bbox 114 912 768 982">
     <span class='ocr_line' id='line_1_9' title="bbox 114 912 768 982; baseline 0.003 -17"><span class='ocrx_word' id='word_1_54' title='bbox 114 920 193 965; x_wconf 93' lang='lat' dir='ltr'><strong>ter</strong></span> <span class='ocrx_word' id='word_1_55' title='bbox 225 912 498 982; x_wconf 82' lang='lat' dir='ltr'><strong>legislator</strong></span> <span class='ocrx_word' id='word_1_56' title='bbox 519 914 726 968; x_wconf 82' lang='lat' dir='ltr'><strong>addidit</strong></span> <span class='ocrx_word' id='word_1_57' title='bbox 755 933 768 967; x_wconf 92' lang='lat'>:</span> 
     </span>
    </p>
   </div>
   <div class='ocr_carea' id='block_1_10' title="bbox 185 1002 1687 1075">
    <p class='ocr_par' dir='ltr' id='par_1_10' title="bbox 185 1002 1687 1075">
     <span class='ocr_line' id='line_1_10' title="bbox 185 1002 1687 1075; baseline 0.004 -20"><span class='ocrx_word' id='word_1_58' title='bbox 185 1021 204 1054; x_wconf 71' lang='grc' dir='ltr'><em>ς</em></span> <span class='ocrx_word' id='word_1_59' title='bbox 232 1002 287 1056; x_wconf 87' lang='lat' dir='ltr'><strong>Si</strong></span> <span class='ocrx_word' id='word_1_60' title='bbox 336 1012 518 1057; x_wconf 85' lang='lat' dir='ltr'><strong>autem</strong></span> <span class='ocrx_word' id='word_1_61' title='bbox 580 1004 763 1072; x_wconf 83' lang='lat' dir='ltr'><strong>plures</strong></span> <span class='ocrx_word' id='word_1_62' title='bbox 807 1003 1014 1059; x_wconf 78' lang='lat' dir='ltr'><strong>fuerint</strong></span> <span class='ocrx_word' id='word_1_63' title='bbox 1064 1006 1216 1069; x_wconf 82' lang='lat' dir='ltr'><strong>anni,</strong></span> <span class='ocrx_word' id='word_1_64' title='bbox 1261 1006 1355 1075; x_wconf 90' lang='lat' dir='ltr'><strong>qui</strong></span> <span class='ocrx_word' id='word_1_65' title='bbox 1400 1014 1687 1061; x_wconf 81' lang='lat' dir='ltr'><strong>remanent</strong></span> 
     </span>
    </p>
   </div>
   <div class='ocr_carea' id='block_1_11' title="bbox 115 1094 1684 1165">
    <p class='ocr_par' dir='ltr' id='par_1_11' title="bbox 115 1094 1684 1165">
     <span class='ocr_line' id='line_1_11' title="bbox 115 1094 1684 1165; baseline 0.003 -19"><span class='ocrx_word' id='word_1_66' title='bbox 115 1108 281 1162; x_wconf 89' lang='lat' dir='ltr'><strong>usque</strong></span> <span class='ocrx_word' id='word_1_67' title='bbox 313 1095 382 1147; x_wconf 82' lang='lat' dir='ltr'><strong>ad</strong></span> <span class='ocrx_word' id='word_1_68' title='bbox 407 1094 710 1163; x_wconf 66' lang='lat' dir='ltr'><strong>jubilazum,</strong></span> <span class='ocrx_word' id='word_1_69' title='bbox 743 1094 1044 1149; x_wconf 88' lang='lat' dir='ltr'><strong>secundum</strong></span> <span class='ocrx_word' id='word_1_70' title='bbox 1078 1096 1195 1149; x_wconf 87' lang='lat' dir='ltr'><strong>hos</strong></span> <span class='ocrx_word' id='word_1_71' title='bbox 1235 1095 1425 1151; x_wconf 85' lang='lat' dir='ltr'><strong>reddet</strong></span> <span class='ocrx_word' id='word_1_72' title='bbox 1476 1104 1532 1149; x_wconf 91' lang='lat' dir='ltr'><strong>et</strong></span> <span class='ocrx_word' id='word_1_73' title='bbox 1560 1110 1684 1165; x_wconf 89' lang='lat' dir='ltr'><strong>pre-</strong></span> 
     </span>
    </p>
   </div>
   <div class='ocr_carea' id='block_1_12' title="bbox 115 1184 1686 1260">
    <p class='ocr_par' dir='ltr' id='par_1_12' title="bbox 115 1184 1686 1260">
     <span class='ocr_line' id='line_1_12' title="bbox 115 1184 1686 1260; baseline 0.002 -22"><span class='ocrx_word' id='word_1_74' title='bbox 115 1184 246 1238; x_wconf 90' lang='lat' dir='ltr'><strong>tium</strong></span> <span class='ocrx_word' id='word_1_75' title='bbox 284 1202 296 1236; x_wconf 91' lang='lat'><strong>:</strong></span> <span class='ocrx_word' id='word_1_76' title='bbox 321 1185 364 1237; x_wconf 82' lang='lat' dir='ltr'><strong>si</strong></span> <span class='ocrx_word' id='word_1_77' title='bbox 395 1185 572 1254; x_wconf 82' lang='lat' dir='ltr'><strong>pauci,</strong></span> <span class='ocrx_word' id='word_1_78' title='bbox 595 1195 763 1260; x_wconf 79' lang='lat' dir='ltr'><strong>ponet</strong></span> <span class='ocrx_word' id='word_1_79' title='bbox 787 1186 1048 1240; x_wconf 87' lang='lat' dir='ltr'><strong>rationem</strong></span> <span class='ocrx_word' id='word_1_80' title='bbox 1072 1201 1197 1241; x_wconf 87' lang='lat' dir='ltr'><strong>cum</strong></span> <span class='ocrx_word' id='word_1_81' title='bbox 1228 1201 1315 1249; x_wconf 85' lang='lat' dir='ltr'><strong>eo,</strong></span> <span class='ocrx_word' id='word_1_82' title='bbox 1335 1186 1486 1255; x_wconf 81' lang='lat' dir='ltr'><strong>juxta</strong></span> <span class='ocrx_word' id='word_1_83' title='bbox 1511 1201 1686 1241; x_wconf 77' lang='lat' dir='ltr'><strong>anno-</strong></span> 
     </span>
    </p>
   </div>
   <div class='ocr_carea' id='block_1_13' title="bbox 112 1280 1687 1350">
    <p class='ocr_par' dir='ltr' id='par_1_13' title="bbox 112 1280 1687 1350">
     <span class='ocr_line' id='line_1_13' title="bbox 112 1280 1687 1350; baseline 0.001 -17"><span class='ocrx_word' id='word_1_84' title='bbox 112 1296 231 1334; x_wconf 86' lang='lat' dir='ltr'><strong>rum</strong></span> <span class='ocrx_word' id='word_1_85' title='bbox 264 1290 649 1344; x_wconf 89' lang='lat' dir='ltr'><strong>numerum,et</strong></span> <span class='ocrx_word' id='word_1_86' title='bbox 676 1281 864 1334; x_wconf 87' lang='lat' dir='ltr'><strong>reddet</strong></span> <span class='ocrx_word' id='word_1_87' title='bbox 886 1281 1117 1349; x_wconf 78' lang='lat' dir='ltr'><strong>emptori</strong></span> <span class='ocrx_word' id='word_1_88' title='bbox 1142 1280 1289 1349; x_wconf 90' lang='lat' dir='ltr'><strong>quod</strong></span> <span class='ocrx_word' id='word_1_89' title='bbox 1318 1280 1586 1350; x_wconf 88' lang='lat' dir='ltr'><strong>reliquum</strong></span> <span class='ocrx_word' id='word_1_90' title='bbox 1600 1287 1687 1335; x_wconf 90' lang='lat' dir='ltr'><strong>est</strong></span> 
     </span>
    </p>
   </div>
   <div class='ocr_carea' id='block_1_14' title="bbox 109 1373 1622 1442">
    <p class='ocr_par' dir='ltr' id='par_1_14' title="bbox 109 1373 1622 1442">
     <span class='ocr_line' id='line_1_14' title="bbox 109 1373 1622 1442; baseline -0.001 -17"><span class='ocrx_word' id='word_1_91' title='bbox 109 1388 402 1439; x_wconf 89' lang='lat' dir='ltr'><strong>annorum,</strong></span> <span class='ocrx_word' id='word_1_92' title='bbox 444 1373 641 1442; x_wconf 85' lang='lat' dir='ltr'><strong>quibus</strong></span> <span class='ocrx_word' id='word_1_93' title='bbox 664 1373 895 1427; x_wconf 80' lang='lat' dir='ltr'><strong>servivit</strong></span> <span class='ocrx_word' id='word_1_94' title='bbox 915 1373 1261 1426; x_wconf 87' lang='lat' dir='ltr'><strong>mercedibus</strong></span> <span class='ocrx_word' id='word_1_95' title='bbox 1287 1373 1622 1441; x_wconf 54' lang='lat' dir='ltr'><strong>imputatis»</strong></span> 
     </span>
    </p>
   </div>
   <div class='ocr_carea' id='block_1_15' title="bbox 180 1461 1684 1533">
    <p class='ocr_par' dir='ltr' id='par_1_15' title="bbox 180 1461 1684 1533">
     <span class='ocr_line' id='line_1_15' title="bbox 180 1461 1684 1533; baseline 0.003 -19"><span class='ocrx_word' id='word_1_96' title='bbox 180 1461 422 1516; x_wconf 77' lang='lat' dir='ltr'><strong>Primum</strong></span> <span class='ocrx_word' id='word_1_97' title='bbox 452 1478 581 1533; x_wconf 77' lang='lat' dir='ltr'><strong>ergo</strong></span> <span class='ocrx_word' id='word_1_98' title='bbox 624 1464 924 1517; x_wconf 87' lang='lat' dir='ltr'><strong>secundum</strong></span> <span class='ocrx_word' id='word_1_99' title='bbox 969 1461 1087 1517; x_wconf 60' lang='lat' dir='ltr'><strong>haec</strong></span> <span class='ocrx_word' id='word_1_100' title='bbox 1132 1462 1283 1516; x_wconf 86' lang='lat' dir='ltr'><strong>reddi</strong></span> <span class='ocrx_word' id='word_1_101' title='bbox 1326 1463 1582 1532; x_wconf 84' lang='lat' dir='ltr'><strong>pretium,</strong></span> <span class='ocrx_word' id='word_1_102' title='bbox 1630 1464 1684 1518; x_wconf 90' lang='lat' dir='ltr'><strong>id</strong></span> 
     </span>
    </p>
   </div>
   <div class='ocr_carea' id='block_1_16' title="bbox 107 1555 1684 1626">
    <p class='ocr_par' dir='ltr' id='par_1_16' title="bbox 107 1555 1684 1626">
     <span class='ocr_line' id='line_1_16' title="bbox 107 1555 1684 1626; baseline 0.003 -21"><span class='ocrx_word' id='word_1_103' title='bbox 107 1562 210 1617; x_wconf 82' lang='lat' dir='ltr'><strong>est,</strong></span> <span class='ocrx_word' id='word_1_104' title='bbox 239 1555 544 1608; x_wconf 88' lang='lat' dir='ltr'><strong>secundum</strong></span> <span class='ocrx_word' id='word_1_105' title='bbox 573 1570 659 1620; x_wconf 90' lang='lat' dir='ltr'><strong>ea,</strong></span> <span class='ocrx_word' id='word_1_106' title='bbox 691 1570 812 1623; x_wconf 73' lang='lat' dir='ltr'><strong>qua:</strong></span> <span class='ocrx_word' id='word_1_107' title='bbox 848 1556 1110 1623; x_wconf 85' lang='lat' dir='ltr'><strong>peccavit,</strong></span> <span class='ocrx_word' id='word_1_108' title='bbox 1146 1555 1294 1624; x_wconf 90' lang='lat' dir='ltr'><strong>quod</strong></span> <span class='ocrx_word' id='word_1_109' title='bbox 1328 1557 1684 1626; x_wconf 90' lang='lat' dir='ltr'><strong>semetipsum</strong></span> 
     </span>
    </p>
   </div>
   <div class='ocr_carea' id='block_1_17' title="bbox 108 1644 1686 1717">
    <p class='ocr_par' dir='ltr' id='par_1_17' title="bbox 108 1644 1686 1717">
     <span class='ocr_line' id='line_1_17' title="bbox 108 1644 1686 1717; baseline 0.003 -21"><span class='ocrx_word' id='word_1_110' title='bbox 108 1644 382 1699; x_wconf 86' lang='lat' dir='ltr'><strong>redimere</strong></span> <span class='ocrx_word' id='word_1_111' title='bbox 405 1645 519 1699; x_wconf 87' lang='lat' dir='ltr'><strong>vult</strong></span> <span class='ocrx_word' id='word_1_112' title='bbox 542 1645 815 1714; x_wconf 73' lang='lat' dir='ltr'><strong>prtecepit,</strong></span> <span class='ocrx_word' id='word_1_113' title='bbox 855 1654 914 1699; x_wconf 90' lang='lat' dir='ltr'><strong>ut</strong></span> <span class='ocrx_word' id='word_1_114' title='bbox 940 1645 985 1699; x_wconf 90' lang='lat' dir='ltr'><strong>si</strong></span> <span class='ocrx_word' id='word_1_115' title='bbox 1013 1644 1242 1699; x_wconf 76' lang='lat' dir='ltr'><strong>forsitan</strong></span> <span class='ocrx_word' id='word_1_116' title='bbox 1282 1661 1346 1699; x_wconf 81' lang='lat' dir='ltr'><strong>ex</strong></span> <span class='ocrx_word' id='word_1_117' title='bbox 1397 1646 1529 1717; x_wconf 72' lang='lat' dir='ltr'><strong>gula</strong></span> <span class='ocrx_word' id='word_1_118' title='bbox 1557 1662 1686 1714; x_wconf 89' lang='lat' dir='ltr'><strong>pec-</strong></span> 
     </span>
    </p>
   </div>
   <div class='ocr_carea' id='block_1_18' title="bbox 110 1737 1687 1808">
    <p class='ocr_par' dir='ltr' id='par_1_18' title="bbox 110 1737 1687 1808">
     <span class='ocr_line' id='line_1_18' title="bbox 110 1737 1687 1808; baseline 0.001 -19"><span class='ocrx_word' id='word_1_119' title='bbox 110 1737 274 1800; x_wconf 83' lang='lat' dir='ltr'><strong>cavit,</strong></span> <span class='ocrx_word' id='word_1_120' title='bbox 303 1751 405 1805; x_wconf 90' lang='lat' dir='ltr'><strong>per</strong></span> <span class='ocrx_word' id='word_1_121' title='bbox 430 1737 697 1805; x_wconf 84' lang='lat' dir='ltr'><strong>jejunium</strong></span> <span class='ocrx_word' id='word_1_122' title='bbox 729 1737 962 1808; x_wconf 80' lang='lat' dir='ltr'><strong>corrigat</strong></span> <span class='ocrx_word' id='word_1_123' title='bbox 989 1737 1108 1792; x_wconf 91' lang='lat' dir='ltr'><strong>:sin</strong></span> <span class='ocrx_word' id='word_1_124' title='bbox 1133 1745 1315 1791; x_wconf 92' lang='lat' dir='ltr'><strong>autem</strong></span> <span class='ocrx_word' id='word_1_125' title='bbox 1346 1753 1413 1791; x_wconf 81' lang='lat' dir='ltr'><strong>ex</strong></span> <span class='ocrx_word' id='word_1_126' title='bbox 1442 1738 1687 1792; x_wconf 82' lang='lat' dir='ltr'><strong>verbosi-</strong></span> 
     </span>
    </p>
   </div>
   <div class='ocr_carea' id='block_1_19' title="bbox 112 1828 1687 1891">
    <p class='ocr_par' dir='ltr' id='par_1_19' title="bbox 112 1828 1687 1891">
     <span class='ocr_line' id='line_1_19' title="bbox 112 1828 1687 1891; baseline 0.004 -14"><span class='ocrx_word' id='word_1_127' title='bbox 112 1835 243 1891; x_wconf 88' lang='lat' dir='ltr'><strong>tate,</strong></span> <span class='ocrx_word' id='word_1_128' title='bbox 279 1828 499 1882; x_wconf 86' lang='lat' dir='ltr'><strong>studeat</strong></span> <span class='ocrx_word' id='word_1_129' title='bbox 526 1829 966 1883; x_wconf 82' lang='lat' dir='ltr'><strong>taciturnitatem.</strong></span> <span class='ocrx_word' id='word_1_130' title='bbox 999 1828 1056 1884; x_wconf 91' lang='lat' dir='ltr'><strong>Si</strong></span> <span class='ocrx_word' id='word_1_131' title='bbox 1091 1844 1158 1883; x_wconf 83' lang='lat' dir='ltr'><strong>ex</strong></span> <span class='ocrx_word' id='word_1_132' title='bbox 1190 1829 1458 1883; x_wconf 86' lang='lat' dir='ltr'><strong>incautela</strong></span> <span class='ocrx_word' id='word_1_133' title='bbox 1498 1829 1687 1884; x_wconf 90' lang='lat' dir='ltr'><strong>oculo-</strong></span> 
     </span>
    </p>
   </div>
   <div class='ocr_carea' id='block_1_20' title="bbox 112 1913 1686 1985">
    <p class='ocr_par' dir='ltr' id='par_1_20' title="bbox 112 1913 1686 1985">
     <span class='ocr_line' id='line_1_20' title="bbox 112 1913 1686 1985; baseline 0.004 -22"><span class='ocrx_word' id='word_1_134' title='bbox 112 1927 230 1965; x_wconf 89' lang='lat' dir='ltr'><strong>rum</strong></span> <span class='ocrx_word' id='word_1_135' title='bbox 261 1913 318 1967; x_wconf 91' lang='lat' dir='ltr'><strong>in</strong></span> <span class='ocrx_word' id='word_1_136' title='bbox 356 1914 601 1967; x_wconf 87' lang='lat' dir='ltr'><strong>mulieris</strong></span> <span class='ocrx_word' id='word_1_137' title='bbox 622 1915 1120 1985; x_wconf 83' lang='lat' dir='ltr'><strong>concupiscentiam</strong></span> <span class='ocrx_word' id='word_1_138' title='bbox 1170 1916 1384 1980; x_wconf 90' lang='lat' dir='ltr'><strong>cecidit,</strong></span> <span class='ocrx_word' id='word_1_139' title='bbox 1415 1922 1538 1985; x_wconf 80' lang='lat' dir='ltr'><strong>agat</strong></span> <span class='ocrx_word' id='word_1_140' title='bbox 1577 1931 1686 1969; x_wconf 89' lang='lat' dir='ltr'><strong>non</strong></span> 
     </span>
    </p>
   </div>
   <div class='ocr_carea' id='block_1_21' title="bbox 111 2005 1683 2075">
    <p class='ocr_par' dir='ltr' id='par_1_21' title="bbox 111 2005 1683 2075">
     <span class='ocr_line' id='line_1_21' title="bbox 111 2005 1683 2075; baseline 0.003 -19"><span class='ocrx_word' id='word_1_141' title='bbox 111 2005 295 2060; x_wconf 85' lang='lat' dir='ltr'><strong>videre</strong></span> <span class='ocrx_word' id='word_1_142' title='bbox 337 2006 614 2071; x_wconf 84' lang='lat' dir='ltr'><strong>mulieres,</strong></span> <span class='ocrx_word' id='word_1_143' title='bbox 643 2021 821 2075; x_wconf 88' lang='lat' dir='ltr'><strong>neque</strong></span> <span class='ocrx_word' id='word_1_144' title='bbox 886 2006 1111 2060; x_wconf 90' lang='lat' dir='ltr'><strong>omnino</strong></span> <span class='ocrx_word' id='word_1_145' title='bbox 1154 2007 1234 2060; x_wconf 86' lang='lat' dir='ltr'><strong>eis</strong></span> <span class='ocrx_word' id='word_1_146' title='bbox 1258 2007 1480 2060; x_wconf 85' lang='lat' dir='ltr'><strong>obvium</strong></span> <span class='ocrx_word' id='word_1_147' title='bbox 1546 2007 1683 2061; x_wconf 84' lang='lat' dir='ltr'><strong>fieri.</strong></span> 
     </span>
    </p>
   </div>
   <div class='ocr_carea' id='block_1_22' title="bbox 110 2096 1686 2168">
    <p class='ocr_par' dir='ltr' id='par_1_22' title="bbox 110 2096 1686 2168">
     <span class='ocr_line' id='line_1_22' title="bbox 110 2096 1686 2168; baseline 0.003 -19"><span class='ocrx_word' id='word_1_148' title='bbox 110 2096 318 2152; x_wconf 79' lang='lat' dir='ltr'><strong>Deinde</strong></span> <span class='ocrx_word' id='word_1_149' title='bbox 347 2098 391 2152; x_wconf 91' lang='lat' dir='ltr'><strong>si</strong></span> <span class='ocrx_word' id='word_1_150' title='bbox 425 2098 539 2153; x_wconf 88' lang='lat' dir='ltr'><strong>vult</strong></span> <span class='ocrx_word' id='word_1_151' title='bbox 565 2099 798 2153; x_wconf 85' lang='lat' dir='ltr'><strong>celerem</strong></span> <span class='ocrx_word' id='word_1_152' title='bbox 828 2099 930 2153; x_wconf 87' lang='lat' dir='ltr'><strong>sibi</strong></span> <span class='ocrx_word' id='word_1_153' title='bbox 974 2099 1405 2168; x_wconf 84' lang='lat' dir='ltr'><strong>redemptionem</strong></span> <span class='ocrx_word' id='word_1_154' title='bbox 1471 2113 1686 2168; x_wconf 86' lang='lat' dir='ltr'><strong>parare,</strong></span> 
     </span>
    </p>
   </div>
   <div class='ocr_carea' id='block_1_23' title="bbox 110 2186 1687 2257">
    <p class='ocr_par' dir='ltr' id='par_1_23' title="bbox 110 2186 1687 2257">
     <span class='ocr_line' id='line_1_23' title="bbox 110 2186 1687 2257; baseline 0.001 -17"><span class='ocrx_word' id='word_1_155' title='bbox 110 2188 362 2242; x_wconf 83' lang='lat' dir='ltr'><strong>intendat</strong></span> <span class='ocrx_word' id='word_1_156' title='bbox 396 2189 641 2257; x_wconf 88' lang='lat' dir='ltr'><strong>pecuniis</strong></span> <span class='ocrx_word' id='word_1_157' title='bbox 668 2187 1085 2256; x_wconf 83' lang='lat' dir='ltr'><strong>conquisitionis</strong></span> <span class='ocrx_word' id='word_1_158' title='bbox 1113 2202 1245 2250; x_wconf 70' lang='lat' dir='ltr'><strong>suze,</strong></span> <span class='ocrx_word' id='word_1_159' title='bbox 1300 2188 1464 2241; x_wconf 86' lang='lat' dir='ltr'><strong>verbo</strong></span> <span class='ocrx_word' id='word_1_160' title='bbox 1494 2186 1687 2247; x_wconf 85' lang='lat' dir='ltr'><strong>videli-</strong></span> 
     </span>
    </p>
   </div>
   <div class='ocr_carea' id='block_1_24' title="bbox 110 2279 1690 2350">
    <p class='ocr_par' dir='ltr' id='par_1_24' title="bbox 110 2279 1690 2350">
     <span class='ocr_line' id='line_1_24' title="bbox 110 2279 1690 2350; baseline 0.001 -16"><span class='ocrx_word' id='word_1_161' title='bbox 110 2290 198 2334; x_wconf 88' lang='lat' dir='ltr'><strong>cet</strong></span> <span class='ocrx_word' id='word_1_162' title='bbox 245 2281 530 2345; x_wconf 79' lang='lat' dir='ltr'><strong>doctrinae,</strong></span> <span class='ocrx_word' id='word_1_163' title='bbox 555 2281 699 2349; x_wconf 93' lang='lat' dir='ltr'><strong>quod</strong></span> <span class='ocrx_word' id='word_1_164' title='bbox 731 2294 858 2333; x_wconf 90' lang='lat' dir='ltr'><strong>eum</strong></span> <span class='ocrx_word' id='word_1_165' title='bbox 907 2279 1209 2348; x_wconf 77' lang='lat' dir='ltr'><strong>intelligere</strong></span> <span class='ocrx_word' id='word_1_166' title='bbox 1242 2280 1521 2348; x_wconf 79' lang='lat' dir='ltr'><strong>proprium</strong></span> <span class='ocrx_word' id='word_1_167' title='bbox 1559 2296 1690 2350; x_wconf 85' lang='lat' dir='ltr'><strong>pec-</strong></span> 
     </span>
    </p>
   </div>
   <div class='ocr_carea' id='block_1_25' title="bbox 108 2373 1691 2432">
    <p class='ocr_par' dir='ltr' id='par_1_25' title="bbox 108 2373 1691 2432">
     <span class='ocr_line' id='line_1_25' title="bbox 108 2373 1691 2432; baseline -0.003 -2"><span class='ocrx_word' id='word_1_168' title='bbox 108 2386 291 2431; x_wconf 86' lang='lat' dir='ltr'><strong>catum</strong></span> <span class='ocrx_word' id='word_1_169' title='bbox 332 2385 388 2432; x_wconf 90' lang='lat' dir='ltr'><strong>et</strong></span> <span class='ocrx_word' id='word_1_170' title='bbox 417 2377 573 2431; x_wconf 87' lang='lat' dir='ltr'><strong>subdi</strong></span> <span class='ocrx_word' id='word_1_171' title='bbox 604 2375 919 2430; x_wconf 86' lang='lat' dir='ltr'><strong>admonenti</strong></span> <span class='ocrx_word' id='word_1_172' title='bbox 946 2375 1094 2430; x_wconf 91' lang='lat' dir='ltr'><strong>fecit.</strong></span> <span class='ocrx_word' id='word_1_173' title='bbox 1133 2373 1198 2429; x_wconf 88' lang='lat' dir='ltr'><strong>Et</strong></span> <span class='ocrx_word' id='word_1_174' title='bbox 1224 2375 1269 2428; x_wconf 88' lang='lat' dir='ltr'><strong>si</strong></span> <span class='ocrx_word' id='word_1_175' title='bbox 1303 2374 1498 2429; x_wconf 88' lang='lat' dir='ltr'><strong>viderit</strong></span> <span class='ocrx_word' id='word_1_176' title='bbox 1549 2374 1691 2427; x_wconf 91' lang='lat' dir='ltr'><strong>mul-</strong></span> 
     </span>
    </p>
   </div>
   <div class='ocr_carea' id='block_1_26' title="bbox 111 2468 1688 2531">
    <p class='ocr_par' dir='ltr' id='par_1_26' title="bbox 111 2468 1688 2531">
     <span class='ocr_line' id='line_1_26' title="bbox 111 2468 1688 2531; baseline -0.001 -9"><span class='ocrx_word' id='word_1_177' title='bbox 111 2478 224 2523; x_wconf 90' lang='lat' dir='ltr'><strong>tum</strong></span> <span class='ocrx_word' id='word_1_178' title='bbox 262 2470 447 2523; x_wconf 90' lang='lat' dir='ltr'><strong>minus</strong></span> <span class='ocrx_word' id='word_1_179' title='bbox 467 2484 590 2523; x_wconf 88' lang='lat' dir='ltr'><strong>esse</strong></span> <span class='ocrx_word' id='word_1_180' title='bbox 616 2468 683 2522; x_wconf 91' lang='lat' dir='ltr'><strong>ad</strong></span> <span class='ocrx_word' id='word_1_181' title='bbox 711 2483 915 2522; x_wconf 88' lang='lat' dir='ltr'><strong>annum</strong></span> <span class='ocrx_word' id='word_1_182' title='bbox 957 2468 1316 2531; x_wconf 89' lang='lat' dir='ltr'><strong>remissionis,</strong></span> <span class='ocrx_word' id='word_1_183' title='bbox 1353 2478 1409 2521; x_wconf 92' lang='lat' dir='ltr'><strong>et</strong></span> <span class='ocrx_word' id='word_1_184' title='bbox 1433 2468 1503 2522; x_wconf 89' lang='lat' dir='ltr'><strong>ad</strong></span> <span class='ocrx_word' id='word_1_185' title='bbox 1558 2482 1688 2523; x_wconf 86' lang='lat' dir='ltr'><strong>eor-</strong></span> 
     </span>
    </p>
   </div>
   <div class='ocr_carea' id='block_1_27' title="bbox 110 2558 1692 2632">
    <p class='ocr_par' dir='ltr' id='par_1_27' title="bbox 110 2558 1692 2632">
     <span class='ocr_line' id='line_1_27' title="bbox 110 2558 1692 2632; baseline 0.002 -19"><span class='ocrx_word' id='word_1_186' title='bbox 110 2561 437 2623; x_wconf 83' lang='lat' dir='ltr'><strong>rectionem,</strong></span> <span class='ocrx_word' id='word_1_187' title='bbox 470 2559 722 2614; x_wconf 82' lang='lat' dir='ltr'><strong>videlicet</strong></span> <span class='ocrx_word' id='word_1_188' title='bbox 754 2558 992 2614; x_wconf 65' lang='lat' dir='ltr'><strong>definitae</strong></span> <span class='ocrx_word' id='word_1_189' title='bbox 1027 2559 1078 2613; x_wconf 89' lang='lat' dir='ltr'><strong>ei</strong></span> <span class='ocrx_word' id='word_1_190' title='bbox 1113 2559 1467 2628; x_wconf 66' lang='lat' dir='ltr'><strong>poenitentiae,</strong></span> <span class='ocrx_word' id='word_1_191' title='bbox 1518 2562 1692 2632; x_wconf 74' lang='lat' dir='ltr'><strong>magis</strong></span> 
     </span>
    </p>
   </div>
   <div class='ocr_carea' id='block_1_28' title="bbox 110 2649 1688 2720">
    <p class='ocr_par' dir='ltr' id='par_1_28' title="bbox 110 2649 1688 2720">
     <span class='ocr_line' id='line_1_28' title="bbox 110 2649 1688 2720; baseline 0.003 -17"><span class='ocrx_word' id='word_1_192' title='bbox 110 2658 372 2718; x_wconf 87' lang='lat' dir='ltr'><strong>operetur</strong></span> <span class='ocrx_word' id='word_1_193' title='bbox 397 2649 643 2713; x_wconf 86' lang='lat' dir='ltr'><strong>virtutes,</strong></span> <span class='ocrx_word' id='word_1_194' title='bbox 668 2659 722 2705; x_wconf 91' lang='lat' dir='ltr'><strong>et</strong></span> <span class='ocrx_word' id='word_1_195' title='bbox 751 2650 1074 2704; x_wconf 87' lang='lat' dir='ltr'><strong>laboriosam</strong></span> <span class='ocrx_word' id='word_1_196' title='bbox 1141 2651 1382 2704; x_wconf 89' lang='lat' dir='ltr'><strong>lucratur</strong></span> <span class='ocrx_word' id='word_1_197' title='bbox 1418 2653 1688 2720; x_wconf 66' lang='lat' dir='ltr'><strong>paeniten-</strong></span> 
     </span>
    </p>
   </div>
   <div class='ocr_carea' id='block_1_29' title="bbox 110 2744 1690 2814">
    <p class='ocr_par' dir='ltr' id='par_1_29' title="bbox 110 2744 1690 2814">
     <span class='ocr_line' id='line_1_29' title="bbox 110 2744 1690 2814; baseline 0.003 -17"><span class='ocrx_word' id='word_1_198' title='bbox 110 2744 265 2797; x_wconf 86' lang='lat' dir='ltr'><strong>tiam.</strong></span> <span class='ocrx_word' id='word_1_199' title='bbox 305 2744 362 2796; x_wconf 83' lang='lat' dir='ltr'><strong>Si</strong></span> <span class='ocrx_word' id='word_1_200' title='bbox 387 2752 569 2797; x_wconf 89' lang='lat' dir='ltr'><strong>autem</strong></span> <span class='ocrx_word' id='word_1_201' title='bbox 596 2745 701 2799; x_wconf 89' lang='lat' dir='ltr'><strong>hoc</strong></span> <span class='ocrx_word' id='word_1_202' title='bbox 734 2760 921 2800; x_wconf 87' lang='lat' dir='ltr'><strong>rursus</strong></span> <span class='ocrx_word' id='word_1_203' title='bbox 951 2759 1140 2814; x_wconf 90' lang='lat' dir='ltr'><strong>parum</strong></span> <span class='ocrx_word' id='word_1_204' title='bbox 1170 2754 1426 2814; x_wconf 83' lang='lat' dir='ltr'><strong>operatus</strong></span> <span class='ocrx_word' id='word_1_205' title='bbox 1466 2746 1591 2811; x_wconf 90' lang='lat' dir='ltr'><strong>fuit,</strong></span> <span class='ocrx_word' id='word_1_206' title='bbox 1643 2746 1690 2805; x_wconf 85' lang='lat' dir='ltr'><strong>si</strong></span> 
     </span>
    </p>
   </div>
   <div class='ocr_carea' id='block_1_30' title="bbox 111 2836 1687 2907">
    <p class='ocr_par' dir='ltr' id='par_1_30' title="bbox 111 2836 1687 2907">
     <span class='ocr_line' id='line_1_30' title="bbox 111 2836 1687 2907; baseline 0.002 -18"><span class='ocrx_word' id='word_1_207' title='bbox 111 2853 222 2891; x_wconf 90' lang='lat' dir='ltr'><strong>non</strong></span> <span class='ocrx_word' id='word_1_208' title='bbox 262 2852 362 2906; x_wconf 86' lang='lat' dir='ltr'><strong>per</strong></span> <span class='ocrx_word' id='word_1_209' title='bbox 382 2836 636 2901; x_wconf 88' lang='lat' dir='ltr'><strong>virtutes,</strong></span> <span class='ocrx_word' id='word_1_210' title='bbox 667 2852 765 2905; x_wconf 89' lang='lat' dir='ltr'><strong>per</strong></span> <span class='ocrx_word' id='word_1_211' title='bbox 798 2836 1062 2907; x_wconf 87' lang='lat' dir='ltr'><strong>lacrymas</strong></span> <span class='ocrx_word' id='word_1_212' title='bbox 1090 2845 1298 2903; x_wconf 86' lang='lat' dir='ltr'><strong>autem,</strong></span> <span class='ocrx_word' id='word_1_213' title='bbox 1327 2848 1380 2892; x_wconf 89' lang='lat' dir='ltr'><strong>et</strong></span> <span class='ocrx_word' id='word_1_214' title='bbox 1429 2838 1687 2907; x_wconf 74' lang='lat' dir='ltr'><strong>saepiria,</strong></span> 
     </span>
    </p>
   </div>
   <div class='ocr_carea' id='block_1_31' title="bbox 111 2926 1691 2998">
    <p class='ocr_par' dir='ltr' id='par_1_31' title="bbox 111 2926 1691 2998">
     <span class='ocr_line' id='line_1_31' title="bbox 111 2926 1691 2998; baseline 0.001 -17"><span class='ocrx_word' id='word_1_215' title='bbox 111 2938 167 2982; x_wconf 90' lang='lat' dir='ltr'><strong>et</strong></span> <span class='ocrx_word' id='word_1_216' title='bbox 197 2928 419 2993; x_wconf 75' lang='lat' dir='ltr'><strong>similia,</strong></span> <span class='ocrx_word' id='word_1_217' title='bbox 480 2926 588 2982; x_wconf 89' lang='lat' dir='ltr'><strong>illis</strong></span> <span class='ocrx_word' id='word_1_218' title='bbox 628 2927 864 2981; x_wconf 88' lang='lat' dir='ltr'><strong>remedia</strong></span> <span class='ocrx_word' id='word_1_219' title='bbox 916 2943 1174 2998; x_wconf 79' lang='lat' dir='ltr'><strong>peragere</strong></span> <span class='ocrx_word' id='word_1_220' title='bbox 1228 2943 1453 2983; x_wconf 88' lang='lat' dir='ltr'><strong>necesse</strong></span> <span class='ocrx_word' id='word_1_221' title='bbox 1505 2929 1691 2983; x_wconf 85' lang='lat' dir='ltr'><strong>habet.</strong></span> 
     </span>
    </p>
   </div>
   <div class='ocr_carea' id='block_1_32' title="bbox 111 3020 1691 3089">
    <p class='ocr_par' dir='ltr' id='par_1_32' title="bbox 111 3020 1691 3089">
     <span class='ocr_line' id='line_1_32' title="bbox 111 3020 1691 3089; baseline 0.001 -16"><span class='ocrx_word' id='word_1_222' title='bbox 111 3021 456 3074; x_wconf 83' lang='lat' dir='ltr'><strong>Conﬁrmans</strong></span> <span class='ocrx_word' id='word_1_223' title='bbox 478 3030 660 3077; x_wconf 86' lang='lat' dir='ltr'><strong>autem</strong></span> <span class='ocrx_word' id='word_1_224' title='bbox 698 3020 840 3089; x_wconf 86' lang='lat' dir='ltr'><strong>quod</strong></span> <span class='ocrx_word' id='word_1_225' title='bbox 871 3021 1210 3084; x_wconf 89' lang='lat' dir='ltr'><strong>dictumest,</strong></span> <span class='ocrx_word' id='word_1_226' title='bbox 1236 3020 1535 3074; x_wconf 90' lang='lat' dir='ltr'><strong>secundum</strong></span> <span class='ocrx_word' id='word_1_227' title='bbox 1576 3021 1691 3087; x_wconf 20' lang='lat' dir='ltr'><strong>,Se—</strong></span> 
     </span>
    </p>
   </div>
   <div class='ocr_carea' id='block_1_33' title="bbox 1785 554 3361 624">
    <p class='ocr_par' dir='ltr' id='par_1_33' title="bbox 1785 554 3361 624">
     <span class='ocr_line' id='line_1_33' title="bbox 1785 554 3361 624; baseline 0.008 -18"><span class='ocrx_word' id='word_1_228' title='bbox 1785 554 1992 623; x_wconf 87' lang='lat' dir='ltr'><strong>majore</strong></span> <span class='ocrx_word' id='word_1_229' title='bbox 2040 568 2212 622; x_wconf 89' lang='lat' dir='ltr'><strong>usque</strong></span> <span class='ocrx_word' id='word_1_230' title='bbox 2273 555 2341 609; x_wconf 89' lang='lat' dir='ltr'><strong>ad</strong></span> <span class='ocrx_word' id='word_1_231' title='bbox 2379 563 2635 624; x_wconf 86' lang='lat' dir='ltr'><strong>patruum</strong></span> <span class='ocrx_word' id='word_1_232' title='bbox 2687 560 3361 622; x_wconf 82' lang='lat' dir='ltr'><strong>eorum,etexclamave-</strong></span> 
     </span>
    </p>
   </div>
   <div class='ocr_carea' id='block_1_34' title="bbox 1785 644 3363 715">
    <p class='ocr_par' dir='ltr' id='par_1_34' title="bbox 1785 644 3363 715">
     <span class='ocr_line' id='line_1_34' title="bbox 1785 644 3363 715; baseline 0.006 -18"><span class='ocrx_word' id='word_1_233' title='bbox 1785 652 1916 698; x_wconf 87' lang='lat' dir='ltr'><strong>runt</strong></span> <span class='ocrx_word' id='word_1_234' title='bbox 1947 644 2015 697; x_wconf 90' lang='lat' dir='ltr'><strong>ad</strong></span> <span class='ocrx_word' id='word_1_235' title='bbox 2049 644 2219 699; x_wconf 88' lang='lat' dir='ltr'><strong>Deum</strong></span> <span class='ocrx_word' id='word_1_236' title='bbox 2255 645 2485 711; x_wconf 87' lang='lat' dir='ltr'><strong>intente,</strong></span> <span class='ocrx_word' id='word_1_237' title='bbox 2516 655 2574 702; x_wconf 80' lang='lat' dir='ltr'><strong>et</strong></span> <span class='ocrx_word' id='word_1_238' title='bbox 2610 663 2735 702; x_wconf 90' lang='lat' dir='ltr'><strong>cum</strong></span> <span class='ocrx_word' id='word_1_239' title='bbox 2760 658 2874 704; x_wconf 89' lang='lat' dir='ltr'><strong>toto</strong></span> <span class='ocrx_word' id='word_1_240' title='bbox 2897 650 3100 715; x_wconf 88' lang='lat' dir='ltr'><strong>animo,</strong></span> <span class='ocrx_word' id='word_1_241' title='bbox 3130 660 3186 705; x_wconf 93' lang='lat' dir='ltr'><strong>et</strong></span> <span class='ocrx_word' id='word_1_242' title='bbox 3206 667 3363 706; x_wconf 81' lang='lat' dir='ltr'><strong>aver-</strong></span> 
     </span>
    </p>
   </div>
   <div class='ocr_carea' id='block_1_35' title="bbox 1785 735 3365 810">
    <p class='ocr_par' dir='ltr' id='par_1_35' title="bbox 1785 735 3365 810">
     <span class='ocr_line' id='line_1_35' title="bbox 1785 735 3365 810; baseline 0.006 -24"><span class='ocrx_word' id='word_1_243' title='bbox 1785 741 1967 787; x_wconf 87' lang='lat' dir='ltr'><strong>terunt</strong></span> <span class='ocrx_word' id='word_1_244' title='bbox 2000 749 2059 789; x_wconf 88' lang='lat' dir='ltr'><strong>se</strong></span> <span class='ocrx_word' id='word_1_245' title='bbox 2089 735 2470 805; x_wconf 88' lang='lat' dir='ltr'><strong>unusquisque</strong></span> <span class='ocrx_word' id='word_1_246' title='bbox 2494 752 2525 791; x_wconf 88' lang='lat' dir='ltr'><strong>a</strong></span> <span class='ocrx_word' id='word_1_247' title='bbox 2558 738 2643 792; x_wconf 97' lang='lat' dir='ltr'><strong>via</strong></span> <span class='ocrx_word' id='word_1_248' title='bbox 2664 753 2762 793; x_wconf 90' lang='lat' dir='ltr'><strong>sua</strong></span> <span class='ocrx_word' id='word_1_249' title='bbox 2803 740 2964 805; x_wconf 83' lang='lat' dir='ltr'><strong>mala,</strong></span> <span class='ocrx_word' id='word_1_250' title='bbox 2991 749 3045 794; x_wconf 91' lang='lat' dir='ltr'><strong>et</strong></span> <span class='ocrx_word' id='word_1_251' title='bbox 3070 741 3138 795; x_wconf 90' lang='lat' dir='ltr'><strong>ab</strong></span> <span class='ocrx_word' id='word_1_252' title='bbox 3206 742 3365 810; x_wconf 89' lang='lat' dir='ltr'><strong>inju—</strong></span> 
     </span>
    </p>
   </div>
   <div class='ocr_carea' id='block_1_36' title="bbox 1785 824 3363 894">
    <p class='ocr_par' dir='ltr' id='par_1_36' title="bbox 1785 824 3363 894">
     <span class='ocr_line' id='line_1_36' title="bbox 1785 824 3363 894; baseline 0.007 -19"><span class='ocrx_word' id='word_1_253' title='bbox 1785 824 1931 877; x_wconf 89' lang='lat' dir='ltr'><strong>stitia</strong></span> <span class='ocrx_word' id='word_1_254' title='bbox 1972 839 2094 894; x_wconf 75' lang='lat' dir='ltr'><strong>qua:</strong></span> <span class='ocrx_word' id='word_1_255' title='bbox 2128 825 2183 880; x_wconf 90' lang='lat' dir='ltr'><strong>in</strong></span> <span class='ocrx_word' id='word_1_256' title='bbox 2212 826 2464 882; x_wconf 83' lang='lat' dir='ltr'><strong>manibus</strong></span> <span class='ocrx_word' id='word_1_257' title='bbox 2484 843 2685 883; x_wconf 88' lang='lat' dir='ltr'><strong>eorum</strong></span> <span class='ocrx_word' id='word_1_258' title='bbox 2713 839 2851 884; x_wconf 89' lang='lat' dir='ltr'><strong>erat.</strong></span> <span class='ocrx_word' id='word_1_259' title='bbox 2896 829 2986 885; x_wconf 90' lang='lat' dir='ltr'><strong>Sic</strong></span> <span class='ocrx_word' id='word_1_260' title='bbox 3005 831 3153 885; x_wconf 91' lang='lat' dir='ltr'><strong>enim</strong></span> <span class='ocrx_word' id='word_1_261' title='bbox 3216 833 3363 886; x_wconf 84' lang='lat' dir='ltr'><strong>Deus</strong></span> 
     </span>
    </p>
   </div>
   <div class='ocr_carea' id='block_1_37' title="bbox 1785 918 3366 992">
    <p class='ocr_par' dir='ltr' id='par_1_37' title="bbox 1785 918 3366 992">
     <span class='ocr_line' id='line_1_37' title="bbox 1785 918 3366 992; baseline 0.008 -25"><span class='ocrx_word' id='word_1_262' title='bbox 1785 929 1976 970; x_wconf 90' lang='lat' dir='ltr'><strong>eorum</strong></span> <span class='ocrx_word' id='word_1_263' title='bbox 2038 918 2415 986; x_wconf 74' lang='lat' dir='ltr'><strong>pmnitentiam</strong></span> <span class='ocrx_word' id='word_1_264' title='bbox 2442 921 2704 990; x_wconf 82' lang='lat' dir='ltr'><strong>suscepit,</strong></span> <span class='ocrx_word' id='word_1_265' title='bbox 2750 931 2811 975; x_wconf 87' lang='lat' dir='ltr'><strong>ut</strong></span> <span class='ocrx_word' id='word_1_266' title='bbox 2845 924 3111 992; x_wconf 82' lang='lat' dir='ltr'><strong>prepheta</strong></span> <span class='ocrx_word' id='word_1_267' title='bbox 3165 924 3366 979; x_wconf 86' lang='lat' dir='ltr'><strong>subde-</strong></span> 
     </span>
    </p>
   </div>
   <div class='ocr_carea' id='block_1_38' title="bbox 1786 1007 3366 1081">
    <p class='ocr_par' dir='ltr' id='par_1_38' title="bbox 1786 1007 3366 1081">
     <span class='ocr_line' id='line_1_38' title="bbox 1786 1007 3366 1081; baseline 0.007 -22"><span class='ocrx_word' id='word_1_268' title='bbox 1786 1016 1908 1062; x_wconf 88' lang='lat' dir='ltr'><strong>ret:</strong></span> <span class='ocrx_word' id='word_1_269' title='bbox 1933 1007 2173 1063; x_wconf 80' lang='lat' dir='ltr'><strong>Misertus</strong></span> <span class='ocrx_word' id='word_1_270' title='bbox 2198 1020 2276 1063; x_wconf 81' lang='lat' dir='ltr'><strong>est</strong></span> <span class='ocrx_word' id='word_1_271' title='bbox 2312 1010 2453 1065; x_wconf 84' lang='lat' dir='ltr'><strong>Deus</strong></span> <span class='ocrx_word' id='word_1_272' title='bbox 2475 1028 2631 1080; x_wconf 86' lang='lat' dir='ltr'><strong>super</strong></span> <span class='ocrx_word' id='word_1_273' title='bbox 2682 1013 2967 1078; x_wconf 75' lang='lat' dir='ltr'><strong>malitiam,</strong></span> <span class='ocrx_word' id='word_1_274' title='bbox 3002 1032 3163 1081; x_wconf 77' lang='lat' dir='ltr'><strong>quam</strong></span> <span class='ocrx_word' id='word_1_275' title='bbox 3221 1016 3366 1070; x_wconf 80' lang='lat' dir='ltr'><strong>locu-</strong></span> 
     </span>
    </p>
   </div>
   <div class='ocr_carea' id='block_1_39' title="bbox 1788 1102 3367 1177">
    <p class='ocr_par' dir='ltr' id='par_1_39' title="bbox 1788 1102 3367 1177">
     <span class='ocr_line' id='line_1_39' title="bbox 1788 1102 3367 1177; baseline 0.006 -26"><span class='ocrx_word' id='word_1_276' title='bbox 1788 1107 1871 1153; x_wconf 82' lang='lat' dir='ltr'><strong>tus</strong></span> <span class='ocrx_word' id='word_1_277' title='bbox 1890 1102 2086 1170; x_wconf 79' lang='lat' dir='ltr'><strong>fuerat,</strong></span> <span class='ocrx_word' id='word_1_278' title='bbox 2119 1110 2174 1155; x_wconf 89' lang='lat' dir='ltr'><strong>ut</strong></span> <span class='ocrx_word' id='word_1_279' title='bbox 2205 1107 2401 1172; x_wconf 75' lang='lat' dir='ltr'><strong>faceret</strong></span> <span class='ocrx_word' id='word_1_280' title='bbox 2435 1104 2530 1169; x_wconf 83' lang='lat' dir='ltr'><strong>eis,</strong></span> <span class='ocrx_word' id='word_1_281' title='bbox 2562 1114 2610 1157; x_wconf 84' lang='lat' dir='ltr'><strong>et</strong></span> <span class='ocrx_word' id='word_1_282' title='bbox 2651 1122 2754 1160; x_wconf 83' lang='lat' dir='ltr'><strong>non</strong></span> <span class='ocrx_word' id='word_1_283' title='bbox 2777 1108 2897 1176; x_wconf 78' lang='lat' dir='ltr'><strong>fecit</strong></span> <span class='ocrx_word' id='word_1_284' title='bbox 2931 1108 3002 1161; x_wconf 71' lang='lat'><strong>“.</strong></span> <span class='ocrx_word' id='word_1_285' title='bbox 3030 1107 3096 1162; x_wconf 82' lang='lat' dir='ltr'><strong>Et</strong></span> <span class='ocrx_word' id='word_1_286' title='bbox 3114 1124 3234 1177; x_wconf 69' lang='lat' dir='ltr'><strong>quae</strong></span> <span class='ocrx_word' id='word_1_287' title='bbox 3284 1118 3367 1163; x_wconf 88' lang='lat' dir='ltr'><strong>est</strong></span> 
     </span>
    </p>
   </div>
   <div class='ocr_carea' id='block_1_40' title="bbox 1786 1191 3367 1264">
    <p class='ocr_par' dir='ltr' id='par_1_40' title="bbox 1786 1191 3367 1264">
     <span class='ocr_line' id='line_1_40' title="bbox 1786 1191 3367 1264; baseline 0.007 -21"><span class='ocrx_word' id='word_1_288' title='bbox 1786 1204 1977 1255; x_wconf 86' lang='lat' dir='ltr'><strong>causa,</strong></span> <span class='ocrx_word' id='word_1_289' title='bbox 2004 1204 2126 1258; x_wconf 62' lang='lat' dir='ltr'><strong>qua:</strong></span> <span class='ocrx_word' id='word_1_290' title='bbox 2156 1191 2536 1259; x_wconf 70' lang='lat' dir='ltr'><strong>pmnitentiam</strong></span> <span class='ocrx_word' id='word_1_291' title='bbox 2567 1194 2749 1249; x_wconf 84' lang='lat' dir='ltr'><strong>delere</strong></span> <span class='ocrx_word' id='word_1_292' title='bbox 2790 1206 3013 1264; x_wconf 89' lang='lat' dir='ltr'><strong>peccata</strong></span> <span class='ocrx_word' id='word_1_293' title='bbox 3073 1198 3253 1261; x_wconf 82' lang='lat' dir='ltr'><strong>faciat,</strong></span> <span class='ocrx_word' id='word_1_294' title='bbox 3310 1209 3367 1253; x_wconf 90' lang='lat' dir='ltr'><strong>et</strong></span> 
     </span>
    </p>
   </div>
   <div class='ocr_carea' id='block_1_41' title="bbox 1787 1276 3361 1356">
    <p class='ocr_par' dir='ltr' id='par_1_41' title="bbox 1787 1276 3361 1356">
     <span class='ocr_line' id='line_1_41' title="bbox 1787 1276 3361 1356; baseline 0.007 -25"><span class='ocrx_word' id='word_1_295' title='bbox 1787 1276 1917 1332; x_wconf 80' lang='lat' dir='ltr'><strong>facit</strong></span> <span class='ocrx_word' id='word_1_296' title='bbox 1947 1278 2203 1333; x_wconf 87' lang='lat' dir='ltr'><strong>mundam</strong></span> <span class='ocrx_word' id='word_1_297' title='bbox 2241 1281 2526 1349; x_wconf 75' lang='lat' dir='ltr'><strong>poenitenti</strong></span> <span class='ocrx_word' id='word_1_298' title='bbox 2580 1284 2851 1354; x_wconf 74' lang='lat' dir='ltr'><strong>proﬂigari</strong></span> <span class='ocrx_word' id='word_1_299' title='bbox 2909 1286 3361 1356; x_wconf 85' lang='lat' dir='ltr'><strong>redemptionem.</strong></span> 
     </span>
    </p>
   </div>
   <div class='ocr_carea' id='block_1_42' title="bbox 1786 1369 3364 1443">
    <p class='ocr_par' dir='ltr' id='par_1_42' title="bbox 1786 1369 3364 1443">
     <span class='ocr_line' id='line_1_42' title="bbox 1786 1369 3364 1443; baseline 0.008 -21"><span class='ocrx_word' id='word_1_300' title='bbox 1786 1369 1858 1422; x_wconf 86' lang='lat' dir='ltr'><strong>ita</strong></span> <span class='ocrx_word' id='word_1_301' title='bbox 1878 1377 1935 1423; x_wconf 87' lang='lat' dir='ltr'><strong>ut</strong></span> <span class='ocrx_word' id='word_1_302' title='bbox 1962 1385 2065 1423; x_wconf 91' lang='lat' dir='ltr'><strong>nec</strong></span> <span class='ocrx_word' id='word_1_303' title='bbox 2087 1385 2233 1438; x_wconf 75' lang='lat' dir='ltr'><strong>opus</strong></span> <span class='ocrx_word' id='word_1_304' title='bbox 2256 1371 2452 1425; x_wconf 88' lang='lat' dir='ltr'><strong>habeat</strong></span> <span class='ocrx_word' id='word_1_305' title='bbox 2483 1372 2649 1427; x_wconf 89' lang='lat' dir='ltr'><strong>alium</strong></span> <span class='ocrx_word' id='word_1_306' title='bbox 2680 1375 2790 1443; x_wconf 86' lang='lat' dir='ltr'><strong>jam</strong></span> <span class='ocrx_word' id='word_1_307' title='bbox 2819 1376 3204 1432; x_wconf 82' lang='lat' dir='ltr'><strong>admonentem</strong></span> <span class='ocrx_word' id='word_1_308' title='bbox 3224 1418 3238 1442; x_wconf 96' lang='lat'><strong>,</strong></span> <span class='ocrx_word' id='word_1_309' title='bbox 3265 1394 3364 1435; x_wconf 86' lang='lat' dir='ltr'><strong>ne-</strong></span> 
     </span>
    </p>
   </div>
   <div class='ocr_carea' id='block_1_43' title="bbox 1787 1459 2942 1532">
    <p class='ocr_par' dir='ltr' id='par_1_43' title="bbox 1787 1459 2942 1532">
     <span class='ocr_line' id='line_1_43' title="bbox 1787 1459 2942 1532; baseline 0.007 -20"><span class='ocrx_word' id='word_1_310' title='bbox 1787 1473 1892 1528; x_wconf 88' lang='lat' dir='ltr'><strong>que</strong></span> <span class='ocrx_word' id='word_1_311' title='bbox 1920 1459 2023 1514; x_wconf 88' lang='lat' dir='ltr'><strong>sub</strong></span> <span class='ocrx_word' id='word_1_312' title='bbox 2047 1461 2178 1530; x_wconf 78' lang='lat' dir='ltr'><strong>jugo</strong></span> <span class='ocrx_word' id='word_1_313' title='bbox 2211 1460 2434 1515; x_wconf 86' lang='lat' dir='ltr'><strong>alterius</strong></span> <span class='ocrx_word' id='word_1_314' title='bbox 2468 1478 2628 1532; x_wconf 80' lang='lat' dir='ltr'><strong>agere</strong></span> <span class='ocrx_word' id='word_1_315' title='bbox 2660 1465 2942 1521; x_wconf 64' lang='lat' dir='ltr'><strong>doctrinm.</strong></span> 
     </span>
    </p>
   </div>
   <div class='ocr_carea' id='block_1_44' title="bbox 1852 1551 3369 1627">
    <p class='ocr_par' dir='ltr' id='par_1_44' title="bbox 1852 1551 3369 1627">
     <span class='ocr_line' id='line_1_44' title="bbox 1852 1551 3369 1627; baseline 0.007 -23"><span class='ocrx_word' id='word_1_316' title='bbox 1852 1551 1955 1605; x_wconf 76' lang='lat' dir='ltr'><strong>Mei</strong></span> <span class='ocrx_word' id='word_1_317' title='bbox 1981 1560 2101 1605; x_wconf 75' lang='lat' dir='ltr'><strong>sunt</strong></span> <span class='ocrx_word' id='word_1_318' title='bbox 2128 1553 2268 1606; x_wconf 85' lang='lat' dir='ltr'><strong>enim</strong></span> <span class='ocrx_word' id='word_1_319' title='bbox 2287 1554 2424 1607; x_wconf 85' lang='lat' dir='ltr'><strong>servi</strong></span> <span class='ocrx_word' id='word_1_320' title='bbox 2459 1554 2559 1622; x_wconf 80' lang='lat' dir='ltr'><strong>ﬁlii</strong></span> <span class='ocrx_word' id='word_1_321' title='bbox 2576 1556 2766 1623; x_wconf 80' lang='lat' dir='ltr'><strong>Israel,</strong></span> <span class='ocrx_word' id='word_1_322' title='bbox 2800 1574 2927 1627; x_wconf 86' lang='lat' dir='ltr'><strong>quos</strong></span> <span class='ocrx_word' id='word_1_323' title='bbox 2955 1560 3113 1613; x_wconf 71' lang='lat' dir='ltr'><strong>eduxi</strong></span> <span class='ocrx_word' id='word_1_324' title='bbox 3141 1562 3203 1613; x_wconf 78' lang='lat' dir='ltr'><strong>de</strong></span> <span class='ocrx_word' id='word_1_325' title='bbox 3225 1570 3369 1614; x_wconf 81' lang='lat' dir='ltr'><strong>terra</strong></span> 
     </span>
    </p>
   </div>
   <div class='ocr_carea' id='block_1_45' title="bbox 1787 1641 3370 1719">
    <p class='ocr_par' dir='ltr' id='par_1_45' title="bbox 1787 1641 3370 1719">
     <span class='ocr_line' id='line_1_45' title="bbox 1787 1641 3370 1719; baseline 0.008 -24"><span class='ocrx_word' id='word_1_326' title='bbox 1787 1641 2026 1712; x_wconf 68' lang='lat' dir='ltr'><strong>Aigypti.</strong></span> <span class='ocrx_word' id='word_1_327' title='bbox 2058 1641 2342 1709; x_wconf 84' lang='lat' dir='ltr'><strong>Quomodo</strong></span> <span class='ocrx_word' id='word_1_328' title='bbox 2392 1653 2576 1700; x_wconf 84' lang='lat' dir='ltr'><strong>autem</strong></span> <span class='ocrx_word' id='word_1_329' title='bbox 2607 1662 2702 1702; x_wconf 89' lang='lat' dir='ltr'><strong>eos</strong></span> <span class='ocrx_word' id='word_1_330' title='bbox 2758 1649 2991 1704; x_wconf 82' lang='lat' dir='ltr'><strong>eduxit?</strong></span> <span class='ocrx_word' id='word_1_331' title='bbox 3019 1650 3370 1719; x_wconf 81' lang='lat' dir='ltr'><strong>Suspirantes</strong></span> 
     </span>
    </p>
   </div>
   <div class='ocr_carea' id='block_1_46' title="bbox 1788 1734 3373 1799">
    <p class='ocr_par' dir='ltr' id='par_1_46' title="bbox 1788 1734 3373 1799">
     <span class='ocr_line' id='line_1_46' title="bbox 1788 1734 3373 1799; baseline 0.006 -10"><span class='ocrx_word' id='word_1_332' title='bbox 1788 1734 2223 1799; x_wconf 85' lang='lat' dir='ltr'><strong>videlicet,sicut</strong></span> <span class='ocrx_word' id='word_1_333' title='bbox 2246 1734 2382 1791; x_wconf 85' lang='lat' dir='ltr'><strong>liber</strong></span> <span class='ocrx_word' id='word_1_334' title='bbox 2403 1738 2563 1793; x_wconf 91' lang='lat' dir='ltr'><strong>nobis</strong></span> <span class='ocrx_word' id='word_1_335' title='bbox 2598 1741 2771 1794; x_wconf 77' lang='lat' dir='ltr'><strong>Exodi</strong></span> <span class='ocrx_word' id='word_1_336' title='bbox 2799 1742 3197 1798; x_wconf 88' lang='lat' dir='ltr'><strong>demonstravit</strong></span> <span class='ocrx_word' id='word_1_337' title='bbox 3223 1762 3234 1798; x_wconf 93' lang='lat'>:</span> <span class='ocrx_word' id='word_1_338' title='bbox 3265 1743 3373 1798; x_wconf 79' lang='lat' dir='ltr'><strong>Per</strong></span> 
     </span>
    </p>
   </div>
   <div class='ocr_carea' id='block_1_47' title="bbox 1790 1825 3369 1904">
    <p class='ocr_par' dir='ltr' id='par_1_47' title="bbox 1790 1825 3369 1904">
     <span class='ocr_line' id='line_1_47' title="bbox 1790 1825 3369 1904; baseline 0.006 -27"><span class='ocrx_word' id='word_1_339' title='bbox 1790 1825 2014 1879; x_wconf 84' lang='lat' dir='ltr'><strong>multum</strong></span> <span class='ocrx_word' id='word_1_340' title='bbox 2041 1827 2288 1894; x_wconf 65' lang='lat' dir='ltr'><strong>temporis</strong></span> <span class='ocrx_word' id='word_1_341' title='bbox 2312 1836 2551 1883; x_wconf 51' lang='lat' dir='ltr'><strong>nter-tuus</strong></span> <span class='ocrx_word' id='word_1_342' title='bbox 2611 1843 2684 1884; x_wconf 85' lang='lat' dir='ltr'><strong>est</strong></span> <span class='ocrx_word' id='word_1_343' title='bbox 2718 1848 2809 1885; x_wconf 80' lang='lat' dir='ltr'><strong>rea:</strong></span> <span class='ocrx_word' id='word_1_344' title='bbox 2845 1830 3086 1903; x_wconf 64' lang='lat' dir='ltr'><strong>Egypti.</strong></span> <span class='ocrx_word' id='word_1_345' title='bbox 3118 1844 3167 1887; x_wconf 89' lang='lat' dir='ltr'><strong>et</strong></span> <span class='ocrx_word' id='word_1_346' title='bbox 3218 1836 3369 1904; x_wconf 75' lang='lat' dir='ltr'><strong>inge—</strong></span> 
     </span>
    </p>
   </div>
   <div class='ocr_carea' id='block_1_48' title="bbox 1790 1916 3420 1995">
    <p class='ocr_par' dir='ltr' id='par_1_48' title="bbox 1790 1916 3420 1995">
     <span class='ocr_line' id='line_1_48' title="bbox 1790 1916 3420 1995; baseline 0.006 -26"><span class='ocrx_word' id='word_1_347' title='bbox 1790 1916 2060 1970; x_wconf 88' lang='lat' dir='ltr'><strong>miscentes</strong></span> <span class='ocrx_word' id='word_1_348' title='bbox 2095 1917 2195 1985; x_wconf 82' lang='lat' dir='ltr'><strong>ﬁlii</strong></span> <span class='ocrx_word' id='word_1_349' title='bbox 2222 1917 2392 1972; x_wconf 85' lang='lat' dir='ltr'><strong>Israel</strong></span> <span class='ocrx_word' id='word_1_350' title='bbox 2419 1929 2631 1987; x_wconf 84' lang='lat' dir='ltr'><strong>propter</strong></span> <span class='ocrx_word' id='word_1_351' title='bbox 2690 1939 2874 1990; x_wconf 87' lang='lat' dir='ltr'><strong>opera,</strong></span> <span class='ocrx_word' id='word_1_352' title='bbox 2928 1925 3196 1995; x_wconf 72' lang='lat' dir='ltr'><strong>vociferati</strong></span> <span class='ocrx_word' id='word_1_353' title='bbox 3222 1934 3366 1989; x_wconf 77' lang='lat' dir='ltr'><strong>sum,</strong></span> <span class='ocrx_word' id='word_1_354' title='bbox 3417 1991 3420 1995; x_wconf 22' lang='lat'><strong><em>.</em></strong></span> 
     </span>
    </p>
   </div>
   <div class='ocr_carea' id='block_1_49' title="bbox 1789 2009 3371 2086">
    <p class='ocr_par' dir='ltr' id='par_1_49' title="bbox 1789 2009 3371 2086">
     <span class='ocr_line' id='line_1_49' title="bbox 1789 2009 3371 2086; baseline 0.008 -28"><span class='ocrx_word' id='word_1_355' title='bbox 1789 2009 2121 2076; x_wconf 78' lang='lat' dir='ltr'><strong>ascenditque</strong></span> <span class='ocrx_word' id='word_1_356' title='bbox 2173 2009 2376 2063; x_wconf 83' lang='lat' dir='ltr'><strong>clamor</strong></span> <span class='ocrx_word' id='word_1_357' title='bbox 2422 2027 2601 2064; x_wconf 88' lang='lat' dir='ltr'><strong>eorum</strong></span> <span class='ocrx_word' id='word_1_358' title='bbox 2661 2014 2733 2066; x_wconf 84' lang='lat' dir='ltr'><strong>ad</strong></span> <span class='ocrx_word' id='word_1_359' title='bbox 2780 2013 2946 2067; x_wconf 88' lang='lat' dir='ltr'><strong>Deum</strong></span> <span class='ocrx_word' id='word_1_360' title='bbox 2976 2015 3040 2067; x_wconf 67' lang='lat'><strong>&quot;7.</strong></span> <span class='ocrx_word' id='word_1_361' title='bbox 3070 2015 3172 2080; x_wconf 86' lang='lat' dir='ltr'><strong>Qui</strong></span> <span class='ocrx_word' id='word_1_362' title='bbox 3239 2032 3371 2086; x_wconf 76' lang='lat' dir='ltr'><strong>ergo</strong></span> 
     </span>
    </p>
   </div>
   <div class='ocr_carea' id='block_1_50' title="bbox 1792 2100 3370 2174">
    <p class='ocr_par' dir='ltr' id='par_1_50' title="bbox 1792 2100 3370 2174">
     <span class='ocr_line' id='line_1_50' title="bbox 1792 2100 3370 2174; baseline 0.006 -22"><span class='ocrx_word' id='word_1_363' title='bbox 1792 2106 1922 2153; x_wconf 86' lang='lat' dir='ltr'><strong>tunc</strong></span> <span class='ocrx_word' id='word_1_364' title='bbox 1959 2100 2141 2170; x_wconf 90' lang='lat' dir='ltr'><strong>populi</strong></span> <span class='ocrx_word' id='word_1_365' title='bbox 2171 2101 2471 2171; x_wconf 87' lang='lat' dir='ltr'><strong>suspirium</strong></span> <span class='ocrx_word' id='word_1_366' title='bbox 2497 2104 2757 2173; x_wconf 85' lang='lat' dir='ltr'><strong>suscepit,</strong></span> <span class='ocrx_word' id='word_1_367' title='bbox 2803 2104 3163 2174; x_wconf 86' lang='lat' dir='ltr'><strong>liberavitque</strong></span> <span class='ocrx_word' id='word_1_368' title='bbox 3192 2120 3288 2161; x_wconf 90' lang='lat' dir='ltr'><strong>eos</strong></span> <span class='ocrx_word' id='word_1_369' title='bbox 3337 2121 3370 2162; x_wconf 75' lang='grc' dir='ltr'><strong>ι</strong></span> 
     </span>
    </p>
   </div>
   <div class='ocr_carea' id='block_1_51' title="bbox 1790 2189 3375 2265">
    <p class='ocr_par' dir='ltr' id='par_1_51' title="bbox 1790 2189 3375 2265">
     <span class='ocr_line' id='line_1_51' title="bbox 1790 2189 3375 2265; baseline 0.006 -22"><span class='ocrx_word' id='word_1_370' title='bbox 1790 2189 2052 2245; x_wconf 84' lang='lat' dir='ltr'><strong>servitute</strong></span> <span class='ocrx_word' id='word_1_371' title='bbox 2078 2189 2348 2262; x_wconf 62' lang='lat' dir='ltr'><strong>Egyptia,</strong></span> <span class='ocrx_word' id='word_1_372' title='bbox 2374 2192 2489 2261; x_wconf 86' lang='lat' dir='ltr'><strong>ipse</strong></span> <span class='ocrx_word' id='word_1_373' title='bbox 2512 2203 2569 2248; x_wconf 89' lang='lat' dir='ltr'><strong>et</strong></span> <span class='ocrx_word' id='word_1_374' title='bbox 2618 2209 2766 2250; x_wconf 86' lang='lat' dir='ltr'><strong>nunc</strong></span> <span class='ocrx_word' id='word_1_375' title='bbox 2826 2210 3270 2265; x_wconf 79' lang='lat' dir='ltr'><strong>unumquemque</strong></span> <span class='ocrx_word' id='word_1_376' title='bbox 3312 2197 3375 2252; x_wconf 83' lang='lat' dir='ltr'><strong>in</strong></span> 
     </span>
    </p>
   </div>
   <div class='ocr_carea' id='block_1_52' title="bbox 1791 2280 3375 2361">
    <p class='ocr_par' dir='ltr' id='par_1_52' title="bbox 1791 2280 3375 2361">
     <span class='ocr_line' id='line_1_52' title="bbox 1791 2280 3375 2361; baseline 0.004 -27"><span class='ocrx_word' id='word_1_377' title='bbox 1791 2280 2112 2349; x_wconf 81' lang='lat' dir='ltr'><strong>pcenitentia</strong></span> <span class='ocrx_word' id='word_1_378' title='bbox 2156 2281 2524 2350; x_wconf 87' lang='lat' dir='ltr'><strong>suspirantem</strong></span> <span class='ocrx_word' id='word_1_379' title='bbox 2581 2283 2794 2361; x_wconf 63' lang='lat' dir='ltr'><strong>liberat,</strong></span> <span class='ocrx_word' id='word_1_380' title='bbox 2825 2293 2879 2339; x_wconf 91' lang='lat' dir='ltr'><strong>et</strong></span> <span class='ocrx_word' id='word_1_381' title='bbox 2916 2285 2985 2341; x_wconf 87' lang='lat' dir='ltr'><strong>ab</strong></span> <span class='ocrx_word' id='word_1_382' title='bbox 3044 2285 3375 2357; x_wconf 78' lang='lat' dir='ltr'><strong>intelligibili</strong></span> 
     </span>
    </p>
   </div>
   <div class='ocr_carea' id='block_1_53' title="bbox 1791 2361 3383 2456">
    <p class='ocr_par' dir='ltr' id='par_1_53' title="bbox 1791 2361 3383 2456">
     <span class='ocr_line' id='line_1_53' title="bbox 1791 2361 3383 2456; baseline 0.006 -31"><span class='ocrx_word' id='word_1_383' title='bbox 1791 2371 2023 2442; x_wconf 66' lang='lat' dir='ltr'><strong>AEgypto</strong></span> <span class='ocrx_word' id='word_1_384' title='bbox 2044 2372 2295 2429; x_wconf 85' lang='lat' dir='ltr'><strong>redimet.</strong></span> <span class='ocrx_word' id='word_1_385' title='bbox 2327 2374 2469 2456; x_wconf 75' lang='lat' dir='ltr'><strong>Dicit</strong></span> <span class='ocrx_word' id='word_1_386' title='bbox 2494 2361 2567 2430; x_wconf 39' lang='lat' dir='ltr'><strong>ad.</strong></span> <span class='ocrx_word' id='word_1_387' title='bbox 2592 2391 2690 2432; x_wconf 91' lang='lat' dir='ltr'><strong>nos</strong></span> <span class='ocrx_word' id='word_1_388' title='bbox 2722 2395 2735 2432; x_wconf 91' lang='lat'>:</span> <span class='ocrx_word' id='word_1_389' title='bbox 2766 2375 2879 2448; x_wconf 78' lang='lat' dir='ltr'><strong>Ego</strong></span> <span class='ocrx_word' id='word_1_390' title='bbox 2911 2378 3199 2434; x_wconf 83' lang='lat' dir='ltr'><strong>Dominus.</strong></span> <span class='ocrx_word' id='word_1_391' title='bbox 3231 2381 3383 2434; x_wconf 75' lang='lat' dir='ltr'><strong>Deus.</strong></span> 
     </span>
    </p>
   </div>
   <div class='ocr_carea' id='block_1_54' title="bbox 1790 2466 2870 2540">
    <p class='ocr_par' dir='ltr' id='par_1_54' title="bbox 1790 2466 2870 2540">
     <span class='ocr_line' id='line_1_54' title="bbox 1790 2466 2870 2540; baseline 0.002 -20"><span class='ocrx_word' id='word_1_392' title='bbox 1790 2473 1992 2532; x_wconf 86' lang='lat' dir='ltr'><strong>vester,</strong></span> <span class='ocrx_word' id='word_1_393' title='bbox 2009 2466 2100 2536; x_wconf 87' lang='lat' dir='ltr'><strong>qui</strong></span> <span class='ocrx_word' id='word_1_394' title='bbox 2134 2466 2222 2521; x_wconf 81' lang='lat' dir='ltr'><strong>illa</strong></span> <span class='ocrx_word' id='word_1_395' title='bbox 2248 2467 2354 2539; x_wconf 77' lang='lat' dir='ltr'><strong>egi,</strong></span> <span class='ocrx_word' id='word_1_396' title='bbox 2386 2475 2445 2527; x_wconf 88' lang='lat' dir='ltr'><strong>.et</strong></span> <span class='ocrx_word' id='word_1_397' title='bbox 2471 2468 2590 2524; x_wconf 68' lang='lat' dir='ltr'><strong>haec</strong></span> <span class='ocrx_word' id='word_1_398' title='bbox 2611 2469 2870 2540; x_wconf 68' lang='lat' dir='ltr'><strong>praecepi.</strong></span> 
     </span>
    </p>
   </div>
   <div class='ocr_carea' id='block_1_55' title="bbox 2357 2624 2800 2682">
    <p class='ocr_par' dir='ltr' id='par_1_55' title="bbox 2357 2624 2800 2682">
     <span class='ocr_line' id='line_1_55' title="bbox 2357 2624 2800 2682; baseline 0 -1"><span class='ocrx_word' id='word_1_399' title='bbox 2357 2624 2583 2682; x_wconf 81' lang='lat' dir='ltr'><strong>CAPUT</strong></span> <span class='ocrx_word' id='word_1_400' title='bbox 2608 2625 2800 2682; x_wconf 77' lang='lat' dir='ltr'><strong>XXVI.</strong></span> 
     </span>
    </p>
   </div>
   <div class='ocr_carea' id='block_1_56' title="bbox 1863 2736 3370 2810">
    <p class='ocr_par' dir='ltr' id='par_1_56' title="bbox 1863 2736 3370 2810">
     <span class='ocr_line' id='line_1_56' title="bbox 1863 2736 3370 2810; baseline 0.004 -21"><span class='ocrx_word' id='word_1_401' title='bbox 1863 2736 2022 2790; x_wconf 79' lang='lat' dir='ltr'><strong>Vens.</strong></span> <span class='ocrx_word' id='word_1_402' title='bbox 2054 2737 2103 2799; x_wconf 80' lang='lat' dir='ltr'><strong>l,</strong></span> <span class='ocrx_word' id='word_1_403' title='bbox 2121 2737 2178 2792; x_wconf 75' lang='lat'><strong>2.</strong></span> <span class='ocrx_word' id='word_1_404' title='bbox 2205 2737 2325 2794; x_wconf 89' lang='lat' dir='ltr'><strong>Non</strong></span> <span class='ocrx_word' id='word_1_405' title='bbox 2349 2737 2561 2794; x_wconf 79' lang='lat' dir='ltr'><strong>facietis</strong></span> <span class='ocrx_word' id='word_1_406' title='bbox 2590 2738 3003 2805; x_wconf 83' lang='lat' dir='ltr'><strong>vobis-idolum,</strong></span> <span class='ocrx_word' id='word_1_407' title='bbox 3030 2739 3370 2810; x_wconf 81' lang='lat' dir='ltr'><strong>ctseulptile,</strong></span> 
     </span>
    </p>
   </div>
   <div class='ocr_carea' id='block_1_57' title="bbox 1794 2827 3374 2902">
    <p class='ocr_par' dir='ltr' id='par_1_57' title="bbox 1794 2827 3374 2902">
     <span class='ocr_line' id='line_1_57' title="bbox 1794 2827 3374 2902; baseline 0.005 -23"><span class='ocrx_word' id='word_1_408' title='bbox 1794 2841 1893 2881; x_wconf 85' lang='lat' dir='ltr'><strong>nec</strong></span> <span class='ocrx_word' id='word_1_409' title='bbox 1929 2827 2112 2882; x_wconf 89' lang='lat' dir='ltr'><strong>titulos</strong></span> <span class='ocrx_word' id='word_1_410' title='bbox 2137 2829 2377 2901; x_wconf 77' lang='lat' dir='ltr'><strong>erigetis,</strong></span> <span class='ocrx_word' id='word_1_411' title='bbox 2409 2846 2513 2885; x_wconf 87' lang='lat' dir='ltr'><strong>nec</strong></span> <span class='ocrx_word' id='word_1_412' title='bbox 2541 2830 2838 2901; x_wconf 68' lang='lat' dir='ltr'><strong>insignem~~</strong></span> <span class='ocrx_word' id='word_1_413' title='bbox 2859 2831 3092 2900; x_wconf 84' lang='lat' dir='ltr'><strong>lapidem</strong></span> <span class='ocrx_word' id='word_1_414' title='bbox 3155 2832 3374 2902; x_wconf 77' lang='lat' dir='ltr'><strong>ponetis</strong></span> 
     </span>
    </p>
   </div>
   <div class='ocr_carea' id='block_1_58' title="bbox 1794 2922 3375 2994">
    <p class='ocr_par' dir='ltr' id='par_1_58' title="bbox 1794 2922 3375 2994">
     <span class='ocr_line' id='line_1_58' title="bbox 1794 2922 3375 2994; baseline 0.003 -21"><span class='ocrx_word' id='word_1_415' title='bbox 1794 2922 1849 2973; x_wconf 91' lang='lat' dir='ltr'><strong>in</strong></span> <span class='ocrx_word' id='word_1_416' title='bbox 1885 2929 2024 2975; x_wconf 89' lang='lat' dir='ltr'><strong>terra</strong></span> <span class='ocrx_word' id='word_1_417' title='bbox 2056 2931 2255 2986; x_wconf 87' lang='lat' dir='ltr'><strong>vestra,</strong></span> <span class='ocrx_word' id='word_1_418' title='bbox 2284 2931 2345 2977; x_wconf 88' lang='grc' dir='ltr'><strong>ιιι</strong></span> <span class='ocrx_word' id='word_1_419' title='bbox 2372 2922 2609 2978; x_wconf 84' lang='lat' dir='ltr'><strong>adoretis</strong></span> <span class='ocrx_word' id='word_1_420' title='bbox 2635 2938 2784 2985; x_wconf 90' lang='lat' dir='ltr'><strong>eum,</strong></span> <span class='ocrx_word' id='word_1_421' title='bbox 2818 2940 2920 2994; x_wconf 78' lang='lat' dir='ltr'><strong>ego</strong></span> <span class='ocrx_word' id='word_1_422' title='bbox 2943 2922 3089 2979; x_wconf 84' lang='lat' dir='ltr'><strong>enim</strong></span> <span class='ocrx_word' id='word_1_423' title='bbox 3117 2939 3236 2978; x_wconf 86' lang='lat' dir='ltr'><strong>sum</strong></span> <span class='ocrx_word' id='word_1_424' title='bbox 3275 2922 3375 2978; x_wconf 81' lang='lat' dir='ltr'><strong>Do-</strong></span> 
     </span>
    </p>
   </div>
   <div class='ocr_carea' id='block_1_59' title="bbox 1793 3010 3373 3081">
    <p class='ocr_par' dir='ltr' id='par_1_59' title="bbox 1793 3010 3373 3081">
     <span class='ocr_line' id='line_1_59' title="bbox 1793 3010 3373 3081; baseline 0.003 -18"><span class='ocrx_word' id='word_1_425' title='bbox 1793 3010 1972 3064; x_wconf 89' lang='lat' dir='ltr'><strong>minus</strong></span> <span class='ocrx_word' id='word_1_426' title='bbox 2005 3010 2145 3065; x_wconf 89' lang='lat' dir='ltr'><strong>Deus</strong></span> <span class='ocrx_word' id='word_1_427' title='bbox 2171 3019 2370 3066; x_wconf 87' lang='lat' dir='ltr'><strong>vester.</strong></span> <span class='ocrx_word' id='word_1_428' title='bbox 2400 3010 2685 3067; x_wconf 82' lang='lat' dir='ltr'><strong>Custodite</strong></span> <span class='ocrx_word' id='word_1_429' title='bbox 2732 3011 2965 3068; x_wconf 84' lang='lat' dir='ltr'><strong>Sabhata</strong></span> <span class='ocrx_word' id='word_1_430' title='bbox 2996 3027 3137 3076; x_wconf 86' lang='lat' dir='ltr'><strong>mea,</strong></span> <span class='ocrx_word' id='word_1_431' title='bbox 3167 3020 3245 3067; x_wconf 28' lang='lat' dir='ltr'><strong>et.</strong></span> <span class='ocrx_word' id='word_1_432' title='bbox 3275 3027 3373 3081; x_wconf 85' lang='lat' dir='ltr'><strong>pa-</strong></span> 
     </span>
    </p>
   </div>
   <div class='ocr_carea' id='block_1_60' title="bbox 113 3102 3060 3182">
    <p class='ocr_par' dir='ltr' id='par_1_60' title="bbox 113 3102 3060 3182">
     <span class='ocr_line' id='line_1_60' title="bbox 113 3102 3060 3182; baseline 0.001 -16"><span class='ocrx_word' id='word_1_433' title='bbox 113 3114 398 3182; x_wconf 55' lang='lat' dir='ltr'><strong>ptuaginta</strong></span> <span class='ocrx_word' id='word_1_434' title='bbox 426 3111 593 3167; x_wconf 85' lang='lat' dir='ltr'><strong>infer&#39;t</strong></span> <span class='ocrx_word' id='word_1_435' title='bbox 631 3130 645 3164; x_wconf 89' lang='lat'><strong>:</strong></span> <span class='ocrx_word' id='word_1_436' title='bbox 677 3112 813 3177; x_wconf 86' lang='lat' dir='ltr'><strong>Quia</strong></span> <span class='ocrx_word' id='word_1_437' title='bbox 861 3112 1233 3166; x_wconf 88' lang='lat' dir='ltr'><strong>mercenarius</strong></span> <span class='ocrx_word' id='word_1_438' title='bbox 1282 3128 1427 3165; x_wconf 90' lang='lat' dir='ltr'><strong>anno</strong></span> <span class='ocrx_word' id='word_1_439' title='bbox 1448 3128 1514 3167; x_wconf 83' lang='lat' dir='ltr'><strong>ex</strong></span> <span class='ocrx_word' id='word_1_440' title='bbox 1547 3127 1694 3167; x_wconf 84' lang='lat' dir='ltr'><strong>anno</strong></span> <span class='ocrx_word' id='word_1_441' title='bbox 1720 3121 1761 3176; x_wconf 66' lang='grc' dir='ltr'><strong>(ζ</strong></span> <span class='ocrx_word' id='word_1_442' title='bbox 1796 3111 1916 3157; x_wconf 72' lang='lat' dir='ltr'><strong>V810</strong></span> <span class='ocrx_word' id='word_1_443' title='bbox 1936 3102 2300 3157; x_wconf 61' lang='grc' dir='ltr'><strong>ωηοιυδνῖυηι</strong></span> <span class='ocrx_word' id='word_1_444' title='bbox 2340 3119 2542 3159; x_wconf 70' lang='grc' dir='ltr'>ωθιιιῐι·</span> <span class='ocrx_word' id='word_1_445' title='bbox 2567 3105 2682 3176; x_wconf 76' lang='lat' dir='ltr'><strong>E80</strong></span> <span class='ocrx_word' id='word_1_446' title='bbox 2710 3105 2997 3160; x_wconf 74' lang='grc' dir='ltr'><strong>Βοηιίηυεο</strong></span> <span class='ocrx_word' id='word_1_447' title='bbox 3040 3123 3060 3156; x_wconf 73' lang='grc'><strong><em>³</em></strong></span> 
     </span>
    </p>
   </div>
   <div class='ocr_carea' id='block_1_61' title="bbox 113 3203 1691 3273">
    <p class='ocr_par' dir='ltr' id='par_1_61' title="bbox 113 3203 1691 3273">
     <span class='ocr_line' id='line_1_61' title="bbox 113 3203 1691 3273; baseline 0 -14"><span class='ocrx_word' id='word_1_448' title='bbox 113 3222 236 3259; x_wconf 88' lang='lat' dir='ltr'><strong>cum</strong></span> <span class='ocrx_word' id='word_1_449' title='bbox 271 3221 338 3259; x_wconf 90' lang='lat' dir='ltr'><strong>eo</strong></span> <span class='ocrx_word' id='word_1_450' title='bbox 363 3212 465 3268; x_wconf 87' lang='lat' dir='ltr'><strong>est,</strong></span> <span class='ocrx_word' id='word_1_451' title='bbox 496 3219 603 3260; x_wconf 90' lang='lat' dir='ltr'><strong>non</strong></span> <span class='ocrx_word' id='word_1_452' title='bbox 627 3204 830 3273; x_wconf 77' lang='lat' dir='ltr'><strong>alliich</strong></span> <span class='ocrx_word' id='word_1_453' title='bbox 846 3219 969 3257; x_wconf 91' lang='lat' dir='ltr'><strong>eum</strong></span> <span class='ocrx_word' id='word_1_454' title='bbox 1001 3203 1055 3257; x_wconf 90' lang='lat' dir='ltr'><strong>in</strong></span> <span class='ocrx_word' id='word_1_455' title='bbox 1085 3204 1290 3265; x_wconf 90' lang='lat' dir='ltr'><strong>labore,</strong></span> <span class='ocrx_word' id='word_1_456' title='bbox 1318 3204 1372 3258; x_wconf 91' lang='lat' dir='ltr'><strong>in</strong></span> <span class='ocrx_word' id='word_1_457' title='bbox 1396 3214 1691 3273; x_wconf 89' lang='lat' dir='ltr'><strong>conspectu</strong></span> 
     </span>
    </p>
   </div>
   <div class='ocr_carea' id='block_1_62' title="bbox 115 3293 1695 3362">
    <p class='ocr_par' dir='ltr' id='par_1_62' title="bbox 115 3293 1695 3362">
     <span class='ocr_line' id='line_1_62' title="bbox 115 3293 1695 3362; baseline 0.001 -15"><span class='ocrx_word' id='word_1_458' title='bbox 115 3305 226 3347; x_wconf 87' lang='lat' dir='ltr'><strong>tuo.</strong></span> <span class='ocrx_word' id='word_1_459' title='bbox 264 3294 344 3347; x_wconf 88' lang='lat' dir='ltr'><strong>Ad</strong></span> <span class='ocrx_word' id='word_1_460' title='bbox 381 3293 531 3347; x_wconf 88' lang='lat' dir='ltr'><strong>illutn</strong></span> <span class='ocrx_word' id='word_1_461' title='bbox 563 3293 861 3362; x_wconf 88' lang='lat' dir='ltr'><strong>respiciens</strong></span> <span class='ocrx_word' id='word_1_462' title='bbox 890 3293 1307 3356; x_wconf 75' lang='lat' dir='ltr'><strong>mercenarium,</strong></span> <span class='ocrx_word' id='word_1_463' title='bbox 1337 3308 1571 3361; x_wconf 91' lang='lat' dir='ltr'><strong>quorum</strong></span> <span class='ocrx_word' id='word_1_464' title='bbox 1606 3294 1695 3349; x_wconf 89' lang='lat' dir='ltr'><strong>hic</strong></span> 
     </span>
    </p>
   </div>
   <div class='ocr_carea' id='block_1_63' title="bbox 113 3384 1694 3454">
    <p class='ocr_par' dir='ltr' id='par_1_63' title="bbox 113 3384 1694 3454">
     <span class='ocr_line' id='line_1_63' title="bbox 113 3384 1694 3454; baseline 0.001 -17"><span class='ocrx_word' id='word_1_465' title='bbox 113 3386 333 3454; x_wconf 89' lang='lat' dir='ltr'><strong>quidem</strong></span> <span class='ocrx_word' id='word_1_466' title='bbox 381 3400 480 3454; x_wconf 91' lang='lat' dir='ltr'><strong>per</strong></span> <span class='ocrx_word' id='word_1_467' title='bbox 520 3399 682 3438; x_wconf 87' lang='lat' dir='ltr'><strong>unam</strong></span> <span class='ocrx_word' id='word_1_468' title='bbox 722 3384 929 3446; x_wconf 88' lang='lat' dir='ltr'><strong>horam,</strong></span> <span class='ocrx_word' id='word_1_469' title='bbox 964 3384 1052 3437; x_wconf 88' lang='lat' dir='ltr'><strong>ille</strong></span> <span class='ocrx_word' id='word_1_470' title='bbox 1091 3393 1272 3438; x_wconf 86' lang='lat' dir='ltr'><strong>autem</strong></span> <span class='ocrx_word' id='word_1_471' title='bbox 1301 3400 1396 3453; x_wconf 88' lang='lat' dir='ltr'><strong>per</strong></span> <span class='ocrx_word' id='word_1_472' title='bbox 1421 3394 1530 3438; x_wconf 87' lang='lat' dir='ltr'><strong>tres</strong></span> <span class='ocrx_word' id='word_1_473' title='bbox 1581 3385 1694 3440; x_wconf 85' lang='lat' dir='ltr'><strong>for-</strong></span> 
     </span>
    </p>
   </div>
   <div class='ocr_carea' id='block_1_64' title="bbox 112 3472 1693 3542">
    <p class='ocr_par' dir='ltr' id='par_1_64' title="bbox 112 3472 1693 3542">
     <span class='ocr_line' id='line_1_64' title="bbox 112 3472 1693 3542; baseline 0.001 -14"><span class='ocrx_word' id='word_1_474' title='bbox 112 3476 254 3528; x_wconf 79' lang='lat' dir='ltr'><strong>sitan</strong></span> <span class='ocrx_word' id='word_1_475' title='bbox 280 3474 419 3526; x_wconf 81' lang='lat' dir='ltr'><strong>alter</strong></span> <span class='ocrx_word' id='word_1_476' title='bbox 445 3473 719 3541; x_wconf 87' lang='lat' dir='ltr'><strong>aliquanto</strong></span> <span class='ocrx_word' id='word_1_477' title='bbox 751 3472 985 3539; x_wconf 88' lang='lat' dir='ltr'><strong>amplius</strong></span> <span class='ocrx_word' id='word_1_478' title='bbox 1025 3474 1331 3527; x_wconf 86' lang='lat' dir='ltr'><strong>mercedem</strong></span> <span class='ocrx_word' id='word_1_479' title='bbox 1365 3475 1549 3542; x_wconf 89' lang='lat' dir='ltr'><strong>operis</strong></span> <span class='ocrx_word' id='word_1_480' title='bbox 1600 3490 1693 3530; x_wconf 87' lang='lat' dir='ltr'><strong>ac-</strong></span> 
     </span>
    </p>
   </div>
   <div class='ocr_carea' id='block_1_65' title="bbox 109 3563 1692 3636">
    <p class='ocr_par' dir='ltr' id='par_1_65' title="bbox 109 3563 1692 3636">
     <span class='ocr_line' id='line_1_65' title="bbox 109 3563 1692 3636; baseline 0.001 -14"><span class='ocrx_word' id='word_1_481' title='bbox 109 3568 260 3636; x_wconf 84' lang='lat' dir='ltr'><strong>cepit</strong></span> <span class='ocrx_word' id='word_1_482' title='bbox 290 3566 358 3619; x_wconf 68' lang='lat'><strong>&quot;.</strong></span> <span class='ocrx_word' id='word_1_483' title='bbox 394 3563 578 3632; x_wconf 83' lang='lat' dir='ltr'><strong>Neque</strong></span> <span class='ocrx_word' id='word_1_484' title='bbox 609 3565 754 3617; x_wconf 89' lang='lat' dir='ltr'><strong>enim</strong></span> <span class='ocrx_word' id='word_1_485' title='bbox 809 3565 1044 3633; x_wconf 80' lang='lat' dir='ltr'><strong>injustus</strong></span> <span class='ocrx_word' id='word_1_486' title='bbox 1102 3576 1240 3631; x_wconf 90' lang='lat' dir='ltr'><strong>erat,</strong></span> <span class='ocrx_word' id='word_1_487' title='bbox 1283 3568 1376 3634; x_wconf 92' lang='lat' dir='ltr'><strong>qui</strong></span> <span class='ocrx_word' id='word_1_488' title='bbox 1408 3569 1692 3633; x_wconf 83' lang='lat' dir='ltr'><strong>conduxit,</strong></span> 
     </span>
    </p>
   </div>
   <div class='ocr_carea' id='block_1_66' title="bbox 112 3657 1690 3727">
    <p class='ocr_par' dir='ltr' id='par_1_66' title="bbox 112 3657 1690 3727">
     <span class='ocr_line' id='line_1_66' title="bbox 112 3657 1690 3727; baseline 0.002 -17"><span class='ocrx_word' id='word_1_489' title='bbox 112 3659 208 3712; x_wconf 88' lang='lat' dir='ltr'><strong>sed</strong></span> <span class='ocrx_word' id='word_1_490' title='bbox 234 3658 378 3711; x_wconf 88' lang='lat' dir='ltr'><strong>sicut</strong></span> <span class='ocrx_word' id='word_1_491' title='bbox 401 3657 608 3724; x_wconf 81' lang='lat' dir='ltr'><strong>justus,</strong></span> <span class='ocrx_word' id='word_1_492' title='bbox 638 3671 747 3710; x_wconf 90' lang='lat' dir='ltr'><strong>non</strong></span> <span class='ocrx_word' id='word_1_493' title='bbox 777 3657 951 3710; x_wconf 88' lang='lat' dir='ltr'><strong>solum</strong></span> <span class='ocrx_word' id='word_1_494' title='bbox 973 3658 1037 3711; x_wconf 89' lang='lat' dir='ltr'><strong>ad</strong></span> <span class='ocrx_word' id='word_1_495' title='bbox 1071 3669 1285 3727; x_wconf 87' lang='lat' dir='ltr'><strong>tempus</strong></span> <span class='ocrx_word' id='word_1_496' title='bbox 1323 3660 1690 3727; x_wconf 88' lang='lat' dir='ltr'><strong>operantium,</strong></span> 
     </span>
    </p>
   </div>
   <div class='ocr_carea' id='block_1_67' title="bbox 111 3745 1692 3819">
    <p class='ocr_par' dir='ltr' id='par_1_67' title="bbox 111 3745 1692 3819">
     <span class='ocr_line' id='line_1_67' title="bbox 111 3745 1692 3819; baseline 0.004 -19"><span class='ocrx_word' id='word_1_497' title='bbox 111 3749 208 3800; x_wconf 85' lang='lat' dir='ltr'><strong>sed</strong></span> <span class='ocrx_word' id='word_1_498' title='bbox 241 3756 298 3800; x_wconf 86' lang='lat' dir='ltr'><strong>et</strong></span> <span class='ocrx_word' id='word_1_499' title='bbox 336 3747 403 3798; x_wconf 87' lang='lat' dir='ltr'><strong>ad</strong></span> <span class='ocrx_word' id='word_1_500' title='bbox 442 3761 605 3815; x_wconf 86' lang='lat' dir='ltr'><strong>Opera</strong></span> <span class='ocrx_word' id='word_1_501' title='bbox 643 3745 898 3815; x_wconf 77' lang='lat' dir='ltr'><strong>respexit,</strong></span> <span class='ocrx_word' id='word_1_502' title='bbox 931 3746 1009 3800; x_wconf 88' lang='lat' dir='ltr'><strong>sic</strong></span> <span class='ocrx_word' id='word_1_503' title='bbox 1058 3748 1298 3802; x_wconf 85' lang='lat' dir='ltr'><strong>ntetieris</strong></span> <span class='ocrx_word' id='word_1_504' title='bbox 1326 3749 1399 3814; x_wconf 89' lang='lat' dir='ltr'><strong>ei,</strong></span> <span class='ocrx_word' id='word_1_505' title='bbox 1433 3751 1522 3819; x_wconf 91' lang='lat' dir='ltr'><strong>qui</strong></span> <span class='ocrx_word' id='word_1_506' title='bbox 1580 3752 1692 3806; x_wconf 91' lang='lat' dir='ltr'><strong>vult</strong></span> 
     </span>
    </p>
   </div>
   <div class='ocr_carea' id='block_1_68' title="bbox 110 3840 1694 3910">
    <p class='ocr_par' dir='ltr' id='par_1_68' title="bbox 110 3840 1694 3910">
     <span class='ocr_line' id='line_1_68' title="bbox 110 3840 1694 3910; baseline 0.003 -18"><span class='ocrx_word' id='word_1_507' title='bbox 110 3857 211 3910; x_wconf 83' lang='lat' dir='ltr'><strong>per</strong></span> <span class='ocrx_word' id='word_1_508' title='bbox 242 3840 491 3894; x_wconf 85' lang='lat' dir='ltr'><strong>actiones</strong></span> <span class='ocrx_word' id='word_1_509' title='bbox 516 3840 683 3893; x_wconf 87' lang='lat' dir='ltr'><strong>bonas</strong></span> <span class='ocrx_word' id='word_1_510' title='bbox 714 3840 1089 3909; x_wconf 85' lang='lat' dir='ltr'><strong>semetipsum,</strong></span> <span class='ocrx_word' id='word_1_511' title='bbox 1124 3851 1179 3895; x_wconf 91' lang='lat' dir='ltr'><strong>et</strong></span> <span class='ocrx_word' id='word_1_512' title='bbox 1209 3841 1574 3910; x_wconf 81' lang='lat' dir='ltr'><strong>perfectiones</strong></span> <span class='ocrx_word' id='word_1_513' title='bbox 1606 3860 1694 3897; x_wconf 85' lang='lat' dir='ltr'><strong>re-</strong></span> 
     </span>
    </p>
   </div>
   <div class='ocr_carea' id='block_1_69' title="bbox 111 3932 1697 4003">
    <p class='ocr_par' dir='ltr' id='par_1_69' title="bbox 111 3932 1697 4003">
     <span class='ocr_line' id='line_1_69' title="bbox 111 3932 1697 4003; baseline 0.003 -18"><span class='ocrx_word' id='word_1_514' title='bbox 111 3932 344 3996; x_wconf 86' lang='lat' dir='ltr'><strong>dimere,</strong></span> <span class='ocrx_word' id='word_1_515' title='bbox 372 3940 432 3985; x_wconf 92' lang='lat' dir='ltr'><strong>ut</strong></span> <span class='ocrx_word' id='word_1_516' title='bbox 457 3946 660 3986; x_wconf 88' lang='lat' dir='ltr'><strong>annum</strong></span> <span class='ocrx_word' id='word_1_517' title='bbox 684 3946 749 3985; x_wconf 83' lang='lat' dir='ltr'><strong>ex</strong></span> <span class='ocrx_word' id='word_1_518' title='bbox 784 3947 928 3986; x_wconf 87' lang='lat' dir='ltr'><strong>anno</strong></span> <span class='ocrx_word' id='word_1_519' title='bbox 955 3933 1163 3986; x_wconf 90' lang='lat' dir='ltr'><strong>sitcum</strong></span> <span class='ocrx_word' id='word_1_520' title='bbox 1195 3948 1282 3997; x_wconf 86' lang='lat' dir='ltr'><strong>eo,</strong></span> <span class='ocrx_word' id='word_1_521' title='bbox 1307 3934 1697 4003; x_wconf 80' lang='lat' dir='ltr'><strong>redemptionis</strong></span> 
     </span>
    </p>
   </div>
   <div class='ocr_carea' id='block_1_70' title="bbox 32 4022 1694 4095">
    <p class='ocr_par' dir='ltr' id='par_1_70' title="bbox 32 4022 1694 4095">
     <span class='ocr_line' id='line_1_70' title="bbox 32 4022 1694 4095; baseline 0.002 -18"><span class='ocrx_word' id='word_1_522' title='bbox 32 4042 33 4045; x_wconf 63' lang='lat'>‘</span> <span class='ocrx_word' id='word_1_523' title='bbox 112 4024 349 4093; x_wconf 81' lang='lat' dir='ltr'><strong>propria:</strong></span> <span class='ocrx_word' id='word_1_524' title='bbox 376 4022 605 4093; x_wconf 86' lang='lat' dir='ltr'><strong>pecunia</strong></span> <span class='ocrx_word' id='word_1_525' title='bbox 637 4022 691 4075; x_wconf 91' lang='lat' dir='ltr'><strong>in</strong></span> <span class='ocrx_word' id='word_1_526' title='bbox 724 4031 1131 4084; x_wconf 83' lang='lat' dir='ltr'><strong>momento,aut</strong></span> <span class='ocrx_word' id='word_1_527' title='bbox 1156 4040 1254 4095; x_wconf 87' lang='lat' dir='ltr'><strong>per</strong></span> <span class='ocrx_word' id='word_1_528' title='bbox 1281 4025 1480 4078; x_wconf 91' lang='lat' dir='ltr'><strong>multos</strong></span> <span class='ocrx_word' id='word_1_529' title='bbox 1501 4040 1694 4089; x_wconf 87' lang='lat' dir='ltr'><strong>annos,</strong></span> 
     </span>
    </p>
   </div>
   <div class='ocr_carea' id='block_1_71' title="bbox 111 4115 1697 4187">
    <p class='ocr_par' dir='ltr' id='par_1_71' title="bbox 111 4115 1697 4187">
     <span class='ocr_line' id='line_1_71' title="bbox 111 4115 1697 4187; baseline 0.002 -17"><span class='ocrx_word' id='word_1_530' title='bbox 111 4127 206 4171; x_wconf 82' lang='lat' dir='ltr'><strong>aut</strong></span> <span class='ocrx_word' id='word_1_531' title='bbox 236 4132 334 4187; x_wconf 90' lang='lat' dir='ltr'><strong>per</strong></span> <span class='ocrx_word' id='word_1_532' title='bbox 357 4131 562 4186; x_wconf 87' lang='lat' dir='ltr'><strong>paucos</strong></span> <span class='ocrx_word' id='word_1_533' title='bbox 585 4115 840 4169; x_wconf 88' lang='lat' dir='ltr'><strong>virtutem</strong></span> <span class='ocrx_word' id='word_1_534' title='bbox 869 4117 1129 4185; x_wconf 81' lang='lat' dir='ltr'><strong>cperandi</strong></span> <span class='ocrx_word' id='word_1_535' title='bbox 1162 4116 1519 4186; x_wconf 85' lang='lat' dir='ltr'><strong>redemptioni</strong></span> <span class='ocrx_word' id='word_1_536' title='bbox 1549 4117 1697 4173; x_wconf 83' lang='lat' dir='ltr'><strong>simi-</strong></span> 
     </span>
    </p>
   </div>
   <div class='ocr_carea' id='block_1_72' title="bbox 112 4211 243 4263">
    <p class='ocr_par' dir='ltr' id='par_1_72' title="bbox 112 4211 243 4263">
     <span class='ocr_line' id='line_1_72' title="bbox 112 4211 243 4263; baseline 0 -2"><span class='ocrx_word' id='word_1_537' title='bbox 112 4211 243 4263; x_wconf 79' lang='lat' dir='ltr'><strong>lem.</strong></span> 
     </span>
    </p>
   </div>
   <div class='ocr_carea' id='block_1_73' title="bbox 32 4290 1687 4373">
    <p class='ocr_par' dir='ltr' id='par_1_73' title="bbox 32 4290 1687 4373">
     <span class='ocr_line' id='line_1_73' title="bbox 32 4290 1687 4373; baseline -0.001 -16"><span class='ocrx_word' id='word_1_538' title='bbox 32 4290 33 4315; x_wconf 22' lang='grc' dir='ltr'>ἶ</span> <span class='ocrx_word' id='word_1_539' title='bbox 188 4303 257 4357; x_wconf 85' lang='lat' dir='ltr'><strong>Et</strong></span> <span class='ocrx_word' id='word_1_540' title='bbox 289 4320 395 4357; x_wconf 80' lang='lat' dir='ltr'><strong>non</strong></span> <span class='ocrx_word' id='word_1_541' title='bbox 427 4303 623 4372; x_wconf 72' lang='lat' dir='ltr'><strong>aﬁliges</strong></span> <span class='ocrx_word' id='word_1_542' title='bbox 649 4320 767 4356; x_wconf 87' lang='lat' dir='ltr'><strong>eum</strong></span> <span class='ocrx_word' id='word_1_543' title='bbox 816 4304 871 4356; x_wconf 85' lang='lat' dir='ltr'><strong>in</strong></span> <span class='ocrx_word' id='word_1_544' title='bbox 903 4303 1077 4357; x_wconf 85' lang='lat' dir='ltr'><strong>labore</strong></span> <span class='ocrx_word' id='word_1_545' title='bbox 1135 4305 1199 4357; x_wconf 77' lang='lat' dir='ltr'><strong>iu</strong></span> <span class='ocrx_word' id='word_1_546' title='bbox 1237 4312 1515 4373; x_wconf 78' lang='lat' dir='ltr'><strong>conspectu</strong></span> <span class='ocrx_word' id='word_1_547' title='bbox 1581 4314 1687 4358; x_wconf 88' lang='lat' dir='ltr'><strong>tuo.</strong></span> 
     </span>
    </p>
   </div>
   <div class='ocr_carea' id='block_1_74' title="bbox 32 4390 1696 4464">
    <p class='ocr_par' dir='ltr' id='par_1_74' title="bbox 32 4390 1696 4464">
     <span class='ocr_line' id='line_1_74' title="bbox 32 4390 1696 4464; baseline -0.001 -12"><span class='ocrx_word' id='word_1_548' title='bbox 32 4390 35 4405; x_wconf 46' lang='grc'>⁵</span> <span class='ocrx_word' id='word_1_549' title='bbox 113 4398 256 4462; x_wconf 88' lang='lat' dir='ltr'><strong>Quid</strong></span> <span class='ocrx_word' id='word_1_550' title='bbox 289 4405 476 4450; x_wconf 83' lang='lat' dir='ltr'><strong>autem</strong></span> <span class='ocrx_word' id='word_1_551' title='bbox 506 4396 609 4449; x_wconf 90' lang='lat' dir='ltr'><strong>hoc</strong></span> <span class='ocrx_word' id='word_1_552' title='bbox 629 4395 750 4447; x_wconf 84' lang='lat' dir='ltr'><strong>est?</strong></span> <span class='ocrx_word' id='word_1_553' title='bbox 777 4393 847 4449; x_wconf 90' lang='lat' dir='ltr'><strong>Ut</strong></span> <span class='ocrx_word' id='word_1_554' title='bbox 869 4409 1017 4457; x_wconf 90' lang='lat' dir='ltr'><strong>eum,</strong></span> <span class='ocrx_word' id='word_1_555' title='bbox 1041 4396 1133 4464; x_wconf 89' lang='lat' dir='ltr'><strong>qui</strong></span> <span class='ocrx_word' id='word_1_556' title='bbox 1168 4411 1264 4464; x_wconf 91' lang='lat' dir='ltr'><strong>per</strong></span> <span class='ocrx_word' id='word_1_557' title='bbox 1290 4395 1544 4449; x_wconf 89' lang='lat' dir='ltr'><strong>virtutem</strong></span> <span class='ocrx_word' id='word_1_558' title='bbox 1569 4411 1696 4463; x_wconf 82' lang='lat' dir='ltr'><strong>pec-</strong></span> 
     </span>
    </p>
   </div>
   <div class='ocr_carea' id='block_1_75' title="bbox 1863 3192 3373 3265">
    <p class='ocr_par' dir='ltr' id='par_1_75' title="bbox 1863 3192 3373 3265">
     <span class='ocr_line' id='line_1_75' title="bbox 1863 3192 3373 3265; baseline 0.003 -19"><span class='ocrx_word' id='word_1_559' title='bbox 1863 3192 1983 3247; x_wconf 82' lang='lat' dir='ltr'><strong>Non</strong></span> <span class='ocrx_word' id='word_1_560' title='bbox 2004 3195 2179 3248; x_wconf 87' lang='lat' dir='ltr'><strong>solum</strong></span> <span class='ocrx_word' id='word_1_561' title='bbox 2203 3195 2375 3259; x_wconf 82' lang='lat' dir='ltr'><strong>nobis,</strong></span> <span class='ocrx_word' id='word_1_562' title='bbox 2429 3196 2704 3265; x_wconf 84' lang='lat' dir='ltr'><strong>quomodo</strong></span> <span class='ocrx_word' id='word_1_563' title='bbox 2727 3205 3014 3265; x_wconf 86' lang='lat' dir='ltr'><strong>peccantes</strong></span> <span class='ocrx_word' id='word_1_564' title='bbox 3071 3195 3373 3251; x_wconf 80' lang='lat' dir='ltr'><strong>libertatem</strong></span> 
     </span>
    </p>
   </div>
   <div class='ocr_carea' id='block_1_76' title="bbox 1796 3283 3374 3349">
    <p class='ocr_par' dir='ltr' id='par_1_76' title="bbox 1796 3283 3374 3349">
     <span class='ocr_line' id='line_1_76' title="bbox 1796 3283 3374 3349; baseline 0.003 -13"><span class='ocrx_word' id='word_1_565' title='bbox 1796 3283 2111 3349; x_wconf 85' lang='lat' dir='ltr'><strong>habeamus,</strong></span> <span class='ocrx_word' id='word_1_566' title='bbox 2144 3301 2247 3340; x_wconf 88' lang='lat' dir='ltr'><strong>nec</strong></span> <span class='ocrx_word' id='word_1_567' title='bbox 2299 3286 2527 3341; x_wconf 85' lang='lat' dir='ltr'><strong>aliorum</strong></span> <span class='ocrx_word' id='word_1_568' title='bbox 2583 3287 2830 3341; x_wconf 85' lang='lat' dir='ltr'><strong>doctrina</strong></span> <span class='ocrx_word' id='word_1_569' title='bbox 2853 3298 2950 3340; x_wconf 84' lang='lat' dir='ltr'><strong>aut</strong></span> <span class='ocrx_word' id='word_1_570' title='bbox 2990 3289 3374 3342; x_wconf 64' lang='lat' dir='ltr'><strong>exhortatione</strong></span> 
     </span>
    </p>
   </div>
   <div class='ocr_carea' id='block_1_77' title="bbox 1795 3375 3375 3447">
    <p class='ocr_par' dir='ltr' id='par_1_77' title="bbox 1795 3375 3375 3447">
     <span class='ocr_line' id='line_1_77' title="bbox 1795 3375 3375 3447; baseline 0.004 -21"><span class='ocrx_word' id='word_1_571' title='bbox 1795 3388 2071 3444; x_wconf 81' lang='lat' dir='ltr'><strong>egeamus,</strong></span> <span class='ocrx_word' id='word_1_572' title='bbox 2105 3375 2197 3429; x_wconf 63' lang='lat' dir='ltr'><strong>les</strong></span> <span class='ocrx_word' id='word_1_573' title='bbox 2242 3377 2589 3440; x_wconf 58' lang='lat' dir='ltr'><strong>mandat,..ut’</strong></span> <span class='ocrx_word' id='word_1_574' title='bbox 2625 3379 3002 3447; x_wconf 85' lang='lat' dir='ltr'><strong>propheticum</strong></span> <span class='ocrx_word' id='word_1_575' title='bbox 3043 3378 3175 3432; x_wconf 93' lang='lat' dir='ltr'><strong>illud</strong></span> <span class='ocrx_word' id='word_1_576' title='bbox 3219 3378 3375 3433; x_wconf 87' lang='lat' dir='ltr'><strong>nobis</strong></span> 
     </span>
    </p>
   </div>
   <div class='ocr_carea' id='block_1_78' title="bbox 1796 3466 3374 3540">
    <p class='ocr_par' dir='ltr' id='par_1_78' title="bbox 1796 3466 3374 3540">
     <span class='ocr_line' id='line_1_78' title="bbox 1796 3466 3374 3540; baseline 0.003 -21"><span class='ocrx_word' id='word_1_577' title='bbox 1796 3466 2148 3536; x_wconf 78' lang='lat' dir='ltr'><strong>impleretur:</strong></span> <span class='ocrx_word' id='word_1_578' title='bbox 2185 3469 2250 3523; x_wconf 80' lang='lat' dir='ltr'><strong>Et</strong></span> <span class='ocrx_word' id='word_1_579' title='bbox 2304 3487 2407 3524; x_wconf 81' lang='lat' dir='ltr'><strong>non</strong></span> <span class='ocrx_word' id='word_1_580' title='bbox 2464 3471 2663 3524; x_wconf 77' lang='lat' dir='ltr'><strong>docebit</strong></span> <span class='ocrx_word' id='word_1_581' title='bbox 2732 3471 3092 3539; x_wconf 84' lang='lat' dir='ltr'><strong>unusquisque</strong></span> <span class='ocrx_word' id='word_1_582' title='bbox 3151 3472 3374 3540; x_wconf 80' lang='lat' dir='ltr'><strong>fratrem</strong></span> 
     </span>
    </p>
   </div>
   <div class='ocr_carea' id='block_1_79' title="bbox 1794 3558 3374 3639">
    <p class='ocr_par' dir='ltr' id='par_1_79' title="bbox 1794 3558 3374 3639">
     <span class='ocr_line' id='line_1_79' title="bbox 1794 3558 3374 3639; baseline 0.003 -30"><span class='ocrx_word' id='word_1_583' title='bbox 1794 3573 1968 3620; x_wconf 81' lang='lat' dir='ltr'><strong>suum,</strong></span> <span class='ocrx_word' id='word_1_584' title='bbox 2038 3558 2258 3612; x_wconf 84' lang='lat' dir='ltr'><strong>dicens:</strong></span> <span class='ocrx_word' id='word_1_585' title='bbox 2311 3559 2573 3627; x_wconf 84' lang='lat' dir='ltr'><strong>Cognosce</strong></span> <span class='ocrx_word' id='word_1_586' title='bbox 2632 3559 2918 3639; x_wconf 65' lang='lat' dir='ltr'><strong>Qominum</strong></span> <span class='ocrx_word' id='word_1_587' title='bbox 2953 3576 2972 3612; x_wconf 91' lang='lat'><strong><em>:</em></strong></span> <span class='ocrx_word' id='word_1_588' title='bbox 3021 3561 3147 3630; x_wconf 84' lang='lat' dir='ltr'><strong>quia</strong></span> <span class='ocrx_word' id='word_1_589' title='bbox 3198 3577 3374 3615; x_wconf 84' lang='lat' dir='ltr'><strong>omnes</strong></span> 
     </span>
    </p>
   </div>
   <div class='ocr_carea' id='block_1_80' title="bbox 1794 3648 3416 3720">
    <p class='ocr_par' dir='ltr' id='par_1_80' title="bbox 1794 3648 3416 3720">
     <span class='ocr_line' id='line_1_80' title="bbox 1794 3648 3416 3720; baseline 0.003 -19"><span class='ocrx_word' id='word_1_590' title='bbox 1794 3648 1956 3702; x_wconf 86' lang='lat' dir='ltr'><strong>scient</strong></span> <span class='ocrx_word' id='word_1_591' title='bbox 1984 3666 2086 3713; x_wconf 86' lang='lat' dir='ltr'><strong>me,</strong></span> <span class='ocrx_word' id='word_1_592' title='bbox 2119 3666 2151 3702; x_wconf 88' lang='lat' dir='ltr'><strong>a</strong></span> <span class='ocrx_word' id='word_1_593' title='bbox 2174 3650 2371 3704; x_wconf 84' lang='lat' dir='ltr'><strong>minore</strong></span> <span class='ocrx_word' id='word_1_594' title='bbox 2396 3666 2557 3720; x_wconf 85' lang='lat' dir='ltr'><strong>usque</strong></span> <span class='ocrx_word' id='word_1_595' title='bbox 2590 3651 2660 3703; x_wconf 80' lang='lat' dir='ltr'><strong>ad</strong></span> <span class='ocrx_word' id='word_1_596' title='bbox 2709 3650 2963 3719; x_wconf 85' lang='lat' dir='ltr'><strong>majorem</strong></span> <span class='ocrx_word' id='word_1_597' title='bbox 3020 3667 3219 3715; x_wconf 84' lang='lat' dir='ltr'><strong>eorum,</strong></span> <span class='ocrx_word' id='word_1_598' title='bbox 3248 3653 3374 3719; x_wconf 81' lang='lat' dir='ltr'><strong>quia</strong></span> <span class='ocrx_word' id='word_1_599' title='bbox 3410 3667 3416 3674; x_wconf 77' lang='grc'><em>”</em></span> 
     </span>
    </p>
   </div>
   <div class='ocr_carea' id='block_1_81' title="bbox 1795 3741 3375 3813">
    <p class='ocr_par' dir='ltr' id='par_1_81' title="bbox 1795 3741 3375 3813">
     <span class='ocr_line' id='line_1_81' title="bbox 1795 3741 3375 3813; baseline 0.002 -19"><span class='ocrx_word' id='word_1_600' title='bbox 1795 3741 2050 3810; x_wconf 84' lang='lat' dir='ltr'><strong>propitius</strong></span> <span class='ocrx_word' id='word_1_601' title='bbox 2074 3757 2161 3795; x_wconf 83' lang='lat' dir='ltr'><strong>ero</strong></span> <span class='ocrx_word' id='word_1_602' title='bbox 2184 3742 2548 3813; x_wconf 84' lang='lat' dir='ltr'><strong>iniquitatibus</strong></span> <span class='ocrx_word' id='word_1_603' title='bbox 2571 3751 2819 3799; x_wconf 75' lang='lat' dir='ltr'><strong>eorumct</strong></span> <span class='ocrx_word' id='word_1_604' title='bbox 2866 3751 3200 3810; x_wconf 86' lang='lat' dir='ltr'><strong>peccatorum</strong></span> <span class='ocrx_word' id='word_1_605' title='bbox 3255 3743 3375 3798; x_wconf 87' lang='lat' dir='ltr'><strong>illo-</strong></span> 
     </span>
    </p>
   </div>
   <div class='ocr_carea' id='block_1_82' title="bbox 1796 3831 3374 3903">
    <p class='ocr_par' dir='ltr' id='par_1_82' title="bbox 1796 3831 3374 3903">
     <span class='ocr_line' id='line_1_82' title="bbox 1796 3831 3374 3903; baseline 0.004 -19"><span class='ocrx_word' id='word_1_606' title='bbox 1796 3849 1913 3885; x_wconf 87' lang='lat' dir='ltr'><strong>rum</strong></span> <span class='ocrx_word' id='word_1_607' title='bbox 1934 3832 2054 3901; x_wconf 87' lang='lat' dir='ltr'><strong>jam</strong></span> <span class='ocrx_word' id='word_1_608' title='bbox 2088 3849 2190 3886; x_wconf 83' lang='lat' dir='ltr'><strong>nou</strong></span> <span class='ocrx_word' id='word_1_609' title='bbox 2218 3834 2530 3888; x_wconf 80' lang='lat' dir='ltr'><strong>recordabar</strong></span> <span class='ocrx_word' id='word_1_610' title='bbox 2550 3835 2780 3903; x_wconf 84' lang='lat' dir='ltr'><strong>amplius</strong></span> <span class='ocrx_word' id='word_1_611' title='bbox 2804 3833 2867 3887; x_wconf 72' lang='grc'><strong>⁸⁸.</strong></span> <span class='ocrx_word' id='word_1_612' title='bbox 2888 3831 3172 3899; x_wconf 81' lang='lat' dir='ltr'><strong>Quomodo</strong></span> <span class='ocrx_word' id='word_1_613' title='bbox 3192 3843 3374 3891; x_wconf 81' lang='lat' dir='ltr'><strong>autem</strong></span> 
     </span>
    </p>
   </div>
   <div class='ocr_carea' id='block_1_83' title="bbox 1796 3924 3455 3996">
    <p class='ocr_par' dir='ltr' id='par_1_83' title="bbox 1796 3924 3455 3996">
     <span class='ocr_line' id='line_1_83' title="bbox 1796 3924 3455 3996; baseline -0.001 -19"><span class='ocrx_word' id='word_1_614' title='bbox 1796 3924 1901 3979; x_wconf 90' lang='lat' dir='ltr'><strong>hoc</strong></span> <span class='ocrx_word' id='word_1_615' title='bbox 1925 3934 2060 3986; x_wconf 83' lang='lat' dir='ltr'><strong>erat,</strong></span> <span class='ocrx_word' id='word_1_616' title='bbox 2082 3925 2127 3979; x_wconf 91' lang='lat' dir='ltr'><strong>si</strong></span> <span class='ocrx_word' id='word_1_617' title='bbox 2152 3941 2261 3979; x_wconf 90' lang='lat' dir='ltr'><strong>non</strong></span> <span class='ocrx_word' id='word_1_618' title='bbox 2296 3926 2471 3980; x_wconf 86' lang='lat' dir='ltr'><strong>solum</strong></span> <span class='ocrx_word' id='word_1_619' title='bbox 2495 3927 2568 3981; x_wconf 90' lang='lat' dir='ltr'><strong>ab</strong></span> <span class='ocrx_word' id='word_1_620' title='bbox 2623 3935 2818 3996; x_wconf 86' lang='lat' dir='ltr'><strong>aperto</strong></span> <span class='ocrx_word' id='word_1_621' title='bbox 2864 3927 3138 3982; x_wconf 82' lang='lat' dir='ltr'><strong>idolorum</strong></span> <span class='ocrx_word' id='word_1_622' title='bbox 3199 3927 3370 3991; x_wconf 77' lang='lat' dir='ltr'><strong>cultu,</strong></span> <span class='ocrx_word' id='word_1_623' title='bbox 3452 3972 3455 3975; x_wconf 89' lang='lat'><strong>.</strong></span> 
     </span>
    </p>
   </div>
   <div class='ocr_carea' id='block_1_84' title="bbox 1795 4015 3376 4084">
    <p class='ocr_par' dir='ltr' id='par_1_84' title="bbox 1795 4015 3376 4084">
     <span class='ocr_line' id='line_1_84' title="bbox 1795 4015 3376 4084; baseline 0 -17"><span class='ocrx_word' id='word_1_624' title='bbox 1795 4029 1956 4083; x_wconf 87' lang='lat' dir='ltr'><strong>quem</strong></span> <span class='ocrx_word' id='word_1_625' title='bbox 1997 4015 2409 4084; x_wconf 82' lang='lat' dir='ltr'><strong>prohibetlegis</strong></span> <span class='ocrx_word' id='word_1_626' title='bbox 2433 4016 2634 4077; x_wconf 87' lang='lat' dir='ltr'><strong>littera,</strong></span> <span class='ocrx_word' id='word_1_627' title='bbox 2666 4016 2761 4070; x_wconf 88' lang='lat' dir='ltr'><strong>sed</strong></span> <span class='ocrx_word' id='word_1_628' title='bbox 2792 4024 2848 4070; x_wconf 88' lang='lat' dir='ltr'><strong>et</strong></span> <span class='ocrx_word' id='word_1_629' title='bbox 2876 4016 2944 4070; x_wconf 88' lang='lat' dir='ltr'><strong>ab</strong></span> <span class='ocrx_word' id='word_1_630' title='bbox 2966 4015 3182 4070; x_wconf 87' lang='lat' dir='ltr'><strong>occulto</strong></span> <span class='ocrx_word' id='word_1_631' title='bbox 3208 4016 3376 4070; x_wconf 82' lang='lat' dir='ltr'><strong>absti-</strong></span> 
     </span>
    </p>
   </div>
   <div class='ocr_carea' id='block_1_85' title="bbox 1796 4103 3375 4173">
    <p class='ocr_par' dir='ltr' id='par_1_85' title="bbox 1796 4103 3375 4173">
     <span class='ocr_line' id='line_1_85' title="bbox 1796 4103 3375 4173; baseline 0.002 -17"><span class='ocrx_word' id='word_1_632' title='bbox 1796 4104 2066 4163; x_wconf 85' lang='lat' dir='ltr'><strong>neamus?</strong></span> <span class='ocrx_word' id='word_1_633' title='bbox 2095 4105 2165 4160; x_wconf 91' lang='lat' dir='ltr'><strong>de</strong></span> <span class='ocrx_word' id='word_1_634' title='bbox 2193 4120 2300 4173; x_wconf 89' lang='lat' dir='ltr'><strong>quo</strong></span> <span class='ocrx_word' id='word_1_635' title='bbox 2335 4103 2534 4160; x_wconf 86' lang='lat' dir='ltr'><strong>Paulus</strong></span> <span class='ocrx_word' id='word_1_636' title='bbox 2587 4105 2805 4161; x_wconf 81' lang='lat' dir='ltr'><strong>dicebat</strong></span> <span class='ocrx_word' id='word_1_637' title='bbox 2836 4123 2849 4159; x_wconf 90' lang='lat'><strong>:</strong></span> <span class='ocrx_word' id='word_1_638' title='bbox 2908 4105 3087 4160; x_wconf 61' lang='lat' dir='ltr'><strong>Rudis:</strong></span> <span class='ocrx_word' id='word_1_639' title='bbox 3140 4106 3375 4159; x_wconf 83' lang='lat' dir='ltr'><strong>omnium</strong></span> 
     </span>
    </p>
   </div>
   <div class='ocr_carea' id='block_1_86' title="bbox 1796 4194 3370 4265">
    <p class='ocr_par' dir='ltr' id='par_1_86' title="bbox 1796 4194 3370 4265">
     <span class='ocr_line' id='line_1_86' title="bbox 1796 4194 3370 4265; baseline 0.002 -18"><span class='ocrx_word' id='word_1_640' title='bbox 1796 4194 2058 4248; x_wconf 84' lang='lat' dir='ltr'><strong>malorum</strong></span> <span class='ocrx_word' id='word_1_641' title='bbox 2113 4196 2341 4249; x_wconf 79' lang='lat' dir='ltr'><strong>auaritia</strong></span> <span class='ocrx_word' id='word_1_642' title='bbox 2384 4195 2596 4265; x_wconf 68' lang='lat' dir='ltr'><strong>&quot;,qtm</strong></span> <span class='ocrx_word' id='word_1_643' title='bbox 2653 4205 2738 4250; x_wconf 85' lang='lat' dir='ltr'><strong>est</strong></span> <span class='ocrx_word' id='word_1_644' title='bbox 2793 4196 3059 4253; x_wconf 88' lang='lat' dir='ltr'><strong>idolorum</strong></span> <span class='ocrx_word' id='word_1_645' title='bbox 3098 4195 3370 4252; x_wconf 84' lang='lat' dir='ltr'><strong>servitus:</strong></span> 
     </span>
    </p>
   </div>
   <div class='ocr_carea' id='block_1_87' title="bbox 1796 4285 3376 4356">
    <p class='ocr_par' dir='ltr' id='par_1_87' title="bbox 1796 4285 3376 4356">
     <span class='ocr_line' id='line_1_87' title="bbox 1796 4285 3376 4356; baseline 0.001 -19"><span class='ocrx_word' id='word_1_646' title='bbox 1796 4285 2254 4353; x_wconf 84' lang='lat' dir='ltr'><strong>quemadmodum</strong></span> <span class='ocrx_word' id='word_1_647' title='bbox 2309 4285 2464 4340; x_wconf 87' lang='lat' dir='ltr'><strong>nobis</strong></span> <span class='ocrx_word' id='word_1_648' title='bbox 2513 4285 2676 4340; x_wconf 83' lang='lat' dir='ltr'><strong>etiam</strong></span> <span class='ocrx_word' id='word_1_649' title='bbox 2736 4301 2883 4341; x_wconf 90' lang='lat' dir='ltr'><strong>nunc</strong></span> <span class='ocrx_word' id='word_1_650' title='bbox 2948 4285 3083 4356; x_wconf 80' lang='lat' dir='ltr'><strong>legis</strong></span> <span class='ocrx_word' id='word_1_651' title='bbox 3150 4287 3376 4355; x_wconf 83' lang='lat' dir='ltr'><strong>spiritus</strong></span> 
     </span>
    </p>
   </div>
   <div class='ocr_carea' id='block_1_88' title="bbox 1797 4376 3377 4437">
    <p class='ocr_par' dir='ltr' id='par_1_88' title="bbox 1797 4376 3377 4437">
     <span class='ocr_line' id='line_1_88' title="bbox 1797 4376 3377 4437; baseline 0 -8"><span class='ocrx_word' id='word_1_652' title='bbox 1797 4376 2179 4431; x_wconf 88' lang='lat' dir='ltr'><strong>abstinentiam</strong></span> <span class='ocrx_word' id='word_1_653' title='bbox 2199 4377 2437 4431; x_wconf 86' lang='lat' dir='ltr'><strong>mandat.</strong></span> <span class='ocrx_word' id='word_1_654' title='bbox 2461 4376 2528 4431; x_wconf 84' lang='lat' dir='ltr'><strong>Et</strong></span> <span class='ocrx_word' id='word_1_655' title='bbox 2556 4392 2662 4431; x_wconf 88' lang='lat' dir='ltr'><strong>non</strong></span> <span class='ocrx_word' id='word_1_656' title='bbox 2685 4376 2946 4431; x_wconf 80' lang='lat' dir='ltr'><strong>faciemus</strong></span> <span class='ocrx_word' id='word_1_657' title='bbox 2962 4377 3119 4432; x_wconf 88' lang='lat' dir='ltr'><strong>nobis</strong></span> <span class='ocrx_word' id='word_1_658' title='bbox 3148 4377 3377 4437; x_wconf 74' lang='lat' dir='ltr'><strong>idolum,</strong></span> 
     </span>
    </p>
   </div>
   <div class='ocr_carea' id='block_1_89' title="bbox 32 4466 1686 4554">
    <p class='ocr_par' dir='ltr' id='par_1_89' title="bbox 32 4482 1686 4554">
     <span class='ocr_line' id='line_1_89' title="bbox 32 4482 1686 4554; baseline -0.001 -15"><span class='ocrx_word' id='word_1_659' title='bbox 32 4482 34 4505; x_wconf 41' lang='grc' dir='ltr'><em>ῖ</em></span> <span class='ocrx_word' id='word_1_660' title='bbox 113 4495 293 4540; x_wconf 84' lang='lat' dir='ltr'><strong>catum</strong></span> <span class='ocrx_word' id='word_1_661' title='bbox 336 4484 566 4554; x_wconf 89' lang='lat' dir='ltr'><strong>respuit,</strong></span> <span class='ocrx_word' id='word_1_662' title='bbox 601 4500 712 4538; x_wconf 89' lang='lat' dir='ltr'><strong>non</strong></span> <span class='ocrx_word' id='word_1_663' title='bbox 743 4484 792 4536; x_wconf 91' lang='lat' dir='ltr'><strong>ei</strong></span> <span class='ocrx_word' id='word_1_664' title='bbox 828 4484 1240 4553; x_wconf 88' lang='lat' dir='ltr'><strong>superimponas</strong></span> <span class='ocrx_word' id='word_1_665' title='bbox 1277 4483 1536 4538; x_wconf 64' lang='lat' dir='ltr'><strong>districta:</strong></span> <span class='ocrx_word' id='word_1_666' title='bbox 1581 4499 1686 4553; x_wconf 75' lang='lat' dir='ltr'><strong>pa:-</strong></span> 
     </span>
    </p>
   </div>
   <div class='ocr_carea' id='block_1_90' title="bbox 1799 4466 3374 4554">
    <p class='ocr_par' dir='ltr' id='par_1_90' title="bbox 1799 4466 3374 4538">
     <span class='ocr_line' id='line_1_90' title="bbox 1799 4466 3374 4538; baseline 0.001 -18"><span class='ocrx_word' id='word_1_667' title='bbox 1799 4474 1853 4521; x_wconf 90' lang='lat' dir='ltr'><strong>et</strong></span> <span class='ocrx_word' id='word_1_668' title='bbox 1901 4467 2169 4535; x_wconf 86' lang='lat' dir='ltr'><strong>sculptile,</strong></span> <span class='ocrx_word' id='word_1_669' title='bbox 2203 4467 2336 4532; x_wconf 91' lang='lat' dir='ltr'><strong>sive,</strong></span> <span class='ocrx_word' id='word_1_670' title='bbox 2365 4476 2425 4521; x_wconf 91' lang='lat' dir='ltr'><strong>ut</strong></span> <span class='ocrx_word' id='word_1_671' title='bbox 2451 4466 2826 4538; x_wconf 76' lang='lat' dir='ltr'><strong>Septuaginta,</strong></span> <span class='ocrx_word' id='word_1_672' title='bbox 2882 4467 3240 4538; x_wconf 67' lang='lat' dir='ltr'><strong>manu/acula,</strong></span> <span class='ocrx_word' id='word_1_673' title='bbox 3273 4468 3374 4521; x_wconf 51' lang='lat' dir='ltr'><strong>do.</strong></span> 
     </span>
    </p>
   </div>
   <div class='ocr_carea' id='block_1_91' title="bbox 32 4564 1695 4646">
    <p class='ocr_par' dir='ltr' id='par_1_91' title="bbox 32 4564 1695 4646">
     <span class='ocr_line' id='line_1_91' title="bbox 32 4564 1695 4646; baseline 0 -17"><span class='ocrx_word' id='word_1_674' title='bbox 32 4564 35 4591; x_wconf 59' lang='lat'>‘</span> <span class='ocrx_word' id='word_1_675' title='bbox 112 4577 359 4632; x_wconf 74' lang='lat' dir='ltr'><strong>nitentia:</strong></span> <span class='ocrx_word' id='word_1_676' title='bbox 381 4576 617 4646; x_wconf 90' lang='lat' dir='ltr'><strong>pondus.</strong></span> <span class='ocrx_word' id='word_1_677' title='bbox 651 4575 829 4629; x_wconf 86' lang='lat' dir='ltr'><strong>Semel</strong></span> <span class='ocrx_word' id='word_1_678' title='bbox 861 4575 1006 4630; x_wconf 90' lang='lat' dir='ltr'><strong>enim</strong></span> <span class='ocrx_word' id='word_1_679' title='bbox 1032 4576 1384 4644; x_wconf 83' lang='lat' dir='ltr'><strong>semetipsum</strong></span> <span class='ocrx_word' id='word_1_680' title='bbox 1438 4576 1695 4644; x_wconf 85' lang='lat' dir='ltr'><strong>operibus</strong></span> 
     </span>
    </p>
   </div>
   <div class='ocr_carea' id='block_1_92' title="bbox 114 4664 1694 4736">
    <p class='ocr_par' dir='ltr' id='par_1_92' title="bbox 114 4664 1694 4736">
     <span class='ocr_line' id='line_1_92' title="bbox 114 4664 1694 4736; baseline 0.001 -16"><span class='ocrx_word' id='word_1_681' title='bbox 114 4667 272 4721; x_wconf 87' lang='lat' dir='ltr'><strong>bonis</strong></span> <span class='ocrx_word' id='word_1_682' title='bbox 298 4666 551 4721; x_wconf 86' lang='lat' dir='ltr'><strong>redemit.</strong></span> <span class='ocrx_word' id='word_1_683' title='bbox 583 4665 723 4736; x_wconf 77' lang='lat' dir='ltr'><strong>Ergo</strong></span> <span class='ocrx_word' id='word_1_684' title='bbox 761 4665 935 4720; x_wconf 81' lang='lat' dir='ltr'><strong>nimis</strong></span> <span class='ocrx_word' id='word_1_685' title='bbox 952 4676 1099 4720; x_wconf 88' lang='lat' dir='ltr'><strong>recte</strong></span> <span class='ocrx_word' id='word_1_686' title='bbox 1132 4664 1394 4731; x_wconf 86' lang='lat' dir='ltr'><strong>subdidit,</strong></span> <span class='ocrx_word' id='word_1_687' title='bbox 1428 4680 1550 4734; x_wconf 77' lang='lat' dir='ltr'><strong>quae</strong></span> <span class='ocrx_word' id='word_1_688' title='bbox 1605 4681 1694 4721; x_wconf 85' lang='lat' dir='ltr'><strong>se-</strong></span> 
     </span>
    </p>
   </div>
   <div class='ocr_carea' id='block_1_93' title="bbox 118 4765 835 4833">
    <p class='ocr_par' dir='ltr' id='par_1_93' title="bbox 118 4765 835 4833">
     <span class='ocr_line' id='line_1_93' title="bbox 118 4765 835 4833; baseline -0.003 -23"><span class='ocrx_word' id='word_1_689' title='bbox 118 4765 382 4825; x_wconf 89' lang='lat' dir='ltr'><strong>quuntur.</strong></span> <span class='ocrx_word' id='word_1_690' title='bbox 830 4830 835 4833; x_wconf 12' lang='grc' dir='ltr'><strong>ν</strong></span> 
     </span>
    </p>
   </div>
   <div class='ocr_carea' id='block_1_94' title="bbox 186 4847 1697 4915">
    <p class='ocr_par' dir='ltr' id='par_1_94' title="bbox 186 4847 1697 4915">
     <span class='ocr_line' id='line_1_94' title="bbox 186 4847 1697 4915; baseline 0.005 -17"><span class='ocrx_word' id='word_1_691' title='bbox 186 4847 339 4911; x_wconf 76' lang='lat' dir='ltr'><strong>Quod</strong></span> <span class='ocrx_word' id='word_1_692' title='bbox 363 4847 408 4899; x_wconf 86' lang='lat' dir='ltr'><strong>si</strong></span> <span class='ocrx_word' id='word_1_693' title='bbox 435 4862 530 4914; x_wconf 87' lang='lat' dir='ltr'><strong>per</strong></span> <span class='ocrx_word' id='word_1_694' title='bbox 556 4849 664 4900; x_wconf 65' lang='lat' dir='ltr'><strong>hac</strong></span> <span class='ocrx_word' id='word_1_695' title='bbox 693 4847 876 4901; x_wconf 71' lang='lat' dir='ltr'><strong>redimi</strong></span> <span class='ocrx_word' id='word_1_696' title='bbox 902 4862 1003 4900; x_wconf 83' lang='lat' dir='ltr'><strong>non</strong></span> <span class='ocrx_word' id='word_1_697' title='bbox 1042 4855 1289 4915; x_wconf 74' lang='lat' dir='ltr'><strong>potuerit.</strong></span> <span class='ocrx_word' id='word_1_698' title='bbox 1313 4866 1454 4903; x_wconf 84' lang='lat' dir='ltr'><strong>anno</strong></span> <span class='ocrx_word' id='word_1_699' title='bbox 1472 4850 1697 4905; x_wconf 25' lang='lat' dir='ltr'><strong>riubila&#39;o</strong></span> 
     </span>
    </p>
   </div>
   <div class='ocr_carea' id='block_1_95' title="bbox 32 4934 1698 5009">
    <p class='ocr_par' dir='ltr' id='par_1_95' title="bbox 32 4934 1698 5009">
     <span class='ocr_line' id='line_1_95' title="bbox 32 4934 1698 5009; baseline 0.003 -19"><span class='ocrx_word' id='word_1_700' title='bbox 32 4934 35 4961; x_wconf 75' lang='grc'><em>⁷</em></span> <span class='ocrx_word' id='word_1_701' title='bbox 120 4939 412 5007; x_wconf 74' lang='lat' dir='ltr'><strong>egredietur</strong></span> <span class='ocrx_word' id='word_1_702' title='bbox 457 4954 575 4991; x_wconf 88' lang='lat' dir='ltr'><strong>cum</strong></span> <span class='ocrx_word' id='word_1_703' title='bbox 628 4937 803 4992; x_wconf 85' lang='lat' dir='ltr'><strong>liberis</strong></span> <span class='ocrx_word' id='word_1_704' title='bbox 846 4940 974 4994; x_wconf 86' lang='lat' dir='ltr'><strong>suis.</strong></span> <span class='ocrx_word' id='word_1_705' title='bbox 1030 4938 1131 5004; x_wconf 87' lang='lat' dir='ltr'><strong>Qui</strong></span> <span class='ocrx_word' id='word_1_706' title='bbox 1163 4953 1345 4994; x_wconf 83' lang='lat' dir='ltr'><strong>autem</strong></span> <span class='ocrx_word' id='word_1_707' title='bbox 1397 4934 1698 5009; x_wconf 74' lang='lat' dir='ltr'><strong>aequalibus</strong></span> 
     </span>
    </p>
   </div>
   <div class='ocr_carea' id='block_1_96' title="bbox 120 5029 1697 5101">
    <p class='ocr_par' dir='ltr' id='par_1_96' title="bbox 120 5029 1697 5101">
     <span class='ocr_line' id='line_1_96' title="bbox 120 5029 1697 5101; baseline 0.006 -22"><span class='ocrx_word' id='word_1_708' title='bbox 120 5040 342 5097; x_wconf 82' lang='lat' dir='ltr'><strong>peccato</strong></span> <span class='ocrx_word' id='word_1_709' title='bbox 364 5029 658 5083; x_wconf 87' lang='lat' dir='ltr'><strong>virtutibus</strong></span> <span class='ocrx_word' id='word_1_710' title='bbox 681 5031 1035 5099; x_wconf 90' lang='lat' dir='ltr'><strong>semetipsum</strong></span> <span class='ocrx_word' id='word_1_711' title='bbox 1063 5046 1175 5083; x_wconf 91' lang='lat' dir='ltr'><strong>non</strong></span> <span class='ocrx_word' id='word_1_712' title='bbox 1212 5032 1463 5101; x_wconf 84' lang='lat' dir='ltr'><strong>redemit,</strong></span> <span class='ocrx_word' id='word_1_713' title='bbox 1495 5034 1549 5086; x_wconf 87' lang='lat' dir='ltr'><strong>in</strong></span> <span class='ocrx_word' id='word_1_714' title='bbox 1596 5049 1697 5088; x_wconf 83' lang='lat' dir='ltr'><strong>an-</strong></span> 
     </span>
    </p>
   </div>
   <div class='ocr_carea' id='block_1_97' title="bbox 32 5116 1698 5192">
    <p class='ocr_par' dir='ltr' id='par_1_97' title="bbox 32 5116 1698 5192">
     <span class='ocr_line' id='line_1_97' title="bbox 32 5116 1698 5192; baseline 0.005 -21"><span class='ocrx_word' id='word_1_715' title='bbox 32 5116 33 5119; x_wconf 53' lang='grc'><em>“</em></span> <span class='ocrx_word' id='word_1_716' title='bbox 120 5134 193 5172; x_wconf 89' lang='lat' dir='ltr'><strong>no</strong></span> <span class='ocrx_word' id='word_1_717' title='bbox 219 5119 446 5185; x_wconf 83' lang='lat' dir='ltr'><strong>jubihei,</strong></span> <span class='ocrx_word' id='word_1_718' title='bbox 482 5121 598 5173; x_wconf 88' lang='lat' dir='ltr'><strong>sive</strong></span> <span class='ocrx_word' id='word_1_719' title='bbox 627 5122 990 5184; x_wconf 81' lang='lat' dir='ltr'><strong>remissionis,</strong></span> <span class='ocrx_word' id='word_1_720' title='bbox 1026 5121 1078 5175; x_wconf 91' lang='lat' dir='ltr'><strong>id</strong></span> <span class='ocrx_word' id='word_1_721' title='bbox 1122 5127 1226 5184; x_wconf 89' lang='lat' dir='ltr'><strong>est,</strong></span> <span class='ocrx_word' id='word_1_722' title='bbox 1283 5122 1336 5175; x_wconf 91' lang='lat' dir='ltr'><strong>in</strong></span> <span class='ocrx_word' id='word_1_723' title='bbox 1366 5123 1602 5192; x_wconf 88' lang='lat' dir='ltr'><strong>perfecta</strong></span> <span class='ocrx_word' id='word_1_724' title='bbox 1642 5135 1698 5180; x_wconf 91' lang='lat' dir='ltr'><strong>et</strong></span> 
     </span>
    </p>
   </div>
   <div class='ocr_carea' id='block_1_98' title="bbox 121 5208 1697 5283">
    <p class='ocr_par' dir='ltr' id='par_1_98' title="bbox 121 5208 1697 5283">
     <span class='ocr_line' id='line_1_98' title="bbox 121 5208 1697 5283; baseline 0.005 -21"><span class='ocrx_word' id='word_1_725' title='bbox 121 5208 367 5262; x_wconf 82' lang='lat' dir='ltr'><strong>districta</strong></span> <span class='ocrx_word' id='word_1_726' title='bbox 441 5210 785 5277; x_wconf 60' lang='lat' dir='ltr'><strong>poenitentia,</strong></span> <span class='ocrx_word' id='word_1_727' title='bbox 844 5213 1303 5281; x_wconf 90' lang='lat' dir='ltr'><strong>quemadmodum</strong></span> <span class='ocrx_word' id='word_1_728' title='bbox 1382 5214 1697 5283; x_wconf 82' lang='lat' dir='ltr'><strong>frequenter</strong></span> 
     </span>
    </p>
   </div>
   <div class='ocr_carea' id='block_1_99' title="bbox 32 5296 1695 5374">
    <p class='ocr_par' dir='ltr' id='par_1_99' title="bbox 32 5296 1695 5374">
     <span class='ocr_line' id='line_1_99' title="bbox 32 5296 1695 5374; baseline 0.007 -25"><span class='ocrx_word' id='word_1_729' title='bbox 32 5308 37 5329; x_wconf 66' lang='grc' dir='ltr'><strong>ι</strong></span> <span class='ocrx_word' id='word_1_730' title='bbox 122 5296 382 5360; x_wconf 78' lang='lat' dir='ltr'><strong>diximus,</strong></span> <span class='ocrx_word' id='word_1_731' title='bbox 407 5306 461 5351; x_wconf 89' lang='lat' dir='ltr'><strong>et</strong></span> <span class='ocrx_word' id='word_1_732' title='bbox 490 5300 664 5366; x_wconf 88' lang='lat' dir='ltr'><strong>ipsum</strong></span> <span class='ocrx_word' id='word_1_733' title='bbox 686 5302 877 5355; x_wconf 89' lang='lat' dir='ltr'><strong>redimi</strong></span> <span class='ocrx_word' id='word_1_734' title='bbox 910 5303 1187 5371; x_wconf 81' lang='lat' dir='ltr'><strong>praecepit,</strong></span> <span class='ocrx_word' id='word_1_735' title='bbox 1207 5304 1300 5358; x_wconf 89' lang='lat' dir='ltr'><strong>sed</strong></span> <span class='ocrx_word' id='word_1_736' title='bbox 1323 5313 1378 5358; x_wconf 92' lang='lat' dir='ltr'><strong>et</strong></span> <span class='ocrx_word' id='word_1_737' title='bbox 1399 5304 1537 5359; x_wconf 90' lang='lat' dir='ltr'><strong>bona</strong></span> <span class='ocrx_word' id='word_1_738' title='bbox 1561 5321 1695 5374; x_wconf 82' lang='lat' dir='ltr'><strong>0pc-</strong></span> 
     </span>
    </p>
   </div>
   <div class='ocr_carea' id='block_1_100' title="bbox 32 5386 1694 5464">
    <p class='ocr_par' dir='ltr' id='par_1_100' title="bbox 32 5386 1694 5464">
     <span class='ocr_line' id='line_1_100' title="bbox 32 5386 1694 5464; baseline 0.005 -24"><span class='ocrx_word' id='word_1_739' title='bbox 32 5386 37 5399; x_wconf 74' lang='lat'><em>’</em></span> <span class='ocrx_word' id='word_1_740' title='bbox 124 5404 202 5451; x_wconf 88' lang='lat' dir='ltr'><strong>ra,</strong></span> <span class='ocrx_word' id='word_1_741' title='bbox 233 5404 354 5456; x_wconf 76' lang='lat' dir='ltr'><strong>quae</strong></span> <span class='ocrx_word' id='word_1_742' title='bbox 388 5388 703 5457; x_wconf 85' lang='lat' dir='ltr'><strong>priusquam</strong></span> <span class='ocrx_word' id='word_1_743' title='bbox 759 5401 1059 5460; x_wconf 86' lang='lat' dir='ltr'><strong>peccasset,</strong></span> <span class='ocrx_word' id='word_1_744' title='bbox 1086 5393 1215 5464; x_wconf 81' lang='lat' dir='ltr'><strong>egit,</strong></span> <span class='ocrx_word' id='word_1_745' title='bbox 1238 5410 1358 5463; x_wconf 67' lang='lat' dir='ltr'><strong>quae</strong></span> <span class='ocrx_word' id='word_1_746' title='bbox 1388 5395 1479 5450; x_wconf 83' lang='lat' dir='ltr'><strong>ﬁlii</strong></span> <span class='ocrx_word' id='word_1_747' title='bbox 1513 5396 1694 5450; x_wconf 87' lang='lat' dir='ltr'><strong>unius-</strong></span> 
     </span>
    </p>
   </div>
   <div class='ocr_carea' id='block_1_101' title="bbox 32 5483 1691 5557">
    <p class='ocr_par' dir='ltr' id='par_1_101' title="bbox 32 5483 1691 5557">
     <span class='ocr_line' id='line_1_101' title="bbox 32 5483 1691 5557; baseline 0.002 -21"><span class='ocrx_word' id='word_1_748' title='bbox 32 5484 37 5519; x_wconf 68' lang='grc'><strong>³</strong></span> <span class='ocrx_word' id='word_1_749' title='bbox 122 5483 389 5549; x_wconf 69' lang='lat' dir='ltr'><strong>cujusque</strong></span> <span class='ocrx_word' id='word_1_750' title='bbox 426 5489 672 5534; x_wconf 88' lang='lat' dir='ltr'><strong>nostrum</strong></span> <span class='ocrx_word' id='word_1_751' title='bbox 705 5491 852 5536; x_wconf 90' lang='lat' dir='ltr'><strong>sunt.</strong></span> <span class='ocrx_word' id='word_1_752' title='bbox 890 5483 986 5537; x_wconf 89' lang='lat' dir='ltr'><strong>Sin</strong></span> <span class='ocrx_word' id='word_1_753' title='bbox 1015 5496 1194 5538; x_wconf 82' lang='lat' dir='ltr'><strong>autem</strong></span> <span class='ocrx_word' id='word_1_754' title='bbox 1219 5486 1302 5541; x_wconf 87' lang='lat' dir='ltr'><strong>vis</strong></span> <span class='ocrx_word' id='word_1_755' title='bbox 1344 5502 1691 5557; x_wconf 78' lang='lat' dir='ltr'><strong>cognoscere,</strong></span> 
     </span>
    </p>
   </div>
   <div class='ocr_carea' id='block_1_102' title="bbox 32 5570 1693 5648">
    <p class='ocr_par' dir='ltr' id='par_1_102' title="bbox 32 5570 1693 5648">
     <span class='ocr_line' id='line_1_102' title="bbox 32 5570 1693 5648; baseline 0.005 -24"><span class='ocrx_word' id='word_1_756' title='bbox 32 5576 37 5613; x_wconf 71' lang='grc' dir='ltr'>ε</span> <span class='ocrx_word' id='word_1_757' title='bbox 125 5585 244 5643; x_wconf 72' lang='lat' dir='ltr'><strong>qua:</strong></span> <span class='ocrx_word' id='word_1_758' title='bbox 276 5572 347 5627; x_wconf 75' lang='lat' dir='ltr'><strong>sit</strong></span> <span class='ocrx_word' id='word_1_759' title='bbox 390 5570 627 5627; x_wconf 53' lang='lat' dir='ltr'><strong>aerfccto</strong></span> <span class='ocrx_word' id='word_1_760' title='bbox 660 5572 1001 5641; x_wconf 70' lang='lat' dir='ltr'><strong>poenitentia,</strong></span> <span class='ocrx_word' id='word_1_761' title='bbox 1034 5574 1298 5631; x_wconf 83' lang='lat' dir='ltr'><strong>Ninivilas</strong></span> <span class='ocrx_word' id='word_1_762' title='bbox 1334 5578 1576 5644; x_wconf 80' lang='lat' dir='ltr'><strong>intende,</strong></span> <span class='ocrx_word' id='word_1_763' title='bbox 1602 5579 1693 5648; x_wconf 86' lang='lat' dir='ltr'><strong>qui</strong></span> 
     </span>
    </p>
   </div>
   <div class='ocr_carea' id='block_1_103' title="bbox 198 5748 765 5819">
    <p class='ocr_par' dir='ltr' id='par_1_103' title="bbox 198 5748 765 5819">
     <span class='ocr_line' id='line_1_103' title="bbox 198 5748 765 5819; baseline 0.004 -17"><span class='ocrx_word' id='word_1_764' title='bbox 198 5748 242 5781; x_wconf 67' lang='grc'><strong>⁸⁵</strong></span> <span class='ocrx_word' id='word_1_765' title='bbox 274 5749 459 5805; x_wconf 74' lang='lat' dir='ltr'><strong>Matth.</strong></span> <span class='ocrx_word' id='word_1_766' title='bbox 484 5764 571 5816; x_wconf 75' lang='lat' dir='ltr'><strong>xx,</strong></span> <span class='ocrx_word' id='word_1_767' title='bbox 606 5750 765 5819; x_wconf 86' lang='lat' dir='ltr'><strong>lscq.</strong></span> 
     </span>
    </p>
   </div>
   <div class='ocr_carea' id='block_1_104' title="bbox 863 5748 2522 5829">
    <p class='ocr_par' dir='ltr' id='par_1_104' title="bbox 863 5748 2522 5829">
     <span class='ocr_line' id='line_1_104' title="bbox 863 5748 2522 5829; baseline 0.002 -24"><span class='ocrx_word' id='word_1_768' title='bbox 863 5748 906 5781; x_wconf 76' lang='grc'><strong>⁸⁸</strong></span> <span class='ocrx_word' id='word_1_769' title='bbox 932 5750 1102 5806; x_wconf 59' lang='grc' dir='ltr'>Ιυιιιυ.</span> <span class='ocrx_word' id='word_1_770' title='bbox 1137 5767 1211 5821; x_wconf 74' lang='lat' dir='ltr'><strong>nt,</strong></span> <span class='ocrx_word' id='word_1_771' title='bbox 1247 5753 1329 5809; x_wconf 82' lang='lat' dir='ltr'><strong>i0.</strong></span> <span class='ocrx_word' id='word_1_772' title='bbox 1407 5754 1451 5785; x_wconf 63' lang='grc'><strong>³⁷</strong></span> <span class='ocrx_word' id='word_1_773' title='bbox 1483 5754 1652 5810; x_wconf 67' lang='lat' dir='ltr'><strong>Exod.</strong></span> <span class='ocrx_word' id='word_1_774' title='bbox 1691 5770 1760 5827; x_wconf 89' lang='lat' dir='ltr'><strong>tt,</strong></span> <span class='ocrx_word' id='word_1_775' title='bbox 1789 5755 1877 5810; x_wconf 71' lang='lat'><strong>25.</strong></span> <span class='ocrx_word' id='word_1_776' title='bbox 1953 5757 1997 5789; x_wconf 72' lang='grc'><strong>’⁵⁸</strong></span> <span class='ocrx_word' id='word_1_777' title='bbox 2024 5756 2223 5813; x_wconf 79' lang='lat' dir='ltr'><strong>.‘crem.</strong></span> <span class='ocrx_word' id='word_1_778' title='bbox 2262 5772 2406 5823; x_wconf 62' lang='grc' dir='ltr'>χχχι,</span> <span class='ocrx_word' id='word_1_779' title='bbox 2434 5755 2522 5829; x_wconf 64' lang='grc' dir='ltr'><strong>βι.</strong></span> 
     </span>
    </p>
   </div>
   <div class='ocr_carea' id='block_1_105' title="bbox 1794 4557 3376 4629">
    <p class='ocr_par' dir='ltr' id='par_1_105' title="bbox 1794 4557 3376 4629">
     <span class='ocr_line' id='line_1_105' title="bbox 1794 4557 3376 4629; baseline 0.002 -19"><span class='ocrx_word' id='word_1_780' title='bbox 1794 4572 1911 4611; x_wconf 92' lang='lat' dir='ltr'><strong>mos</strong></span> <span class='ocrx_word' id='word_1_781' title='bbox 1939 4557 2284 4624; x_wconf 79' lang='lat' dir='ltr'><strong>:edilicantes,</strong></span> <span class='ocrx_word' id='word_1_782' title='bbox 2317 4568 2370 4612; x_wconf 86' lang='lat' dir='ltr'><strong>et</strong></span> <span class='ocrx_word' id='word_1_783' title='bbox 2417 4574 2575 4629; x_wconf 77' lang='lat' dir='ltr'><strong>agros</strong></span> <span class='ocrx_word' id='word_1_784' title='bbox 2601 4559 2811 4627; x_wconf 89' lang='lat' dir='ltr'><strong>aliquos</strong></span> <span class='ocrx_word' id='word_1_785' title='bbox 2870 4558 3236 4628; x_wconf 86' lang='lat' dir='ltr'><strong>possidentes,</strong></span> <span class='ocrx_word' id='word_1_786' title='bbox 3274 4574 3376 4613; x_wconf 91' lang='lat' dir='ltr'><strong>nec</strong></span> 
     </span>
    </p>
   </div>
   <div class='ocr_carea' id='block_1_106' title="bbox 1794 4646 3373 4719">
    <p class='ocr_par' dir='ltr' id='par_1_106' title="bbox 1794 4646 3373 4719">
     <span class='ocr_line' id='line_1_106' title="bbox 1794 4646 3373 4719; baseline 0.001 -20"><span class='ocrx_word' id='word_1_787' title='bbox 1794 4646 2042 4718; x_wconf 89' lang='lat' dir='ltr'><strong>sculptile</strong></span> <span class='ocrx_word' id='word_1_788' title='bbox 2094 4647 2149 4701; x_wconf 90' lang='lat' dir='ltr'><strong>in</strong></span> <span class='ocrx_word' id='word_1_789' title='bbox 2183 4648 2265 4701; x_wconf 91' lang='lat' dir='ltr'><strong>eis</strong></span> <span class='ocrx_word' id='word_1_790' title='bbox 2314 4648 2631 4719; x_wconf 84' lang='lat' dir='ltr'><strong>figurantes,</strong></span> <span class='ocrx_word' id='word_1_791' title='bbox 2680 4656 2923 4702; x_wconf 87' lang='lat' dir='ltr'><strong>nostram</strong></span> <span class='ocrx_word' id='word_1_792' title='bbox 2970 4648 3373 4715; x_wconf 86' lang='lat' dir='ltr'><strong>quodammodo</strong></span> 
     </span>
    </p>
   </div>
   <div class='ocr_carea' id='block_1_107' title="bbox 1794 4738 3373 4794">
    <p class='ocr_par' dir='ltr' id='par_1_107' title="bbox 1794 4738 3373 4794">
     <span class='ocr_line' id='line_1_107' title="bbox 1794 4738 3373 4794; baseline 0.001 -2"><span class='ocrx_word' id='word_1_793' title='bbox 1794 4748 2089 4794; x_wconf 88' lang='lat' dir='ltr'><strong>atterentes</strong></span> <span class='ocrx_word' id='word_1_794' title='bbox 2127 4755 2314 4794; x_wconf 88' lang='lat' dir='ltr'><strong>amore</strong></span> <span class='ocrx_word' id='word_1_795' title='bbox 2347 4754 2561 4793; x_wconf 87' lang='lat' dir='ltr'><strong>eorum.</strong></span> <span class='ocrx_word' id='word_1_796' title='bbox 2593 4747 2854 4793; x_wconf 89' lang='lat' dir='ltr'><strong>mentem.</strong></span> <span class='ocrx_word' id='word_1_797' title='bbox 2878 4738 2990 4793; x_wconf 77' lang='lat' dir='ltr'><strong>Nec</strong></span> <span class='ocrx_word' id='word_1_798' title='bbox 3030 4740 3215 4793; x_wconf 85' lang='lat' dir='ltr'><strong>titulos</strong></span> <span class='ocrx_word' id='word_1_799' title='bbox 3273 4755 3373 4793; x_wconf 86' lang='lat' dir='ltr'><strong>tto-</strong></span> 
     </span>
    </p>
   </div>
   <div class='ocr_carea' id='block_1_108' title="bbox 1796 4826 3388 4895">
    <p class='ocr_par' dir='ltr' id='par_1_108' title="bbox 1796 4826 3388 4895">
     <span class='ocr_line' id='line_1_108' title="bbox 1796 4826 3388 4895; baseline -0.001 -14"><span class='ocrx_word' id='word_1_800' title='bbox 1796 4828 1901 4891; x_wconf 87' lang='lat' dir='ltr'><strong>bis,</strong></span> <span class='ocrx_word' id='word_1_801' title='bbox 1956 4827 2070 4881; x_wconf 87' lang='lat' dir='ltr'><strong>sive</strong></span> <span class='ocrx_word' id='word_1_802' title='bbox 2132 4836 2366 4880; x_wconf 87' lang='lat' dir='ltr'><strong>statuam</strong></span> <span class='ocrx_word' id='word_1_803' title='bbox 2393 4827 2445 4878; x_wconf 90' lang='lat' dir='ltr'><strong>in</strong></span> <span class='ocrx_word' id='word_1_804' title='bbox 2483 4827 2567 4879; x_wconf 84' lang='lat' dir='ltr'><strong>his</strong></span> <span class='ocrx_word' id='word_1_805' title='bbox 2630 4826 2935 4895; x_wconf 73' lang='lat' dir='ltr'><strong>erigamus,</strong></span> <span class='ocrx_word' id='word_1_806' title='bbox 2982 4827 3230 4880; x_wconf 85' lang='lat' dir='ltr'><strong>volentes</strong></span> <span class='ocrx_word' id='word_1_807' title='bbox 3280 4842 3388 4895; x_wconf 77' lang='lat' dir='ltr'><strong>per,</strong></span> 
     </span>
    </p>
   </div>
   <div class='ocr_carea' id='block_1_109' title="bbox 1802 4915 3387 4988">
    <p class='ocr_par' dir='ltr' id='par_1_109' title="bbox 1802 4915 3387 4988">
     <span class='ocr_line' id='line_1_109' title="bbox 1802 4915 3387 4988; baseline -0.001 -14"><span class='ocrx_word' id='word_1_808' title='bbox 1802 4934 1920 4974; x_wconf 85' lang='lat' dir='ltr'><strong>eam</strong></span> <span class='ocrx_word' id='word_1_809' title='bbox 1945 4917 2267 4973; x_wconf 86' lang='lat' dir='ltr'><strong>memoriam</strong></span> <span class='ocrx_word' id='word_1_810' title='bbox 2304 4924 2545 4969; x_wconf 87' lang='lat' dir='ltr'><strong>nostram</strong></span> <span class='ocrx_word' id='word_1_811' title='bbox 2576 4916 2869 4970; x_wconf 71' lang='lat' dir='ltr'><strong>extendere</strong></span> <span class='ocrx_word' id='word_1_812' title='bbox 2929 4915 2983 4969; x_wconf 92' lang='lat' dir='ltr'><strong>in</strong></span> <span class='ocrx_word' id='word_1_813' title='bbox 3036 4915 3248 4971; x_wconf 87' lang='lat' dir='ltr'><strong>futuras</strong></span> <span class='ocrx_word' id='word_1_814' title='bbox 3279 4934 3387 4988; x_wconf 46' lang='lat' dir='ltr'><strong>gem</strong></span> 
     </span>
    </p>
   </div>
   <div class='ocr_carea' id='block_1_110' title="bbox 1801 5006 3372 5079">
    <p class='ocr_par' dir='ltr' id='par_1_110' title="bbox 1801 5006 3372 5079">
     <span class='ocr_line' id='line_1_110' title="bbox 1801 5006 3372 5079; baseline 0.001 -15"><span class='ocrx_word' id='word_1_815' title='bbox 1801 5009 2113 5069; x_wconf 79' lang='lat' dir='ltr'><strong>nerationes</strong></span> <span class='ocrx_word' id='word_1_816' title='bbox 2143 5025 2158 5062; x_wconf 88' lang='lat'><strong>:</strong></span> <span class='ocrx_word' id='word_1_817' title='bbox 2202 5007 2297 5063; x_wconf 89' lang='lat' dir='ltr'><strong>sed</strong></span> <span class='ocrx_word' id='word_1_818' title='bbox 2326 5021 2431 5061; x_wconf 88' lang='lat' dir='ltr'><strong>nec</strong></span> <span class='ocrx_word' id='word_1_819' title='bbox 2468 5007 2700 5075; x_wconf 82' lang='lat' dir='ltr'><strong>lapidem</strong></span> <span class='ocrx_word' id='word_1_820' title='bbox 2752 5006 3029 5077; x_wconf 78' lang='lat' dir='ltr'><strong>insignem.</strong></span> <span class='ocrx_word' id='word_1_821' title='bbox 3055 5008 3372 5079; x_wconf 44' lang='lat' dir='ltr'><strong>,erigatntts,</strong></span> 
     </span>
    </p>
   </div>
   <div class='ocr_carea' id='block_1_111' title="bbox 1800 5098 3375 5172">
    <p class='ocr_par' dir='ltr' id='par_1_111' title="bbox 1800 5098 3375 5172">
     <span class='ocr_line' id='line_1_111' title="bbox 1800 5098 3375 5172; baseline 0 -15"><span class='ocrx_word' id='word_1_822' title='bbox 1800 5102 1941 5165; x_wconf 90' lang='lat' dir='ltr'><strong>auri,</strong></span> <span class='ocrx_word' id='word_1_823' title='bbox 1976 5100 2128 5157; x_wconf 89' lang='lat' dir='ltr'><strong>verbi</strong></span> <span class='ocrx_word' id='word_1_824' title='bbox 2155 5099 2345 5172; x_wconf 82' lang='lat' dir='ltr'><strong>gratia,</strong></span> <span class='ocrx_word' id='word_1_825' title='bbox 2378 5108 2471 5154; x_wconf 91' lang='lat' dir='ltr'><strong>aut</strong></span> <span class='ocrx_word' id='word_1_826' title='bbox 2500 5098 2709 5170; x_wconf 78' lang='lat' dir='ltr'><strong>argenti</strong></span> <span class='ocrx_word' id='word_1_827' title='bbox 2751 5100 3058 5165; x_wconf 84' lang='lat' dir='ltr'><strong>cumulum,</strong></span> <span class='ocrx_word' id='word_1_828' title='bbox 3093 5109 3187 5155; x_wconf 88' lang='lat' dir='ltr'><strong>aut</strong></span> <span class='ocrx_word' id='word_1_829' title='bbox 3225 5102 3375 5172; x_wconf 77' lang='lat' dir='ltr'><strong>lapi-</strong></span> 
     </span>
    </p>
   </div>
   <div class='ocr_carea' id='block_1_112' title="bbox 1799 5188 3374 5259">
    <p class='ocr_par' dir='ltr' id='par_1_112' title="bbox 1799 5188 3374 5259">
     <span class='ocr_line' id='line_1_112' title="bbox 1799 5188 3374 5259; baseline 0 -12"><span class='ocrx_word' id='word_1_830' title='bbox 1799 5192 1951 5257; x_wconf 90' lang='lat' dir='ltr'><strong>dum,</strong></span> <span class='ocrx_word' id='word_1_831' title='bbox 1982 5190 2074 5259; x_wconf 90' lang='lat' dir='ltr'><strong>qui</strong></span> <span class='ocrx_word' id='word_1_832' title='bbox 2109 5190 2358 5244; x_wconf 83' lang='lat' dir='ltr'><strong>videntur</strong></span> <span class='ocrx_word' id='word_1_833' title='bbox 2391 5204 2511 5244; x_wconf 88' lang='lat' dir='ltr'><strong>esse</strong></span> <span class='ocrx_word' id='word_1_834' title='bbox 2536 5188 2759 5259; x_wconf 86' lang='lat' dir='ltr'><strong>pretiosi</strong></span> <span class='ocrx_word' id='word_1_835' title='bbox 2786 5189 3202 5258; x_wconf 65' lang='lat' dir='ltr'><strong>lapides,.etiam</strong></span> <span class='ocrx_word' id='word_1_836' title='bbox 3230 5192 3281 5246; x_wconf 90' lang='lat' dir='ltr'><strong>hi</strong></span> <span class='ocrx_word' id='word_1_837' title='bbox 3308 5193 3374 5247; x_wconf 87' lang='lat' dir='ltr'><strong>de</strong></span> 
     </span>
    </p>
   </div>
   <div class='ocr_carea' id='block_1_113' title="bbox 1800 5279 3375 5351">
    <p class='ocr_par' dir='ltr' id='par_1_113' title="bbox 1800 5279 3375 5351">
     <span class='ocr_line' id='line_1_113' title="bbox 1800 5279 3375 5351; baseline 0 -14"><span class='ocrx_word' id='word_1_838' title='bbox 1800 5292 1941 5338; x_wconf 90' lang='lat' dir='ltr'><strong>terra</strong></span> <span class='ocrx_word' id='word_1_839' title='bbox 1986 5282 2221 5351; x_wconf 63' lang='lat' dir='ltr'><strong>aequales</strong></span> <span class='ocrx_word' id='word_1_840' title='bbox 2266 5281 2402 5335; x_wconf 89' lang='lat' dir='ltr'><strong>albis</strong></span> <span class='ocrx_word' id='word_1_841' title='bbox 2451 5279 2722 5349; x_wconf 87' lang='lat' dir='ltr'><strong>lapidibus</strong></span> <span class='ocrx_word' id='word_1_842' title='bbox 2763 5289 2914 5344; x_wconf 87' lang='lat' dir='ltr'><strong>sunt,</strong></span> <span class='ocrx_word' id='word_1_843' title='bbox 2941 5281 3041 5335; x_wconf 87' lang='lat' dir='ltr'><strong>etsi</strong></span> <span class='ocrx_word' id='word_1_844' title='bbox 3089 5297 3375 5337; x_wconf 87' lang='lat' dir='ltr'><strong>avarorum</strong></span> 
     </span>
    </p>
   </div>
   <div class='ocr_carea' id='block_1_114' title="bbox 1772 5368 3371 5442">
    <p class='ocr_par' dir='ltr' id='par_1_114' title="bbox 1772 5368 3371 5442">
     <span class='ocr_line' id='line_1_114' title="bbox 1772 5368 3371 5442; baseline -0.002 -14"><span class='ocrx_word' id='word_1_845' title='bbox 1772 5368 1953 5429; x_wconf 55' lang='lat' dir='ltr'><strong>’visus</strong></span> <span class='ocrx_word' id='word_1_846' title='bbox 2000 5374 2054 5427; x_wconf 91' lang='lat' dir='ltr'><strong>in</strong></span> <span class='ocrx_word' id='word_1_847' title='bbox 2104 5373 2209 5438; x_wconf 91' lang='lat' dir='ltr'><strong>his,</strong></span> <span class='ocrx_word' id='word_1_848' title='bbox 2246 5370 2701 5442; x_wconf 84' lang='lat' dir='ltr'><strong>quemadmodum</strong></span> <span class='ocrx_word' id='word_1_849' title='bbox 2731 5386 3064 5440; x_wconf 82' lang='lat' dir='ltr'><strong>paganorum</strong></span> <span class='ocrx_word' id='word_1_850' title='bbox 3098 5371 3153 5425; x_wconf 91' lang='lat' dir='ltr'><strong>in</strong></span> <span class='ocrx_word' id='word_1_851' title='bbox 3194 5372 3371 5440; x_wconf 80' lang='lat' dir='ltr'><strong>idolis,</strong></span> 
     </span>
    </p>
   </div>
   <div class='ocr_carea' id='block_1_115' title="bbox 1802 5462 3374 5534">
    <p class='ocr_par' dir='ltr' id='par_1_115' title="bbox 1802 5462 3374 5534">
     <span class='ocr_line' id='line_1_115' title="bbox 1802 5462 3374 5534; baseline 0 -15"><span class='ocrx_word' id='word_1_852' title='bbox 1802 5466 2175 5520; x_wconf 87' lang='lat' dir='ltr'><strong>seducuntur:</strong></span> <span class='ocrx_word' id='word_1_853' title='bbox 2209 5471 2430 5533; x_wconf 91' lang='lat' dir='ltr'><strong>propter</strong></span> <span class='ocrx_word' id='word_1_854' title='bbox 2474 5464 2616 5532; x_wconf 89' lang='lat' dir='ltr'><strong>quod</strong></span> <span class='ocrx_word' id='word_1_855' title='bbox 2669 5471 2721 5517; x_wconf 83' lang='lat' dir='ltr'><strong>et</strong></span> <span class='ocrx_word' id='word_1_856' title='bbox 2772 5462 2999 5534; x_wconf 76' lang='lat' dir='ltr'><strong>insignis</strong></span> <span class='ocrx_word' id='word_1_857' title='bbox 3036 5463 3171 5533; x_wconf 86' lang='lat' dir='ltr'><strong>lapis</strong></span> <span class='ocrx_word' id='word_1_858' title='bbox 3198 5465 3374 5519; x_wconf 87' lang='lat' dir='ltr'><strong>dictus</strong></span> 
     </span>
    </p>
   </div>
   <div class='ocr_carea' id='block_1_116' title="bbox 1802 5555 3376 5629">
    <p class='ocr_par' dir='ltr' id='par_1_116' title="bbox 1802 5555 3376 5629">
     <span class='ocr_line' id='line_1_116' title="bbox 1802 5555 3376 5629; baseline 0 -18"><span class='ocrx_word' id='word_1_859' title='bbox 1802 5566 1903 5612; x_wconf 89' lang='lat' dir='ltr'><strong>est.</strong></span> <span class='ocrx_word' id='word_1_860' title='bbox 1933 5555 2042 5612; x_wconf 83' lang='lat' dir='ltr'><strong>Nos</strong></span> <span class='ocrx_word' id='word_1_861' title='bbox 2071 5565 2251 5611; x_wconf 87' lang='lat' dir='ltr'><strong>autem</strong></span> <span class='ocrx_word' id='word_1_862' title='bbox 2282 5555 2417 5609; x_wconf 90' lang='lat' dir='ltr'><strong>nihil</strong></span> <span class='ocrx_word' id='word_1_863' title='bbox 2450 5555 2553 5609; x_wconf 83' lang='lat' dir='ltr'><strong>tale</strong></span> <span class='ocrx_word' id='word_1_864' title='bbox 2584 5555 2870 5624; x_wconf 85' lang='lat' dir='ltr'><strong>patiamur,</strong></span> <span class='ocrx_word' id='word_1_865' title='bbox 2894 5571 2997 5610; x_wconf 84' lang='lat' dir='ltr'><strong>nec</strong></span> <span class='ocrx_word' id='word_1_866' title='bbox 3027 5556 3251 5629; x_wconf 75' lang='lat' dir='ltr'><strong>insignis</strong></span> <span class='ocrx_word' id='word_1_867' title='bbox 3279 5574 3376 5611; x_wconf 85' lang='lat' dir='ltr'><strong>tto-</strong></span> 
     </span>
    </p>
   </div>
   <div class='ocr_carea' id='block_1_117' title="bbox 2604 5754 3091 5820">
    <p class='ocr_par' dir='ltr' id='par_1_117' title="bbox 2604 5754 3091 5820">
     <span class='ocr_line' id='line_1_117' title="bbox 2604 5754 3091 5820; baseline -0.002 -10"><span class='ocrx_word' id='word_1_868' title='bbox 2604 5756 2643 5788; x_wconf 67' lang='lat'><strong>‘9</strong></span> <span class='ocrx_word' id='word_1_869' title='bbox 2675 5754 2694 5810; x_wconf 88' lang='grc' dir='ltr'><strong>ι</strong></span> <span class='ocrx_word' id='word_1_870' title='bbox 2730 5755 2868 5811; x_wconf 78' lang='grc' dir='ltr'>Ἰἰιιι.</span> <span class='ocrx_word' id='word_1_871' title='bbox 2902 5772 2974 5820; x_wconf 75' lang='lat' dir='ltr'><strong>vr,</strong></span> <span class='ocrx_word' id='word_1_872' title='bbox 3006 5754 3091 5812; x_wconf 82' lang='grc'><strong>10.</strong></span> 
     </span>
    </p>
   </div>
  </div>
