3810 6318
448 332 585 398 1ὶ39

1683 328 2044 388 HESYCHII
2087 327 2560 388 PRESBYTERI

3622 314 3752 380 113i)

443 450 528 506 bis
557 448 695 519 lapis
722 447 1025 503 emeiantur
1051 446 1274 511 divitiae,
1311 455 1369 500 ut
1407 444 1708 500 secundum
1757 445 2032 500 intentio-
2062 452 2106 506 Α
2133 459 2250 505 vos,
2274 448 2331 498 et
2359 456 2606 497 crescere
2626 440 2849 504 faciam,
2874 435 3406 509 multiplicabimini,
3435 441 3500 488 et
3523 432 3752 486 ﬁrmabo

442 552 568 594 nem
593 552 782 592 earum
810 537 1077 602 vivamus,
1100 537 1403 592 secundum
1433 535 1771 598 intellectum
1798 535 2034 605 Septua-

442 632 589 704 ginta
619 632 978 699 interpretum
1005 648 1019 696 ;
1047 638 1237 684 etnon
1273 643 1615 698 quaecunque
1647 627 2028 698 praeceperint,

441 724 727 788 faciamus,
745 733 801 778 et
829 722 1119 777 desideriis
1146 735 1334 774 earum
1367 723 1688 786 serviamus,
1714 722 2035 775 adoremus-

441 831 549 885 que
580 831 702 879 eas,
735 823 791 870 et
829 815 1073 869 colamus
1105 814 1162 868 in
1192 813 1572 869 conservando
1598 828 1710 868 eas.
1743 813 2033 868 Custodia-

441 919 565 958 mus
591 911 775 958 autem
802 912 857 958 et
881 901 1139 971 Sabbata,
1169 904 1238 958 ab
1264 903 1412 958 omni
1442 903 1548 958 alio
1577 903 1719 958 malo
1751 903 2035 958 abstinen-

443 1002 574 1056 tiam
608 1000 1061 1070 vacationemque
1119 1000 1426 1066 studentes,
1459 1008 1513 1054 et
1540 1009 1763 1069 agentes
1791 1007 1851 1052 ut
1901 1011 2036 1068 ope-

442 1092 596 1146 ribus
626 1091 914 1161 prtesentis
938 1092 1124 1146 mundi
1149 1106 1455 1156 careamus,
1477 1100 1645 1160 atque
1669 1090 1739 1145 ab
1765 1090 1848 1145 eis
1877 1089 2036 1159 quie-

442 1195 680 1237 scamus.
711 1180 827 1236 Hoc
860 1180 1008 1236 enim
1041 1181 1383 1252 intelligibile
1416 1190 1471 1236 et
1502 1195 1691 1236 verum
1739 1179 2037 1235 Sabbatum

443 1282 547 1338 est,
578 1272 726 1342 quod
774 1287 888 1326 non
937 1272 1123 1341 populi
1171 1281 1258 1326 est.
1299 1271 1516 1343 ingrati,
1550 1271 1647 1326 sed
1693 1271 1866 1340 ipsius
1918 1270 2034 1336 Dei,

442 1363 904 1434 quemadmodum
931 1363 988 1417 in
1017 1363 1152 1419 Isaia
1180 1364 1396 1418 dicebat
1428 1380 1440 1416 :
1469 1363 1666 1417 Beatus
1694 1365 1775 1417 vir
1801 1363 1891 1434 qui
1917 1363 2037 1433 fecit

444 1454 564 1516 hoc,
595 1463 644 1507 et
676 1453 820 1522 ﬁlius
867 1453 1096 1506 hominis
1142 1454 1232 1522 qui
1274 1453 1620 1522 apprehendit
1662 1454 1824 1518 istud,
1861 1462 2038 1506 custo-

443 1544 591 1598 diens
622 1542 914 1598 Sabbatunt
941 1561 1004 1597 ne
1025 1544 1228 1613 polluat
1254 1545 1388 1598 illud
1407 1545 1474 1600 ⁵⁸.
1511 1543 1668 1599 Unde
1701 1544 2038 1614 distinguere

443 1634 515 1690 ab
541 1636 649 1690 illis
679 1636 909 1700 volebat,
935 1637 1003 1691 de
1033 1637 1233 1706 quibus
1264 1637 1422 1692 initio
1451 1638 1756 1707 prophetia
1785 1638 2033 1694 dicebat:

443 1727 790 1789 Ncontenias,
821 1737 868 1782 et
901 1726 1212 1793 Sabbatum,
1247 1738 1298 1782 et
1319 1730 1626 1799 festivitates
1653 1731 1792 1782 alias
1821 1747 1922 1784 non
1959 1732 2038 1802 fe-

445 1821 642 1873 ram“.
663 1820 818 1882 Quod
853 1827 1034 1874 autem
1065 1820 1158 1875 Dei
1185 1829 1268 1875 est
1297 1819 1616 1884 Sabbatum,
1641 1828 1735 1875 aut
1764 1824 2037 1892 quomodo

447 1908 578 1963 illud
609 1910 731 1978 quis
776 1911 1065 1979 profanare
1100 1927 1208 1966 non
1245 1921 1462 1980 potest,
1517 1912 1788 1967 subinfert
1819 1932 1832 1966 :
1867 1912 2028 1978 Quie-

443 2002 572 2055 scite
600 2017 756 2070 agere
788 2018 1021 2068 perverse
1037 2002 1104 2054 ⁵⁸.
1139 2003 1279 2072 Ergo
1317 2018 1348 2056 a
1377 2003 1533 2057 malls
1558 2005 1834 2059 abstinere
1859 2047 1874 2071 ,
1907 2007 2029 2060 sab-

443 2092 556 2147 bati
590 2101 673 2148 cst
705 2093 932 2162 impleti.
962 2093 1066 2149 Sed
1094 2100 1150 2148 et
1179 2095 1548 2148 sanctuarium
1579 2096 1697 2164 ejus
1735 2111 2029 2165 paveamus

444 2185 856 2240 sanctimoniam
889 2185 1192 2251 studentes,
1231 2186 1283 2240 id
1307 2194 1416 2254 est,
1443 2188 1749 2242 castitatem
1781 2203 1845 2242 ac
1871 2189 2030 2258 pudi-

443 2277 626 2332 citiam
657 2295 671 2333 :
705 2279 820 2333 haec
851 2279 998 2334 enim
1030 2287 1115 2333 est
1140 2280 1262 2332 vitae
1290 2278 1626 2349 imperfectae
1673 2290 1726 2335 et
1774 2296 2029 2336 consum-

447 2379 606 2424 matae
650 2370 980 2438 capitulum,
1013 2369 1132 2425 sive
1175 2385 1410 2425 summa.
1447 2369 1678 2440 Pmpler
1725 2372 1869 2441 quod
1926 2374 2031 2428 hoc

443 2459 606 2513 etiam
638 2461 996 2516 novissimum
1031 2462 1238 2529 posuit,
1271 2468 1400 2516 tunc
1433 2461 1567 2518 dicit
1605 2463 1672 2517 ad
1703 2479 1804 2517 nos
1837 2464 1978 2518 Deus
2011 2483 2024 2518 :

445 2550 554 2620 Ego
575 2550 841 2606 Dominus
867 2551 1011 2606 Deus
1034 2561 1232 2617 vester,
1260 2553 1349 2621 qui
1382 2568 1502 2606 sum
1529 2554 1754 2622 quidem
1785 2563 2026 2619 sanctus,

443 2639 538 2693 sed
572 2649 626 2693 et
657 2640 710 2692 in
743 2641 946 2695 sanctis
979 2643 1263 2710 requiesco
1286 2681 1301 2707 ,
1353 2644 1678 2699 intcrimens
1723 2653 1779 2699 et
1816 2647 2027 2715 disper-

442 2730 582 2782 deus
605 2743 820 2793 omnes,
853 2731 945 2799 qui
979 2732 1390 2787 tabernaculum
1419 2749 1600 2788 meum
1631 2736 1946 2805 potiuerint,
1975 2747 2030 2792 et

445 2819 708 2890 templum
755 2835 938 2875 meum
981 2823 1379 2892 pollutiouibus
1419 2827 1758 2895 voluptatum
1795 2827 2030 2882 violave-

443 2912 584 2967 rint:
610 2913 753 2982 quod
783 2920 1020 2969 testatur
1051 2915 1254 2971 Paulus
1283 2919 1510 2973 dicens:
1541 2918 1601 2974 Si
1632 2922 1752 2990 quis
1779 2921 2029 2990 templum

445 3007 542 3060 Dei
573 3009 870 3076 violaverit,
904 3012 1170 3081 disperdet
1199 3013 1351 3067 illum
1382 3013 1602 3068 Deus”.
1632 3014 1860 3084 Propter
1883 3017 2028 3086 quod

444 3099 813 3153 sanctuarium
840 3101 959 3171 ejus
990 3114 1307 3171 pareamus,
1342 3108 1403 3155 ut
1430 3117 1530 3157 nec
1559 3117 1756 3172 corpus
1780 3111 2027 3156 nostrum

444 3187 771 3257 polluamus,
795 3204 976 3259 neque
1007 3191 1074 3244 ad
1103 3205 1305 3261 corpus
1335 3191 1558 3257 Christi,
1586 3191 1640 3244 in
1669 3206 1776 3260 quo
1802 3200 1886 3245 est
1911 3207 2028 3245 om-
2057 3174 2098 3229 (ἶ

445 3279 533 3335 nls
583 3281 944 3337 sanctificatio
980 3284 1054 3353 (iu
1099 3284 1218 3353 ipso
1251 3284 1399 3338 enim
1428 3285 1608 3338 omnis
1633 3285 1914 3354 plenitudo
1945 3285 2030 3339 in-

449 3373 654 3426 habitat
679 3374 1165 3446 divinitatis),sine
1197 3377 1382 3430 subtili
1407 3376 1799 3447 dijudieatione
1831 3378 2026 3442 nostri,

448 3475 654 3521 temere
696 3469 1022 3524 accedamus
1048 3511 1062 3535 ,
1099 3470 1194 3526 sed
1227 3470 1381 3540 prius
1417 3472 1782 3540 nosmetipsos
1827 3471 2029 3540 probe-

449 3571 590 3623 mus,
633 3560 1050 3618 reminiscentes
1099 3563 1218 3633 ejus
1267 3564 1358 3634 qui
1386 3563 1521 3618 dixit
1557 3580 1571 3618 :
1611 3564 1916 3630 Quicunque
1943 3580 2030 3617 co-

448 3649 666 3702 mederit
710 3664 902 3718 panem
948 3660 1044 3704 aut
1091 3651 1275 3707 biberit
1304 3654 1522 3708 calicem
1553 3654 1766 3708 Domini
1798 3654 2026 3725 indigne,

448 3756 567 3794 reus
595 3743 694 3796 erit
723 3744 957 3812 corporis
983 3753 1031 3798 et
1079 3747 1354 3816 sanguinis
1375 3746 1612 3806 Domini.
1637 3747 1821 3802 Probet
1851 3757 2028 3801 autent

447 3833 782 3902 semetipsum
809 3835 982 3903 homo,
1015 3846 1064 3890 et
1092 3837 1166 3890 sic
1197 3839 1259 3890 de
1292 3854 1428 3907 pane
1461 3840 1716 3902 comedat,
1751 3849 1799 3892 et
1841 3841 1904 3893 de
1939 3856 2029 3892 ca—

451 3921 548 3976 lice
593 3923 816 3978 bibat”.
847 3925 1073 3991 Qualem
1107 3927 1482 3997 probationem
1520 3930 1687 3984 dicit?
1726 3930 1784 3986 Id
1829 3941 1932 3992 est,
1971 3938 2028 3984 ut

376 4060 379 4062 _
455 4015 510 4068 in
540 4016 704 4070 corde
732 4018 955 4084 mundo,
982 4026 1146 4088 atque
1176 4019 1534 4085 conscientia,
1567 4031 1622 4077 et
1651 4022 2028 4092 paenitentiam

453 4119 665 4173 eorum,
696 4123 815 4177 qua:
863 4109 994 4163 olim
1036 4107 1264 4180 deliquit
1317 4112 1625 4168 intendenti
1677 4112 2032 4182 participetur

455 4201 675 4264 sanctis,
705 4201 773 4256 ad
801 4203 1134 4258 ablutionem
1162 4213 1509 4273 peccatorum
1539 4221 1782 4262 suorum.
1963 4184 1968 4189 D

527 4289 690 4345 Vens.
729 4292 881 4347 3-13.
933 4313 951 4346 ε
984 4292 1040 4347 Si
1087 4294 1143 4348 in
1186 4297 1474 4365 praeceptis
1503 4297 1640 4351 meis
1670 4297 2032 4353 ambulaveri-

459 4381 547 4444 tis,
574 4389 631 4435 et
673 4383 930 4437 mandata
973 4398 1092 4437 mea
1138 4385 1505 4438 custodieritis
1558 4394 1612 4440 et
1663 4386 1901 4440 feceritis
1944 4401 2028 4453 ea,

2136 543 2360 606 pactum
2415 547 2600 587 meum
2646 533 2953 588 vobiscum.
3002 528 3316 585 Comedetis
3366 525 3747 581 vetustissima

2138 635 2480 686 veterum,ct
2517 631 2698 677 vetera
2737 621 2895 676 novis
2928 616 3461 689 supervenientibus
3492 615 3747 684 proiicia-

2137 717 2227 770 tis.
2257 714 2460 768 Ponam
2497 713 2907 767 tabernaculum
2941 725 3122 765 meum
3159 710 3213 762 in
3245 707 3444 762 medio
3477 707 3678 767 vestri,
3701 717 3744 758 et

2136 822 2247 860 non
2277 805 2500 873 abjiciet
2529 818 2624 859 vos
2651 796 2832 858 anima
2868 817 3008 857 mea.
3041 799 3352 855 Ambulabo
3395 799 3564 852 inter
3587 809 3742 851 voset

2136 914 2231 954 ero
2263 907 2446 953 vester
2481 898 2646 963 Deus,
2675 911 2884 965 vosque
2921 894 3076 949 eritis
3119 893 3360 963 populus
3417 905 3614 945 meus.
3645 889 3740 959 Ego

2138 989 2404 1044 Dominus
2439 988 2584 1043 Deus
2611 995 2812 1051 vester,
2844 987 2936 1056 qui
2969 984 3133 1040 eduxi
3166 999 3261 1038 vos
3285 983 3356 1037 de
3387 991 3556 1037 terra
3591 980 3738 1050 Egy-

2138 1083 2399 1153 ptiorum,
2436 1096 2506 1136 ne
2531 1079 2816 1134 serviretis
2843 1079 2948 1143 eis,
2981 1086 3038 1132 et
3077 1076 3171 1146 qui
3218 1073 3485 1145 confregi
3530 1083 3738 1128 ascitas

2139 1173 2415 1229 cervicum
2444 1181 2773 1234 vestrarum,
2807 1178 2868 1225 ut
2893 1168 3222 1224 incederetis
3259 1166 3473 1222 erecti.
3509 1185 3531 1218 ι

2210 1263 2338 1320 Hac
2367 1263 2699 1320 sensibiliter
2728 1263 2973 1332 suscepit
3000 1260 3316 1316 indecorum
3343 1259 3626 1328 populus,
3664 1267 3732 1309 t-

2137 1367 2268 1428 pote
2299 1370 2522 1426 parvam
2563 1355 2776 1410 habens
2815 1369 2968 1424 spem
3000 1353 3191 1418 futuri,
3223 1363 3281 1409 et
3311 1368 3435 1407 non
3491 1352 3632 1405 satis
3666 1352 3732 1402 ia-

2141 1447 2518 1518 telligibilibus
2544 1461 2846 1516 suspensus
2881 1446 3063 1500 bonis.
3093 1446 3224 1500 Erat
3265 1445 3429 1500 enim
3490 1451 3642 1497 totus
3679 1443 3730 1494 ad

2139 1549 2388 1596 ventrem
2437 1548 2493 1593 et
2534 1539 2602 1593 ad
2648 1538 2868 1592 carnale
2916 1537 3089 1591 otium
3133 1536 3416 1599 intentus,
3451 1535 3533 1588 ita
3591 1545 3648 1587 ut
3689 1535 3728 1584 in

2139 1631 2395 1703 praesenti
2431 1632 2574 1693 vita,
2612 1645 2675 1683 ea
2709 1644 2830 1698 quae
2874 1629 2941 1683 ad
2974 1629 3314 1698 voluptatem
3360 1625 3728 1696 pertinebant,

2141 1728 2353 1784 etiamsi
2385 1728 2549 1782 nimis
2578 1733 2766 1780 essent
2792 1725 3048 1793 despecta
3095 1728 3150 1776 et
3201 1719 3442 1774 minima
3491 1733 3596 1788 pro
3627 1717 3728 1775 illis,

2137 1837 2259 1890 quae
2305 1833 2498 1890 parum
2536 1819 2804 1873 laboriosa
2853 1825 3030 1880 erant,
3062 1814 3157 1869 sed
3210 1813 3461 1867 multum
3519 1811 3727 1879 majora,

2131 1914 2377 1984 eligeret,
2414 1922 2470 1966 et
2501 1920 2790 1980 pr0pterea
2830 1915 3099 1978 quaereret
3135 1905 3434 1974 (igyptios
3482 1918 3724 1973 pepones,

2131 2021 2328 2074 czepas,
2348 2012 2404 2058 et
2429 2004 2574 2066 allia,
2608 2002 2868 2072 quoniam
2902 2000 2957 2054 in
2990 2007 3244 2068 promptu
3278 2007 3454 2050 erant
3483 1997 3558 2049 ad
3588 2009 3726 2048 exsa-

2133 2096 2345 2150 tiandos
2371 2109 2488 2157 eos,
2521 2101 2577 2148 et
2613 2094 2736 2146 sine
2773 2091 2960 2145 labore
2999 2090 3246 2142 aderant.
3294 2087 3420 2140 Nos
3454 2095 3665 2147 autem,
3694 2085 3726 2137 si

2132 2187 2400 2241 mandatis
2449 2184 2543 2239 Dei
2597 2184 2957 2244 intendimus,
3009 2180 3256 2235 dicentes
3315 2179 3478 2232 sicut
3527 2177 3724 2230 David:

2135 2281 2282 2334 Viam
2305 2280 2755 2349 justiﬁcationum
2785 2287 2997 2329 tuarum
3025 2275 3237 2327 insinua
3267 2273 3407 2325 mihi
3425 2274 3502 2325 ³⁸.
3539 2270 3605 2325 Et
3629 2286 3726 2324 rur-

2129 2387 2222 2428 sus
2251 2391 2264 2424 :
2297 2372 2475 2425 Deduc
2523 2388 2603 2423 me
2639 2371 2694 2422 in
2725 2369 2912 2422 semita
2958 2366 3338 2420 mandatorum
3389 2374 3647 2424 tuorum;
3687 2372 3725 2414 et

2130 2463 2529 2516 custodierimus
2557 2461 2815 2514 mandata
2845 2459 2956 2527 ejus
2981 2458 3048 2522 ",
3083 2455 3222 2510 nihil
3253 2471 3463 2510 eorum
3495 2471 3725 2510 corrum-

2130 2563 2323 2625 pentes
2345 2595 2358 2618 ,
2392 2569 2570 2623 neque
2599 2551 2902 2607 secundum
2922 2558 3163 2603 nostram
3202 2547 3612 2606 intentionem,
3645 2544 3722 2600 sed

2129 2646 2432 2701 secundum
2489 2643 2650 2714 ejus,
2685 2651 2743 2697 et
2792 2657 2915 2711 quae
2963 2641 3082 2710 ejus
3131 2649 3282 2703 sunt,
3323 2648 3608 2709 agentes:
3641 2639 3722 2690 hoc

2127 2739 2274 2794 enim
2309 2746 2397 2793 est
2433 2736 2654 2806 proprie
2685 2733 2804 2802 ejus
2837 2731 3115 2786 custodire
3144 2731 3448 2794 mandata;
3485 2727 3720 2796 intelligi-

2129 2831 2316 2886 biliter
2343 2838 2727 2899 exspectemus
2757 2824 3184 2893 unumquodque
3209 2837 3581 2892 eorum,qu:e
3607 2836 3722 2891 pr:-

2129 2924 2272 2980 dicta
2310 2930 2458 2976 sunt.
2495 2921 2631 2987 Quia
2679 2927 2862 2973 autem
2897 2934 2929 2972 a
2955 2916 3162 2972 ludatis
3193 2916 3569 2970 inveniemus
3591 2913 3718 2968 omni

2131 3015 2293 3070 modo
2327 3015 2443 3069 haec
2471 3010 2774 3067 secundum
2805 3010 3043 3064 litteram
3082 3007 3306 3078 impleta
3343 3026 3358 3060 :
3398 3007 3566 3061 multi
3595 3006 3722 3060 enim

2134 3105 2226 3159 Dei
2251 3104 2554 3174 prophetae,
2583 3101 2954 3157 custodientes
2975 3102 3094 3170 ejus
3125 3098 3407 3163 mandata,
3431 3104 3495 3152 et
3523 3098 3580 3152 in
3606 3112 3726 3167 prt-

2132 3199 2303 3268 c‘eptis
2333 3199 2451 3267 ejus
2486 3196 2849 3259 ambulantes,
2889 3195 2945 3247 in
2977 3194 3146 3247 multa
3173 3191 3406 3246 fuerunt
3437 3191 3721 3245 afﬂictione

2132 3290 2435 3353 constituti,
2471 3275 2574 3342 nec
2600 3303 2796 3357 panem
2831 3297 2991 3341 stium
3021 3301 3146 3340 cum
3179 3285 3468 3345 satietate,
3498 3285 3594 3338 sed
3617 3298 3720 3337 cu

2132 3390 2372 3453 egestate
2413 3380 2792 3444 comederunt,
2835 3376 3297 3448 quemadmodum
3332 3375 3618 3436 Ezechiel,
3648 3373 3720 3426 cui

2132 3477 2200 3530 ab
2228 3477 2348 3544 ipso
2379 3475 2483 3528 hoc
2513 3473 2624 3526 Deo
2655 3479 2987 3541 praeceptum
3018 3476 3125 3524 est.
3153 3467 3264 3523 Sed
3293 3478 3356 3523 et
3390 3468 3602 3522 Paulus
3620 3482 3719 3525 etis.

2130 3567 2224 3636 qui
2258 3567 2312 3620 in
2346 3566 2465 3635 lege
2489 3570 2545 3619 et
2575 3561 2862 3633 prepbetis
2905 3559 3189 3631 justificati
3251 3569 3412 3624 sunt,
3450 3574 3720 3630 exponens

2130 3657 2380 3711 dicebat:
2411 3655 2742 3711 Circuierunt
2776 3653 2830 3705 in
2860 3652 3083 3715 melotis,
3114 3651 3171 3703 in
3199 3650 3436 3719 pellibus
3480 3651 3716 3720 caprinis.

2129 3748 2417 3813 Immiliati,
2446 3746 2625 3816 afﬂicti
2650 3788 2664 3810 ,
2698 3744 2884 3814 quibus
2915 3743 3104 3811 dignus
3133 3759 3235 3795 non
3263 3751 3383 3795 erat
3421 3746 3648 3795 malm
3664 3742 3715 3792 ⁸⁷.

2131 3842 2265 3896 illud
2298 3851 2479 3895 autent
2515 3838 2687 3909 magis
2719 3837 3006 3891 intendere
3041 3836 3095 3890 in
3132 3836 3237 3899 his,
3267 3851 3396 3904 qua:
3419 3836 3569 3890 dicta
3592 3845 3719 3896 sunt,

2131 3939 2368 4002 oportet,
2429 3930 2559 4000 quia
2591 3929 3032 3984 custodientibus
3059 3927 3154 3983 Dei
3187 3928 3478 3990 mandata,
3518 3928 3720 3998 triginta

2131 4021 2545 4078 benedictiones
2587 4020 2641 4073 in
2685 4019 2943 4090 praesenti
2971 4019 3054 4074 lex
3089 4018 3295 4088 posuit.
3332 4018 3429 4073 Sic
3461 4019 3613 4072 enim
3643 4032 3719 4070 eas

2133 4127 2368 4166 numero
2404 4110 2675 4175 invenies,
2711 4124 3158 4179 unamquamque
3189 4108 3641 4164 benedictione
3666 4109 3722 4160 ab

2133 4203 2241 4257 alia
2286 4217 2385 4272 per
2428 4200 2898 4270 conjunctionem,
2930 4201 2986 4254 in
3037 4199 3340 4255 secundum
3377 4199 3720 4270 Septuaginta

2133 4294 2377 4351 editione
2423 4293 2767 4358 discernens,
2824 4293 2952 4361 quia
3001 4301 3080 4347 tot
3131 4308 3411 4346 annorum
3465 4292 3719 4346 exsistam

2136 4386 2419 4449 Dominus,
2451 4385 2519 4439 de
2553 4400 2662 4453 quo
2693 4385 2770 4438 ait
2797 4385 3020 4448 Paulus,
3051 4382 3117 4436 Ut
3164 4400 3518 4438 occurramus
3564 4399 3720 4437 omnes

460 4471 601 4526 dabo
648 4472 802 4526 vobis
849 4474 1086 4544 pluviam
1141 4476 1194 4529 in
1235 4478 1571 4546 temporibus
1604 4478 1716 4532 suis
1751 4487 1846 4533 :ct
1889 4488 2034 4533 terra
2069 4516 2114 4575 υ
2137 4483 2193 4533 in
2236 4480 2406 4533 virum
2452 4479 2741 4547 perfectum
2760 4478 2825 4541 ⁵⁸,
2857 4478 2910 4531 in
2941 4491 3258 4530 mensuram
3284 4477 3464 4530 mtatis
3500 4477 3724 4545 plenitu~

462 4563 644 4634 gignet
665 4565 902 4621 fructum
926 4581 1107 4632 suum,
1132 4577 1188 4622 et
1214 4569 1388 4638 pomis
1413 4569 1638 4624 arbores
1660 4570 2035 4639 replebuntur,

461 4661 516 4708 et
545 4653 923 4723 apprchendet
945 4658 1198 4712 messium
1239 4659 1431 4712 tritura
1459 4658 1802 4724 vindemiam,
1833 4671 1888 4715 et
1921 4663 2040 4715 vin-

463 4746 641 4801 demia
695 4748 976 4816 occupabit
1025 4757 1370 4803 sementem:
1415 4757 1470 4804 et
1495 4752 1795 4806 comedetis
1848 4767 2042 4822 panem

463 4849 707 4894 vestrum
739 4838 792 4892 in
820 4840 1181 4905 saturitatem,
1216 4849 1272 4895 et
1304 4841 1506 4911 absque
1538 4857 1738 4911 pavore
1771 4844 2042 4898 habitabi-

467 4931 536 4986 tis
561 4931 616 4986 in
649 4939 793 4985 terra
825 4941 1022 4986 vestra.
1072 4931 1221 4986 Dabo
1249 4946 1438 5000 pacem
1478 4932 1532 4985 in
1568 4931 1766 4987 finibus
1791 4935 1993 4989 vestris
2027 4953 2039 4988 :

465 5023 770 5090 dormietis,
793 5033 847 5078 et
873 5039 980 5078 non
1012 5023 1116 5075 erit
1146 5023 1236 5092 qui
1265 5033 1562 5078 exterreat.
1582 5025 1834 5081 Auferam
1872 5025 2041 5080 malas

469 5115 703 5179 bestias,
732 5125 787 5168 et
821 5113 1032 5184 gladius
1073 5129 1184 5167 non
1218 5113 1468 5168 transibit
1503 5117 1763 5172 terminos
1806 5126 2038 5171 vestros.

471 5205 866 5275 Persequimini
912 5204 1162 5259 inimicos
1191 5213 1418 5267 vestros,
1449 5212 1504 5259 et
1553 5213 1810 5259 corruent
1861 5221 2041 5260 coram

469 5299 645 5353 vobis.
669 5297 1070 5366 Persequentur
1095 5295 1334 5365 quinque
1361 5295 1427 5349 de
1449 5296 1647 5350 vestris
1671 5306 1890 5350 centum
1913 5298 2046 5350 alie-

473 5406 596 5457 nos,
629 5397 685 5445 et
717 5396 936 5445 centum
966 5403 1030 5442 ex
1066 5387 1220 5442 vobis
1248 5387 1438 5442 decem
1486 5386 1673 5440 millia.
1709 5387 1914 5442 Cadent
1939 5388 2045 5442 ini-

475 5484 603 5539 mici
634 5482 808 5540 vestri
849 5482 904 5536 in
947 5493 1240 5552 conspectu
1286 5491 1466 5536 vestro
1499 5480 1695 5552 gladio.
1734 5480 2044 5550 Despiciam

546 5682 594 5716 '°
620 5681 722 5736 lsa.
758 5697 864 5746 Lvt,
890 5681 944 5735 2.
1049 5681 1092 5711 ⁸¹
1124 5682 1224 5733 lsa.
1260 5697 1296 5735 t.
1334 5680 1416 5734 l5.
1517 5682 1562 5714 ⁸³
1588 5682 1718 5734 ibin.
1753 5680 1835 5734 iii.

473 5751 515 5782 ”
555 5752 668 5808 ibid
727 5751 814 5806 55.
893 5752 934 5784 ⁵¹
971 5748 1131 5806 Hebr.
1169 5767 1241 5821 ιι,
1275 5753 1360 5804 57.
1437 5750 1482 5783 ⁸⁸
1511 5751 1706 5820 liphcs.
1743 5769 1812 5813 ιν,
1849 5752 1928 5808 l3.

1949 5683 2039 5738 "l
2073 5683 2194 5742 Cor.
2234 5698 2311 5752 ut,
2356 5684 2438 5737 l7.

2145 4571 2288 4624 dinis
2313 4569 2515 4624 Christi
2552 4588 2562 4622 :
2607 4570 2760 4625 venit
2811 4568 2877 4622 ad
2923 4568 3256 4638 baptismum
3292 4577 3616 4636 :quatenus
3638 4567 3724 4620 do-

2146 4661 2385 4715 nationis
2415 4659 2833 4729 perfectionem,
2863 4674 2962 4728 per
2981 4667 3219 4721 aetatem,
3251 4673 3421 4727 quam
3449 4674 3622 4729 agens
3643 4659 3724 4711 ba-

2147 4752 2382 4822 ptizatus
2410 4759 2522 4813 est,
2554 4751 2832 4812 nuntiaret
2861 4757 2917 4804 et
2949 4749 3265 4804 ostenderet
3299 4768 3313 4803 :
3350 4759 3411 4803 et
3443 4750 3526 4803 sic
3560 4748 3726 4820 perfe-

2147 4855 2270 4899 ctus
2313 4843 2612 4899 secundum
2663 4851 2880 4911 tempus
2925 4841 3124 4906 factus,
3160 4840 3462 4910 praedicare
3486 4841 3727 4908 Evange-

2148 4937 2279 4989 lium
2308 4936 2476 5004 coepit
2513 4954 2526 4989 :
2560 4935 2614 4988 in
2641 4949 2751 5002 quo
2780 4933 3039 4987 omnibus
3077 4941 3163 4986 est
3187 4931 3310 4986 vitae
3337 4941 3397 4984 et
3423 4930 3732 4985 donationis

2148 5027 2450 5099 plenitudo,
2485 5037 2540 5083 et
2573 5025 3029 5090 conversationis,
3063 5023 3574 5090 retributionisque.
3609 5025 3730 5088 Qu:

2149 5121 2237 5174 hic
2268 5120 2630 5190 signiﬁcavit;
2669 5119 2742 5173 ait
2769 5119 2956 5173 enim:

2221 5210 2292 5264 Et
2339 5212 2474 5266 dabo
2517 5213 2659 5267 vobis
2705 5212 2942 5282 pluviam
2977 5213 3030 5264 in
3066 5215 3388 5282 temporibus
3419 5211 3560 5265 suis.
3606 5209 3727 5263 DieEt

2149 5310 2332 5356 autem
2363 5301 2590 5356 verbum
2626 5302 2719 5356 Dei
2747 5342 2762 5367 ,
2797 5310 2986 5371 utpote
3028 5301 3460 5356 descendentem
3494 5301 3572 5354 de
3609 5300 3726 5354 orla

2149 5393 2353 5464 gratiae,
2386 5393 2454 5448 de
2497 5405 2606 5463 quo
2635 5392 2842 5464 Moyses
2872 5393 2950 5448 sic
2976 5393 3113 5447 dixit
3143 5410 3157 5447 :
3193 5392 3662 5454 Attende,e¢elum.
3687 5396 3726 5439 cl

2153 5483 2358 5553 loquar,
2387 5491 2436 5537 et
2468 5484 2654 5538 audiat
2687 5491 2829 5537 terra
2854 5484 3010 5537 verba
3044 5499 3108 5536 01'-
3135 5497 3224 5537 ore
3253 5498 3388 5548 meo,
3414 5492 3724 5549 exspectetur

2546 5684 2591 5716 ’ἰ
2620 5685 2639 5739 l
2668 5685 2793 5740 Cor.
2838 5698 2912 5752 xi,
2949 5683 3039 5739 28.
3135 5684 3180 5714 "'
3208 5681 3352 5735 Psal.
3384 5695 3582 5746 cxvttt,
3645 5678 3723 5733 Ξῖ.
