3810 6318
450 300 585 370 1143
952 324 959 329 λ
1642 319 2006 380 ussvcuu

2162 319 2519 383 ESBYTERI
3630 314 3753 379 Ilii

447 415 632 469 mundi
662 426 885 497 rectores
906 421 1240 477 tenebrarum
1255 423 1467 486 harum,
1492 425 1738 482 adversm
1757 428 2025 498 spiritalia
2053 430 2103 486 Δ
2202 429 2315 502 Ego
2343 429 2598 485 Dominus
2640 429 2782 484 Deus
2832 436 3022 493 uester,
3054 426 3145 498 qui
3174 424 3339 481 eduxi
3376 440 3482 480 vos
3505 424 3586 479 de
3614 435 3753 479 terra

447 508 697 578 nequitia:
725 509 781 561 in
810 509 1099 566 crelestibus
1128 513 1195 579 ",
1224 513 1496 570 subinfert
1526 557 1540 570 .
1565 515 1854 585 Propterea
1882 518 2027 572 acci-
2129 522 2371 594 Egypti,
2408 539 2472 577 ne
2505 523 2770 577 serviretis
2812 523 2908 575 eis.
2952 519 3110 586 Quod
3156 519 3203 573 si
3233 518 3322 573 vis
3370 531 3745 589 cognoscere,

449 600 557 676 pile
622 609 957 659 armaturam
1010 604 1107 658 Dei
1139 604 1218 672 ⁶⁹;
1263 621 1425 676 quam
1491 607 1804 679 singulatim
1864 609 2028 664 dinu-
2132 612 2249 667 haec
2282 613 2451 668 Exodi
2498 613 2661 668 verba
2702 627 2800 683 per
2848 610 3125 682 Evangelii
3184 609 3454 664 ordinem
3506 607 3744 663 discute.

449 702 694 752 merans,
737 689 814 745 ait
841 708 856 746 :
885 691 952 746 Et
979 691 1221 764 gladium
1253 695 1495 766 spiritus,
1542 698 1681 769 quod
1710 708 1787 752 est
1816 696 2029 753 verbum

449 777 548 833 Dei
576 780 622 811 "°

516 866 817 938 Respiciam
837 887 943 926 vos.
967 872 1107 940 Quid
1131 886 1219 934 est
1240 878 1387 935 enim
1415 881 1633 949 melius,
1649 897 1811 953 quam
1832 882 2028 955 respici

451 974 482 1013 a
510 959 624 1016 Deo
645 1003 662 1029 ,
693 962 853 1033 cuius
896 974 1178 1036 respectus
1213 971 1360 1027 salus
1381 982 1503 1040 est,
1544 977 1816 1033 aversatio
1846 987 2028 1033 autem

449 1067 599 1108 mors
629 1055 753 1109 est?
797 1055 866 1109 Et
898 1073 1127 1114 crescere
1151 1064 1378 1133 faciam,
1425 1074 1477 1120 et
1524 1067 2027 1138 multiplicabimini.

449 1142 628 1215 Auget
653 1160 755 1201 nos
783 1147 1027 1217 quidem,
1064 1166 1190 1207 cum
1223 1169 1389 1224 parva
1442 1156 1605 1224 bona,
1630 1173 1752 1227 quae
1798 1160 2028 1231 agimus,

451 1235 688 1290 maxima
731 1235 864 1294 facit
914 1255 1199 1311 apparere.
1258 1243 1580 1317 Multiplicat
1625 1258 1811 1306 autem
1863 1266 2033 1322 pauca

451 1341 702 1383 crescere
762 1328 969 1388 faciens
998 1333 1056 1388 in
1098 1336 1302 1392 multis.
1333 1341 1530 1395 Annon
1572 1356 1778 1414 augens
1821 1352 2036 1400 nostras

453 1414 686 1471 virtutes
736 1427 792 1473 et
824 1422 1181 1491 magniﬁcans
1245 1426 1461 1483 dicebat
1489 1448 1502 1485 :
1534 1429 1783 1495 Quandiu
1843 1434 2047 1504 fecistis

452 1505 549 1558 uni
600 1506 665 1560 de
719 1508 953 1564 minimis
978 1512 1089 1578 Itis,
1128 1516 1258 1569 milii
1288 1519 1481 1588 fecistis
1505 1521 1592 1575 7'?
1641 1520 1709 1576 Et
1774 1524 2033 1595 multipli-

454 1610 585 1651 cans
626 1613 836 1666 rursus,
872 1600 1099 1659 Paulum
1149 1608 1387 1665 scribere
1417 1611 1685 1669 faciebat:
1722 1613 1847 1670 Non
1896 1620 2037 1674 enim

454 1688 697 1755 occides;
728 1707 830 1745 non
888 1695 1220 1753 adulterabis
1253 1716 1273 1764 ;
1310 1718 1413 1755 non
1469 1708 1842 1775 concupisces;
1891 1720 1940 1765 et
1989 1712 2036 1765 si

455 1782 595 1848 quod
615 1791 690 1836 est
716 1783 868 1839 aliud
893 1790 1206 1846 mandatum
1226 1793 1294 1858 ⁷³,
1328 1794 1435 1851 hoc
1460 1797 1626 1852 verbo
1666 1809 2033 1858 restauratur:

456 1871 659 1945 Diliges
682 1880 978 1944 proximum
1005 1891 1154 1938 tuum
1183 1888 1319 1941 sicut
1340 1889 1567 1958 teipsum
1588 1892 1653 1959 ⁷³,
1683 1894 1850 1950 multa
1878 1912 2036 1952 man-

457 1960 584 2017 data
612 1965 854 2023 efﬁciens
880 1970 986 2027 hoc
1009 1987 1178 2027 unum
1195 1976 1532 2046 mandatum,
1552 1989 1611 2036 ut
1626 1997 1726 2037 nos
1740 1998 2039 2055 assequen-

460 2057 543 2105 tes
565 2051 721 2120 illud,
748 2055 946 2113 divites
975 2060 1295 2119 efﬁciamur.
1344 2065 1520 2124 Nimis
1561 2085 1691 2142 ergo
1731 2051 2036 2149 opportuna

456 2152 605 2207 sunt.
629 2161 752 2216 qua:
780 2160 1103 2221 sequuntur.

532 2234 788 2295 Firmabo
810 2252 1024 2310 pactum
1052 2263 1225 2304 meum
1248 2251 1528 2309 vobiscum.
1561 2255 1638 2311 Ea
1665 2257 1881 2328 quidem
1908 2272 2038 2318 sunt

456 2329 737 2424 praedicta,
765 2348 866 2403 per
887 2337 1274 2398 retributiones
1293 2353 1476 2399 autem
1507 2346 1636 2403 illud
1667 2349 1864 2419 ﬁrmat,
1889 2356 2034 2424 quod

456 2423 831 2495 manifestam,
867 2443 988 2498 quae
1014 2442 1352 2502 sequuntur:
1375 2435 1668 2495 Comedetis
1689 2447 2037 2503 vetustissima

457 2523 709 2570 ueterum.
743 2516 868 2574 Sive
893 2531 952 2576 ut
981 2521 1358 2597 Septuaginta,
1387 2540 1560 2585 vetera
1588 2542 1839 2602 veterum,
1854 2537 1906 2592 id
1929 2548 2032 2607 est,

457 2619 581 2674 quae
608 2609 765 2664 vobis
795 2625 894 2680 per
926 2613 1099 2685 legem
1149 2626 1208 2672 et
1247 2621 1546 2690 prophetas
1593 2626 1857 2693 promissa
1886 2639 2034 2697 sunt,

457 2705 666 2769 etquae
702 2717 801 2771 per
826 2706 1166 2773 patriarchas
1223 2711 1278 2765 in
1330 2727 1521 2769 eorum
1564 2716 2037 2778 benedictionibus

457 2789 729 2857 promisit.
762 2790 1032 2856 Etuetera
1057 2799 1202 2851 novis
1218 2804 1699 2869 superuenientibus
1721 2809 2032 2878 projicietis.

457 2879 591 2948 Quae
607 2895 734 2938 sunt
763 2888 945 2942 nova?
984 2889 1276 2961 Evangelia
1307 2895 1584 2964 videlicet;
1616 2914 1737 2954 nam
1770 2916 1896 2957 cum
1921 2919 2037 2958 ma-

458 2976 604 3029 xima
644 2985 773 3032 sunt
799 2993 884 3045 ea,
925 2996 1047 3050 quae
1089 2991 1220 3038 sunt
1240 2999 1340 3054 per
1370 2989 1729 3056 patriarchas,
1766 2992 1942 3064 legem
1981 3006 2038 3051 et

2137 702 2280 757 Dixit
2325 719 2455 774 ergo
2508 702 2772 758 Dominus
2814 702 2881 755 ad
2925 700 3143 772 Moysen
3180 716 3194 753 :
3226 699 3347 753 Vidi
3396 698 3743 768 afﬂictione-

2135 795 2317 864 populi
2345 795 2448 848 mei
2495 795 2552 847 in
2576 792 2808 864 Egypto
2835 835 2849 860 ,
2902 794 3186 845 clamorem
3217 790 3338 860 ejus
3365 790 3593 854 audiui,
3625 807 3741 858 prs-

2136 897 2253 953 pter
2275 884 2533 939 duritiam
2562 900 2763 947 eorum,
2790 885 2880 954 qui
2909 891 3141 952 prtesunt
3175 880 3432 949 operibus
3458 897 3480 934 :
3499 893 3555 936 et
3578 884 3740 935 scias

2136 975 2370 1030 dolorem
2395 976 2531 1046 ejus,
2562 976 2802 1029 descendi
2827 974 3052 1028 liberare
3085 990 3171 1027 eos
3203 975 3270 1027 de
3292 973 3557 1026 manibus
3578 972 3739 1043 £9,-

2136 1069 2391 1139 pliorum,
2432 1077 2482 1122 et
2507 1068 2727 1121 educere
2755 1067 2821 1120 de
2847 1075 2989 1121 terra
3017 1066 3113 1120 illa
3143 1067 3199 1119 in
3220 1075 3434 1119 terram
3463 1066 3665 1120 bona.
3692 1077 3736 1121 et

2134 1161 2448 1228 speciosam,
2477 1175 2594 1230 quc:
2623 1159 2743 1228 ﬂuit
2769 1158 2909 1212 lacte
2940 1167 2989 1211 et
3020 1157 3173 1211 melle
3194 1157 3260 1209 ⁷⁸.
3295 1155 3367 1211 Et
3396 1156 3535 1226 quis
3551 1157 3623 1211 sit
3652 1174 3729 1227 qu

2136 1252 2439 1308 introducit
2464 1251 2521 1305 in
2559 1249 2942 1321 promissionis
2973 1258 3173 1304 terram
3213 1248 3391 1319 "pse
3433 1248 3622 1313 Deus,
3654 1251 3729 1320 qi

2136 1346 2254 1401 haec
2284 1343 2452 1415 Moysi
2481 1342 2722 1399 ostendit
2750 1360 2764 1396 :
2796 1342 3045 1413 Ecce'ego
3076 1342 3226 1396 mitto
3251 1342 3535 1413 Angelum
3574 1360 3730 1396 mes:

2135 1439 2227 1510 qui
2258 1435 2524 1507 prwcedat
2555 1446 2605 1490 te
2638 1444 2686 1489 et
2708 1435 2969 1488 custodiat
3011 1443 3059 1487 te
3088 1434 3144 1486 in
3171 1435 3283 1496 via,
3323 1443 3375 1488 et
3439 1437 3731 1489 ἔκιε-οἰκεῖ

2136 1535 2207 1588 ad
2237 1532 2408 1586 locum
2435 1547 2589 1602 quem
2615 1527 2802 1599 paravi
2821 1528 2888 1580 "".
2917 1526 3184 1596 Angelum
3213 1526 3395 1581 ﬁlium
3434 1529 3731 1597 appellans,

2135 1627 2264 1699 quia
2303 1626 2639 1681 voluntatem
2667 1620 2826 1677 nobis
2861 1620 3036 1676 Patris
3073 1620 3478 1685 annuntiavit,
3534 1623 3610 1675 de
3643 1636 3731 1689 quo

2141 1720 2218 1774 ait
2243 1717 2412 1774 Isaias
2443 1736 2457 1771 :
2492 1716 2635 1771 Puer
2670 1723 2826 1769 natus
2850 1722 2924 1768 est
2959 1713 3135 1778 nobis,
3167 1713 3318 1782 filius
3344 1715 3526 1767 datus
3551 1723 3632 1766 est
3658 1731 3734 1765 us-

2144 1813 2241 1876 bis,
2283 1809 2438 1879 cujus
2465 1808 2793 1877 principatus
2834 1822 2992 1874 super
3015 1808 3259 1858 humeros
3290 1804 3445 1873 ejus,
3477 1815 3532 1858 et
3573 1804 3734 1873 appri-

2144 1906 2342 1960 labitur
2373 1918 2561 1957 nomen
2592 1900 2706 1970 ejus
2738 1898 2918 1969 magni
2959 1896 3164 1951 consilii
3194 1894 3476 1965 Angelus,
3509 1897 3729 1949 admire-

2142 1999 2279 2063 bilis,
2332 1993 2692 2051 consiliarius.
2754 1989 2892 2043 Deus
2949 1988 3099 2059 fortis
3128 1987 3195 2040 ⁷⁸.
3246 1986 3562 2052 Quomodo
3582 1987 3727 2047 enin,

2143 2106 2268 2148 cum
2302 2084 2621 2160 promiserit
2669 2082 2832 2148 Deus,
2870 2095 2969 2150 per
3008 2093 3072 2133 ea
3115 2093 3240 2147 qua:
3286 2077 3573 2146 superius
3612 2078 3731 2132 dict:

2142 2190 2290 2250 sunt,
2327 2176 2678 2235 introducere
2704 2173 2963 2243 populum
2990 2170 3045 2224 in
3072 2179 3302 2232 terram,
3346 2169 3609 2240 Angelus
3650 2169 3731 2222 bat

2145 2276 2346 2339 facere,
2372 2278 2431 2326 et
2449 2284 2561 2323 non
2597 2268 2714 2337 ipse
2740 2264 2832 2334 qui
2860 2261 3134 2332 promisit,
3173 2261 3444 2331 poterat?
3474 2260 3618 2326 Quis
3651 2275 3731 2313 sn-

2144 2378 2275 2434 tem,
2298 2373 2355 2421 et
2384 2362 2481 2434 qui
2502 2358 2813 2424 descendit,
2846 2356 2964 2426 ipse
2992 2353 3155 2409 nobis
3178 2353 3381 2408 dicens
3410 2353 3544 2407 haec
3569 2352 3635 2406 ad

2142 2461 2431 2518 codemum
2467 2451 2752 2509 ostendit:
2786 2447 2956 2503 Nemo
3003 2446 3242 2501 ascendit
3271 2445 3334 2498 in
3371 2445 3573 2500 celum
3598 2488 3615 2509 ,
3651 2445 3730 2497 uisi

2143 2554 2232 2626 qui
2263 2532 2526 2606 descendit
2565 2547 2630 2599 de
2656 2542 2804 2606 caelo,
2836 2540 3006 2596 Filius
3033 2538 3264 2593 hominis
3295 2538 3397 2608 qui
3438 2539 3503 2590 in
3530 2536 3729 2591 ccio".

2143 2642 2307 2713 Atqui
2353 2638 2588 2695 necdum
2625 2635 2683 2689 in
2740 2633 2939 2690 celum
2994 2646 3122 2687 cum
3161 2643 3339 2685 carne
3395 2629 3727 2690 ascenderat,

2143 2735 2378 2791 necdum
2409 2730 2556 2786 enim
2589 2734 2907 2796 assumptus
2935 2731 3074 2788 erat,
3106 2722 3203 2777 sed
3234 2721 3728 2777 descensionemet

2143 2823 2521 2881 ascensionem
2557 2817 2843 2889 pristinam
2872 2814 3026 2879 dicit,
3061 2814 3128 2868 de
3143 2828 3274 2883 qua,
3301 2812 3463 2867 sicut
3488 2813 3725 2871 diximus,

2146 2915 2312 2988 Moysi
2348 2914 2562 2968 locutus
2600 2919 2727 2965 est:
2763 2908 2876 2963 Vidi
2898 2906 3238 2977 aﬂiictionem
3278 2905 3479 2974 populi
3520 2905 3624 2958 mei
3645 2946 3659 2969 ,
3692 2912 3729 2955 et

2143 3008 2384 3065 descendi
2432 3005 2658 3058 liberare
2702 3016 2787 3055 eos
2827 3000 2890 3053 de
2922 2998 3163 3052 manibus
3189 2995 3610 3067 Acgyptiorum.
3651 2994 3730 3048 llic

458 3070 758 3142 prophetas
780 3072 1039 3139 pollicita,
1064 3081 1245 3131 tamen
1267 3092 1365 3146 per
1386 3082 1737 3150 Evangelium
1766 3087 2034 3154 promissa
2066 3117 2109 3175 ο
2143 3116 2271 3173 ergo
2302 3099 2462 3154 nobis
2488 3105 2544 3151 et
2574 3109 2658 3160 ea,
2698 3106 2820 3162 quae
2841 3096 3169 3160 sequuntur,
3200 3089 3385 3143 dedit.

460 3164 667 3234 majora
699 3173 848 3230 sunt,
882 3175 1108 3236 propter
1154 3170 1334 3239 quod,
1383 3171 1577 3227 borum
1607 3179 2035 3247 comparatione,

459 3255 553 3310 illa
582 3254 740 3309 nobis
765 3254 1039 3326 superflua
1053 3257 1390 3327 iudicantur.
1414 3261 1554 3318 Ecce
1570 3279 1698 3335 ergo
1718 3267 2038 3337 capitulum,
2062 3327 2073 3333 ,

458 3345 604 3416 quod
671 3354 838 3402 totam
883 3347 1325 3406 benedictionem
1351 3352 1677 3420 conﬁrmat,
1728 3355 1937 3425 infert,
1988 3360 2041 3416 id

461 3448 567 3506 est,
623 3455 744 3511 quae
781 3456 880 3511 per
937 3442 1305 3517 evangelicam
1351 3452 1470 3501 acta
1515 3454 1647 3502 sunt
1717 3458 1773 3506 et
1820 3450 2041 3523 impleta

462 3532 712 3603 gratiam.

530 3624 735 3680 Ponant
770 3628 1169 3685 tabernaculum
1204 3648 1377 3687 meum
1407 3634 1462 3687 in
1516 3635 1686 3689 medio
1731 3638 1909 3692 vestri.
1948 3637 2042 3693 Vel

459 3713 602 3770 sicut
644 3717 999 3788 Septuaginta
1044 3735 1058 3772 :
1099 3719 1433 3774 Constituam
1466 3729 1833 3779 testamentum
1869 3744 2043 3782 meum

461 3806 744 3861 uobiscum.
783 3806 939 3874 Quod
970 3818 1054 3863 est
1075 3810 1180 3866 hoc
1200 3852 1212 3873 .
1254 3812 1310 3865 in
1349 3827 1458 3882 quo
1479 3829 1617 3868 nova
1642 3817 1914 3884 promisit,
1950 3834 2046 3873 cu-

457 3898 549 3969 jus
577 3899 655 3954 sic
685 3901 951 3971 propheta
978 3899 1246 3959 Jeremias
1271 3905 1591 3960 memoriam
1626 3906 1795 3962 facit:
1822 3907 1891 3963 Et
1918 3926 2044 3962 con-

459 3993 681 4047 stituam
726 3994 866 4048 vobis
932 4003 1304 4050 testamentum
1346 4013 1567 4063 novum,
1618 4016 1722 4053 non
1759 4002 2046 4056 secundum

460 4093 862 4149 testamentum.
914 4088 1055 4157 quod
1096 4089 1331 4159 disposui
1367 4092 1606 4160 patribus
1628 4094 1810 4147 uestris
1840 4094 1904 4147 ⁷⁸.
1951 4092 2045 4151 llis

461 4176 609 4232 enim
675 4179 968 4249 conjuncta
1022 4189 1185 4244 sunt,
1241 4191 1298 4238 et
1351 4200 1474 4254 quas
1543 4195 1850 4255 sequuntur
1929 4203 2044 4242 ma-

462 4271 623 4328 xime.

531 4362 601 4417 Et
632 4380 732 4418 non
763 4364 1155 4419 abominabitur
1199 4366 1382 4420 anima
1439 4383 1557 4422 mea
1602 4385 1709 4424 vos.
1755 4369 2046 4427 Ambulabo

462 4455 601 4509 inter
627 4471 736 4522 vos,
781 4466 829 4510 et
869 4473 959 4510 ero
993 4466 1162 4512 uester
1194 4457 1360 4522 Deus,
1387 4475 1577 4529 uosque
1622 4462 1768 4515 eritis
1819 4464 2044 4533 populus

465 4563 632 4602 meus.
670 4546 874 4618 Aperte
897 4548 1064 4605 etiam
1095 4550 1213 4606 haec
1240 4567 1270 4605 a
1289 4552 1552 4622 pracdicto
1582 4554 1868 4624 propheta,
1900 4558 2045 4612 sicut

464 4641 823 4715 Septuaginta
845 4641 1015 4697 editio
1051 4642 1317 4708 corttinet,
1366 4643 1567 4714 scripta
1597 4655 1744 4701 sunt.
1777 4646 1875 4702 ilic
1899 4647 2044 4704 Deus

463 4746 666 4805 vester,
700 4751 812 4791 non
837 4736 1186 4806 reputabitur
1223 4736 1365 4792 alius
1409 4737 1479 4793 ad
1518 4753 1668 4793 eum.
1716 4740 1954 4796 Post/uec
1988 4744 2045 4796 in

2208 3194 2311 3260 Qui
2354 3187 2608 3260 confregit
2665 3192 2881 3237 catenas
2929 3181 3189 3235 cervicum
3234 3190 3573 3233 uestrarum.
3616 3176 3729 3231 Tal

2140 3283 2350 3358 peccati
2380 3293 2544 3351 quam
2575 3275 2711 3346 legis
2747 3273 2944 3328 litterae
2976 3290 2989 3326 :
3027 3271 3090 3327 Ut
3112 3271 3442 3324 incederetis
3473 3270 3657 3324 erecti.
3684 3265 3728 3320 Id

2141 3388 2247 3439 cst.
2276 3392 2401 3432 cum
2426 3368 2777 3434 conﬁdentia,
2805 3367 2933 3437 quia
2960 3367 3190 3422 virtutes
3213 3364 3386 3419 nobis
3417 3364 3547 3418 sine
3570 3363 3728 3431 aliqua

2142 3466 2487 3531 haesitatione
2525 3458 2739 3531 operari
2770 3456 2942 3512 dedit.

2219 3530 2379 3615 Vbiis.
2406 3530 2592 3610 H-l'l.
2626 3572 2644 3605 ι
2675 3550 2832 3618 Quod
2854 3550 2901 3604 si
2933 3562 3046 3602 non
3069 3545 3365 3602 audieritis
3397 3560 3516 3610 me,
3540 3542 3727 3599 uecte-

2143 3652 2330 3709 ccritis
2363 3646 2617 3704 mandata
2637 3659 2781 3710 mea,
2836 3641 2884 3696 si
2925 3638 3245 3711 spreveritis
3280 3637 3440 3707 leges
3482 3652 3656 3699 meas,
3683 3643 3726 3688 et

2140 3744 2347 3818 judicia
2377 3756 2496 3796 mea
2523 3734 2985 3806 contempseritis,
3035 3741 3097 3787 ut
3119 3747 3231 3787 non
3259 3730 3487 3785 faciatis
3513 3744 3602 3795 ea,
3626 3742 3725 3798 qu

2145 3853 2175 3891 a
2210 3850 2297 3890 me
2329 3831 2625 3888 constituta
2654 3835 2802 3899 sunt.
2834 3834 2892 3881 et
2918 3826 2985 3881 ad
3032 3824 3249 3879 irritum
3294 3823 3624 3893 perducatis
3646 3835 3727 3889 pa-

2146 3938 2295 3982 etum
2328 3937 2533 3989 meum,
2554 3935 2655 3992 ego
2677 3933 2896 3991 quoque
2923 3918 3041 3972 haec
3070 3915 3268 3970 faciam
3288 3914 3475 3969 vobis.
3500 3913 3728 3969 Visitsho

2146 4034 2243 4073 vos
2276 4016 2539 4072 velociter
2568 4014 2625 4069 in
2654 4019 2895 4084 egestate
2946 4016 3006 4064 et
3053 4007 3251 4063 ardore
3281 4049 3296 4073 ,
3355 4007 3457 4077 qui
3487 4004 3730 4061 conﬁciat

2146 4112 2335 4167 oculos
2360 4119 2590 4175 vestros,
2624 4115 2680 4162 et
2712 4111 3002 4161 consumat
3020 4102 3253 4156 animas.
3283 4099 3517 4154 Frustra
3553 4098 3728 4154 servetis

2148 4221 2335 4261 semen
2360 4245 2374 4267 ,
2413 4203 2559 4275 quod
2604 4202 2674 4257 ab
2717 4200 2965 4256 hostibus
2996 4195 3377 4252 devorabitur.
3416 4196 3630 4250 Ponam
3662 4194 3727 4247 i3-

2147 4299 2285 4353 ciem
2319 4311 2494 4351 meam
2521 4303 2713 4350 contra
2737 4307 2855 4357 vos,
2881 4298 2937 4345 et
2964 4289 3234 4345 eorruetis
3260 4302 3454 4343 coram
3492 4287 3727 4341 hostibus

2150 4392 2371 4459 vestris,
2401 4397 2456 4443 et
2476 4384 2847 4457 subjiciemini
2868 4383 2935 4438 iis
2955 4382 3049 4453 qui
3076 4381 3317 4437 oderunt
3344 4395 3466 4434 vos.
3498 4376 3725 4450 Fugietis

2151 4484 2373 4539 nemine
2397 4485 2782 4551 persequente.
2813 4492 2832 4526 ι

2221 4575 2354 4642 Quae
2380 4573 2523 4627 bona
2551 4586 2667 4635 eos,
2687 4568 2781 4639 qui
2805 4566 3073 4622 obecliunt
3098 4564 3190 4620 Dei
3222 4563 3527 4625 mandatis,
3547 4574 3725 4629 exspe

2151 4678 2324 4733 ctant,
2364 4663 2702 4720 sufﬁcienter
2740 4661 2828 4714 lex
2875 4657 3129 4728 superius
3175 4655 3330 4710 dixit.
3375 4654 3515 4721 Qua
3558 4663 3722 4706 autem

2151 4757 2375 4815 evenire
2427 4750 2953 4825 transgredientibus
3005 4746 3338 4803 comminata
3375 4755 3484 4810 est,
3522 4759 3588 4798 ea
3619 4756 3723 4812 qu:

463 4831 618 4886 terris
647 4832 788 4886 uisus
816 4838 911 4897 est,
944 4838 994 4885 et
1022 4847 1142 4885 cum
1170 4831 1464 4886 hominibus
1499 4844 1834 4888 conversatus
1866 4846 1940 4889 est
1957 4836 2043 4890 7‘:
2077 4873 2121 4927 ο
2150 4865 2301 4905 nunc
2332 4846 2654 4904 sanciuntur
2679 4884 2693 4909 ,
2753 4841 3069 4896 ostendunt.
3118 4837 3363 4904 Quorum
3412 4836 3641 4927 quando
3669 4834 3723 4885 ad

462 4923 607 4994 quod
636 4939 747 4980 non
778 4923 998 4996 egisset,
1028 4923 1073 4978 si
1108 4938 1209 4978 nos
1232 4932 1598 4979 aversaretur.
1638 4925 1757 4980 Non
1784 4941 1913 4996 ergo
1937 4943 2038 4983 nos

458 5015 803 5071 abominatus
829 5022 932 5081 est,
967 5015 1063 5070 sed
1085 5025 1139 5068 et
1168 5014 1505 5070 inambulare
1530 5016 1584 5070 in
1611 5018 1772 5074 nobis
1795 5033 1893 5088 per
1920 5035 2042 5075 car-

462 5125 587 5165 nem
614 5107 805 5174 voluit,
839 5116 895 5163 et
935 5105 1052 5161 ﬁeri
1092 5115 1280 5160 noster
1307 5106 1468 5173 Deus,
1514 5124 1636 5164 cum
1677 5122 1821 5167 esset
1860 5115 2035 5183 prius,

461 5202 558 5256 scd
593 5201 813 5271 ignotus
839 5216 852 5252 :
881 5198 1008 5267 quia
1041 5212 1143 5251 nos
1170 5197 1343 5251 errori
1385 5198 1665 5270 conjuncti
1691 5217 1930 5258 eramus.
1960 5204 2039 5261 Ex

462 5311 571 5365 quo
600 5309 783 5349 autem
817 5308 919 5348 nos
942 5293 1163 5363 proprio
1188 5294 1321 5348 emit
1347 5296 1612 5365 sanguine
1632 5339 1646 5363 ,
1679 5298 1820 5354 Deus
1852 5310 2040 5357 noster

461 5386 639 5443 factus
666 5399 768 5453 est,
802 5395 857 5443 et
878 5403 980 5442 nos
1002 5387 1215 5457 plebem
1244 5403 1397 5443 suam
1428 5388 1580 5444 fecit.
1608 5391 1674 5445 Et
1694 5393 1817 5462 quis
1836 5402 1920 5449 est
1947 5396 2040 5466 qui

465 5479 580 5536 hzec
609 5479 740 5538 fecit
768 5483 793 5537 ἲ

2146 4941 2385 4994 litteram
2422 4935 2632 5006 singula
2683 4933 3049 4998 discutimus,
3104 4929 3420 4984 invenimus
3471 4925 3723 4995 populna

2145 5031 2484 5096 iud-acorum,
2515 5028 2710 5084 borum
2737 5039 2958 5097 passum
2988 5021 3237 5093 quaedam
3265 5019 3567 5075 secundum
3594 5017 3724 5071 litte-

2147 5139 2284 5188 ram,
2318 5121 2503 5177 omnia
2533 5127 2716 5173 autem
2748 5114 3050 5171 secundum
3095 5113 3369 5184 spiritum.

2218 5212 2368 5278 Quod
2410 5212 2456 5266 si
2489 5226 2591 5265 non
2636 5207 2912 5262 audieritis
2942 5221 3043 5271 me,
3086 5220 3180 5258 nec
3207 5201 3435 5273 feceritis
3477 5200 3717 5253 mandata

2149 5322 2295 5367 mea,
2348 5305 2393 5358 si
2438 5301 2738 5373 spreveritis
2780 5300 2913 5370 leges
2941 5314 3105 5364 meas,
3139 5306 3190 5351 et
3212 5294 3421 5365 judicia
3458 5309 3581 5345 mea
3608 5308 3713 5345 m-

2150 5396 2483 5466 tempseritis,
2520 5401 2576 5446 ut
2608 5407 2713 5446 non
2755 5391 2967 5464 faciatis
3015 5406 3099 5452 ea,
3134 5403 3250 5457 qua:
3272 5403 3306 5439 α
3330 5401 3413 5439 me
3442 5386 3713 5437 constituta

2152 5497 2291 5554 sunt,
2326 5495 2374 5541 et
2403 5489 2473 5540 ad
2505 5487 2723 5539 irritum
2745 5482 3044 5554 perducatis
3071 5489 3282 5551 pactum
3316 5493 3514 5531 meum.

533 5685 1050 5758 “Ephcs.vr,12.
1122 5689 1455 5745 “ibid”.
1532 5672 1760 5747 '"ihid.
1805 5692 1892 5745 υ.
1964 5694 2005 5726 τι

2162 5694 2234 5747 ιιι.
2278 5709 2402 5758 xxv,
2439 5693 2530 5746 ἆυ.
2600 5692 2647 5725 ἠ
2679 5690 2841 5746 liora.
2873 5705 2997 5755 mu,
3035 5688 3068 5744 9
3165 5688 3214 5724 τ’
3242 5684 3374 5755 ibid.
3456 5682 3711 5758 “legem.

462 5769 610 5823 xm,
640 5757 731 5813 52.
808 5759 852 5791 "
881 5757 1116 5814 Baruch.
1148 5774 1231 5828 Ill,
1257 5760 1385 5839 58._
1418 5761 1463 5794 ⁷⁸
1492 5759 1662 5820 Exod.
1707 5778 1789 5831 nt,
1816 5763 1869 5832 7,
1906 5762 1959 5822 8.

2074 5765 2121 5797 ττ
2149 5763 2322 5822 Exod,
2366 5755 2520 5833 έιιυ,
2563 5762 2652 5821 20.
2712 5762 2773 5843 ξ’
2802 5761 2887 5819 lsa
2946 5775 3025 5828 IX,
3053 5758 3127 5829 6‘
3162 5759 3206 5791 τ’
3239 5758 3398 5815 ιω...
3435 5772 3522 5822 m,
3551 5755 3639 5811 εδ.
