3810 6318
27 332 200 403 1145

111 456 245 524 Qui
287 472 397 512 non
435 453 665 511 audiunt
694 448 1009 509 mandatum
1040 450 1157 519 Dei,
1212 462 1269 507 et
1327 454 1419 523 qui
1454 453 1660 522 judicia
1691 461 1735 513 Α

27 548 482 606 contemnunt?
513 546 615 602 nisi
653 546 746 617 qui
796 545 1117 600 traditiones
1148 545 1429 600 seniorum
1479 545 1661 599 inten—

26 640 275 694 dentes
299 679 313 702 ,
336 647 390 693 et
423 637 751 708 legislatoris
782 636 1141 691 intentionem
1175 636 1658 706 transgredientes,

31 732 115 786 ad
156 732 291 786 hoc
341 729 487 800 quod
532 729 612 784 eis
655 728 942 783 videbatur
966 727 1136 798 legem
1165 727 1531 797 exponebant,
1568 726 1661 796 qui

26 821 356 887 dicebant,
395 821 538 873 sicut
563 818 947 872 aitDominus:
968 815 1274 887 Quicunque
1303 816 1496 869 dixerit
1520 815 1663 884 patri

31 922 143 966 aut
176 910 368 966 matri
390 925 409 964 :
445 909 654 962 Donum
703 909 1047 978 quodcunque
1073 923 1137 961 ea:
1167 923 1249 960 me
1279 906 1375 960 tibi
1406 905 1661 975 proderit,

30 1013 90 1060 et
122 1020 249 1058 non
276 1001 650 1071 honeriﬁcabit
670 1010 874 1070 patrem
916 1015 1069 1053 suum
1095 1008 1142 1052 et
1166 1007 1386 1052 matrem
1411 1014 1563 1051 suam
1581 998 1662 1049 l"z

29 1096 94 1152 id
151 1104 256 1151 est
287 1137 306 1162 ,
364 1096 679 1165 quicunque
717 1092 915 1147 dixerit
966 1091 1290 1160 parentibus
1327 1108 1341 1145 :
1371 1089 1508 1143 Vota
1539 1096 1667 1145 sunt

36 1188 168 1242 Deo
215 1202 292 1242 ea
319 1201 445 1256 qua:
472 1185 668 1251 habeo,
696 1183 799 1253 ipsi
833 1181 980 1237 enim
1014 1195 1077 1236 ea
1122 1196 1320 1234 munus
1351 1188 1406 1234 et
1434 1178 1666 1234 oblatio-

31 1292 186 1333 nem
222 1276 451 1344 obtuli,
497 1290 612 1339 eos,
658 1275 752 1345 qui
794 1280 1218 1345 generaverunt,
1252 1272 1522 1325 honorare
1554 1283 1664 1323 non

38 1370 315 1441 cogitur.
343 1368 447 1435 Qui
489 1375 620 1423 sunt
664 1367 757 1437 qui
785 1380 893 1420 non
921 1365 1041 1435 ejus
1068 1363 1250 1418 omnia
1278 1362 1488 1417 faciunt
1513 1376 1667 1415 man-

36 1463 185 1519 data
204 1462 233 1516 ?
266 1460 384 1516 nisi
410 1462 500 1532 qui
536 1474 750 1513 anetum
778 1467 825 1513 et
850 1458 1116 1529 cyminum
1139 1457 1421 1519 decimant,
1452 1463 1500 1507 et
1521 1469 1668 1506 men-

39 1553 237 1619 titam,
278 1551 591 1622 relinquunt
621 1558 799 1603 autem
821 1550 1086 1619 judicium
1107 1590 1120 1614 ,
1155 1557 1202 1600 et
1230 1545 1665 1608 misericordiam,

38 1656 97 1697 et
134 1644 324 1711 ﬁdem
345 1642 431 1707 ⁵¹;
487 1656 612 1695 cum
660 1639 799 1695 Deus
840 1639 920 1694 eis
976 1654 1075 1709 per
1108 1637 1427 1707 prephetam
1472 1637 1616 1691 dicat
1651 1651 1664 1687 :

39 1735 342 1789 Indicabo
375 1732 500 1798 tibi,
547 1748 577 1785 ο
604 1732 776 1797 homo,
828 1730 953 1802 quid
984 1729 1238 1802 Dominus
1266 1736 1471 1798 quaerat
1520 1743 1553 1779 a
1597 1735 1664 1789 te,

40 1827 255 1897 utique
286 1827 473 1897 facere
496 1824 759 1893 judicium
781 1864 796 1889 ,
830 1832 879 1876 et
908 1795 1591 1892 diligere/misericordiam,
1621 1825 1670 1870 et
1704 1795 1744 1850 Β

42 1917 376 1973 sollicitum
415 1914 693 1969 ambulare
727 1930 846 1968 cum
878 1912 985 1966 Deo
1027 1921 1116 1965 tuo
1144 1911 1212 1966 ⁸².
1267 1910 1498 1979 Propter
1526 1908 1671 1978 quod

47 2010 351 2064 Dominus
380 2007 447 2061 ad
472 2020 587 2072 eos,
622 2014 812 2075 utpote
853 2018 963 2058 non
991 2003 1174 2059 omnia
1211 2001 1502 2071 implentes
1540 1999 1674 2071 legis

49 2108 384 2173 praecepta,
426 2099 523 2154 sed
570 2114 693 2167 qua:
745 2099 867 2168 ejus
896 2107 1025 2153 sunt
1061 2095 1245 2167 gravia
1277 2095 1669 2164 relinquentes,

47 2200 112 2246 et
148 2205 289 2261 quas
320 2189 550 2242 minima
576 2196 818 2258 agentes,
845 2186 1092 2241 dicebat:
1125 2183 1250 2239 llaec
1281 2183 1565 2253 oportebat
1592 2183 1675 2237 fa-

50 2298 220 2344 cere,
255 2289 319 2334 et
353 2279 442 2333 illa
470 2292 583 2332 non
612 2277 886 2331 omittere.
935 2273 1041 2330 Sed
1071 2282 1128 2328 et
1174 2273 1429 2327 mandata
1461 2271 1555 2326 Dei
1598 2272 1673 2326 illi

50 2372 307 2446 preprie
353 2368 849 2440 transgrediuntur,
894 2374 946 2420 et
976 2365 1055 2420 eis
1093 2364 1327 2419 maxime
1357 2364 1675 2418 iuobedien-

56 2475 152 2521 tes
181 2462 495 2531 sunt,quia
515 2461 840 2515 exteriorem
874 2459 1068 2514 faciem
1101 2472 1312 2521 eorum,
1349 2472 1458 2509 non
1489 2465 1672 2510 autem

51 2556 457 2613 intentionem
477 2549 573 2605 Dei
601 2557 950 2604 conservant.
975 2546 1193 2601 Planius
1227 2561 1356 2616 ergo
1380 2546 1595 2614 Aquila,
1619 2553 1677 2599 et

54 2644 437 2703 Theodotion
461 2682 476 2706 ,
533 2653 589 2698 et
627 2640 985 2713 Symmachus
1013 2639 1250 2694 edidisse
1300 2637 1674 2695 inveniuntur.

55 2742 208 2796 Nam
242 2739 347 2792 illc
382 2736 599 2806 quidem
630 2735 708 2789 ait
731 2752 751 2787 τ
780 2732 838 2787 Si
865 2734 1147 2787 constituta
1173 2748 1288 2785 mea
1318 2729 1677 2797 reprobaveri-

61 2833 172 2896 tis;
226 2829 313 2885 illi
351 2836 535 2882 autem
570 2845 582 2878 :
617 2824 676 2879 Si
714 2823 1031 2880 subtilitates
1062 2840 1205 2877 meas
1231 2863 1247 2887 ,
1301 2822 1353 2876 id
1397 2828 1516 2885 est,
1564 2818 1677 2890 agri

61 2924 247 2991 viam,
294 2920 602 2975 renueritis.
637 2918 897 2989 Dogmata
928 2924 1112 2971 autem
1142 2914 1266 2981 Dei,
1321 2922 1375 2968 ct
1403 2912 1677 2968 subtilita-

65 3026 187 3071 tem
215 3055 231 3079 ,
266 3028 399 3082 qua:
435 3011 490 3064 in
522 3009 750 3079 spiritali
799 3008 1179 3061 mandatorum
1232 3003 1507 3059 intellectu
1538 3010 1675 3069 erat,

72 3102 599 3175 transgrediuntur,
634 3098 759 3170 quia
799 3097 951 3153 Novo
980 3095 1333 3152 Testamento
1361 3094 1676 3159 concordat,

66 3196 377 3253 infirmare
410 3189 777 3261 evangelicam
827 3186 1056 3260 gratiam
1106 3201 1204 3257 per
1257 3185 1363 3241 hoc
1407 3184 1675 3248 volentes,

67 3289 227 3361 quod
272 3300 379 3341 eos
404 3298 641 3355 arguens
679 3281 797 3337 ait:

144 3380 221 3433 Et
248 3378 326 3431 ad
354 3376 568 3429 irritum
594 3373 897 3442 perducatis
927 3380 1143 3440 pactum
1172 3386 1364 3423 meum.
1388 3368 1529 3435 Quid
1552 3358 1679 3439 ergo

72 3486 181 3542 pro
223 3470 341 3523 hoc
377 3457 617 3520 minatus
644 3464 769 3518 est?
810 3461 981 3515 Nimis
1004 3461 1151 3513 enim
1183 3458 1377 3513 similis
1408 3473 1566 3527 poena
1597 3466 1681 3537 est

69 3558 534 3634 pnnvaricatioui
562 3572 777 3611 eorum.
806 3553 918 3625 Ego
943 3569 1146 3623 quoque
1166 3553 1275 3606 lucc
1290 3552 1487 3623 faciam
1515 3550 1676 3603 vobis.

71 3649 429 3721 Quomodo?
461 3648 689 3703 Visitabo
726 3664 813 3701 vos
840 3647 1083 3700 velociter
1108 3647 1164 3699 in
1222 3652 1473 3715 egestate.
1509 3642 1682 3696 Nimis

70 3748 231 3803 enim
269 3752 506 3814 egentes
527 3756 622 3795 eos
652 3739 913 3793 Dominus
942 3753 1040 3808 per
1071 3737 1297 3791 verbum
1329 3751 1487 3791 suum
1530 3735 1676 3801 fecit,

73 3838 135 3891 in
169 3842 397 3890 tantum
426 3841 481 3885 ut
504 3830 569 3884 ad
595 3830 828 3883 invicem
860 3828 1155 3909 dicerent}
1193 3825 1373 3878 Durus
1404 3833 1477 3878 est
1512 3824 1682 3877 sermo

75 3930 187 3993 hic,
232 3926 360 3996 quis
393 3932 560 3993 potest
584 3939 702 3977 eum
731 3920 918 3974 audire
938 3920 1029 3973 ⁸⁸2
1062 3918 1218 3972 Sicut
1241 3932 1370 3988 ergo
1391 3922 1586 3987 sponte
1606 3914 1683 3970 le-

78 4023 165 4094 gis
189 4018 545 4073 intellectum
581 4013 1123 4083 transgrediebantur
1145 4053 1160 4078 ,
1216 4022 1276 4065 ut
1304 4008 1680 4080 evangelicum

81 4117 493 4168 testamentum
552 4107 607 4160 in
664 4107 879 4160 irritum
911 4104 1279 4169 deducerent,
1339 4102 1486 4172 quod
1534 4101 1685 4155 illinc

79 4201 336 4257 habebat
364 4198 676 4262 exordium,
707 4195 788 4251 sic
815 4196 898 4250 eis
925 4205 981 4250 et
1002 4195 1118 4265 ipse
1139 4194 1369 4248 obscura
1402 4192 1569 4249 verba
1597 4191 1680 4247 di-

81 4294 270 4356 cebat,
302 4300 361 4345 et
389 4288 663 4345 diliicilem
691 4303 916 4344 suorum
941 4287 1255 4358 dogmatum
1283 4284 1515 4340 faciebat
1534 4300 1684 4338 com-

83 4385 553 4457 prebeasionem.
597 4380 703 4436 Sed
738 4382 852 4450 jam
882 4395 1004 4450 quae
1030 4387 1333 4449 sequuntur
1354 4392 1611 4449 agnosce.

159 4476 231 4531 Et
267 4475 467 4529 ardore
501 4472 590 4542 qui
616 4470 856 4540 conﬁciat
887 4469 1061 4523 oculos
1084 4477 1294 4522 vestros.
1320 4467 1445 4522 Sive
1480 4481 1680 4521 secun-
1714 4466 1756 4522 D

14 4628 19 4631 ι
89 4569 223 4623 dum
257 4565 621 4637 Septuaginta
647 4581 660 4618 :
690 4562 955 4627 Scabiem,
992 4571 1039 4616 et
1066 4561 1299 4615 morbum
1329 4560 1526 4630 regium
1560 4576 1683 4611 con—

90 4668 360 4714 sumentes
390 4655 567 4711 oculos
584 4665 798 4719 vestros,
828 4652 1117 4723 obﬁrmabo
1148 4668 1306 4721 super
1326 4667 1431 4704 vos.
1459 4649 1682 4704 Scabies

93 4761 283 4806 autem
314 4749 546 4804 morbus
573 4755 657 4801 est
684 4747 955 4816 corporis,
989 4744 1083 4799 sed
1107 4743 1449 4809 manifestus,
1493 4741 1546 4795 in
1587 4757 1682 4796 su-

93 4841 325 4914 perficie
353 4839 542 4897 carnis
575 4847 629 4893 et
655 4837 806 4893 corio
830 4838 949 4908 ejus
983 4836 1299 4892 decurrens.
1338 4833 1558 4889 Morbus
1586 4849 1686 4888 au-

94 4944 206 4988 tem
233 4932 438 5005 regius,
462 4933 514 4987 id
538 4938 644 4996 est,
665 4929 897 5000 ἵκτερος,
922 4927 982 4982 lit
1007 4928 1227 4998 quidem
1251 4942 1318 4980 ex
1339 4926 1683 4981 accensione.

99 5023 427 5080 Manifestus
462 5033 645 5078 autem
688 5022 780 5077 hic
808 5029 915 5087 est,
949 5021 1006 5075 in
1064 5017 1356 5088 superﬁcie
1402 5018 1583 5072 carnis
1632 5024 1689 5071 et

102 5115 263 5184 pellis
297 5116 616 5180 decurrens,
676 5124 731 5169 et
785 5113 959 5168 multo
1004 5110 1177 5178 magis
1207 5107 1380 5187 oculis
1422 5107 1683 5162 insidens.

105 5205 307 5259 Latere
336 5213 518 5259 autem
553 5206 866 5260 morborum
896 5211 1090 5257 neuter
1117 5208 1319 5272 potest.
1347 5199 1505 5254 Tales
1534 5209 1691 5254 erant

104 5296 416 5351 animarum
466 5295 816 5351 Judaicarum
856 5294 1074 5361 morbi,
1124 5293 1397 5349 manifesti
1430 5302 1487 5347 et
1533 5292 1685 5357 mali,

108 5400 162 5444 et
192 5401 538 5455 nequaquam
579 5386 719 5441 ultra
749 5388 1000 5441 latentes.
1039 5385 1382 5440 Eumlantes
1403 5384 1549 5438 enim
1580 5384 1686 5438 Do-

108 5482 243 5536 mini
284 5482 451 5537 verha
489 5493 544 5540 et
602 5482 905 5549 miracula,
958 5497 1070 5535 non
1112 5481 1221 5552 jam
1283 5480 1503 5533 morbos
1556 5492 1685 5532 suos

112 5741 157 5773 ..
183 5680 549 5773 ‘1‘,.-"=v_°-.‘:ru
581 5685 668 5773 tt-

194 5755 296 5809 isa.
325 5771 399 5825 \‘l,
436 5748 549 5811 to."
595 5758 640 5790 ⁸⁷
673 5755 813 5811 Psal.
847 5752 1119 5814 xxxut,l7.
1176 5752 1245 5828 ⁴⁸⁸
1282 5748 1514 5820 Philipp.
1556 5764 1634 5815 tu,
1666 5748 1746 5804 19-.

1205 334 1288 399 IN
1330 335 1859 400 LEVl'J‘ICUM.--
1896 337 2045 399 LIB.
2072 336 2207 401 VII.

747 5683 790 5715 ⁸¹
818 5678 1009 5736 Matth.
1041 5696 1192 5739 xsui.
1227 5680 1318 5732 25.
1396 5678 1442 5710 ⁸¹
1470 5677 1637 5732 Mich.
1675 5694 1749 5740 γι,
1786 5678 1837 5734 8.
1908 5676 1954 5709 ⁸³
1983 5675 2232 5743 Joan.vi,
2267 5671 2357 5731 61.

3207 332 3345 402 1146

1764 455 2104 509 abscondere
2137 458 2425 525 poterant,
2480 451 2576 507 sed
2614 452 2925 508 clamabant
2976 453 3154 525 palam
3181 465 3346 525 atque

1764 546 2138 616 przedicabant
2174 565 2186 599 :
2221 545 2364 610 Quid
2393 546 2667 615 faciemus,
2720 546 2843 616 quia
2875 546 2958 599 hic
2996 546 3146 599 homo
3177 544 3346 598 multa

1765 638 1915 708 signa
1960 636 2134 703 facit?
2160 634 2217 689 Si
2249 636 2542 689 omittimus
2581 650 2699 688 eum
2728 636 2829 700 sic,
2864 634 3067 688 venient
3099 632 3345 697 Romani,
3401 666 3405 675 ι

1765 739 1813 784 et
1859 727 2040 782 tollent
2074 737 2308 781 nostrum
2339 734 2386 781 et
2415 725 2586 780 locum
2625 735 2672 780 et
2707 735 2910 797 gentem
2949 726 3015 779 ".
3052 726 3194 797 Ergo
3237 742 3348 781 non

1768 821 1893 891 quia
1931 820 2029 892 legi
2064 827 2159 873 aut
2184 818 2471 888 prophetis
2501 817 2775 873 contraria
2807 817 3061 883 docebat,
3096 834 3220 891 nam
3258 818 3347 871 ni-

1766 912 1870 967 mis
1898 911 1980 966 eis
1997 925 2237 965 consona
2263 909 2468 972 docuit,
2493 908 2587 963 sed
2617 906 2700 963 sui
2720 908 2923 965 amoris
2940 923 3125 973 causa,
3154 910 3348 979 suique

1766 1018 1927 1057 causa
1974 1002 2224 1072 negotii,
2276 1000 2628 1056 sermonibus
2676 1001 2796 1070 ejus
2832 1016 2951 1055 non
2998 1002 3346 1057 obediebant.

1767 1092 1881 1150 Hoc
1906 1111 2035 1166 ergo
2066 1076 2301 1165 perculsi
2324 1095 2536 1160 morbo,
2568 1094 2758 1148 oculos
2800 1108 2929 1147 suos
2961 1092 3344 1157 conficiebant,

1767 1196 1820 1242 et
1848 1187 2059 1241 animas
2089 1185 2519 1251 consumebant,
2563 1201 2674 1239 non
2724 1186 2901 1240 solum
2931 1187 3348 1242 exardesceutes

1768 1279 1975 1345 furore,
2003 1287 2057 1333 et
2095 1278 2295 1333 invidia
2332 1278 2607 1347 corrupti,
2642 1277 2738 1332 sed
2786 1288 2846 1332 ut
2876 1278 3047 1331 semel
3087 1277 3347 1334 infirmati

1769 1380 1974 1436 mente,
2021 1379 2075 1424 et
2102 1369 2458 1440 cogitationes
2493 1384 2605 1422 non
2635 1368 2798 1423 nimis
2834 1384 2997 1423 sanas
3025 1370 3091 1423 ad
3148 1370 3349 1425 disne-

1772 1464 1975 1519 tionEm
2008 1461 2275 1515 factorum
2334 1459 2673 1515 dietorumve
2714 1459 2980 1514 habentes
3010 1499 3025 1526 ,
3056 1459 3242 1514 verbis
3294 1468 3350 1513 et

1770 1558 2048 1613 miraculis
2074 1597 2089 1623 ,
2146 1555 2436 1611 interiores
2469 1570 2597 1611 suos
2628 1555 2818 1610 oculos
2852 1554 3239 1619 conficiebant,
3295 1562 3351 1609 et

1770 1650 2008 1703 animam
2051 1646 2483 1712 consumebant,
2526 1645 2599 1701 ita
2646 1652 2707 1701 ut
2735 1646 2799 1701 ad
2838 1662 2965 1699 eum
2995 1644 3299 1699 clamarent
3334 1662 3348 1699 :

1778 1742 2048 1811 Usquequo
2079 1741 2317 1793 animam
2346 1748 2581 1793 nostram
2615 1738 2793 1792 tollis?
2832 1736 2889 1793 Si
2925 1747 2980 1791 tu
3012 1754 3064 1792 cs
3094 1736 3349 1802 Christus,

1772 1836 1857 1889 dic
1886 1832 2032 1886 nobis
2070 1831 2253 1901 palam
2278 1830 2348 1884 ⁸⁸.
2392 1828 2547 1895 Quod
2581 1830 2770 1899 utique
2794 1829 2988 1882 anima:
3017 1826 3354 1882 infidelitatis

1772 1922 2178 1993 consumptioui
2227 1921 2577 1990 subjaeentes
2621 1928 2801 1975 erant.
2853 1917 2962 1973 Sed
3010 1926 3067 1973 et
3110 1915 3355 1972 Joannes

1774 2016 1890 2069 lucc
1918 2012 1988 2068 de
2026 2012 2108 2067 eis
2150 2011 2280 2066 dicit
2312 2027 2325 2063 :
2359 2009 2655 2078 Propterea
2688 2022 2799 2060 non
2827 2015 3080 2076 poterant
3105 2004 3352 2059 credere.

1774 2107 1877 2174 Qui
1907 2120 2100 2161 rursus
2145 2103 2279 2159 dicit
2319 2101 2484 2157 Isaias
2509 2118 2523 2153 :
2549 2098 2702 2155 Caeca
2751 2115 2840 2152 cor
2882 2097 3063 2167 populi
3092 2097 3272 2165 hujus,
3305 2104 3355 2150 et

1776 2214 1932 2252 aures
1961 2196 2075 2264 ejus
2111 2210 2343 2265 aggrava
2368 2231 2383 2259 ,
2426 2208 2489 2245 ne
2518 2190 2729 2262 quando
2777 2188 2941 2243 oculis
2973 2189 3083 2241 suis
3120 2187 3354 2254 videant,

1776 2299 1825 2343 et
1864 2287 2081 2341 auribus
2130 2284 2388 2349 audiant,
2430 2292 2479 2336 et
2512 2282 2667 2335 corde
2705 2278 3003 2350 intelligant
3032 2278 3098 2330 ⁸⁸.
3139 2276 3354 2341 Cernis,

1776 2380 1901 2452 quia
1930 2375 2388 2450 quemadmodum
2434 2372 2684 2429 fecerunt
2729 2371 2855 2443 ipsi,
2901 2370 2981 2425 sic
3012 2377 3068 2424 et
3106 2368 3358 2424 Christus

1777 2474 1858 2529 eis
1894 2472 2044 2528 feeit.
2086 2469 2224 2536 Quia
2269 2468 2415 2537 enim
2462 2465 2583 2537 ejus
2616 2464 2833 2520 irritum
2883 2463 3063 2519 facere
3110 2469 3353 2533 pactum,

1779 2563 1895 2619 sive
1932 2568 2317 2617 testamentum
2350 2557 2703 2621 studuerunt,
2755 2564 2903 2610 recte
2935 2569 3126 2609 eorum
3170 2551 3358 2606 oculos

1778 2663 1835 2711 et
1862 2669 1956 2710 cor
1987 2650 2374 2717 excazeavit,et
2388 2648 2640 2704 ardorem
2664 2647 2779 2702 sive
2809 2646 3023 2716 ἴκτερον
3056 2642 3358 2699 conficien-

1781 2756 1892 2801 tem
1924 2744 2116 2800 oculos
2138 2757 2355 2807 eorum,
2388 2748 2439 2794 et
2468 2739 2678 2794 animas
2702 2744 3118 2792 consumentem
3148 2733 3229 2788 eis
3260 2732 3359 2788 de-

1780 2832 1879 2888 dit.
1929 2829 2035 2885 Sed
2062 2829 2198 2899 quid
2231 2830 2297 2884 iis
2326 2826 2570 2883 addidit?
2847 2820 2853 2827 ’

1852 2923 2075 2978 Frustra
2106 2929 2388 2975 sementem
2414 2920 2619 2984 seretis,
2652 2935 2769 2990 qua:
2791 2919 2856 2972 ab
2880 2918 3111 2972 hostibus
3136 2916 3360 2970 devora-

1784 3013 1945 3067 bitur.
1988 3010 2212 3066 Frustra
2245 3011 2390 3065 enim
2431 3010 2540 3065 illis
2569 3010 2959 3080 prophetarum
2991 3019 3047 3064 et
3075 3007 3209 3079 legis
3233 3021 3361 3078 pro-

1784 3100 1968 3157 ferunt
2007 3101 2214 3156 semina
2243 3142 2258 3166 ,
2304 3109 2359 3155 et
2392 3101 2700 3156 doctorales
2743 3100 2893 3155 illinc
2929 3099 3204 3155 seminant
3241 3112 3361 3153 ser-

1782 3208 1997 3259 mones,
2046 3209 2155 3247 non
2190 3192 2456 3247 habentes
2492 3200 2689 3245 terram
2721 3189 2956 3245 fertilem
3008 3188 3073 3242 ad
3100 3185 3362 3257 intelligi-

1779 3283 1972 3338 bilium
2003 3281 2318 3352 dogmatum
2352 3280 2589 3335 fructum
2622 3296 2635 3332 :
2667 3277 2812 3331 unde
2860 3290 2964 3330 nec
2995 3274 3119 3330 cibo
3168 3285 3360 3328 eorum

1783 3375 2062 3438 fruuntur,
2095 3374 2190 3428 sed
2218 3372 2483 3427 devorant
2518 3384 2582 3424 ea
2610 3365 2905 3423 adversarii
2939 3379 3130 3419 eorum
3176 3361 3269 3432 qui
3304 3361 3361 3414 in

1782 3466 2001 3521 Christo
2048 3464 2302 3528 credunt,
2329 3478 2468 3532 quos
2501 3460 2603 3531 ipsi
2644 3458 2747 3514 sibi
2776 3472 2874 3528 per
2901 3454 3279 3510 infidelitatem
3306 3461 3363 3506 et

1784 3558 2047 3613 invidiam
2082 3555 2389 3610 contrarios
2422 3554 2691 3608 fecerunt.

1854 3647 1923 3702 Et
1957 3664 2157 3718 ponam
2182 3646 2373 3716 faciem
2409 3660 2581 3698 meam
2633 3649 2816 3695 contra
2872 3655 2981 3694 vos.
3047 3634 3361 3691 Secundum

1782 3740 2160 3813 propheticam
2213 3738 2358 3792 illam
2411 3750 2646 3792 vocem:
2692 3731 2879 3787 Vultus
2934 3739 3114 3784 autem
3149 3726 3362 3781 Domini

1783 3850 1941 3904 super
1966 3832 2216 3905 facientes
2242 3828 2387 3884 mala
2409 3869 2424 3895 ,
2453 3836 2511 3881 ut
2542 3825 2729 3896 perdat
2771 3823 2835 3877 de
2867 3831 3016 3875 terra
3054 3817 3362 3873 memoriam

1785 3941 1965 3979 eorum
1986 3923 2058 3977 ⁸⁷.

1854 4017 1924 4071 Et
1951 4014 2204 4070 corruetis
2232 4027 2409 4066 coram
2432 4008 2664 4063 hostibus
2703 4005 2906 4060 vestris.
2936 4001 3176 4057 Gentiles
3192 3999 3361 4059 enim,

1786 4124 1927 4181 quos
1950 4105 2201 4162 inimicos
2235 4102 2334 4159 sibi
2371 4101 2644 4172 judicant,
2692 4112 2876 4154 coram
2908 4096 2988 4149 eis
3037 4093 3274 4153 cadunt,
3308 4090 3363 4143 in

1786 4199 1961 4256 salute
1994 4212 2184 4251 eorum
2216 4193 2582 4248 oli'endentes.
2623 4189 2781 4245 Unde
2815 4185 3171 4259 Symmachus
3196 4224 3211 4248 ,
3265 4196 3366 4253 pro

1787 4290 2002 4355 cadetis,
2045 4286 2315 4358 oﬂ'endetis
2340 4324 2356 4348 ,
2406 4284 2500 4347 ait,
2534 4290 2656 4336 ante
2691 4279 2932 4336 inimicos
2968 4285 3181 4332 vestros.
3225 4272 3364 4339 Quid

1786 4395 1968 4440 autem
1999 4380 2146 4435 aliud
2184 4376 2433 4433 addidit?
2468 4374 2849 4445 Persequentur
2881 4386 2988 4433 vos,
3016 4368 3134 4422 odio
3166 4366 3363 4419 haben-

1786 4488 1860 4534 tes
1888 4494 1997 4542 vos,
2025 4484 2072 4530 et
2106 4473 2315 4546 fugietis
2342 4469 2487 4524 nullo
2510 4474 2867 4538 persequente.
3010 4452 3011 4455 1

1858 4569 1957 4623 llic
1984 4563 2390 4638 quodammodo
2420 4559 2755 4617 contrarium
2784 4571 2907 4610 esse
2954 4553 3171 4608 videtur
3218 4548 3362 4621 quod

1787 4663 2008 4719 dicitur.
2047 4659 2102 4715 Si
2137 4658 2281 4714 enim
2311 4655 2380 4709 ab
2410 4652 2661 4708 hostibus
2683 4646 3120 4719 persecutionem
3148 4641 3363 4711 patiun-

1769 4765 1899 4819 tur,
1927 4749 2200 4821 quomodo
2215 4745 2367 4800 nullo
2391 4747 2757 4813 persequente
2785 4735 3046 4806 fugiunt?
3077 4731 3207 4796 Sed,
3235 4744 3362 4798 per-

1788 4850 2089 4913 sequentur
2122 4852 2220 4891 vos
2244 4876 2259 4900 ,
2302 4849 2413 4887 non
2446 4833 2513 4885 ad
2546 4827 2933 4897 expellendum
2962 4821 3243 4892 legislator
3272 4832 3363 4872 ac-

1788 4908 1977 5001 cepit:
2014 4926 2111 4981 sed
2149 4923 2277 4993 quia
2305 4918 2577 4974 currendo
2624 4914 2995 4977 imminerent,
3028 4911 3093 4964 ad
3134 4908 3359 4962 salutem

1787 4998 1981 5077 eoium
2010 5014 2355 5071 festinantes.
2388 5007 2565 5071 Unde,
2597 5010 2996 5077 persequentur
3018 5015 3133 5066 vos,
3165 4998 3227 5052 In
3254 5013 3354 5050 ser-

1788 5113 2004 5168 vitutem
2038 5106 2267 5177 redigent
2296 5097 2813 5172 vos,Symmachus;
2838 5092 3105 5151 Erudiunt
3140 5108 3172 5145 a
3203 5090 3361 5153 vobis,

1750 5204 1765 5225 ’
1790 5199 2132 5259 Theodotion
2164 5195 2356 5252 edidit.
2397 5193 2582 5248 Talem
2607 5189 2767 5245 nobis
2799 5197 2855 5244 et
2884 5186 3084 5241 Paulus
3105 5199 3363 5255 persecu-

1793 5293 1996 5347 tionem
2033 5289 2371 5343 demonstrat
2400 5301 2413 5336 :
2447 5281 2651 5351 Sequar
2691 5288 2871 5333 autem
2897 5317 2913 5340 ,
2952 5276 2998 5331 si
3031 5273 3366 5344 comprehcn-

1792 5384 1937 5448 dam,
1971 5381 2027 5433 in
2055 5394 2155 5449 quo
2188 5385 2235 5429 et
2258 5374 2653 5443 comprehensus
2676 5367 2875 5430 sum".
2906 5366 3109 5424 Gentes
3130 5381 3279 5435 ergo,
3310 5374 3365 5419 et

1793 5469 2119 5528 sicutDavid
2133 5468 2201 5525 de
2230 5465 2452 5533 Judzeis,
2468 5464 2659 5519 dicunt
2676 5477 2691 5515 :
2711 5458 2901 5516 Nonne
2927 5458 3019 5529 qui
3044 5467 3093 5512 te
3118 5456 3364 5521 oduunt,

2436 5669 2483 5703 "
2508 5666 2643 5727 Luc.
2675 5664 2849 5739 11,47.
2914 5664 2960 5699 ⁸⁸
2988 5662 3145 5721 Joan.
3183 5674 3239 5727 ι,
3269 5659 3362 5720 21.
