  <div class='ocr_page' id='page_1' title='image "/cluster/home/n/w/nwhite01/storage/ocr_20150623/93/pst.000005712991/585.png"; bbox 0 0 3810 6318; ppageno 0'>
   <div class='ocr_carea' id='block_1_1' title="bbox 449 234 592 302">
    <p class='ocr_par' dir='ltr' id='par_1_1' title="bbox 449 234 592 302">
     <span class='ocr_line' id='line_1_1' title="bbox 449 234 592 302; baseline -0.014 -1"><span class='ocrx_word' id='word_1_1' title='bbox 449 234 592 302; x_wconf 74' lang='grc'><strong>1147</strong></span> 
     </span>
    </p>
   </div>
   <div class='ocr_carea' id='block_1_2' title="bbox 1643 239 2528 302">
    <p class='ocr_par' dir='ltr' id='par_1_2' title="bbox 1643 239 2528 302">
     <span class='ocr_line' id='line_1_2' title="bbox 1643 239 2528 302; baseline 0 -3"><span class='ocrx_word' id='word_1_2' title='bbox 1643 239 2010 301; x_wconf 84' lang='lat' dir='ltr'><strong>HESYCHII</strong></span> <span class='ocrx_word' id='word_1_3' title='bbox 2047 240 2528 302; x_wconf 81' lang='lat' dir='ltr'><strong>PRESBYTERI</strong></span> 
     </span>
    </p>
   </div>
   <div class='ocr_carea' id='block_1_3' title="bbox 3678 233 3784 302">
    <p class='ocr_par' dir='ltr' id='par_1_3' title="bbox 3678 233 3784 302">
     <span class='ocr_line' id='line_1_3' title="bbox 3678 233 3784 302; baseline 0.019 -2"><span class='ocrx_word' id='word_1_4' title='bbox 3678 233 3784 302; x_wconf 68' lang='lat'><strong><em>1251</em></strong></span> 
     </span>
    </p>
   </div>
   <div class='ocr_carea' id='block_1_4' title="bbox 447 346 3784 421">
    <p class='ocr_par' dir='ltr' id='par_1_4' title="bbox 447 346 3784 421">
     <span class='ocr_line' id='line_1_4' title="bbox 447 346 3784 421; baseline -0.001 -15"><span class='ocrx_word' id='word_1_5' title='bbox 447 352 609 416; x_wconf 86' lang='lat' dir='ltr'><strong>Deus,</strong></span> <span class='ocrx_word' id='word_1_6' title='bbox 651 352 861 404; x_wconf 80' lang='lat' dir='ltr'><strong>oderam</strong></span> <span class='ocrx_word' id='word_1_7' title='bbox 910 349 1027 402; x_wconf 83' lang='lat' dir='ltr'><strong>illos</strong></span> <span class='ocrx_word' id='word_1_8' title='bbox 1056 346 1140 403; x_wconf 57' lang='lat' dir='ltr'><strong>Iit?</strong></span> <span class='ocrx_word' id='word_1_9' title='bbox 1177 349 1560 404; x_wconf 74' lang='lat' dir='ltr'><strong>Verumtamen</strong></span> <span class='ocrx_word' id='word_1_10' title='bbox 1613 365 1803 405; x_wconf 89' lang='lat' dir='ltr'><strong>eorum</strong></span> <span class='ocrx_word' id='word_1_11' title='bbox 1864 352 2031 407; x_wconf 93' lang='lat' dir='ltr'><strong>instat</strong></span> <span class='ocrx_word' id='word_1_12' title='bbox 2061 357 2106 412; x_wconf 78' lang='grc' dir='ltr'><strong>Α</strong></span> <span class='ocrx_word' id='word_1_13' title='bbox 2136 353 2299 406; x_wconf 81' lang='lat' dir='ltr'><strong>tutius</strong></span> <span class='ocrx_word' id='word_1_14' title='bbox 2332 349 2622 421; x_wconf 75' lang='lat' dir='ltr'><strong>prcescntis</strong></span> <span class='ocrx_word' id='word_1_15' title='bbox 2650 349 2775 404; x_wconf 66' lang='lat' dir='ltr'><strong>vitae</strong></span> <span class='ocrx_word' id='word_1_16' title='bbox 2805 347 2978 418; x_wconf 81' lang='lat' dir='ltr'><strong>ﬁgura</strong></span> <span class='ocrx_word' id='word_1_17' title='bbox 3006 358 3112 408; x_wconf 85' lang='lat' dir='ltr'><strong>est.</strong></span> <span class='ocrx_word' id='word_1_18' title='bbox 3143 356 3199 403; x_wconf 91' lang='lat' dir='ltr'><strong>et</strong></span> <span class='ocrx_word' id='word_1_19' title='bbox 3228 349 3484 420; x_wconf 77' lang='lat' dir='ltr'><strong>signum</strong></span> <span class='ocrx_word' id='word_1_20' title='bbox 3523 359 3656 414; x_wconf 80' lang='lat' dir='ltr'><strong>est,</strong></span> <span class='ocrx_word' id='word_1_21' title='bbox 3686 367 3784 418; x_wconf 69' lang='lat' dir='ltr'><strong>qs:</strong></span> 
     </span>
    </p>
   </div>
   <div class='ocr_carea' id='block_1_5' title="bbox 447 439 2032 510">
    <p class='ocr_par' dir='ltr' id='par_1_5' title="bbox 447 439 2032 510">
     <span class='ocr_line' id='line_1_5' title="bbox 447 439 2032 510; baseline -0.004 -10"><span class='ocrx_word' id='word_1_22' title='bbox 447 443 636 508; x_wconf 83' lang='lat' dir='ltr'><strong>saluti,</strong></span> <span class='ocrx_word' id='word_1_23' title='bbox 661 441 994 510; x_wconf 76' lang='lat' dir='ltr'><strong>festinatque</strong></span> <span class='ocrx_word' id='word_1_24' title='bbox 1030 450 1086 495; x_wconf 88' lang='lat' dir='ltr'><strong>et</strong></span> <span class='ocrx_word' id='word_1_25' title='bbox 1113 450 1254 508; x_wconf 74' lang='lat' dir='ltr'><strong>orat,</strong></span> <span class='ocrx_word' id='word_1_26' title='bbox 1287 439 1390 495; x_wconf 77' lang='lat' dir='ltr'><strong>Scit</strong></span> <span class='ocrx_word' id='word_1_27' title='bbox 1414 441 1558 494; x_wconf 87' lang='lat' dir='ltr'><strong>enim</strong></span> <span class='ocrx_word' id='word_1_28' title='bbox 1585 439 1722 505; x_wconf 81' lang='lat' dir='ltr'><strong>Quia</strong></span> <span class='ocrx_word' id='word_1_29' title='bbox 1744 442 2032 509; x_wconf 73' lang='lat' dir='ltr'><strong>assumptio</strong></span> 
     </span>
    </p>
   </div>
   <div class='ocr_carea' id='block_1_6' title="bbox 445 532 2034 602">
    <p class='ocr_par' dir='ltr' id='par_1_6' title="bbox 445 532 2034 602">
     <span class='ocr_line' id='line_1_6' title="bbox 445 532 2034 602; baseline -0.004 -11"><span class='ocrx_word' id='word_1_30' title='bbox 445 553 651 600; x_wconf 79' lang='lat' dir='ltr'><strong>earum,</strong></span> <span class='ocrx_word' id='word_1_31' title='bbox 673 534 810 590; x_wconf 84' lang='lat' dir='ltr'><strong>s&#39;cut</strong></span> <span class='ocrx_word' id='word_1_32' title='bbox 835 533 908 587; x_wconf 86' lang='lat' dir='ltr'><strong>ait</strong></span> <span class='ocrx_word' id='word_1_33' title='bbox 931 532 1152 597; x_wconf 82' lang='lat' dir='ltr'><strong>Paulus,</strong></span> <span class='ocrx_word' id='word_1_34' title='bbox 1187 535 1292 586; x_wconf 83' lang='lat' dir='ltr'><strong>vita</strong></span> <span class='ocrx_word' id='word_1_35' title='bbox 1323 541 1398 585; x_wconf 87' lang='lat' dir='ltr'><strong>est</strong></span> <span class='ocrx_word' id='word_1_36' title='bbox 1429 549 1492 586; x_wconf 82' lang='lat' dir='ltr'><strong>ea:</strong></span> <span class='ocrx_word' id='word_1_37' title='bbox 1527 533 1765 600; x_wconf 78' lang='lat' dir='ltr'><strong>mortuis,</strong></span> <span class='ocrx_word' id='word_1_38' title='bbox 1790 541 1837 586; x_wconf 89' lang='lat' dir='ltr'><strong>et</strong></span> <span class='ocrx_word' id='word_1_39' title='bbox 1869 533 2034 602; x_wconf 86' lang='lat' dir='ltr'><strong>pleni-</strong></span> 
     </span>
    </p>
   </div>
   <div class='ocr_carea' id='block_1_7' title="bbox 448 621 2034 693">
    <p class='ocr_par' dir='ltr' id='par_1_7' title="bbox 448 621 2034 693">
     <span class='ocr_line' id='line_1_7' title="bbox 448 621 2034 693; baseline -0.001 -15"><span class='ocrx_word' id='word_1_40' title='bbox 448 625 574 678; x_wconf 83' lang='lat' dir='ltr'><strong>tudo</strong></span> <span class='ocrx_word' id='word_1_41' title='bbox 602 640 805 691; x_wconf 80' lang='lat' dir='ltr'><strong>eorum,</strong></span> <span class='ocrx_word' id='word_1_42' title='bbox 839 623 990 680; x_wconf 86' lang='lat' dir='ltr'><strong>salus</strong></span> <span class='ocrx_word' id='word_1_43' title='bbox 1023 624 1204 677; x_wconf 72' lang='lat' dir='ltr'><strong>mundt</strong></span> <span class='ocrx_word' id='word_1_44' title='bbox 1227 623 1294 676; x_wconf 82' lang='grc'><strong>⁸⁰.</strong></span> <span class='ocrx_word' id='word_1_45' title='bbox 1331 621 1392 674; x_wconf 82' lang='grc' dir='ltr'><strong>1ιὶ</strong></span> <span class='ocrx_word' id='word_1_46' title='bbox 1419 630 1600 677; x_wconf 88' lang='lat' dir='ltr'><strong>autem</strong></span> <span class='ocrx_word' id='word_1_47' title='bbox 1638 621 1855 693; x_wconf 80' lang='lat' dir='ltr'><strong>fugiunt</strong></span> <span class='ocrx_word' id='word_1_48' title='bbox 1883 622 2034 677; x_wconf 91' lang='lat' dir='ltr'><strong>nullo</strong></span> 
     </span>
    </p>
   </div>
   <div class='ocr_carea' id='block_1_8' title="bbox 449 713 2038 786">
    <p class='ocr_par' dir='ltr' id='par_1_8' title="bbox 449 713 2038 786">
     <span class='ocr_line' id='line_1_8' title="bbox 449 713 2038 786; baseline -0.003 -16"><span class='ocrx_word' id='word_1_49' title='bbox 449 725 834 786; x_wconf 77' lang='lat' dir='ltr'><strong>persequente.</strong></span> <span class='ocrx_word' id='word_1_50' title='bbox 877 715 994 769; x_wconf 82' lang='lat' dir='ltr'><strong>Non</strong></span> <span class='ocrx_word' id='word_1_51' title='bbox 1020 713 1164 768; x_wconf 85' lang='lat' dir='ltr'><strong>enim</strong></span> <span class='ocrx_word' id='word_1_52' title='bbox 1233 713 1694 784; x_wconf 77' lang='lat' dir='ltr'><strong>quemadmodum</strong></span> <span class='ocrx_word' id='word_1_53' title='bbox 1728 714 1803 767; x_wconf 85' lang='lat' dir='ltr'><strong>illi</strong></span> <span class='ocrx_word' id='word_1_54' title='bbox 1834 721 2038 766; x_wconf 67' lang='lat' dir='ltr'><strong>nostra:</strong></span> 
     </span>
    </p>
   </div>
   <div class='ocr_carea' id='block_1_9' title="bbox 449 805 2039 874">
    <p class='ocr_par' dir='ltr' id='par_1_9' title="bbox 449 805 2039 874">
     <span class='ocr_line' id='line_1_9' title="bbox 449 805 2039 874; baseline -0.003 -12"><span class='ocrx_word' id='word_1_55' title='bbox 449 807 609 862; x_wconf 89' lang='lat' dir='ltr'><strong>saluti</strong></span> <span class='ocrx_word' id='word_1_56' title='bbox 642 807 908 870; x_wconf 88' lang='lat' dir='ltr'><strong>invident,</strong></span> <span class='ocrx_word' id='word_1_57' title='bbox 928 807 1009 861; x_wconf 90' lang='lat' dir='ltr'><strong>sic</strong></span> <span class='ocrx_word' id='word_1_58' title='bbox 1032 815 1088 860; x_wconf 92' lang='lat' dir='ltr'><strong>ct</strong></span> <span class='ocrx_word' id='word_1_59' title='bbox 1114 821 1216 860; x_wconf 89' lang='lat' dir='ltr'><strong>nos</strong></span> <span class='ocrx_word' id='word_1_60' title='bbox 1239 805 1479 866; x_wconf 87' lang='lat' dir='ltr'><strong>illormn,</strong></span> <span class='ocrx_word' id='word_1_61' title='bbox 1501 805 1645 860; x_wconf 91' lang='lat' dir='ltr'><strong>unde</strong></span> <span class='ocrx_word' id='word_1_62' title='bbox 1673 820 1766 860; x_wconf 91' lang='lat' dir='ltr'><strong>eos</strong></span> <span class='ocrx_word' id='word_1_63' title='bbox 1790 819 1893 860; x_wconf 91' lang='lat' dir='ltr'><strong>nec</strong></span> <span class='ocrx_word' id='word_1_64' title='bbox 1915 820 2039 874; x_wconf 89' lang='lat' dir='ltr'><strong>per-</strong></span> 
     </span>
    </p>
   </div>
   <div class='ocr_carea' id='block_1_10' title="bbox 447 898 2032 970">
    <p class='ocr_par' dir='ltr' id='par_1_10' title="bbox 447 898 2032 970">
     <span class='ocr_line' id='line_1_10' title="bbox 447 898 2032 970; baseline -0.003 -17"><span class='ocrx_word' id='word_1_65' title='bbox 447 898 764 970; x_wconf 82' lang='lat' dir='ltr'><strong>sequimur,</strong></span> <span class='ocrx_word' id='word_1_66' title='bbox 797 911 903 952; x_wconf 89' lang='lat' dir='ltr'><strong>nec</strong></span> <span class='ocrx_word' id='word_1_67' title='bbox 950 911 1077 951; x_wconf 91' lang='lat' dir='ltr'><strong>cum</strong></span> <span class='ocrx_word' id='word_1_68' title='bbox 1129 910 1230 950; x_wconf 83' lang='lat' dir='ltr'><strong>nos</strong></span> <span class='ocrx_word' id='word_1_69' title='bbox 1281 903 1641 961; x_wconf 71' lang='lat' dir='ltr'><strong>aversantur,</strong></span> <span class='ocrx_word' id='word_1_70' title='bbox 1693 911 2032 962; x_wconf 89' lang='lat' dir='ltr'><strong>aversamur,</strong></span> 
     </span>
    </p>
   </div>
   <div class='ocr_carea' id='block_1_11' title="bbox 447 985 2038 1058">
    <p class='ocr_par' dir='ltr' id='par_1_11' title="bbox 447 985 2038 1058">
     <span class='ocr_line' id='line_1_11' title="bbox 447 985 2038 1058; baseline -0.004 -12"><span class='ocrx_word' id='word_1_71' title='bbox 447 988 545 1046; x_wconf 75' lang='lat' dir='ltr'><strong>sed</strong></span> <span class='ocrx_word' id='word_1_72' title='bbox 596 988 889 1058; x_wconf 87' lang='lat' dir='ltr'><strong>implemus</strong></span> <span class='ocrx_word' id='word_1_73' title='bbox 949 986 1094 1058; x_wconf 88' lang='lat' dir='ltr'><strong>quod</strong></span> <span class='ocrx_word' id='word_1_74' title='bbox 1155 985 1324 1041; x_wconf 89' lang='lat' dir='ltr'><strong>Isaias</strong></span> <span class='ocrx_word' id='word_1_75' title='bbox 1354 987 1625 1058; x_wconf 87' lang='lat' dir='ltr'><strong>propheta</strong></span> <span class='ocrx_word' id='word_1_76' title='bbox 1653 987 1790 1042; x_wconf 77' lang='lat' dir='ltr'><strong>dixit</strong></span> <span class='ocrx_word' id='word_1_77' title='bbox 1819 1001 1832 1040; x_wconf 87' lang='lat'><strong>:</strong></span> <span class='ocrx_word' id='word_1_78' title='bbox 1867 986 2038 1041; x_wconf 87' lang='lat' dir='ltr'><strong>Dicite</strong></span> 
     </span>
    </p>
   </div>
   <div class='ocr_carea' id='block_1_12' title="bbox 448 1074 2082 1149">
    <p class='ocr_par' dir='ltr' id='par_1_12' title="bbox 448 1074 2082 1149">
     <span class='ocr_line' id='line_1_12' title="bbox 448 1074 2082 1149; baseline -0.001 -15"><span class='ocrx_word' id='word_1_79' title='bbox 448 1080 748 1134; x_wconf 81' lang='lat' dir='ltr'><strong>odientibus</strong></span> <span class='ocrx_word' id='word_1_80' title='bbox 782 1095 872 1132; x_wconf 83' lang='lat' dir='ltr'><strong>vos</strong></span> <span class='ocrx_word' id='word_1_81' title='bbox 902 1078 1156 1149; x_wconf 71' lang='lat' dir='ltr'><strong>fratribus</strong></span> <span class='ocrx_word' id='word_1_82' title='bbox 1183 1074 1470 1144; x_wconf 50' lang='grc' dir='ltr'><strong>νοω-ἰδίει</strong></span> <span class='ocrx_word' id='word_1_83' title='bbox 1499 1078 1944 1142; x_wconf 75' lang='lat' dir='ltr'><strong>abominantibus,</strong></span> <span class='ocrx_word' id='word_1_84' title='bbox 1977 1087 2036 1133; x_wconf 85' lang='lat' dir='ltr'><strong>ut</strong></span> <span class='ocrx_word' id='word_1_85' title='bbox 2077 1116 2082 1121; x_wconf 94' lang='lat'><strong><em>-</em></strong></span> 
     </span>
    </p>
   </div>
   <div class='ocr_carea' id='block_1_13' title="bbox 449 1163 2038 1239">
    <p class='ocr_par' dir='ltr' id='par_1_13' title="bbox 449 1163 2038 1239">
     <span class='ocr_line' id='line_1_13' title="bbox 449 1163 2038 1239; baseline 0.001 -17"><span class='ocrx_word' id='word_1_86' title='bbox 449 1185 634 1222; x_wconf 88' lang='lat' dir='ltr'><strong>nomen</strong></span> <span class='ocrx_word' id='word_1_87' title='bbox 656 1167 871 1222; x_wconf 85' lang='lat' dir='ltr'><strong>Domini</strong></span> <span class='ocrx_word' id='word_1_88' title='bbox 897 1163 1242 1239; x_wconf 74' lang='lat' dir='ltr'><strong>gloriﬁcatur,</strong></span> <span class='ocrx_word' id='word_1_89' title='bbox 1261 1175 1310 1221; x_wconf 89' lang='lat' dir='ltr'><strong>et</strong></span> <span class='ocrx_word' id='word_1_90' title='bbox 1333 1168 1574 1222; x_wconf 81' lang='lat' dir='ltr'><strong>videatur</strong></span> <span class='ocrx_word' id='word_1_91' title='bbox 1604 1169 1658 1222; x_wconf 90' lang='lat' dir='ltr'><strong>in</strong></span> <span class='ocrx_word' id='word_1_92' title='bbox 1683 1167 2038 1224; x_wconf 73' lang='lat' dir='ltr'><strong>exsultatione</strong></span> 
     </span>
    </p>
   </div>
   <div class='ocr_carea' id='block_1_14' title="bbox 449 1259 1793 1325">
    <p class='ocr_par' dir='ltr' id='par_1_14' title="bbox 449 1259 1793 1325">
     <span class='ocr_line' id='line_1_14' title="bbox 449 1259 1793 1325; baseline 0 -11"><span class='ocrx_word' id='word_1_93' title='bbox 449 1277 650 1325; x_wconf 85' lang='lat' dir='ltr'><strong>eorum,</strong></span> <span class='ocrx_word' id='word_1_94' title='bbox 682 1269 728 1314; x_wconf 87' lang='lat' dir='ltr'><strong>et</strong></span> <span class='ocrx_word' id='word_1_95' title='bbox 761 1259 842 1312; x_wconf 88' lang='lat' dir='ltr'><strong>illi</strong></span> <span class='ocrx_word' id='word_1_96' title='bbox 870 1259 1178 1312; x_wconf 80' lang='lat' dir='ltr'><strong>erubescant</strong></span> <span class='ocrx_word' id='word_1_97' title='bbox 1201 1260 1268 1312; x_wconf 85' lang='grc'><strong>⁰¹.</strong></span> <span class='ocrx_word' id='word_1_98' title='bbox 1785 1305 1793 1314; x_wconf 95' lang='grc'><strong>.</strong></span> 
     </span>
    </p>
   </div>
   <div class='ocr_carea' id='block_1_15' title="bbox 523 1349 2035 1419">
    <p class='ocr_par' dir='ltr' id='par_1_15' title="bbox 523 1349 2035 1419">
     <span class='ocr_line' id='line_1_15' title="bbox 523 1349 2035 1419; baseline 0.003 -17"><span class='ocrx_word' id='word_1_99' title='bbox 523 1349 688 1405; x_wconf 76' lang='lat' dir='ltr'><strong>Vens.</strong></span> <span class='ocrx_word' id='word_1_100' title='bbox 719 1350 902 1405; x_wconf 64' lang='lat'><strong>18—26.</strong></span> <span class='ocrx_word' id='word_1_101' title='bbox 935 1350 1065 1404; x_wconf 67' lang='lat' dir='ltr'><strong>«Sin</strong></span> <span class='ocrx_word' id='word_1_102' title='bbox 1085 1357 1267 1404; x_wconf 87' lang='lat' dir='ltr'><strong>autem</strong></span> <span class='ocrx_word' id='word_1_103' title='bbox 1293 1365 1396 1404; x_wconf 85' lang='lat' dir='ltr'><strong>nec</strong></span> <span class='ocrx_word' id='word_1_104' title='bbox 1430 1349 1510 1405; x_wconf 90' lang='lat' dir='ltr'><strong>sic</strong></span> <span class='ocrx_word' id='word_1_105' title='bbox 1537 1351 1851 1406; x_wconf 68' lang='lat' dir='ltr'><strong>obedieritis</strong></span> <span class='ocrx_word' id='word_1_106' title='bbox 1879 1352 2035 1419; x_wconf 88' lang='lat' dir='ltr'><strong>mihi,</strong></span> 
     </span>
    </p>
   </div>
   <div class='ocr_carea' id='block_1_16' title="bbox 449 1439 2039 1513">
    <p class='ocr_par' dir='ltr' id='par_1_16' title="bbox 449 1439 2039 1513">
     <span class='ocr_line' id='line_1_16' title="bbox 449 1439 2039 1513; baseline 0.001 -18"><span class='ocrx_word' id='word_1_107' title='bbox 449 1442 644 1496; x_wconf 88' lang='lat' dir='ltr'><strong>addam</strong></span> <span class='ocrx_word' id='word_1_108' title='bbox 669 1439 1048 1510; x_wconf 77' lang='lat' dir='ltr'><strong>correptiones</strong></span> <span class='ocrx_word' id='word_1_109' title='bbox 1079 1449 1290 1494; x_wconf 87' lang='lat' dir='ltr'><strong>vestras</strong></span> <span class='ocrx_word' id='word_1_110' title='bbox 1316 1440 1626 1510; x_wconf 86' lang='lat' dir='ltr'><strong>septuplum</strong></span> <span class='ocrx_word' id='word_1_111' title='bbox 1657 1453 1880 1512; x_wconf 80' lang='lat' dir='ltr'><strong>prepter</strong></span> <span class='ocrx_word' id='word_1_112' title='bbox 1909 1459 2039 1513; x_wconf 80' lang='lat' dir='ltr'><strong>pec-</strong></span> 
     </span>
    </p>
   </div>
   <div class='ocr_carea' id='block_1_17' title="bbox 388 1531 2036 1599">
    <p class='ocr_par' dir='ltr' id='par_1_17' title="bbox 388 1531 2036 1599">
     <span class='ocr_line' id='line_1_17' title="bbox 388 1531 2036 1599; baseline -0.001 -11"><span class='ocrx_word' id='word_1_113' title='bbox 388 1575 392 1580; x_wconf 79' lang='lat'><strong>.</strong></span> <span class='ocrx_word' id='word_1_114' title='bbox 449 1543 571 1588; x_wconf 89' lang='lat' dir='ltr'><strong>cata</strong></span> <span class='ocrx_word' id='word_1_115' title='bbox 611 1541 817 1598; x_wconf 87' lang='lat' dir='ltr'><strong>vestra,</strong></span> <span class='ocrx_word' id='word_1_116' title='bbox 843 1540 898 1586; x_wconf 91' lang='lat' dir='ltr'><strong>et</strong></span> <span class='ocrx_word' id='word_1_117' title='bbox 929 1540 1211 1586; x_wconf 86' lang='lat' dir='ltr'><strong>conteram</strong></span> <span class='ocrx_word' id='word_1_118' title='bbox 1244 1531 1498 1586; x_wconf 83' lang='lat' dir='ltr'><strong>duritiam</strong></span> <span class='ocrx_word' id='word_1_119' title='bbox 1531 1532 1802 1599; x_wconf 76' lang='lat' dir='ltr'><strong>superbiae</strong></span> <span class='ocrx_word' id='word_1_120' title='bbox 1823 1544 2036 1598; x_wconf 82' lang='lat' dir='ltr'><strong>vestr-.c,</strong></span> 
     </span>
    </p>
   </div>
   <div class='ocr_carea' id='block_1_18' title="bbox 449 1622 2040 1694">
    <p class='ocr_par' dir='ltr' id='par_1_18' title="bbox 449 1622 2040 1694">
     <span class='ocr_line' id='line_1_18' title="bbox 449 1622 2040 1694; baseline -0.001 -16"><span class='ocrx_word' id='word_1_121' title='bbox 449 1625 702 1694; x_wconf 76' lang='lat' dir='ltr'><strong>daboque</strong></span> <span class='ocrx_word' id='word_1_122' title='bbox 727 1624 927 1678; x_wconf 84' lang='lat' dir='ltr'><strong>coelum</strong></span> <span class='ocrx_word' id='word_1_123' title='bbox 955 1623 1112 1678; x_wconf 88' lang='lat' dir='ltr'><strong>vobis</strong></span> <span class='ocrx_word' id='word_1_124' title='bbox 1139 1622 1394 1692; x_wconf 83' lang='lat' dir='ltr'><strong>desuper,</strong></span> <span class='ocrx_word' id='word_1_125' title='bbox 1427 1624 1569 1677; x_wconf 86' lang='lat' dir='ltr'><strong>sicut</strong></span> <span class='ocrx_word' id='word_1_126' title='bbox 1599 1623 1828 1688; x_wconf 88' lang='lat' dir='ltr'><strong>ferrum,</strong></span> <span class='ocrx_word' id='word_1_127' title='bbox 1858 1631 1912 1678; x_wconf 91' lang='lat' dir='ltr'><strong>et</strong></span> <span class='ocrx_word' id='word_1_128' title='bbox 1939 1633 2040 1678; x_wconf 87' lang='lat' dir='ltr'><strong>ter-</strong></span> 
     </span>
    </p>
   </div>
   <div class='ocr_carea' id='block_1_19' title="bbox 2137 436 3783 509">
    <p class='ocr_par' dir='ltr' id='par_1_19' title="bbox 2137 436 3783 509">
     <span class='ocr_line' id='line_1_19' title="bbox 2137 436 3783 509; baseline 0 -16"><span class='ocrx_word' id='word_1_129' title='bbox 2137 456 2233 509; x_wconf 92' lang='lat' dir='ltr'><strong>pcr</strong></span> <span class='ocrx_word' id='word_1_130' title='bbox 2264 439 2636 509; x_wconf 87' lang='lat' dir='ltr'><strong>scptenarium</strong></span> <span class='ocrx_word' id='word_1_131' title='bbox 2675 453 2964 492; x_wconf 88' lang='lat' dir='ltr'><strong>numerum</strong></span> <span class='ocrx_word' id='word_1_132' title='bbox 3001 436 3262 491; x_wconf 82' lang='lat' dir='ltr'><strong>volvitur.</strong></span> <span class='ocrx_word' id='word_1_133' title='bbox 3293 436 3368 489; x_wconf 75' lang='lat' dir='ltr'><strong>Et</strong></span> <span class='ocrx_word' id='word_1_134' title='bbox 3383 438 3552 507; x_wconf 84' lang='lat' dir='ltr'><strong>quia</strong></span> <span class='ocrx_word' id='word_1_135' title='bbox 3579 451 3783 506; x_wconf 64' lang='lat' dir='ltr'><strong>septe:</strong></span> 
     </span>
    </p>
   </div>
   <div class='ocr_carea' id='block_1_20' title="bbox 2135 529 3778 600">
    <p class='ocr_par' dir='ltr' id='par_1_20' title="bbox 2135 529 3778 600">
     <span class='ocr_line' id='line_1_20' title="bbox 2135 529 3778 600; baseline 0.001 -15"><span class='ocrx_word' id='word_1_136' title='bbox 2135 531 2216 585; x_wconf 91' lang='lat' dir='ltr'><strong>eis</strong></span> <span class='ocrx_word' id='word_1_137' title='bbox 2250 529 2628 600; x_wconf 89' lang='lat' dir='ltr'><strong>correptiones</strong></span> <span class='ocrx_word' id='word_1_138' title='bbox 2661 529 2779 584; x_wconf 91' lang='lat' dir='ltr'><strong>sive</strong></span> <span class='ocrx_word' id='word_1_139' title='bbox 2825 529 3095 582; x_wconf 79' lang='lat' dir='ltr'><strong>vindictas</strong></span> <span class='ocrx_word' id='word_1_140' title='bbox 3134 529 3221 582; x_wconf 86' lang='lat' dir='ltr'><strong>vel</strong></span> <span class='ocrx_word' id='word_1_141' title='bbox 3270 529 3490 599; x_wconf 49' lang='lat' dir='ltr'><strong>plays</strong></span> <span class='ocrx_word' id='word_1_142' title='bbox 3549 529 3778 586; x_wconf 61' lang='lat' dir='ltr'><strong>inferre.</strong></span> 
     </span>
    </p>
   </div>
   <div class='ocr_carea' id='block_1_21' title="bbox 2137 619 3776 691">
    <p class='ocr_par' dir='ltr' id='par_1_21' title="bbox 2137 619 3776 691">
     <span class='ocr_line' id='line_1_21' title="bbox 2137 619 3776 691; baseline -0.001 -15"><span class='ocrx_word' id='word_1_143' title='bbox 2137 621 2506 676; x_wconf 87' lang='lat' dir='ltr'><strong>omnimodam</strong></span> <span class='ocrx_word' id='word_1_144' title='bbox 2536 637 2774 690; x_wconf 77' lang='lat' dir='ltr'><strong>pmnam,</strong></span> <span class='ocrx_word' id='word_1_145' title='bbox 2811 631 2865 674; x_wconf 87' lang='lat' dir='ltr'><strong>et</strong></span> <span class='ocrx_word' id='word_1_146' title='bbox 2885 620 3157 691; x_wconf 84' lang='lat' dir='ltr'><strong>integram</strong></span> <span class='ocrx_word' id='word_1_147' title='bbox 3193 619 3564 681; x_wconf 77' lang='lat' dir='ltr'><strong>vindictam,</strong></span> <span class='ocrx_word' id='word_1_148' title='bbox 3599 630 3776 689; x_wconf 58' lang='lat' dir='ltr'><strong>ntpru</strong></span> 
     </span>
    </p>
   </div>
   <div class='ocr_carea' id='block_1_22' title="bbox 2136 711 3772 782">
    <p class='ocr_par' dir='ltr' id='par_1_22' title="bbox 2136 711 3772 782">
     <span class='ocr_line' id='line_1_22' title="bbox 2136 711 3772 782; baseline -0.004 -14"><span class='ocrx_word' id='word_1_149' title='bbox 2136 730 2247 768; x_wconf 83' lang='lat' dir='ltr'><strong>non</strong></span> <span class='ocrx_word' id='word_1_150' title='bbox 2281 713 2508 769; x_wconf 83' lang='lat' dir='ltr'><strong>venialia</strong></span> <span class='ocrx_word' id='word_1_151' title='bbox 2541 728 2646 768; x_wconf 90' lang='lat' dir='ltr'><strong>nec</strong></span> <span class='ocrx_word' id='word_1_152' title='bbox 2678 711 3003 782; x_wconf 71' lang='lat' dir='ltr'><strong>pmnitentia</strong></span> <span class='ocrx_word' id='word_1_153' title='bbox 3035 711 3204 782; x_wconf 87' lang='lat' dir='ltr'><strong>digna</strong></span> <span class='ocrx_word' id='word_1_154' title='bbox 3233 711 3656 780; x_wconf 65' lang='lat' dir='ltr'><strong>peccantibus</strong></span> <span class='ocrx_word' id='word_1_155' title='bbox 3692 716 3772 765; x_wconf 72' lang='lat' dir='ltr'><strong>rai-</strong></span> 
     </span>
    </p>
   </div>
   <div class='ocr_carea' id='block_1_23' title="bbox 2137 803 3770 872">
    <p class='ocr_par' dir='ltr' id='par_1_23' title="bbox 2137 803 3770 872">
     <span class='ocr_line' id='line_1_23' title="bbox 2137 803 3770 872; baseline -0.004 -11"><span class='ocrx_word' id='word_1_156' title='bbox 2137 816 2299 861; x_wconf 86' lang='lat' dir='ltr'><strong>natus</strong></span> <span class='ocrx_word' id='word_1_157' title='bbox 2335 813 2438 870; x_wconf 87' lang='lat' dir='ltr'><strong>est,</strong></span> <span class='ocrx_word' id='word_1_158' title='bbox 2471 805 2546 859; x_wconf 88' lang='lat' dir='ltr'><strong>ita</strong></span> <span class='ocrx_word' id='word_1_159' title='bbox 2581 812 2632 858; x_wconf 94' lang='lat' dir='ltr'><strong>ul</strong></span> <span class='ocrx_word' id='word_1_160' title='bbox 2671 805 2835 858; x_wconf 83' lang='lat' dir='ltr'><strong>linem</strong></span> <span class='ocrx_word' id='word_1_161' title='bbox 2869 803 2924 858; x_wconf 92' lang='lat' dir='ltr'><strong>in</strong></span> <span class='ocrx_word' id='word_1_162' title='bbox 2956 803 3036 858; x_wconf 92' lang='lat' dir='ltr'><strong>eis</strong></span> <span class='ocrx_word' id='word_1_163' title='bbox 3087 803 3223 857; x_wconf 90' lang='lat' dir='ltr'><strong>illud</strong></span> <span class='ocrx_word' id='word_1_164' title='bbox 3279 803 3612 872; x_wconf 75' lang='lat' dir='ltr'><strong>acciperet</strong></span> <span class='ocrx_word' id='word_1_165' title='bbox 3660 820 3770 872; x_wconf 72' lang='lat' dir='ltr'><strong>pra-</strong></span> 
     </span>
    </p>
   </div>
   <div class='ocr_carea' id='block_1_24' title="bbox 2137 891 3769 966">
    <p class='ocr_par' dir='ltr' id='par_1_24' title="bbox 2137 891 3769 966">
     <span class='ocr_line' id='line_1_24' title="bbox 2137 891 3769 966; baseline -0.003 -15"><span class='ocrx_word' id='word_1_166' title='bbox 2137 895 2416 966; x_wconf 84' lang='lat' dir='ltr'><strong>pheticum</strong></span> <span class='ocrx_word' id='word_1_167' title='bbox 2445 895 2726 964; x_wconf 87' lang='lat' dir='ltr'><strong>eloquium</strong></span> <span class='ocrx_word' id='word_1_168' title='bbox 2762 911 2775 948; x_wconf 92' lang='lat'><strong>:</strong></span> <span class='ocrx_word' id='word_1_169' title='bbox 2806 891 2945 959; x_wconf 81' lang='lat' dir='ltr'><strong>Quid</strong></span> <span class='ocrx_word' id='word_1_170' title='bbox 3001 895 3253 964; x_wconf 83' lang='lat' dir='ltr'><strong>cogitatis</strong></span> <span class='ocrx_word' id='word_1_171' title='bbox 3307 904 3530 946; x_wconf 83' lang='lat' dir='ltr'><strong>contra</strong></span> <span class='ocrx_word' id='word_1_172' title='bbox 3603 893 3769 947; x_wconf 58' lang='lat' dir='ltr'><strong>Deﬁ-</strong></span> 
     </span>
    </p>
   </div>
   <div class='ocr_carea' id='block_1_25' title="bbox 2139 983 3768 1056">
    <p class='ocr_par' dir='ltr' id='par_1_25' title="bbox 2139 983 3768 1056">
     <span class='ocr_line' id='line_1_25' title="bbox 2139 983 3768 1056; baseline -0.002 -14"><span class='ocrx_word' id='word_1_173' title='bbox 2139 1004 2264 1042; x_wconf 90' lang='lat' dir='ltr'><strong>num</strong></span> <span class='ocrx_word' id='word_1_174' title='bbox 2284 986 2368 1040; x_wconf 83' lang='lat'><strong>”?</strong></span> <span class='ocrx_word' id='word_1_175' title='bbox 2386 985 2928 1042; x_wconf 89' lang='lat' dir='ltr'><strong>Consummationem</strong></span> <span class='ocrx_word' id='word_1_176' title='bbox 2953 985 3071 1056; x_wconf 91' lang='lat' dir='ltr'><strong>ipse</strong></span> <span class='ocrx_word' id='word_1_177' title='bbox 3087 983 3280 1050; x_wconf 82' lang='lat' dir='ltr'><strong>faciet,</strong></span> <span class='ocrx_word' id='word_1_178' title='bbox 3306 1000 3436 1040; x_wconf 90' lang='lat' dir='ltr'><strong>non</strong></span> <span class='ocrx_word' id='word_1_179' title='bbox 3471 999 3768 1056; x_wconf 62' lang='lat' dir='ltr'><strong>consurge.</strong></span> 
     </span>
    </p>
   </div>
   <div class='ocr_carea' id='block_1_26' title="bbox 2139 1076 3763 1148">
    <p class='ocr_par' dir='ltr' id='par_1_26' title="bbox 2139 1076 3763 1148">
     <span class='ocr_line' id='line_1_26' title="bbox 2139 1076 3763 1148; baseline -0.002 -13"><span class='ocrx_word' id='word_1_180' title='bbox 2139 1077 2342 1148; x_wconf 78' lang='lat' dir='ltr'><strong>duplex</strong></span> <span class='ocrx_word' id='word_1_181' title='bbox 2372 1077 2672 1143; x_wconf 85' lang='lat' dir='ltr'><strong>tribulatio,</strong></span> <span class='ocrx_word' id='word_1_182' title='bbox 2697 1078 2824 1148; x_wconf 88' lang='lat' dir='ltr'><strong>quia</strong></span> <span class='ocrx_word' id='word_1_183' title='bbox 2852 1077 2996 1134; x_wconf 82' lang='lat' dir='ltr'><strong>sicut</strong></span> <span class='ocrx_word' id='word_1_184' title='bbox 3021 1077 3203 1147; x_wconf 76' lang='lat' dir='ltr'><strong>spina:</strong></span> <span class='ocrx_word' id='word_1_185' title='bbox 3230 1091 3298 1131; x_wconf 87' lang='lat' dir='ltr'><strong>se</strong></span> <span class='ocrx_word' id='word_1_186' title='bbox 3328 1076 3606 1132; x_wconf 80' lang='lat' dir='ltr'><strong>invicem</strong></span> <span class='ocrx_word' id='word_1_187' title='bbox 3627 1092 3763 1132; x_wconf 73' lang='lat' dir='ltr'><strong>cau-</strong></span> 
     </span>
    </p>
   </div>
   <div class='ocr_carea' id='block_1_27' title="bbox 2137 1167 3758 1242">
    <p class='ocr_par' dir='ltr' id='par_1_27' title="bbox 2137 1167 3758 1242">
     <span class='ocr_line' id='line_1_27' title="bbox 2137 1167 3758 1242; baseline -0.002 -18"><span class='ocrx_word' id='word_1_188' title='bbox 2137 1171 2478 1242; x_wconf 85' lang='lat' dir='ltr'><strong>plectuntur,</strong></span> <span class='ocrx_word' id='word_1_189' title='bbox 2497 1170 2580 1225; x_wconf 90' lang='lat' dir='ltr'><strong>sic</strong></span> <span class='ocrx_word' id='word_1_190' title='bbox 2599 1169 2910 1226; x_wconf 90' lang='lat' dir='ltr'><strong>convivium</strong></span> <span class='ocrx_word' id='word_1_191' title='bbox 2931 1169 3148 1225; x_wconf 89' lang='lat' dir='ltr'><strong>illorum</strong></span> <span class='ocrx_word' id='word_1_192' title='bbox 3173 1167 3409 1238; x_wconf 80' lang='lat' dir='ltr'><strong>pariter</strong></span> <span class='ocrx_word' id='word_1_193' title='bbox 3426 1171 3758 1238; x_wconf 76' lang='lat' dir='ltr'><strong>potanth</strong></span> 
     </span>
    </p>
   </div>
   <div class='ocr_carea' id='block_1_28' title="bbox 2139 1257 3756 1332">
    <p class='ocr_par' dir='ltr' id='par_1_28' title="bbox 2139 1257 3756 1332">
     <span class='ocr_line' id='line_1_28' title="bbox 2139 1257 3756 1332; baseline -0.001 -16"><span class='ocrx_word' id='word_1_194' title='bbox 2139 1269 2536 1317; x_wconf 66' lang='lat' dir='ltr'><strong>consumantur</strong></span> <span class='ocrx_word' id='word_1_195' title='bbox 2567 1260 2724 1331; x_wconf 88' lang='lat' dir='ltr'><strong>quasi</strong></span> <span class='ocrx_word' id='word_1_196' title='bbox 2775 1261 2976 1332; x_wconf 84' lang='lat' dir='ltr'><strong>stipula</strong></span> <span class='ocrx_word' id='word_1_197' title='bbox 3023 1260 3290 1316; x_wconf 81' lang='lat' dir='ltr'><strong>ariditate</strong></span> <span class='ocrx_word' id='word_1_198' title='bbox 3339 1261 3553 1330; x_wconf 80' lang='lat' dir='ltr'><strong>plena.</strong></span> <span class='ocrx_word' id='word_1_199' title='bbox 3603 1257 3681 1313; x_wconf 75' lang='lat' dir='ltr'><strong>Ex</strong></span> <span class='ocrx_word' id='word_1_200' title='bbox 3717 1273 3756 1314; x_wconf 71' lang='lat' dir='ltr'><strong>te</strong></span> 
     </span>
    </p>
   </div>
   <div class='ocr_carea' id='block_1_29' title="bbox 2140 1347 3756 1418">
    <p class='ocr_par' dir='ltr' id='par_1_29' title="bbox 2140 1347 3756 1418">
     <span class='ocr_line' id='line_1_29' title="bbox 2140 1347 3756 1418; baseline -0.003 -14"><span class='ocrx_word' id='word_1_201' title='bbox 2140 1349 2332 1414; x_wconf 84' lang='lat' dir='ltr'><strong>exibit,</strong></span> <span class='ocrx_word' id='word_1_202' title='bbox 2361 1349 2610 1418; x_wconf 84' lang='lat' dir='ltr'><strong>cogitans</strong></span> <span class='ocrx_word' id='word_1_203' title='bbox 2639 1358 2831 1404; x_wconf 90' lang='lat' dir='ltr'><strong>contra</strong></span> <span class='ocrx_word' id='word_1_204' title='bbox 2877 1347 3169 1403; x_wconf 83' lang='lat' dir='ltr'><strong>Dominum</strong></span> <span class='ocrx_word' id='word_1_205' title='bbox 3207 1347 3513 1401; x_wconf 83' lang='lat' dir='ltr'><strong>malitiam</strong></span> <span class='ocrx_word' id='word_1_206' title='bbox 3543 1389 3561 1411; x_wconf 91' lang='lat'><strong>,</strong></span> <span class='ocrx_word' id='word_1_207' title='bbox 3591 1360 3756 1401; x_wconf 65' lang='lat' dir='ltr'><strong>meet:</strong></span> 
     </span>
    </p>
   </div>
   <div class='ocr_carea' id='block_1_30' title="bbox 2139 1440 3754 1510">
    <p class='ocr_par' dir='ltr' id='par_1_30' title="bbox 2139 1440 3754 1510">
     <span class='ocr_line' id='line_1_30' title="bbox 2139 1440 3754 1510; baseline -0.002 -15"><span class='ocrx_word' id='word_1_208' title='bbox 2139 1449 2483 1510; x_wconf 85' lang='lat' dir='ltr'><strong>pertractans</strong></span> <span class='ocrx_word' id='word_1_209' title='bbox 2515 1441 3044 1510; x_wconf 61' lang='lat' dir='ltr'><strong>praevaricationem.</strong></span> <span class='ocrx_word' id='word_1_210' title='bbox 3084 1440 3126 1493; x_wconf 78' lang='grc' dir='ltr'><strong>Δ</strong></span> <span class='ocrx_word' id='word_1_211' title='bbox 3156 1455 3274 1509; x_wconf 89' lang='lat' dir='ltr'><strong>quo</strong></span> <span class='ocrx_word' id='word_1_212' title='bbox 3309 1449 3526 1494; x_wconf 84' lang='lat' dir='ltr'><strong>autem</strong></span> <span class='ocrx_word' id='word_1_213' title='bbox 3563 1442 3754 1510; x_wconf 71' lang='lat' dir='ltr'><strong>cogita—</strong></span> 
     </span>
    </p>
   </div>
   <div class='ocr_carea' id='block_1_31' title="bbox 2144 1531 3755 1604">
    <p class='ocr_par' dir='ltr' id='par_1_31' title="bbox 2144 1531 3755 1604">
     <span class='ocr_line' id='line_1_31' title="bbox 2144 1531 3755 1604; baseline -0.001 -19"><span class='ocrx_word' id='word_1_214' title='bbox 2144 1531 2217 1586; x_wconf 91' lang='lat' dir='ltr'><strong>tio</strong></span> <span class='ocrx_word' id='word_1_215' title='bbox 2243 1543 2430 1587; x_wconf 91' lang='lat' dir='ltr'><strong>contra</strong></span> <span class='ocrx_word' id='word_1_216' title='bbox 2471 1533 2760 1587; x_wconf 87' lang='lat' dir='ltr'><strong>Dominum</strong></span> <span class='ocrx_word' id='word_1_217' title='bbox 2799 1549 3019 1604; x_wconf 86' lang='lat' dir='ltr'><strong>egressa</strong></span> <span class='ocrx_word' id='word_1_218' title='bbox 3051 1545 3156 1596; x_wconf 91' lang='lat' dir='ltr'><strong>est,</strong></span> <span class='ocrx_word' id='word_1_219' title='bbox 3189 1533 3347 1586; x_wconf 82' lang='lat' dir='ltr'><strong>mala</strong></span> <span class='ocrx_word' id='word_1_220' title='bbox 3389 1533 3688 1603; x_wconf 82' lang='lat' dir='ltr'><strong>cogitans,</strong></span> <span class='ocrx_word' id='word_1_221' title='bbox 3715 1544 3755 1584; x_wconf 72' lang='lat' dir='ltr'><strong>ti</strong></span> 
     </span>
    </p>
   </div>
   <div class='ocr_carea' id='block_1_32' title="bbox 2143 1624 3754 1696">
    <p class='ocr_par' dir='ltr' id='par_1_32' title="bbox 2143 1624 3754 1696">
     <span class='ocr_line' id='line_1_32' title="bbox 2143 1624 3754 1696; baseline 0.001 -19"><span class='ocrx_word' id='word_1_222' title='bbox 2143 1624 2414 1678; x_wconf 76' lang='lat' dir='ltr'><strong>contraria</strong></span> <span class='ocrx_word' id='word_1_223' title='bbox 2455 1624 2747 1694; x_wconf 74' lang='lat' dir='ltr'><strong>prazccptis</strong></span> <span class='ocrx_word' id='word_1_224' title='bbox 2787 1625 2925 1695; x_wconf 79' lang='lat' dir='ltr'><strong>ejus.</strong></span> <span class='ocrx_word' id='word_1_225' title='bbox 2979 1625 3084 1678; x_wconf 88' lang='lat' dir='ltr'><strong>nisi</strong></span> <span class='ocrx_word' id='word_1_226' title='bbox 3131 1626 3358 1696; x_wconf 78' lang='lat' dir='ltr'><strong>papulo</strong></span> <span class='ocrx_word' id='word_1_227' title='bbox 3388 1624 3754 1680; x_wconf 69' lang='lat' dir='ltr'><strong>Judteorata.‘</strong></span> 
     </span>
    </p>
   </div>
   <div class='ocr_carea' id='block_1_33' title="bbox 451 1707 3752 1786">
    <p class='ocr_par' dir='ltr' id='par_1_33' title="bbox 451 1707 3752 1786">
     <span class='ocr_line' id='line_1_33' title="bbox 451 1707 3752 1786; baseline -0.001 -16"><span class='ocrx_word' id='word_1_228' title='bbox 451 1729 566 1770; x_wconf 86' lang='lat' dir='ltr'><strong>ram</strong></span> <span class='ocrx_word' id='word_1_229' title='bbox 601 1731 832 1770; x_wconf 72' lang='lat' dir='ltr'><strong>teneam.</strong></span> <span class='ocrx_word' id='word_1_230' title='bbox 873 1715 1243 1770; x_wconf 90' lang='lat' dir='ltr'><strong>Consumctur</strong></span> <span class='ocrx_word' id='word_1_231' title='bbox 1291 1715 1566 1768; x_wconf 86' lang='lat' dir='ltr'><strong>incassum</strong></span> <span class='ocrx_word' id='word_1_232' title='bbox 1625 1709 1778 1768; x_wconf 87' lang='lat' dir='ltr'><strong>labor</strong></span> <span class='ocrx_word' id='word_1_233' title='bbox 1831 1724 2036 1771; x_wconf 88' lang='lat' dir='ltr'><strong>vester.</strong></span> <span class='ocrx_word' id='word_1_234' title='bbox 2070 1707 2114 1763; x_wconf 85' lang='grc' dir='ltr'><strong><em>Β</em></strong></span> <span class='ocrx_word' id='word_1_235' title='bbox 2141 1715 2210 1770; x_wconf 89' lang='lat' dir='ltr'><strong>de</strong></span> <span class='ocrx_word' id='word_1_236' title='bbox 2239 1731 2350 1786; x_wconf 90' lang='lat' dir='ltr'><strong>quo</strong></span> <span class='ocrx_word' id='word_1_237' title='bbox 2379 1716 2546 1770; x_wconf 88' lang='lat' dir='ltr'><strong>Isaias</strong></span> <span class='ocrx_word' id='word_1_238' title='bbox 2586 1718 2838 1772; x_wconf 89' lang='lat' dir='ltr'><strong>dicebat:</strong></span> <span class='ocrx_word' id='word_1_239' title='bbox 2877 1717 2962 1772; x_wconf 79' lang='lat' dir='ltr'><strong>Va:</strong></span> <span class='ocrx_word' id='word_1_240' title='bbox 2992 1717 3132 1783; x_wconf 84' lang='lat' dir='ltr'><strong>illis,</strong></span> <span class='ocrx_word' id='word_1_241' title='bbox 3164 1718 3302 1786; x_wconf 86' lang='lat' dir='ltr'><strong>quia</strong></span> <span class='ocrx_word' id='word_1_242' title='bbox 3347 1717 3656 1770; x_wconf 72' lang='lat' dir='ltr'><strong>consilium</strong></span> <span class='ocrx_word' id='word_1_243' title='bbox 3685 1734 3752 1768; x_wconf 73' lang='lat' dir='ltr'><strong>te-</strong></span> 
     </span>
    </p>
   </div>
   <div class='ocr_carea' id='block_1_34' title="bbox 450 1804 3750 1878">
    <p class='ocr_par' dir='ltr' id='par_1_34' title="bbox 450 1804 3750 1878">
     <span class='ocr_line' id='line_1_34' title="bbox 450 1804 3750 1878; baseline 0 -19"><span class='ocrx_word' id='word_1_244' title='bbox 450 1807 568 1862; x_wconf 76' lang='lat' dir='ltr'><strong>Non</strong></span> <span class='ocrx_word' id='word_1_245' title='bbox 601 1806 842 1878; x_wconf 79' lang='lat' dir='ltr'><strong>proferet</strong></span> <span class='ocrx_word' id='word_1_246' title='bbox 876 1815 1020 1860; x_wconf 88' lang='lat' dir='ltr'><strong>terra</strong></span> <span class='ocrx_word' id='word_1_247' title='bbox 1055 1821 1299 1877; x_wconf 86' lang='lat' dir='ltr'><strong>germen,</strong></span> <span class='ocrx_word' id='word_1_248' title='bbox 1324 1821 1428 1860; x_wconf 85' lang='lat' dir='ltr'><strong>nec</strong></span> <span class='ocrx_word' id='word_1_249' title='bbox 1455 1807 1681 1862; x_wconf 84' lang='lat' dir='ltr'><strong>arbores</strong></span> <span class='ocrx_word' id='word_1_250' title='bbox 1702 1823 1860 1876; x_wconf 81' lang='lat' dir='ltr'><strong>poma</strong></span> <span class='ocrx_word' id='word_1_251' title='bbox 1895 1823 2035 1877; x_wconf 71' lang='lat' dir='ltr'><strong>prte-</strong></span> <span class='ocrx_word' id='word_1_252' title='bbox 2131 1804 2298 1874; x_wconf 83' lang='lat' dir='ltr'><strong>gitant</strong></span> <span class='ocrx_word' id='word_1_253' title='bbox 2329 1805 2525 1858; x_wconf 87' lang='lat' dir='ltr'><strong>malum</strong></span> <span class='ocrx_word' id='word_1_254' title='bbox 2549 1847 2564 1866; x_wconf 94' lang='lat'><strong>,</strong></span> <span class='ocrx_word' id='word_1_255' title='bbox 2616 1815 2802 1858; x_wconf 87' lang='lat' dir='ltr'><strong>contra</strong></span> <span class='ocrx_word' id='word_1_256' title='bbox 2835 1807 3136 1871; x_wconf 86' lang='lat' dir='ltr'><strong>semetipsos</strong></span> <span class='ocrx_word' id='word_1_257' title='bbox 3178 1807 3440 1861; x_wconf 78' lang='lat' dir='ltr'><strong>dicentes</strong></span> <span class='ocrx_word' id='word_1_258' title='bbox 3474 1825 3492 1860; x_wconf 91' lang='lat'><strong>:</strong></span> <span class='ocrx_word' id='word_1_259' title='bbox 3529 1807 3750 1860; x_wconf 68' lang='lat' dir='ltr'><strong>Circus:-</strong></span> 
     </span>
    </p>
   </div>
   <div class='ocr_carea' id='block_1_35' title="bbox 451 1897 2036 1967">
    <p class='ocr_par' dir='ltr' id='par_1_35' title="bbox 451 1897 2036 1967">
     <span class='ocr_line' id='line_1_35' title="bbox 451 1897 2036 1967; baseline 0.001 -13"><span class='ocrx_word' id='word_1_260' title='bbox 451 1900 676 1954; x_wconf 90' lang='lat' dir='ltr'><strong>bcbunt.</strong></span> <span class='ocrx_word' id='word_1_261' title='bbox 717 1897 772 1952; x_wconf 86' lang='lat' dir='ltr'><strong>Si</strong></span> <span class='ocrx_word' id='word_1_262' title='bbox 805 1898 1216 1953; x_wconf 87' lang='lat' dir='ltr'><strong>ambulaveritis</strong></span> <span class='ocrx_word' id='word_1_263' title='bbox 1252 1913 1317 1952; x_wconf 81' lang='lat' dir='ltr'><strong>ex</strong></span> <span class='ocrx_word' id='word_1_264' title='bbox 1359 1898 1590 1953; x_wconf 89' lang='lat' dir='ltr'><strong>adverso</strong></span> <span class='ocrx_word' id='word_1_265' title='bbox 1625 1899 1780 1967; x_wconf 87' lang='lat' dir='ltr'><strong>mihi,</strong></span> <span class='ocrx_word' id='word_1_266' title='bbox 1809 1915 1912 1954; x_wconf 88' lang='lat' dir='ltr'><strong>nec</strong></span> <span class='ocrx_word' id='word_1_267' title='bbox 1939 1917 2036 1956; x_wconf 86' lang='lat' dir='ltr'><strong>vo-</strong></span> 
     </span>
    </p>
   </div>
   <div class='ocr_carea' id='block_1_36' title="bbox 451 1988 2036 2059">
    <p class='ocr_par' dir='ltr' id='par_1_36' title="bbox 451 1988 2036 2059">
     <span class='ocr_line' id='line_1_36' title="bbox 451 1988 2036 2059; baseline 0.001 -15"><span class='ocrx_word' id='word_1_268' title='bbox 451 1989 662 2044; x_wconf 81' lang='lat' dir='ltr'><strong>lueritis</strong></span> <span class='ocrx_word' id='word_1_269' title='bbox 714 1989 905 2043; x_wconf 86' lang='lat' dir='ltr'><strong>audire</strong></span> <span class='ocrx_word' id='word_1_270' title='bbox 950 1989 1078 2055; x_wconf 87' lang='lat' dir='ltr'><strong>me,</strong></span> <span class='ocrx_word' id='word_1_271' title='bbox 1135 1988 1333 2043; x_wconf 86' lang='lat' dir='ltr'><strong>addam</strong></span> <span class='ocrx_word' id='word_1_272' title='bbox 1385 1989 1572 2059; x_wconf 79' lang='lat' dir='ltr'><strong>plagas</strong></span> <span class='ocrx_word' id='word_1_273' title='bbox 1615 1997 1828 2043; x_wconf 86' lang='lat' dir='ltr'><strong>vestras</strong></span> <span class='ocrx_word' id='word_1_274' title='bbox 1862 2005 2036 2058; x_wconf 85' lang='lat' dir='ltr'><strong>usque</strong></span> 
     </span>
    </p>
   </div>
   <div class='ocr_carea' id='block_1_37' title="bbox 451 2081 2033 2153">
    <p class='ocr_par' dir='ltr' id='par_1_37' title="bbox 451 2081 2033 2153">
     <span class='ocr_line' id='line_1_37' title="bbox 451 2081 2033 2153; baseline 0.001 -17"><span class='ocrx_word' id='word_1_275' title='bbox 451 2081 760 2152; x_wconf 80' lang='lat' dir='ltr'><strong>septuplunt</strong></span> <span class='ocrx_word' id='word_1_276' title='bbox 805 2091 1029 2152; x_wconf 85' lang='lat' dir='ltr'><strong>propter</strong></span> <span class='ocrx_word' id='word_1_277' title='bbox 1073 2090 1294 2152; x_wconf 90' lang='lat' dir='ltr'><strong>peccata</strong></span> <span class='ocrx_word' id='word_1_278' title='bbox 1330 2091 1508 2135; x_wconf 87' lang='lat' dir='ltr'><strong>vestra</strong></span> <span class='ocrx_word' id='word_1_279' title='bbox 1546 2099 1558 2134; x_wconf 89' lang='lat'><strong>:</strong></span> <span class='ocrx_word' id='word_1_280' title='bbox 1593 2083 1946 2153; x_wconf 84' lang='lat' dir='ltr'><strong>etnittamque</strong></span> <span class='ocrx_word' id='word_1_281' title='bbox 1979 2085 2033 2138; x_wconf 91' lang='lat' dir='ltr'><strong>in</strong></span> 
     </span>
    </p>
   </div>
   <div class='ocr_carea' id='block_1_38' title="bbox 449 2169 2036 2241">
    <p class='ocr_par' dir='ltr' id='par_1_38' title="bbox 449 2169 2036 2241">
     <span class='ocr_line' id='line_1_38' title="bbox 449 2169 2036 2241; baseline 0.001 -16"><span class='ocrx_word' id='word_1_282' title='bbox 449 2186 547 2226; x_wconf 84' lang='lat' dir='ltr'><strong>vos</strong></span> <span class='ocrx_word' id='word_1_283' title='bbox 578 2172 749 2226; x_wconf 89' lang='lat' dir='ltr'><strong>malas</strong></span> <span class='ocrx_word' id='word_1_284' title='bbox 772 2170 980 2226; x_wconf 79' lang='lat' dir='ltr'><strong>beSIias</strong></span> <span class='ocrx_word' id='word_1_285' title='bbox 1029 2169 1165 2241; x_wconf 83' lang='lat' dir='ltr'><strong>agri,</strong></span> <span class='ocrx_word' id='word_1_286' title='bbox 1199 2185 1320 2239; x_wconf 57' lang='lat' dir='ltr'><strong>qua</strong></span> <span class='ocrx_word' id='word_1_287' title='bbox 1367 2179 1785 2225; x_wconf 86' lang='lat' dir='ltr'><strong>consumanth</strong></span> <span class='ocrx_word' id='word_1_288' title='bbox 1835 2184 1931 2226; x_wconf 88' lang='lat' dir='ltr'><strong>vos</strong></span> <span class='ocrx_word' id='word_1_289' title='bbox 1981 2179 2036 2226; x_wconf 85' lang='lat' dir='ltr'><strong>et</strong></span> 
     </span>
    </p>
   </div>
   <div class='ocr_carea' id='block_1_39' title="bbox 448 2259 2032 2334">
    <p class='ocr_par' dir='ltr' id='par_1_39' title="bbox 448 2259 2032 2334">
     <span class='ocr_line' id='line_1_39' title="bbox 448 2259 2032 2334; baseline 0.001 -17"><span class='ocrx_word' id='word_1_290' title='bbox 448 2276 647 2334; x_wconf 87' lang='lat' dir='ltr'><strong>pecora</strong></span> <span class='ocrx_word' id='word_1_291' title='bbox 683 2271 862 2317; x_wconf 82' lang='lat' dir='ltr'><strong>vestra</strong></span> <span class='ocrx_word' id='word_1_292' title='bbox 888 2301 902 2328; x_wconf 91' lang='lat'><strong>,</strong></span> <span class='ocrx_word' id='word_1_293' title='bbox 961 2269 1016 2316; x_wconf 91' lang='lat' dir='ltr'><strong>ct</strong></span> <span class='ocrx_word' id='word_1_294' title='bbox 1055 2261 1122 2316; x_wconf 87' lang='lat' dir='ltr'><strong>ad</strong></span> <span class='ocrx_word' id='word_1_295' title='bbox 1155 2259 1486 2332; x_wconf 85' lang='lat' dir='ltr'><strong>paucitatem</strong></span> <span class='ocrx_word' id='word_1_296' title='bbox 1526 2270 1720 2316; x_wconf 89' lang='lat' dir='ltr'><strong>cuncta</strong></span> <span class='ocrx_word' id='word_1_297' title='bbox 1767 2262 2032 2334; x_wconf 78' lang='lat' dir='ltr'><strong>redigant,</strong></span> 
     </span>
    </p>
   </div>
   <div class='ocr_carea' id='block_1_40' title="bbox 451 2351 2037 2426">
    <p class='ocr_par' dir='ltr' id='par_1_40' title="bbox 451 2351 2037 2426">
     <span class='ocr_line' id='line_1_40' title="bbox 451 2351 2037 2426; baseline -0.001 -16"><span class='ocrx_word' id='word_1_298' title='bbox 451 2352 790 2426; x_wconf 66' lang='lat' dir='ltr'><strong>desertaeque</strong></span> <span class='ocrx_word' id='word_1_299' title='bbox 817 2353 951 2408; x_wconf 88' lang='lat' dir='ltr'><strong>liant</strong></span> <span class='ocrx_word' id='word_1_300' title='bbox 982 2353 1086 2408; x_wconf 74' lang='lat' dir='ltr'><strong>via:</strong></span> <span class='ocrx_word' id='word_1_301' title='bbox 1109 2363 1328 2408; x_wconf 73' lang='lat' dir='ltr'><strong>vestrae.</strong></span> <span class='ocrx_word' id='word_1_302' title='bbox 1357 2351 1514 2419; x_wconf 82' lang='lat' dir='ltr'><strong>Quod</strong></span> <span class='ocrx_word' id='word_1_303' title='bbox 1539 2353 1585 2408; x_wconf 90' lang='lat' dir='ltr'><strong>si</strong></span> <span class='ocrx_word' id='word_1_304' title='bbox 1617 2369 1719 2408; x_wconf 91' lang='lat' dir='ltr'><strong>nec</strong></span> <span class='ocrx_word' id='word_1_305' title='bbox 1747 2354 1826 2408; x_wconf 90' lang='lat' dir='ltr'><strong>sic</strong></span> <span class='ocrx_word' id='word_1_306' title='bbox 1853 2353 2037 2410; x_wconf 80' lang='lat' dir='ltr'><strong>volue-</strong></span> 
     </span>
    </p>
   </div>
   <div class='ocr_carea' id='block_1_41' title="bbox 452 2444 2038 2518">
    <p class='ocr_par' dir='ltr' id='par_1_41' title="bbox 452 2444 2038 2518">
     <span class='ocr_line' id='line_1_41' title="bbox 452 2444 2038 2518; baseline -0.002 -14"><span class='ocrx_word' id='word_1_307' title='bbox 452 2447 578 2505; x_wconf 88' lang='lat' dir='ltr'><strong>ritis</strong></span> <span class='ocrx_word' id='word_1_308' title='bbox 612 2447 860 2518; x_wconf 84' lang='lat' dir='ltr'><strong>recipere</strong></span> <span class='ocrx_word' id='word_1_309' title='bbox 883 2444 1251 2515; x_wconf 85' lang='lat' dir='ltr'><strong>disciplinam,</strong></span> <span class='ocrx_word' id='word_1_310' title='bbox 1287 2445 1381 2500; x_wconf 82' lang='lat' dir='ltr'><strong>sed</strong></span> <span class='ocrx_word' id='word_1_311' title='bbox 1405 2445 1818 2500; x_wconf 87' lang='lat' dir='ltr'><strong>ambulaveritis</strong></span> <span class='ocrx_word' id='word_1_312' title='bbox 1847 2460 1913 2501; x_wconf 84' lang='lat' dir='ltr'><strong>ex</strong></span> <span class='ocrx_word' id='word_1_313' title='bbox 1941 2446 2038 2502; x_wconf 90' lang='lat' dir='ltr'><strong>ad-</strong></span> 
     </span>
    </p>
   </div>
   <div class='ocr_carea' id='block_1_42' title="bbox 454 2535 2036 2609">
    <p class='ocr_par' dir='ltr' id='par_1_42' title="bbox 454 2535 2036 2609">
     <span class='ocr_line' id='line_1_42' title="bbox 454 2535 2036 2609; baseline -0.004 -13"><span class='ocrx_word' id='word_1_314' title='bbox 454 2555 614 2596; x_wconf 84' lang='lat' dir='ltr'><strong>verso</strong></span> <span class='ocrx_word' id='word_1_315' title='bbox 646 2539 778 2594; x_wconf 87' lang='lat' dir='ltr'><strong>mihi</strong></span> <span class='ocrx_word' id='word_1_316' title='bbox 800 2578 815 2603; x_wconf 96' lang='lat'><strong>,</strong></span> <span class='ocrx_word' id='word_1_317' title='bbox 865 2552 966 2609; x_wconf 83' lang='lat' dir='ltr'><strong>ego</strong></span> <span class='ocrx_word' id='word_1_318' title='bbox 1003 2553 1222 2608; x_wconf 89' lang='lat' dir='ltr'><strong>quoque</strong></span> <span class='ocrx_word' id='word_1_319' title='bbox 1251 2547 1438 2590; x_wconf 88' lang='lat' dir='ltr'><strong>contra</strong></span> <span class='ocrx_word' id='word_1_320' title='bbox 1467 2551 1564 2590; x_wconf 90' lang='lat' dir='ltr'><strong>vos</strong></span> <span class='ocrx_word' id='word_1_321' title='bbox 1597 2535 1860 2591; x_wconf 86' lang='lat' dir='ltr'><strong>adversus</strong></span> <span class='ocrx_word' id='word_1_322' title='bbox 1890 2536 2036 2591; x_wconf 88' lang='lat' dir='ltr'><strong>ince-</strong></span> 
     </span>
    </p>
   </div>
   <div class='ocr_carea' id='block_1_43' title="bbox 451 2626 2035 2698">
    <p class='ocr_par' dir='ltr' id='par_1_43' title="bbox 451 2626 2035 2698">
     <span class='ocr_line' id='line_1_43' title="bbox 451 2626 2035 2698; baseline -0.001 -14"><span class='ocrx_word' id='word_1_323' title='bbox 451 2629 600 2694; x_wconf 87' lang='lat' dir='ltr'><strong>dam,</strong></span> <span class='ocrx_word' id='word_1_324' title='bbox 625 2638 679 2684; x_wconf 75' lang='grc' dir='ltr'>οι</span> <span class='ocrx_word' id='word_1_325' title='bbox 699 2629 999 2698; x_wconf 88' lang='lat' dir='ltr'><strong>percutiam</strong></span> <span class='ocrx_word' id='word_1_326' title='bbox 1017 2643 1113 2683; x_wconf 89' lang='lat' dir='ltr'><strong>vos</strong></span> <span class='ocrx_word' id='word_1_327' title='bbox 1133 2626 1337 2698; x_wconf 88' lang='lat' dir='ltr'><strong>septies</strong></span> <span class='ocrx_word' id='word_1_328' title='bbox 1355 2635 1578 2696; x_wconf 87' lang='lat' dir='ltr'><strong>propter</strong></span> <span class='ocrx_word' id='word_1_329' title='bbox 1592 2635 1813 2697; x_wconf 83' lang='lat' dir='ltr'><strong>peccata</strong></span> <span class='ocrx_word' id='word_1_330' title='bbox 1833 2636 2035 2691; x_wconf 87' lang='lat' dir='ltr'><strong>vestra,</strong></span> 
     </span>
    </p>
   </div>
   <div class='ocr_carea' id='block_1_44' title="bbox 455 2717 2034 2789">
    <p class='ocr_par' dir='ltr' id='par_1_44' title="bbox 455 2717 2034 2789">
     <span class='ocr_line' id='line_1_44' title="bbox 455 2717 2034 2789; baseline -0.001 -15"><span class='ocrx_word' id='word_1_331' title='bbox 455 2719 820 2788; x_wconf 85' lang='lat' dir='ltr'><strong>inducamque</strong></span> <span class='ocrx_word' id='word_1_332' title='bbox 843 2732 1010 2788; x_wconf 87' lang='lat' dir='ltr'><strong>super</strong></span> <span class='ocrx_word' id='word_1_333' title='bbox 1031 2733 1129 2774; x_wconf 88' lang='lat' dir='ltr'><strong>vos</strong></span> <span class='ocrx_word' id='word_1_334' title='bbox 1149 2717 1387 2789; x_wconf 82' lang='lat' dir='ltr'><strong>gladium</strong></span> <span class='ocrx_word' id='word_1_335' title='bbox 1413 2717 1650 2772; x_wconf 87' lang='lat' dir='ltr'><strong>ultorem</strong></span> <span class='ocrx_word' id='word_1_336' title='bbox 1669 2717 1890 2774; x_wconf 76' lang='lat' dir='ltr'><strong>fmderis</strong></span> <span class='ocrx_word' id='word_1_337' title='bbox 1904 2718 2034 2773; x_wconf 84' lang='lat' dir='ltr'><strong>mei.</strong></span> 
     </span>
    </p>
   </div>
   <div class='ocr_carea' id='block_1_45' title="bbox 451 2808 2035 2881">
    <p class='ocr_par' dir='ltr' id='par_1_45' title="bbox 451 2808 2035 2881">
     <span class='ocr_line' id='line_1_45' title="bbox 451 2808 2035 2881; baseline -0.002 -14"><span class='ocrx_word' id='word_1_338' title='bbox 451 2811 703 2881; x_wconf 82' lang='lat' dir='ltr'><strong>Cumque</strong></span> <span class='ocrx_word' id='word_1_339' title='bbox 739 2808 1093 2879; x_wconf 76' lang='lat' dir='ltr'><strong>confugeritis</strong></span> <span class='ocrx_word' id='word_1_340' title='bbox 1123 2810 1190 2864; x_wconf 90' lang='lat' dir='ltr'><strong>ad</strong></span> <span class='ocrx_word' id='word_1_341' title='bbox 1230 2809 1412 2872; x_wconf 81' lang='lat' dir='ltr'><strong>urbes,</strong></span> <span class='ocrx_word' id='word_1_342' title='bbox 1438 2809 1650 2864; x_wconf 87' lang='lat' dir='ltr'><strong>mittam</strong></span> <span class='ocrx_word' id='word_1_343' title='bbox 1673 2810 2035 2880; x_wconf 87' lang='lat' dir='ltr'><strong>pestilentiam</strong></span> 
     </span>
    </p>
   </div>
   <div class='ocr_carea' id='block_1_46' title="bbox 451 2897 2037 2965">
    <p class='ocr_par' dir='ltr' id='par_1_46' title="bbox 451 2897 2037 2965">
     <span class='ocr_line' id='line_1_46' title="bbox 451 2897 2037 2965; baseline 0.001 -11"><span class='ocrx_word' id='word_1_344' title='bbox 451 2899 512 2954; x_wconf 84' lang='lat' dir='ltr'><strong>in</strong></span> <span class='ocrx_word' id='word_1_345' title='bbox 546 2900 726 2954; x_wconf 90' lang='lat' dir='ltr'><strong>medio</strong></span> <span class='ocrx_word' id='word_1_346' title='bbox 761 2897 925 2952; x_wconf 80' lang='lat' dir='ltr'><strong>vestri</strong></span> <span class='ocrx_word' id='word_1_347' title='bbox 954 2939 968 2965; x_wconf 92' lang='lat'><strong>,</strong></span> <span class='ocrx_word' id='word_1_348' title='bbox 1028 2907 1084 2952; x_wconf 92' lang='lat' dir='ltr'><strong>et</strong></span> <span class='ocrx_word' id='word_1_349' title='bbox 1117 2897 1409 2953; x_wconf 89' lang='lat' dir='ltr'><strong>trademini</strong></span> <span class='ocrx_word' id='word_1_350' title='bbox 1449 2898 1692 2954; x_wconf 90' lang='lat' dir='ltr'><strong>hostium</strong></span> <span class='ocrx_word' id='word_1_351' title='bbox 1747 2900 2037 2955; x_wconf 88' lang='lat' dir='ltr'><strong>manibus:</strong></span> 
     </span>
    </p>
   </div>
   <div class='ocr_carea' id='block_1_47' title="bbox 455 2988 2040 3062">
    <p class='ocr_par' dir='ltr' id='par_1_47' title="bbox 455 2988 2040 3062">
     <span class='ocr_line' id='line_1_47' title="bbox 455 2988 2040 3062; baseline 0.001 -16"><span class='ocrx_word' id='word_1_352' title='bbox 455 3001 747 3062; x_wconf 80' lang='lat' dir='ltr'><strong>postquam</strong></span> <span class='ocrx_word' id='word_1_353' title='bbox 773 2988 1098 3060; x_wconf 84' lang='lat' dir='ltr'><strong>conlregero</strong></span> <span class='ocrx_word' id='word_1_354' title='bbox 1134 2989 1388 3044; x_wconf 87' lang='lat' dir='ltr'><strong>baculum</strong></span> <span class='ocrx_word' id='word_1_355' title='bbox 1421 2991 1579 3061; x_wconf 90' lang='lat' dir='ltr'><strong>panis</strong></span> <span class='ocrx_word' id='word_1_356' title='bbox 1613 2991 1818 3058; x_wconf 90' lang='lat' dir='ltr'><strong>vestri,</strong></span> <span class='ocrx_word' id='word_1_357' title='bbox 1871 2992 1941 3046; x_wconf 88' lang='lat' dir='ltr'><strong>ita</strong></span> <span class='ocrx_word' id='word_1_358' title='bbox 1979 3001 2040 3047; x_wconf 89' lang='lat' dir='ltr'><strong>ut</strong></span> 
     </span>
    </p>
   </div>
   <div class='ocr_carea' id='block_1_48' title="bbox 451 3080 2034 3152">
    <p class='ocr_par' dir='ltr' id='par_1_48' title="bbox 451 3080 2034 3152">
     <span class='ocr_line' id='line_1_48' title="bbox 451 3080 2034 3152; baseline -0.001 -13"><span class='ocrx_word' id='word_1_359' title='bbox 451 3084 646 3139; x_wconf 85' lang='lat' dir='ltr'><strong>decem</strong></span> <span class='ocrx_word' id='word_1_360' title='bbox 681 3081 946 3136; x_wconf 90' lang='lat' dir='ltr'><strong>mulieres</strong></span> <span class='ocrx_word' id='word_1_361' title='bbox 973 3081 1027 3134; x_wconf 87' lang='lat' dir='ltr'><strong>in</strong></span> <span class='ocrx_word' id='word_1_362' title='bbox 1052 3080 1270 3136; x_wconf 83' lang='lat' dir='ltr'><strong>clibano</strong></span> <span class='ocrx_word' id='word_1_363' title='bbox 1301 3091 1539 3150; x_wconf 85' lang='lat' dir='ltr'><strong>coquent</strong></span> <span class='ocrx_word' id='word_1_364' title='bbox 1570 3097 1738 3152; x_wconf 85' lang='lat' dir='ltr'><strong>panes</strong></span> <span class='ocrx_word' id='word_1_365' title='bbox 1763 3123 1777 3149; x_wconf 91' lang='lat'><strong>,</strong></span> <span class='ocrx_word' id='word_1_366' title='bbox 1814 3091 1870 3137; x_wconf 89' lang='lat' dir='ltr'><strong>et</strong></span> <span class='ocrx_word' id='word_1_367' title='bbox 1907 3083 2034 3138; x_wconf 89' lang='lat' dir='ltr'><strong>red-</strong></span> 
     </span>
    </p>
   </div>
   <div class='ocr_carea' id='block_1_49' title="bbox 454 3171 2036 3241">
    <p class='ocr_par' dir='ltr' id='par_1_49' title="bbox 454 3171 2036 3241">
     <span class='ocr_line' id='line_1_49' title="bbox 454 3171 2036 3241; baseline 0.001 -13"><span class='ocrx_word' id='word_1_368' title='bbox 454 3173 588 3228; x_wconf 87' lang='lat' dir='ltr'><strong>dent</strong></span> <span class='ocrx_word' id='word_1_369' title='bbox 635 3187 731 3227; x_wconf 91' lang='lat' dir='ltr'><strong>eos</strong></span> <span class='ocrx_word' id='word_1_370' title='bbox 781 3171 850 3227; x_wconf 90' lang='lat' dir='ltr'><strong>ad</strong></span> <span class='ocrx_word' id='word_1_371' title='bbox 881 3171 1118 3241; x_wconf 87' lang='lat' dir='ltr'><strong>pondus,</strong></span> <span class='ocrx_word' id='word_1_372' title='bbox 1151 3179 1208 3226; x_wconf 88' lang='lat' dir='ltr'><strong>et</strong></span> <span class='ocrx_word' id='word_1_373' title='bbox 1255 3171 1557 3227; x_wconf 90' lang='lat' dir='ltr'><strong>comedetis</strong></span> <span class='ocrx_word' id='word_1_374' title='bbox 1584 3212 1598 3238; x_wconf 95' lang='lat'><strong>,</strong></span> <span class='ocrx_word' id='word_1_375' title='bbox 1657 3182 1712 3228; x_wconf 88' lang='lat' dir='ltr'><strong>et</strong></span> <span class='ocrx_word' id='word_1_376' title='bbox 1743 3189 1854 3228; x_wconf 91' lang='lat' dir='ltr'><strong>non</strong></span> <span class='ocrx_word' id='word_1_377' title='bbox 1883 3182 2036 3229; x_wconf 83' lang='lat' dir='ltr'><strong>satu-</strong></span> 
     </span>
    </p>
   </div>
   <div class='ocr_carea' id='block_1_50' title="bbox 454 3262 794 3319">
    <p class='ocr_par' dir='ltr' id='par_1_50' title="bbox 454 3262 794 3319">
     <span class='ocr_line' id='line_1_50' title="bbox 454 3262 794 3319; baseline -0.012 0"><span class='ocrx_word' id='word_1_378' title='bbox 454 3262 732 3319; x_wconf 82' lang='lat' dir='ltr'><strong>rabimini.</strong></span> <span class='ocrx_word' id='word_1_379' title='bbox 775 3283 794 3315; x_wconf 77' lang='grc' dir='ltr'><strong>ι</strong></span> 
     </span>
    </p>
   </div>
   <div class='ocr_carea' id='block_1_51' title="bbox 524 3351 2037 3426">
    <p class='ocr_par' dir='ltr' id='par_1_51' title="bbox 524 3351 2037 3426">
     <span class='ocr_line' id='line_1_51' title="bbox 524 3351 2037 3426; baseline -0.001 -18"><span class='ocrx_word' id='word_1_380' title='bbox 524 3351 750 3408; x_wconf 89' lang='lat' dir='ltr'><strong>Talibus</strong></span> <span class='ocrx_word' id='word_1_381' title='bbox 819 3351 1270 3408; x_wconf 87' lang='lat' dir='ltr'><strong>distinctionibus</strong></span> <span class='ocrx_word' id='word_1_382' title='bbox 1324 3368 1436 3408; x_wconf 89' lang='lat' dir='ltr'><strong>non</strong></span> <span class='ocrx_word' id='word_1_383' title='bbox 1491 3352 1690 3408; x_wconf 81' lang='lat' dir='ltr'><strong>frustra</strong></span> <span class='ocrx_word' id='word_1_384' title='bbox 1759 3351 2037 3426; x_wconf 87' lang='lat' dir='ltr'><strong>legislator</strong></span> 
     </span>
    </p>
   </div>
   <div class='ocr_carea' id='block_1_52' title="bbox 461 3443 2038 3516">
    <p class='ocr_par' dir='ltr' id='par_1_52' title="bbox 461 3443 2038 3516">
     <span class='ocr_line' id='line_1_52' title="bbox 461 3443 2038 3516; baseline 0.001 -16"><span class='ocrx_word' id='word_1_385' title='bbox 461 3461 589 3501; x_wconf 86' lang='lat' dir='ltr'><strong>usus</strong></span> <span class='ocrx_word' id='word_1_386' title='bbox 628 3455 732 3509; x_wconf 91' lang='lat' dir='ltr'><strong>est,</strong></span> <span class='ocrx_word' id='word_1_387' title='bbox 759 3460 885 3500; x_wconf 88' lang='lat' dir='ltr'><strong>nam</strong></span> <span class='ocrx_word' id='word_1_388' title='bbox 912 3461 1062 3500; x_wconf 92' lang='lat' dir='ltr'><strong>nunc</strong></span> <span class='ocrx_word' id='word_1_389' title='bbox 1093 3443 1315 3516; x_wconf 83' lang='lat' dir='ltr'><strong>quidem</strong></span> <span class='ocrx_word' id='word_1_390' title='bbox 1353 3447 1430 3501; x_wconf 80' lang='lat' dir='ltr'><strong>ait</strong></span> <span class='ocrx_word' id='word_1_391' title='bbox 1465 3463 1477 3502; x_wconf 91' lang='lat'>:</span> <span class='ocrx_word' id='word_1_392' title='bbox 1516 3445 1613 3502; x_wconf 85' lang='lat' dir='ltr'><strong>Sin</strong></span> <span class='ocrx_word' id='word_1_393' title='bbox 1641 3457 1820 3502; x_wconf 81' lang='lat' dir='ltr'><strong>autent</strong></span> <span class='ocrx_word' id='word_1_394' title='bbox 1844 3465 1934 3502; x_wconf 85' lang='lat' dir='ltr'><strong>nec</strong></span> <span class='ocrx_word' id='word_1_395' title='bbox 1961 3449 2038 3502; x_wconf 86' lang='lat' dir='ltr'><strong>sic</strong></span> 
     </span>
    </p>
   </div>
   <div class='ocr_carea' id='block_1_53' title="bbox 455 3535 2036 3614">
    <p class='ocr_par' dir='ltr' id='par_1_53' title="bbox 455 3535 2036 3614">
     <span class='ocr_line' id='line_1_53' title="bbox 455 3535 2036 3614; baseline 0.001 -22"><span class='ocrx_word' id='word_1_396' title='bbox 455 3538 754 3614; x_wconf 80' lang='lat' dir='ltr'><strong>obedieritis</strong></span> <span class='ocrx_word' id='word_1_397' title='bbox 781 3537 931 3590; x_wconf 79' lang='lat' dir='ltr'><strong>mihi.</strong></span> <span class='ocrx_word' id='word_1_398' title='bbox 987 3535 1193 3592; x_wconf 86' lang='lat' dir='ltr'><strong>Deinde</strong></span> <span class='ocrx_word' id='word_1_399' title='bbox 1243 3537 1505 3608; x_wconf 88' lang='lat' dir='ltr'><strong>quasdam</strong></span> <span class='ocrx_word' id='word_1_400' title='bbox 1535 3539 1912 3608; x_wconf 88' lang='lat' dir='ltr'><strong>correptiones</strong></span> <span class='ocrx_word' id='word_1_401' title='bbox 1940 3539 2036 3593; x_wconf 86' lang='lat' dir='ltr'><strong>dc-</strong></span> 
     </span>
    </p>
   </div>
   <div class='ocr_carea' id='block_1_54' title="bbox 454 3625 2035 3683">
    <p class='ocr_par' dir='ltr' id='par_1_54' title="bbox 454 3625 2035 3683">
     <span class='ocr_line' id='line_1_54' title="bbox 454 3625 2035 3683; baseline 0 -1"><span class='ocrx_word' id='word_1_402' title='bbox 454 3642 754 3683; x_wconf 81' lang='lat' dir='ltr'><strong>numerans</strong></span> <span class='ocrx_word' id='word_1_403' title='bbox 785 3626 1063 3682; x_wconf 81' lang='lat' dir='ltr'><strong>subinl’ert</strong></span> <span class='ocrx_word' id='word_1_404' title='bbox 1095 3646 1110 3682; x_wconf 89' lang='lat'><strong>:</strong></span> <span class='ocrx_word' id='word_1_405' title='bbox 1139 3625 1200 3683; x_wconf 88' lang='lat' dir='ltr'><strong>Si</strong></span> <span class='ocrx_word' id='word_1_406' title='bbox 1255 3627 1657 3682; x_wconf 85' lang='lat' dir='ltr'><strong>ambulaveritis</strong></span> <span class='ocrx_word' id='word_1_407' title='bbox 1703 3645 1768 3682; x_wconf 74' lang='lat' dir='ltr'><strong>ea:</strong></span> <span class='ocrx_word' id='word_1_408' title='bbox 1819 3633 2035 3683; x_wconf 84' lang='lat' dir='ltr'><strong>adverso</strong></span> 
     </span>
    </p>
   </div>
   <div class='ocr_carea' id='block_1_55' title="bbox 455 3717 2039 3789">
    <p class='ocr_par' dir='ltr' id='par_1_55' title="bbox 455 3717 2039 3789">
     <span class='ocr_line' id='line_1_55' title="bbox 455 3717 2039 3789; baseline 0 -17"><span class='ocrx_word' id='word_1_409' title='bbox 455 3718 605 3772; x_wconf 82' lang='lat' dir='ltr'><strong>mihi.</strong></span> <span class='ocrx_word' id='word_1_410' title='bbox 649 3717 718 3772; x_wconf 88' lang='lat' dir='ltr'><strong>Et</strong></span> <span class='ocrx_word' id='word_1_411' title='bbox 745 3733 936 3772; x_wconf 90' lang='lat' dir='ltr'><strong>rursus</strong></span> <span class='ocrx_word' id='word_1_412' title='bbox 965 3717 1099 3772; x_wconf 89' lang='lat' dir='ltr'><strong>alias</strong></span> <span class='ocrx_word' id='word_1_413' title='bbox 1116 3717 1302 3789; x_wconf 82' lang='lat' dir='ltr'><strong>plagas</strong></span> <span class='ocrx_word' id='word_1_414' title='bbox 1331 3733 1632 3788; x_wconf 79' lang='lat' dir='ltr'><strong>exponens,</strong></span> <span class='ocrx_word' id='word_1_415' title='bbox 1665 3717 1854 3772; x_wconf 89' lang='lat' dir='ltr'><strong>addit:</strong></span> <span class='ocrx_word' id='word_1_416' title='bbox 1887 3717 2039 3782; x_wconf 84' lang='lat' dir='ltr'><strong>Quod</strong></span> 
     </span>
    </p>
   </div>
   <div class='ocr_carea' id='block_1_56' title="bbox 451 3808 2032 3878">
    <p class='ocr_par' dir='ltr' id='par_1_56' title="bbox 451 3808 2032 3878">
     <span class='ocr_line' id='line_1_56' title="bbox 451 3808 2032 3878; baseline 0.001 -16"><span class='ocrx_word' id='word_1_417' title='bbox 451 3809 500 3862; x_wconf 77' lang='lat' dir='ltr'><strong>si</strong></span> <span class='ocrx_word' id='word_1_418' title='bbox 527 3823 619 3862; x_wconf 87' lang='lat' dir='ltr'><strong>nec</strong></span> <span class='ocrx_word' id='word_1_419' title='bbox 638 3808 906 3862; x_wconf 82' lang='lat' dir='ltr'><strong>volueritis</strong></span> <span class='ocrx_word' id='word_1_420' title='bbox 932 3808 1160 3878; x_wconf 85' lang='lat' dir='ltr'><strong>recipere</strong></span> <span class='ocrx_word' id='word_1_421' title='bbox 1201 3809 1536 3877; x_wconf 84' lang='lat' dir='ltr'><strong>disciplinam</strong></span> <span class='ocrx_word' id='word_1_422' title='bbox 1557 3849 1572 3877; x_wconf 90' lang='lat'><strong>,</strong></span> <span class='ocrx_word' id='word_1_423' title='bbox 1599 3810 1690 3864; x_wconf 84' lang='lat' dir='ltr'><strong>sed</strong></span> <span class='ocrx_word' id='word_1_424' title='bbox 1722 3809 2032 3864; x_wconf 86' lang='lat' dir='ltr'><strong>ambulave-</strong></span> 
     </span>
    </p>
   </div>
   <div class='ocr_carea' id='block_1_57' title="bbox 457 3896 1094 3952">
    <p class='ocr_par' dir='ltr' id='par_1_57' title="bbox 457 3896 1094 3952">
     <span class='ocr_line' id='line_1_57' title="bbox 457 3896 1094 3952; baseline 0 0"><span class='ocrx_word' id='word_1_425' title='bbox 457 3897 574 3952; x_wconf 89' lang='lat' dir='ltr'><strong>ritis</strong></span> <span class='ocrx_word' id='word_1_426' title='bbox 601 3913 666 3950; x_wconf 78' lang='lat' dir='ltr'><strong>ea:</strong></span> <span class='ocrx_word' id='word_1_427' title='bbox 689 3897 909 3952; x_wconf 81' lang='lat' dir='ltr'><strong>adverso</strong></span> <span class='ocrx_word' id='word_1_428' title='bbox 946 3896 1094 3952; x_wconf 76' lang='lat' dir='ltr'><strong>mihi.</strong></span> 
     </span>
    </p>
   </div>
   <div class='ocr_carea' id='block_1_58' title="bbox 475 3988 2032 4058">
    <p class='ocr_par' dir='ltr' id='par_1_58' title="bbox 475 3988 2032 4058">
     <span class='ocr_line' id='line_1_58' title="bbox 475 3988 2032 4058; baseline 0.005 -13"><span class='ocrx_word' id='word_1_429' title='bbox 475 4005 483 4010; x_wconf 84' lang='lat'>&#39;</span> <span class='ocrx_word' id='word_1_430' title='bbox 528 3988 636 4046; x_wconf 88' lang='lat' dir='ltr'><strong>Sed</strong></span> <span class='ocrx_word' id='word_1_431' title='bbox 689 3990 846 4058; x_wconf 90' lang='lat' dir='ltr'><strong>ideo,</strong></span> <span class='ocrx_word' id='word_1_432' title='bbox 897 3997 959 4044; x_wconf 92' lang='lat' dir='ltr'><strong>ut</strong></span> <span class='ocrx_word' id='word_1_433' title='bbox 987 3989 1226 4045; x_wconf 74' lang='lat' dir='ltr'><strong>diximus</strong></span> <span class='ocrx_word' id='word_1_434' title='bbox 1249 4032 1264 4057; x_wconf 97' lang='lat'><strong>,</strong></span> <span class='ocrx_word' id='word_1_435' title='bbox 1312 3989 1398 4046; x_wconf 85' lang='lat' dir='ltr'><strong>bis</strong></span> <span class='ocrx_word' id='word_1_436' title='bbox 1423 3990 1870 4051; x_wconf 88' lang='lat' dir='ltr'><strong>distinctionibus</strong></span> <span class='ocrx_word' id='word_1_437' title='bbox 1900 4013 2032 4054; x_wconf 89' lang='lat' dir='ltr'><strong>usus</strong></span> 
     </span>
    </p>
   </div>
   <div class='ocr_carea' id='block_1_59' title="bbox 454 4082 2031 4158">
    <p class='ocr_par' dir='ltr' id='par_1_59' title="bbox 454 4082 2031 4158">
     <span class='ocr_line' id='line_1_59' title="bbox 454 4082 2031 4158; baseline 0.003 -20"><span class='ocrx_word' id='word_1_438' title='bbox 454 4091 578 4149; x_wconf 84' lang='lat' dir='ltr'><strong>est,</strong></span> <span class='ocrx_word' id='word_1_439' title='bbox 630 4083 758 4153; x_wconf 86' lang='lat' dir='ltr'><strong>quia</strong></span> <span class='ocrx_word' id='word_1_440' title='bbox 789 4083 1106 4154; x_wconf 86' lang='lat' dir='ltr'><strong>frequenter</strong></span> <span class='ocrx_word' id='word_1_441' title='bbox 1133 4082 1388 4138; x_wconf 88' lang='lat' dir='ltr'><strong>Christus</strong></span> <span class='ocrx_word' id='word_1_442' title='bbox 1433 4085 1717 4156; x_wconf 90' lang='lat' dir='ltr'><strong>suscipere</strong></span> <span class='ocrx_word' id='word_1_443' title='bbox 1768 4089 2031 4158; x_wconf 85' lang='lat' dir='ltr'><strong>populum</strong></span> 
     </span>
    </p>
   </div>
   <div class='ocr_carea' id='block_1_60' title="bbox 451 4171 2041 4244">
    <p class='ocr_par' dir='ltr' id='par_1_60' title="bbox 451 4171 2041 4244">
     <span class='ocr_line' id='line_1_60' title="bbox 451 4171 2041 4244; baseline -0.001 -11"><span class='ocrx_word' id='word_1_444' title='bbox 451 4171 769 4233; x_wconf 75' lang='lat' dir='ltr'><strong>Judazorum</strong></span> <span class='ocrx_word' id='word_1_445' title='bbox 794 4173 983 4241; x_wconf 88' lang='lat' dir='ltr'><strong>voluit,</strong></span> <span class='ocrx_word' id='word_1_446' title='bbox 1016 4173 1093 4228; x_wconf 92' lang='lat' dir='ltr'><strong>illi</strong></span> <span class='ocrx_word' id='word_1_447' title='bbox 1132 4183 1314 4228; x_wconf 88' lang='lat' dir='ltr'><strong>autem</strong></span> <span class='ocrx_word' id='word_1_448' title='bbox 1350 4190 1458 4228; x_wconf 84' lang='lat' dir='ltr'><strong>non</strong></span> <span class='ocrx_word' id='word_1_449' title='bbox 1487 4175 1838 4244; x_wconf 87' lang='lat' dir='ltr'><strong>obedicbant,</strong></span> <span class='ocrx_word' id='word_1_450' title='bbox 1876 4179 1949 4232; x_wconf 91' lang='lat' dir='ltr'><strong>ita</strong></span> <span class='ocrx_word' id='word_1_451' title='bbox 1977 4183 2041 4232; x_wconf 87' lang='lat' dir='ltr'><strong>ut</strong></span> 
     </span>
    </p>
   </div>
   <div class='ocr_carea' id='block_1_61' title="bbox 455 4260 2039 4334">
    <p class='ocr_par' dir='ltr' id='par_1_61' title="bbox 455 4260 2039 4334">
     <span class='ocr_line' id='line_1_61' title="bbox 455 4260 2039 4334; baseline 0.001 -15"><span class='ocrx_word' id='word_1_452' title='bbox 455 4264 526 4320; x_wconf 87' lang='lat' dir='ltr'><strong>ad</strong></span> <span class='ocrx_word' id='word_1_453' title='bbox 557 4277 652 4318; x_wconf 87' lang='lat' dir='ltr'><strong>eos</strong></span> <span class='ocrx_word' id='word_1_454' title='bbox 677 4263 937 4318; x_wconf 87' lang='lat' dir='ltr'><strong>clamaret</strong></span> <span class='ocrx_word' id='word_1_455' title='bbox 969 4281 980 4315; x_wconf 92' lang='lat'><strong>:</strong></span> <span class='ocrx_word' id='word_1_456' title='bbox 1013 4260 1332 4327; x_wconf 79' lang='lat' dir='ltr'><strong>Jerusalem,</strong></span> <span class='ocrx_word' id='word_1_457' title='bbox 1361 4260 1676 4329; x_wconf 84' lang='lat' dir='ltr'><strong>Jerusalem,</strong></span> <span class='ocrx_word' id='word_1_458' title='bbox 1703 4279 1821 4334; x_wconf 70' lang='lat' dir='ltr'><strong>qua:</strong></span> <span class='ocrx_word' id='word_1_459' title='bbox 1846 4262 2039 4320; x_wconf 75' lang='lat' dir='ltr'><strong>occidis</strong></span> 
     </span>
    </p>
   </div>
   <div class='ocr_carea' id='block_1_62' title="bbox 2064 3052 2108 3110">
    <p class='ocr_par' dir='ltr' id='par_1_62' title="bbox 2064 3052 2108 3110">
     <span class='ocr_line' id='line_1_62' title="bbox 2064 3052 2108 3110; baseline 0 0"><span class='ocrx_word' id='word_1_460' title='bbox 2064 3052 2108 3110; x_wconf 78' lang='grc' dir='ltr'>ο</span> 
     </span>
    </p>
   </div>
   <div class='ocr_carea' id='block_1_63' title="bbox 2135 1895 3748 1973">
    <p class='ocr_par' dir='ltr' id='par_1_63' title="bbox 2135 1895 3748 1973">
     <span class='ocr_line' id='line_1_63' title="bbox 2135 1895 3748 1973; baseline 0.001 -25"><span class='ocrx_word' id='word_1_461' title='bbox 2135 1895 2409 1948; x_wconf 81' lang='lat' dir='ltr'><strong>veniamus</strong></span> <span class='ocrx_word' id='word_1_462' title='bbox 2430 1896 2636 1965; x_wconf 86' lang='lat' dir='ltr'><strong>justum</strong></span> <span class='ocrx_word' id='word_1_463' title='bbox 2673 1917 2686 1950; x_wconf 92' lang='lat'>:</span> <span class='ocrx_word' id='word_1_464' title='bbox 2725 1898 2854 1968; x_wconf 84' lang='lat' dir='ltr'><strong>quia</strong></span> <span class='ocrx_word' id='word_1_465' title='bbox 2880 1897 3086 1950; x_wconf 86' lang='lat' dir='ltr'><strong>inutilis</strong></span> <span class='ocrx_word' id='word_1_466' title='bbox 3117 1908 3194 1973; x_wconf 83' lang='lat' dir='ltr'><strong>est</strong></span> <span class='ocrx_word' id='word_1_467' title='bbox 3226 1897 3396 1952; x_wconf 85' lang='lat' dir='ltr'><strong>nobis</strong></span> <span class='ocrx_word' id='word_1_468' title='bbox 3431 1899 3508 1952; x_wconf 71' lang='lat'><strong>“.</strong></span> <span class='ocrx_word' id='word_1_469' title='bbox 3541 1898 3748 1952; x_wconf 64' lang='lat' dir='ltr'><strong>Fructus</strong></span> 
     </span>
    </p>
   </div>
   <div class='ocr_carea' id='block_1_64' title="bbox 2138 1986 3748 2056">
    <p class='ocr_par' dir='ltr' id='par_1_64' title="bbox 2138 1986 3748 2056">
     <span class='ocr_line' id='line_1_64' title="bbox 2138 1986 3748 2056; baseline 0.001 -16"><span class='ocrx_word' id='word_1_470' title='bbox 2138 2001 2268 2056; x_wconf 80' lang='lat' dir='ltr'><strong>ergo</strong></span> <span class='ocrx_word' id='word_1_471' title='bbox 2294 1986 2542 2040; x_wconf 86' lang='lat' dir='ltr'><strong>laborum</strong></span> <span class='ocrx_word' id='word_1_472' title='bbox 2577 2001 2801 2041; x_wconf 76' lang='lat' dir='ltr'><strong>suorum</strong></span> <span class='ocrx_word' id='word_1_473' title='bbox 2853 1989 3298 2044; x_wconf 86' lang='lat' dir='ltr'><strong>manducabunt.</strong></span> <span class='ocrx_word' id='word_1_474' title='bbox 3339 1988 3598 2044; x_wconf 75' lang='lat' dir='ltr'><strong>Intende</strong></span> <span class='ocrx_word' id='word_1_475' title='bbox 3624 1991 3748 2044; x_wconf 57' lang='lat' dir='ltr'><strong>enim</strong></span> 
     </span>
    </p>
   </div>
   <div class='ocr_carea' id='block_1_65' title="bbox 2137 2074 3744 2146">
    <p class='ocr_par' dir='ltr' id='par_1_65' title="bbox 2137 2074 3744 2146">
     <span class='ocr_line' id='line_1_65' title="bbox 2137 2074 3744 2146; baseline 0.002 -18"><span class='ocrx_word' id='word_1_476' title='bbox 2137 2074 2385 2128; x_wconf 74' lang='lat' dir='ltr'><strong>ordinem</strong></span> <span class='ocrx_word' id='word_1_477' title='bbox 2457 2090 2568 2144; x_wconf 87' lang='lat' dir='ltr'><strong>quo</strong></span> <span class='ocrx_word' id='word_1_478' title='bbox 2641 2076 2813 2130; x_wconf 88' lang='lat' dir='ltr'><strong>utitur</strong></span> <span class='ocrx_word' id='word_1_479' title='bbox 2871 2076 3152 2146; x_wconf 83' lang='lat' dir='ltr'><strong>legislator</strong></span> <span class='ocrx_word' id='word_1_480' title='bbox 3221 2081 3293 2132; x_wconf 83' lang='lat' dir='ltr'><strong>ad</strong></span> <span class='ocrx_word' id='word_1_481' title='bbox 3365 2081 3744 2134; x_wconf 70' lang='lat' dir='ltr'><strong>comminatio-</strong></span> 
     </span>
    </p>
   </div>
   <div class='ocr_carea' id='block_1_66' title="bbox 2138 2181 2289 2220">
    <p class='ocr_par' dir='ltr' id='par_1_66' title="bbox 2138 2181 2289 2220">
     <span class='ocr_line' id='line_1_66' title="bbox 2138 2181 2289 2220; baseline 0 0"><span class='ocrx_word' id='word_1_482' title='bbox 2138 2181 2289 2220; x_wconf 86' lang='lat' dir='ltr'><strong>nem.</strong></span> 
     </span>
    </p>
   </div>
   <div class='ocr_carea' id='block_1_67' title="bbox 2208 2256 3743 2322">
    <p class='ocr_par' dir='ltr' id='par_1_67' title="bbox 2208 2256 3743 2322">
     <span class='ocr_line' id='line_1_67' title="bbox 2208 2256 3743 2322; baseline 0.001 -11"><span class='ocrx_word' id='word_1_483' title='bbox 2208 2256 2308 2312; x_wconf 86' lang='lat' dir='ltr'><strong>Sin</strong></span> <span class='ocrx_word' id='word_1_484' title='bbox 2339 2266 2514 2311; x_wconf 89' lang='lat' dir='ltr'><strong>autem</strong></span> <span class='ocrx_word' id='word_1_485' title='bbox 2551 2273 2641 2311; x_wconf 89' lang='lat' dir='ltr'><strong>nec</strong></span> <span class='ocrx_word' id='word_1_486' title='bbox 2668 2259 2748 2311; x_wconf 77' lang='lat' dir='ltr'><strong>sic</strong></span> <span class='ocrx_word' id='word_1_487' title='bbox 2784 2259 3080 2312; x_wconf 80' lang='lat' dir='ltr'><strong>obetlieritis</strong></span> <span class='ocrx_word' id='word_1_488' title='bbox 3127 2260 3284 2322; x_wconf 86' lang='lat' dir='ltr'><strong>mihi,</strong></span> <span class='ocrx_word' id='word_1_489' title='bbox 3330 2263 3556 2316; x_wconf 79' lang='lat' dir='ltr'><strong>addant</strong></span> <span class='ocrx_word' id='word_1_490' title='bbox 3591 2278 3743 2315; x_wconf 73' lang='lat' dir='ltr'><strong>cerre-</strong></span> 
     </span>
    </p>
   </div>
   <div class='ocr_carea' id='block_1_68' title="bbox 2137 2352 3742 2424">
    <p class='ocr_par' dir='ltr' id='par_1_68' title="bbox 2137 2352 3742 2424">
     <span class='ocr_line' id='line_1_68' title="bbox 2137 2352 3742 2424; baseline 0 -18"><span class='ocrx_word' id='word_1_491' title='bbox 2137 2352 2340 2420; x_wconf 86' lang='lat' dir='ltr'><strong>ptt&#39;ones</strong></span> <span class='ocrx_word' id='word_1_492' title='bbox 2395 2362 2593 2408; x_wconf 80' lang='lat' dir='ltr'><strong>vestras</strong></span> <span class='ocrx_word' id='word_1_493' title='bbox 2637 2353 2934 2424; x_wconf 80' lang='lat' dir='ltr'><strong>septuplum</strong></span> <span class='ocrx_word' id='word_1_494' title='bbox 2993 2363 3208 2423; x_wconf 85' lang='lat' dir='ltr'><strong>propter</strong></span> <span class='ocrx_word' id='word_1_495' title='bbox 3273 2367 3514 2423; x_wconf 79' lang='lat' dir='ltr'><strong>peccata</strong></span> <span class='ocrx_word' id='word_1_496' title='bbox 3571 2369 3742 2411; x_wconf 72' lang='lat' dir='ltr'><strong>vestra.</strong></span> 
     </span>
    </p>
   </div>
   <div class='ocr_carea' id='block_1_69' title="bbox 2137 2440 3742 2514">
    <p class='ocr_par' dir='ltr' id='par_1_69' title="bbox 2137 2440 3742 2514">
     <span class='ocr_line' id='line_1_69' title="bbox 2137 2440 3742 2514; baseline 0 -18"><span class='ocrx_word' id='word_1_497' title='bbox 2137 2440 2491 2514; x_wconf 81' lang='lat' dir='ltr'><strong>Septuaginta</strong></span> <span class='ocrx_word' id='word_1_498' title='bbox 2560 2451 2741 2498; x_wconf 87' lang='lat' dir='ltr'><strong>autem</strong></span> <span class='ocrx_word' id='word_1_499' title='bbox 2822 2442 3112 2497; x_wconf 87' lang='lat' dir='ltr'><strong>ediderunt</strong></span> <span class='ocrx_word' id='word_1_500' title='bbox 3151 2441 3264 2498; x_wconf 87' lang='lat' dir='ltr'><strong>:Si</strong></span> <span class='ocrx_word' id='word_1_501' title='bbox 3309 2461 3496 2514; x_wconf 79' lang='lat' dir='ltr'><strong>usque</strong></span> <span class='ocrx_word' id='word_1_502' title='bbox 3571 2448 3642 2498; x_wconf 79' lang='lat' dir='ltr'><strong>ad</strong></span> <span class='ocrx_word' id='word_1_503' title='bbox 3668 2447 3742 2497; x_wconf 68' lang='lat' dir='ltr'><strong>bss</strong></span> 
     </span>
    </p>
   </div>
   <div class='ocr_carea' id='block_1_70' title="bbox 2140 2534 3740 2605">
    <p class='ocr_par' dir='ltr' id='par_1_70' title="bbox 2140 2534 3740 2605">
     <span class='ocr_line' id='line_1_70' title="bbox 2140 2534 3740 2605; baseline 0 -17"><span class='ocrx_word' id='word_1_504' title='bbox 2140 2549 2245 2588; x_wconf 89' lang='lat' dir='ltr'><strong>non</strong></span> <span class='ocrx_word' id='word_1_505' title='bbox 2283 2535 2562 2588; x_wconf 79' lang='lat' dir='ltr'><strong>audieritis</strong></span> <span class='ocrx_word' id='word_1_506' title='bbox 2603 2550 2684 2587; x_wconf 88' lang='lat' dir='ltr'><strong>me</strong></span> <span class='ocrx_word' id='word_1_507' title='bbox 2713 2551 2726 2586; x_wconf 93' lang='lat'>:</span> <span class='ocrx_word' id='word_1_508' title='bbox 2754 2549 2926 2602; x_wconf 89' lang='lat' dir='ltr'><strong>usque</strong></span> <span class='ocrx_word' id='word_1_509' title='bbox 2956 2534 3024 2588; x_wconf 89' lang='lat' dir='ltr'><strong>ad</strong></span> <span class='ocrx_word' id='word_1_510' title='bbox 3073 2534 3178 2589; x_wconf 89' lang='lat' dir='ltr'><strong>hoc</strong></span> <span class='ocrx_word' id='word_1_511' title='bbox 3196 2535 3357 2604; x_wconf 87' lang='lat' dir='ltr'><strong>quod</strong></span> <span class='ocrx_word' id='word_1_512' title='bbox 3397 2536 3740 2605; x_wconf 70' lang='lat' dir='ltr'><strong>pnecedenth</strong></span> 
     </span>
    </p>
   </div>
   <div class='ocr_carea' id='block_1_71' title="bbox 2139 2624 3739 2695">
    <p class='ocr_par' dir='ltr' id='par_1_71' title="bbox 2139 2624 3739 2695">
     <span class='ocr_line' id='line_1_71' title="bbox 2139 2624 3739 2695; baseline 0.001 -15"><span class='ocrx_word' id='word_1_513' title='bbox 2139 2624 2518 2690; x_wconf 88' lang='lat' dir='ltr'><strong>ostenderunt,</strong></span> <span class='ocrx_word' id='word_1_514' title='bbox 2553 2624 2646 2680; x_wconf 91' lang='lat' dir='ltr'><strong>ubi</strong></span> <span class='ocrx_word' id='word_1_515' title='bbox 2671 2634 2970 2693; x_wconf 78' lang='lat' dir='ltr'><strong>egestatem</strong></span> <span class='ocrx_word' id='word_1_516' title='bbox 2998 2625 3388 2695; x_wconf 84' lang='lat' dir='ltr'><strong>ardoremque</strong></span> <span class='ocrx_word' id='word_1_517' title='bbox 3410 2629 3583 2682; x_wconf 78' lang='lat' dir='ltr'><strong>dixit.</strong></span> <span class='ocrx_word' id='word_1_518' title='bbox 3631 2627 3739 2693; x_wconf 75' lang='lat' dir='ltr'><strong>Qu:</strong></span> 
     </span>
    </p>
   </div>
   <div class='ocr_carea' id='block_1_72' title="bbox 2137 2716 3739 2790">
    <p class='ocr_par' dir='ltr' id='par_1_72' title="bbox 2137 2716 3739 2790">
     <span class='ocr_line' id='line_1_72' title="bbox 2137 2716 3739 2790; baseline 0.001 -19"><span class='ocrx_word' id='word_1_519' title='bbox 2137 2717 2410 2788; x_wconf 89' lang='lat' dir='ltr'><strong>quomodo</strong></span> <span class='ocrx_word' id='word_1_520' title='bbox 2455 2725 2704 2788; x_wconf 88' lang='lat' dir='ltr'><strong>oporteat</strong></span> <span class='ocrx_word' id='word_1_521' title='bbox 2735 2717 2928 2788; x_wconf 87' lang='lat' dir='ltr'><strong>accipi,</strong></span> <span class='ocrx_word' id='word_1_522' title='bbox 2973 2716 3028 2770; x_wconf 92' lang='lat' dir='ltr'><strong>in</strong></span> <span class='ocrx_word' id='word_1_523' title='bbox 3078 2720 3556 2788; x_wconf 68' lang='lat' dir='ltr'><strong>prmcedcntibas</strong></span> <span class='ocrx_word' id='word_1_524' title='bbox 3601 2733 3739 2790; x_wconf 68' lang='lat' dir='ltr'><strong>espo-</strong></span> 
     </span>
    </p>
   </div>
   <div class='ocr_carea' id='block_1_73' title="bbox 2140 2807 3738 2880">
    <p class='ocr_par' dir='ltr' id='par_1_73' title="bbox 2140 2807 3738 2880">
     <span class='ocr_line' id='line_1_73' title="bbox 2140 2807 3738 2880; baseline -0.003 -15"><span class='ocrx_word' id='word_1_525' title='bbox 2140 2809 2371 2865; x_wconf 82' lang='lat' dir='ltr'><strong>suimus.</strong></span> <span class='ocrx_word' id='word_1_526' title='bbox 2403 2807 2458 2862; x_wconf 91' lang='lat' dir='ltr'><strong>Si</strong></span> <span class='ocrx_word' id='word_1_527' title='bbox 2501 2825 2630 2880; x_wconf 89' lang='lat' dir='ltr'><strong>ergo</strong></span> <span class='ocrx_word' id='word_1_528' title='bbox 2658 2824 2830 2878; x_wconf 88' lang='lat' dir='ltr'><strong>usque</strong></span> <span class='ocrx_word' id='word_1_529' title='bbox 2860 2810 2927 2864; x_wconf 89' lang='lat' dir='ltr'><strong>ad</strong></span> <span class='ocrx_word' id='word_1_530' title='bbox 2970 2811 3074 2864; x_wconf 87' lang='lat' dir='ltr'><strong>hoc</strong></span> <span class='ocrx_word' id='word_1_531' title='bbox 3104 2809 3515 2867; x_wconf 84' lang='lat' dir='ltr'><strong>inobedientcs</strong></span> <span class='ocrx_word' id='word_1_532' title='bbox 3544 2811 3738 2877; x_wconf 73' lang='lat' dir='ltr'><strong>fuerint,</strong></span> 
     </span>
    </p>
   </div>
   <div class='ocr_carea' id='block_1_74' title="bbox 2143 2901 3736 2972">
    <p class='ocr_par' dir='ltr' id='par_1_74' title="bbox 2143 2901 3736 2972">
     <span class='ocr_line' id='line_1_74' title="bbox 2143 2901 3736 2972; baseline 0.001 -16"><span class='ocrx_word' id='word_1_533' title='bbox 2143 2911 2205 2956; x_wconf 89' lang='lat' dir='ltr'><strong>ut</strong></span> <span class='ocrx_word' id='word_1_534' title='bbox 2234 2917 2336 2956; x_wconf 84' lang='lat' dir='ltr'><strong>nec</strong></span> <span class='ocrx_word' id='word_1_535' title='bbox 2365 2918 2431 2956; x_wconf 77' lang='lat' dir='ltr'><strong>ex</strong></span> <span class='ocrx_word' id='word_1_536' title='bbox 2463 2901 2570 2967; x_wconf 90' lang='lat' dir='ltr'><strong>his,</strong></span> <span class='ocrx_word' id='word_1_537' title='bbox 2601 2917 2723 2970; x_wconf 81' lang='lat' dir='ltr'><strong>qua:</strong></span> <span class='ocrx_word' id='word_1_538' title='bbox 2751 2901 2894 2956; x_wconf 87' lang='lat' dir='ltr'><strong>dicta</strong></span> <span class='ocrx_word' id='word_1_539' title='bbox 2926 2912 3078 2966; x_wconf 88' lang='lat' dir='ltr'><strong>sunt,</strong></span> <span class='ocrx_word' id='word_1_540' title='bbox 3113 2903 3526 2964; x_wconf 87' lang='lat' dir='ltr'><strong>emendentur,</strong></span> <span class='ocrx_word' id='word_1_541' title='bbox 3565 2906 3736 2972; x_wconf 72' lang='lat' dir='ltr'><strong>septies</strong></span> 
     </span>
    </p>
   </div>
   <div class='ocr_carea' id='block_1_75' title="bbox 2147 2993 3736 3065">
    <p class='ocr_par' dir='ltr' id='par_1_75' title="bbox 2147 2993 3736 3065">
     <span class='ocr_line' id='line_1_75' title="bbox 2147 2993 3736 3065; baseline 0.001 -19"><span class='ocrx_word' id='word_1_542' title='bbox 2147 2993 2266 3048; x_wconf 90' lang='lat' dir='ltr'><strong>illos</strong></span> <span class='ocrx_word' id='word_1_543' title='bbox 2297 2993 2433 3048; x_wconf 78' lang='lat' dir='ltr'><strong>dixit</strong></span> <span class='ocrx_word' id='word_1_544' title='bbox 2456 2993 2679 3064; x_wconf 87' lang='lat' dir='ltr'><strong>corripi,</strong></span> <span class='ocrx_word' id='word_1_545' title='bbox 2701 2993 2756 3048; x_wconf 90' lang='lat' dir='ltr'><strong>id</strong></span> <span class='ocrx_word' id='word_1_546' title='bbox 2779 3003 2881 3058; x_wconf 89' lang='lat' dir='ltr'><strong>est,</strong></span> <span class='ocrx_word' id='word_1_547' title='bbox 2917 2993 3214 3062; x_wconf 75' lang='lat' dir='ltr'><strong>perfectura</strong></span> <span class='ocrx_word' id='word_1_548' title='bbox 3253 2998 3670 3065; x_wconf 72' lang='lat' dir='ltr'><strong>correptionm</strong></span> <span class='ocrx_word' id='word_1_549' title='bbox 3693 2997 3736 3048; x_wconf 75' lang='lat' dir='ltr'><strong>in</strong></span> 
     </span>
    </p>
   </div>
   <div class='ocr_carea' id='block_1_76' title="bbox 2139 3081 3732 3150">
    <p class='ocr_par' dir='ltr' id='par_1_76' title="bbox 2139 3081 3732 3150">
     <span class='ocr_line' id='line_1_76' title="bbox 2139 3081 3732 3150; baseline 0 -14"><span class='ocrx_word' id='word_1_550' title='bbox 2139 3081 2375 3150; x_wconf 86' lang='lat' dir='ltr'><strong>peccatis</strong></span> <span class='ocrx_word' id='word_1_551' title='bbox 2417 3097 2606 3136; x_wconf 90' lang='lat' dir='ltr'><strong>corum</strong></span> <span class='ocrx_word' id='word_1_552' title='bbox 2637 3083 2882 3138; x_wconf 87' lang='lat' dir='ltr'><strong>evenire.</strong></span> <span class='ocrx_word' id='word_1_553' title='bbox 2910 3081 3121 3148; x_wconf 86' lang='lat' dir='ltr'><strong>Quibus</strong></span> <span class='ocrx_word' id='word_1_554' title='bbox 3147 3091 3379 3148; x_wconf 76' lang='lat' dir='ltr'><strong>autem,</strong></span> <span class='ocrx_word' id='word_1_555' title='bbox 3428 3101 3546 3138; x_wconf 88' lang='lat' dir='ltr'><strong>non</strong></span> <span class='ocrx_word' id='word_1_556' title='bbox 3601 3086 3732 3145; x_wconf 81' lang='lat' dir='ltr'><strong>dicit,</strong></span> 
     </span>
    </p>
   </div>
   <div class='ocr_carea' id='block_1_77' title="bbox 2140 3171 3730 3242">
    <p class='ocr_par' dir='ltr' id='par_1_77' title="bbox 2140 3171 3730 3242">
     <span class='ocr_line' id='line_1_77' title="bbox 2140 3171 3730 3242; baseline 0.001 -17"><span class='ocrx_word' id='word_1_557' title='bbox 2140 3181 2198 3226; x_wconf 91' lang='lat' dir='ltr'><strong>ut</strong></span> <span class='ocrx_word' id='word_1_558' title='bbox 2247 3187 2438 3226; x_wconf 88' lang='lat' dir='ltr'><strong>eorum</strong></span> <span class='ocrx_word' id='word_1_559' title='bbox 2491 3181 2714 3241; x_wconf 83' lang='lat' dir='ltr'><strong>peccata</strong></span> <span class='ocrx_word' id='word_1_560' title='bbox 2750 3171 2854 3226; x_wconf 91' lang='lat' dir='ltr'><strong>hoc</strong></span> <span class='ocrx_word' id='word_1_561' title='bbox 2915 3172 3055 3241; x_wconf 88' lang='lat' dir='ltr'><strong>ipso,</strong></span> <span class='ocrx_word' id='word_1_562' title='bbox 3101 3172 3253 3242; x_wconf 88' lang='lat' dir='ltr'><strong>quod</strong></span> <span class='ocrx_word' id='word_1_563' title='bbox 3293 3189 3414 3228; x_wconf 89' lang='lat' dir='ltr'><strong>non</strong></span> <span class='ocrx_word' id='word_1_564' title='bbox 3477 3174 3730 3229; x_wconf 76' lang='lat' dir='ltr'><strong>emendati</strong></span> 
     </span>
    </p>
   </div>
   <div class='ocr_carea' id='block_1_78' title="bbox 2137 3263 3652 3333">
    <p class='ocr_par' dir='ltr' id='par_1_78' title="bbox 2137 3263 3652 3333">
     <span class='ocr_line' id='line_1_78' title="bbox 2137 3263 3652 3333; baseline 0.001 -17"><span class='ocrx_word' id='word_1_565' title='bbox 2137 3270 2284 3328; x_wconf 89' lang='lat' dir='ltr'><strong>sunt,</strong></span> <span class='ocrx_word' id='word_1_566' title='bbox 2306 3279 2373 3318; x_wconf 75' lang='lat' dir='ltr'><strong>ex</strong></span> <span class='ocrx_word' id='word_1_567' title='bbox 2395 3263 2672 3332; x_wconf 74' lang='lat' dir='ltr'><strong>prtedictis</strong></span> <span class='ocrx_word' id='word_1_568' title='bbox 2695 3263 3080 3332; x_wconf 81' lang='lat' dir='ltr'><strong>intelligamus.</strong></span> <span class='ocrx_word' id='word_1_569' title='bbox 3111 3263 3179 3317; x_wconf 83' lang='lat' dir='ltr'><strong>Et</strong></span> <span class='ocrx_word' id='word_1_570' title='bbox 3207 3265 3346 3333; x_wconf 89' lang='lat' dir='ltr'><strong>quid</strong></span> <span class='ocrx_word' id='word_1_571' title='bbox 3373 3266 3450 3318; x_wconf 86' lang='lat' dir='ltr'><strong>ad</strong></span> <span class='ocrx_word' id='word_1_572' title='bbox 3473 3267 3596 3320; x_wconf 84' lang='lat' dir='ltr'><strong>lidit</strong></span> <span class='ocrx_word' id='word_1_573' title='bbox 3630 3267 3652 3318; x_wconf 72' lang='lat'><strong>‘2</strong></span> 
     </span>
    </p>
   </div>
   <div class='ocr_carea' id='block_1_79' title="bbox 2210 3352 3730 3423">
    <p class='ocr_par' dir='ltr' id='par_1_79' title="bbox 2210 3352 3730 3423">
     <span class='ocr_line' id='line_1_79' title="bbox 2210 3352 3730 3423; baseline 0.002 -16"><span class='ocrx_word' id='word_1_574' title='bbox 2210 3352 2278 3407; x_wconf 86' lang='lat' dir='ltr'><strong>Et</strong></span> <span class='ocrx_word' id='word_1_575' title='bbox 2313 3363 2578 3407; x_wconf 89' lang='lat' dir='ltr'><strong>conteram</strong></span> <span class='ocrx_word' id='word_1_576' title='bbox 2602 3353 2856 3407; x_wconf 82' lang='lat' dir='ltr'><strong>duritiam</strong></span> <span class='ocrx_word' id='word_1_577' title='bbox 2873 3355 3129 3423; x_wconf 83' lang='lat' dir='ltr'><strong>superbia:</strong></span> <span class='ocrx_word' id='word_1_578' title='bbox 3159 3365 3372 3409; x_wconf 72' lang='lat' dir='ltr'><strong>vestr-tr.</strong></span> <span class='ocrx_word' id='word_1_579' title='bbox 3405 3355 3532 3411; x_wconf 77' lang='lat' dir='ltr'><strong>Non</strong></span> <span class='ocrx_word' id='word_1_580' title='bbox 3565 3358 3730 3410; x_wconf 75' lang='lat' dir='ltr'><strong>volue-</strong></span> 
     </span>
    </p>
   </div>
   <div class='ocr_carea' id='block_1_80' title="bbox 2137 3444 3726 3516">
    <p class='ocr_par' dir='ltr' id='par_1_80' title="bbox 2137 3444 3726 3516">
     <span class='ocr_line' id='line_1_80' title="bbox 2137 3444 3726 3516; baseline 0.001 -18"><span class='ocrx_word' id='word_1_581' title='bbox 2137 3453 2270 3500; x_wconf 88' lang='lat' dir='ltr'><strong>runt</strong></span> <span class='ocrx_word' id='word_1_582' title='bbox 2318 3460 2438 3501; x_wconf 88' lang='lat' dir='ltr'><strong>eam</strong></span> <span class='ocrx_word' id='word_1_583' title='bbox 2480 3445 2684 3500; x_wconf 81' lang='lat' dir='ltr'><strong>Christi</strong></span> <span class='ocrx_word' id='word_1_584' title='bbox 2737 3444 3048 3500; x_wconf 77' lang='lat' dir='ltr'><strong>libertatem</strong></span> <span class='ocrx_word' id='word_1_585' title='bbox 3095 3446 3410 3516; x_wconf 79' lang='lat' dir='ltr'><strong>suscipere,</strong></span> <span class='ocrx_word' id='word_1_586' title='bbox 3471 3449 3726 3502; x_wconf 70' lang='lat' dir='ltr'><strong>dicentes:</strong></span> 
     </span>
    </p>
   </div>
   <div class='ocr_carea' id='block_1_81' title="bbox 2136 3535 3724 3611">
    <p class='ocr_par' dir='ltr' id='par_1_81' title="bbox 2136 3535 3724 3611">
     <span class='ocr_line' id='line_1_81' title="bbox 2136 3535 3724 3611; baseline -0.002 -18"><span class='ocrx_word' id='word_1_587' title='bbox 2136 3536 2324 3593; x_wconf 86' lang='lat' dir='ltr'><strong>Semen</strong></span> <span class='ocrx_word' id='word_1_588' title='bbox 2357 3537 2578 3592; x_wconf 75' lang='lat' dir='ltr'><strong>Abraltrc</strong></span> <span class='ocrx_word' id='word_1_589' title='bbox 2605 3553 2808 3599; x_wconf 83' lang='lat' dir='ltr'><strong>sumus,</strong></span> <span class='ocrx_word' id='word_1_590' title='bbox 2832 3547 2878 3591; x_wconf 88' lang='lat' dir='ltr'><strong>et</strong></span> <span class='ocrx_word' id='word_1_591' title='bbox 2903 3535 3035 3590; x_wconf 86' lang='lat' dir='ltr'><strong>nulli</strong></span> <span class='ocrx_word' id='word_1_592' title='bbox 3065 3538 3385 3593; x_wconf 68' lang='lat' dir='ltr'><strong>seruiuimus</strong></span> <span class='ocrx_word' id='word_1_593' title='bbox 3426 3541 3724 3611; x_wconf 71' lang='lat' dir='ltr'><strong>unquam&quot;.</strong></span> 
     </span>
    </p>
   </div>
   <div class='ocr_carea' id='block_1_82' title="bbox 2141 3628 3723 3700">
    <p class='ocr_par' dir='ltr' id='par_1_82' title="bbox 2141 3628 3723 3700">
     <span class='ocr_line' id='line_1_82' title="bbox 2141 3628 3723 3700; baseline -0.001 -17"><span class='ocrx_word' id='word_1_594' title='bbox 2141 3629 2292 3684; x_wconf 84' lang='lat' dir='ltr'><strong>llanc</strong></span> <span class='ocrx_word' id='word_1_595' title='bbox 2323 3645 2511 3684; x_wconf 89' lang='lat' dir='ltr'><strong>eorum</strong></span> <span class='ocrx_word' id='word_1_596' title='bbox 2561 3628 2818 3684; x_wconf 89' lang='lat' dir='ltr'><strong>duritiam</strong></span> <span class='ocrx_word' id='word_1_597' title='bbox 2865 3630 3135 3700; x_wconf 76' lang='lat' dir='ltr'><strong>superbia:</strong></span> <span class='ocrx_word' id='word_1_598' title='bbox 3197 3631 3498 3698; x_wconf 86' lang='lat' dir='ltr'><strong>contrivit,</strong></span> <span class='ocrx_word' id='word_1_599' title='bbox 3551 3631 3723 3686; x_wconf 74' lang='lat' dir='ltr'><strong>servire</strong></span> 
     </span>
    </p>
   </div>
   <div class='ocr_carea' id='block_1_83' title="bbox 2137 3718 3722 3791">
    <p class='ocr_par' dir='ltr' id='par_1_83' title="bbox 2137 3718 3722 3791">
     <span class='ocr_line' id='line_1_83' title="bbox 2137 3718 3722 3791; baseline -0.003 -16"><span class='ocrx_word' id='word_1_600' title='bbox 2137 3736 2233 3776; x_wconf 79' lang='lat' dir='ltr'><strong>eos</strong></span> <span class='ocrx_word' id='word_1_601' title='bbox 2261 3721 2512 3791; x_wconf 82' lang='lat' dir='ltr'><strong>gentibus</strong></span> <span class='ocrx_word' id='word_1_602' title='bbox 2531 3719 2758 3774; x_wconf 83' lang='lat' dir='ltr'><strong>faciens.</strong></span> <span class='ocrx_word' id='word_1_603' title='bbox 2788 3718 2936 3772; x_wconf 86' lang='lat' dir='ltr'><strong>Dabo</strong></span> <span class='ocrx_word' id='word_1_604' title='bbox 2963 3719 3149 3772; x_wconf 75' lang='lat' dir='ltr'><strong>cwlum</strong></span> <span class='ocrx_word' id='word_1_605' title='bbox 3171 3721 3317 3773; x_wconf 78' lang='lat' dir='ltr'><strong>vobis</strong></span> <span class='ocrx_word' id='word_1_606' title='bbox 3343 3728 3579 3790; x_wconf 77' lang='lat' dir='ltr'><strong>desuper</strong></span> <span class='ocrx_word' id='word_1_607' title='bbox 3605 3726 3722 3775; x_wconf 61' lang='lat' dir='ltr'><strong>sicut</strong></span> 
     </span>
    </p>
   </div>
   <div class='ocr_carea' id='block_1_84' title="bbox 2145 3804 3725 3884">
    <p class='ocr_par' dir='ltr' id='par_1_84' title="bbox 2145 3804 3725 3884">
     <span class='ocr_line' id='line_1_84' title="bbox 2145 3804 3725 3884; baseline 0 -17"><span class='ocrx_word' id='word_1_608' title='bbox 2145 3815 2369 3884; x_wconf 80' lang='lat' dir='ltr'><strong>ferrum.</strong></span> <span class='ocrx_word' id='word_1_609' title='bbox 2399 3804 2612 3866; x_wconf 85' lang='lat' dir='ltr'><strong>Nullam</strong></span> <span class='ocrx_word' id='word_1_610' title='bbox 2637 3827 2767 3882; x_wconf 87' lang='lat' dir='ltr'><strong>ergo</strong></span> <span class='ocrx_word' id='word_1_611' title='bbox 2785 3828 2848 3866; x_wconf 81' lang='lat' dir='ltr'><strong>ex</strong></span> <span class='ocrx_word' id='word_1_612' title='bbox 2881 3827 2948 3866; x_wconf 84' lang='lat' dir='ltr'><strong>eo</strong></span> <span class='ocrx_word' id='word_1_613' title='bbox 2969 3811 3350 3866; x_wconf 87' lang='lat' dir='ltr'><strong>visitationem</strong></span> <span class='ocrx_word' id='word_1_614' title='bbox 3377 3817 3604 3884; x_wconf 77' lang='lat' dir='ltr'><strong>penitus</strong></span> <span class='ocrx_word' id='word_1_615' title='bbox 3625 3825 3725 3868; x_wconf 77' lang='lat' dir='ltr'><strong>seat</strong></span> 
     </span>
    </p>
   </div>
   <div class='ocr_carea' id='block_1_85' title="bbox 2141 3901 3722 3973">
    <p class='ocr_par' dir='ltr' id='par_1_85' title="bbox 2141 3901 3722 3973">
     <span class='ocr_line' id='line_1_85' title="bbox 2141 3901 3722 3973; baseline 0 -15"><span class='ocrx_word' id='word_1_616' title='bbox 2141 3903 2347 3973; x_wconf 86' lang='lat' dir='ltr'><strong>adepti.</strong></span> <span class='ocrx_word' id='word_1_617' title='bbox 2388 3901 2456 3956; x_wconf 83' lang='lat' dir='ltr'><strong>Et</strong></span> <span class='ocrx_word' id='word_1_618' title='bbox 2486 3911 2680 3956; x_wconf 85' lang='lat' dir='ltr'><strong>terram</strong></span> <span class='ocrx_word' id='word_1_619' title='bbox 2709 3919 2934 3957; x_wconf 79' lang='lat' dir='ltr'><strong>amcam.</strong></span> <span class='ocrx_word' id='word_1_620' title='bbox 2970 3903 3139 3956; x_wconf 87' lang='lat' dir='ltr'><strong>Terra</strong></span> <span class='ocrx_word' id='word_1_621' title='bbox 3170 3903 3326 3957; x_wconf 87' lang='lat' dir='ltr'><strong>enim</strong></span> <span class='ocrx_word' id='word_1_622' title='bbox 3367 3905 3578 3961; x_wconf 68' lang='lat' dir='ltr'><strong>divina:</strong></span> <span class='ocrx_word' id='word_1_623' title='bbox 3604 3906 3722 3960; x_wconf 77' lang='lat' dir='ltr'><strong>Sen-</strong></span> 
     </span>
    </p>
   </div>
   <div class='ocr_carea' id='block_1_86' title="bbox 2138 3993 3719 4066">
    <p class='ocr_par' dir='ltr' id='par_1_86' title="bbox 2138 3993 3719 4066">
     <span class='ocr_line' id='line_1_86' title="bbox 2138 3993 3719 4066; baseline 0 -16"><span class='ocrx_word' id='word_1_624' title='bbox 2138 4005 2333 4066; x_wconf 70' lang='lat' dir='ltr'><strong>pturte,</strong></span> <span class='ocrx_word' id='word_1_625' title='bbox 2377 4011 2542 4066; x_wconf 87' lang='lat' dir='ltr'><strong>quam</strong></span> <span class='ocrx_word' id='word_1_626' title='bbox 2579 3994 2888 4066; x_wconf 83' lang='lat' dir='ltr'><strong>possident,</strong></span> <span class='ocrx_word' id='word_1_627' title='bbox 2947 3993 3291 4048; x_wconf 81' lang='lat' dir='ltr'><strong>infructuosa</strong></span> <span class='ocrx_word' id='word_1_628' title='bbox 3338 3995 3426 4050; x_wconf 87' lang='lat' dir='ltr'><strong>eis</strong></span> <span class='ocrx_word' id='word_1_629' title='bbox 3461 4009 3580 4064; x_wconf 86' lang='lat' dir='ltr'><strong>est;</strong></span> <span class='ocrx_word' id='word_1_630' title='bbox 3621 4014 3719 4052; x_wconf 80' lang='lat' dir='ltr'><strong>cum</strong></span> 
     </span>
    </p>
   </div>
   <div class='ocr_carea' id='block_1_87' title="bbox 2139 4085 3719 4157">
    <p class='ocr_par' dir='ltr' id='par_1_87' title="bbox 2139 4085 3719 4157">
     <span class='ocr_line' id='line_1_87' title="bbox 2139 4085 3719 4157; baseline 0 -17"><span class='ocrx_word' id='word_1_631' title='bbox 2139 4101 2252 4141; x_wconf 85' lang='lat' dir='ltr'><strong>non</strong></span> <span class='ocrx_word' id='word_1_632' title='bbox 2294 4087 2362 4141; x_wconf 89' lang='lat' dir='ltr'><strong>ab</strong></span> <span class='ocrx_word' id='word_1_633' title='bbox 2411 4087 2491 4140; x_wconf 90' lang='lat' dir='ltr'><strong>eis</strong></span> <span class='ocrx_word' id='word_1_634' title='bbox 2536 4085 2854 4157; x_wconf 86' lang='lat' dir='ltr'><strong>intelligitur</strong></span> <span class='ocrx_word' id='word_1_635' title='bbox 2905 4101 3012 4156; x_wconf 81' lang='lat' dir='ltr'><strong>qun</strong></span> <span class='ocrx_word' id='word_1_636' title='bbox 3050 4095 3310 4155; x_wconf 89' lang='lat' dir='ltr'><strong>oporteat</strong></span> <span class='ocrx_word' id='word_1_637' title='bbox 3366 4089 3567 4154; x_wconf 88' lang='lat' dir='ltr'><strong>modo,</strong></span> <span class='ocrx_word' id='word_1_638' title='bbox 3602 4091 3719 4142; x_wconf 75' lang='lat' dir='ltr'><strong>illaut</strong></span> 
     </span>
    </p>
   </div>
   <div class='ocr_carea' id='block_1_88' title="bbox 2139 4174 3718 4246">
    <p class='ocr_par' dir='ltr' id='par_1_88' title="bbox 2139 4174 3718 4246">
     <span class='ocr_line' id='line_1_88' title="bbox 2139 4174 3718 4246; baseline 0.001 -16"><span class='ocrx_word' id='word_1_639' title='bbox 2139 4190 2346 4230; x_wconf 66' lang='lat' dir='ltr'><strong>aeneam</strong></span> <span class='ocrx_word' id='word_1_640' title='bbox 2398 4189 2518 4230; x_wconf 87' lang='lat' dir='ltr'><strong>esse</strong></span> <span class='ocrx_word' id='word_1_641' title='bbox 2561 4174 2712 4229; x_wconf 91' lang='lat' dir='ltr'><strong>dicit.</strong></span> <span class='ocrx_word' id='word_1_642' title='bbox 2755 4175 2837 4230; x_wconf 75' lang='lat' dir='ltr'><strong>Ad</strong></span> <span class='ocrx_word' id='word_1_643' title='bbox 2876 4175 3036 4246; x_wconf 86' lang='lat' dir='ltr'><strong>cujus</strong></span> <span class='ocrx_word' id='word_1_644' title='bbox 3090 4176 3168 4229; x_wconf 90' lang='lat' dir='ltr'><strong>rei</strong></span> <span class='ocrx_word' id='word_1_645' title='bbox 3206 4177 3602 4234; x_wconf 86' lang='lat' dir='ltr'><strong>ostensionem</strong></span> <span class='ocrx_word' id='word_1_646' title='bbox 3645 4179 3718 4233; x_wconf 79' lang='lat' dir='ltr'><strong>ad-</strong></span> 
     </span>
    </p>
   </div>
   <div class='ocr_carea' id='block_1_89' title="bbox 2138 4265 2326 4322">
    <p class='ocr_par' dir='ltr' id='par_1_89' title="bbox 2138 4265 2326 4322">
     <span class='ocr_line' id='line_1_89' title="bbox 2138 4265 2326 4322; baseline -0.016 0"><span class='ocrx_word' id='word_1_647' title='bbox 2138 4265 2280 4322; x_wconf 84' lang='lat' dir='ltr'><strong>didit</strong></span> <span class='ocrx_word' id='word_1_648' title='bbox 2313 4284 2326 4319; x_wconf 90' lang='lat'><strong>:</strong></span> 
     </span>
    </p>
   </div>
   <div class='ocr_carea' id='block_1_90' title="bbox 459 4350 3707 4439">
    <p class='ocr_par' dir='ltr' id='par_1_90' title="bbox 459 4350 3707 4439">
     <span class='ocr_line' id='line_1_90' title="bbox 459 4350 3707 4439; baseline 0.001 -30"><span class='ocrx_word' id='word_1_649' title='bbox 459 4355 760 4422; x_wconf 80' lang='lat' dir='ltr'><strong>prophetas,</strong></span> <span class='ocrx_word' id='word_1_650' title='bbox 785 4363 833 4407; x_wconf 91' lang='lat' dir='ltr'><strong>et</strong></span> <span class='ocrx_word' id='word_1_651' title='bbox 860 4353 1069 4422; x_wconf 77' lang='lat' dir='ltr'><strong>lepidas</strong></span> <span class='ocrx_word' id='word_1_652' title='bbox 1093 4367 1178 4405; x_wconf 87' lang='lat' dir='ltr'><strong>eos</strong></span> <span class='ocrx_word' id='word_1_653' title='bbox 1203 4350 1294 4420; x_wconf 86' lang='lat' dir='ltr'><strong>qui</strong></span> <span class='ocrx_word' id='word_1_654' title='bbox 1317 4351 1385 4404; x_wconf 84' lang='lat' dir='ltr'><strong>ad</strong></span> <span class='ocrx_word' id='word_1_655' title='bbox 1415 4359 1464 4404; x_wconf 89' lang='lat' dir='ltr'><strong>te</strong></span> <span class='ocrx_word' id='word_1_656' title='bbox 1486 4353 1630 4405; x_wconf 86' lang='lat' dir='ltr'><strong>missi</strong></span> <span class='ocrx_word' id='word_1_657' title='bbox 1649 4357 2036 4425; x_wconf 87' lang='lat' dir='ltr'><strong>sunt:quoties</strong></span> <span class='ocrx_word' id='word_1_658' title='bbox 2070 4383 2114 4439; x_wconf 70' lang='grc' dir='ltr'>υ</span> <span class='ocrx_word' id='word_1_659' title='bbox 2211 4357 2557 4414; x_wconf 83' lang='lat' dir='ltr'><strong>Consumctur</strong></span> <span class='ocrx_word' id='word_1_660' title='bbox 2599 4357 2867 4410; x_wconf 84' lang='lat' dir='ltr'><strong>incassum</strong></span> <span class='ocrx_word' id='word_1_661' title='bbox 2915 4355 3065 4409; x_wconf 88' lang='lat' dir='ltr'><strong>labor</strong></span> <span class='ocrx_word' id='word_1_662' title='bbox 3107 4366 3296 4414; x_wconf 83' lang='lat' dir='ltr'><strong>vester.</strong></span> <span class='ocrx_word' id='word_1_663' title='bbox 3343 4358 3531 4416; x_wconf 86' lang='lat' dir='ltr'><strong>Labor</strong></span> <span class='ocrx_word' id='word_1_664' title='bbox 3564 4359 3707 4420; x_wconf 75' lang='lat' dir='ltr'><strong>enim,</strong></span> 
     </span>
    </p>
   </div>
   <div class='ocr_carea' id='block_1_91' title="bbox 461 4441 2038 4519">
    <p class='ocr_par' dir='ltr' id='par_1_91' title="bbox 461 4441 2038 4519">
     <span class='ocr_line' id='line_1_91' title="bbox 461 4441 2038 4519; baseline 0.001 -19"><span class='ocrx_word' id='word_1_665' title='bbox 461 4443 605 4500; x_wconf 73' lang='lat' dir='ltr'><strong>volui</strong></span> <span class='ocrx_word' id='word_1_666' title='bbox 642 4458 958 4514; x_wconf 82' lang='lat' dir='ltr'><strong>congregare</strong></span> <span class='ocrx_word' id='word_1_667' title='bbox 995 4441 1133 4510; x_wconf 80' lang='lat' dir='ltr'><strong>ﬁlios</strong></span> <span class='ocrx_word' id='word_1_668' title='bbox 1163 4450 1308 4508; x_wconf 87' lang='lat' dir='ltr'><strong>tuos,</strong></span> <span class='ocrx_word' id='word_1_669' title='bbox 1351 4441 1487 4494; x_wconf 87' lang='lat' dir='ltr'><strong>sicut</strong></span> <span class='ocrx_word' id='word_1_670' title='bbox 1522 4443 1724 4511; x_wconf 87' lang='lat' dir='ltr'><strong>gallina</strong></span> <span class='ocrx_word' id='word_1_671' title='bbox 1755 4457 2038 4519; x_wconf 82' lang='lat' dir='ltr'><strong>congregat</strong></span> 
     </span>
    </p>
   </div>
   <div class='ocr_carea' id='block_1_92' title="bbox 459 4531 2040 4609">
    <p class='ocr_par' dir='ltr' id='par_1_92' title="bbox 459 4531 2040 4609">
     <span class='ocr_line' id='line_1_92' title="bbox 459 4531 2040 4609; baseline 0.003 -20"><span class='ocrx_word' id='word_1_672' title='bbox 459 4535 631 4606; x_wconf 84' lang='lat' dir='ltr'><strong>pullos</strong></span> <span class='ocrx_word' id='word_1_673' title='bbox 656 4549 776 4588; x_wconf 83' lang='lat' dir='ltr'><strong>suos</strong></span> <span class='ocrx_word' id='word_1_674' title='bbox 807 4533 900 4587; x_wconf 85' lang='lat' dir='ltr'><strong>sub</strong></span> <span class='ocrx_word' id='word_1_675' title='bbox 949 4531 1067 4586; x_wconf 88' lang='lat' dir='ltr'><strong>alas</strong></span> <span class='ocrx_word' id='word_1_676' title='bbox 1098 4548 1244 4596; x_wconf 85' lang='lat' dir='ltr'><strong>suas,</strong></span> <span class='ocrx_word' id='word_1_677' title='bbox 1281 4541 1328 4585; x_wconf 85' lang='lat' dir='ltr'><strong>et</strong></span> <span class='ocrx_word' id='word_1_678' title='bbox 1361 4531 1580 4586; x_wconf 85' lang='lat' dir='ltr'><strong>noluisti</strong></span> <span class='ocrx_word' id='word_1_679' title='bbox 1607 4533 1702 4588; x_wconf 78' lang='lat'><strong>&quot;?</strong></span> <span class='ocrx_word' id='word_1_680' title='bbox 1737 4536 1868 4591; x_wconf 88' lang='lat' dir='ltr'><strong>Illud</strong></span> <span class='ocrx_word' id='word_1_681' title='bbox 1910 4554 2040 4609; x_wconf 85' lang='lat' dir='ltr'><strong>ergo</strong></span> 
     </span>
    </p>
   </div>
   <div class='ocr_carea' id='block_1_93' title="bbox 459 4623 2039 4699">
    <p class='ocr_par' dir='ltr' id='par_1_93' title="bbox 459 4623 2039 4699">
     <span class='ocr_line' id='line_1_93' title="bbox 459 4623 2039 4699; baseline 0.001 -17"><span class='ocrx_word' id='word_1_682' title='bbox 459 4627 697 4682; x_wconf 73' lang='lat' dir='ltr'><strong>maxime</strong></span> <span class='ocrx_word' id='word_1_683' title='bbox 723 4625 779 4680; x_wconf 91' lang='lat' dir='ltr'><strong>in</strong></span> <span class='ocrx_word' id='word_1_684' title='bbox 813 4625 918 4692; x_wconf 86' lang='lat' dir='ltr'><strong>his,</strong></span> <span class='ocrx_word' id='word_1_685' title='bbox 973 4639 1096 4694; x_wconf 85' lang='lat' dir='ltr'><strong>quae</strong></span> <span class='ocrx_word' id='word_1_686' title='bbox 1126 4623 1272 4679; x_wconf 85' lang='lat' dir='ltr'><strong>diota</strong></span> <span class='ocrx_word' id='word_1_687' title='bbox 1302 4633 1451 4689; x_wconf 89' lang='lat' dir='ltr'><strong>sunt,</strong></span> <span class='ocrx_word' id='word_1_688' title='bbox 1493 4626 1862 4691; x_wconf 89' lang='lat' dir='ltr'><strong>attendamus,</strong></span> <span class='ocrx_word' id='word_1_689' title='bbox 1913 4629 2039 4699; x_wconf 84' lang='lat' dir='ltr'><strong>quia</strong></span> 
     </span>
    </p>
   </div>
   <div class='ocr_carea' id='block_1_94' title="bbox 459 4715 2042 4787">
    <p class='ocr_par' dir='ltr' id='par_1_94' title="bbox 459 4715 2042 4787">
     <span class='ocr_line' id='line_1_94' title="bbox 459 4715 2042 4787; baseline 0.001 -13"><span class='ocrx_word' id='word_1_690' title='bbox 459 4732 586 4773; x_wconf 87' lang='lat' dir='ltr'><strong>cum</strong></span> <span class='ocrx_word' id='word_1_691' title='bbox 621 4726 832 4787; x_wconf 87' lang='lat' dir='ltr'><strong>septem</strong></span> <span class='ocrx_word' id='word_1_692' title='bbox 865 4715 1239 4786; x_wconf 87' lang='lat' dir='ltr'><strong>correptiones</strong></span> <span class='ocrx_word' id='word_1_693' title='bbox 1291 4717 1658 4773; x_wconf 84' lang='lat' dir='ltr'><strong>comminatus</strong></span> <span class='ocrx_word' id='word_1_694' title='bbox 1708 4717 1909 4786; x_wconf 87' lang='lat' dir='ltr'><strong>fuerit,</strong></span> <span class='ocrx_word' id='word_1_695' title='bbox 1962 4721 2042 4776; x_wconf 89' lang='lat' dir='ltr'><strong>sic</strong></span> 
     </span>
    </p>
   </div>
   <div class='ocr_carea' id='block_1_95' title="bbox 461 4806 2040 4882">
    <p class='ocr_par' dir='ltr' id='par_1_95' title="bbox 461 4806 2040 4882">
     <span class='ocr_line' id='line_1_95' title="bbox 461 4806 2040 4882; baseline 0.003 -18"><span class='ocrx_word' id='word_1_696' title='bbox 461 4824 555 4864; x_wconf 90' lang='lat' dir='ltr'><strong>eas</strong></span> <span class='ocrx_word' id='word_1_697' title='bbox 580 4809 826 4864; x_wconf 76' lang='lat' dir='ltr'><strong>subdidit</strong></span> <span class='ocrx_word' id='word_1_698' title='bbox 860 4824 874 4861; x_wconf 94' lang='lat'>:</span> <span class='ocrx_word' id='word_1_699' title='bbox 903 4806 1302 4864; x_wconf 85' lang='lat' dir='ltr'><strong>Cuntritionem</strong></span> <span class='ocrx_word' id='word_1_700' title='bbox 1337 4823 1466 4879; x_wconf 83' lang='lat' dir='ltr'><strong>ergo</strong></span> <span class='ocrx_word' id='word_1_701' title='bbox 1495 4807 1712 4865; x_wconf 65' lang='lat' dir='ltr'><strong>duritiae</strong></span> <span class='ocrx_word' id='word_1_702' title='bbox 1749 4813 2040 4882; x_wconf 71' lang='lat' dir='ltr'><strong>superbim,</strong></span> 
     </span>
    </p>
   </div>
   <div class='ocr_carea' id='block_1_96' title="bbox 459 4899 2044 4966">
    <p class='ocr_par' dir='ltr' id='par_1_96' title="bbox 459 4899 2044 4966">
     <span class='ocr_line' id='line_1_96' title="bbox 459 4899 2044 4966; baseline 0.002 -10"><span class='ocrx_word' id='word_1_703' title='bbox 459 4909 519 4956; x_wconf 88' lang='lat' dir='ltr'><strong>et</strong></span> <span class='ocrx_word' id='word_1_704' title='bbox 538 4899 814 4956; x_wconf 89' lang='lat' dir='ltr'><strong>dationem</strong></span> <span class='ocrx_word' id='word_1_705' title='bbox 837 4900 960 4956; x_wconf 65' lang='grc' dir='ltr'><strong>(ξαιιὶ</strong></span> <span class='ocrx_word' id='word_1_706' title='bbox 989 4899 1178 4966; x_wconf 85' lang='lat' dir='ltr'><strong>ferrei,</strong></span> <span class='ocrx_word' id='word_1_707' title='bbox 1205 4911 1261 4956; x_wconf 92' lang='lat' dir='ltr'><strong>et</strong></span> <span class='ocrx_word' id='word_1_708' title='bbox 1291 4913 1450 4957; x_wconf 82' lang='lat' dir='ltr'><strong>terrae</strong></span> <span class='ocrx_word' id='word_1_709' title='bbox 1471 4915 1659 4962; x_wconf 61' lang='lat' dir='ltr'><strong>amere.</strong></span> <span class='ocrx_word' id='word_1_710' title='bbox 1680 4911 1738 4958; x_wconf 90' lang='lat' dir='ltr'><strong>et</strong></span> <span class='ocrx_word' id='word_1_711' title='bbox 1770 4903 2044 4960; x_wconf 84' lang='lat' dir='ltr'><strong>incassum</strong></span> 
     </span>
    </p>
   </div>
   <div class='ocr_carea' id='block_1_97' title="bbox 460 4991 2045 5064">
    <p class='ocr_par' dir='ltr' id='par_1_97' title="bbox 460 4991 2045 5064">
     <span class='ocr_line' id='line_1_97' title="bbox 460 4991 2045 5064; baseline 0.002 -17"><span class='ocrx_word' id='word_1_712' title='bbox 460 5007 652 5047; x_wconf 87' lang='lat' dir='ltr'><strong>eorum</strong></span> <span class='ocrx_word' id='word_1_713' title='bbox 683 4991 935 5047; x_wconf 86' lang='lat' dir='ltr'><strong>consumi</strong></span> <span class='ocrx_word' id='word_1_714' title='bbox 973 4991 1215 5046; x_wconf 84' lang='lat' dir='ltr'><strong>laborem</strong></span> <span class='ocrx_word' id='word_1_715' title='bbox 1240 5031 1256 5056; x_wconf 93' lang='lat'><strong>,</strong></span> <span class='ocrx_word' id='word_1_716' title='bbox 1303 5000 1354 5044; x_wconf 84' lang='lat' dir='ltr'><strong>et</strong></span> <span class='ocrx_word' id='word_1_717' title='bbox 1409 5000 1612 5046; x_wconf 88' lang='lat' dir='ltr'><strong>terram</strong></span> <span class='ocrx_word' id='word_1_718' title='bbox 1652 5007 1764 5049; x_wconf 88' lang='lat' dir='ltr'><strong>non</strong></span> <span class='ocrx_word' id='word_1_719' title='bbox 1797 4994 2045 5064; x_wconf 78' lang='lat' dir='ltr'><strong>proferre</strong></span> 
     </span>
    </p>
   </div>
   <div class='ocr_carea' id='block_1_98' title="bbox 463 5083 2043 5155">
    <p class='ocr_par' dir='ltr' id='par_1_98' title="bbox 463 5083 2043 5155">
     <span class='ocr_line' id='line_1_98' title="bbox 463 5083 2043 5155; baseline 0.002 -15"><span class='ocrx_word' id='word_1_720' title='bbox 463 5097 712 5155; x_wconf 77' lang='lat' dir='ltr'><strong>germen,</strong></span> <span class='ocrx_word' id='word_1_721' title='bbox 747 5097 853 5139; x_wconf 88' lang='lat' dir='ltr'><strong>nec</strong></span> <span class='ocrx_word' id='word_1_722' title='bbox 881 5083 1106 5138; x_wconf 84' lang='lat' dir='ltr'><strong>arbores</strong></span> <span class='ocrx_word' id='word_1_723' title='bbox 1148 5097 1308 5152; x_wconf 89' lang='lat' dir='ltr'><strong>poma</strong></span> <span class='ocrx_word' id='word_1_724' title='bbox 1352 5083 1600 5153; x_wconf 67' lang='lat' dir='ltr'><strong>praebere</strong></span> <span class='ocrx_word' id='word_1_725' title='bbox 1653 5086 1894 5140; x_wconf 87' lang='lat' dir='ltr'><strong>minatus</strong></span> <span class='ocrx_word' id='word_1_726' title='bbox 1937 5097 2043 5142; x_wconf 91' lang='lat' dir='ltr'><strong>est.</strong></span> 
     </span>
    </p>
   </div>
   <div class='ocr_carea' id='block_1_99' title="bbox 465 5174 2044 5244">
    <p class='ocr_par' dir='ltr' id='par_1_99' title="bbox 465 5174 2044 5244">
     <span class='ocr_line' id='line_1_99' title="bbox 465 5174 2044 5244; baseline 0.003 -15"><span class='ocrx_word' id='word_1_727' title='bbox 465 5174 595 5232; x_wconf 72' lang='lat' dir='ltr'><strong>llrec</strong></span> <span class='ocrx_word' id='word_1_728' title='bbox 627 5183 813 5230; x_wconf 83' lang='lat' dir='ltr'><strong>autem</strong></span> <span class='ocrx_word' id='word_1_729' title='bbox 840 5190 938 5230; x_wconf 80' lang='lat' dir='ltr'><strong>sex</strong></span> <span class='ocrx_word' id='word_1_730' title='bbox 957 5182 1107 5241; x_wconf 90' lang='lat' dir='ltr'><strong>sunt,</strong></span> <span class='ocrx_word' id='word_1_731' title='bbox 1136 5188 1246 5228; x_wconf 87' lang='lat' dir='ltr'><strong>non</strong></span> <span class='ocrx_word' id='word_1_732' title='bbox 1279 5183 1490 5244; x_wconf 88' lang='lat' dir='ltr'><strong>septem</strong></span> <span class='ocrx_word' id='word_1_733' title='bbox 1518 5192 1532 5230; x_wconf 88' lang='lat'><strong>:</strong></span> <span class='ocrx_word' id='word_1_734' title='bbox 1557 5176 1661 5232; x_wconf 90' lang='lat' dir='ltr'><strong>hoc</strong></span> <span class='ocrx_word' id='word_1_735' title='bbox 1692 5176 1834 5232; x_wconf 90' lang='lat' dir='ltr'><strong>idem</strong></span> <span class='ocrx_word' id='word_1_736' title='bbox 1861 5187 2044 5234; x_wconf 89' lang='lat' dir='ltr'><strong>autem</strong></span> 
     </span>
    </p>
   </div>
   <div class='ocr_carea' id='block_1_100' title="bbox 469 5265 2046 5341">
    <p class='ocr_par' dir='ltr' id='par_1_100' title="bbox 469 5265 2046 5341">
     <span class='ocr_line' id='line_1_100' title="bbox 469 5265 2046 5341; baseline 0.001 -19"><span class='ocrx_word' id='word_1_737' title='bbox 469 5266 740 5332; x_wconf 86' lang='lat' dir='ltr'><strong>invenies,</strong></span> <span class='ocrx_word' id='word_1_738' title='bbox 771 5274 828 5320; x_wconf 92' lang='lat' dir='ltr'><strong>et</strong></span> <span class='ocrx_word' id='word_1_739' title='bbox 847 5265 1087 5336; x_wconf 87' lang='lat' dir='ltr'><strong>reliquas</strong></span> <span class='ocrx_word' id='word_1_740' title='bbox 1111 5266 1490 5335; x_wconf 85' lang='lat' dir='ltr'><strong>correptiones</strong></span> <span class='ocrx_word' id='word_1_741' title='bbox 1519 5281 1866 5338; x_wconf 89' lang='lat' dir='ltr'><strong>percurrens.</strong></span> <span class='ocrx_word' id='word_1_742' title='bbox 1904 5269 2046 5341; x_wconf 83' lang='lat' dir='ltr'><strong>Ergo</strong></span> 
     </span>
    </p>
   </div>
   <div class='ocr_carea' id='block_1_101' title="bbox 469 5357 2045 5429">
    <p class='ocr_par' dir='ltr' id='par_1_101' title="bbox 469 5357 2045 5429">
     <span class='ocr_line' id='line_1_101' title="bbox 469 5357 2045 5429; baseline 0.003 -15"><span class='ocrx_word' id='word_1_743' title='bbox 469 5375 566 5428; x_wconf 86' lang='lat' dir='ltr'><strong>per</strong></span> <span class='ocrx_word' id='word_1_744' title='bbox 591 5360 697 5416; x_wconf 82' lang='lat' dir='ltr'><strong>lmc</strong></span> <span class='ocrx_word' id='word_1_745' title='bbox 719 5357 1068 5414; x_wconf 86' lang='lat' dir='ltr'><strong>manifestum</strong></span> <span class='ocrx_word' id='word_1_746' title='bbox 1089 5365 1174 5414; x_wconf 85' lang='lat' dir='ltr'><strong>est</strong></span> <span class='ocrx_word' id='word_1_747' title='bbox 1198 5375 1211 5410; x_wconf 87' lang='lat'><strong>:</strong></span> <span class='ocrx_word' id='word_1_748' title='bbox 1237 5358 1366 5428; x_wconf 90' lang='lat' dir='ltr'><strong>quia</strong></span> <span class='ocrx_word' id='word_1_749' title='bbox 1395 5359 1738 5429; x_wconf 85' lang='lat' dir='ltr'><strong>septenarius</strong></span> <span class='ocrx_word' id='word_1_750' title='bbox 1757 5375 2045 5429; x_wconf 88' lang='lat' dir='ltr'><strong>numerus,</strong></span> 
     </span>
    </p>
   </div>
   <div class='ocr_carea' id='block_1_102' title="bbox 545 5581 1942 5653">
    <p class='ocr_par' dir='ltr' id='par_1_102' title="bbox 545 5581 1942 5653">
     <span class='ocr_line' id='line_1_102' title="bbox 545 5581 1942 5653; baseline 0.001 -14"><span class='ocrx_word' id='word_1_751' title='bbox 545 5583 591 5653; x_wconf 57' lang='lat'><strong>“3</strong></span> <span class='ocrx_word' id='word_1_752' title='bbox 624 5581 765 5638; x_wconf 81' lang='lat' dir='ltr'><strong>Psal.</strong></span> <span class='ocrx_word' id='word_1_753' title='bbox 806 5599 1070 5648; x_wconf 75' lang='lat' dir='ltr'><strong>cxxxvnt.</strong></span> <span class='ocrx_word' id='word_1_754' title='bbox 1097 5585 1190 5640; x_wconf 69' lang='lat'><strong>2|.</strong></span> <span class='ocrx_word' id='word_1_755' title='bbox 1291 5587 1336 5619; x_wconf 78' lang='grc'><strong>⁹⁰</strong></span> <span class='ocrx_word' id='word_1_756' title='bbox 1369 5584 1526 5642; x_wconf 79' lang='lat' dir='ltr'><strong>Rom.</strong></span> <span class='ocrx_word' id='word_1_757' title='bbox 1572 5587 1742 5653; x_wconf 73' lang='lat' dir='ltr'><strong>x1,15</strong></span> <span class='ocrx_word' id='word_1_758' title='bbox 1773 5595 1830 5644; x_wconf 87' lang='lat' dir='ltr'><strong>et</strong></span> <span class='ocrx_word' id='word_1_759' title='bbox 1861 5588 1942 5642; x_wconf 67' lang='lat' dir='ltr'><strong>l2.</strong></span> 
     </span>
    </p>
   </div>
   <div class='ocr_carea' id='block_1_103' title="bbox 2055 5573 2480 5658">
    <p class='ocr_par' dir='ltr' id='par_1_103' title="bbox 2055 5573 2480 5658">
     <span class='ocr_line' id='line_1_103' title="bbox 2055 5573 2480 5658; baseline -0.005 -14"><span class='ocrx_word' id='word_1_760' title='bbox 2055 5591 2096 5622; x_wconf 79' lang='grc'><strong>⁸³</strong></span> <span class='ocrx_word' id='word_1_761' title='bbox 2124 5589 2230 5650; x_wconf 86' lang='lat' dir='ltr'><strong>lsa.</strong></span> <span class='ocrx_word' id='word_1_762' title='bbox 2257 5605 2399 5658; x_wconf 74' lang='lat' dir='ltr'><strong>mm,</strong></span> <span class='ocrx_word' id='word_1_763' title='bbox 2432 5573 2480 5643; x_wconf 68' lang='lat'><strong>5.</strong></span> 
     </span>
    </p>
   </div>
   <div class='ocr_carea' id='block_1_104' title="bbox 379 5650 2076 5742">
    <p class='ocr_par' dir='ltr' id='par_1_104' title="bbox 379 5650 2076 5742">
     <span class='ocr_line' id='line_1_104' title="bbox 379 5650 2076 5742; baseline 0.006 -38"><span class='ocrx_word' id='word_1_764' title='bbox 379 5651 384 5659; x_wconf 93' lang='lat'><strong><em>&#39;</em></strong></span> <span class='ocrx_word' id='word_1_765' title='bbox 449 5731 468 5742; x_wconf 33' lang='grc' dir='ltr'>ι</span> <span class='ocrx_word' id='word_1_766' title='bbox 493 5653 516 5686; x_wconf 71' lang='grc' dir='ltr'>δ</span> <span class='ocrx_word' id='word_1_767' title='bbox 558 5650 684 5726; x_wconf 83' lang='lat' dir='ltr'><strong>Sap.</strong></span> <span class='ocrx_word' id='word_1_768' title='bbox 722 5668 784 5724; x_wconf 84' lang='grc' dir='ltr'>ιι,</span> <span class='ocrx_word' id='word_1_769' title='bbox 821 5655 907 5709; x_wconf 75' lang='grc'><strong>12.</strong></span> <span class='ocrx_word' id='word_1_770' title='bbox 985 5655 1032 5690; x_wconf 74' lang='grc'><strong>⁸⁵</strong></span> <span class='ocrx_word' id='word_1_771' title='bbox 1060 5655 1219 5712; x_wconf 85' lang='lat' dir='ltr'><strong>Joan.</strong></span> <span class='ocrx_word' id='word_1_772' title='bbox 1256 5672 1373 5727; x_wconf 77' lang='lat' dir='ltr'><strong>vui,</strong></span> <span class='ocrx_word' id='word_1_773' title='bbox 1398 5657 1488 5714; x_wconf 77' lang='lat'><strong>55.</strong></span> <span class='ocrx_word' id='word_1_774' title='bbox 1562 5661 1607 5692; x_wconf 73' lang='grc' dir='ltr'><strong>’θ</strong></span> <span class='ocrx_word' id='word_1_775' title='bbox 1636 5650 1836 5731; x_wconf 85' lang='lat' dir='ltr'><strong>Philip.</strong></span> <span class='ocrx_word' id='word_1_776' title='bbox 1871 5675 1954 5730; x_wconf 82' lang='lat' dir='ltr'><strong>Ill,</strong></span> <span class='ocrx_word' id='word_1_777' title='bbox 1989 5658 2076 5716; x_wconf 76' lang='lat' dir='ltr'><strong>l9.</strong></span> 
     </span>
    </p>
   </div>
   <div class='ocr_carea' id='block_1_105' title="bbox 2141 4447 3718 4521">
    <p class='ocr_par' dir='ltr' id='par_1_105' title="bbox 2141 4447 3718 4521">
     <span class='ocr_line' id='line_1_105' title="bbox 2141 4447 3718 4521; baseline 0.001 -17"><span class='ocrx_word' id='word_1_778' title='bbox 2141 4467 2303 4521; x_wconf 81' lang='lat' dir='ltr'><strong>queat</strong></span> <span class='ocrx_word' id='word_1_779' title='bbox 2335 4450 2389 4504; x_wconf 92' lang='lat' dir='ltr'><strong>in</strong></span> <span class='ocrx_word' id='word_1_780' title='bbox 2423 4449 2622 4505; x_wconf 90' lang='lat' dir='ltr'><strong>divinis</strong></span> <span class='ocrx_word' id='word_1_781' title='bbox 2648 4447 2946 4519; x_wconf 85' lang='lat' dir='ltr'><strong>Scripturis</strong></span> <span class='ocrx_word' id='word_1_782' title='bbox 2973 4451 3295 4516; x_wconf 88' lang='lat' dir='ltr'><strong>ostendunt,</strong></span> <span class='ocrx_word' id='word_1_783' title='bbox 3361 4453 3718 4508; x_wconf 76' lang='lat' dir='ltr'><strong>incumbentes</strong></span> 
     </span>
    </p>
   </div>
   <div class='ocr_carea' id='block_1_106' title="bbox 2147 4541 3716 4615">
    <p class='ocr_par' dir='ltr' id='par_1_106' title="bbox 2147 4541 3716 4615">
     <span class='ocr_line' id='line_1_106' title="bbox 2147 4541 3716 4615; baseline -0.002 -16"><span class='ocrx_word' id='word_1_784' title='bbox 2147 4541 2420 4599; x_wconf 88' lang='lat' dir='ltr'><strong>traditioni</strong></span> <span class='ocrx_word' id='word_1_785' title='bbox 2471 4541 2684 4608; x_wconf 64' lang='lat' dir='ltr'><strong>litterae,</strong></span> <span class='ocrx_word' id='word_1_786' title='bbox 2713 4542 2986 4596; x_wconf 89' lang='lat' dir='ltr'><strong>incassum</strong></span> <span class='ocrx_word' id='word_1_787' title='bbox 3018 4543 3389 4609; x_wconf 90' lang='lat' dir='ltr'><strong>consumitur,</strong></span> <span class='ocrx_word' id='word_1_788' title='bbox 3448 4546 3543 4615; x_wconf 86' lang='lat' dir='ltr'><strong>qui</strong></span> <span class='ocrx_word' id='word_1_789' title='bbox 3587 4545 3716 4615; x_wconf 76' lang='lat' dir='ltr'><strong>plene</strong></span> 
     </span>
    </p>
   </div>
   <div class='ocr_carea' id='block_1_107' title="bbox 2146 4633 3715 4706">
    <p class='ocr_par' dir='ltr' id='par_1_107' title="bbox 2146 4633 3715 4706">
     <span class='ocr_line' id='line_1_107' title="bbox 2146 4633 3715 4706; baseline 0.001 -14"><span class='ocrx_word' id='word_1_790' title='bbox 2146 4652 2255 4692; x_wconf 84' lang='lat' dir='ltr'><strong>non</strong></span> <span class='ocrx_word' id='word_1_791' title='bbox 2277 4644 2503 4706; x_wconf 91' lang='lat' dir='ltr'><strong>possunt</strong></span> <span class='ocrx_word' id='word_1_792' title='bbox 2527 4635 2643 4705; x_wconf 84' lang='lat' dir='ltr'><strong>lege</strong></span> <span class='ocrx_word' id='word_1_793' title='bbox 2665 4633 2965 4688; x_wconf 86' lang='lat' dir='ltr'><strong>secundum</strong></span> <span class='ocrx_word' id='word_1_794' title='bbox 2990 4633 3226 4689; x_wconf 87' lang='lat' dir='ltr'><strong>litteram</strong></span> <span class='ocrx_word' id='word_1_795' title='bbox 3255 4636 3362 4700; x_wconf 90' lang='lat' dir='ltr'><strong>uti,</strong></span> <span class='ocrx_word' id='word_1_796' title='bbox 3397 4637 3580 4691; x_wconf 85' lang='lat' dir='ltr'><strong>ablato</strong></span> <span class='ocrx_word' id='word_1_797' title='bbox 3601 4637 3715 4694; x_wconf 68' lang='lat' dir='ltr'><strong>loco.</strong></span> 
     </span>
    </p>
   </div>
   <div class='ocr_carea' id='block_1_108' title="bbox 2148 4725 3716 4799">
    <p class='ocr_par' dir='ltr' id='par_1_108' title="bbox 2148 4725 3716 4799">
     <span class='ocr_line' id='line_1_108' title="bbox 2148 4725 3716 4799; baseline -0.003 -17"><span class='ocrx_word' id='word_1_798' title='bbox 2148 4728 2204 4782; x_wconf 91' lang='lat' dir='ltr'><strong>in</strong></span> <span class='ocrx_word' id='word_1_799' title='bbox 2228 4743 2336 4799; x_wconf 91' lang='lat' dir='ltr'><strong>quo</strong></span> <span class='ocrx_word' id='word_1_800' title='bbox 2359 4727 2542 4782; x_wconf 88' lang='lat' dir='ltr'><strong>littera</strong></span> <span class='ocrx_word' id='word_1_801' title='bbox 2561 4741 2780 4782; x_wconf 88' lang='lat' dir='ltr'><strong>omnem</strong></span> <span class='ocrx_word' id='word_1_802' title='bbox 2800 4725 3044 4780; x_wconf 89' lang='lat' dir='ltr'><strong>divinum</strong></span> <span class='ocrx_word' id='word_1_803' title='bbox 3069 4727 3274 4780; x_wconf 87' lang='lat' dir='ltr'><strong>cultum</strong></span> <span class='ocrx_word' id='word_1_804' title='bbox 3295 4726 3436 4798; x_wconf 81' lang='lat' dir='ltr'><strong>legis</strong></span> <span class='ocrx_word' id='word_1_805' title='bbox 3457 4727 3716 4782; x_wconf 78' lang='lat' dir='ltr'><strong>conclusit.</strong></span> 
     </span>
    </p>
   </div>
   <div class='ocr_carea' id='block_1_109' title="bbox 2151 4807 3720 4886">
    <p class='ocr_par' dir='ltr' id='par_1_109' title="bbox 2151 4807 3720 4886">
     <span class='ocr_line' id='line_1_109' title="bbox 2151 4807 3720 4886; baseline -0.001 -14"><span class='ocrx_word' id='word_1_806' title='bbox 2151 4819 2322 4874; x_wconf 86' lang='lat' dir='ltr'><strong>Nimis</strong></span> <span class='ocrx_word' id='word_1_807' title='bbox 2351 4818 2496 4872; x_wconf 90' lang='lat' dir='ltr'><strong>enim</strong></span> <span class='ocrx_word' id='word_1_808' title='bbox 2520 4817 2776 4872; x_wconf 87' lang='lat' dir='ltr'><strong>convenit</strong></span> <span class='ocrx_word' id='word_1_809' title='bbox 2801 4816 2949 4886; x_wconf 90' lang='lat' dir='ltr'><strong>quod</strong></span> <span class='ocrx_word' id='word_1_810' title='bbox 2979 4818 3226 4886; x_wconf 90' lang='lat' dir='ltr'><strong>sequitur</strong></span> <span class='ocrx_word' id='word_1_811' title='bbox 3253 4807 3278 4871; x_wconf 62' lang='grc' dir='ltr'><strong>ε’</strong></span> <span class='ocrx_word' id='word_1_812' title='bbox 3301 4817 3424 4872; x_wconf 73' lang='lat' dir='ltr'><strong>Non</strong></span> <span class='ocrx_word' id='word_1_813' title='bbox 3461 4818 3608 4871; x_wconf 79' lang='lat' dir='ltr'><strong>dabit</strong></span> <span class='ocrx_word' id='word_1_814' title='bbox 3634 4829 3720 4870; x_wconf 76' lang='lat' dir='ltr'><strong>ter-</strong></span> 
     </span>
    </p>
   </div>
   <div class='ocr_carea' id='block_1_110' title="bbox 2151 4907 3714 4978">
    <p class='ocr_par' dir='ltr' id='par_1_110' title="bbox 2151 4907 3714 4978">
     <span class='ocr_line' id='line_1_110' title="bbox 2151 4907 3714 4978; baseline -0.004 -14"><span class='ocrx_word' id='word_1_815' title='bbox 2151 4927 2213 4966; x_wconf 87' lang='lat' dir='ltr'><strong>ra</strong></span> <span class='ocrx_word' id='word_1_816' title='bbox 2275 4924 2486 4978; x_wconf 87' lang='lat' dir='ltr'><strong>germen</strong></span> <span class='ocrx_word' id='word_1_817' title='bbox 2545 4922 2722 4970; x_wconf 80' lang='lat' dir='ltr'><strong>suutn,</strong></span> <span class='ocrx_word' id='word_1_818' title='bbox 2775 4922 2869 4960; x_wconf 88' lang='lat' dir='ltr'><strong>nec</strong></span> <span class='ocrx_word' id='word_1_819' title='bbox 2919 4907 3134 4961; x_wconf 87' lang='lat' dir='ltr'><strong>arbores</strong></span> <span class='ocrx_word' id='word_1_820' title='bbox 3194 4924 3356 4976; x_wconf 86' lang='lat' dir='ltr'><strong>poma</strong></span> <span class='ocrx_word' id='word_1_821' title='bbox 3407 4907 3714 4976; x_wconf 64' lang='lat' dir='ltr'><strong>praebebunt.</strong></span> 
     </span>
    </p>
   </div>
   <div class='ocr_carea' id='block_1_111' title="bbox 2152 4997 3722 5071">
    <p class='ocr_par' dir='ltr' id='par_1_111' title="bbox 2152 4997 3722 5071">
     <span class='ocr_line' id='line_1_111' title="bbox 2152 4997 3722 5071; baseline -0.001 -16"><span class='ocrx_word' id='word_1_822' title='bbox 2152 4997 2338 5071; x_wconf 86' lang='lat' dir='ltr'><strong>Neque</strong></span> <span class='ocrx_word' id='word_1_823' title='bbox 2377 5001 2524 5056; x_wconf 86' lang='lat' dir='ltr'><strong>enim</strong></span> <span class='ocrx_word' id='word_1_824' title='bbox 2565 4997 2807 5054; x_wconf 84' lang='lat' dir='ltr'><strong>exterior</strong></span> <span class='ocrx_word' id='word_1_825' title='bbox 2837 5014 3028 5053; x_wconf 90' lang='lat' dir='ltr'><strong>eorum</strong></span> <span class='ocrx_word' id='word_1_826' title='bbox 3068 4999 3256 5066; x_wconf 92' lang='lat' dir='ltr'><strong>homo,</strong></span> <span class='ocrx_word' id='word_1_827' title='bbox 3293 5001 3390 5070; x_wconf 90' lang='lat' dir='ltr'><strong>qui</strong></span> <span class='ocrx_word' id='word_1_828' title='bbox 3435 5000 3722 5070; x_wconf 71' lang='lat' dir='ltr'><strong>appellatur</strong></span> 
     </span>
    </p>
   </div>
   <div class='ocr_carea' id='block_1_112' title="bbox 2155 5087 3720 5163">
    <p class='ocr_par' dir='ltr' id='par_1_112' title="bbox 2155 5087 3720 5163">
     <span class='ocr_line' id='line_1_112' title="bbox 2155 5087 3720 5163; baseline 0 -19"><span class='ocrx_word' id='word_1_829' title='bbox 2155 5099 2322 5153; x_wconf 86' lang='lat' dir='ltr'><strong>terra,</strong></span> <span class='ocrx_word' id='word_1_830' title='bbox 2359 5087 2668 5154; x_wconf 79' lang='lat' dir='ltr'><strong>fructificat,</strong></span> <span class='ocrx_word' id='word_1_831' title='bbox 2701 5089 2830 5158; x_wconf 89' lang='lat' dir='ltr'><strong>quia</strong></span> <span class='ocrx_word' id='word_1_832' title='bbox 2876 5089 2930 5142; x_wconf 92' lang='lat' dir='ltr'><strong>in</strong></span> <span class='ocrx_word' id='word_1_833' title='bbox 2958 5090 3334 5163; x_wconf 74' lang='lat' dir='ltr'><strong>gastrimargia</strong></span> <span class='ocrx_word' id='word_1_834' title='bbox 3363 5091 3578 5154; x_wconf 83' lang='lat' dir='ltr'><strong>vivunt,</strong></span> <span class='ocrx_word' id='word_1_835' title='bbox 3599 5093 3720 5147; x_wconf 76' lang='lat' dir='ltr'><strong>etde</strong></span> 
     </span>
    </p>
   </div>
   <div class='ocr_carea' id='block_1_113' title="bbox 2151 5175 3717 5253">
    <p class='ocr_par' dir='ltr' id='par_1_113' title="bbox 2151 5175 3717 5253">
     <span class='ocr_line' id='line_1_113' title="bbox 2151 5175 3717 5253; baseline 0.001 -21"><span class='ocrx_word' id='word_1_836' title='bbox 2151 5177 2256 5232; x_wconf 88' lang='lat' dir='ltr'><strong>eis’</strong></span> <span class='ocrx_word' id='word_1_837' title='bbox 2285 5177 2490 5232; x_wconf 88' lang='lat' dir='ltr'><strong>dictum</strong></span> <span class='ocrx_word' id='word_1_838' title='bbox 2531 5188 2615 5232; x_wconf 89' lang='lat' dir='ltr'><strong>est</strong></span> <span class='ocrx_word' id='word_1_839' title='bbox 2641 5195 2653 5231; x_wconf 94' lang='lat'><strong>:</strong></span> <span class='ocrx_word' id='word_1_840' title='bbox 2705 5175 2942 5242; x_wconf 82' lang='lat' dir='ltr'><strong>Quorum</strong></span> <span class='ocrx_word' id='word_1_841' title='bbox 2999 5177 3141 5234; x_wconf 85' lang='lat' dir='ltr'><strong>Deus</strong></span> <span class='ocrx_word' id='word_1_842' title='bbox 3171 5191 3372 5244; x_wconf 81' lang='lat' dir='ltr'><strong>venter,</strong></span> <span class='ocrx_word' id='word_1_843' title='bbox 3408 5191 3458 5236; x_wconf 79' lang='lat' dir='ltr'><strong>et</strong></span> <span class='ocrx_word' id='word_1_844' title='bbox 3483 5183 3652 5253; x_wconf 77' lang='lat' dir='ltr'><strong>gloria</strong></span> <span class='ocrx_word' id='word_1_845' title='bbox 3679 5183 3717 5233; x_wconf 77' lang='lat' dir='ltr'><strong>is</strong></span> 
     </span>
    </p>
   </div>
   <div class='ocr_carea' id='block_1_114' title="bbox 2154 5269 3714 5344">
    <p class='ocr_par' dir='ltr' id='par_1_114' title="bbox 2154 5269 3714 5344">
     <span class='ocr_line' id='line_1_114' title="bbox 2154 5269 3714 5344; baseline 0.003 -21"><span class='ocrx_word' id='word_1_846' title='bbox 2154 5270 2455 5340; x_wconf 80' lang='lat' dir='ltr'><strong>confusione</strong></span> <span class='ocrx_word' id='word_1_847' title='bbox 2479 5271 2742 5326; x_wconf 79' lang='lat' dir='ltr'><strong>eorum&quot;.</strong></span> <span class='ocrx_word' id='word_1_848' title='bbox 2765 5269 2872 5326; x_wconf 82' lang='lat' dir='ltr'><strong>Sed</strong></span> <span class='ocrx_word' id='word_1_849' title='bbox 2903 5285 3006 5326; x_wconf 87' lang='lat' dir='ltr'><strong>nec</strong></span> <span class='ocrx_word' id='word_1_850' title='bbox 3045 5280 3280 5336; x_wconf 85' lang='lat' dir='ltr'><strong>mentes,</strong></span> <span class='ocrx_word' id='word_1_851' title='bbox 3318 5290 3444 5344; x_wconf 66' lang='lat' dir='ltr'><strong>quae</strong></span> <span class='ocrx_word' id='word_1_852' title='bbox 3463 5284 3591 5330; x_wconf 84' lang='lat' dir='ltr'><strong>sunt</strong></span> <span class='ocrx_word' id='word_1_853' title='bbox 3626 5271 3714 5344; x_wconf 74' lang='lat' dir='ltr'><strong>agri</strong></span> 
     </span>
    </p>
   </div>
   <div class='ocr_carea' id='block_1_115' title="bbox 2156 5361 3716 5434">
    <p class='ocr_par' dir='ltr' id='par_1_115' title="bbox 2156 5361 3716 5434">
     <span class='ocr_line' id='line_1_115' title="bbox 2156 5361 3716 5434; baseline 0.002 -18"><span class='ocrx_word' id='word_1_854' title='bbox 2156 5362 2322 5434; x_wconf 78' lang='lat' dir='ltr'><strong>ligna,</strong></span> <span class='ocrx_word' id='word_1_855' title='bbox 2357 5362 2501 5418; x_wconf 90' lang='lat' dir='ltr'><strong>sicut</strong></span> <span class='ocrx_word' id='word_1_856' title='bbox 2533 5361 2753 5418; x_wconf 64' lang='lat' dir='ltr'><strong>insertae</strong></span> <span class='ocrx_word' id='word_1_857' title='bbox 2778 5361 2999 5432; x_wconf 88' lang='lat' dir='ltr'><strong>quidem</strong></span> <span class='ocrx_word' id='word_1_858' title='bbox 3029 5365 3246 5434; x_wconf 87' lang='lat' dir='ltr'><strong>corpori</strong></span> <span class='ocrx_word' id='word_1_859' title='bbox 3280 5383 3295 5422; x_wconf 90' lang='lat'><strong>:</strong></span> <span class='ocrx_word' id='word_1_860' title='bbox 3331 5365 3430 5422; x_wconf 86' lang='lat' dir='ltr'><strong>sed</strong></span> <span class='ocrx_word' id='word_1_861' title='bbox 3467 5374 3643 5422; x_wconf 85' lang='lat' dir='ltr'><strong>tamen</strong></span> <span class='ocrx_word' id='word_1_862' title='bbox 3664 5377 3716 5419; x_wconf 75' lang='lat' dir='ltr'><strong>eo</strong></span> 
     </span>
    </p>
   </div>
   <div class='ocr_carea' id='block_1_116' title="bbox 2597 5585 3708 5658">
    <p class='ocr_par' dir='ltr' id='par_1_116' title="bbox 2597 5585 3708 5658">
     <span class='ocr_line' id='line_1_116' title="bbox 2597 5585 3708 5658; baseline 0.001 -16"><span class='ocrx_word' id='word_1_863' title='bbox 2597 5590 2642 5622; x_wconf 72' lang='grc'><strong>³³</strong></span> <span class='ocrx_word' id='word_1_864' title='bbox 2675 5587 2872 5644; x_wconf 74' lang='lat' dir='ltr'><strong>Matth.</strong></span> <span class='ocrx_word' id='word_1_865' title='bbox 2898 5604 3053 5658; x_wconf 79' lang='lat' dir='ltr'><strong>mn,</strong></span> <span class='ocrx_word' id='word_1_866' title='bbox 3095 5589 3185 5646; x_wconf 81' lang='lat'><strong>&#39;57.</strong></span> <span class='ocrx_word' id='word_1_867' title='bbox 3265 5590 3315 5623; x_wconf 82' lang='lat'><strong>&quot;</strong></span> <span class='ocrx_word' id='word_1_868' title='bbox 3341 5588 3579 5648; x_wconf 81' lang='lat' dir='ltr'><strong>Nahum.</strong></span> <span class='ocrx_word' id='word_1_869' title='bbox 3601 5605 3639 5658; x_wconf 89' lang='grc' dir='ltr'>ι,</span> <span class='ocrx_word' id='word_1_870' title='bbox 3661 5585 3708 5646; x_wconf 83' lang='lat'><strong>9.</strong></span> 
     </span>
    </p>
   </div>
  </div>
