3810 6318
35 318 195 384 1140
1215 325 1300 386 ΙΝ
1338 318 1645 385 LEVITIC

1798 323 2033 391 -τῙᾸΒ,
2055 320 2184 382 Vll.
3185 312 3319 379 πίω

26 428 394 484 excelsiores
409 427 619 495 fructus
646 429 753 485 Deo
785 431 1031 501 praebent
1053 432 1195 503 quod
1219 432 1523 503 germinare
1545 447 1646 486 nos
1673 438 1718 492 Α
1750 431 1822 485 ris
1880 430 2197 500 sapientiam
2260 427 2582 495 obstupesce
2608 466 2623 490 ,
2679 424 2950 495 quomodo
3017 434 3320 494 Opportune

0 528 1 531 ‘
31 519 98 575 in
137 520 354 590 pietate
383 520 518 574 vult.
1752 524 1939 579 subdit
1964 541 1977 577 :
2350 532 2353 536 '

0 616 3 625 '
94 606 674 717 Si-ambulioerilisea:
696 611 912 717 adverso
939 612 1082 717 mihi.
1108 611 1293 717 Neque
1322 612 1469 717 enim
1502 618 1650 716 recto
1819 633 2054 706 Cumque
2107 633 2346 706 fugerilis
2403 632 2473 685 ad
2506 624 2678 697 urbes,
2725 632 2935 684 mittam
2970 629 3323 700 pestilentiam

0 712 3 785 ς
35 704 229 759 corde
280 703 345 758 ad
379 702 546 756 Deum
602 703 882 758 incedunt.
941 700 1267 760 Pervertunt
1324 703 1470 759 enim
1532 704 1645 773 ejus

1779 744 1807 780 ιι
1858 700 2029 781 medio
2077 700 2256 780 υὶνεὶνί.
2308 723 2674 793 lntclligibiles
2719 721 2986 783 civitates,
3043 720 3325 790 prophetae

35 795 228 858 viam,
289 793 424 865 legis
449 800 507 848 et
549 794 943 865 prophetarum
992 807 1187 851 sensus
1249 795 1645 859 subvertentes,

1783 828 1899 871 unt.
1940 815 2288 871 Manifestum
2330 821 2413 867 est
2443 820 2625 866 autem
2658 825 2727 865 ex
2759 810 2958 881 quibus
2994 810 3135 864 Deus
3172 809 3326 866 lere—

0 966 3 993 ;
34 884 763 993 ιιῑΔευδῐῐξιξιξίξβξάίξηξίεξφ
812 898 907 956 ller
934 886 1227 993 δροοεξίιιξθ
1250 886 1651 993 Ρξενθξίεθξῖω
1750 907 1876 962 mite
1914 907 2131 963 dicebat
2176 924 2190 960 :
2230 906 2340 977 Ego
2392 905 2585 976 quippe
2629 902 2748 957 dedi
2784 911 2833 955 te
2874 902 3024 955 hodie
3062 902 3327 956 civitatem

33 990 176 1081 "ﬁt"
244 976 518 1081 (solerem'
552 970 783 1081 "ﬁn"
837 978 983 1081 (ξοδ
1012 977 1199 1081 fnum
1225 996 1238 1033 ³
1271 974 1381 1081 ηπ
1402 979 1447 1032 δί
1474 977 1653 1081 "alue:
1751 970 2574 1063 munitam”.Quemadmodum
2594 992 2792 1064 ergoin
2817 991 3067 1046 civitates
3085 999 3327 1046 muratas

0 1070 2 1157 ς
33 1066 169 1120 τίτί*
199 1065 406 1158 “iam
437 1081 539 1126 ἠις
567 1067 764 1120 addam
796 1067 937 1122 υοθίε
967 1066 1155 1138 Plaga‘
1180 1077 1376 1123 νεετναδ
1398 1084 1558 1139 “que
1575 1068 1653 1158 {id
1749 1086 1841 1157 qui
1874 1085 2030 1158 fugit,
2049 1087 2092 1139 si
2125 1083 2332 1145 amicus
2357 1092 2441 1138 est
2468 1083 2727 1145 solvatur,
2752 1080 2801 1135 si
2837 1088 3020 1135 autem
3050 1079 3325 1146 inimicus,

0 1176 1 1179 η
34 1157 369 1231 septuplum
394 1168 607 1230 propter
625 1169 841 1230 peccata
869 1167 1061 1214 vestra.
1086 1158 1207 1213 Non
1223 1158 1336 1228 jam
1355 1155 1645 1227 correptio-

1779 1155 1964 1229 acilius
2015 1172 2298 1243 perimitur
2335 1170 2388 1226 in
2412 1185 2601 1226 earum
2657 1169 2870 1224 ambitu
2908 1169 3275 1225 circumdatus
3310 1185 3325 1221 :

0 1250 1 1257 “
39 1255 180 1315 nes,
228 1248 335 1305 sed
389 1250 591 1321 plagas,
645 1249 959 1305 validiorem
1007 1264 1154 1304 nunc
1184 1263 1400 1318 pmnam
1449 1263 1651 1318 praece-

52 1342 248 1409 denti,
292 1351 350 1396 et
390 1328 650 1412 aequalem
689 1356 878 1397 eorum
922 1341 1301 1410 iniquitatibus
1351 1352 1650 1409 exponens,

0 1450 3 1457 ’
41 1447 228 1502 quam
269 1432 439 1488 hanc.

120 1523 503 1595 Emittantque
526 1523 579 1576 in
600 1533 687 1576 vos
730 1522 904 1577 malas
943 1521 1133 1575 bestius
1160 1521 1299 1592 agri,
1327 1532 1444 1590 qua!
1465 1532 1655 1572 consu-

44 1623 210 1668 mant
255 1629 353 1668 vos
381 1622 430 1667 et
469 1628 656 1684 pecora
680 1619 873 1677 vestra,
905 1622 954 1665 et
995 1612 1065 1665 ad
1106 1610 1425 1679 paucitatem
1465 1616 1652 1662 cuncta

46 1707 343 1777 redigant,
405 1705 722 1776 desertasque
766 1704 897 1773 ﬁant
927 1704 1024 1757 vita
1066 1711 1268 1757 vestrm.
1316 1697 1454 1766 Quia
1503 1699 1649 1753 enim

1751 1266 1831 1321 sic
1868 1265 1922 1319 in
1959 1262 2298 1339 propheticis
2337 1261 2511 1326 libris,
2549 1268 2605 1315 et
2648 1259 2703 1313 in
2753 1275 2943 1314 eorum
2983 1259 3329 1323 testimoniis,

1751 1357 1910 1410 amici
1966 1355 2091 1409 lidci
2125 1352 2507 1423 confugientes
2562 1350 2923 1404 munitionem
2994 1350 3331 1420 salutemque

1753 1448 2059 1509 inveniunt,
2109 1445 2313 1500 inimici
2361 1453 2545 1497 autem
2591 1453 2647 1496 et
2687 1438 2932 1495 infideles
2979 1441 3087 1494 cito
3132 1440 3329 1509 captivi

1754 1546 2006 1608 pereunt.
2038 1536 2269 1607 Propter
2294 1534 2458 1605 quod,
2482 1533 2701 1604 quando
2733 1532 2800 1585 ad
2831 1531 3133 1601 prophetas
3158 1530 3328 1584 Judati

1756 1630 1991 1700 fugiunt,
2036 1628 2376 1684 declinantes
2420 1641 2544 1681 eum
2596 1624 2687 1695 qui
2740 1624 2902 1678 estin
2952 1623 3127 1677 doctis
3176 1621 3330 1685 viris,

1757 1722 2059 1790 spiritalem
2097 1718 2355 1791 gladium,
2396 1716 2764 1788 pestilentiam
2803 1715 2881 1769 ait
2926 1730 2984 1769 se
3031 1714 3245 1768 mittere
3277 1712 3329 1764 in

44 1798 464 1901 ξθηξῗῑίβδοεέ
506 1796 600 1901 Ρθί
648 1796 733 1851 Via
781 1795 1113 1901 Γξθβωξπυηξν
1162 1802 1311 1901 recte
1351 1804 1514 1901 5.09":
1561 1802 1654 1891 cf“
1688 1786 1724 1838 Β
1754 1786 1936 1868 medio
1986 1786 2199 1867 eorum.
2249 1806 2369 1864 Illic
2398 1786 2570 1863 enim
2601 1808 2929 1869 moriuntur,
2989 1806 3150 1860 etiam
3184 1802 3334 1858 nullo

0 1914 5 1923 ’
43 1889 255 1945 “sum
300 1888 438 1959 agri'
490 1888 763 1943 damon“
801 1886 1211 1975 ίῐηητίιίηηῑητῃ
1245 1883 1515 1975 δθηδίῗιξπί
1570 1881 1651 1975 Ῡίδ
1750 1913 2034 1975 arguente,
2062 1918 2172 1955 non
2197 1902 2435 1954 valentes
2458 1901 2673 1953 cunctis
2700 1898 2767 1954 de
2790 1898 3009 1953 Christo
3034 1894 3333 1967 prophetiis

0 2008 1 2011 η
45 1978 349 2050 permissi,
406 1978 497 2049 qui
557 1994 650 2033 eos
678 1986 733 2032 et
779 1984 1126 2032 consumunt.
1182 1972 1452 2043 Quidquid
1503 1970 1651 2024 enim

0 2082 3 2085 '
45 2073 326 2127 videntur
345 2069 571 2140 iustitiae
591 2078 772 2139 agere,
801 2070 943 2122 Deus
974 2066 1075 2121 sibi
1105 2080 1211 2119 non
1237 2066 1483 2133 imputat,
1508 2060 1652 2130 quod

45 2161 418 2216 demonstrat
444 2157 641 2212 Paulus
666 2155 855 2211 dicens
894 2173 907 2208 :
944 2154 1214 2208 Justitiam
1233 2156 1386 2206 suam
1413 2165 1652 2221 qureret:-

47 2265 130 2308 tes
174 2251 525 2315 constituere,
562 2250 793 2320 justitiw
836 2247 931 2302 Dei
965 2260 1066 2301 non
1094 2255 1215 2300 sunt
1244 2243 1465 2313 subjecti
1487 2238 1553 2295 ’⁷.
1586 2241 1656 2295 Et

0 2368 7 2385 π
48 2359 255 2401 rursus
307 2362 321 2399 :
362 2341 539 2397 Israel
596 2348 774 2395 autem
824 2339 1070 2393 sectanda
1119 2338 1287 2406 legem
1326 2335 1571 2405 justltira,
1600 2333 1655 2385 in

0 2454 3 2483 :
48 2434 224 2503 legem
259 2432 496 2503 justitice
533 2445 638 2484 non
677 2429 908 2499 pervenit
939 2428 1007 2482 ’⁸.
1043 2426 1276 2481 Necesse
1306 2432 1566 2494 estergo,
1599 2431 1656 2477 ut

54 2539 183 2580 eum
208 2523 511 2578 comedant
537 2521 835 2583 daamoncs,
863 2520 955 2590 qui
993 2534 1182 2574 eorum
1218 2530 1435 2589 pecora,
1460 2515 1518 2570 id
1548 2523 1653 2581 est,

48 2615 368 2687 pecoribus
399 2613 604 2669 similes
644 2612 916 2672 homines.
947 2621 1175 2682 pravum
1206 2609 1460 2663 videlicet
1488 2620 1659 2677 popu-

0 2732 3 2759 i
56 2709 179 2763 lum
228 2715 405 2776 atque
433 2704 745 2774 imperitum
778 2709 1131 2765 consumunt,
1172 2699 1440 2769 siquidem
1472 2699 1659 2753 nullus

0 2822 3 2855 ς
51 2809 145 2857 est
190 2799 253 2855 in
304 2797 419 2854 illis
458 2796 789 2860 intellectus,
833 2794 969 2850 nihil
1019 2793 1111 2849 Dei
1161 2793 1382 2848 servitio
1436 2792 1659 2863 dignum

0 2916 3 2947 ε
53 2891 313 2965 cogitare
345 2895 777 2951 consueverunt,
796 2886 890 2943 sed
916 2887 1060 2941 sicut
1082 2886 1328 2956 jumenta
1358 2884 1412 2938 in
1439 2885 1660 2939 modum

0 3008 3 3039 r
56 2983 211 3039 freni
269 2980 460 3037 stultis
521 2980 938 3050 praepositorum
984 2992 1207 3033 suorum
1272 2975 1661 3031 traditionibus

0 3104 3 3109 -
61 3077 383 3136 ducuntur,
417 3081 639 3141 prOpter
674 3070 818 3140 quod
851 3077 978 3124 sunt
1006 3068 1318 3124 daemonum
1345 3066 1473 3132 cibi,
1504 3075 1561 3121 et
1593 3068 1661 3121 ad

59 3166 407 3239 paucitatem
457 3162 802 3231 rediguntur,
838 3169 948 3215 tam
993 3159 1346 3214 multitudine
1377 3174 1539 3229 quam
1573 3157 1658 3213 di-

0 3296 3 3315 .
63 3257 302 3329 gnitate.
326 3254 676 3321 Descrtrc'que
695 3260 882 3307 eorum
904 3253 1041 3306 tium
1059 3249 1178 3317 viae,
1202 3262 1323 3320 quae
1344 3260 1448 3304 nec
1468 3264 1663 3320 aquam

2 3382 3 3403 ξ
65 3350 284 3405 habent
317 3346 470 3411 vitat,
500 3358 604 3401 nec
628 3344 1056 3415 susceptionem,
1088 3344 1203 3398 sive
1240 3343 1663 3411 hospitalitatem

64 3438 497 3511 lntelligibilem,
562 3451 665 3491 nec
742 3436 1110 3506 producentes
1162 3449 1221 3488 se
1253 3433 1340 3488 vel
1389 3434 1543 3502 quasi
1587 3433 1656 3487 ad

66 3542 301 3588 manum
336 3527 697 3594 deduceutcs,
729 3534 823 3579 aut
852 3526 1244 3580 custodientes.

0 3678 1 3687 χ
145 3623 308 3689 Quod
339 3621 390 3674 si
422 3634 514 3672 nec
541 3620 615 3673 sic
642 3618 911 3672 volueritis
940 3617 1168 3685 recipere
1192 3613 1547 3685 disciplinam,
1579 3616 1668 3668 scd

0 3750 1 3755 η
66 3711 483 3771 ambulaveritis
514 3722 577 3764 ex
605 3710 823 3764 adverso
858 3709 1004 3773 mihi,
1023 3724 1115 3777 ego
1141 3720 1342 3779 quoque
1370 3715 1551 3760 contra
1579 3723 1666 3761 vos

68 3807 335 3861 adversus
370 3801 634 3855 incedam.
676 3799 920 3855 Adversa
948 3812 1109 3869 pmna
1139 3806 1281 3858 utar,
1312 3796 1669 3867 quemadmo-

70 3896 208 3948 dum
235 3891 473 3946 adversa
509 3898 595 3944 est
615 3888 716 3960 legi
741 3895 923 3942 vestra
947 3883 1350 3957 praevaricatio:
1372 3896 1498 3939 cum
1521 3882 1668 3937 enim

2 4036 3 4041 η
71 3984 335 4042 meditari
401 3994 522 4036 eam
576 3978 892 4045 videamini,
957 3975 1324 4032 intentionem
1380 3973 1499 4043 ejus
1559 3987 1669 4027 non
1752 3996 1757 4001 -

0 4122 3 4137 ι
72 4075 335 4140 servatis,
373 4074 456 4128 sic
484 4082 538 4128 et
570 4087 671 4143 ego
718 4072 1003 4126 adversam
1049 4067 1205 4124 vobis
1247 4065 1671 4135 superinducam

4 4214 5 4221 η
73 4181 328 4239 pmnam,
357 4178 471 4218 non
494 4178 592 4219 vos
618 4162 918 4231 corripiens
954 4160 1082 4224 illis,
1111 4157 1307 4229 quibus
1341 4154 1672 4226 flagellabam

0 4306 7 4337 ε
75 4262 254 4331 prius,
281 4256 512 4330 quando
539 4253 847 4310 mortiferas
871 4260 1154 4321 serpentes
1180 4246 1586 4330 etincendium,
1619 4254 1677 4299 et

79 4361 241 4406 terra:
273 4350 483 4413 hiatus,
521 4355 576 4401 et
623 4343 822 4400 similia
862 4358 1025 4413 super
1048 4356 1147 4396 vos
1181 4324 1526 4398 inducebam,
1579 4334 1674 4389 sed

0 4510 7 4522 ἲ
82 4438 237 4493 alias.
295 4437 432 4504 Qua:
488 4442 618 4489 sunt
669 4441 851 4488 autem
915 4431 1023 4495 im,
1090 4428 1375 4499 sequentia
1429 4427 1672 4497 legentes

81 4530 344 4584 sciemus.
1564 4512 1567 4513 ⁷

2 4610 3 4615 η
177 4620 246 4674 Et
279 4621 575 4689 percutiam
604 4627 693 4671 vos
736 4617 924 4684 septies
962 4621 1171 4684 propter
1206 4620 1421 4680 peccata
1470 4618 1668 4664 vestra.

84 4710 248 4765 Prius
276 4711 598 4780 corripiant,
620 4704 818 4763 deinde
844 4704 1167 4776 percutiam.
1200 4700 1505 4755 Prooede‘us
1526 4699 1674 4753 enim

0 4866 4 4877 ,
88 4817 276 4873 poena,
313 4811 510 4873 utpote
538 4811 728 4857 contra
760 4797 1160 4856 inobedientes,
1197 4794 1389 4849 fortior
1417 4790 1668 4847 efficitur.

0 4888 1 4981 ζ
89 4894 456 4966 lnducamque
487 4910 649 4963 super
681 4908 770 4947 vos
796 4890 1033 4961 gladium
1073 4887 1291 4941 ultorem
1311 4884 1518 4956 foederis
1553 4882 1676 4938 mei.

1753 1994 1831 2047 sic
1851 1993 2054 2064 apertis
2086 2005 2409 2062 repugnare.

1824 2105 1892 2159 Et
1960 2104 2247 2158 trademini
2296 2103 2521 2157 hostium
2572 2101 2816 2156 manibus
2864 2100 3001 2170 ejus.
3071 2098 3337 2154 Videlicet

1755 2193 2195 2264 intelligibilium.
2229 2191 2518 2261 Postquam
2554 2190 2865 2260 confregero
2894 2187 3138 2242 baculum
3182 2187 3337 2256 panis

1754 2287 1932 2341 vestri.
1984 2283 2233 2338 liareseit
2303 2282 2453 2337 enim
2504 2279 2649 2350 apud
2685 2294 2780 2334 eos
2825 2274 3116 2334 doctoralis
3161 2277 3336 2347 panis,

1756 2378 1995 2435 maxime
2045 2374 2302 2431 salutaris
2369 2391 2383 2428 :
2432 2370 2708 2442 quomodo
2763 2368 3163 2425 autemiAudi
3211 2382 3336 2437 qua

1756 2477 2061 2542 sequuntur
2102 2466 2232 2522 :lta
2270 2474 2328 2519 ut
2376 2465 2553 2518 decem
2606 2461 2850 2516 mulieres
2887 2462 2943 2515 iu
2985 2476 3089 2514 uno
3132 2458 3339 2514 clibano

1756 2570 1984 2633 coquant
1999 2575 2182 2630 partes,
2208 2566 2257 2612 et
2282 2555 2504 2611 reddant
2522 2570 2606 2608 eos
2630 2554 2699 2607 ad
2720 2553 2944 2622 pondus,
2968 2560 3017 2606 et
3035 2548 3338 2614 comedetis,

1757 2666 1807 2711 et
1847 2670 1952 2709 non
1974 2648 2373 2709 saturabimini.
2413 2645 2559 2702 Nihil
2594 2645 2799 2700 habent
2839 2641 3038 2710 Judmi,
3068 2642 3211 2712 quod
3245 2641 3342 2697 do-

1758 2747 1993 2805 ctrinam
2049 2744 2196 2799 vires
2240 2740 2453 2797 habere
2519 2735 2797 2793 nutriendi
2851 2735 3035 2796 faciat,
3098 2733 3344 2804 exceptis

1759 2840 1948 2896 decem
1990 2832 2299 2907 pratceptis,
2347 2830 2473 2901 quia
2502 2843 2687 2884 veram
2736 2827 3129 2898 prophetarum
3171 2839 3345 2895 espo-

1762 2930 2040 2994 sitionem,
2085 2933 2274 2995 utpote
2311 2923 2738 2979 concordantem
2801 2918 3100 2975 Salvator-is
3167 2915 3344 2972 nostri

1763 3018 2157 3091 dispensationi
2203 3016 2443 3087 fugiunt.
2493 3013 2722 3083 Reliqua
2764 3020 2944 3066 autem
2976 3010 3112 3081 legis
3152 3008 3341 3065 nolunt

1688 3142 1732 3198 ο
1766 3112 2179 3184 intelligibilitcr
2207 3108 2479 3178 accipere,
2507 3121 2612 3160 nec
2644 3103 3000 3174 spiritualiter
3031 3102 3345 3171 suscipere:

1767 3206 1861 3263 sed
1883 3204 2184 3260 secundum
2207 3201 2439 3256 litteram
2461 3198 2652 3264 solam,
2676 3196 2822 3267 quod
2842 3205 2986 3250 stare
3010 3209 3118 3248 non
3145 3199 3343 3262 potest.

1767 3299 2026 3359 Primum,
2083 3294 2209 3365 quia
2254 3295 2408 3348 locus
2457 3291 2772 3345 destructus
2824 3296 2929 3353 est,
2971 3286 3027 3340 in
3057 3300 3166 3354 quo
3190 3290 3351 3339 erant

1765 3387 2046 3452 sacrificia,
2079 3397 2133 3439 ct
2161 3383 2561 3447 mundationes,
2591 3388 2647 3435 et
2675 3378 3004 3441 oblationes,
3030 3385 3087 3431 et
3114 3376 3346 3444 reliqua,

1764 3493 1885 3549 qua:
1906 3476 2178 3547 pertinent
2203 3474 2269 3528 ad
2293 3474 2610 3528 servitutem
2636 3471 2855 3533 litterae,
2882 3466 3085 3521 deinde
3112 3465 3278 3520 multa
3295 3464 3352 3519 in

1765 3569 1846 3625 eis
1880 3575 2056 3630 erant,
2093 3580 2205 3620 non
2257 3573 2366 3627 tam
2408 3561 2613 3625 studio,
2655 3575 2818 3629 quam
2850 3557 2961 3610 risu
2995 3555 3177 3625 digna,
3208 3555 3352 3611 sicut

1768 3674 1854 3720 ea,
1887 3672 2008 3727 quae
2035 3664 2169 3711 sunt
2200 3654 2267 3709 de
2296 3655 2446 3723 lepra
2477 3651 2771 3722 parietum,
2809 3648 3065 3711 trabium,
3095 3644 3350 3708 vestium,

1775 3762 1888 3800 non
1914 3760 2070 3799 arare
2098 3759 2223 3797 cum
2259 3743 2400 3797 bove
2437 3750 2493 3795 et
2520 3740 2695 3803 asino,
2715 3747 2771 3792 et
2805 3736 3025 3799 similia,
3058 3749 3181 3804 qua:
3210 3734 3355 3804 lega-

1770 3839 1913 3893 libus
1945 3836 2327 3892 traditionibus
2361 3834 2734 3889 continentur.
2773 3831 2968 3885 Decem
2993 3834 3174 3883 autem
3198 3840 3356 3881 man-

1772 3927 2021 3981 datorum
2064 3925 2243 3978 littera
2279 3923 2425 3976 clara
2469 3928 2572 3983 est,
2621 3919 2781 3990 digna
2827 3917 2895 3973 ad
2934 3915 3356 3972 custodiendum

1774 4028 1935 4088 atque
1965 4015 2326 4086 operandam.
2354 4012 2467 4068 Nec
2492 4011 2824 4067 contrarium
2851 4018 2939 4065 est
2955 4007 3177 4063 Sahbati
3201 4022 3359 4062 man-

1775 4112 1988 4175 datum,
2031 4108 2161 4178 quia
2221 4106 2325 4161 etsi
2376 4104 2567 4160 decem
2612 4102 2883 4158 mandatis
2941 4101 3208 4155 insertum
3250 4105 3357 4164 est,

1776 4217 1887 4255 non
1937 4210 2118 4255 tamen
2157 4214 2225 4253 ex
2252 4198 2334 4253 eis
2373 4204 2475 4251 est.
2517 4193 2574 4249 Si
2607 4208 2738 4264 ergo
2775 4191 3089 4247 mandatum
3121 4187 3363 4260 speciale

1780 4306 2046 4362 ponamus
2076 4308 2089 4344 :

1854 4402 1964 4473 Ego
1992 4417 2108 4455 sum
2144 4398 2395 4453 Dominus
2429 4396 2567 4450 [leas
2591 4404 2732 4461 tuus,
2755 4394 2845 4465 qui
2866 4393 3025 4447 eduxi
3053 4401 3101 4446 te
3129 4391 3193 4445 de
3216 4399 3364 4443 terra

1705 4489 1746 4543 ι)
1772 4490 2013 4563 Εθῃριὶ,
2042 4493 2104 4544 de
2129 4490 2283 4542 domo
2314 4488 2584 4542 servitutis
2605 4526 2621 4551 ,
2657 4485 2959 4554 perfectura
2983 4483 3170 4538 decem
3202 4494 3361 4535 man-

1789 4590 2039 4641 datorum
2094 4596 2385 4637 numerum
2467 4578 2827 4635 inveniemus.
2907 4574 3117 4630 Dehinc
3174 4581 3362 4641 aperte

1780 4678 2023 4749 requiem
2049 4673 2439 4743 iuteiligibilent
2458 4670 2750 4741 significat,
2778 4669 2832 4722 iu
2852 4683 2955 4736 qua
2980 4666 3192 4719 nullum
3223 4677 3362 4732 opus

1783 4770 1948 4838 hujus
1969 4765 2153 4820 mundi
2180 4765 2306 4817 licet
2338 4776 2438 4815 nos
2487 4776 2668 4831 agere.
2700 4759 2826 4812 llatc
2854 4772 2982 4825 ergo
3013 4756 3126 4808 sola
3159 4768 3357 4821 panem

1784 4865 2081 4930 operantur
2117 4852 2319 4923 pupillo
2348 4850 2680 4913 Iudaeorum,
2719 4846 2774 4899 in
2813 4846 3025 4899 clibano
3061 4859 3170 4897 uno
3202 4842 3359 4910 legali

1790 4947 2063 5005 videlicet.
2115 4949 2171 4997 et
2222 4940 2456 4995 reddunt
2507 4952 2602 4995 eos
2645 4936 2714 4991 ad
2758 4935 2971 5005 pondus
3021 4933 3362 5003 supradictas

92 4985 317 5041 Gladius
355 4987 588 5055 spiritus
635 4984 763 5054 quia
814 4981 1041 5035 verbum
1086 4977 1181 5031 Dei
1230 4976 1321 5039 sit,
1371 4973 1684 5042 frequenter

98 5076 363 5131 diximus.
397 5076 516 5131 lloe
540 5077 768 5131 verbum
799 5072 853 5126 in
876 5069 1076 5139 linguis
1111 5064 1366 5133 Ecclesia:
1403 5063 1685 5132 magistro-

103 5183 254 5232 rum,
310 5168 552 5223 vindicat
590 5167 857 5237 judicium
910 5159 1153 5223 laedaris,
1203 5157 1318 5212 sive
1373 5155 1685 5209 testamenti

0 5316 1 5319 η
101 5259 424 5331 evangelici.
470 5259 757 5315 Convincit
800 5257 946 5313 enim
986 5268 1082 5308 eos
1127 5250 1218 5320 qui
1265 5256 1467 5335 novum
1498 5254 1684 5301 trans-

0 5340 3 5417 ξ
106 5352 453 5425 grediuntur,
479 5366 582 5406 nec
609 5357 768 5404 vetus
791 5345 1063 5404 custodire
1088 5355 1270 5413 posse,
1306 5347 1361 5393 et
1381 5335 1686 5393 vindicatur

108 5444 488 5516 Evangeliunt,
529 5457 654 5498 cum
703 5439 909 5496 inimici
957 5436 1093 5507 legis
1148 5431 1536 5491 ostenduntur,
1590 5427 1684 5497 qui

114 5514 391 5606 Evangelii
422 5535 650 5605 gratiam
673 5525 1164 5599 transgrediuntur.
1198 5518 1305 5575 Sed
1338 5526 1393 5573 et
1415 5514 1686 5586 legislato-

1791 5054 1982 5114 panes,
2022 5034 2077 5092 id
2109 5042 2214 5102 est,
2262 5032 2331 5089 ad
2362 5029 2674 5088 sensibilem
2712 5025 3129 5083 districtioncm.
3171 5023 3362 5092 Neque

1790 5148 1921 5206 ergo
1962 5130 2190 5186 dilatant
2227 5125 2531 5182 doctrinam
2574 5121 2717 5177 sicut
2759 5114 3134 5189 Evangelium,
3177 5128 3359 5185 nequo

1790 5224 2049 5282 adulterii
2098 5218 2402 5276 doctrinam
2451 5212 2748 5271 ostendunt
2781 5211 2846 5266 ad
2897 5208 3225 5269 custodiam,
3260 5221 3361 5262 neo

1790 5314 2112 5389 respiciendi
2155 5309 2459 5374 mulierem,
2494 5321 2598 5361 nec
2631 5302 2930 5365 homicidii,
2976 5316 3080 5356 nec
3123 5300 3189 5354 ad
3224 5300 3360 5353 iras-

1791 5411 2047 5470 cendum.
2079 5404 2234 5462 Unde
2288 5415 2392 5457 nec
2421 5399 2691 5455 satiantur
2730 5394 3048 5451 Judaorum
3107 5390 3357 5462 panibus,

1782 5503 1875 5575 qui
1896 5515 1960 5558 ex
1989 5497 2069 5555 eis
2087 5503 2216 5553 sunt
2233 5492 2449 5560 nutriti,
2469 5498 2674 5546 arctam
2715 5485 3004 5557 quamdam
3028 5482 3354 5546 doctrinam,

196 5725 412 5799 ".Rom.
448 5743 501 5796 χ,
531 5728 583 5783 5.
633 5724 708 5803 ﬂ"
737 5720 933 5793 Philip.
959 5718 1103 5787 ttt,6.
1179 5720 1224 5753 θ’
1249 5717 1452 5775 levem.
1479 5728 1523 5782 ι,
1552 5712 1634 5767 l8.
