3810 6318
466 227 596 308 1151

1648 234 2010 299 HESYCHII
2044 232 2517 296 PRESBYTERI

3662 232 3784 296 li'i’

462 346 710 415 n'hique
735 342 1345 431 habentem/ubertatis,
1383 345 1751 417 spiritalisque
1770 346 2041 418 largitatis
2072 352 2118 407 Α
2143 352 2303 400 erant
2334 343 2683 414 captivitatcs
2719 346 2953 416 experti,
2987 347 3277 418 multaque
3313 346 3569 416 ﬂagella
3596 360 3773 416 perta-

459 444 758 493 sumentes.

530 525 694 581 Vsus.
728 528 922 585 27-43.
964 550 983 581 ‹
1020 529 1114 584 Sin
1147 541 1327 584 autem
1354 546 1582 601 nec'per
1606 532 1721 600 haec
1752 531 2037 587 audieritis

460 633 572 703 me,
618 620 712 675 sed
763 622 1171 677 ambulaveritis
1200 631 1390 677 contra
1426 639 1537 690 me,
1565 634 1745 696 etego
1786 624 2036 679 incedam

461 709 755 766 adversum
776 728 870 768 vos
889 714 940 766 in
971 713 1153 767 furore
1186 729 1309 768 meo
1333 718 1625 782 contrario,
1665 726 1720 772 et
1746 717 2034 787 corripiam

462 813 560 857 vos
587 814 794 874 septem
857 805 1028 876 plagis
1080 814 1303 878 propter
1343 817 1562 877 peccata
1618 819 1819 871 vestra,
1883 810 1955 863 ita
1980 817 2039 862 ut

462 897 757 952 comedatis
796 914 1012 953 carnem
1068 898 1298 953 ﬁliorum
1337 909 1661 965 vestrorum,
1706 909 1759 955 et
1805 902 2036 955 ﬁliarum

464 997 784 1044 vestrarum.
831 992 1114 1046 Destruam
1171 992 1384 1047 excelsa
1425 1001 1600 1047 vestra
1643 1001 1699 1048 et
1746 995 2036 1048 simulacra

462 1080 817 1151 confringant.
858 1084 1075 1138 Cadetis
1110 1084 1253 1139 inter
1291 1085 1474 1139 ruinas
1518 1086 1784 1141 idolorum
1829 1098 2038 1142 vestro-

461 1186 603 1236 rum,
649 1180 705 1226 et
742 1174 1147 1230 abominabitur
1177 1192 1275 1231 vos
1315 1177 1495 1230 anima
1529 1192 1668 1239 mea,
1714 1177 1769 1231 in
1801 1185 2033 1241 tantum,

462 1270 523 1316 ut
553 1264 716 1319 urbes
747 1276 955 1320 vestras
982 1267 1219 1334 redigam
1251 1267 1304 1320 in
1333 1266 1702 1333 solitudinem,
1740 1277 1794 1323 et
1820 1268 2034 1323 deserta

462 1352 655 1408 faciam
709 1357 1018 1412 sanetuaria
1078 1367 1280 1420 vestra,
1339 1373 1442 1411 nec
1491 1358 1748 1427 recipiam
1814 1359 2035 1413 odorem

463 1443 601 1497 ultra
641 1443 1044 1511 suavissimum,
1084 1445 1500 1515 dtsperdamque
1531 1456 1725 1501 terram
1775 1458 2034 1513 vestram,

462 1544 517 1590 ct
546 1536 843 1604 stupebunt
869 1550 1032 1605 super
1056 1551 1178 1590 eam
1208 1538 1411 1592 inimici
1444 1539 1633 1603 vestri,
1665 1555 1787 1593 cum
1827 1542 2037 1596 habita-

464 1637 608 1681 tores
634 1626 776 1680 illius
805 1627 1026 1682 fuerint.
1049 1629 1155 1684 Vos
1184 1639 1365 1684 autem
1393 1630 1695 1700 dispergam
1728 1632 1782 1684 in
1816 1642 2032 1702 gentes,

460 1725 516 1770 et
543 1717 839 1787 evaginabo
860 1725 984 1787 post
1017 1734 1113 1772 vos
1134 1719 1394 1789 gladium,
1433 1720 1646 1789 eritque
1675 1728 1816 1775 terra
1853 1732 2033 1778 vestra

461 1807 697 1865 deserta.
741 1818 797 1860 et
841 1806 1087 1862 civitates
1122 1808 1335 1863 dirutar.
1370 1809 1524 1863 'l‘unc
1555 1811 1845 1880 placebunt
1880 1823 2035 1869 terrae

463 1897 687 1951 sabbata
719 1912 815 1951 sua
843 1899 1056 1953 cunctis
1079 1899 1272 1953 diebus
1293 1900 1604 1955 solitudinis
1653 1917 1784 1969 suae,
1817 1905 2035 1973 quando

463 1986 674 2041 [ueritis
713 1987 766 2041 in
805 1997 947 2043 terra
993 1989 1199 2043 hostili.
1248 1988 1617 2047 Sabbatizabit
1643 2001 1698 2047 et
1731 1994 2037 2063 requiescet

460 2080 516 2131 in
550 2079 786 2134 sabbatis
811 2080 1125 2135 solitudinis
1154 2096 1286 2145 sure,
1319 2096 1385 2137 eo
1407 2084 1549 2152 quod
1574 2100 1683 2139 non
1709 2085 2037 2155 requieverit

464 2168 724 2225 Sabbatis
772 2172 987 2238 vestris,
1024 2172 1245 2243 quando
1284 2173 1597 2229 habitabilis
1648 2176 1703 2229 in
1733 2192 1816 2230 ea.
1850 2176 1913 2230 Et
1942 2177 2032 2246 qui

459 2260 528 2314 de
581 2261 733 2315 vobis
767 2262 1151 2328 remanserint,
1201 2263 1342 2317 dabo
1384 2279 1641 2333 pavorem
1691 2265 1745 2318 in
1782 2267 2036 2321 cordibus

460 2367 649 2406 eorum
684 2370 695 2405 :
730 2353 784 2406 in
834 2352 1147 2423 regionibus
1180 2352 1419 2407 hostium
1447 2354 1674 2409 terrebit
1706 2371 1801 2410 vos
1826 2356 2037 2409 sonitus

461 2440 573 2494 folii
607 2441 858 2506 volantis,
888 2451 944 2495 et
972 2442 1043 2495 ita
1073 2441 1285 2512 fugient
1335 2446 1490 2512 quasi
1535 2444 1792 2514 gladium.
1831 2444 2037 2500 Cadent

460 2531 611 2585 nullo
653 2544 939 2602 sequente,
986 2542 1041 2588 et
1074 2542 1333 2588 corruent
1376 2535 1573 2603 singuli
1616 2550 1781 2606 super
1818 2536 2032 2601 fratres,

459 2622 613 2691 quasi
632 2623 767 2676 bella
794 2623 1084 2693 fugientes.
1099 2625 1270 2679 Nemo
1299 2635 1538 2679 vestrum
1559 2626 1795 2682 inimicis
1817 2627 2038 2682 audebit

461 2715 733 2770 resistere.
773 2715 1025 2771 Peribitis
1056 2706 1421 2788 intergentes,
1456 2730 1509 2774 et
1534 2721 1749 2775 hostilis
1766 2736 1860 2775 vos
1889 2730 2034 2775 terra

461 2817 768 2863 consumet.
822 2807 976 2874 Quod
1030 2810 1073 2863 si
1103 2817 1157 2863 et
1198 2811 1265 2864 de
1297 2812 1380 2865 bis
1427 2813 1593 2882 aliqui
1649 2813 2031 2879 remanserint,

463 2900 743 2953 tabesccnt
777 2900 831 2953 in
862 2900 1240 2970 iniquitatibus
1269 2902 1402 2969 suis,
1432 2904 1485 2956 in
1518 2914 1656 2957 terra
1686 2904 2029 2959 inimicorum

462 3005 705 3050 suorum.
738 2999 794 3045 et
834 2999 1054 3060 propter
1083 3000 1301 3060 peccata
1332 3002 1546 3063 patrum
1595 3010 1817 3049 suorum
1863 3004 1918 3049 et
1939 3010 2035 3050 sua
2064 3001 2107 3058 C

462 3081 785 3151 allligcntur,
830 3080 1005 3137 donec
1047 3082 1409 3137 conﬁteantur
1447 3086 1760 3155 iniquitates
1804 3102 1950 3152 suas,
1978 3096 2035 3141 et

464 3172 730 3242 majorum
774 3187 1018 3237 suorum,
1068 3175 1268 3243 quibus
1311 3177 1647 3245 przevaricati
1696 3184 1824 3231 sunt
1868 3178 2033 3232 inme

464 3272 521 3317 ct
550 3262 964 3317 ambulaverunt
991 3279 1059 3317 ex
1097 3264 1325 3319 adverso
1350 3265 1506 3319 mihi.
1540 3266 1842 3321 Ambulabo
1873 3267 2038 3337 igitur

464 3361 521 3408 ct
538 3367 637 3423 ego
650 3361 833 3409 contra
849 3367 965 3419 eos,
982 3362 1034 3407 et
1049 3353 1302 3407 inducam
1327 3354 1444 3409 illos
1461 3355 1513 3408 in
1539 3365 1738 3410 terram
1762 3357 2034 3423 hostilem,

465 3444 641 3515 donec
686 3444 969 3500 erubescat
1014 3445 1393 3500 iucircumcisa
1438 3462 1594 3502 mens
1637 3464 1847 3503 eorum.
1885 3450 2038 3504 Tunc

466 3535 697 3589 orabunt
739 3550 839 3605 pro
879 3535 1249 3605 impietatibus
1294 3537 1426 3599 suis,
1474 3546 1530 3591 et
1566 3540 1895 3594 recordabar
1941 3542 2038 3595 foe-

468 3625 612 3680 deris
668 3625 797 3685 mei,
852 3627 996 3696 quod
1047 3627 1222 3697 pepigi
1252 3643 1376 3681 cum
1423 3628 1609 3693 Jacob,
1665 3638 1719 3683 et
1769 3631 1936 3695 Isaac,
1984 3640 2038 3686 et

468 3715 740 3769 Abraham
780 3732 794 3767 :
847 3723 1002 3770 terrm
1051 3732 1267 3786 quoque
1322 3733 1533 3773 memor
1574 3736 1691 3786 cro,
1747 3737 1867 3791 quae
1914 3738 2035 3775 cum
2066 3790 2087 3797 _

470 3807 653 3860 relicta
701 3806 866 3861 fuerit
909 3808 977 3862 ab
1008 3809 1109 3872 eis,
1142 3810 1501 3879 complacebit
1550 3813 1661 3867 sibi
1702 3812 1757 3865 in
1798 3814 2038 3868 sabbatis

469 3898 601 3960 suis,
654 3900 868 3967 patiens
910 3899 1258 3954 solitudinem
1298 3909 1520 3971 propter
1555 3902 1694 3958 illos.
1741 3902 1845 3972 Ipsi
1904 3919 2036 3957 vero

469 3991 733 4061 rogabunt
777 4006 878 4060 pro
924 3993 1159 4060 peccatis
1208 3993 1341 4057 suis,
1391 4008 1457 4047 eo
1508 3995 1651 4063 quod
1712 3995 2028 4063 abjeceranl

465 4080 666 4149 judicia
714 4097 855 4144 mea,
897 4089 950 4134 et
986 4082 1132 4150 leges
1161 4097 1310 4137 meas
1344 4083 1730 4153 despexerunt.
1778 4087 2031 4138 Attamen

470 4187 595 4226 cum
640 4182 824 4227 essent
866 4172 919 4225 in
950 4182 1091 4226 terra
1140 4173 1343 4237 hostili,
1363 4190 1469 4229 non
1496 4175 1714 4244 penitus
1742 4176 1913 4244 abieci
1944 4192 2038 4232 eos

471 4276 650 4330 neque
685 4262 763 4316 sic
800 4263 1040 4330 despexi,
1085 4272 1146 4317 ut
1187 4274 1660 4329 consumerentur,
1718 4274 1773 4320 et
1819 4266 2035 4321 irritum

472 4349 707 4403 facerem
750 4358 967 4419 pactum
1026 4366 1207 4405 meum
1254 4366 1378 4406 cum
1432 4353 1531 4407 eis.
1565 4353 1676 4424 Ego
1706 4355 1852 4409 enim
1911 4372 2031 4411 sum
2076 4329 2115 4383 θ

474 4440 734 4495 Dominus
774 4442 915 4495 Deus
956 4457 1168 4507 eorum,
1208 4451 1265 4497 et
1298 4443 1624 4497 recordabar
1656 4444 1878 4499 foederis
1925 4447 2034 4501 mei

474 4530 706 4601 pristini,
749 4532 1006 4601 quoniam
1053 4533 1214 4589 eduxi
1253 4548 1349 4589 eos
1397 4534 1465 4589 de
1525 4544 1666 4588 terra
1711 4535 1950 4606 Egypti,
1982 4538 2035 4593 in

473 4632 769 4691 conspectu
818 4622 1079 4692 gentium,
1131 4633 1191 4678 ut
1240 4638 1417 4680 essem
1469 4621 1612 4681 Deus
1654 4639 1861 4681 eorum.
1915 4628 2040 4700 .Ego

475 4714 737 4769 Dominus
764 4713 926 4768 Deus.
974 4732 993 4766 ι

544 4806 680 4871 Quia
721 4822 832 4860 non
870 4806 1043 4861 solum
1084 4808 1356 4879 legislator
1396 4808 1625 4881 Moyses,
1656 4812 1750 4866 sed
1787 4812 1951 4867 etiam
1989 4821 2043 4868 et

475 4897 739 4967 propheta
773 4905 908 4964 erat,
955 4899 1069 4968 ipse
1106 4900 1517 4965 demonstravit,
1550 4902 1617 4957 de
1665 4902 1884 4959 Christo
1915 4920 2043 4975 spe-

475 4989 687 5045 cialiter
738 4990 1068 5058 prOphetaus
1130 4991 1214 5044 his
1269 4993 1452 5047 verbis
1484 5009 1504 5049 :
1542 4979 1858 5063 Propheta»:
1905 4995 2043 5050 vobis

475 5080 744 5134 suscitabit
791 5081 1043 5133 Dominus
1085 5079 1148 5132 de
1187 5082 1437 5149 fratribus
1481 5086 1684 5148 vestris,
1729 5087 1864 5139 sicut
1889 5103 1968 5139 me
2000 5088 2037 5140 ¹.

476 5168 622 5224 Bene
663 5178 839 5222 auten:
883 5169 985 5224 sibi
1028 5168 1229 5223 Christi
1275 5170 1682 5228 similitudinem
1726 5176 2044 5240 custodivit,

477 5260 568 5329 qui
592 5269 789 5329 prteter
815 5261 940 5322 alia,
975 5260 1030 5313 in
1052 5260 1252 5329 quibus
1282 5261 1696 5319 similitudinem
1741 5266 1862 5334 ejus
1889 5282 2046 5337 gere-

478 5348 591 5415 bat,
625 5349 1078 5417 quemadmodum
1118 5350 1380 5406 Dominus
1408 5352 1475 5406 de
1522 5352 1629 5407 ﬁne
1668 5355 1854 5410 mundi
1887 5355 2045 5420 dixit,

478 5439 551 5494 ita
588 5448 642 5495 et
690 5440 777 5495 hic
800 5455 885 5503 ea,
908 5456 1028 5509 qua:
1064 5440 1249 5496 futura
1289 5453 1445 5498 erant
1471 5445 1672 5515 populo
1714 5445 2044 5513 Judzeorum,

480 5525 538 5581 in
570 5529 822 5598 praesenti
868 5530 982 5601 lege
1017 5533 1355 5605 conscripsit.
1412 5534 1605 5592 Multas
1648 5537 1912 5607 siquidem
1962 5538 2047 5592 fu-

2069 1681 2109 1735 Β

555 5662 572 5692 ¹
608 5660 769 5719 Deut.
794 5679 949 5733 xvnt,
980 5667 1065 5720 l5.

2140 435 2338 502 lerant,
2381 436 2476 491 sed
2516 451 2579 490 ea
2606 451 2728 505 quae
2764 453 2912 492 nunc
2950 455 3050 508 per
3086 449 3279 510 partes
3309 440 3491 504 dicit,
3526 439 3613 493 ad
3639 440 3765 494 illa:

2137 527 2505 597 captivitatem
2550 530 2846 598 pertinent,
2892 547 3014 600 qua:
3051 543 3286 603 propter
3309 526 3765 601 iniquitatemiz

2136 617 2355 673 Christo
2385 620 2755 686 commissam,
2788 637 2818 675 a
2851 620 3113 678 Romanis
3148 624 3673 694 depopulantibus
3706 628 3765 678 eis

2136 711 2385 783 contigit.
2411 712 2710 783 Cognoscis
2736 723 2940 779 autem,
2972 716 3016 769 si
3041 716 3308 771 subtilius
3336 732 3536 772 nosse
3581 719 3671 770 vis
3694 736 3759 771 ea.

2136 816 2258 872 quae
2294 802 2374 856 eis
2403 811 2728 867 evenerunt,
2770 819 2836 858 ex
2862 804 3085 874 Josephi
3131 805 3402 870 historia,
3441 806 3511 859 in
3543 822 3659 875 qua
3683 822 3757 859 es:

2136 902 2192 948 et
2219 894 2359 948 ﬁlios
2402 894 2729 959 comedisse,
2770 905 2824 950 et
2852 897 3059 966 reliqua
3092 897 3487 967 praesentium
3538 900 3755 952 commi-

2137 985 2425 1038 nationum
2477 984 2806 1040 sustinuisse
2855 987 3173 1057 descripsit,
3200 1003 3469 1058 quorum
3534 989 3751 1057 plurim

2137 1076 2299 1129 etiam
2335 1090 2482 1130 nunc
2523 1076 2727 1133 nostris
2755 1077 2821 1131 ad
2847 1079 3185 1137 cernendum
3216 1079 3505 1148 adiacent

2139 1165 2361 1220 Deserta
2383 1181 2569 1220 eorum
2597 1175 2761 1233 terra,
2813 1168 3062 1222 civitates
3104 1168 3476 1238 depraedatae
3498 1169 3577 1223 ab
3600 1170 3747 1223 hosﬁ-

2139 1257 2260 1322 bus,
2300 1257 2540 1313 desolata
2570 1258 2848 1327 provincia
2877 1259 3091 1328 ipsique
3132 1259 3599 1330 peregrinantes
3623 1262 3743 1330 apud

2139 1347 2388 1402 inimicos
2409 1362 2536 1401 suos
2559 1347 2809 1417 gentiles,
2840 1363 2962 1402 cum
2994 1357 3143 1402 metu
3178 1348 3505 1403 continuo.
3542 1350 3745 1403 Verus:-

2141 1448 2321 1493 tamen
2366 1439 2821 1507 quemadmodum
2877 1455 2986 1493 non
3041 1440 3222 1494 solum
3266 1439 3391 1494 hoc
3445 1444 3743 1496 secuniun

2139 1533 2373 1587 litteram
2395 1533 2636 1603 perpessi
2654 1540 2806 1593 sunt,
2825 1532 2917 1587 sed
2939 1532 3006 1586 ad
3035 1532 3210 1601 ipsam
3229 1533 3741 1587 considerationem

2138 1624 2381 1693 Spiritus,
2421 1624 2712 1693 dupliciter
2750 1623 2899 1679 enim
2945 1632 3265 1692 peccantes.
3302 1625 3369 1677 in
3400 1624 3551 1696 legis
3586 1634 3741 1679 uatis-

2136 1714 2435 1784 gressione,
2486 1724 2541 1769 et
2582 1714 2905 1785 legislatoris
2966 1714 3347 1783 blaSphemia,
3411 1716 3670 1785 duplices
3700 1732 3738 1769 ες

2135 1822 2326 1876 pmnas
2361 1813 2510 1861 recte
2542 1805 2843 1876 patiuntur,
2873 1805 3017 1875 quod
3046 1807 3153 1860 hoc
3184 1806 3371 1861 modo
3404 1807 3589 1862 disce.
3632 1811 3738 1860 Am-

2135 1898 2462 1952 bulaverunt
2511 1913 2634 1951 cum
2679 1897 2920 1960 Christo,
2954 1911 3021 1950 ex
3068 1897 3317 1951 adverso
3362 1898 3736 1952 subvertentis

2135 1987 2395 2043 miracula
2450 1988 2592 2056 ejus,
2625 1995 2683 2041 et
2735 1986 2804 2041 de
2851 1985 3099 2041 doctrina
3154 1986 3293 2054 ejus
3345 1988 3731 2042 detrahentes;

2135 2095 2262 2134 eum
2302 2095 2400 2149 per
2441 2078 2704 2133 invidiam
2766 2077 3179 2141 insidiarentur,
3256 2089 3545 2148 tanquam
3571 2090 3733 2134 contra

2139 2168 2306 2219 Deum
2352 2173 2602 2236 agentem
2646 2165 2815 2219 divini
2864 2165 3068 2219 amoris
3112 2164 3441 2221 Doctorem
3500 2167 3735 2222 fallaciter

2135 2257 2471 2311 asserebant.
2518 2256 2624 2325 sed
2664 2266 2719 2311 ct
2753 2256 2869 2326 ipse
2910 2257 2966 2309 in
3006 2257 3087 2311 ira
3132 2258 3221 2319 eis
3253 2272 3326 2311 ex
3384 2261 3620 2315 adverso
3649 2261 3731 2313 hoc

2137 2346 2298 2401 modo
2328 2362 2461 2401 usus
2512 2356 2597 2401 est
2638 2366 2649 2401 :
2686 2349 2811 2417 quia
2841 2348 2988 2402 enim
3017 2348 3303 2417 judicium
3342 2350 3491 2413 fuit.
3516 2361 3570 2407 et
3597 2367 3730 2422 ptem

2137 2437 2441 2492 commissa:
2478 2438 2531 2491 in
2559 2453 2625 2509 eo
2658 2438 2958 2508 iniquitatis
2995 2439 3329 2509 captivitas,
3369 2459 3549 2512 quam
3593 2446 3727 2497 susti-

2136 2537 2377 2582 nuerunt
2416 2545 2428 2580 :
2468 2544 2629 2599 quam
2673 2545 2782 2584 non
2812 2537 2990 2584 tamen
3040 2541 3277 2600 propter
3326 2531 3453 2587 hoc
3489 2533 3727 2587 Romanas

2139 2619 2339 2674 inferre
2362 2619 2506 2686 fecit,
2531 2621 2765 2675 necdum
2785 2620 2931 2676 enim
2951 2621 3071 2689 ejus
3088 2622 3480 2678 vindicabant
3498 2626 3723 2697 gloriam:

2138 2712 2233 2766 sed
2263 2711 2536 2780 quomodo
2564 2711 2654 2779 qui
2681 2727 2871 2766 eorum
2917 2713 3149 2783 imperio
3202 2716 3586 2782 resistebant,
3619 2732 3721 2772 cum

2110 2845 2115 2850 .
2137 2805 2347 2874 pridem
2368 2804 2654 2858 collatores
2671 2820 2858 2858 eorum
2880 2803 3137 2869 fuissent,
3160 2807 3521 2878 tributisque
3543 2825 3723 2869 eoru.

2139 2905 2194 2950 et
2250 2894 2480 2966 legibus,
2543 2905 2705 2965 atque
2759 2895 3166 2965 magistratibus
3210 2899 3605 2955 obcdientes:
3648 2901 3723 2954 sed

2138 2988 2378 3043 furorem
2415 3003 2481 3042 ex
2519 2987 2748 3042 adverso
2794 3003 3055 3043 exercens
3096 2990 3383 3046 adversus
3432 3008 3537 3047 eos
3583 2992 3719 3049 Deus.

2137 3078 2517 3149 superinduxit
2560 3089 2751 3134 contra
2791 3094 2887 3134 eos
2932 3080 3089 3147 iram,
3115 3091 3178 3135 ut
3214 3082 3609 3144 vindicaretur
3646 3099 3723 3153 per

2136 3170 2504 3225 Romanorum
2526 3169 2834 3240 imperium,
2858 3179 3115 3241 tanquam
3139 3172 3323 3241 ipsius
3344 3174 3722 3242 praedicatores

2124 3260 2493 3326 exstitissent,
2513 3269 2567 3314 et
2583 3261 2849 3330 corripuit
2865 3276 2961 3318 eos
2980 3271 3192 3333 septem
3213 3264 3422 3335 plagis,
3442 3264 3718 3319 secundum

2137 3361 2360 3421 peccata
2395 3368 2605 3418 eorum,
2638 3355 3009 3425 multiplicans
3039 3370 3230 3409 eorum
3266 3371 3499 3424 paruas.
3530 3358 3594 3410 Et
3626 3370 3717 3408 non

2138 3459 2248 3499 uno
2274 3445 2437 3499 modo
2452 3444 2767 3508 vindicavit,
2802 3445 2929 3517 quia
2950 3462 3052 3501 nec
3079 3447 3183 3517 ipsi
3226 3462 3342 3502 uno
3368 3455 3718 3517 peccaverunt

2139 3536 2300 3591 modo
2334 3554 2346 3589 :
2382 3535 2479 3591 sed
2511 3544 2565 3590 et
2598 3551 2793 3591 carnes
2840 3537 3072 3590 ﬁliorum
3115 3552 3347 3591 suorum
3405 3543 3479 3593 et'
3503 3537 3713 3590 ﬁliarum

2139 3642 2359 3681 suarum
2415 3627 2723 3693 comedent,
2774 3627 2825 3681 id
2871 3636 2977 3692 est,
3033 3628 3337 3699 discipulos
3398 3646 3550 3691 suos,
3600 3646 3713 3697 quas

2138 3719 2293 3788 quasi
2330 3719 2383 3772 in
2419 3719 2560 3773 ﬁlios
2589 3719 2688 3774 sibi
2717 3728 3026 3785 assumunt,
3052 3720 3120 3774 ad
3145 3723 3403 3775 eamdem
3431 3722 3713 3775 doctrinm

2140 3811 2317 3866 verbis
2362 3811 2592 3878 callidis,
2637 3811 2988 3881 animamque
3034 3813 3499 3869 subvertentibus
3551 3830 3715 3869 come-

2139 3903 2351 3957 dentes.
2390 3901 2495 3957 Sed
2546 3912 2600 3957 et
2631 3904 2846 3958 excelsa
2881 3918 3073 3958 eorum
3107 3905 3176 3958 ad
3206 3905 3498 3959 desertum
3525 3907 3711 3975 perdo-

2140 3992 2236 4057 xit,
2281 4000 2338 4047 et
2371 3992 2662 4047 simulacra
2698 3993 2994 4063 confregit.
3040 3993 3259 4049 Excelsa
3300 3995 3514 4065 quippe
3542 4011 3711 4049 eorum

2140 4082 2416 4152 principes
2457 4091 2513 4138 et
2555 4084 2826 4150 doctores,
2869 4099 3008 4152 quos
3056 4085 3437 4150 intenulentes,
3487 4088 3629 4142 sicut
3666 4088 3707 4138 in

2140 4174 2741 4241 sublimiconstitutos,
2772 4175 2857 4229 vel
2888 4176 3029 4231 sicut
3074 4174 3241 4241 LXX,
3273 4187 3518 4245 statuas,
3564 4180 3705 4232 vitam

2141 4281 2294 4320 suam
2330 4281 2661 4336 componere
2707 4266 3034 4321 debuerunt.
3079 4266 3187 4322 Sed
3215 4268 3346 4336 quia
3388 4270 3531 4323 nihii
3566 4271 3705 4323 habe

2144 4356 2276 4409 bant
2313 4369 2529 4420 sanum,
2583 4370 2761 4425 neque
2801 4354 2961 4419 forte,
3016 4355 3110 4410 sed
3164 4356 3382 4412 inﬁrma
3442 4360 3707 4421 omnia,ct

2146 4445 2513 4515 corruptibilia
2548 4445 2761 4500 virtutis
2809 4447 3108 4513 schemata,
3138 4457 3194 4502 et
3226 4447 3577 4515 imitationis,
3606 4468 3707 4519 qua:

2149 4542 2391 4604 tempore
2429 4543 2857 4604 corrumpuntur
2882 4541 3048 4603 atque
3078 4544 3432 4606 putrescunt,
3486 4541 3623 4593 unde
3665 4550 3709 4590 et

2145 4622 2288 4691 apud
2318 4620 2479 4689 LXX,
2506 4622 2677 4694 lignea
2708 4625 3013 4694 manufacta
3059 4624 3386 4680 dicebantur
3422 4648 3436 4681 :
3472 4630 3709 4683 desolavit

2144 4728 2231 4780 ea,
2271 4729 2504 4786 arguens
2552 4730 2733 4769 coram
2790 4731 2953 4770 unam
3014 4717 3351 4787 hypocrisin,
3400 4735 3531 4773 cum
3600 4722 3710 4790 ip~is

2143 4814 2325 4860 autem
2356 4814 2411 4861 et
2438 4806 2746 4876 populares,
2770 4807 2862 4876 qui
2898 4807 2979 4863 eis
3010 4807 3392 4863 intendebant.
3434 4809 3713 4881 Posuitque

2143 4898 2405 4952 cadavera
2434 4912 2620 4951 eorum
2646 4898 2789 4952 inter
2824 4899 3011 4953 ruinas
3047 4898 3318 4954 idolorum
3365 4900 3635 4969 ipsorum,
3667 4904 3709 4955 il

2143 4994 2248 5054 est,
2298 4992 2542 5045 membra
2570 4991 2779 5061 populi,
2816 5000 2871 5045 et
2901 4992 3143 5045 actiones
3193 5007 3540 5046 coacervans
3566 5010 3714 5062 sapa

2145 5078 2387 5133 actiones
2447 5079 2713 5134 idolorum
2790 5081 3054 5150 ipsorum,
3112 5080 3519 5136 Pharisaeorum
3570 5095 3714 5153 auiae

2151 5168 2501 5235 Scribarum,
2542 5172 2741 5240 quibus
2785 5172 2927 5226 sicut
2979 5172 3135 5226 idolis
3192 5172 3521 5237 utebantur,
3570 5176 3713 5230 rdin-

2146 5268 2376 5331 quentes
2404 5261 2593 5328 Deum,
2622 5272 2674 5315 et
2710 5262 2974 5315 idolorum
2998 5263 3412 5319 seductionibus
3436 5266 3710 5319 intendere

2150 5360 2253 5416 tes,
2285 5361 2572 5422 propterea
2602 5352 2679 5405 ait
2708 5337 2719 5405 Ξ

2220 5443 2619 5498 Abominubitur
2666 5459 2751 5495 vos
2783 5444 2963 5496 anima
3017 5460 3158 5499 mea.
3198 5444 3344 5510 Qua:
3369 5445 3394 5498 ?
3423 5461 3585 5514 quam
3632 5460 3709 5514 pro

2152 5537 2309 5594 nobis
2381 5535 2581 5606 posuit,
2650 5544 2707 5589 ut
2760 5550 2856 5590 nos
2918 5535 2984 5589 de
3061 5536 3325 5591 servitute
3385 5548 3710 5606 peccatorum
