3810 6318
41 296 158 363 ΙῖΕἿ

1127 300 1213 361 ΙΝ
1255 300 1700 362 LEVITICUM.
1743 326 1814 338 -··
1852 302 2001 364 LIB.
2042 302 2173 365 VII.

3150 313 3286 382 115⁸3

104 412 221 468 Non
253 412 427 469 otiose
448 412 719 479 intendas,
744 429 867 486 quae
914 413 1060 470 dicta
1082 424 1230 471 sunt.
1279 415 1603 471 Conelusio-
1632 421 1674 479 Α
1707 414 1950 482 cerdote,
1975 424 2030 471 et
2050 423 2318 486 quantum
2336 413 2425 471 ille
2453 416 2824 488 aestimaverit,
2849 429 2904 477 et
2932 422 3131 484 viderit
3158 444 3285 486 eum

42 520 148 560 rem
205 504 348 559 enim
409 505 589 560 verbis
646 505 759 560 suis
814 505 1094 578 legislator
1143 505 1368 576 adjecit,
1401 521 1464 561 ex
1488 521 1594 577 qua

41 611 194 665 isque
226 595 290 650 ad
314 603 522 650 eertum
546 605 760 666 tempus
787 595 998 651 firmam
1030 598 1161 652 velit
1187 612 1307 652 esse
1330 597 1468 669 legis
1506 596 1591 652 lit-

41 702 209 748 .eram.
245 686 362 741 sine
391 686 570 756 aliqua
615 687 971 749 dubitatione
1002 688 1392 749 manilestavit.
1420 699 1476 744 et
1501 689 1597 745 Ju-

41 778 259 833 laaorum
295 778 570 833 obstruxit
590 795 673 845 os,
704 788 792 834 ten
805 779 1048 834 tantibus
1074 780 1177 835 hac
1201 780 1321 851 lege
1341 780 1594 835 utietiam

41 887 190 933 nunc,
214 870 434 940 quando
466 879 685 940 tempus
714 887 825 926 non
862 873 1215 943 habent,jam
1249 874 1502 928 veniente
1531 890 1598 927 eo

42 960 113 1030 ιιιί
138 959 361 1023 Judreis,
388 960 532 1014 sicut
561 961 817 1022 inﬁrmis,
854 962 1012 1016 lactis
1044 963 1164 1017 vice
1192 962 1326 1033 legis
1362 963 1596 1017 l'ttemm

41 1051 333 1121 :xquisivit,
364 1050 567 1107 ethuie
618 1052 837 1124 Moysen
885 1054 1209 1123 praecipiens
1265 1055 1596 1118 ministrare,

44 1159 137 1213 pse
168 1142 394 1197 veniens
425 1144 492 1198 ad
525 1143 671 1197 illam
726 1144 1023 1215 perfectius
1050 1146 1352 1200 introduxit
1375 1145 1598 1215 judicia.

41 1234 161 1305 Ergo
177 1235 478 1289 secundum
539 1235 679 1305 quod
707 1235 876 1290 semel
915 1236 1174 1300 diximus,
1212 1237 1597 1306 propriedixit,

41 1341 139 1394 lum
184 1324 295 1379 Deo
324 1325 607 1391 judicante
668 1326 737 1380 de
784 1327 1107 1392 quihusdam
1161 1328 1433 1397 capitulis,
1481 1343 1601 1397 quae

42 1426 336 1487 gnorantes
395 1417 890 1488 interrogaverunt,
938 1420 1080 1475 dicta
1142 1428 1290 1475 sunt.
1324 1421 1600 1491 Prmeepta

41 1518 222 1574 uitem,
246 1525 370 1577 qum
393 1524 501 1563 non
528 1510 631 1564 hoc
654 1511 834 1575 modo,
869 1511 964 1565 sed
995 1512 1292 1582 semetipso
1323 1512 1602 1583 legislator

42 1598 169 1651 tullo
219 1598 590 1669 interrogante
636 1599 891 1654 saneivit.
935 1599 1138 1655 Deinde
1174 1602 1456 1656 succincte
1514 1611 1601 1657 to-

45 1687 128 1742 ius
160 1689 460 1743 sanctionis
515 1688 980 1758 dispensationem
1069 1692 1359 1762 complecti
1406 1692 1595 1747 volens

41 1781 257 1835 .ubdidit
292 1799 307 1833 :

88 1872 155 1925 Et
186 1872 324 1943 leges
357 1887 490 1942 quas
516 1872 656 1926 dedit
689 1871 939 1926 Dominus
958 1874 1094 1926 inter
1121 1891 1177 1928 se
1208 1884 1256 1928 et
1302 1876 1438 1929 inter
1458 1875 1597 1944 ﬁlios

41 1960 213 2017 lsrael.
240 1963 465 2033 Propter
492 1964 634 2033 quod
666 1973 721 2018 et
757 1964 947 2034 reliqui
974 1964 1321 2032 interpretes,
1354 1967 1597 2035 exceptis

41 2052 105 2106 λΧ
121 2053 184 2119 Χ,
202 2054 348 2125 leges
369 2054 679 2121 ediderunt,
713 2055 1023 2109 dillereutia
1049 2055 1182 2125 legis
1203 2058 1417 2126 negotia
1430 2057 1598 2110 verbo

42 2154 124 2192 lOC
153 2140 528 2194 demonstrare
549 2141 853 2209 cupientes.
916 2139 1054 2204 Quid
1103 2151 1283 2194 autem
1312 2150 1396 2195 est
1452 2142 1597 2211 quod

41 2228 155 2282 lixit
172 2229 346 2282 inter?
384 2229 492 2283 nisi
516 2229 643 2298 quia
673 2228 1042 2298 proculdubio
1067 2243 1239 2294 usque
1263 2229 1391 2282 dum
1413 2228 1599 2283 veniat

41 2319 86 2372 le
121 2335 230 2389 quo
259 2320 337 2374 ait
370 2319 536 2373 lsaias
564 2336 577 2371 :
621 2318 741 2388 Ipse
762 2319 932 2372 veniet
988 2327 1034 2371 et
1051 2317 1277 2371 salvabit
1305 2334 1395 2371 nos
1424 2334 1442 2371 :
1475 2327 1599 2371 tunc

41 2412 328 2482 rperientur
342 2409 479 2464 oculi
493 2426 692 2464 cwcoru
701 2419 825 2473 m,et
844 2425 999 2462 aures
1010 2409 1288 2462 surdorum
1304 2409 1519 2463 audient
1535 2410 1597 2474 ι’,

41 2511 75 2557 ιι
103 2517 447 2572 quaecunque
474 2501 527 2554 in
566 2500 655 2553 illa
702 2500 989 2569 prophetia
1030 2500 1415 2553 continentur:
1471 2506 1602 2555 tunc

41 2609 368 2665 nequaquam
402 2594 543 2647 ultra
573 2591 872 2646 secundum
902 2591 1245 2661 superﬁciem
1277 2590 1485 2657 litterae,
1506 2591 1601 2644 sed

41 2685 479 2755 luemadmodum
526 2685 642 2754 ipse
661 2684 999 2754 exposuerit,
1036 2690 1256 2752 oportet
1277 2683 1452 2753 legem
1502 2697 1602 2736 cu-

41 2775 209 2830 slttdit‘i
228 2775 293 2829 ad
314 2775 696 2845 Evangelicam
721 2774 947 2845 gratiam
976 2773 1289 2827 translatam
1317 2782 1370 2826 et
1393 2773 1459 2826 ad
1474 2787 1604 2842 perv

41 2865 306 2919 ‘cctiorem
354 2860 851 2931 conversationem,
884 2879 993 2918 non
1017 2865 1162 2919 utad
1185 2864 1396 2918 irritum
1427 2864 1601 2918 dedu-

41 2963 194 3022 :atur,
229 2956 325 3011 sed
350 2962 412 3009 ut
440 2956 506 3011 ad
528 2956 851 3025 prudentem
888 2955 1420 3026 interpretationem,
1480 2955 1595 3024 spi-

41 3048 342 3118 'italemque
363 3063 586 3103 sensum
621 3048 888 3102 trahatur.
933 3048 1044 3102 Cur
1088 3047 1253 3104 etiam
1290 3046 1469 3101 locum
1524 3046 1600 3100 si-

41 3138 336 3207 ;nilieavit‘l
367 3128 443 3193 ὧι
465 3139 611 3194 enim
639 3155 655 3191 :
1324 3184 1331 3193 .

91 3228 167 3283 In
188 3240 366 3286 monte
395 3229 580 3297 Sinai,
611 3230 718 3285 nisi
749 3239 811 3284 ut
832 3244 967 3294 non,
997 3229 1167 3284 David
1202 3230 1422 3285 dicente
1455 3246 1469 3278 :
1507 3229 1600 3285 Vi-

41 3322 225 3376 lebitur
245 3322 390 3376 Deus
418 3324 636 3376 deorum
662 3320 719 3374 in
748 3319 875 3374 Sion
905 3320 949 3352 “
974 3337 992 3386 ;
1021 3328 1077 3374 et
1105 3319 1399 3389 Malachia‘:
1419 3320 1603 3379 Subito

41 3414 187 3468 leniet
217 3414 273 3467 in
301 3412 555 3481 templum
581 3427 737 3464 suum
780 3410 1055 3471 Dominus,
1087 3427 1239 3479 quem
1293 3427 1382 3465 eos
1411 3415 1607 3482 quarri—

46 3504 184 3572 is";
222 3513 279 3559 et
310 3517 501 3557 rursus
521 3499 825 3555 DavidzEx
860 3499 990 3553 Sion
1022 3501 1214 3569 species
1250 3502 1448 3554 decoris
1467 3502 1602 3571 ejus,

41 3598 161 3651 θεαί
197 3596 511 3665 manifestus
529 3593 718 3658 veniet,
738 3592 878 3645 Deus
894 3602 1086 3656 noster,
1113 3605 1162 3645 et
1191 3608 1292 3645 non
1318 3592 1487 3647 silebit
1512 3593 1555 3625 ¹⁸
1586 3610 1601 3647 :

41 3689 167 3741 llam
226 3688 349 3754 ejus
387 3684 492 3740 dici
539 3684 999 3753 dispensationem
1050 3691 1306 3753 putemus
1360 3692 1605 3754 tempore

41 3778 159 3849 egis
188 3786 391 3841 actam,
425 3774 569 3829 unde
609 3774 700 3829 hic
761 3783 866 3828 tam
909 3774 1015 3827 loci
1081 3772 1417 3826 mentionem
1479 3763 1609 3827 fecit

41 3884 185 3939 luam
212 3865 573 3921 ministrantis
601 3865 790 3936 Moysi,
808 3873 868 3918 ut
894 3880 958 3919 ex
983 3864 1087 3918 hoc
1111 3863 1607 3933 diseeremus,quia

41 3961 189 4014 ilium
218 3959 380 4018 nobis
412 3957 706 4012 adventum
741 3957 858 4026 ejus
887 3955 1170 4026 prophetae
1216 3953 1604 4023 promiserunt,

42 4053 115 4121 pii
144 4051 336 4106 neein
377 4050 527 4117 Sina,
561 4064 665 4104 nec
702 4062 803 4118 per
857 4047 1238 4109 mediatorem,
1278 4046 1374 4100 sed
1422 4054 1607 4115 aperte

41 4132 201 4201 'aetu's
235 4154 342 4200 est.

588 4230 817 4288 CAPUT
860 4229 1076 4284 XXVII.

96 4328 263 4383 Vens.
292 4326 400 4381 1-8.
444 4343 463 4377 ι
487 4324 839 4392 Locutusque
861 4330 946 4376 est
998 4321 1259 4375 Dominus
1289 4320 1357 4375 ad
1384 4318 1607 4390 Moysen

1699 522 1863 576 posse
1891 506 2139 571 reddere,
2160 515 2370 563 tantum
2401 508 2571 564 dabit.
2622 530 2640 563 ι

1767 596 1929 651 Plena
1953 607 2084 653 sunt
2098 599 2217 654 haec
2241 598 2405 654 etiam
2429 600 2758 672 legislatoris
2779 606 2943 662 verba
2963 608 3288 679 prudentia,

1699 688 1933 744 maxime
1971 698 2278 760 opportuno
2308 701 2632 749 conservata
2665 698 2938 767 tempori;
2975 715 3095 770 quae
3132 702 3289 756 enim

1699 785 1947 847 oporteat
1972 780 2076 849 agi,
2103 794 2225 848 quae
2277 780 2527 847 minime,
2584 783 2641 838 in
2670 788 3053 856 superioribus
3089 793 3283 862 praeci—

1699 868 1879 937 piens,
1908 870 2243 924 nuncetiam
2290 871 2614 943 dignitatem
2676 891 2739 931 ea
2788 882 3164 951 peragentium
3215 900 3282 939 ex

1701 966 1835 1023 toto,
1860 961 1947 1014 vel
1976 975 2042 1014 ex
2071 972 2247 1031 parte,
2270 978 2370 1032 per
2404 965 2537 1030 lure,
2563 982 2685 1035 quae
2722 969 2984 1027 dicuntur
3036 974 3281 1045 exponit.

1698 1049 1769 1103 Et
1791 1050 1918 1119 quid
1945 1051 2015 1106 sit
2052 1052 2294 1121 perfecta
2331 1055 2467 1122 vita,
2490 1072 2611 1126 quae
2629 1067 2811 1114 autem
2849 1063 3105 1119 adhue‘in
3155 1083 3282 1135 pro-

1699 1139 1846 1195 fectu
1869 1143 2562 1215 eonstituta,quidinitium
2594 1152 2920 1220 cognitionis
2946 1156 3283 1222 Deihabens,

1699 1231 1830 1300 quid
1852 1233 1990 1299 veri,
2023 1249 2144 1304 quae
2180 1237 2444 1292 virtutum
2508 1253 2697 1311 opera,
2748 1243 2893 1297 clare
2935 1246 3285 1317 perfer-teque

1700 1323 1992 1390 percurrit.
2021 1324 2125 1379 Sed
2153 1334 2207 1379 et
2238 1325 2564 1394 inﬁrmatus,
2610 1345 2724 1384 non
2781 1342 2964 1387 tamen
3014 1337 3285 1393 recedens

1700 1413 1770 1467 ab
1797 1429 1894 1479 ea,
1927 1413 2247 1471 diﬁcrentes
2301 1427 2493 1474 aetates
2534 1421 2838 1489 ascribens,
2873 1428 3145 1496 exposuit.
3190 1427 3282 1482 Di-

1701 1505 1775 1560 cit
1793 1514 1977 1561 autem
2001 1507 2080 1563 sic
2103 1524 2115 1559 :

1773 1594 1967 1662 Homo,
1993 1600 2083 1662 qui
2108 1607 2286 1653 uotum
2321 1602 2522 1671 fecerit,
2546 1578 2596 1657 et
2624 1608 2962 1675 spoponderit
3024 1609 3135 1664 Deo
3165 1612 3285 1664 ani-

1703 1700 1846 1737 mum
1865 1701 2039 1740 suam.
2066 1686 2122 1740 Id
2156 1696 2273 1753 est,
2335 1690 2649 1760 quicunque
2691 1696 3003 1763 promiserit
3048 1699 3281 1754 animam

1627 1761 1668 1817 Β
1698 1784 1850 1824 suam
1887 1770 2020 1834 Deo,
2059 1787 2385 1844 omnemque
2416 1776 2466 1829 ei
2499 1793 2650 1832 suam
2675 1761 2840 1835 vitam
2863 1782 3060 1837 oﬂerre
3096 1786 3286 1840 vulne-

1698 1860 1788 1914 rit.
1837 1859 2068 1930 Propter
2114 1864 2261 1932 quod
2308 1865 2502 1934 Aquila
2553 1877 2609 1922 et
2659 1868 3031 1938 Theodotion,
3087 1889 3187 1942 pro
3216 1890 3285 1929 eo

1699 1952 1845 2019 quod
1872 1953 2077 2007 dictum
2105 1962 2209 2020 est,
2236 1964 2414 2009 votum
2463 1960 2665 2028 fecerit,
2700 1960 3057 2028 Symmachus
3076 1977 3280 2030 autem,

1699 2040 1744 2091 si
1759 2043 2107 2109 superaverit,
2141 2043 2453 2099 ediderunt.
2486 2046 2821 2103 Admirabile
2873 2052 3020 2104 enim
3048 2069 3174 2107 vere
3200 2062 3286 2108 est

1699 2139 1755 2185 et
1779 2132 1934 2187 valde
1957 2133 2279 2188 beatitudini
2315 2136 2648 2204 proximum,
2697 2149 2870 2195 totum
2923 2145 3282 2214 semetipsum

1700 2223 2012 2293 quempiam
2041 2223 2153 2278 Deo
2174 2226 2395 2291 oﬂ’erre,
2449 2236 2507 2281 ut
2532 2229 2771 2283 animum
2822 2247 2976 2286 suam
3031 2233 3282 2300 Domino,

1701 2314 1784 2368 vel
1818 2315 1958 2368 sicut
1979 2314 2147 2381 LXX,
2167 2318 2411 2370 honorem
2440 2319 2635 2372 animat
2658 2335 2768 2374 suae
2786 2320 3031 2385 Domino,
3066 2324 3120 2378 id
3174 2334 3281 2391 est,

1704 2413 1764 2459 ut
1791 2407 1986 2460 otl'erat
2019 2405 2131 2460 Deo
2150 2422 2312 2476 quem
2356 2410 2567 2479 accepit
2587 2411 2656 2463 ab
2684 2426 2752 2465 eo
2777 2413 2978 2469 animae
3006 2414 3274 2469 honorem

1703 2498 1877 2561 illum,
1933 2499 2003 2553 de
2057 2514 2165 2569 quo
2208 2499 2374 2555 David
2404 2486 2714 2559 daemonum
2770 2503 2998 2559 insidias
3020 2505 3280 2569 innitens,

1701 2591 1920 2646 dicebat
1955 2609 1969 2645 :
2010 2592 2379 2647 Verumtamen
2411 2599 2661 2649 {tenorem
2707 2612 2881 2651 meum
2925 2598 3286 2668 cogitaverunt

1703 2684 1952 2753 repellere
1981 2685 2045 2739 ".

1728 2784 1743 2793 ’
1765 2801 1881 2855 Erit
1912 2803 2138 2869 pretium
2194 2803 2422 2857 masculi
2476 2821 2509 2856 a
2542 2805 2784 2859 vicesima
2816 2822 2975 2868 anno,
3009 2805 3169 2879 usque
3214 2822 3283 2863 aa

1702 2892 2084 2961 sexagesimum
2114 2907 2335 2957 annum,
2370 2893 2756 2964 quinquaginta
2798 2895 2915 2949 sicli
2938 2899 3164 2966 argenti,
3214 2900 3284 2953 ad

1704 2996 2006 3033 mensuram
2033 2982 2347 3034 sanctuarii.
2387 2982 2516 3037 Sive
2545 2992 2601 3038 ut
2624 2983 2770 3037 LXX
2797 3026 2812 3053 ,
2844 2987 3166 3042 didrachmaa
3190 3003 3281 3043 ar-

1628 3093 1671 3149 ε
1704 3073 1865 3144 genti.
1888 3072 2292 3143 Quinquaginta
2316 3073 2645 3130 didrachmas
2669 3075 2784 3131 sive
2814 3077 2953 3143 sicli,
2981 3078 3123 3133 oboli
3155 3088 3284 3135 sunt

1706 3164 1899 3219 mille:
1939 3165 2133 3236 viginti
2160 3166 2306 3220 enim
2339 3166 2533 3221 obolos
2582 3182 2701 3222 esse
2736 3168 2950 3235 sielum,
3008 3170 3125 3227 sive
3196 3172 3283 3226 di-

1705 3256 2043 3319 drachmam,
2072 3256 2158 3310 hic
2183 3256 2299 3327 ipse
2329 3257 2383 3309 in
2418 3254 2602 3312 Exodo
2635 3256 2791 3312 dixit.
2809 3258 2899 3314 Ait
2924 3260 3070 3315 enim
3103 3260 3181 3315 sic
3212 3262 3283 3318 de

1708 3346 1831 3401 [iliis
1865 3347 2024 3401 lsrael
2056 3345 2260 3401 :Juxta
2283 3363 2553 3400 numerum
2587 3348 2787 3401 dabunt
2821 3349 3017 3418 singuli
3054 3351 3280 3419 pretium

1707 3451 1802 3504 pro
1822 3434 2099 3487 animabus
2122 3435 2230 3487 suis
2261 3434 2484 3487 Domino
2517 3435 2580 3499 “,
2617 3435 2709 3505 qui
2740 3443 2921 3490 autem
2954 3436 3160 3490 dabunt
3207 3438 3286 3492 di-

1709 3521 1939 3575 midium
1972 3520 2112 3586 sicli,
2145 3521 2301 3590 juxta
2330 3536 2647 3575 mensuram
2677 3523 2889 3591 templi,
2918 3523 3003 3577 vel
3035 3530 3094 3577 ut
3118 3523 3282 3590 LXX,

1708 3613 2064 3675 didrachmas,
2086 3612 2230 3681 quod
2259 3612 2561 3667 secundum
2611 3614 2986 3668 didrachmam
3039 3626 3281 3672 sanctam

1707 3704 1897 3775 viginti
1930 3704 2092 3759 oboli.
2133 3704 2260 3758 Sicli
2283 3719 2413 3775 ergo
2472 3705 2586 3761 sive
2642 3705 2992 3773 didrachmaz,
3015 3707 3136 3763 ideo
3184 3724 3285 3766 nos

1704 3795 1859 3866 juxta
1889 3811 2199 3850 mensuram
2233 3795 2441 3865 templi,
2470 3797 2555 3851 vel
2606 3797 2907 3851 secundum
2971 3813 3286 3854 mensuram

1709 3886 2006 3941 sanctuarii
2041 3886 2317 3951 reminisci
2360 3887 2555 3953 voluit,
2585 3887 2652 3942 ad
2687 3887 2841 3942 illum
2895 3888 3029 3959 legis
3078 3899 3286 3946 textum

1708 3977 2081 4031 transmittere
2112 3991 2214 4031 nos
2238 3977 2489 4046 cupiens,
2524 3977 2581 4031 in
2613 3993 2721 4046 quo
2746 3977 2937 4048 viginti
2988 3978 3177 4034 obolos
3199 3982 3286 4036 di-

1707 4064 2020 4119 drachmam
2054 4072 2297 4118 sanctam
2327 4078 2468 4130 esse,
2501 4064 2613 4119 sive
2638 4064 2833 4119 sielum
2855 4065 2951 4120 ait.
2979 4065 3115 4122 Cum
3134 4068 3285 4139 adja-

1708 4158 1856 4209 ceret
1879 4159 2057 4205 autem
2083 4151 2372 4220 praecipere
2395 4167 2564 4206 unum
2602 4151 2818 4214 sielum,
2850 4153 2936 4208 vel
2971 4155 3285 4210 drachmam

1708 4238 1917 4303 oll'erri,
1944 4253 2056 4293 non
2087 4239 2166 4293 sic
2199 4239 2484 4308 praecepit,
2535 4239 2631 4294 sed
2665 4239 2780 4294 sieli
2812 4240 2927 4296 sive
2957 4242 3288 4299 didrachmm

1710 4325 2021 4381 dimidium.
2040 4324 2143 4380 Per
2168 4326 2271 4380 hoc
2292 4326 2691 4388 demonstrans,
2743 4327 2876 4396 quia
2906 4329 3126 4398 proprie
3158 4344 3290 4385 san-

41 4420 246 4475 licens:
276 4402 527 4488 Loquere
549 4415 673 4470 liliis
703 4414 868 4470 Israel
903 4414 1126 4469 etdices
1151 4412 1219 4468 ad
1262 4427 1357 4468 eos
1390 4430 1404 4466 :
1432 4411 1606 4468 Homo
1636 4427 1682 4484 ι)
1713 4426 1859 4473 ctum
1886 4415 1941 4469 in
1975 4415 2092 4487 lege
2113 4422 2223 4481 est,
2250 4429 2363 4469 non
2393 4416 2538 4486 quod
2583 4417 2883 4474 secundum
2913 4420 3082 4475 solam
3139 4421 3289 4478 litte-

41 4511 117 4581 ιιιί
136 4521 322 4568 votum
344 4508 559 4574 iecerit,
590 4515 647 4561 et
673 4505 1028 4577 spoponderit
1047 4506 1157 4560 Deo
1175 4505 1410 4559 animam
1428 4518 1604 4565 suam.

41 4603 129 4660 sub
154 4602 520 4658 aestimatione
542 4598 693 4655 dabit
717 4597 975 4669 pretium.
1023 4597 1081 4653 Si
1114 4596 1283 4652 fuerit
1307 4595 1603 4663 masculus,

41 4695 344 4751 tricesimo
384 4706 558 4761 usque
621 4690 688 4745 ad
743 4688 1134 4761 sexagesimum
1180 4703 1407 4753 annum,
1455 4686 1604 4743 dabit

41 4786 424 4858 quinquaginta
449 4784 612 4839 siclos
640 4783 849 4856 argenti
879 4782 945 4837 ad
982 4795 1295 4837 mensuram
1351 4788 1604 4835 sanctua-

41 4879 94 4932 rii
122 4896 135 4932 :
162 4879 209 4933 si
236 4877 456 4941 mulier,
498 4874 739 4947 triginta.
765 4873 810 4928 A
839 4873 1029 4944 quinto
1043 4881 1227 4926 autem
1256 4885 1406 4925 anno
1428 4884 1602 4939 usque

41 4970 97 5023 id
135 4969 475 5033 vicesimum,
496 4967 770 5022 masculus
799 4965 967 5037 dabit.
983 4964 1171 5034 viginti
1190 4962 1376 5027 siclos,
1402 4960 1601 5016 leinina

41 5061 347 5115 decem.Ab
387 5075 500 5114 uno
536 5075 726 5114 mense
767 5072 945 5126 usque
981 5057 1049 5110 ad
1099 5066 1303 5108 annum
1352 5052 1601 5122 quintum

41 5166 133 5222 pro
174 5150 419 5204 masculo
470 5151 744 5205 dabuntur
784 5148 1025 5217 quinque
1072 5144 1211 5208 sicli,
1274 5159 1375 5213 pro
1405 5142 1605 5197 femina

41 5253 168 5296 tres.
202 5237 617 5310 Sexagenarius,
641 5251 694 5293 et
727 5240 866 5294 ultra
891 5237 1164 5293 masculus
1201 5237 1350 5290 dabit
1375 5235 1607 5305 quinde—

41 5332 140 5388 cim
159 5331 343 5397 siclos,
362 5330 565 5385 femina
582 5329 790 5385 decem.
827 5329 883 5383 Si
929 5343 1138 5398 pauper
1167 5326 1354 5393 fuerit,
1379 5339 1434 5382 et
1460 5327 1608 5382 aesti-

41 5424 332 5480 mationem
365 5423 593 5479 reddere
618 5435 730 5475 non
771 5420 1021 5486 valuerit,
1069 5419 1235 5507 stabit
1282 5434 1466 5473 coram
1508 5433 1608 5472 sa—

109 5609 150 5642 “
179 5608 259 5662 lsa
315 5590 477 5672 xxxv,
514 5606 568 5670 4,
606 5604 659 5657 5.
741 5603 783 5633 ¹²
813 5600 954 5657 Psal.
990 5617 1213 5666 Lxxxm,
1255 5602 1307 5656 8.

41 5690 166 5743 'sxx.
198 5679 284 5733 12.

1390 5600 1431 5632 ¹⁸
1464 5599 1690 5655 Malach.
1725 5615 1809 5668 in,
1842 5598 1892 5652 l.

1712 4522 1857 4575 ram,
1884 4506 1980 4562 sed
2009 4508 2173 4562 etiam
2203 4507 2510 4563 secundum
2542 4508 2796 4578 spiritum
2830 4511 3173 4583 intelligitur,
3230 4522 3290 4571 et

1710 4599 1877 4670 hujus
1915 4599 2144 4654 debetur
2201 4599 2424 4654 oblatio.
2483 4599 2639 4655 Unde
2686 4609 2743 4655 et
2766 4603 3070 4657 secundum
3112 4603 3284 4670 LXX,

1711 4690 1862 4762 ipsas
1888 4691 2236 4746 didrachmas
2256 4691 2358 4746 sibi
2379 4691 2683 4761 conjunxit,
2708 4692 2990 4747 dimidium
3005 4702 3185 4749 autem
3203 4694 3289 4748 of-

1707 4781 1840 4835 ferri
1870 4780 2130 4849 przecepit
2150 4795 2163 4830 :
2186 4786 2246 4831 ut
2268 4779 2437 4844 dicas,
2468 4779 2595 4847 quia
2631 4778 3082 4834 condescenctens
3141 4779 3287 4836 sicut

1709 4868 1961 4933 infirmis,
1994 4869 2079 4924 his
2098 4868 2193 4937 qui
2213 4868 2387 4935 legem
2411 4866 2771 4936 accipiebant,
2818 4883 2929 4920 non
2987 4866 3284 4937 perfectam

1708 4960 2058 5026 oblationem,
2095 4957 2474 5028 imperfectum
2502 4964 2588 5012 est
2640 4958 2840 5028 quippe
2875 4958 3177 5023 dimidium,
3201 4959 3286 5014 ol-

1712 5054 1842 5112 ferri
1862 5050 2141 5124 przecepit,
2176 5050 2321 5120 quod
2342 5058 2585 5106 sanctam
2607 5049 2979 5105 didrachmam
3000 5050 3053 5104 in
3084 5050 3168 5105 bis
3188 5051 3288 5105 de-

1712 5166 1828 5206 cem
1850 5160 1935 5203 est
1954 5147 2166 5209 obolus,
2203 5146 2256 5200 id
2285 5152 2389 5210 est,
2415 5144 2469 5199 in
2491 5144 2702 5216 viginti.
2731 5145 2842 5201 Lex
2889 5144 3034 5199 enim
3080 5142 3165 5200 bis
3187 5144 3284 5200 de-

1714 5257 1829 5295 cem
1878 5239 2128 5294 mandata
2177 5236 2359 5301 habet,
2419 5236 2644 5306 exigens
2671 5252 2734 5291 ea
2777 5235 3064 5305 duplicari,
3097 5234 3150 5289 id
3178 5244 3281 5301 est,

1714 5331 2014 5387 secundum
2045 5329 2301 5393 litteram,
2321 5334 2375 5381 et
2395 5327 2694 5381 secundum
2723 5326 2971 5397 spiritum
2996 5326 3281 5382 custodiri.

1710 5421 1821 5477 lllis
1843 5429 2047 5487 autem,
2078 5429 2139 5474 ut
2162 5425 2345 5473 mente
2377 5417 2734 5488 pauperibus,
2768 5416 3093 5482 sullieiebat,
3114 5422 3167 5470 et
3193 5431 3285 5470 so-

1972 5596 2016 5629 “
2039 5596 2178 5652 Psal.
2204 5612 2345 5662 κως,
2378 5596 2431 5649 5.
2518 5597 2560 5629 ¹⁸
2591 5595 2730 5649 Psal.
2761 5611 2845 5650 ιιι
2869 5635 2882 5661 ,
2913 5597 2961 5651 b.
3049 5594 3088 5629 ο⁶
3109 5593 3281 5655 Exod.
