3810 6318
626 272 761 340 1159

1814 271 2172 335 HESYCHII
2230 269 2704 333 PRESBYTERI
3624 265 3676 332 illi

548 412 556 419 λ
584 443 589 448 .
625 397 733 450 lam
762 394 1001 449 litteram
1032 391 1334 458 custodire,
1362 399 1588 463 propter
1610 389 1980 446 inﬁrmitatem
2005 404 2158 444 suam
2184 404 2197 439 :
2235 392 2274 448 Α
2308 386 2584 440 tellectum
2638 384 2963 455 perfectum,
3010 391 3065 436 et
3112 383 3462 449 fortitudinem,
3491 396 3534 442 et
3564 388 3676 446 ﬁliam

625 495 681 540 et
711 487 900 540 decem
964 485 1343 540 mandatorum
1389 484 1589 539 offerre
1636 485 1830 539 saltem
1874 483 2206 539 sensibiliter

626 576 1002 645 impletionem
1058 584 1220 645 atque
1251 575 1543 639 actionem,
1563 589 1659 645 per
1690 590 1850 643 quam
1873 590 2024 629 suam
2043 575 2206 629 etiam

626 667 858 722 liberare
877 668 1118 721 animam
1150 668 1218 721 de
1244 674 1594 736 peccatorum
1630 665 1893 720 servitute
1930 665 2208 720 sensibilis

627 758 868 812 Israelita
888 766 1120 827 poterat.
1142 756 1199 810 Si
1228 758 1350 827 quis
1373 773 1501 826 ergo
1522 772 1553 811 a
1594 757 1859 811 vicesimo
1903 770 2050 809 anno
2099 761 2203 818 est,

628 851 684 906 id
720 858 822 914 est,
848 850 1040 919 pubes,
1074 848 1249 913 fortis,
1305 848 1537 913 validus,
1578 846 1854 902 sufﬁciens
1880 861 2072 900 omnes
2092 846 2207 900 vir-

631 949 773 997 tutes
801 940 1037 1010 Operari.
1061 951 1115 996 ct
1136 940 1409 1010 subjicere
1433 938 1799 1009 intelligibiles
1824 939 2074 993 inimicos
2094 952 2209 992 om-

629 1033 793 1087 nibus
821 1032 1148 1094 actionibus,
1171 1040 1227 1085 et
1256 1032 1514 1100 operibus
1539 1048 1551 1083 :
1579 1046 1610 1084 a
1637 1030 1821 1101 viginti
1848 1030 1992 1085 enim
2024 1028 2205 1095 ann‘ls,

628 1134 684 1179 et
707 1139 892 1193 supra,
926 1124 1087 1178 Israel
1119 1123 1240 1177 vide
1264 1123 1394 1193 quid
1425 1123 1493 1176 de
1515 1122 1618 1177 hac
1636 1131 1797 1177 aetate
1827 1120 2063 1176 diccbat.

701 1214 886 1268 Omnis
911 1214 1175 1268 masculus
1200 1231 1233 1267 a
1264 1215 1452 1284 viginti
1478 1214 1634 1267 armis
1695 1223 1745 1267 et
1790 1230 1976 1282 supra.
2004 1211 2209 1266 Omnes

626 1306 719 1377 qui
747 1306 1024 1359 ambulant
1049 1307 1104 1358 in
1133 1305 1333 1359 virtute
1360 1321 1373 1357 :
1409 1320 1507 1359 sua
1533 1304 1837 1358 fortitudini
1865 1304 2100 1358 maxime
2126 1304 2211 1358 his

628 1398 721 1467 qui
750 1397 878 1450 illud
912 1406 1077 1466 agunt
1104 1405 1341 1463 tempus,
1377 1396 1432 1449 in
1490 1394 1766 1465 praedictis
1832 1393 2208 1448 testimonium

628 1488 862 1558 praebuit
896 1487 1098 1550 verbis,
1132 1486 1206 1539 ita
1239 1494 1428 1555 utpote
1459 1486 1562 1540 hac
1585 1494 1765 1551 aetate,
1799 1500 2091 1540 excurrere
2112 1501 2209 1540 va-

627 1579 850 1642 lentem,
876 1586 932 1633 et
967 1592 1117 1631 arma
1161 1585 1400 1646 portare,
1433 1578 1775 1646 multumque
1806 1578 2095 1633 habentem
2149 1579 2205 1633 in

627 1669 836 1739 agendo
894 1669 1167 1723 fervorem
1203 1668 1577 1738 caloremque,
1623 1668 1789 1737 hujus
1858 1669 2117 1739 pretium,
2154 1669 2207 1724 id

2312 475 2748 543 procreationem
2780 473 2963 536 habet,
2996 482 3057 527 ut
3096 489 3163 528 ex
3203 474 3498 529 sensibilibus
3526 493 3593 530 nos
3610 480 3676 532 inte:-

2299 566 2533 640 iigibilia
2566 568 2889 637 COgitemus.
2933 565 3068 637 Ergo
3104 567 3192 636 qui
3232 566 3510 621 intellectum
3540 578 3675 624 malum

2309 666 2365 711 et
2407 656 2724 726 perfectum
2760 656 2944 721 habet,
2978 666 3034 711 et
3081 656 3441 722 fortitudinem,
3467 666 3512 711 ut
3539 661 3626 727 quod
3647 661 3675 711 ir-

2312 747 2519 800 tcllcxit
2567 756 2709 817 agat,
2756 746 2849 800 hic
2896 746 3032 802 ﬁlios
3083 762 3377 817 comparare
3416 748 3518 803 alios
3548 746 3675 819 lima

2310 854 2464 892 suam
2519 838 3031 906 conversationem,
3076 838 3161 893 vel
3212 839 3473 893 doctrinam
3509 841 3673 909 imptudér

2310 938 2509 996 potest.
2574 928 2749 999 Hujus
2805 930 3038 998 pretium
3107 928 3292 983 anima:
3343 930 3675 1001 quinquaginuui

2309 1021 2585 1075 drachma:
2616 1020 2891 1090 perfectus
2930 1020 3137 1076 fructus
3171 1029 3269 1084 est,
3307 1030 3357 1075 et
3388 1022 3673 1091 perfectionisro-

2311 1126 2467 1175 roua,
2499 1128 2621 1180 qua:
2665 1121 2722 1166 et
2762 1111 3080 1182 martyrium
3112 1110 3319 1165 habebit
3353 1120 3400 1165 et
3433 1127 3561 1166 rerum
3584 1114 3671 1181 dep.

2309 1210 2478 1261 ctum.
2514 1210 2570 1255 et
2613 1217 2832 1256 omnem
2877 1201 3020 1255 illam
3063 1200 3437 1271 perfectionem,
3459 1218 3568 1271 quam
3590 1203 3670 1255 om

2310 1310 2414 1348 nus
2441 1293 2659 1348 diccbat
2679 1313 2692 1347 :
2712 1294 2880 1348 Eritis
2906 1294 3142 1363 perfecti,
3169 1294 3293 1346 sicut
3323 1303 3365 1346 ct
3389 1292 3669 1346 Patcrmtmr

2310 1383 2451 1437 festis
2491 1385 2750 1454 perfectus
2780 1392 2855 1437 est
2884 1385 2951 1437 ὀ.
2988 1382 3103 1438 Hoc
3146 1392 3315 1437 autem
3344 1384 3513 1453 quando
3538 1386 3668 1437 mea

2309 1473 2510 1538 fuerit,
2557 1475 2609 1528 id
2660 1483 2765 1541 cst,
2799 1474 3018 1544 quando
3072 1489 3279 1543 semper
3327 1472 3456 1527 fortis
3487 1473 3666 1526 :bocma

2310 1569 2399 1622 hic
2434 1569 2734 1623 masculum
2783 1568 2936 1624 dicit.
2983 1568 3216 1624 Feminae
3257 1577 3414 1621 autem
3453 1568 3529 1620 erit
3556 1567 3667 1619 estim-

2311 1661 2408 1725 tio,
2445 1660 2665 1730 triginta
2708 1660 2848 1725 sicli,
2876 1660 2993 1713 sive
3039 1658 3370 1724 didrachmre,
3407 1666 3453 1711 ut
3487 1657 3559 1711 sint
3584 1655 3667 1709 dmi

625 1769 730 1825 est,
760 1760 1104 1815 conversatio
1171 1766 1226 1814 et
1268 1760 1398 1826 vita,
1424 1760 1733 1826 retributio,
1770 1776 1931 1827 quam
1986 1776 2088 1830 pro
2121 1776 2207 1815 se-
2242 1745 2278 1798 ”
2310 1766 2411 1804 "NB
2465 1751 2746 1821 sexagima
2769 1791 2783 1815 ν
2847 1750 3087 1804 “uelum
3147 1749 3376 1802 Videlicet
3418 1748 3666 1816 “3389mm

625 1851 858 1920 metipso
894 1849 1002 1904 Deo
1033 1849 1213 1914 ollert,
1242 1861 1297 1905 et
1328 1849 1622 1919 promittit,
1646 1851 2040 1920 quinquaginta
2061 1850 2202 1915 sicli,

626 1941 742 1995 sive
777 1939 1055 1995 drachmze
1082 1949 1231 1993 sunt.
1258 1939 1777 2010 Quinquagenarius
1806 1940 1953 1994 enim
2006 1956 2205 1994 nume-

626 2048 722 2087 rus
743 2032 1048 2102 spiritalem
1080 2031 1279 2101 ﬁgurat
1308 2031 1494 2095 vitam,
1567 2031 1696 2099 quia
1749 2030 1807 2084 in
1870 2030 2206 2100 quinquage-

601 2124 769 2187 ,simo
826 2123 914 2178 die
995 2124 1167 2177 sancti
1232 2122 1471 2192 Spiritus
1533 2122 1800 2177 adventus
1868 2121 2046 2175 factus
2100 2131 2203 2177 cst.

629 2214 740 2270 Sed
770 2214 827 2268 in
865 2229 1010 2268 anno
1046 2214 1499 2284 quinquagesimo
1531 2212 1784 2267 liheratio
1813 2212 1872 2266 fit
1897 2212 2077 2267 omnis
2105 2212 2206 2266 de—

626 2309 750 2374 biti,
780 2316 838 2362 et
873 2315 1032 2361 terra;
1057 2304 1353 2370 restitutio,
1389 2305 1735 2373 multaquein
1753 2319 1820 2358 eo
1836 2304 1938 2357 alia
1954 2305 2093 2358 bona
2107 2303 2207 2359 Ju-

625 2400 757 2454 datis
785 2414 885 2468 per
912 2398 1085 2468 legem
1120 2395 1379 2466 disposita
1407 2403 1554 2448 sunt.
1590 2394 1992 2465 Quinquaginta
2024 2404 2207 2448 autem

626 2491 704 2545 ait
749 2489 934 2554 siclos,
974 2489 1058 2543 vel
1103 2487 1487 2552 didrachmas,
1546 2496 1607 2541 ut
1657 2487 1852 2541 iterum
1906 2488 2209 2556 duplicaret

627 2575 1041 2648 quinquaginta,
1067 2585 1124 2630 et
1151 2585 1372 2630 centum
1402 2576 1934 2643 diceretdrachmas,
1969 2576 2209 2631 fructum

628 2669 781 2723 illum
814 2669 1116 2738 perfectum
1156 2668 1396 2738 signans,
1431 2669 1590 2721 istam
1635 2668 1824 2723 dicens
1859 2668 2055 2722 bonam
2096 2676 2210 2721 ter-

631 2776 744 2816 ram
781 2757 1129 2825 fructiﬁcare,
1159 2773 1439 2828 exponens
1472 2761 1740 2816 seminum
1784 2760 2120 2832 parabolam,
2155 2760 2210 2813 in

633 2850 871 2924 triginta,
901 2862 957 2906 et
986 2853 1287 2924 sexaginta,
1309 2861 1365 2906 et
1390 2861 1611 2906 centum
1632 2852 1824 2908 dividit
1852 2870 1865 2905 :
1891 2853 2038 2907 hunc
2063 2852 2210 2907 enim

630 2959 926 2999 numerum
978 2943 1162 2997 nullus
1219 2943 1500 2997 hominum
1559 2952 1741 3014 potest
1797 2944 2207 2999 transcendere.

630 3038 865 3093 Centum
904 3044 1089 3090 autem
1118 3036 1627 3103 drachmaejursus
1660 3037 1981 3106 decuplataa,
2018 3037 2211 3092 obolus

633 3129 778 3181 enim
834 3128 1024 3182 decem
1078 3128 1400 3194 drachmas,
1448 3129 1904 3197 quemadmodum
1951 3128 2208 3191 diximus,

633 3218 817 3276 habet.
860 3217 1223 3270 millenarium
1252 3233 1542 3272 numerum
1565 3218 1880 3290 perﬁciunt,
1917 3218 1970 3272 in
1992 3234 2101 3290 quo
2128 3228 2212 3275 est

632 3321 744 3361 non
786 3306 1041 3376 quaelibet
1083 3306 1365 3376 perfectio,
1411 3307 1507 3375 sed
1548 3308 1875 3374 caelestium,
1910 3308 1962 3364 id
2002 3318 2086 3364 est
2125 3309 2211 3364 in-

634 3407 1048 3464 corporeorum,
1067 3410 1187 3463 qua:
1211 3403 1295 3449 est
1317 3394 1554 3461 illorum,
1578 3396 1670 3466 qui
1696 3397 2083 3453 habitationem
2118 3414 2210 3453 su-

632 3498 731 3552 per
752 3497 853 3537 nos
874 3483 1053 3539 sortiti
1079 3492 1227 3550 sunt,
1252 3500 1372 3554 quae
1393 3493 1478 3540 est
1502 3486 1881 3543 excedentium
1908 3491 2212 3560 corruptio-

631 3586 782 3638 nem,
831 3581 886 3627 et
940 3575 1393 3643 consequentium
1448 3576 1937 3647 incorruptionem,
1988 3591 2211 3651 propter

631 3663 776 3732 quod
833 3662 926 3718 Dei
979 3663 1202 3733 spiritus
1250 3665 1304 3718 in
1343 3665 1584 3722 Canticis
1624 3668 2062 3725 diccbat:Vinea
2108 3673 2209 3743 fuit

632 3753 886 3821 paciﬁca,
934 3754 991 3806 in
1042 3770 1104 3806 ea
1155 3770 1272 3824 qua:
1319 3755 1472 3809 habet
1519 3759 1754 3827 populos.
1807 3758 2040 3813 Tradidit
2090 3777 2207 3815 eam

634 3845 954 3910 custodibus,
989 3845 1070 3898 vir
1093 3846 1244 3914 aﬂ’ert
1273 3847 1504 3917 fructum
1532 3848 1647 3917 ejus
1671 3849 1814 3903 mille
1840 3861 2113 3921 argenteos
2141 3854 2204 3908 ¹⁷.

633 3934 767 4001 Quis
807 3936 889 3988 vir
945 3934 1146 4005 (neque
1177 3935 1324 3990 enim
1351 3951 1542 3992 omnes
1579 3938 1726 3992 hunc
1751 3938 1951 3993 oﬂ‘erre
1979 3950 2209 4010 possunt

634 4025 1009 4094 fructum),cx
1057 4028 1412 4097 sequentibus
1453 4028 1621 4084 disce.
1661 4028 1803 4085 Mille
1852 4030 1928 4084 tui
1974 4032 2202 4100 paciﬁci,

633 4129 689 4172 et
716 4118 937 4173 ducenti
972 4118 1059 4174 his
1086 4121 1179 4189 qui
1210 4121 1530 4176 custodiunt
1555 4121 1764 4177 fructus
1792 4123 1931 4194 ejus.
1957 4122 2101 4178 Mille
2130 4125 2204 4178 tui

630 4207 863 4276 paciﬁci,
883 4209 936 4264 id
955 4218 1039 4264 est
1058 4208 1315 4264 Salomon
1337 4228 1350 4263 :
1374 4210 1629 4266 Salomon
1653 4222 1834 4269 autent
1852 4215 2206 4286 intelligibilis

630 4294 884 4351 Christus
916 4308 1018 4360 est,
1051 4299 1177 4367 quia
1222 4298 1478 4353 Salomon
1507 4301 1758 4370 paciﬁcus
1792 4302 2201 4373 interpretatur.

2307 1856 2563 1911 magnum
2629 1841 2850 1909 quidem
2901 1849 2956 1895 et
3004 1841 3216 1912 ipsum,
3270 1839 3353 1893 sed
3388 1836 3666 1893 centenario:L

2306 1950 2409 1986 nor
2452 1943 2558 1998 est,
2600 1943 2823 2003 propter
2875 1933 3021 2003 quod
3068 1940 3122 1987 ct
3166 1932 3360 1986 femina:
3397 1930 3665 1994 introduxitptr

2307 2038 2518 2086 sonam,
2557 2040 2679 2094 quae.
2723 2024 2902 2078 minor
2940 2034 3026 2080 est
3064 2040 3095 2079 a
3126 2024 3280 2079 virili.
3316 2022 3432 2094 Ergo
3462 2029 3502 2075 et
3530 2020 3663 2075 mulieri.

2306 2116 2526 2184 quando
2565 2115 2633 2170 ad
2677 2130 2991 2169 mensuram
3037 2130 3293 2169 summam
3339 2112 3665 2183 pervenerimus

2308 2208 2574 2276 fectreque
2617 2206 2819 2285 fuerint
2869 2212 2937 2262 ad
2988 2208 3374 2278 perfectionem,
3411 2205 3532 2259 fortes
3559 2211 3666 2271 posse!

2307 2299 2593 2368 appellari,
2631 2308 2817 2369 utpote
2847 2316 2969 2370 quae
3003 2316 3155 2354 suam
3197 2310 3467 2370 trangressse
3495 2304 3575 2351 sunt
3600 2292 3665 2345 ini:-

2308 2391 2580 2455 mitatem,
2626 2391 3101 2461 intentionemque
3143 2391 3437 2446 fortitudinis
3471 2394 3665 2441 resumens

2309 2489 2533 2549 propter
2562 2482 2707 2551 quod
2733 2489 2789 2535 et
2818 2482 3050 2551 spiritus
3078 2481 3169 2537 Dei
3206 2481 3255 2535 in
3287 2475 3662 2535 Proverbiisdictbu:

2309 2572 2582 2627 Mulierem
2632 2576 2818 2645 fortem
2865 2576 2986 2644 quis
3028 2576 3245 2629 inveniet
3268 2574 3343 2627 "‘i
3370 2572 3448 2633 Cui
3476 2584 3561 2639 ergo
3583 2579 3664 2620 rem

2309 2665 2601 2735 despectus
2647 2664 2839 2719 deest?
2869 2666 2993 2720 Alia
3046 2674 3225 2721 autem
3256 2665 3323 2720 ait
3350 2663 3541 2735 perfecte,
3562 2655 3663 2728 qui:

2310 2757 2554 2812 omnium
2605 2772 2786 2811 rerum
2838 2758 3182 2813 continentia
3216 2758 3294 2812 lex
3320 2756 3525 2825 corrigere
3542 2753 3661 2821 jubet?!

2311 2849 2400 2919 qui
2434 2849 2735 2904 secundum
2770 2864 2890 2904 eam
2931 2851 3093 2905 vivit.
3132 2850 3291 2920 llujus
3321 2846 3536 2904 aestimatio
3562 2852 3606 2896 est
3628 2841 3664 2889 iri

2312 2941 2457 3012 ginta
2509 2941 2647 3006 sicli,
2694 2942 2810 2997 sive
2862 2943 3216 3010 didrarhmaa,
3253 2943 3301 2997 id
3349 2950 3418 2996 est
3452 2930 3661 3006 sexagenarii

2238 3074 2281 3131 c
2314 3030 2544 3131 “:“c‘usv
2582 3048 2743 3102 ψιεω
2793 3044 2850 3088 et
2897 3032 3101 3090 Paulus
3144 3034 3356 3106 ﬁgurans
3392 3022 3661 3131 dicebaul'du

2315 3120 2545 3191 eligatur
2577 3137 2682 3174 non
2711 3123 2885 3175 minor
2917 3126 3189 3195 sexaginta
3219 3120 3486 3177 annorum“
3508 3137 3518 3170 :
3537 3120 3661 3185 μηδ’

2314 3220 2421 3264 tem
2477 3226 2878 3283 numerumque
2942 3230 3206 3269 annorum
3253 3212 3524 3268 manifestare
3558 3202 3660 3257 ποιων

2312 3319 2449 3372 quas
2490 3303 2721 3359 virtutes
2775 3314 2831 3359 et
2882 3307 3129 3361 actiones
3167 3305 3395 3361 exhibere
3433 3293 3659 3356 delicatum

2311 3412 2433 3466 qua:
2479 3411 2509 3449 a
2555 3394 2665 3450 Deo
2690 3395 2907 3467 legitur,
2953 3414 3075 3469 qua:
3104 3400 3158 3454 in
3187 3398 3362 3455 divinis
3384 3385 3658 3451 scribiturb‘bru

2311 3495 2514 3555 etquae
2544 3494 2723 3555 potest
2753 3487 2808 3540 in
2837 3503 3073 3545 numero
3093 3490 3364 3545 Jerusalem
3383 3479 3657 3545 ςωιθςιὶςάεὲθτθ

2311 3576 2539 3646 Propter
2562 3577 2707 3646 quod
2743 3588 2800 3633 et
2832 3581 3097 3648 subdidit,
3133 3582 3387 3637 insinuans
3409 3577 3511 3648 quod
3526 3586 3592 3626 non
3608 3578 3657 3619 ιιι·

2313 3678 2425 3724 tum
2452 3670 2502 3724 ei
2528 3670 2596 3724 de
2619 3679 2799 3737 aetate,
2829 3682 2927 3728 aut
2970 3674 3150 3742 annis,
3190 3681 3415 3744 quantum
3442 3669 3491 3722 de
3513 3657 3657 3747 virtute

2308 3773 2429 3827 quae
2471 3774 2571 3829 per
2617 3761 2732 3815 haec
2780 3761 3180 3832 signiﬁcantur,
3213 3777 3328 3819 cura
3359 3745 3656 3814 εηιιεῐῖιιίιετίη

2308 3866 2441 3904 uxor
2469 3866 2487 3905 :
2519 3853 2567 3905 si
2595 3852 2733 3921 ﬁlios
2758 3854 3024 3922 educauit,
3061 3856 3108 3910 si
3137 3855 3340 3925 hospitio
3362 3836 3657 3921 pauperum;

2305 3944 2352 3996 si
2379 3953 2681 3999 sanctorum
2709 3947 2861 4016 pedes
2888 3947 3044 4013 lavit,
3077 3950 3123 4003 si
3152 3946 3479 4002 tribulationem
3494 3926 3657 4007 ραιίιιάέη

2305 4033 2742 4103 subministravit,
2768 4038 2815 4091 si
2844 4054 2997 4094 omne
3030 4057 3157 4110 Opus
3183 4040 3351 4094 bonum
3377 4035 3563 4089 subsecuta
3580 4016 3656 4074 at”.

2309 4124 2435 4179 llaec
2478 4127 2694 4194 quidem
2727 4128 3008 4197 perfectus
3043 4140 3099 4186 et
3139 4146 3231 4202 per
3257 4129 3410 4184 omnia
3430 4118 3656 4179 consul“tum

2307 4213 2492 4268 homo.
2527 4215 2657 4270 Vide
2706 4226 2888 4272 autem
2931 4230 2986 4275 et
3033 4201 3155 4276 eum
3191 4220 3271 4276 cui
3310 4220 3396 4273 hoc
3423 4201 3657 4272 deesltsai"

2305 4319 2430 4359 men
2463 4307 2529 4360 ad
2556 4306 2707 4361 illum
2727 4310 2968 4386 provehi
2997 4312 3273 4367 desiderat.

630 4386 880 4479 (ibristus
921 4405 1050 4459 ergo
1092 4405 1282 4460 pacem
1320 4392 1503 4461 generi
1545 4393 1785 4449 humano
1814 4396 1979 4450 dedit.
2022 4396 2201 4468 Ipsum
2236 4400 2279 4454 D
2377 4399 2420 4453 A
2450 4402 2633 4471 quinto
2664 4411 2843 4457 autem
2875 4421 3023 4479 anno
3045 4422 3202 4476 usqre
3228 4406 3293 4458 ad
3317 4400 3539 4457 vicesimus
3561 4396 3656 4441 κίκι·

629 4475 789 4530 decet
812 4479 1084 4547 praecipue
1110 4489 1164 4534 et
1190 4480 1472 4551 perfectio,
1504 4490 1559 4537 et
1593 4498 1685 4538 eos
1712 4485 1803 4554 qui
1837 4489 2205 4544 conversatio-

631 4579 757 4619 nem
794 4566 913 4636 ejus
943 4575 1240 4635 sectantur,
1273 4580 1328 4625 et
1348 4573 1649 4642 angelicum
1672 4584 1936 4647 peragunt
1959 4593 2199 4646 cursum,

628 4656 827 4726 quibus
875 4658 1211 4716 millenarius
1255 4678 1520 4719 numerus
1561 4675 1748 4736 utpote
1785 4668 2058 4737 perfectus
2103 4672 2203 4728 de-

627 4755 852 4817 putatur
885 4767 899 4803 :
936 4748 1103 4804 Millia
1158 4753 1304 4808 enim
1370 4754 1594 4810 millium
1645 4758 2014 4813 ministrabant
2055 4761 2104 4814 ei
2138 4762 2202 4829 ¹⁸,

627 4839 703 4894 ait
761 4839 977 4906 Daniel,
1041 4843 1170 4898 dum
1232 4846 1481 4903 caelestes
1528 4849 1756 4904 virtutes
1805 4848 1916 4906 Deo
1961 4861 2200 4908 astantes

627 4941 940 4999 exponeret.
976 4932 1081 4988 Sed
1107 4946 1159 4989 et
1190 4935 1356 4992 David
1383 4938 1457 4993 ait
1482 4958 1494 4991 :
1517 4938 1721 4994 Mentor
1740 4942 1841 5011 fuit
1872 4943 1924 4995 in
1949 4944 2197 4997 saeculum

627 5026 922 5078 testamenti
967 5026 1047 5079 sui
1086 5027 1177 5079 ‘9:
1227 5029 1373 5082 verbi
1420 5030 1563 5098 quod
1619 5034 1897 5089 mandavit
1948 5035 2001 5088 in
2051 5034 2199 5089 mille

626 5115 1026 5182 generationes,
1061 5114 1454 5184 perfectionem
1497 5119 1692 5175 divinae
1734 5123 1886 5194 legis,
1919 5134 1973 5179 et
2004 5141 2195 5181 eorum

624 5202 718 5275 qui
776 5204 947 5273 legem
1002 5206 1409 5275 percipiebant,
1467 5224 1562 5277 per
1616 5213 1764 5267 mille
1815 5216 2194 5284 generationes

624 5293 940 5349 oswndens.
975 5292 1017 5347 A
1057 5295 1245 5366 viginti
1291 5305 1471 5352 autem
1516 5303 1672 5356 annis
1712 5318 1885 5373 usque
1925 5307 1990 5360 ad
2035 5322 2193 5361 sexa-

623 5378 772 5450 ginta
803 5396 999 5447 annos,
1031 5383 1171 5439 intra.
1210 5384 1326 5441 haec
1363 5388 1509 5443 enim
1557 5399 1817 5462 tempora,
1849 5404 1981 5451 mtas
2009 5407 2063 5452 et
2106 5398 2192 5452 in-

2305 4490 2387 4545 lus
2433 4492 2577 4545 dabit
2619 4494 2804 4564 viginti
2842 4496 3018 4551 siclos.
3065 4496 3205 4562 Sive,
3239 4505 3290 4550 ut
3317 4480 3655 4554 LXXJMM’“

2308 4579 2405 4635 llic
2439 4597 2567 4636 cum
2595 4584 2687 4654 qui
2719 4586 2955 4641 necdum
2989 4588 3203 4657 quidem
3239 4594 3314 4640 est
3343 4574 3656 4657 perfectus?"

2307 4680 2422 4725 tum
2502 4682 2685 4730 tamen
2760 4655 3037 4734 hominem
3100 4679 3256 4743 dicit,
3314 4683 3363 4730 et
3412 4668 3482 4739 qui
3526 4655 3655 4732 Ρηθίίπ

2304 4765 2472 4835 θωρίι
2504 4783 2517 4819 :
2554 4782 2750 4823 sensus
2783 4769 2930 4824 enim
2973 4786 3068 4841 per
3101 4781 3361 4824 numerum
3392 4754 3655 4832 quinque“

2305 4869 2427 4908 rum
2454 4842 2658 4922 innuit,
2685 4858 2778 4927 qui
2807 4868 2888 4914 tot
2912 4871 3042 4915 sunt
3067 4873 3302 4915 numero.
3328 4852 3535 4910 Perfectus
3547 4846 3655 4894 antri:

2302 4947 2396 5014 qui
2447 4949 2514 5004 ad
2561 4949 2907 5019 juventutem
2961 4953 3149 5020 tendit,
3183 4961 3234 5007 ct
3275 4949 3335 5004 ad
3375 4933 3656 5015 perfectionm,‘

2300 5039 2544 5110 Iillillttue
2577 5043 2757 5108 annis,
2788 5053 2843 5098 et
2871 5061 3039 5117 usque
3068 5046 3133 5101 ad
3164 5042 3436 5099 vicesimum
3461 5024 3655 5117 unumst

2304 5130 2503 5201 Viginti
2550 5134 2696 5189 enim
2734 5112 3025 5201 annorum,
3060 5139 3198 5191 inter
3225 5135 3373 5190 fortes
3395 5126 3513 5182 etiam
3534 5112 3655 5201 νυεξῖέτ

2300 5222 2488 5277 valens
2511 5236 2830 5282 numeratus
2853 5238 2936 5283 est
2959 5245 2988 5282 a
3021 5228 3152 5298 lege,
3175 5226 3304 5280 sicut
3322 5194 3656 5298 NumerorlﬂliifI

2300 5314 2561 5371 ostendit.
2609 5315 2783 5387 Hujus
2831 5334 2960 5391 ergo
2999 5292 3221 5389 pretium
3262 5308 3419 5384 νίεῖηιί
3453 5292 3653 5391 didm“?

2300 5402 2354 5457 id
2412 5413 2496 5459 est
2546 5384 2820 5465 drachma:
2865 5384 3208 5481 quadraginta
3255 5401 3377 5459 oboli
3408 5384 3653 5467 quadringrll‘“

702 5558 1062 5650 :Llian-tgvttt,
1089 5564 1177 5623 ll.
1251 5567 1295 5599 ¹⁸
1320 5565 1455 5622 Dan.
1480 5580 1578 5633 Vit,
1609 5567 1696 5621 lt).
1763 5569 1972 5631 ",Psai.
2014 5588 2117 5641 etv,
2151 5575 2204 5630 8.
2285 5578 2329 5609 ⁸⁸
2349 5577 2540 5636 Matth.
2586 5597 2637 5649 ν,
2669 5583 2755 5640 68,
2819 5588 3054 5646 περι-ογ,
3090 5601 3226 5650 nx],
3266 5580 3332 5634 :0.
3395 5542 3653 5625 “mani.

564 5706 567 5709 _
627 5626 676 5661 ι’
703 5629 830 5684 ibid.
867 5634 953 5686 ιο.
