3810 6318
559 253 703 317 1Ἰῦ3

1747 268 2108 329 HESYCHII
2145 270 2618 338 PRESBY’I‘ERI
3595 295 3667 356 ιιίι

564 379 739 422 autem
765 372 903 434 dico,
934 375 1145 443 fratres,
1181 387 1382 446 tempus
1420 380 1568 433 breve
1611 391 1704 445 est,
1751 383 2010 453 reliquum
2065 395 2139 438 est
2167 389 2213 443 Α
2243 404 2346 441 non
2377 392 2626 456 valuerit,
2647 394 2806 447 stabit
2831 411 3007 450 coram
3036 400 3316 458 sacerdote.
3346 411 3390 454 et
3421 416 3609 472 quantum
3626 413 3667 461 iiii

520 483 527 491 ι
561 471 618 514 ut
645 471 694 514 et
726 465 815 532 qui
849 465 1042 520 habent
1069 485 1256 521 uxores
1283 479 1537 539 tanquam
1577 488 1679 525 non
1715 474 1960 529 habentes
1983 479 2088 530 sint
2120 495 2138 531 :

559 560 608 603 et
637 554 727 620 qui
758 553 956 623 lugent,
989 565 1246 628 tanquam
1278 575 1380 612 non
1412 561 1678 629 lugentes:
1696 573 1743 615 et
1772 565 1862 633 qui
1887 569 2136 635 gaudent,

559 652 816 712 tanquam
867 663 968 699 non
1001 651 1287 716 gaudentes
1329 669 1346 704 .·
1390 662 1438 704 et
1477 655 1567 722 qui
1595 665 1796 718 emunt,
1840 661 1992 725 quasi
2037 676 2139 712 non

555 735 877 798 possidentes
903 755 914 788 :
943 747 990 789 et
1017 740 1107 806 qui
1132 749 1354 793 utuntur
1379 743 1475 796 hoc
1503 747 1715 808 mundo,
1753 755 2006 815 tanquam
2035 765 2137 801 non

556 828 794 874 utantur.
822 823 1068 878 Prteterit
1097 830 1237 882 enim
1266 830 1436 900 ﬁgura
1469 833 1626 900 hujus
1657 837 1854 889 mundi.
1886 837 2007 890 Volo
2035 855 2134 890 au-

554 919 657 962 tem
687 928 776 964 uos
808 913 919 966 sine
945 916 1300 973 sollicitudine
1327 939 1433 975 esse
1452 924 1517 976 ³ο.
1549 923 1846 993 Propterea
1877 936 1933 980 et
1969 929 2132 997 quin-

552 1002 729 1056 decim
789 1004 1124 1088 didraqlnnas
1178 1012 1284 1065 erit
1339 1017 1576 1082 pretium
1632 1017 1786 1086 ejus,
1836 1035 1957 1088 quae
2007 1032 2134 1076 sunt

553 1092 828 1148 drachmae
879 1077 1124 1166 triginta.
1176 1102 1312 1157 Tres
1339 1077 1512 1159 enim
1563 1077 2014 1166 fructificationes
2063 1115 2130 1168 de

551 1187 694 1242 bona
747 1200 892 1246 terra
934 1193 1189 1247 Christus
1236 1198 1522 1266 proposuit
1559 1215 1573 1251 :
1609 1215 1706 1269 per
1751 1205 2126 1258 centenarium

545 1277 901 1348 virginitatis,
932 1293 988 1336 et
1032 1299 1143 1338 non
1192 1287 1530 1354 possidendi,
1568 1305 1667 1359 per
1705 1295 2126 1361 sesagenarium

547 1371 926 1434 continentiae,
965 1389 1062 1443 per
1103 1376 1460 1432 tricenarium
1499 1383 1635 1434 casti
1675 1385 1913 1453 conjugii
1961 1392 2124 1440 vitam

529 1462 857 1532 designans.
891 1464 944 1517 Si
989 1475 1173 1520 autem
1219 1469 1488 1524 infirmior
1528 1473 1842 1543 hujusmodi
1873 1485 1978 1542 est,
2010 1477 2124 1532 for-

545 1551 686 1604 sitan
711 1553 859 1606 enim
891 1555 946 1607 in
974 1554 1357 1624 fornicatione,
1389 1561 1474 1615 hic
1499 1564 1590 1631 qui
1621 1565 1743 1619 talis
1768 1576 1870 1632 est,
1899 1568 2120 1634 decidit,

547 1643 691 1696 unde
759 1651 815 1698 et
876 1635 1077 1700 femina
1133 1649 1352 1705 dicitur.
1386 1650 1498 1708 Nec
1530 1654 1609 1708 sic
1640 1659 1986 1726 respuendus
2015 1669 2118 1725 est,

542 1733 638 1788 sed
673 1734 838 1790 habet
879 1739 1116 1806 pretium
1165 1742 1354 1796 decem
1401 1744 1770 1801 didrachmas.
1801 1748 2117 1805 Custodiam

538 1827 689 1882 eiiim
741 1830 1122 1885 mandatorum
1174 1835 1288 1899 Dei,
1321 1851 1481 1904 quam
1529 1837 1724 1907 viginti
1764 1855 1884 1894 esse
1921 1841 2118 1897 drach-

541 1931 660 1971 mas
715 1927 772 1972 et
820 1920 1010 1974 obolos
1061 1922 1328 1979 ducentos
1380 1925 1746 1994 ostendimus,
1780 1920 1941 1984 offert
1983 1931 2114 1997 Deo,

536 2018 595 2061 et
637 2008 694 2062 in
739 2009 842 2064 hoc
891 2014 1366 2069 conversationem
1434 2017 1618 2082 habet,
1660 2034 1759 2089 per
1813 2024 2115 2078 custodiam

538 2099 924 2156 mandatorum
976 2104 1329 2173 justilicatus.
1383 2109 1439 2162 Si
1491 2119 1670 2164 autem
1715 2113 1864 2168 dicas
1911 2131 1926 2169 :
1967 2115 2114 2180 Quo-

536 2192 745 2247 modo?
774 2209 1044 2250 annorum
1079 2197 1340 2252 Dominus
1378 2211 1496 2254 erat
1536 2202 1778 2272 triginta,
1810 2205 1939 2258 dum
1968 2206 2116 2259 solus

527 2287 685 2335 esset
710 2283 989 2351 perfectus
1024 2300 1148 2340 cum
1189 2301 1292 2342 nos
1333 2288 1386 2342 in
1431 2291 1748 2345 centenario
1775 2308 2006 2348 numero
2031 2295 2115 2349 di-

523 2387 721 2428 camus
769 2375 1161 2444 perfectionem
1216 2396 1379 2445 esse,
1435 2392 1556 2451 post
1615 2383 1765 2439 hunc
1813 2396 1998 2440 autem
2058 2389 2112 2441 in

532 2464 837 2537 sexaginta,
867 2470 1031 2523 tertio
1060 2479 1244 2525 autem
1285 2471 1339 2525 in
1382 2474 1635 2544 triginta;
1665 2477 1835 2542 disce,
1867 2479 1995 2546 quia
2023 2494 2114 2533 so-

527 2555 617 2610 lus
653 2558 878 2626 quidem
915 2559 1019 2613 fuit
1053 2577 1181 2616 vere
1218 2564 1518 2632 perfectus,
1552 2575 1932 2632 verumtamen
1972 2570 2115 2624 sicut

527 2649 780 2702 omnium
810 2650 1022 2717 doctor,
1063 2665 1119 2708 et
1152 2655 1407 2723 primitiae
1437 2671 1632 2712 massae
1665 2659 1832 2714 totius
1861 2661 2110 2728 effectus,

527 2757 598 2795 ex
627 2742 882 2798 omnibus
914 2752 1270 2814 temperatam
1301 2751 1777 2805 conversationem
1812 2752 2027 2821 ﬁgurat,
2058 2762 2113 2807 et

528 2833 786 2902 proponit
825 2851 840 2888 :
888 2835 1003 2890 sive
1045 2838 1193 2891 enim
1249 2839 1618 2910 virginitatem
1670 2843 1826 2907 velis,
1879 2844 1996 2914 ipse
2042 2860 2109 2898 ex

526 2921 736 2992 virgine
767 2923 919 2993 virgo
953 2934 1055 2987 est,
1099 2934 1154 2978 et
1193 2927 1557 2998 virginitatem
1591 2929 1777 2983 docuit
1806 2947 1818 2983 :
1854 2929 1968 2984 sive
2006 2946 2109 2984 nu-

525 3013 686 3082 ptias,
723 3025 780 3069 et
817 3016 1025 3070 nubere
1073 3019 1350 3088 praecepit,
1382 3029 1438 3073 et
1480 3021 1753 3076 nubentes
1790 3021 2104 3075 benedixit:
2133 3049 2179 3107 ο

521 3107 641 3160 sive
691 3107 1105 3176 abstinentiam,
1155 3111 1318 3164 etiam
1358 3112 1499 3166 hanc
1524 3112 1747 3166 docuit:
1775 3113 2027 3167 similiter
2053 3122 2108 3167 et

515 3198 653 3252 ﬁdei
689 3214 910 3265 cursus,
943 3200 1060 3254 sive
1096 3201 1468 3270 perfectorum
1499 3203 1832 3273 simplicium
1867 3213 1973 3258 est.

595 3335 733 3400 Quia
782 3352 914 3407 ergo
967 3338 1022 3392 in
1071 3340 1329 3408 praesenti
1383 3339 1727 3396 differentias
1774 3341 1994 3405 innuit,
2049 3355 2106 3397 et

521 3426 926 3496 quodammodo
957 3429 1124 3484 vitam
1166 3431 1538 3503 distinguebat
1577 3432 1884 3498 hominum,
1915 3443 1970 3488 et
1999 3434 2104 3488 bu-

519 3519 612 3586 jus
642 3519 862 3588 quidem
908 3537 1032 3577 esse
1071 3523 1305 3593 pretium
1335 3523 1729 3594 quinquaginta
1762 3524 2104 3581 didrachmas

517 3610 614 3671 ait,
667 3611 827 3679 hujus
884 3611 1136 3682 triginta,
1188 3613 1351 3684 hujus
1400 3614 1622 3682 viginti,
1676 3615 1840 3684 hujus
1889 3616 2099 3681 decem,

523 3699 688 3766 hujus
720 3701 983 3770 quinque,
1011 3702 1174 3772 hujus
1214 3712 1347 3768 tres,
1375 3704 1541 3775 hujus
1571 3705 1909 3774 quindecim,
1946 3706 2101 3761 colli-

510 3798 718 3856 gantur
756 3790 874 3844 hmc
915 3807 1130 3860 parum,
1162 3794 1305 3862 quod
1345 3793 1414 3847 de
1451 3803 1675 3850 centum
1713 3796 2100 3866 quinquaginta

520 3879 701 3932 minus
749 3880 1022 3947 habentia,
1047 3884 1163 3938 haec
1209 3894 1391 3938 autem
1431 3885 1484 3938 in
1532 3885 1774 3955 quinque
1812 3886 1982 3940 divisa
2017 3886 2100 3940 fa-

519 3969 674 4024 ciunt
713 3986 885 4042 prope
924 3973 1276 4030 tricenarium
1320 3992 1631 4032 numerum.
1671 3976 1801 4032 Vide
1841 3979 2100 4049 quemad-

515 4061 737 4115 modum
793 4079 897 4118 nec
947 4065 1225 4135 legislator
1271 4067 1540 4137 ignoravit
1583 4077 2094 4140 temperamentum,

516 4153 658 4219 quod
689 4153 941 4210 Christus
977 4157 1031 4210 in
1060 4169 1246 4214 nostra
1277 4160 1388 4213 vita
1417 4167 1472 4214 et
1499 4164 1917 4218 conversatione
1946 4162 2094 4227 fecit,

519 4258 621 4297 nec
652 4243 992 4313 Evangelista
1025 4263 1316 4304 numerum
1363 4259 1852 4322 temperamentum
1893 4253 2099 4307 haben-

518 4346 624 4388 tem
675 4335 964 4406 ignoravit.
1015 4341 1247 4410 Propter
1289 4329 1437 4411 quod
1489 4359 1613 4398 eum
1658 4362 1764 4398 non
1809 4347 2093 4416 plenorum

516 4423 740 4494 triginta
789 4443 1056 4484 annorum
1111 4432 1326 4487 venisse
1375 4433 1450 4486 ait
1499 4435 1564 4488 ad
1619 4435 1974 4504 baptismum,
2017 4439 2094 4491 ait

516 4517 661 4570 enim
700 4534 714 4570 :
752 4519 817 4572 Et
852 4521 960 4589 ipse
996 4521 1145 4578 Jesus
1189 4534 1301 4578 erat
1355 4526 1604 4594 incipiens
1647 4528 1798 4596 quasi
1833 4544 2093 4582 annorum

520 4607 735 4677 triginta
766 4611 829 4662 ³¹.
857 4610 922 4665 Et
944 4628 1041 4666 cur
1069 4614 1208 4668 hoc?
1237 4615 1362 4682 quia
1386 4627 1440 4669 et
1467 4617 1558 4686 qui
1584 4618 1748 4674 nimis
1769 4617 2089 4689 perfectam,

518 4709 568 4751 ct
606 4701 695 4768 qui
740 4703 1090 4758 mediocriter
1121 4705 1416 4774 perfectam
1449 4727 1460 4762 :
1493 4719 1542 4762 et
1579 4711 1668 4778 qui
1706 4713 1973 4766 minorem
2009 4713 2092 4766 vi-

515 4803 624 4845 tam
659 4793 862 4860 studet,
886 4810 994 4849 non
1016 4797 1260 4864 perfecte
1285 4799 1434 4853 venit
1458 4800 1525 4854 ad
1552 4817 1882 4864 mensuram,
1912 4805 2090 4860 minus

513 4886 660 4938 enim
693 4887 854 4941 habet
879 4890 1361 4962 omnimodo,quia
1389 4891 1480 4947 Dei
1499 4895 1676 4957 solius
1698 4906 1780 4950 est
1806 4897 2090 4965 perfectio,

519 4975 617 5030 sed
647 4977 829 5032 minus
854 4979 1020 5033 habet
1050 4990 1260 5035 tantum
1285 4982 1344 5035 in
1371 4994 1632 5050 quantum
1661 4988 1872 5040 veniam
1905 4987 1957 5040 in
1990 4989 2092 5042 hoc

513 5067 659 5135 quod
684 5069 864 5124 minus
891 5080 976 5124 est
1000 5071 1094 5125 dat
1118 5088 1132 5124 :
1157 5071 1306 5125 .unde
1336 5073 1402 5125 ad
1432 5085 1648 5128 centum
1676 5077 2088 5149 quinquaginta.

513 5169 722 5228 septem
772 5160 956 5215 minus
991 5170 1158 5215 sunt:
1194 5162 1248 5215 in
1289 5172 1506 5238 centum
1546 5166 1690 5220 enim
1733 5169 2086 5238 quadraginta

515 5260 625 5304 tres
647 5250 936 5321 praedictus
961 5267 1226 5307 numerus
1253 5237 1525 5325 colligitur
1554 5275 1565 5308 :
1594 5272 1689 5325 per
1716 5260 2084 5326 septenarium

507 5354 696 5400 autem
725 5361 1037 5413 numerum,
1063 5347 1352 5402 manifeste
1381 5351 1536 5404 venia
1568 5351 1923 5422 significatur.

582 5477 642 5531 Si
687 5491 864 5533 autem
905 5496 1103 5549 pauper
1143 5484 1321 5553 fuerit,
1353 5495 1398 5536 ct
1431 5484 1829 5538 wstimationem
1874 5489 2084 5540 reddere

585 5651 632 5684 ³ο
659 5652 680 5704 l
701 5653 825 5708 Cor.
851 5673 947 5722 vn,
971 5657 1157 5711 9.8-5?"

2243 481 2605 545 wstimaverit,
2653 493 2701 536 et
2752 485 2938 538 viderit
2983 503 3098 540 eum
3147 505 3290 555 posse
3329 494 3517 557 reddere,
3549 505 3664 548 lustra

2240 575 2408 627 dabit.
2456 574 2610 629 Nunc
2651 578 2783 631 dicit
2819 579 2887 633 dc
2929 593 2995 633 eo
3051 581 3143 649 qui
3191 583 3400 636 multant
3437 590 3662 653 percu-itu

2240 675 2526 734 propterea
2571 667 2765 737 Aquila
2809 685 2908 740 pro
2944 688 3204 742 paupere,
3241 674 3281 727 si
3321 679 3528 738 excessit.
3554 682 3659 736 edidit

2239 753 2337 809 llic
2362 770 2490 825 ergo
2514 757 2557 808 si
2582 758 2766 811 offerri
2801 760 2910 814 Deo
2938 762 3065 824 vult,
3101 777 3278 816 coram
3305 766 3537 821 sacerdote
3555 773 3656 830 stabit,

2239 853 2298 897 ut
2328 856 2592 912 quantum
2631 849 2827 903 viderit
2865 867 2991 904 eum
3023 867 3203 920 posse,
3243 856 3450 908 aestimet
3477 872 3566 910 eum
3594 865 3653 912 rat

2234 934 2368 988 dere
2401 954 2414 990 :
2453 940 2694 1007 regulam
2740 941 2790 993 ei
2833 941 2959 995 vitae
3003 942 3304 1011 imponens.
3330 961 3433 1013 quae.
3465 957 3654 1003 estsetun-

2233 1025 2362 1079 dum
2393 1025 2673 1092 virtutem,
2706 1045 3126 1100 mensuramque
3153 1033 3478 1103 philosOphis:
3498 1038 3652 1096 indicens

2231 1131 2392 1184 quam
2425 1131 2550 1171 eum
2588 1119 2903 1187 probaverit
2945 1137 3106 1189 posse
3148 1131 3372 1190 portare.
3405 1123 3527 1179 Verbi
3548 1130 3649 1196 gratis

2231 1207 2276 1259 si
2306 1205 2550 1275 locuples
2579 1216 2685 1273 est,
2712 1219 2771 1262 ut
2800 1209 3092 1263 distribuat
3117 1212 3390 1279 pecunias;
3413 1216 3450 1267 si
3475 1230 3586 1268 sanus
3599 1231 3648 1278 esi,

2232 1304 2290 1348 ut
2314 1296 2561 1365 jejuniis,
2593 1306 2648 1351 et
2681 1299 3040 1362 orationibus,
3075 1300 3297 1369 aliisque
3330 1302 3549 1356 laboribus
3567 1305 3648 1357 bonis

2227 1397 2425 1454 vacet;
2473 1388 2518 1442 si
2561 1398 2744 1445 autem
2771 1401 2825 1444 et
2850 1391 3093 1462 locuples
3127 1402 3212 1446 est
3242 1403 3294 1447 et
3325 1411 3646 1464 sanus.quscun-

2226 1494 2335 1546 que
2369 1478 2575 1534 divitiae
2622 1488 2678 1534 et
2714 1481 2863 1535 salus
2895 1481 2944 1535 ei
2986 1490 3298 1552 suggerunt,
3327 1499 3463 1552 agere
3487 1484 3644 1553 jubeur:

2226 1571 2270 1624 si
2311 1579 2491 1626 autem
2541 1583 2824 1638 neutrum,
2884 1573 2938 1626 in
2980 1575 3229 1627 oratione
3263 1574 3379 1628 flere
3404 1593 3415 1626 :
3444 1586 3489 1628 ut
3512 1576 3646 1629 breviter

2225 1663 2490 1724 dicamus,
2530 1665 2896 1733 quodcunque
2932 1679 3058 1719 curn
3097 1666 3284 1719 viderit
3316 1681 3399 1735 per
3431 1681 3581 1736 corpus,
3599 1679 3644 1718 at

2225 1769 2320 1822 per
2366 1757 2751 1820 substantiam,
2794 1766 2888 1810 aut
2920 1772 3016 1826 per
3061 1757 3219 1811 aliam
3271 1758 3574 1820 valetudinem,
3598 1773 3642 1809 aut

2223 1845 2534 1900 facultatem
2568 1863 2729 1917 posse
2757 1863 3042 1918 peragere.

2291 1978 2454 2035 Vens.
2505 1983 2558 2045 9,
2607 1982 2692 2036 ll).
2747 2001 2764 2032 ε
2803 1981 3021 2034 Animal
3082 1990 3262 2035 autem
3315 1982 3434 2051 quod
3483 1978 3638 2033 immolari

2219 2079 2398 2138 potest
2445 2071 2697 2135 Domino,
2735 2071 2781 2126 si
2821 2073 2946 2140 quis
3001 2073 3230 2136 voverit,
3273 2080 3477 2126 sanctum
3511 2069 3588 2128 erit,
3613 2079 3637 2118 et

2217 2163 2416 2216 mutari
2462 2178 2570 2217 non
2620 2173 2820 2232 potest,
2863 2163 2916 2218 id
2966 2173 3053 2218 est
3100 2179 3199 2218 nec
3246 2164 3414 2216 melius
3445 2160 3557 2219 malo,
3586 2172 3637 2208 nec

2216 2251 2372 2320 pejus
2399 2251 2562 2305 bono.
2590 2253 2746 2317 Quod
2777 2253 2820 2306 si
2859 2255 3174 2316 mutaverit,
3203 2262 3256 2307 et
3280 2254 3430 2320 ipsum
3456 2247 3553 2318 quod
3572 2262 3634 2299 mu-

2217 2348 2386 2394 tatum
2421 2349 2524 2401 est,
2550 2351 2606 2394 et
2633 2341 2762 2394 illud
2793 2357 2892 2411 pro
2920 2357 3034 2412 quo
3070 2351 3324 2396 mutatum
3357 2348 3442 2401 est,
3463 2351 3635 2391 consem-

2218 2440 2330 2485 tum
2362 2431 2467 2486 erit
2499 2433 2750 2488 Domino.
2785 2453 2805 2484 ι

2282 2567 2419 2633 Quia
2452 2567 2601 2638 ipsas
2629 2585 2750 2639 qua:
2779 2585 2842 2624 ex
2876 2570 3284 2640 nobismetipsis
3307 2568 3536 2624 offeruntur
3553 2564 3631 2617 oblt-

2215 2656 2392 2712 tiones
2437 2659 2698 2728 quosdam
2751 2661 2954 2715 habere
2994 2663 3197 2732 gradus
3248 2671 3298 2715 et
3331 2657 3576 2714 differentias
3594 2654 3629 2706 lt

2213 2751 2435 2820 gislator
2471 2753 2726 2820 exposuit
2758 2771 2771 2805 :
2813 2768 2942 2807 ecce
2975 2755 3127 2808 enim
3165 2768 3356 2814 eorum,
3383 2749 3455 2820 qui
3488 2746 3626 2817 quolilrt

2213 2843 2374 2897 modo
2413 2843 2493 2896 sic
2534 2844 2694 2899 nobis
2731 2846 3126 2914 subjiciuntur,
3154 2856 3213 2900 ut
3250 2845 3391 2899 etiam
3418 2852 3624 2926 pecmanoj

2211 2942 2322 2988 stra
2356 2934 2732 2998 nominentur,
2773 2944 2998 3004 propter
3038 2937 3140 2990 hoc
3169 2934 3305 3004 quod
3340 2931 3468 2986 nimis
3490 2927 3624 2992 subject!

2210 3035 2359 3088 sunt,
2402 3034 2496 3079 aut
2540 3026 2665 3095 quia
2716 3042 2824 3081 non
2871 3028 2953 3080 eis
2996 3029 3065 3082 ad
3104 3035 3333 3081 nostrum
3371 3018 3622 3076 ministerium.

2210 3118 2667 3185 quemadmodum
2713 3119 3008 3187 pecoribus
3064 3119 3279 3184 utimur,
3320 3114 3490 3185 quando

2207 3209 2280 3263 sit
2307 3210 2528 3275 oblatio,
2551 3226 2647 3278 per
2672 3211 2806 3276 hate,
2823 3226 2946 3280 qua:
2974 3211 3120 3264 dicta
3146 3219 3286 3271 sunt,
3307 3205 3493 3277 exponit.
3511 3199 3622 3292 Praxi-

2207 3301 2286 3370 pit
2323 3309 2528 3363 autem,
2558 3310 2616 3354 ut
2653 3317 2763 3354 non
2803 3317 2904 3356 nos
2941 3301 3201 3370 poeniteat
3221 3300 3284 3354 de
3317 3298 3390 3351 his
3417 3308 3502 3363 quae
3525 3289 3620 3341 oliui

2206 3409 2328 3450 mus
2357 3393 2489 3449 Deo.
2525 3393 2660 3465 Ergo
2694 3395 2739 3449 si
2768 3395 2990 3464 quidem
3028 3396 3096 3450 de
3131 3395 3214 3449 his
3241 3389 3621 3450 obtulerimuspew

2205 3487 2377 3550 ribus,
2411 3502 2531 3555 qua:
2577 3501 2694 3540 mos
2736 3496 2821 3541 est
2856 3486 2966 3541 Deo
2990 3485 3199 3544 offerri.
3237 3499 3342 3539 mos
3369 3488 3502 3534 autem
3523 3475 3618 3524 est“

2203 3579 2255 3630 ei
2303 3579 2646 3632 immaculata
2693 3587 2748 3632 et
2791 3577 2996 3632 munda
3037 3577 3321 3632 oderantur
3351 3590 3361 3624 :
3396 3575 3534 3621 manus
3565 3569 3618 3608 υθ-

2203 3679 2377 3725 strum
2413 3669 2557 3724 illico
2589 3669 2984 3733 sanctificatur,
3019 3668 3181 3723 etiam
3210 3682 3308 3720 non
3335 3668 3403 3715 est
3427 3658 3485 3710 fas
3515 3657 3616 3701 nine

2200 3762 2271 3816 de
2296 3777 2364 3817 eo
2387 3763 2670 3831 pteniteat,
2703 3761 2869 3814 veluti
2907 3732 3176 3823 simium,
3207 3755 3283 3811 vel
3299 3732 3616 3831 discipulatui!I

2200 3824 2440 3916 servum,
2473 3859 2569 3903 aut
2608 3849 2771 3903 alium
2811 3849 2903 3918 qui
2947 3849 3053 3903 sub
3091 3861 3247 3901 manu
3290 3848 3440 3896 nostra
3471 3824 3616 3885 estut"

2199 3941 2581 3994 obtulerimus.
2618 3940 2802 4008 Neque
2833 3948 3050 3994 mutare
3079 3937 3270 3993 malum
3306 3932 3362 3986 ad
3393 3926 3542 3981 melius,
3568 3922 3615 3965 at!

2199 4027 2403 4082 bonum
2451 4028 2524 4081 ad
2562 4028 2785 4081 malum.
2838 4025 3041 4080 Malum
3092 4032 3265 4078 autem
3313 4019 3386 4072 hic
3421 4011 3614 4104 dicilrn‘i"

2197 4121 2341 4189 quod
2375 4135 2600 4190 pravum
2630 4119 2806 4174 modis
2835 4118 3095 4172 omnibus
3123 4124 3178 4169 et
3203 4105 3615 4198 immundunﬁsl

2197 4187 2308 4265 tem
2341 4187 2680 4265 immundum
2715 4221 2818 4270 est,
2859 4224 2969 4262 non
3010 4217 3093 4263 est
3121 4207 3185 4260 de
3218 4201 3314 4256 illis
3346 4209 3441 4266 quae
3475 4187 3613 4242 ιιιοεεεί

2197 4302 2381 4356 offerri
2407 4303 2536 4367 Deo,
2559 4316 2678 4356 esse
2698 4309 2881 4354 autem
2903 4301 2971 4354 de
2999 4300 3082 4352 his
3118 4311 3234 4366 qua:
3253 4281 3468 4346 immolari
3483 4275 3613 4367 posst“

2128 4392 2172 4447 Β
2202 4392 2454 4457 Domino,
2491 4364 2630 4445 hanc
2657 4390 2990 4444 oblationem
3029 4364 3290 4458 legislator
3316 4377 3441 4434 dixit.
3463 4364 3610 4458 Sed?"

2195 4490 2310 4542 lum
2345 4455 2608 4549 hicidicit,
2631 4484 2773 4554 quod
2800 4493 2884 4538 est
2914 4455 3171 4541 deterius,
3203 4479 3276 4531 sic
3292 4473 3413 4528 enim
3439 4455 3612 4554 inanift‘fl'3

2199 4590 2255 4634 et
2285 4543 2911 4650 Symmachus-tradidit.
2943 4573 3064 4627 Non
3105 4569 3269 4626 reddit
3295 4561 3455 4619 melius
3468 4543 3610 4650 prodf

2194 4639 2412 4736 teriori,
2450 4681 2545 4724 aut
2580 4669 2825 4724 deterius
2868 4683 2966 4736 pro
3011 4661 3236 4721 meliori,
3266 4666 3318 4710 ut
3347 4665 3434 4706 non
3467 4639 3624 4742 hin-165

2198 4764 2354 4826 lium,
2399 4734 2496 4814 aut
2567 4773 2787 4813 servum
2839 4757 3131 4812 oﬂ'erentes
3173 4742 3365 4802 Domini
3402 4734 3612 4835 S_e':“l”::‘

2199 4823 2526 4916 ritinisterio,
2565 4851 2805 4920 recipere
2845 4865 2970 4903 eum
3025 4849 3076 4900 in
3116 4850 3340 4899 nostrum
3373 4823 3614 4920 minutal?

2197 4905 2566 5000 etﬁuiilitates
2609 4905 2856 5008 veiimus,
2901 4941 3268 5011 promittentes
3312 4926 3473 5020 offerte

2193 5051 2309 5091 rem
2355 5036 2617 5098 forsitan,
2659 5035 2742 5088 vel
2790 5033 3132 5088 deteriorem.
3183 5026 3348 5093 Neque
3384 5011 3488 5069 enim
3517 5001 3612 5098 Eu"

2192 5141 2418 5202 Propter
2452 5091 2690 5199 qu0d'et
2717 5131 2870 5181 Anna
2905 5126 2972 5179 de
3002 5119 3243 5226 Batttuele
3475 5091 3615 5226 insit:

2192 5197 2414 5291 spiciens
2464 5197 2751 5291 respexeris
2792 5221 2861 5273 ad
2905 5216 3246 5272 humilitatem
3282 5197 3453 5258 ancilla
3482 5200 3587 5292 "'4";

2192 5281 2492 5368 memineris
2525 5281 2645 5378 nisi,
2683 5323 2730 5366 et
2761 5311 2965 5365 dederis
2999 5305 3199 5360 ancilla:
3225 5310 3319 5352 tua
3347 5281 3612 5378 “WHT:

2671 5361 2938 5468 conspectu
2975 5407 3060 5448 tuo
3093 5392 3266 5445 datum
3299 5389 3431 5448 usq“
3453 5367 3506 5422 σά
3530 5361 3610 5413 (⁸⁸³

2192 5491 2374 5543 mortis
2402 5489 2514 5553 e_"""
2545 5490 2612 5522 ⁸¹⁶

1239 5661 1277 5690 ³⁸
1311 5662 1442 5713 Luc.
1475 5676 1556 5727 ιιι,
1593 5663 1682 5716 9.5.
1751 5662 1793 5693 ³¹
1827 5663 1844 5713 l
1877 5660 2009 5732 Reg.
2044 5679 2079 5729 ι,
2111 5664 2196 5720 Η.
