3810 6318
6 1356 19 1387 ἓ

142 323 278 388 1165

1276 312 1362 372 IN
1401 303 1845 371 LEVITICUM.
1869 327 1938 339 -
1975 303 2125 363 LIB.
2162 300 2297 361 VII.

3269 292 3403 358 llf-G

211 432 359 500 Quod
402 433 449 487 si
494 430 797 495 mutaverit,
851 438 901 482 ct
947 428 1122 496 ipsum
1164 425 1303 489 quod
1353 431 1637 481 mutatum,
1673 427 1721 471 et
1755 423 1795 476 Λ
1824 429 1955 470 vere
1986 415 2132 469 hunc
2160 427 2300 483 epus
2340 411 2524 473 habet,
2557 419 2611 466 et
2644 410 2822 465 facere
2853 407 3269 480 intelligentem.
3311 407 3404 463 Sic

143 523 272 576 illud
300 538 396 591 pro
425 536 525 591 quo
553 514 941 583 mutatummest,
965 524 1325 570 consecratum
1349 513 1448 567 erit
1474 509 1719 564 Domino.

146 612 218 667 llt
251 612 470 674 ethunc
508 626 670 680 quem
695 617 855 663 antea
907 607 1224 668 obtulimus,
1266 612 1323 660 et
1377 619 1502 658 eum
1556 616 1721 671 quem

146 712 350 772 postea,
366 717 490 756 cum
510 702 683 771 prima
708 701 985 757 oblatione
1005 698 1432 761 sanetiﬁeemus,
1463 702 1520 749 et
1541 702 1724 748 utros-

144 810 246 865 que
282 794 391 849 Deo
420 794 806 849 concedamus.
835 792 946 848 Hoc
976 791 1123 845 enim
1157 806 1269 844 non
1301 805 1402 843 nos
1430 786 1720 858 permittit,

146 882 201 938 in
254 881 340 937 his
384 897 507 951 qua:
563 880 891 942 offerimus,
944 879 1322 950 paenitentiam
1376 890 1539 946 agere
1576 892 1589 928 :
1626 873 1723 928 sed

145 974 386 1047 percutit
423 974 748 1029 inimicum:
778 972 870 1041 qui
919 972 1081 1026 nobis
1121 970 1391 1040 paenitere
1434 966 1721 1038 suggessit,

148 1068 274 1122 dum
330 1066 587 1121 videlicet
643 1064 984 1134 duplicamus
1030 1071 1272 1118 nostram
1333 1059 1663 1116 oblationem
1709 1077 1723 1114 :

148 1174 306 1229 quam
340 1158 431 1212 ille
457 1173 558 1228 per
585 1156 964 1227 paenitentiam
1000 1154 1333 1224 intercipere
1362 1153 1554 1207 voluit.

218 1248 382 1304 Vens.
412 1249 590 1303 H45.
627 1267 646 1300 ‹
676 1247 891 1301 Animal
921 1246 1266 1301 immundum
1284 1246 1430 1316 quod
1455 1243 1727 1299 immolari

152 1340 382 1395 Domino
412 1355 520 1394 non
547 1347 726 1410 potest
765 1339 808 1394 si
849 1338 974 1408 quis
1013 1338 1246 1399 voverit,
1273 1337 1573 1391 adducatur
1600 1345 1728 1390 ante

151 1431 507 1487 sacerdotem.
554 1430 659 1497 Qui
700 1430 1008 1501 dijudicans
1056 1445 1124 1484 an
1159 1430 1397 1492 bonum,
1426 1444 1493 1483 an
1525 1428 1727 1482 malum

151 1523 243 1585 sit,
263 1531 470 1577 statuet
512 1522 751 1591 pretium
785 1540 798 1575 :
831 1522 978 1591 quod
1026 1521 1071 1575 si
1111 1521 1244 1576 dare
1283 1520 1518 1574 voluerit
1559 1519 1605 1574 is
1634 1518 1726 1589 qui

150 1613 346 1675 offert.
399 1613 563 1669 addet
609 1628 773 1684 supra
825 1613 1245 1668 aestimationem
1297 1611 1543 1682 quintam
1601 1627 1728 1681 par-

153 1712 281 1758 tem.
329 1722 348 1756 ι

1824 507 1970 561 enim
2001 506 2354 577 semetipsum
2378 503 2699 575 gubernare,
2733 510 2914 557 etnon
2938 513 3164 556 necesse
3198 500 3400 555 habere

1826 598 2050 653 alterius
2082 597 2374 668 paedagoga
2404 594 2625 665 poterit.

1900 688 2062 744 Vens.
2104 688 2287 742 M-l9.
2328 706 2347 737 ι
2373 688 2549 741 Homo
2576 686 2619 739 si
2645 686 2857 741 voverit
2880 685 3102 741 domum
3148 700 3323 750 suam,
3348 693 3405 739 et

1827 779 2252 836 sanctiﬁcaverit
2283 778 2538 843 Domino,
2575 778 2949 834 considerabit
2976 794 3101 834 eam
3128 780 3407 845 sacerdos,

1827 881 2013 927 utrum
2052 872 2196 927 bona
2232 886 2302 924 an
2330 869 2472 923 mala
2495 869 2585 935 sit,
2619 878 2675 924 et
2693 871 2847 941 juxta
2871 871 3128 940 pretium,
3165 872 3310 942 quod
3340 872 3410 926 ab

1827 976 1896 1018 eo
1937 961 2107 1017 fuerit
2144 963 2522 1028 constitutum,
2583 963 2953 1018 venundetur.
2980 964 3040 1019 Si
3091 977 3272 1020 autem
3320 964 3412 1019 illc

1827 1052 1918 1123 qui
1952 1053 2181 1116 voverit,
2220 1053 2455 1109 voluerit
2515 1054 2782 1110 redimere
2811 1056 3137 1135 eamqlabit
3163 1057 3412 1127 quintam

1828 1152 2040 1215 partem
2061 1146 2439 1200 aestimationis
2460 1161 2645 1215 supra,
2669 1154 2725 1201 et
2741 1146 2965 1201 habebit
2986 1147 3230 1202 domum.
3256 1148 3413 1214 Quod

1831 1236 1877 1291 si
1907 1252 2099 1308 agrum
2127 1238 2496 1308 possessionis
2520 1253 2632 1293 suae
2662 1239 2894 1301 voverit,
2925 1248 2982 1294 ct
3013 1240 3415 1296 consecraverit

1832 1328 2088 1393 Domino,
2156 1330 2310 1399 juxta
2352 1345 2667 1385 mensuram
2746 1332 3009 1386 sementis
3057 1333 3415 1389 :estimabitur

1830 1420 2091 1489 pretium.
2124 1420 2180 1475 Si
2228 1422 2447 1493 triginta
2500 1422 2699 1478 modiis
2750 1422 2941 1477 hordei
2994 1427 3196 1480 seritur
3246 1436 3412 1487 terra,

1830 1512 2223 1584 quinquaginta
2260 1513 2411 1568 sielis
2439 1513 2697 1567 venietur
2736 1515 2965 1584 argenti.
3015 1516 3073 1568 Si
3121 1515 3304 1569 statim
3346 1517 3414 1569 ah

1830 1618 1978 1658 anno
1999 1603 2311 1679 incipientis
2326 1603 2538 1659 Jubiltei
2561 1604 2991 1675 voveritagrum,
3006 1615 3211 1675 quanto
3231 1607 3414 1661 valere

1831 1701 2033 1761 potest.
2057 1701 2211 1747 tanto
2232 1693 2628 1759 :estimahitur;
2659 1693 2706 1747 si
2731 1703 2914 1748 autem
2938 1704 3061 1764 post
3077 1697 3414 1765 aliquantum

223 1796 587 1866 lnquirendus
625 1805 708 1851 est
750 1795 994 1859 Iudaeus,
1035 1795 1309 1866 quomodo
1356 1796 1461 1850 hoc
1505 1793 1728 1849 manda-

1846 1783 2119 1853 temporis,
2154 1784 2475 1854 supputahit
2515 1784 2773 1840 sacerdos
2802 1789 3093 1854 pecuniam
3121 1788 3281 1856 juxta
3313 1804 3414 1842 an—

153 1896 267 1943 tum
312 1898 458 1944 stare
494 1889 649 1959 juxta
699 1889 935 1943 litteram
989 1887 1206 1959 potest?
1244 1887 1301 1942 Si
1348 1887 1494 1953 enim
1540 1885 1730 1942 offerri

152 1994 260 2035 non
295 1980 444 2047 licet,
484 1996 588 2035 nec
621 1981 864 2035 nondum
910 1979 1017 2033 erit
1055 1979 1413 2049 acceptabile,
1457 1978 1733 2047 quomodo

155 2080 443 2141 utrumque
483 2071 780 2143 legislator,
823 2080 1080 2140 tanquam
1125 2071 1227 2125 sibi
1275 2085 1608 2141 repugnans,
1650 2080 1734 2124 at-

154 2178 259 2233 que
321 2163 583 2219 resistens
647 2163 904 2233 scripsit?
959 2162 1065 2217 Sed
1136 2163 1341 2232 aliquid
1407 2162 1733 2233 evangelicae

152 2255 457 2327 proximum
492 2256 726 2327 largitati
765 2255 942 2309 modis
977 2255 1237 2309 omnibus
1272 2253 1473 2320 innuit,
1511 2263 1569 2309 et
1604 2269 1735 2309 eon-

154 2347 519 2412 descensioni,
560 2363 722 2417 quam
768 2349 940 2415 gratia
986 2347 1162 2401 novit.
1202 2345 1292 2400 Sic
1339 2359 1469 2417 ergo
1508 2360 1572 2400 ea
1614 2361 1734 2416 quae

153 2437 294 2493 dicta
325 2447 476 2503 sunt,
510 2438 897 2507 intelligamus,
931 2451 1043 2491 non
1083 2436 1281 2490 licebat
1307 2435 1422 2491 Deo
1451 2435 1637 2490 oll‘erri
1667 2436 1735 2490 de

156 2527 467 2598 pecoribus,
482 2543 617 2596 .qua:
645 2542 753 2580 non
783 2526 946 2581 simul
975 2533 1033 2580 et
1061 2525 1322 2595 ungulam
1355 2525 1652 2591 ﬁndebant,
1681 2532 1735 2580 et

154 2620 526 2676 ruminabant.
558 2616 684 2673 Ilzec
707 2618 854 2673 enim
878 2618 961 2672 lex
984 2618 1225 2673 habebat
1252 2617 1552 2684 immunda,
1579 2620 1735 2689 cujus

153 2719 336 2766 autem
376 2720 493 2765 erat
531 2711 781 2781 aenigma,
828 2708 881 2765 id
928 2718 1014 2765 est
1052 2710 1309 2781 ungulam
1352 2725 1463 2764 non
1505 2710 1732 2779 ﬁndere,

155 2818 265 2858 non
290 2802 629 2874 distinguere
657 2802 789 2874 legis
819 2802 1077 2868 litteram,
1109 2812 1165 2855 et
1191 2802 1445 2874 spiritum
1473 2803 1733 2859 scientis:

154 2908 264 2949 non
302 2902 485 2948 autem
516 2893 795 2948 ruminare
827 2893 966 2962 ejus,
994 2893 1086 2964 qui
1118 2909 1228 2949 non
1268 2893 1530 2949 continue
1559 2895 1734 2951 medi-

157 2983 379 3038 talionis
404 2983 538 3054 legis
558 2983 794 3038 habebat
813 2984 1076 3047 studium,
1103 2993 1160 3038 et
1197 2984 1289 3054 qui
1321 2985 1503 3056 lingua
1535 2986 1739 3053 solum:

155 3090 268 3130 non
319 3075 483 3131 etiam
530 3076 695 3131 corde
746 3091 867 3131 eam
912 3076 981 3131 ad
1029 3078 1440 3132 meditationem
1491 3087 1729 3134 revocat.

155 3166 213 3221 Si
241 3182 369 3238 ergo
395 3166 593 3236 aliquis
627 3166 794 3221 ﬁlium
842 3168 1026 3234 talem,
1063 3168 1145 3222 vel
1185 3184 1427 3235 servum,
1458 3169 1544 3224 vel
1575 3169 1738 3225 disci»

110 3260 343 3331 ‘pnlum
373 3260 484 3315 Deo
512 3259 731 3324 oﬂ'erat,
765 3259 856 3329 qui
895 3260 962 3314 ad
994 3260 1333 3316 meditandas
1363 3277 1549 3316 sacras
1588 3261 1736 3319 Scri-

156 3362 365 3422 pturas,
400 3361 496 3407 aut
526 3353 596 3406 ad
628 3344 953 3406 divisionem
986 3353 1484 3422 contemplationis,
1520 3369 1631 3408 non
1671 3371 1736 3408 ex

157 3443 382 3508 malitia,
425 3443 522 3498 sed
559 3458 625 3498 ex
660 3442 978 3497 inﬁrmitate
1019 3442 1201 3497 minor
1232 3443 1324 3509 sit,
1358 3443 1588 3497 necdum
1619 3446 1740 3514 qni-

154 3532 280 3587 dem
319 3541 404 3587 est
444 3541 607 3587 votus
649 3534 783 3595 Deo,
810 3546 988 3601 neque
1028 3533 1177 3587 enim
1218 3533 1373 3602 quasi
1408 3532 1622 3590 oblatus
1647 3537 1737 3603 sit,

153 3623 276 3693 ejus
301 3624 579 3695 legislator
612 3624 929 3677 memoriam
959 3623 1109 3678 facit.
1139 3624 1375 3679 Adducit
1402 3632 1586 3681 autem
1611 3635 1738 3682 ante

154 3713 522 3774 sacerdotem,
563 3721 620 3767 et
665 3714 856 3767 statuit
898 3713 1134 3783 pretium
1173 3714 1295 3784 ejus
1337 3716 1609 3779 sacerdos,
1653 3718 1737 3770 di-

149 3801 409 3872 judicans
436 3812 617 3856 utrum
651 3802 856 3857 bonum
887 3817 957 3857 an
989 3801 1190 3856 malum
1219 3803 1308 3868 sit,
1333 3812 1391 3858 ut
1420 3803 1740 3873 imperfecto

153 3891 643 3957 condescendens,
707 3892 1047 3946 moderatum
1108 3893 1155 3946 ei
1209 3892 1399 3964 jugum
1470 3893 1737 3962 imponat,

154 3985 213 4040 id
248 3994 354 4049 est,
382 4000 504 4040 eam
535 4001 658 4055 quae
687 3995 771 4041 est
800 3986 974 4041 media
1026 3986 1168 4041 inter
1201 3987 1399 4041 bonam
1437 3987 1740 4056 malamque

154 4076 654 4132 conversationem.
690 4075 788 4130 Est
833 4086 1017 4131 autem
1064 4093 1094 4131 a
1143 4077 1287 4131 malo
1332 4077 1645 4142 declinatio,
1686 4086 1740 4132 et

154 4170 439 4240 prolectus
476 4169 542 4224 ad
576 4169 823 4225 meliora.
854 4169 970 4223 Hoc
1007 4172 1152 4224 enim
1195 4168 1421 4224 forsitan
1457 4170 1737 4240 proprium

153 4261 395 4316 dicimus
420 4275 542 4316 esse
576 4261 721 4315 inter
755 4262 997 4316 deterius
1025 4270 1081 4316 ct
1114 4262 1344 4316 melius:
1373 4264 1517 4331 quod
1548 4279 1646 4332 pro
1673 4279 1740 4317 eo

151 4351 302 4421 quod
336 4352 543 4407 dictum
583 4361 690 4415 est,
723 4363 907 4406 utrmn
941 4352 1144 4405 bonum
1192 4367 1260 4405 an
1308 4352 1533 4415 malum,
1570 4351 1742 4408 edidit

1836 1889 2033 1929 norum
2080 1875 2175 1944 qui
2231 1875 2616 1944 reliqui-sunt,
2647 1891 2938 1931 numerum
2970 1893 3143 1948 usque
3174 1880 3239 1935 ad
3261 1880 3416 1935 lubi-

1834 1967 2015 2031 imum,
2035 1976 2092 2021 et
2107 1967 2428 2022 detrahetur
2445 1981 2509 2021 ex
2538 1968 2733 2037 pretio.
2753 1967 2907 2034 Quod
2932 1970 2977 2023 si
3005 1971 3238 2026 voluerit
3271 1974 3416 2027 redi-

1835 2074 1987 2113 mere
2011 2074 2201 2129 agrum
2232 2058 2322 2113 ille
2351 2060 2443 2129 qui
2464 2070 2711 2128 voverat,
2738 2061 2903 2115 addet
2929 2062 3174 2130 quintam
3204 2073 3414 2134 partem

1836 2150 2121 2207 teatimatee
2149 2151 2415 2220 pecuniae,
2448 2160 2504 2206 et
2529 2152 2834 2222 possidebit
2860 2169 3005 2207 eum.
3044 2174 3060 2206 ι
3466 2216 3469 2219 Α

1906 2243 2025 2299 Non
2057 2244 2453 2314 qualiscunque
2479 2243 2570 2299 hic
2597 2244 2807 2314 paritur
2829 2245 3075 2315 qmestio.
3103 2245 3271 2301 Paulo
3294 2259 3419 2316 post

1835 2335 1982 2390 enim
2013 2335 2081 2390 ad
2117 2334 2282 2389 ﬁnem
2310 2335 2436 2389 libri
2474 2335 2754 2406 legislator
2782 2335 2861 2390 sic
2881 2336 3014 2391 dicit
3052 2355 3064 2390 :
3094 2336 3256 2393 Omne
3277 2340 3418 2409 quod

1839 2425 2065 2480 Domino
2093 2435 2450 2490 consecratur,
2470 2426 2576 2480 sive
2595 2427 2747 2482 homo
2775 2429 2893 2494 erit,
2926 2428 3033 2482 sive
3062 2429 3285 2495 animal,
3311 2431 3419 2484 sive

1837 2533 1983 2586 ager,
2014 2533 2118 2571 non
2147 2520 2404 2583 veniatur,
2438 2534 2531 2571 nec
2557 2518 2746 2573 redimi
2786 2521 2998 2589 poterit.
3027 2518 3312 2586 Quomodo
3345 2523 3418 2577 ibi

1840 2609 2062 2677 quidem
2099 2609 2292 2664 redimi
2324 2610 2506 2664 oblata
2538 2610 2841 2679 prohibuit,
2869 2611 2957 2666 hic
2982 2621 3160 2665 autem
3192 2612 3417 2668 domum

1838 2711 1889 2755 et
1910 2716 2095 2772 agrum
2114 2710 2397 2772 postquam
2412 2701 2745 2757 sanctiﬁcata
2766 2712 2894 2756 sunt
2915 2704 3161 2774 praecipit
3182 2705 3415 2761 redimi?

1837 2795 1947 2847 Aut
2005 2792 2231 2847 forsitan
2269 2794 2586 2848 omnimodo
2638 2794 2798 2847 aliam
2867 2794 2959 2849 hic
3032 2797 3414 2863 intentionem,

1838 2886 1997 2939 aliam
2033 2885 2125 2939 hic
2162 2885 2444 2940 oﬁ‘erentis
2496 2887 2667 2941 novit.
2709 2886 2786 2940 lbi
2827 2887 3069 2956 quidem,
3118 2899 3177 2941 ut
3213 2904 3419 2959 nequa~

1839 2993 2000 3047 quam
2029 2977 2168 3032 ultra
2192 2986 2446 3033 attrectet
2465 2979 2611 3048 quod
2656 2979 2857 3034 obtulit
2892 2997 2916 3044 ⁸ε
2959 2983 3053 3036 sed
3098 2992 3155 3036 ut
3204 2983 3421 3052 penitus

1838 3071 1970 3126 illud
2001 3079 2351 3126 consecraret
2378 3072 2512 3135 Deo,
2543 3079 2768 3143 propter
2788 3073 2933 3143 quod
2960 3088 3069 3127 non
3100 3074 3195 3142 ait,
3226 3088 3419 3143 quem-

1838 3164 2131 3219 admodum
2188 3165 2319 3219 hie:
2355 3164 2413 3218 Si
2462 3164 2799 3220 consecrarit
2849 3164 3074 3220 domum
3117 3176 3420 3231 suam,aut

1840 3271 2030 3328 agrum
2069 3257 2436 3327 possessionis
2473 3273 2585 3312 sum
2621 3276 2635 3313 :
2670 3258 2786 3322 sed,
2824 3274 2976 3312 omne
3021 3260 3158 3329 quod
3196 3258 3423 3313 Domino

1841 3358 2197 3402 consecratur.
2248 3349 2451 3404 Eorum
2495 3348 2641 3403 enim
2685 3364 2806 3418 qua:
2855 3350 3228 3404 offerebantur
3287 3348 3420 3417 Deo,

1840 3437 1977 3491 nihil
2006 3438 2206 3492 licebat
2231 3439 2285 3493 in
2326 3455 2487 3493 usum
2528 3440 2831 3494 humanum
2864 3440 3003 3493 ultra
3047 3441 3270 3506 reverti,
3323 3443 3420 3498 sed

1840 3542 1945 3581 nec
1998 3528 2254 3603 sacerdos
2293 3528 2399 3582 illis
2432 3529 2508 3582 uti
2555 3537 2791 3598 poterat.
2846 3529 3197 3585 Demonstrat
3237 3543 3419 3588 autem

1841 3619 1947 3675 hoc
1983 3635 2068 3684 ea,
2109 3635 2231 3691 qua:
2266 3629 2350 3675 est
2394 3620 2860 3675 Amaleehitarum
2905 3623 3152 3679 historia.
3205 3623 3421 3681 Prmee-

1840 3717 1996 3779 ptum
2038 3719 2123 3764 est
2169 3710 2316 3763 enim
2372 3709 2503 3764 Saul
2551 3719 2611 3765 ut
2651 3711 2941 3765 anathema
2989 3723 3175 3767 essent
3237 3717 3424 3771 omnia

1841 3802 2102 3856 Amalech
2151 3803 2324 3873 spolia
2358 3810 2453 3857 :et
2492 3804 2621 3873 quia
2647 3803 2920 3859 concessit
2948 3806 3148 3875 populo
3174 3808 3422 3875 quaedam

1841 3892 1910 3947 de
1974 3893 2232 3963 gregibus
2307 3904 2363 3947 et
2413 3894 2677 3949 armentis
2738 3896 3011 3966 accipere,
3072 3897 3422 3953 maledictum

1843 3986 2067 4056 grande,
2130 3986 2377 4055 iramque
2418 3987 2678 4041 sustinuit
2719 4005 2731 4040 :
2772 3995 2829 4041 et
2890 3987 3202 4044 nullatenus
3253 3991 3301 4044 ei
3357 3992 3425 4046 ad

1841 4077 2271 4133 satisfactionem
2303 4077 2539 4141 sull‘ecit,
2565 4092 2690 4133 cum
2722 4079 3054 4134 irasceretur
3097 4082 3336 4147 Samuel,
3370 4093 3426 4138 et

1842 4166 2144 4236 inquireret
2193 4184 2207 4219 ε
2255 4167 2385 4232 Qua:
2420 4178 2497 4223 est
2537 4186 2636 4222 vos:
2677 4171 2849 4240 gregis
2889 4172 3046 4241 hujus
3095 4174 3151 4226 in
3205 4174 3423 4227 auribus

1842 4260 1988 4319 meis.
2006 4271 2054 4313 et
2080 4276 2180 4314 vos:
2200 4260 2352 4313 boum
2371 4277 2530 4331 quam
2557 4278 2651 4329 ego
2663 4263 2823 4316 audio
2842 4264 2909 4329 ³³,
2932 4279 3054 4318 cum
3073 4267 3428 4336 responderet

1840 4354 1945 4407 alia
1999 4354 2066 4408 ad
2100 4355 2420 4424 prophetam
2458 4356 2644 4419 verba,
2676 4371 2741 4411 ea
2774 4374 2894 4427 qua:
2919 4369 3077 4414 erant
3108 4380 3119 4413 :
3159 4361 3233 4415 De
3263 4364 3427 4417 Ama-

156 4446 522 4518 Symmachus
554 4465 569 4499 :
605 4444 809 4500 Statuit
837 4447 1063 4514 pretium
1097 4446 1359 4508 sacerdos,
1386 4445 1429 4500 si
1463 4447 1738 4516 quomodo
1769 4459 1814 4514 ι)
1846 4445 1952 4499 lech
1977 4448 2198 4500 adduxit
2230 4463 2290 4500 ea
2320 4462 2436 4515 qua:
2465 4448 2742 4518 acquisivit
2761 4450 2985 4518 populus
3009 4452 3232 4507 meliora
3255 4457 3427 4527 gregis

153 4540 456 4609 proﬁciens
483 4540 689 4594 donum
715 4553 837 4593 esse
863 4553 1076 4603 eorum,
1118 4554 1240 4607 qua:
1270 4536 1382 4594 Deo
1411 4537 1735 4603 oderantur,

156 4631 355 4701 possit.

231 4718 382 4783 Quod
409 4719 456 4772 si
487 4719 614 4773 dare
662 4719 951 4782 volueritis,
998 4733 1156 4788 quam
1194 4717 1360 4787 oﬂ‘ert,
1390 4718 1547 4772 addet
1583 4736 1742 4788 super

152 4798 561 4868 iestimationem
612 4811 853 4880 quintam
907 4820 1134 4879 partem.
1170 4809 1234 4864 Et
1258 4811 1389 4879 quid
1453 4812 1559 4866 hoc.
1612 4814 1743 4866 est?

153 4903 413 4973 Quinque
445 4917 679 4957 numero
709 4916 906 4956 sensus
929 4912 1076 4957 sunt.
1121 4902 1325 4957 Horum
1369 4904 1527 4957 nobis
1546 4904 1740 4973 quinta

155 5010 290 5066 pars
332 5011 489 5050 mens
526 5004 631 5056 est,
685 4996 755 5049 ab
795 4994 909 5063 ipsa
972 4994 1121 5048 enim
1163 4995 1557 5064 gubernantur.
1609 4994 1743 5049 Sine

154 5089 265 5141 hac
291 5102 419 5156 ergo
442 5103 553 5141 non
592 5086 748 5141 valde
777 5085 983 5140 habent
1000 5100 1143 5146 esse,
1168 5099 1271 5139 nec
1292 5084 1506 5153 juvant.
1538 5085 1741 5143 [lorum

154 5194 294 5247 ergo
314 5178 553 5247 quinque
576 5179 835 5249 virgines,
857 5193 978 5247 qua:
1002 5177 1068 5231 ad
1100 5176 1320 5246 nuptias
1340 5191 1446 5230 non
1471 5188 1744 5249 suscepta;

155 5278 313 5333 sunt,
347 5271 571 5338 ﬁguram
604 5279 820 5336 gerunt.
846 5268 1099 5339 Quinque
1128 5283 1256 5338 ergo
1287 5283 1396 5321 non
1431 5269 1740 5325 habuerunt

153 5360 511 5431 sapientiam,
544 5359 690 5413 unde
708 5359 955 5413 absolute
983 5367 1038 5413 et
1069 5358 1231 5413 fatua:
1270 5358 1561 5412 nominata-
1591 5369 1739 5414 sunt.

149 5456 308 5525 Ergo
335 5453 382 5508 si
409 5452 533 5523 quis
565 5451 682 5506 vult
718 5451 988 5504 redimere
1030 5465 1178 5513 eum,
1209 5450 1301 5520 qui
1338 5460 1563 5520 propter
1598 5467 1742 5522 pra:-

152 5548 339 5605 dictas
362 5558 554 5600 causas
588 5541 887 5597 immundis
910 5550 1256 5609 comparatur
1295 5541 1603 5610 pecoribus,
1642 5543 1743 5598 hac

189 5702 280 5760 ἰε
312 5725 335 5783 ι
370 5727 503 5801 Reg.
533 5743 621 5793 xv,
656 5726 741 5782 ιι.
858 5722 900 5756 ιδ
939 5723 1075 5779 ibid.
1107 5726 1194 5782 ιδ.

1842 4548 1890 4591 et
1925 4537 2098 4601 boum,
2134 4549 2189 4590 ut
2218 4537 2625 4592 immolarentur
2648 4539 2874 4593 Domino
2919 4539 3026 4594 Deo
3071 4553 3180 4605 tuo,
3222 4543 3426 4615 reliqua

1844 4644 2021 4684 autem
2055 4630 2344 4699 disperdidi
2370 4630 2437 4685 “.
2479 4629 2616 4701 Ergo
2645 4630 2790 4687 ali'ud
2822 4642 2901 4687 est
2930 4636 3270 4690 sanctiﬁeare
3293 4637 3423 4700 Deo,

1844 4721 1970 4775 licet
2004 4721 2150 4775 enim
2194 4720 2242 4773 ei
2274 4721 2366 4790 qui
2409 4722 2790 4782 sanctiﬁcavit.
2829 4725 2932 4777 hoc
2964 4727 3125 4779 modo
3161 4726 3239 4778 uti
3264 4743 3426 4794 quem

1846 4826 1994 4865 nunc
2022 4812 2179 4864 nobis
2218 4811 2494 4881 legislator
2528 4813 2807 4866 ostendit:
2837 4813 2982 4868 aliud
3015 4827 3099 4869 est
3134 4816 3427 4872 anathema

1846 4906 1974 4974 quid
2011 4904 2211 4967 facere,
2259 4902 2424 4969 hujus
2473 4902 2621 4956 enim
2669 4919 2803 4957 usus
2848 4906 3178 4975 prohibitus.
3220 4906 3426 4963 Similis

1845 5004 2024 5047 autem
2049 4990 2176 5045 huic
2205 5000 2261 5045 et
2300 4989 2609 5046 intellectus
2641 4990 2842 5062 suscipi
2891 4994 3053 5049 debet
3090 5003 3428 5067 contempla-

1847 5085 2031 5151 tionis,
2064 5084 2160 5139 sed
2190 5083 2258 5138 de
2290 5083 2641 5140 anathemate
2657 5085 2880 5156 quidem
2910 5087 3177 5157 dicemus,
3207 5090 3427 5160 quando

1847 5178 1915 5234 ad
1948 5178 2096 5232 illam
2154 5184 2365 5247 partem
2418 5178 2590 5232 sancti
2641 5180 2976 5235 venerimus.
3031 5180 3189 5238 Nunc
3242 5193 3426 5238 autem

1851 5269 1978 5340 quid
1996 5269 2068 5323 sit
2086 5268 2307 5323 domum
2325 5267 2687 5333 sanctiﬁcare.
2720 5270 2851 5340 quid
2874 5286 3083 5342 agrum,
3109 5272 3425 5337 doceamus,

1850 5359 1984 5417 mihi
2031 5366 2355 5431 suggerente
2390 5359 2606 5429 spiritu,
2645 5361 2747 5416 hoc
2779 5362 2955 5432 primo
2986 5363 3105 5418 loco
3126 5363 3371 5419 dicentes
3406 5380 3425 5420 :

1850 5452 1976 5522 quia
2004 5449 2151 5505 aliud
2185 5457 2268 5504 est
2294 5448 2620 5504 sanctiﬁcari
2654 5450 2784 5513 Deo,
2818 5451 2961 5509 aliud
2985 5462 3233 5509 sanctum
3263 5468 3382 5507 esse
3409 5470 3424 5505 :

1851 5542 1998 5597 aliud
2031 5541 2215 5597 oﬂerri
2245 5540 2295 5596 ei
2317 5540 2540 5610 aliquid,
2566 5541 2712 5598 aliud
2734 5557 2844 5598 non
2876 5557 3013 5615 opus
3042 5545 3242 5600 habere
3271 5545 3429 5603 obla-
