3810 6318
435 291 579 359 1167

1631 295 1994 355 HESYCHJI
2032 294 2508 358 PRESBYTERI

3610 310 3741 375 1168

436 410 661 471 tionem,
714 405 810 461 sed
875 421 999 461 esse
1046 406 1166 472 Dei,
1219 415 1274 459 et
1323 402 1612 459 offerentis
1668 420 1778 460 non
1832 420 2015 476 egere.
2049 412 2090 469 Α
2120 407 2479 464 sanctiﬁcatio
2496 412 2716 481 proprie
2739 398 2937 471 domus
2956 416 3277 484 aseribitur,
3306 435 3431 474 non
3458 420 3658 475 solum
3690 436 3739 478 ut

435 497 592 565 Quod
614 495 760 549 enim
779 495 1167 559 sanctiﬁcatur,
1182 503 1237 548 et
1250 494 1498 558 offertur,
1516 509 1584 549 eo
1608 495 1753 564 quod
1771 496 2014 561 offertur,

436 588 766 643 sanctiﬁcari
809 587 1023 657 incipit,
1061 603 1191 657 ergo
1235 586 1390 655 prius
1414 601 1524 641 non
1574 595 1694 641 erat
1743 596 2012 643 sanctum.

428 681 592 747 Quod
625 689 809 737 autem
839 678 1029 747 incipit
1062 677 1413 741 sanctiﬁcari,
1447 678 1552 731 hoc
1580 693 1719 748 opus
1747 677 1935 741 habet,
1962 688 2018 733 et

436 773 769 844 profectum,
797 780 854 826 et
892 787 991 840 per
1022 778 1206 840 partes
1237 778 1610 840 augmentum.
1642 770 1799 836 Quod
1831 782 2014 827 autem

432 867 563 919 olim
612 874 858 919 sanctum
894 872 998 927 est,
1023 872 1079 917 et
1098 863 1227 916 olim
1262 871 1348 917 est
1373 863 1487 927 Dei,
1523 864 1630 918 hoc
1663 864 1802 918 nihil
1834 865 2016 919 minus

424 958 616 1023 habet,
633 957 726 1015 sed
745 965 825 1010 est
843 955 1167 1025 perfectum,
1188 971 1287 1010 nec
1309 956 1419 1009 ullo
1438 956 1809 1011 additamento
1825 972 2009 1028 egens.

432 1051 725 1120 Pr0pterea
770 1050 977 1107 bonum
1007 1048 1227 1118 quidem
1259 1055 1366 1113 est,
1398 1057 1455 1102 et
1485 1048 1751 1103 doctrinis
1782 1049 2012 1103 aliorum

430 1143 499 1199 ad
547 1141 1034 1197 sanctilicationem
1088 1140 1190 1206 uti,
1238 1141 1435 1194 melius
1481 1147 1663 1194 tamen
1706 1141 1761 1194 in
1800 1150 2008 1197 tantum

431 1233 714 1303 proﬁcere,
749 1241 808 1288 ut
837 1232 930 1302 qui
978 1234 1334 1301 semetipsum
1366 1245 1422 1289 et
1458 1248 1555 1288 eos
1596 1233 1687 1302 qui
1712 1234 1832 1303 ejus
1860 1243 2007 1298 sunt,

421 1325 495 1381 ad
529 1324 1020 1379 sanctiﬁcationem
1054 1323 1340 1393 producat,
1372 1324 1518 1393 quod
1560 1338 1670 1377 non
1701 1325 1880 1378 omnis
1904 1324 2007 1377 viri

424 1424 531 1479 est,
553 1414 646 1467 sed
671 1413 841 1467 solius
860 1412 1087 1468 sensati.
1113 1413 1182 1468 Et
1203 1413 1321 1468 haec
1348 1421 1496 1477 sunt,
1516 1429 1638 1482 quae
1662 1413 1718 1466 in
1743 1414 1847 1468 hoc
1889 1414 2009 1467 loco

428 1504 736 1576 signiﬁcare
767 1505 1046 1574 legislator
1076 1504 1439 1560 intentionem
1470 1505 1657 1560 habet.
1692 1504 2010 1560 Sanctiﬁcat

428 1612 561 1668 ergo
606 1597 826 1651 domum
873 1597 1004 1662 Deo,
1050 1596 1143 1664 qui
1181 1594 1441 1650 familiam
1485 1611 1664 1661 suam,
1709 1606 1765 1651 et
1803 1613 2008 1667 cogna-

429 1688 659 1748 tionem,
707 1697 763 1740 et
810 1685 1208 1755 intelligibilem
1254 1686 1476 1741 domum
1530 1686 1584 1739 in
1647 1687 2004 1742 sanctimonia

2118 497 2392 563 offerenti,
2425 501 2522 555 sed
2552 512 2608 557 et
2638 511 2697 557 ut
2719 504 2936 560 docenti
2974 525 2987 559 :
3013 508 3205 579 sicque
3220 524 3340 564 sua:
3355 510 3571 566 domui
3602 514 3735 569 bene

2119 591 2466 659 praepositus,
2507 600 2563 647 et
2598 610 2934 664 recuperans
2965 613 3089 653 eam
3121 602 3227 653 sibi
3267 603 3553 657 sacerdos
3600 621 3731 673 quo-

2117 680 2409 736 dammodo
2436 683 2750 739 invenitur:
2772 688 2901 756 quia
2930 687 3132 744 Paulus
3155 708 3286 745 eum
3320 693 3423 763 qui
3446 696 3561 748 scit
3590 711 3725 764 pr:-

2115 786 2237 826 esse
2274 787 2385 829 suae
2429 775 2639 840 domui,
2682 777 2749 830 ad
2796 779 3148 849 episcopatus
3177 782 3526 837 electionem
3566 795 3723 854 atque

2113 862 2433 932 dignitatem
2452 866 2765 922 sublimavit
2787 868 3100 941 ".Propter
3115 876 3263 941 quod
3279 874 3513 943 Aquila,
3535 892 3641 943 pro
3664 894 3721 929 eo

2114 952 2260 1020 quod
2292 953 2498 1007 dictum
2528 965 2631 1020 est,
2676 957 2778 1021 Qui
2832 976 2951 1014 eam
3014 964 3373 1032 sancti/ienuit
3437 967 3673 1018 redimet
3702 985 3716 1017 :

2113 1044 2158 1095 si
2205 1044 2541 1113 sanetiﬁrans
2570 1048 2641 1099 ad
2677 1047 2835 1115 ﬁnem
2877 1052 3294 1120 fecerit,edidit.
3327 1053 3500 1119 Quod
3536 1067 3714 1110 autem

2113 1151 2180 1189 ex
2214 1136 2317 1189 hoc
2349 1137 2628 1202 discimus,
2655 1139 2784 1208 quia
2811 1141 2855 1195 si
2881 1141 3078 1196 domus
3108 1144 3207 1197 sibi
3247 1144 3639 1213 principatum
3666 1159 3712 1199 et

2112 1226 2569 1296 gubernationem
2599 1229 2692 1298 qui
2735 1232 3118 1293 sanctiﬁcavit.
3170 1234 3449 1299 vindieat,
3476 1244 3537 1289 et
3582 1238 3711 1293 hanc

2112 1316 2227 1385 ipse
2256 1317 2540 1386 acquirere
2577 1319 2693 1373 vult
2722 1337 2737 1373 :
2768 1321 2836 1374 ad
2867 1322 3030 1376 linem
3076 1332 3259 1378 autem
3292 1324 3492 1380 facere
3519 1343 3709 1381 secun-

2110 1409 2240 1463 dum
2277 1408 2472 1479 legem,
2513 1420 2596 1465 est
2633 1411 2754 1465 aliis
2780 1411 2925 1467 sicut
2964 1425 3256 1485 cognatum
3289 1419 3580 1485 praeponi,
3608 1420 3707 1472 ha:

2110 1494 2276 1551 faciat
2317 1512 2439 1567 qua:
2468 1498 2524 1553 in
2562 1500 2817 1568 praesenti
2854 1501 3130 1572 legislator
3159 1504 3353 1573 jussit.
3396 1505 3510 1560 llis
3537 1518 3706 1562 autem

2110 1589 2183 1643 ita
2213 1604 2270 1643 se
2290 1590 2641 1655 habentibus,
2662 1593 2809 1662 quod
2830 1595 3051 1664 proprie
3068 1604 3366 1665 argentum
3392 1598 3707 1653 divinorum

2110 1679 2449 1749 eloquiorum
2500 1681 2797 1737 doctoralis
2846 1683 3155 1738 exhortatio
3208 1686 3303 1749 sit,
3359 1686 3503 1739 audi
3556 1687 3705 1742 Bas-id

421 1779 742 1833 conversari
774 1778 907 1840 vult,
935 1738 1259 1832 utchclesia
1279 1777 1369 1842 sit,
1402 1785 1456 1832 et
1481 1777 1803 1847 appelletur,
1818 1794 2008 1847 quem-
2039 1738 2083 1800 Β
2112 1771 2384 1827 dicentem
2408 1786 2427 1825 :
2461 1771 2689 1843 Eloquia
2717 1773 2952 1838 Domini,
2979 1773 3187 1843 eloquia
3212 1786 3396 1841 easta,
3433 1791 3706 1847 argentum

426 1870 719 1927 admodum
762 1870 920 1924 multi
980 1869 1220 1924 ﬁdelium
1301 1869 1496 1924 domos
1559 1885 1710 1937 suas,
1783 1880 2008 1940 propter

420 1963 915 2017 sanctiﬁcationem
979 1950 1241 2016 ecclesias
1307 1962 1604 2023 habebant.
1651 1963 1793 2019 sicut
1838 1963 2007 2017 Paulo

420 2052 702 2106 scribente
729 2052 795 2106 ad
826 2050 1102 2106 Romanos
1132 2050 1458 2106 audivimus.
1495 2050 1741 2107 Salutate
1767 2051 2005 2107 Priscum

422 2150 476 2195 et
495 2140 772 2211 Aquilam,
820 2142 1093 2211 adjutores
1123 2158 1264 2197 meos
1298 2144 1353 2195 in
1380 2142 1585 2198 Christo
1611 2144 1757 2209 Jesu,
1793 2146 1882 2215 qui
1910 2161 2006 2215 pro

425 2250 543 2287 mea
588 2234 771 2290 anima
814 2233 1034 2287 ceruices
1065 2249 1193 2288 suas
1233 2235 1486 2302 posuerit.
1537 2234 1738 2301 Quibus
1780 2252 1884 2290 non
1913 2253 2004 2307 ego

418 2323 567 2378 solus
601 2325 806 2396 gratias
840 2340 960 2394 ago,
991 2332 1081 2378 sed
1110 2335 1159 2379 et
1195 2341 1370 2379 omnes
1408 2325 1658 2381 Ecclesia:
1685 2327 1917 2399 gentium
1954 2339 2003 2382 et

416 2416 711 2470 domestica
753 2432 933 2469 eorum
972 2414 1210 2469 Ecclesia
1233 2417 1300 2471 ³⁸.
1331 2414 1656 2485 Quicunque
1693 2431 1824 2486 ergo
1864 2417 2003 2471 hanc

415 2508 589 2564 habri
648 2506 1033 2569 intentionem,
1083 2506 1200 2576 ipse
1258 2515 1440 2562 autem
1499 2523 1598 2577 per
1639 2522 1701 2562 se
1756 2523 1865 2563 non
1921 2518 2005 2563 est

421 2597 654 2653 idoneus
682 2595 749 2649 ad
783 2609 922 2664 opus
959 2594 1261 2664 perducere
1296 2610 1362 2655 ea
1393 2610 1517 2665 quae
1552 2595 1807 2661 intendit,
1839 2595 2003 2664 hujus

408 2694 645 2740 domum
673 2686 928 2739 sacerdos
951 2694 1133 2739 utrum
1155 2686 1296 2740 bona
1323 2701 1392 2740 an
1410 2687 1550 2741 mala
1572 2687 1661 2751 sit,
1691 2688 2003 2742 considera-

422 2777 525 2841 bit,
562 2785 617 2830 et
656 2775 800 2830 sicut
830 2776 1147 2840 aestimabit,
1173 2776 1257 2832 sic
1285 2776 1412 2832 erit.
1443 2777 1626 2843 Quare
1648 2786 1831 2833 utrum
1860 2778 2003 2833 bona

418 2882 488 2920 an
516 2865 693 2920 mala?
730 2874 793 2919 ut
824 2865 950 2934 quia
985 2866 1182 2921 domus
1201 2881 1269 2921 ex
1292 2867 1482 2921 multis
1505 2868 1775 2937 personis,
1809 2875 1865 2921 et
1893 2868 1999 2923 dif-

422 2959 724 3013 ferentibus
761 2967 995 3024 constat,
1025 2959 1081 3013 in
1112 2959 1311 3029 quibus
1336 2960 1492 3014 multi
1517 2960 2001 3016 condescensioni-

2108 1862 2226 1932 igne
2248 1864 2633 1926 examinatum,
2663 1875 2822 1919 terrae
2849 1876 3138 1936 purgatum
3164 1869 3232 1921 ³⁷.
3267 1870 3345 1924 Et
3368 1870 3702 1925 Jeremiam:

2110 1951 2334 2007 Frustra
2379 1954 2623 2023 conﬂauit
2663 1956 2941 2025 eonﬂator,
2972 1958 3148 2009 seoria
3186 1959 3307 2027 ejus
3340 1977 3459 2013 non
3495 1973 3573 2015 est
3594 1979 3704 2016 eou-

2105 2054 2370 2103 summata
2396 2044 2461 2097 ⁸⁸.
2508 2044 2584 2098 De
2627 2043 2830 2101 Judteis
2875 2047 3025 2109 dicit,
3059 2048 3185 2117 quia
3228 2050 3381 2105 nihil
3422 2053 3517 2107 eis
3558 2056 3701 2108 verba

2106 2136 2510 2193 exhortantium
2532 2138 2847 2207 proderant.
2886 2137 2995 2193 Sed
3021 2148 3078 2193 et
3092 2139 3331 2194 Paulum
3353 2144 3495 2196 audi
3527 2144 3705 2199 dicen-

2108 2238 2216 2282 tem
2250 2244 2265 2282 :
2299 2225 2358 2282 Si
2384 2229 2500 2297 quis
2533 2230 2919 2298 supertediﬁcat
2970 2247 3128 2300 super
3159 2233 3595 2301 fundamentum
3621 2240 3704 2290 hee

2104 2337 2320 2385 aurum,
2349 2330 2647 2391 argentum,
2685 2322 2892 2391 lapides
2916 2324 3173 2389 pretiosos
3198 2325 3269 2376 ³⁸.

2175 2409 2325 2475 Quod
2349 2410 2396 2464 si
2423 2427 2612 2482 agrum
2652 2414 2988 2480 possessionis
3025 2430 3137 2467 sua:
3168 2416 3404 2481 noverit,
3445 2428 3502 2471 et
3534 2435 3705 2474 conse-

2103 2503 2329 2557 craverit
2354 2502 2600 2569 Domino,
2621 2504 2781 2572 juxta
2826 2522 3129 2559 mensuram
3149 2509 3436 2571 semesuis,
3472 2514 3702 2565 minus.

2102 2596 2242 2648 bitur
2311 2596 2559 2673 pretium.
2613 2594 2818 2667 Agrum
2875 2596 3213 2667 Scripturam
3269 2615 3406 2655 esse
3458 2602 3695 2658 divi-aut

2102 2699 2267 2738 nemo
2317 2684 2609 2740 dubitabit.
2647 2685 2818 2754 Cujus
2864 2685 2995 2740 vitis
3043 2688 3268 2757 proprie
3316 2690 3613 2756 Christus,
3651 2702 3699 2746 et

2102 2778 2347 2849 agricola
2376 2779 2537 2834 Pater
2571 2788 2655 2834 est
2676 2780 2742 2843 δ’,
2775 2777 2826 2831 ἰιι
2857 2793 2967 2847 quo
2998 2778 3365 2834 absconditur
3393 2782 3695 2843 thesaurus.

2104 2870 2157 2924 id
2209 2878 2295 2924 est
2341 2868 2596 2924 salutaris
2655 2868 2992 2938 praedicatio,
3034 2880 3202 2938 quem
3266 2872 3373 2940 qui
3438 2873 3699 2929 invenerit

2101 2971 2355 3031 operator
2398 2960 2533 3031 agri,
2576 2959 2780 3015 vendet
2819 2961 3002 3015 omnia
3033 2977 3156 3029 qua:
3195 2961 3393 3030 habet,
3441 2968 3697 3034 quem“-

416 3052 522 3107 bus
584 3061 765 3121 egent,
819 3066 929 3105 non
982 3052 1225 3106 valentes
1299 3067 1459 3124 agere
1509 3061 1602 3108 aut
1646 3069 1839 3124 sapere
1882 3070 2003 3125 qua:
2030 3073 2073 3130 ο
2106 3055 2328 3110 modum
2371 3052 2641 3108 Dominus
2680 3053 2732 3106 in
2778 3052 3088 3135 Evangeliis
3119 3054 3210 3117 ait,
3242 3065 3305 3110 ut
3332 3068 3497 3112 emat
3522 3074 3698 3129 agrum

418 3144 659 3214 pcrfecta
682 3153 830 3207 sunt,
857 3142 993 3196 nihil
1019 3143 1099 3198 eis
1120 3143 1370 3215 injungat
1405 3160 1589 3213 grave,
1619 3146 1715 3200 sed
1743 3146 2001 3201 uniuscu-

415 3237 615 3305 jusque
658 3250 895 3304 pensans
936 3234 1219 3299 virtutem,
1253 3250 1282 3290 a
1307 3236 1449 3290 malo
1476 3250 1571 3291 eos
1610 3236 1905 3302 declinare,
1948 3246 2005 3293 et

416 3329 486 3380 ad
524 3328 753 3385 virtutes
781 3340 877 3379 eos
908 3324 1174 3395 proﬁcere
1199 3325 1407 3396 jnbeat.

493 3416 589 3471 Sin
614 3426 792 3471 autem
821 3416 913 3470 ille
941 3417 1030 3489 qui
1065 3426 1298 3480 voverat,
1327 3416 1550 3470 uoluerit
1580 3416 1835 3470 redimere
1862 3432 1999 3482 eam,

420 3504 569 3558 dabit
597 3506 835 3575 quintam
876 3516 1083 3572 partem
1104 3507 1473 3561 azstimationis
1494 3521 1679 3575 supra,
1716 3514 1767 3559 et
1794 3506 2004 3562 habebit

418 3603 654 3654 domum.
694 3600 754 3655 Id
784 3610 889 3665 est,
930 3600 983 3654 .si
1028 3601 1223 3656 domus
1280 3600 1553 3666 dominus,
1590 3601 1684 3670 qui
1712 3616 1833 3661 eam
1874 3617 2005 3659 san-

409 3694 665 3747 -ctiticare
709 3694 844 3756 vult,
892 3708 1017 3748 cum
1064 3708 1175 3748 non
1219 3692 1416 3748 fuisset
1453 3704 1640 3749 sancta
1680 3694 1853 3763 prius,
1900 3710 2003 3751 nec

424 3785 708 3854 potuisset
765 3783 996 3838 ecclesia
1047 3784 1334 3855 appellari,
1385 3800 1511 3849 nam
1562 3794 1620 3839 et
1665 3786 2003 3841 sanctiﬁcata

421 3876 611 3944 utique
641 3883 809 3939 esset,
841 3874 984 3944 quod
1008 3889 1156 3928 nunc
1177 3889 1238 3929 se
1265 3874 1338 3928 ita
1363 3889 1473 3929 non
1503 3874 1687 3936 habet.
1723 3875 1819 3930 sed
1839 3890 2003 3931 exor-

422 3970 573 4025 dium
617 3971 766 4040 capit
817 3969 1267 4025 sanctiﬁcationis
1311 3987 1326 4025 :
1374 3970 1421 4025 si
1444 3986 1573 4041 ergo
1639 3971 1727 4026 hic
1782 3971 2002 4027 redimit

420 4062 644 4117 danaum
681 4078 857 4128 suam,
902 4062 1035 4117 illud
1065 4063 1310 4118 absolute
1361 4064 1655 4128 mandans,
1709 4063 1831 4132 ejus
1857 4063 2003 4132 quod

422 4152 850 4208 sanctiﬁcatione
885 4167 1044 4224 egere
1077 4154 1390 4209 sacerdotes
1417 4152 1851 4209 exhortationem
1900 4168 2002 4208 ne-

422 4244 716 4299 cessariam
746 4244 948 4298 habere
976 4244 1231 4299 faciebat.
1273 4242 1514 4299 liedimit
1538 4253 1724 4300 autem
1756 4260 1876 4301 eam
1905 4259 2004 4313 per

423 4333 726 4387 doctrinam
772 4334 991 4399 bonam,
1028 4340 1084 4387 et
1114 4334 1240 4388 vitae
1269 4332 1582 4400 formulam,
1610 4335 1849 4390 liberans
1884 4350 2001 4401 eos,

2104 3144 2255 3198 illum
2280 3144 2349 3195 δι.
2385 3142 2441 3197 ln
2479 3144 2584 3198 hoc
2604 3159 2734 3213 agro
2759 3143 2973 3197 diversa
2998 3153 3083 3198 est
3102 3146 3559 3219 uniuscujusque
3586 3167 3699 3221 pos-

2104 3234 2298 3298 sessio,
2321 3233 2373 3288 id
2399 3240 2483 3288 est
2511 3233 2726 3297 modus,
2750 3249 2911 3302 quem
2942 3233 3045 3288 sibi
3077 3251 3143 3288 ex
3178 3250 3245 3290 ea
3274 3238 3343 3292 ad
3375 3241 3696 3310 sapientium

2103 3326 2354 3381 obtinere
2379 3326 2638 3395 potuerit.
2665 3324 2720 3379 Si
2752 3341 2882 3395 ergo
2915 3329 3327 3383 consecraverit
3360 3331 3513 3387 hanc
3548 3335 3698 3390 homo

2107 3417 2355 3481 Domino,
2386 3433 2510 3474 cum
2536 3433 2644 3472 non
2669 3416 2824 3486 prius
2848 3424 3033 3473 sancta
3058 3417 3249 3482 fuerit,
3286 3438 3448 3478 nunc
3480 3423 3695 3497 incipiat

2104 3523 2430 3565 consecrare
2456 3509 2878 3580 gubernatorem
2905 3511 3351 3568 conversationis
3380 3529 3503 3569 suae
3533 3536 3549 3570 :
3581 3534 3694 3572 CIII

2105 3599 2223 3668 ipse
2251 3616 2363 3656 non
2415 3602 2490 3656 sit
2517 3601 2748 3659 idoneus
2776 3608 3133 3677 semetipsum
3161 3610 3489 3680 gubernare
3517 3614 3690 3668 sacer-

2103 3690 2288 3755 dotem
2313 3692 2492 3763 eligat,
2529 3693 2854 3752 Conseerari
2893 3700 3043 3754 enim
3077 3700 3170 3754 hic
3192 3716 3255 3755 ea
3281 3717 3413 3771 quae
3440 3704 3687 3775 deputata

2103 3793 2231 3838 sunt
2257 3784 2549 3850 sacerdoti,
2580 3787 2852 3857 legislator
2874 3790 3185 3860 appellavit.

2186 3873 2349 3927 Juxta
2403 3892 2707 3931 mensuram
2749 3881 2995 3934 sementis
3040 3882 3400 3936 animabitur
3447 3887 3684 3954 pretium.

2107 3966 2181 4022 Ut
2213 3975 2479 4035 quantum
2515 3971 2818 4025 seminatus
2846 3978 2948 4036 est,
2990 3973 3245 4028 videlicet
3280 3974 3544 4030 edoctus.
3590 3977 3684 4030 Do.

2101 4055 2293 4111 ctrina:
2332 4056 2480 4111 enim
2511 4058 2762 4123 verbum,
2791 4059 2846 4113 in
2874 4061 3085 4115 semine
3121 4062 3375 4132 accipere
3408 4062 3683 4134 Scriptura

2102 4146 2288 4201 divina
2338 4148 2497 4205 solet.
2543 4148 2783 4204 Tantum
2826 4150 2875 4205 ei
2927 4152 3186 4207 sacerdos
3235 4152 3470 4216 indicet,
3516 4170 3684 4224 quata-

2105 4246 2219 4293 tum
2263 4238 2431 4295 fuerit
2464 4241 2714 4297 eruditus
2750 4244 2820 4300 de
2840 4244 3086 4299 doctrina
3132 4244 3278 4298 bona
3320 4244 3593 4316 legitima,
3630 4257 3678 4299 et

2104 4330 2353 4398 spiritali,
2384 4342 2442 4387 et
2470 4348 2581 4388 non
2613 4350 2777 4403 quam
2804 4336 3058 4391 homines
3096 4337 3442 4401 seductores,
3477 4338 3677 4409 pagani,

422 4433 480 4477 et
509 4425 726 4477 diluens
760 4424 1022 4494 quidquid
1056 4424 1135 4478 eis
1177 4424 1433 4479 obviabat
1464 4426 1531 4482 ad
1556 4427 1997 4482 sanctimoniam.
2033 4411 2078 4468 ο
2106 4423 2257 4477 verbi
2288 4423 2480 4493 gratia,
2502 4425 2588 4481 vel
2618 4424 2814 4494 Judaei,
2836 4428 2921 4483 vel
2944 4427 3188 4483 haeretici
3211 4427 3438 4483 docent.
3466 4429 3679 4499 Propter

425 4516 565 4582 Quid
611 4516 812 4570 faciet?
847 4515 1030 4577 Dabit,
1081 4516 1198 4570 sive
1235 4515 1535 4570 secundum
1579 4515 1744 4582 LXX,
1783 4519 2003 4593 adjiciet

420 4608 665 4668 quintam
696 4616 901 4674 partem
929 4607 1297 4660 aestimationis
1322 4624 1504 4675 supra.
1524 4606 1831 4665 Sacerdotis
1851 4612 2000 4667 enim

425 4697 707 4761 doctrinae,
755 4697 841 4752 cui
895 4697 1117 4753 domum
1166 4698 1234 4753 ab
1260 4698 1416 4753 initio
1469 4714 1624 4753 suam
1670 4700 1885 4766 obtulit,
1941 4711 2002 4756 ut

425 4806 544 4843 eam
579 4791 894 4853 aestimaret,
942 4789 992 4844 id
1019 4798 1102 4844 est
1135 4789 1509 4849 deﬁnitionem
1557 4792 1885 4860 imponeret,
1930 4794 1999 4848 ad

423 4897 586 4949 quant
625 4879 851 4935 deberet
888 4887 1054 4939 stare.
1090 4881 1203 4935 sive
1233 4880 1568 4946 conversari,
1617 4880 1733 4955 ipse
1781 4882 2002 4953 adjiciet

428 4972 531 5026 hoc
576 4971 721 5041 quod
765 4981 851 5029 est
882 4970 1211 5025 intellectus.
1247 4969 1363 5024 Hoc
1398 4978 1482 5024 est
1523 4985 1653 5044 ergo
1696 4972 1907 5041 quinta,
1946 4970 1997 5025 id

410 5072 527 5129 test,
565 5071 625 5117 ut
687 5076 808 5132 qure
854 5061 1113 5115 dicuntur
1165 5059 1442 5128 suscipiat,
1489 5065 1543 5113 et
1603 5060 2002 5130 supermdiﬁcet

423 5154 720 5210 sacerdotis
754 5150 1125 5213 sermonibus;
1151 5148 1483 5219 frequentior
1504 5151 1646 5206 enim
1669 5168 2000 5207 commemo-

427 5247 586 5309 ratio,
616 5253 865 5300 sensatos
900 5241 1337 5310 etintclligentes
1367 5239 1616 5297 homines
1645 5241 1792 5296 facit.
1829 5243 1896 5296 Et
1922 5243 2000 5298 sic

430 5336 651 5392 habebit
677 5336 917 5398 domum,
952 5349 1061 5387 non
1096 5332 1329 5402 perdens
1353 5333 1676 5388 sanctiﬁcari
1708 5334 1840 5396 Deo.
1874 5351 1995 5389 nam

426 5426 483 5481 in
528 5429 726 5483 damno
754 5428 801 5482 ei
832 5424 1201 5491 convertitur;
1234 5425 1328 5480 sed
1370 5424 1592 5479 habebit
1620 5440 1760 5491 eam,
1791 5426 1916 5497 quia
1946 5427 1998 5481 ei

538 5634 583 5666 "
622 5632 781 5685 Rom.
813 5646 927 5692 xw,
960 5629 1014 5693 '5,
1054 5630 1109 5685 4.
1188 5629 1283 5683 ⁸⁸1
1322 5627 1464 5683 Tim.
1495 5643 1578 5691 Ill,
1606 5628 1657 5683 5.

431 5716 520 5767 xv,
557 5705 608 5756 i.
683 5701 726 5731 “
755 5701 943 5754 Matth.
978 5715 1094 5765 xm,
1122 5698 1213 5751 Η.

1743 5629 1784 5662 ³⁷
1816 5627 1958 5683 Psal.
1983 5645 2059 5697 st,
2080 5632 2146 5686 -7.

2103 4515 2246 4585 quod
2290 4525 2575 4585 postquam
2617 4518 2749 4574 dixit
2795 4538 2809 4572 :
2848 4519 3014 4574 Juxta
3056 4536 3366 4575 mensuram
3420 4523 3677 4583 sementis,

2102 4608 2311 4663 addidit
2346 4631 2357 4663 :
2705 4644 2710 4653 -

2172 4696 2231 4752 Si
2250 4699 2466 4769 m‘ginta
2486 4702 2673 4755 modiis
2694 4702 2873 4756 hordei
2899 4703 3093 4756 seritur
3112 4712 3275 4766 terra,
3300 4702 3674 4773 quinquaginta

2103 4789 2245 4844 siclis
2297 4792 2533 4845 uenietur
2582 4794 2810 4861 argenti.
2849 4792 2978 4847 Sive
3006 4801 3066 4847 ut
3107 4791 3269 4857 LXX,
3298 4794 3677 4862 quinquaginta

2103 4880 2427 4936 didrachmis
2472 4884 2677 4953 argenti
2728 4900 2741 4936 :
2791 4883 2847 4937 in
2895 4884 3096 4954 quibus
3157 4881 3328 4938 Vetus
3371 4893 3429 4937 et
3473 4882 3680 4936 Novus!

2105 4971 2519 5030 Testamentum
2552 4976 2816 5048 intellige.
2846 4976 2908 5032 Et
2950 4994 3047 5048 per
3074 4978 3319 5033 modium
3347 4977 3462 5031 sive
3490 4992 3680 5032 eorum

2106 5064 2320 5131 hordei,
2368 5065 2540 5123 Vetus
2579 5067 2993 5125 Testamentum
3033 5070 3311 5137 ostendit:
3348 5068 3475 5139 quia
3521 5070 3685 5137 hujus

2105 5157 2330 5211 seminis
2354 5159 2604 5228 pinguior
2631 5160 2785 5216 cibus
2805 5172 2925 5216 est:
2961 5176 3060 5231 per
3085 5162 3481 5233 quinquaginta
3507 5171 3683 5216 ante.

2104 5248 2469 5312 didrachmas,
2490 5260 2597 5304 tam
2625 5251 2772 5321 quod
2799 5252 3040 5320 spiritale
3063 5262 3168 5317 est,
3198 5270 3361 5322 quam
3383 5254 3681 5322 perfectum

2102 5340 2265 5394 simul
2290 5340 2466 5396 innuit
2490 5359 2505 5395 :
2534 5343 2771 5411 perfecta
2790 5344 2933 5396 enim
2959 5345 3207 5399 doctrina
3231 5346 3397 5398 etiam
3419 5346 3680 5414 Spiritalis

2102 5439 2207 5487 est.
2239 5433 2343 5489 Sed
2381 5434 2599 5503 quando
2628 5434 2743 5489 iure
2771 5435 2952 5503 regula
2982 5436 3097 5490 sive
3129 5436 3377 5491 definitio
3404 5450 3615 5507 integre
3633 5436 3677 5489 ei

2234 5633 2278 5666 ³⁸
2308 5632 2511 5690 Jerem.
2544 5651 2619 5702 vt,
2650 5636 2742 5691 25.
2827 5636 2870 5667 ³⁸
2905 5636 2919 5690 Ι
2947 5635 3074 5691 Cor.
3112 5651 3194 5700 In,
3230 5637 3317 5691 12.
3432 5639 3481 5671 δ’
3514 5641 3669 5697 ann.
