3810 6318
119 361 253 427 1169

1234 364 1321 425 IN
1354 359 1802 425 LEVITICUM.
1827 384 1898 396 --
1934 356 2081 418 LIB.
2111 355 2245 419 VII.

3241 346 3376 412 Πῗο

116 474 420 536 indicendo,
453 476 672 544 quando
707 478 1005 533 minuenda
1042 478 1113 534 si;
1141 494 1240 549 per
1265 479 1694 535 condescensio-
1722 485 1768 541 Α
1799 484 2020 531 voverat
2050 474 2321 529 redimere
2350 488 2459 526 non
2490 469 2712 541 poterit,
2732 468 2861 537 quia
2887 483 3012 521 eum
3039 467 3253 520 inhibui
3282 474 3377 519 ve:

116 581 240 621 nem
263 581 359 635 per
383 567 665 635 sequentia
698 567 867 637 disce.

183 657 244 712 Si
270 666 446 710 autem
477 659 661 712 statim
688 658 755 712 ab
778 672 920 714 anno
944 661 1238 730 incipientis
1259 661 1472 716 Jubittei
1496 660 1690 714 nouerit

111 764 320 820 agrum,
346 760 545 819 quanto
574 749 750 805 cetere
776 752 990 821 poterit,
1020 761 1169 807 tanto
1192 753 1561 808 (estimabitur.
1593 752 1691 807 Sin

112 850 289 897 autem
314 849 431 911 post
457 841 795 913 aliquantum
822 845 1089 915 temporis,
1112 846 1419 915 supputabit
1447 845 1692 899 sacerdos

111 933 389 1002 pecuniam
402 933 566 1003 juxta
599 950 859 989 annorum
889 938 980 1006 qui
1012 937 1215 1008 reliqua
1245 947 1370 991 sunt
1415 954 1689 992 numerum

112 1041 272 1095 usque
300 1026 373 1079 ad
390 1025 692 1090 Jubilteum,
725 1038 773 1082 et
805 1029 1192 1083 detraheturea:
1225 1031 1412 1098 pretio.
1451 1028 1690 1083 Duorum

114 1117 203 1172 hic
215 1129 484 1171 annorum
502 1117 840 1173 remissionis
865 1119 947 1174 vel
960 1119 1174 1175 Jubilzei
1197 1121 1516 1176 memoriam
1539 1121 1691 1185 facit,

113 1207 380 1276 baptisma
424 1218 615 1277 aperte
659 1209 950 1264 insinuans
975 1219 1031 1264 et
1071 1211 1450 1280 paenitentiam
1486 1230 1500 1266 :
1541 1221 1693 1265 uter-

110 1315 218 1365 que
259 1300 411 1353 enim
461 1315 641 1355 annus
681 1300 1029 1356 remissionis
1070 1306 1176 1367 est,
1221 1302 1350 1371 quia
1396 1302 1695 1372 perfectam

112 1389 514 1456 remissionem,
588 1406 733 1445 unus
761 1391 982 1461 quidem
1035 1408 1130 1462 per
1195 1393 1421 1449 domum
1484 1394 1692 1463 gratiae,

109 1481 250 1532 alter
276 1489 502 1549 propter
522 1496 617 1535 eos
644 1482 737 1550 qui
766 1490 962 1535 vacant
1002 1482 1058 1535 in
1090 1483 1335 1538 oratione
1369 1493 1426 1538 et
1450 1484 1692 1554 jejuniis,

110 1570 345 1638 aliisque
364 1571 625 1640 operibus
652 1586 775 1640 quae
814 1571 1107 1641 perﬁciunt
1130 1573 1539 1642 paenitentiam,
1565 1588 1697 1644 pos-

110 1658 272 1710 sidet.
309 1656 366 1712 Si
392 1672 525 1728 ergo
555 1658 721 1713 simul
752 1660 876 1729 quis
902 1660 1087 1731 gratiae
1121 1661 1292 1724 viam,
1317 1677 1481 1730 quam
1499 1663 1694 1734 elegit,

111 1748 405 1816 gubernari
434 1764 530 1817 per
559 1751 900 1806 sacerdotem
950 1752 1253 1821 etproduci
1277 1754 1413 1818 vult,
1439 1732 1541 1808 hoc
1568 1732 1694 1808 eum

1797 566 1946 621 nerit
1996 564 2136 631 dies,
2162 562 2542 619 sanetilicatus
2593 561 2698 615 erit
2728 558 2982 622 Domino,
3015 567 3072 611 et
3105 556 3377 626 possessio

1795 662 2135 720 consecrata,
2165 654 2233 709 ad
2262 654 2353 725 jus
2379 650 3017 723 pertinetsacerdotum.
3053 666 3075 699 ι

1866 750 2008 806 Ecce
2038 751 2297 805 damnum
2323 750 2445 818 ejus
2479 747 2570 812 qui
2592 762 2809 816 semper
2830 746 2898 800 ab
2927 744 3034 797 alio
3060 758 3198 812 opus
3215 742 3382 795 habet

1797 841 2110 913 gubernari,
2133 851 2188 897 et
2208 856 2320 896 non
2350 839 2583 911 proﬁcit,
2619 853 2797 907 neque
2817 838 3042 905 juvatur
3062 852 3126 890 ex
3147 836 3375 889 aliorum

1797 935 2074 999 doctrina,
2105 935 2199 989 sed
2221 948 2352 988 suas
2387 947 2605 1001 semper
2631 931 2747 1000 ipse
2776 930 2887 984 dux
2914 928 3081 983 estad
3105 925 3375 997 agendum

1799 1027 1950 1082 utilia
1983 1041 2083 1097 per
2121 1024 2442 1095 praesentia,
2465 1034 2652 1092 aperte
2682 1021 2958 1092 legislator
2984 1018 3244 1075 ostendit.
3271 1015 3376 1081 Qui

1798 1117 1944 1171 enim
1975 1114 2317 1171 consecravit
2359 1128 2548 1183 agrum
2595 1120 2651 1166 et
2694 1119 2881 1181 postea
2918 1109 3155 1171 redimit,
3185 1106 3275 1161 ille
3296 1113 3383 1159 est

1798 1209 1891 1276 qui
1937 1222 2091 1262 suam
2136 1204 2619 1260 conversationem
2647 1202 2739 1257 alii
2777 1200 3070 1272 gubernari
3111 1197 3377 1268 permisit.

1797 1299 1995 1355 Postea
2015 1298 2107 1368 qui
2133 1298 2355 1367 juvatus
2382 1304 2487 1358 est,
2517 1303 2575 1348 et
2593 1293 2924 1362 conquisivit
2942 1290 3298 1352 intellectum,
3323 1296 3381 1340 ut

1792 1393 1913 1462 jam
1965 1398 2120 1454 esset,
2170 1390 2315 1444 sicut
2353 1388 2428 1442 ait
2474 1386 2775 1456 Propheta,
2830 1382 3069 1438 decibilis
3104 1381 3205 1436 Dei
3225 1382 3291 1444 *³,
3327 1388 3385 1433 et

1799 1484 2095 1552 disponere
2136 1480 2282 1549 apud
2328 1478 2685 1548 semetipsum
2731 1475 2906 1546 possit
2943 1474 3003 1528 in
3035 1473 3224 1528 futuro
3260 1486 3382 1541 qua:

1800 1573 2118 1643 etpediunt,
2141 1572 2230 1626 hic
2262 1585 2452 1641 agrum
2475 1585 2634 1625 suum
2669 1568 2771 1624 sibi
2800 1566 3073 1637 recipiens
3095 1563 3381 1634 conquisi-

1801 1663 1900 1719 vit.
1936 1662 2040 1728 Qui
2071 1671 2256 1716 autem
2288 1662 2427 1723 nihil
2452 1660 2665 1730 prolicit
2683 1675 2747 1713 ex
2774 1658 2999 1714 alterius
3028 1655 3382 1727 gubernatio-

1803 1769 1892 1820 ne,
1923 1769 2029 1808 nec
2057 1753 2347 1823 acquisivit
2374 1752 2731 1813 intellectum,
2759 1749 2856 1805 sed
2891 1764 3105 1818 semper
3121 1762 3260 1818 Opus
3282 1748 3384 1801 hac

111 1837 371 1891 sacerdos
400 1837 599 1908 exigat,
636 1839 783 1906 quod
822 1854 947 1893 cum
992 1839 1302 1907 doceretur,
1345 1857 1412 1896 ex
1455 1840 1694 1911 perfecta
1730 1823 1770 1877 Β
1799 1844 1937 1898 hens
1965 1845 2036 1898 ab
2064 1843 2172 1898 alio
2195 1842 2376 1898 doceri
2402 1853 2459 1896 et
2488 1842 2612 1895 talis
2643 1840 2927 1903 exsistere,
2953 1838 3132 1909 qualis
3161 1837 3384 1893 luerunt

110 1936 169 1980 et
194 1928 424 1996 spiritali
450 1927 700 1984 doctrina
729 1931 994 2001 percepit,
1032 1932 1184 1986 nullo
1220 1933 1383 1987 modo
1407 1933 1459 1987 ei
1496 1934 1699 1990 conde-

112 2019 403 2084 scendens,
449 2034 633 2090 neque
670 2021 816 2075 enim
859 2037 1089 2078 necesse
1148 2023 1334 2087 habet,
1377 2033 1563 2094 utpote
1601 2027 1696 2096 qui

114 2123 212 2176 per
256 2110 464 2165 donum
503 2120 800 2168 renovatus
840 2123 946 2179 est,
987 2114 1084 2169 sed
1131 2115 1186 2169 in
1217 2114 1486 2180 doctrina,
1535 2133 1696 2186 quam

111 2201 325 2269 accepit
356 2201 515 2271 plene
541 2217 669 2257 eum
700 2219 1026 2272 permanere
1040 2206 1194 2264 facit.
1224 2205 1282 2260 Si
1316 2216 1499 2261 autem
1519 2208 1588 2262 de
1606 2208 1698 2262 illo

110 2298 197 2344 est
239 2291 408 2357 dono,
453 2294 600 2362 quod
634 2296 902 2364 percepit,
940 2297 1253 2368 deciditque
1280 2300 1347 2352 ab
1373 2314 1441 2353 eo
1470 2299 1526 2353 in
1561 2315 1698 2355 con-

111 2384 426 2438 versatione
470 2403 483 2439 :
542 2386 646 2440 hoc
703 2394 785 2442 est
844 2388 991 2442 enim
1043 2390 1383 2459 aliquantum
1436 2392 1697 2461 temporis

110 2468 328 2528 Jubilaei
353 2474 468 2528 sive
499 2474 838 2530 remissionis
873 2492 1198 2532 consecrare
1242 2494 1451 2550 agrum,
1478 2489 1626 2535 recte
1646 2480 1697 2535 ei

111 2566 391 2633 reputabit
433 2568 686 2623 sacerdos
717 2580 1003 2639 argentum
1041 2572 1095 2626 in
1120 2587 1294 2628 annos
1319 2573 1578 2642 reliquos,
1601 2589 1698 2629 us-

110 2668 217 2722 que
232 2656 302 2710 ad
321 2671 527 2711 annum
556 2658 898 2714 remissionis
931 2660 1049 2716 sive
1070 2660 1308 2729 iubilaii,
1342 2672 1400 2719 ut
1426 2663 1697 2733 reliquum

109 2741 161 2795 ei
188 2751 408 2815 tempus
439 2748 663 2803 deﬁniat
691 2750 758 2804 ad
798 2751 1177 2820 paenitentiam
1204 2762 1260 2808 et
1285 2754 1606 2809 detrahetur
1628 2770 1698 2810 ex

108 2835 308 2901 pretio.
368 2838 528 2904 Quod
571 2842 716 2895 enim
770 2842 953 2897 minus
1000 2843 1151 2908 fecit,
1197 2852 1254 2899 et
1303 2845 1695 2901 detrimentum

109 2928 355 2994 pertulit,
379 2939 437 2985 et
475 2932 718 2987 deterius
747 2943 1104 2991 conversatus
1143 2942 1247 2999 est,
1289 2935 1396 2992 hoc
1421 2937 1566 2992 dono
1593 2937 1698 2992 im-

112 3014 333 3083 minuit,
371 3029 431 3075 et
474 3022 741 3079 intlrmior
769 3024 1000 3080 eﬂectus
1029 3035 1114 3080 est
1164 3034 1221 3080 et
1261 3036 1553 3098 propterea
1600 3028 1698 3083 ab-

1798 1934 2019 2004 quidam
2062 1933 2372 1989 Judaeorum
2404 1949 2422 1986 :
2470 1946 2607 2002 quos
2649 1932 2795 1986 Deus
2847 1946 2942 2000 per
3005 1929 3380 2008 propheticam

1798 2037 1991 2079 vocem
2016 2022 2376 2091 exprobrans,
2406 2022 2533 2077 talia
2564 2022 2782 2076 dicebat
2811 2040 2825 2075 :
2859 2018 2961 2085 Qui
2990 2020 3138 2075 electi
3171 2028 3291 2073 sunt
3319 2035 3385 2073 ea:

1799 2124 1968 2176 utero,
2026 2113 2196 2167 edocti
2222 2116 2289 2166 ab
2330 2114 2559 2184 infantia
2600 2128 2762 2182 usque
2789 2113 2861 2165 ad
2890 2120 3206 2165 senectutem
3238 2109 3304 2170 ³⁵,
3326 2117 3387 2164 et

1800 2217 1989 2258 rursus
2010 2220 2022 2257 :
2040 2201 2298 2270 Epitraim
2327 2203 2461 2255 sicut
2493 2201 2732 2255 columba
2765 2201 3033 2253 insensata
3062 2216 3163 2251 non
3190 2198 3384 2265 habent

1799 2310 1882 2347 cor
1897 2295 1963 2353 “.
1986 2302 2041 2347 et
2072 2308 2296 2347 rursus:
2330 2293 2588 2362 Ephraim
2619 2294 2675 2346 in
2690 2292 2896 2361 populis
2933 2292 3045 2345 suis
3072 2292 3385 2344 connuisce-

1798 2385 1955 2438 batur
1969 2383 2032 2438 “.
2058 2382 2315 2454 Ephraim
2338 2383 2516 2439 lactus
2536 2393 2620 2438 est
2642 2385 2694 2438 in
2714 2384 2930 2439 occulto
2946 2392 3038 2438 tuo
3056 2399 3381 2446 conversus,

1798 2485 1852 2531 et
1879 2476 2003 2530 cani
2042 2475 2399 2531 emoruerunt
2435 2478 2510 2540 ei,
2549 2477 2669 2546 ipse
2712 2462 2895 2530 autem
2942 2491 3052 2529 non
3101 2475 3380 2545 cognovit,

1797 2569 1923 2638 quia
1962 2569 2007 2623 si
2049 2568 2217 2623 malos
2250 2568 2505 2623 doctores
2548 2567 2842 2632 invenerit,
2874 2568 3015 2621 mala
3059 2567 3234 2621 modis
3259 2583 3381 2622 om—

1799 2660 1961 2714 nibus
2007 2667 2288 2729 operatur,
2341 2669 2401 2713 ut
2444 2659 2538 2727 qui
2583 2672 2695 2712 non
2742 2658 2908 2713 habet
2960 2657 3378 2721 discretionem,

1797 2764 2042 2818 quaerere
2062 2765 2174 2804 non
2198 2757 2380 2819 potest
2406 2749 2714 2803 mercedem
2746 2748 2964 2803 virtutis
2991 2758 3157 2817 quam
3188 2747 3385 2818 egerit,

1797 2850 1852 2896 et
1876 2850 2162 2912 propterea
2191 2843 2472 2911 pr0prium
2501 2856 2693 2911 agrum
2721 2840 2924 2895 dicitur
2949 2855 3061 2894 non
3088 2839 3408 2894 rcdimere.'

1799 2932 1908 2988 Sed
1947 2933 2202 2988 veniente
2251 2933 2502 2994 Jubilaao,
2529 2931 2601 2995 ,id
2632 2941 2719 2986 est
2759 2941 3005 3001 tempore
3046 2930 3385 2986 remissionis

1798 3034 2139 3092 transeunte,
2173 3026 2228 3080 in
2253 3041 2363 3094 quo
2392 3023 2643 3080 remissio
2679 3024 2859 3081 locum
2884 3025 3070 3089 habet,
3091 3033 3177 3080 est
3194 3032 3381 3080 autem

108 3102 328 3209 icctior,
379 3119 588 3209 canon
613 3113 725 3184 jam
776 3115 899 3169 talis
941 3124 1027 3171 est
1058 3116 1236 3186 qualis
1264 3133 1389 3173 cum
1414 3119 1692 3190 acceperit
1721 3147 1769 3209 ο
1797 3131 2041 3187 praesens
2068 3116 2200 3184 vita,
2232 3118 2355 3173 vide
2377 3119 2537 3187 quale
2571 3126 2950 3188 quantumque
2978 3118 3071 3183 sit,
3107 3116 3254 3187 quod
3280 3132 3381 3186 pa-

110 3196 340 3264 donum,
381 3200 506 3259 fuit.
544 3202 934 3261 Verumtamen
977 3215 1034 3261 et
1064 3207 1152 3263 hic
1185 3207 1376 3264 volens
1427 3210 1696 3266 redimere

110 3300 301 3357 agrum
329 3308 493 3349 suum
525 3296 747 3366 poterit,
776 3297 830 3351 id
865 3306 968 3361 est,
1002 3300 1358 3369 semetipsum
1389 3300 1697 3370 gubernare

110 3386 166 3432 et
204 3380 425 3451 docere,
475 3388 739 3456 adjiciens
776 3389 1020 3457 quintam
1071 3390 1280 3459 argenti
1330 3392 1399 3446 ad
1453 3392 1703 3461 pretium.

111 3482 298 3537 suum,
337 3476 551 3532 addens
591 3479 855 3534 doctrina:
889 3481 1189 3536 sacerdotis
1224 3484 1507 3553 proprium
1541 3484 1701 3538 intel-

112 3558 340 3628 lectum,
380 3575 444 3621 ut
486 3567 792 3639 intelligens
832 3570 1185 3641 eruditusque
1231 3573 1316 3627 sui
1370 3574 1699 3642 gubernator

110 3652 415 3726 doctorque
469 3658 758 3715 eﬂiciatur.
811 3653 918 3715 Sic'
949 3662 1096 3717 enim
1153 3663 1507 3735 intelligibilis
1549 3681 1695 3736 ager,

109 3758 274 3810 quem
309 3751 652 3805 consecravit
676 3751 915 3807 oﬁ'erens
939 3753 1230 3819 sacerdoti,
1264 3756 1333 3810 ab
1361 3770 1428 3811 eo
1447 3756 1697 3825 posside-

110 3832 281 3900 bitur,
314 3848 372 3893 et
409 3856 519 3896 non
561 3843 630 3897 ab
668 3843 795 3906 alio,
836 3845 1203 3908 conversatio,
1240 3856 1296 3903 et
1319 3847 1493 3902 virtus
1533 3864 1706 3917 quam

110 3928 319 3994 studet,
352 3933 469 3988 sive
492 3949 560 3988 ex
584 3944 723 3999 toto,
766 3935 876 3990 sive
904 3951 972 3990 ex
1010 3946 1186 4006 parte,
1209 3939 1305 3994 sed
1330 3938 1448 4009 ipse
1472 3940 1564 4010 qui
1587 3942 1700 4009 agit

111 4022 478 4086 reputabitur.
549 4025 813 4081 Divisioni
866 4028 1013 4082 enim
1070 4022 1407 4101 legislatoris'
1453 4031 1693 4096 intende,

108 4113 571 4175 quemadmodum
593 4106 954 4183 sancliﬁcare,
972 4120 1086 4175 sive
1107 4137 1430 4178 consecrare
1449 4123 1703 4188 domum,

110 4198 198 4251 vel
228 4216 421 4271 agrum
472 4208 747 4261 volentem
798 4210 1267 4266 consecrationem
1313 4212 1465 4282 prius
1519 4213 1701 4269 facere

111 4286 249 4352 vult,
290 4291 481 4364 sicque
521 4295 570 4349 ei
603 4296 847 4366 prmcipit
887 4297 1174 4361 redimere,
1204 4314 1325 4369 quas
1361 4301 1696 4357 sanctiﬁcata

110 4390 260 4433 sunt.

1800 3208 2006 3263 tietur:
2039 3210 2318 3278 possessio
2360 3209 2697 3264 sanctiﬁcata
2725 3208 2832 3263 erit
2869 3207 3124 3271 Domino,
3155 3221 3384 3263 conver-

1797 3300 2063 3355 sationem
2089 3316 2251 3369 quam
2293 3302 2462 3355 semel
2487 3309 2816 3356 consecutus
2859 3311 2962 3366 est,
2997 3297 3212 3353 etiamsi
3245 3298 3383 3353 alter

1797 3401 1915 3444 erat
1941 3390 2031 3458 qui
2063 3391 2421 3460 gubernabat,
2445 3403 2631 3449 sancta
2657 3393 2765 3445 erit
2782 3389 3030 3444 Domino.
3058 3387 3166 3443 Sed
3189 3404 3384 3457 quem-

1798 3477 2091 3531 admodum
2136 3487 2193 3532 et
2220 3478 2499 3546 possessio
2551 3485 2895 3541 consecrata,
2934 3476 3002 3531 ad
3029 3476 3120 3544 jus
3143 3475 3383 3546 pertinet

1800 3567 2151 3623 sacerdotum
2185 3584 2198 3620 :
2226 3569 2501 3637 possessio
2520 3569 2667 3623 enim
2694 3569 2834 3637 ejus,
2864 3577 2920 3623 et
2942 3555 3154 3621 lu'cruni
3183 3566 3257 3630 ei,
3286 3567 3382 3636 qui

1799 3660 2063 3715 continue
2104 3660 2449 3729 gubernavit,
2489 3659 2865 3730 imputabitur,
2902 3658 3005 3715 etsi
3049 3673 3244 3727 parum
3285 3673 3382 3713 ne-

1798 3752 2060 3824 glexerat,
2105 3758 2362 3817 verterat,
2409 3752 2526 3806 sive
2571 3760 2874 3807 mutaverat
2911 3767 2970 3806 se
3006 3751 3073 3806 ad
3105 3750 3305 3805 malum
3334 3749 3382 3805 is

1797 3843 1891 3913 qui
1933 3844 2003 3897 ab
2041 3859 2109 3898 eo
2137 3843 2581 3914 gubernabatur:
2616 3853 2806 3914 utpote
2841 3844 2934 3914 qui
2967 3844 3104 3898 nihil
3145 3843 3383 3899 habebat

1799 3936 1931 3991 boni
1970 3936 2137 3999 studii
2168 3952 2234 3990 ex
2283 3936 2565 3991 intellectu
2611 3938 2833 4006 proprio
2867 3937 2960 4006 qui
2989 3936 3331 4007 gubernabat
3363 3953 3378 3991 :

1799 4041 1928 4097 ergo
1968 4042 2116 4092 eum,
2160 4027 2304 4082 sicut
2344 4028 2399 4081 in
2427 4043 2524 4082 sua
2558 4027 2998 4093 conversatione,
3032 4028 3112 4083 sic
3139 4029 3193 4082 in
3230 4027 3378 4083 illitis

1799 4119 2140 4190 gloriabitur,
2167 4130 2224 4174 et
2244 4128 2529 4190 prepterea
2559 4121 2637 4174 ait
2669 4139 2682 4175 :

1870 4210 2137 4265 Possessio
2163 4218 2493 4276 consecrata,
2535 4211 2607 4264 ad
2631 4209 2725 4279 jus
2754 4210 2980 4278 pertinet
3023 4211 3377 4265 sacerdotum.

1800 4302 1868 4356 Et
1917 4302 2057 4356 nihil
2105 4310 2268 4357 nocet
2314 4301 2606 4367 sacerdoti,
2650 4301 2741 4355 alii
2799 4316 2991 4373 agrum
3038 4303 3221 4367 vendi,
3251 4302 3378 4371 quia

1800 4395 1964 4449 ﬁnem
2011 4394 2296 4459 doctrinae,
2332 4402 2389 4449 et
2427 4394 2846 4461 exhortationis,
2887 4409 3062 4474 quem
3110 4394 3377 4464 oportuit,

181 4471 250 4522 Et
281 4482 424 4542 tunc,
453 4480 646 4549 inquit,
666 4460 955 4547 possidebit
996 4497 1136 4534 eum.
1171 4481 1283 4536 Hoc
1313 4484 1501 4551 procul
1526 4483 1697 4540 dubio
1728 4479 1772 4535 Ι)
1799 4484 2071 4542 exhibens
2119 4485 2169 4540 ei
2198 4500 2362 4555 quem
2406 4484 2769 4556 gubernabat,
2810 4460 3028 4541 invenit
3069 4460 3223 4539 illum
3266 4499 3378 4538 non

110 4563 402 4634 mandans,
432 4570 560 4639 quia
585 4572 1036 4641 oportetquidem
1070 4588 1172 4629 nos
1205 4589 1304 4645 per
1339 4576 1693 4630 sacerdotum

112 4647 437 4725 doctrinam,
481 4672 537 4716 et
575 4663 834 4731 regulam,
875 4673 931 4719 et
950 4665 1126 4736 legem
1169 4675 1413 4722 nostram
1459 4681 1694 4724 conver-

43 4771 47 4775 -
112 4738 379 4802 sationem
418 4751 746 4822 gubernare,
792 4755 1012 4822 quando
1050 4769 1169 4809 eam
1202 4755 1355 4827 prius
1382 4756 1692 4813 sanctiﬁca-

112 4840 254 4885 inus.
299 4835 404 4894 Sed
436 4850 657 4910 oportet
682 4853 740 4899 et
772 4845 1062 4914 prolicere,
1088 4852 1146 4901 et
1173 4847 1389 4903 illorum
1428 4849 1695 4904 doctrinae

111 4927 358 5008 nostrum
383 4932 626 5004 adjicere
658 4932 993 4990 intellectum
1031 4954 1045 4991 :
1077 4949 1302 5008 propter
1322 4939 1468 5007 quod
1494 4939 1692 4995 Paulus

114 5006 181 5058 ad
210 5010 556 5079 Timotheum
589 5025 864 5081 scribebat
900 5045 911 5079 :
948 5006 1193 5097 Intellige
1210 5006 1505 5098 quwrdico:
1542 5031 1697 5085 dabit

116 5098 257 5153 enim
285 5108 376 5160 tibi
414 5114 669 5171 Dominus
695 5119 753 5172 in
783 5119 1025 5172 omnibus
1044 5118 1367 5173 intetleetum
1388 5118 1455 5175 δ’.
1476 5119 1543 5175 Et
1563 5130 1691 5177 tunc

118 5190 525 5292 possidebimus
552 5210 770 5278 proprie
812 5226 933 5278 qua:
961 5210 1234 5280 egerimus
1273 5209 1689 5268 sanctiﬁcationi

119 5290 383 5344 Proxima.
413 5290 469 5347 Si
487 5307 667 5352 autem
693 5301 831 5355 hanc
852 5301 1173 5357 divisionem
1198 5318 1305 5358 non
1330 5303 1507 5358 intuiti
1525 5304 1693 5360 lueri~

119 5382 262 5471 mus,
290 5378 413 5436 vide
442 5389 574 5454 quid
599 5390 888 5459 patiemur.

196 5460 350 5522 Vens.
388 5473 585 5533 20-2l.
628 5496 648 5530 ι
688 5479 744 5532 Si
786 5492 968 5534 autem
1008 5484 1246 5539 noluerit
1274 5485 1561 5550 redimere,
1597 5487 1693 5541 sed

117 5550 272 5608 alteri
310 5564 538 5625 cuilibet
587 5570 752 5627 luerit
804 5575 1166 5636 venandatus,
1223 5577 1359 5631 ultra
1422 5592 1546 5631 eum
1599 5579 1693 5647 qui

226 5754 266 5784 δ’
294 5759 333 5812 il
388 5764 531 5827 Tim.
568 5789 626 5837 ιι,
657 5773 707 5824 7.
825 5775 868 5806 ⁸³
896 5772 1003 5831 lsa.
1034 5790 1139 5830 ων.
1172 5734 1265 5843 l3;
1306 5773 1464 5832 Joan.
1498 5794 1569 5844 v1,
1598 5777 1684 5833 45.

1802 4589 1962 4644 posse
1995 4573 2214 4644 propria
2258 4574 2552 4641 redimere,
2581 4574 2635 4631 id
2664 4583 2750 4630 est
2788 4575 3145 4645 semetipsum
3190 4589 3381 4644 regere

1799 4674 1857 4722 et
1870 4666 2203 4737 gubernare,
2222 4673 2355 4720 tunc
2373 4680 2564 4736 agrum
2595 4665 2847 4721 vendidit
2865 4666 3030 4720 alium
3056 4678 3379 4734 praeponens

1798 4758 1873 4822 ei,
1909 4757 2004 4826 qui
2030 4756 2249 4820 obtulit,
2266 4757 2361 4825 qui
2400 4757 2680 4811 exhortari
2702 4756 2949 4820 deberet,
2977 4756 3074 4809 sed
3092 4769 3305 4809 merces
3324 4764 3382 4809 et

1799 4849 2013 4903 lucrum
2032 4846 2154 4915 ejus
2168 4855 2274 4909 est,
2302 4845 2394 4914 qui
2414 4845 2702 4914 proposuit
2729 4862 2745 4897 :
2773 4845 2882 4899 nisi
2907 4845 3047 4899 forte
3070 4860 3175 4901 nec
3191 4845 3265 4900 Pe
3274 4854 3376 4908 tro,

1799 4955 1903 4994 nec
1942 4938 2130 5003 Paulo,
2183 4952 2286 4992 nec
2337 4936 2600 5006 apostolis
2661 4936 2910 4993 dicamus
2965 4938 3230 5010 imputari
3281 4954 3378 4995 eos

1799 5047 1941 5102 quos
1986 5045 2089 5100 per
2139 5028 2392 5100 proprios
2430 5028 2729 5102 discipulos
2778 5030 2847 5087 ad
2888 5029 3056 5086 vitam
3106 5030 3376 5102 guberna-

1800 5131 2019 5178 verunt.
2590 5143 2600 5149 '

1869 5212 2033 5266 Vens.
2055 5211 2245 5266 22-26.
2281 5230 2300 5262 ‹
2333 5209 2390 5264 Si
2427 5224 2555 5281 ager
2569 5219 2807 5280 emptus,
2837 5219 2893 5265 et
2921 5226 3030 5265 non
3059 5212 3128 5267 de
3154 5227 3373 5282 posses-

1799 5307 1953 5361 sione
1984 5305 2256 5373 majorum
2278 5302 2655 5357 sanctilicatus
2680 5302 2846 5357 fuerit
2880 5301 3131 5368 Domino,
3164 5317 3376 5373 suppu-

1800 5395 1936 5450 tabit
1974 5393 2232 5450 sacerdos
2254 5392 2409 5462 juxta
2450 5406 2742 5446 numerum
2768 5407 3063 5458 annorum,
3095 5409 3268 5463 usque
3305 5395 3371 5449 ad

1801 5485 2088 5540 .lubilzeum
2128 5481 2389 5552 pretium,
2422 5490 2480 5536 et
2500 5481 2655 5536 dabit
2684 5481 2776 5536 ille
2806 5482 2901 5552 qui
2924 5493 3111 5538 votum
3146 5494 3375 5538 voverat

1803 5576 2055 5631 Domino.
2092 5574 2148 5628 ln
2186 5572 2417 5629 Jubilaeo
2447 5581 2632 5628 autem
2663 5583 2973 5630 revertetur
3016 5576 3085 5631 ad
3129 5578 3369 5647 priorem

1797 5752 2065 5833 "iorem.
2099 5792 2179 5833 tu.
2293 5755 2347 5809 δ”
2370 5772 2529 5831 Osee.
2561 5789 2653 5841 vu,
2690 5774 2774 5831 ll.
2894 5775 2938 5808 “
2976 5776 3113 5831 lbid.
3146 5775 3200 5833 8.
