  <div class='ocr_page' id='page_1' title='image "/cluster/home/n/w/nwhite01/storage/ocr_20150623/93/pst.000005712991/597.png"; bbox 0 0 3810 6318; ppageno 0'>
   <div class='ocr_carea' id='block_1_1' title="bbox 562 311 696 379">
    <p class='ocr_par' dir='ltr' id='par_1_1' title="bbox 562 311 696 379">
     <span class='ocr_line' id='line_1_1' title="bbox 562 311 696 379; baseline 0 -1"><span class='ocrx_word' id='word_1_1' title='bbox 562 311 696 379; x_wconf 73' lang='lat'><strong>1171</strong></span> 
     </span>
    </p>
   </div>
   <div class='ocr_carea' id='block_1_2' title="bbox 1752 327 3635 410">
    <p class='ocr_par' dir='ltr' id='par_1_2' title="bbox 1752 327 3635 410">
     <span class='ocr_line' id='line_1_2' title="bbox 1752 327 3635 410; baseline 0.012 -25"><span class='ocrx_word' id='word_1_2' title='bbox 1752 327 2120 387; x_wconf 84' lang='lat' dir='ltr'><strong>HESYCHII</strong></span> <span class='ocrx_word' id='word_1_3' title='bbox 2160 328 2642 395; x_wconf 84' lang='lat' dir='ltr'><strong>PRESBYTERI</strong></span> <span class='ocrx_word' id='word_1_4' title='bbox 3562 343 3635 410; x_wconf 69' lang='lat' dir='ltr'><strong>liii</strong></span> 
     </span>
    </p>
   </div>
   <div class='ocr_carea' id='block_1_3' title="bbox 568 434 3633 530">
    <p class='ocr_par' dir='ltr' id='par_1_3' title="bbox 568 434 3633 530">
     <span class='ocr_line' id='line_1_3' title="bbox 568 434 3633 530; baseline 0.011 -44"><span class='ocrx_word' id='word_1_5' title='bbox 568 434 876 501; x_wconf 79' lang='lat' dir='ltr'><strong>hominum,</strong></span> <span class='ocrx_word' id='word_1_6' title='bbox 892 436 984 505; x_wconf 89' lang='lat' dir='ltr'><strong>qui</strong></span> <span class='ocrx_word' id='word_1_7' title='bbox 1003 438 1323 494; x_wconf 71' lang='lat' dir='ltr'><strong>vendiderat</strong></span> <span class='ocrx_word' id='word_1_8' title='bbox 1343 454 1487 505; x_wconf 86' lang='lat' dir='ltr'><strong>eum,</strong></span> <span class='ocrx_word' id='word_1_9' title='bbox 1508 450 1565 495; x_wconf 89' lang='lat' dir='ltr'><strong>et</strong></span> <span class='ocrx_word' id='word_1_10' title='bbox 1582 441 1849 498; x_wconf 90' lang='lat' dir='ltr'><strong>habuerat</strong></span> <span class='ocrx_word' id='word_1_11' title='bbox 1865 444 1919 499; x_wconf 91' lang='lat' dir='ltr'><strong>in</strong></span> <span class='ocrx_word' id='word_1_12' title='bbox 1937 454 2143 500; x_wconf 78' lang='lat' dir='ltr'><strong>sortem</strong></span> <span class='ocrx_word' id='word_1_13' title='bbox 2172 452 2218 506; x_wconf 81' lang='grc' dir='ltr'><strong>Δ</strong></span> <span class='ocrx_word' id='word_1_14' title='bbox 2246 447 2388 515; x_wconf 85' lang='lat' dir='ltr'><strong>ejus,</strong></span> <span class='ocrx_word' id='word_1_15' title='bbox 2421 458 2613 505; x_wconf 88' lang='lat' dir='ltr'><strong>sancta</strong></span> <span class='ocrx_word' id='word_1_16' title='bbox 2634 450 2870 506; x_wconf 87' lang='lat' dir='ltr'><strong>Domino</strong></span> <span class='ocrx_word' id='word_1_17' title='bbox 2897 451 3188 507; x_wconf 75' lang='lat' dir='ltr'><strong>invenitur:</strong></span> <span class='ocrx_word' id='word_1_18' title='bbox 3231 452 3352 509; x_wconf 89' lang='lat' dir='ltr'><strong>bene</strong></span> <span class='ocrx_word' id='word_1_19' title='bbox 3374 467 3509 513; x_wconf 81' lang='lat' dir='ltr'><strong>autem</strong></span> <span class='ocrx_word' id='word_1_20' title='bbox 3528 462 3633 530; x_wconf 73' lang='lat' dir='ltr'><strong>Ouid,</strong></span> 
     </span>
    </p>
   </div>
   <div class='ocr_carea' id='block_1_4' title="bbox 566 527 2142 595">
    <p class='ocr_par' dir='ltr' id='par_1_4' title="bbox 566 527 2142 595">
     <span class='ocr_line' id='line_1_4' title="bbox 566 527 2142 595; baseline 0.008 -15"><span class='ocrx_word' id='word_1_21' title='bbox 566 527 927 595; x_wconf 80' lang='lat' dir='ltr'><strong>possessionis</strong></span> <span class='ocrx_word' id='word_1_22' title='bbox 952 546 1084 583; x_wconf 72' lang='lat' dir='ltr'><strong>suae.</strong></span> <span class='ocrx_word' id='word_1_23' title='bbox 1112 529 1305 585; x_wconf 83' lang='lat' dir='ltr'><strong>Omnis</strong></span> <span class='ocrx_word' id='word_1_24' title='bbox 1326 531 1619 587; x_wconf 70' lang='lat' dir='ltr'><strong>aestimatio</strong></span> <span class='ocrx_word' id='word_1_25' title='bbox 1656 534 1793 589; x_wconf 90' lang='lat' dir='ltr'><strong>siclo</strong></span> <span class='ocrx_word' id='word_1_26' title='bbox 1843 537 2142 592; x_wconf 85' lang='lat' dir='ltr'><strong>sanctuarii</strong></span> 
     </span>
    </p>
   </div>
   <div class='ocr_carea' id='block_1_5' title="bbox 566 619 2144 699">
    <p class='ocr_par' dir='ltr' id='par_1_5' title="bbox 566 619 2144 699">
     <span class='ocr_line' id='line_1_5' title="bbox 566 619 2144 699; baseline 0.007 -26"><span class='ocrx_word' id='word_1_27' title='bbox 566 619 975 688; x_wconf 82' lang='lat' dir='ltr'><strong>ponderabitur.</strong></span> <span class='ocrx_word' id='word_1_28' title='bbox 1014 622 1196 676; x_wconf 87' lang='lat' dir='ltr'><strong>Siclus</strong></span> <span class='ocrx_word' id='word_1_29' title='bbox 1219 622 1412 694; x_wconf 76' lang='lat' dir='ltr'><strong>viginti</strong></span> <span class='ocrx_word' id='word_1_30' title='bbox 1430 623 1621 678; x_wconf 84' lang='lat' dir='ltr'><strong>obolos</strong></span> <span class='ocrx_word' id='word_1_31' title='bbox 1650 625 1836 681; x_wconf 85' lang='lat' dir='ltr'><strong>habet.</strong></span> <span class='ocrx_word' id='word_1_32' title='bbox 1869 627 2144 699; x_wconf 87' lang='lat' dir='ltr'><strong>Primoge-</strong></span> 
     </span>
    </p>
   </div>
   <div class='ocr_carea' id='block_1_6' title="bbox 564 710 2143 781">
    <p class='ocr_par' dir='ltr' id='par_1_6' title="bbox 564 710 2143 781">
     <span class='ocr_line' id='line_1_6' title="bbox 564 710 2143 781; baseline 0.007 -17"><span class='ocrx_word' id='word_1_33' title='bbox 564 710 679 765; x_wconf 85' lang='lat' dir='ltr'><strong>uita</strong></span> <span class='ocrx_word' id='word_1_34' title='bbox 722 726 845 780; x_wconf 79' lang='lat' dir='ltr'><strong>quae</strong></span> <span class='ocrx_word' id='word_1_35' title='bbox 901 710 969 766; x_wconf 87' lang='lat' dir='ltr'><strong>ad</strong></span> <span class='ocrx_word' id='word_1_36' title='bbox 1007 711 1181 766; x_wconf 90' lang='lat' dir='ltr'><strong>Deum</strong></span> <span class='ocrx_word' id='word_1_37' title='bbox 1229 713 1527 781; x_wconf 86' lang='lat' dir='ltr'><strong>pertinent,</strong></span> <span class='ocrx_word' id='word_1_38' title='bbox 1585 730 1752 771; x_wconf 90' lang='lat' dir='ltr'><strong>nemo</strong></span> <span class='ocrx_word' id='word_1_39' title='bbox 1797 719 2143 775; x_wconf 89' lang='lat' dir='ltr'><strong>sanctiﬁcare</strong></span> 
     </span>
    </p>
   </div>
   <div class='ocr_carea' id='block_1_7' title="bbox 563 802 2143 871">
    <p class='ocr_par' dir='ltr' id='par_1_7' title="bbox 563 802 2143 871">
     <span class='ocr_line' id='line_1_7' title="bbox 563 802 2143 871; baseline 0.006 -14"><span class='ocrx_word' id='word_1_40' title='bbox 563 802 786 871; x_wconf 82' lang='lat' dir='ltr'><strong>poterit,</strong></span> <span class='ocrx_word' id='word_1_41' title='bbox 811 812 866 858; x_wconf 91' lang='lat' dir='ltr'><strong>et</strong></span> <span class='ocrx_word' id='word_1_42' title='bbox 896 817 1119 868; x_wconf 87' lang='lat' dir='ltr'><strong>vovere,</strong></span> <span class='ocrx_word' id='word_1_43' title='bbox 1138 804 1255 859; x_wconf 85' lang='lat' dir='ltr'><strong>sive</strong></span> <span class='ocrx_word' id='word_1_44' title='bbox 1286 805 1406 870; x_wconf 91' lang='lat' dir='ltr'><strong>bos,</strong></span> <span class='ocrx_word' id='word_1_45' title='bbox 1436 806 1551 861; x_wconf 86' lang='lat' dir='ltr'><strong>sive</strong></span> <span class='ocrx_word' id='word_1_46' title='bbox 1576 806 1696 862; x_wconf 90' lang='lat' dir='ltr'><strong>ovis</strong></span> <span class='ocrx_word' id='word_1_47' title='bbox 1728 806 1891 863; x_wconf 88' lang='lat' dir='ltr'><strong>fuerit</strong></span> <span class='ocrx_word' id='word_1_48' title='bbox 1924 809 2143 866; x_wconf 86' lang='lat' dir='ltr'><strong>Domini</strong></span> 
     </span>
    </p>
   </div>
   <div class='ocr_carea' id='block_1_8' title="bbox 563 903 775 949">
    <p class='ocr_par' dir='ltr' id='par_1_8' title="bbox 563 903 775 949">
     <span class='ocr_line' id='line_1_8' title="bbox 563 903 775 949; baseline -0.009 0"><span class='ocrx_word' id='word_1_49' title='bbox 563 903 713 949; x_wconf 84' lang='lat' dir='ltr'><strong>sunt.</strong></span> <span class='ocrx_word' id='word_1_50' title='bbox 756 915 775 947; x_wconf 74' lang='grc' dir='ltr'><strong><em>ι</em></strong></span> 
     </span>
    </p>
   </div>
   <div class='ocr_carea' id='block_1_9' title="bbox 632 986 2143 1064">
    <p class='ocr_par' dir='ltr' id='par_1_9' title="bbox 632 986 2143 1064">
     <span class='ocr_line' id='line_1_9' title="bbox 632 986 2143 1064; baseline 0.008 -25"><span class='ocrx_word' id='word_1_51' title='bbox 632 986 920 1041; x_wconf 76' lang='lat' dir='ltr'><strong>Maximam</strong></span> <span class='ocrx_word' id='word_1_52' title='bbox 939 987 1211 1057; x_wconf 81' lang='lat' dir='ltr'><strong>justitiam</strong></span> <span class='ocrx_word' id='word_1_53' title='bbox 1237 989 1371 1060; x_wconf 79' lang='lat' dir='ltr'><strong>legis</strong></span> <span class='ocrx_word' id='word_1_54' title='bbox 1405 991 1587 1046; x_wconf 86' lang='lat' dir='ltr'><strong>littera</strong></span> <span class='ocrx_word' id='word_1_55' title='bbox 1628 1001 1684 1047; x_wconf 92' lang='lat' dir='ltr'><strong>et</strong></span> <span class='ocrx_word' id='word_1_56' title='bbox 1706 994 1930 1064; x_wconf 86' lang='lat' dir='ltr'><strong>spiritus</strong></span> <span class='ocrx_word' id='word_1_57' title='bbox 1961 1005 2143 1051; x_wconf 87' lang='lat' dir='ltr'><strong>osten-</strong></span> 
     </span>
    </p>
   </div>
   <div class='ocr_carea' id='block_1_10' title="bbox 560 1076 2137 1154">
    <p class='ocr_par' dir='ltr' id='par_1_10' title="bbox 560 1076 2137 1154">
     <span class='ocr_line' id='line_1_10' title="bbox 560 1076 2137 1154; baseline 0.004 -22"><span class='ocrx_word' id='word_1_58' title='bbox 560 1076 661 1132; x_wconf 91' lang='lat' dir='ltr'><strong>dit.</strong></span> <span class='ocrx_word' id='word_1_59' title='bbox 711 1077 917 1133; x_wconf 87' lang='lat' dir='ltr'><strong>Littera</strong></span> <span class='ocrx_word' id='word_1_60' title='bbox 963 1079 1232 1148; x_wconf 86' lang='lat' dir='ltr'><strong>siquidem</strong></span> <span class='ocrx_word' id='word_1_61' title='bbox 1268 1098 1457 1152; x_wconf 83' lang='lat' dir='ltr'><strong>agrum</strong></span> <span class='ocrx_word' id='word_1_62' title='bbox 1501 1084 1842 1153; x_wconf 87' lang='lat' dir='ltr'><strong>possidentes</strong></span> <span class='ocrx_word' id='word_1_63' title='bbox 1875 1087 2137 1154; x_wconf 88' lang='lat' dir='ltr'><strong>alienum,</strong></span> 
     </span>
    </p>
   </div>
   <div class='ocr_carea' id='block_1_11' title="bbox 563 1170 2141 1246">
    <p class='ocr_par' dir='ltr' id='par_1_11' title="bbox 563 1170 2141 1246">
     <span class='ocr_line' id='line_1_11' title="bbox 563 1170 2141 1246; baseline 0.006 -23"><span class='ocrx_word' id='word_1_64' title='bbox 563 1178 623 1223; x_wconf 92' lang='lat' dir='ltr'><strong>ut</strong></span> <span class='ocrx_word' id='word_1_65' title='bbox 678 1170 1024 1225; x_wconf 89' lang='lat' dir='ltr'><strong>sanctiﬁcent</strong></span> <span class='ocrx_word' id='word_1_66' title='bbox 1068 1170 1200 1234; x_wconf 87' lang='lat' dir='ltr'><strong>Deo,</strong></span> <span class='ocrx_word' id='word_1_67' title='bbox 1245 1181 1305 1225; x_wconf 92' lang='lat' dir='ltr'><strong>ut</strong></span> <span class='ocrx_word' id='word_1_68' title='bbox 1351 1173 1588 1229; x_wconf 81' lang='lat' dir='ltr'><strong>oﬁ&#39;erant</strong></span> <span class='ocrx_word' id='word_1_69' title='bbox 1637 1177 2037 1246; x_wconf 78' lang='lat' dir='ltr'><strong>sacerdotibus,</strong></span> <span class='ocrx_word' id='word_1_70' title='bbox 2079 1187 2141 1233; x_wconf 90' lang='lat' dir='ltr'><strong>ut</strong></span> 
     </span>
    </p>
   </div>
   <div class='ocr_carea' id='block_1_12' title="bbox 560 1260 2139 1337">
    <p class='ocr_par' dir='ltr' id='par_1_12' title="bbox 560 1260 2139 1337">
     <span class='ocr_line' id='line_1_12' title="bbox 560 1260 2139 1337; baseline 0.006 -23"><span class='ocrx_word' id='word_1_71' title='bbox 560 1275 752 1314; x_wconf 86' lang='lat' dir='ltr'><strong>eorum</strong></span> <span class='ocrx_word' id='word_1_72' title='bbox 782 1260 853 1314; x_wconf 89' lang='lat' dir='ltr'><strong>sit</strong></span> <span class='ocrx_word' id='word_1_73' title='bbox 879 1260 1127 1316; x_wconf 90' lang='lat' dir='ltr'><strong>redditus</strong></span> <span class='ocrx_word' id='word_1_74' title='bbox 1153 1277 1302 1332; x_wconf 88' lang='lat' dir='ltr'><strong>ager,</strong></span> <span class='ocrx_word' id='word_1_75' title='bbox 1336 1278 1444 1317; x_wconf 87' lang='lat' dir='ltr'><strong>non</strong></span> <span class='ocrx_word' id='word_1_76' title='bbox 1478 1265 1654 1319; x_wconf 86' lang='lat' dir='ltr'><strong>vetuit</strong></span> <span class='ocrx_word' id='word_1_77' title='bbox 1689 1265 1813 1334; x_wconf 83' lang='lat' dir='ltr'><strong>quia</strong></span> <span class='ocrx_word' id='word_1_78' title='bbox 1858 1283 1969 1321; x_wconf 93' lang='lat' dir='ltr'><strong>non</strong></span> <span class='ocrx_word' id='word_1_79' title='bbox 2012 1282 2139 1337; x_wconf 89' lang='lat' dir='ltr'><strong>spe-</strong></span> 
     </span>
    </p>
   </div>
   <div class='ocr_carea' id='block_1_13' title="bbox 556 1352 2139 1427">
    <p class='ocr_par' dir='ltr' id='par_1_13' title="bbox 556 1352 2139 1427">
     <span class='ocr_line' id='line_1_13' title="bbox 556 1352 2139 1427; baseline 0.004 -18"><span class='ocrx_word' id='word_1_80' title='bbox 556 1353 771 1409; x_wconf 87' lang='lat' dir='ltr'><strong>cialiter</strong></span> <span class='ocrx_word' id='word_1_81' title='bbox 790 1358 951 1409; x_wconf 78' lang='lat' dir='ltr'><strong>Suum</strong></span> <span class='ocrx_word' id='word_1_82' title='bbox 982 1352 1182 1408; x_wconf 89' lang='lat' dir='ltr'><strong>obtulit</strong></span> <span class='ocrx_word' id='word_1_83' title='bbox 1212 1372 1223 1406; x_wconf 87' lang='lat'><strong>:</strong></span> <span class='ocrx_word' id='word_1_84' title='bbox 1255 1355 1401 1408; x_wconf 89' lang='lat' dir='ltr'><strong>sicut</strong></span> <span class='ocrx_word' id='word_1_85' title='bbox 1430 1355 1576 1410; x_wconf 90' lang='lat' dir='ltr'><strong>enim</strong></span> <span class='ocrx_word' id='word_1_86' title='bbox 1600 1367 1836 1425; x_wconf 85' lang='lat' dir='ltr'><strong>emptus.</strong></span> <span class='ocrx_word' id='word_1_87' title='bbox 1860 1358 1979 1427; x_wconf 85' lang='lat' dir='ltr'><strong>ejus</strong></span> <span class='ocrx_word' id='word_1_88' title='bbox 2010 1368 2139 1415; x_wconf 89' lang='lat' dir='ltr'><strong>tunc</strong></span> 
     </span>
    </p>
   </div>
   <div class='ocr_carea' id='block_1_14' title="bbox 557 1443 2133 1518">
    <p class='ocr_par' dir='ltr' id='par_1_14' title="bbox 557 1443 2133 1518">
     <span class='ocr_line' id='line_1_14' title="bbox 557 1443 2133 1518; baseline 0.004 -21"><span class='ocrx_word' id='word_1_89' title='bbox 557 1453 695 1507; x_wconf 87' lang='lat' dir='ltr'><strong>erat,</strong></span> <span class='ocrx_word' id='word_1_90' title='bbox 728 1443 808 1497; x_wconf 90' lang='lat' dir='ltr'><strong>sic</strong></span> <span class='ocrx_word' id='word_1_91' title='bbox 835 1444 1000 1497; x_wconf 88' lang='lat' dir='ltr'><strong>etiam</strong></span> <span class='ocrx_word' id='word_1_92' title='bbox 1023 1443 1116 1514; x_wconf 91' lang='lat' dir='ltr'><strong>qui</strong></span> <span class='ocrx_word' id='word_1_93' title='bbox 1135 1444 1203 1498; x_wconf 90' lang='lat' dir='ltr'><strong>de</strong></span> <span class='ocrx_word' id='word_1_94' title='bbox 1232 1446 1527 1501; x_wconf 90' lang='lat' dir='ltr'><strong>vendentis</strong></span> <span class='ocrx_word' id='word_1_95' title='bbox 1560 1445 1738 1501; x_wconf 75' lang='lat' dir='ltr'><strong>fuerat</strong></span> <span class='ocrx_word' id='word_1_96' title='bbox 1764 1450 2133 1518; x_wconf 87' lang='lat' dir='ltr'><strong>possessione,</strong></span> 
     </span>
    </p>
   </div>
   <div class='ocr_carea' id='block_1_15' title="bbox 560 1533 2136 1608">
    <p class='ocr_par' dir='ltr' id='par_1_15' title="bbox 560 1533 2136 1608">
     <span class='ocr_line' id='line_1_15' title="bbox 560 1533 2136 1608; baseline 0.003 -20"><span class='ocrx_word' id='word_1_97' title='bbox 560 1542 709 1589; x_wconf 89' lang='lat' dir='ltr'><strong>recte</strong></span> <span class='ocrx_word' id='word_1_98' title='bbox 738 1533 952 1587; x_wconf 87' lang='lat' dir='ltr'><strong>alienus</strong></span> <span class='ocrx_word' id='word_1_99' title='bbox 976 1542 1079 1588; x_wconf 90' lang='lat' dir='ltr'><strong>est.</strong></span> <span class='ocrx_word' id='word_1_100' title='bbox 1116 1534 1384 1605; x_wconf 72' lang='lat' dir='ltr'><strong>Praecepit</strong></span> <span class='ocrx_word' id='word_1_101' title='bbox 1408 1537 1556 1590; x_wconf 91' lang='lat' dir='ltr'><strong>enim</strong></span> <span class='ocrx_word' id='word_1_102' title='bbox 1580 1547 1903 1608; x_wconf 84' lang='lat' dir='ltr'><strong>computare</strong></span> <span class='ocrx_word' id='word_1_103' title='bbox 1948 1555 2136 1595; x_wconf 87' lang='lat' dir='ltr'><strong>sacer—</strong></span> 
     </span>
    </p>
   </div>
   <div class='ocr_carea' id='block_1_16' title="bbox 558 1626 2136 1703">
    <p class='ocr_par' dir='ltr' id='par_1_16' title="bbox 558 1626 2136 1703">
     <span class='ocr_line' id='line_1_16' title="bbox 558 1626 2136 1703; baseline 0.005 -24"><span class='ocrx_word' id='word_1_104' title='bbox 558 1626 741 1680; x_wconf 86' lang='lat' dir='ltr'><strong>dotem</strong></span> <span class='ocrx_word' id='word_1_105' title='bbox 771 1626 883 1696; x_wconf 88' lang='lat' dir='ltr'><strong>agri</strong></span> <span class='ocrx_word' id='word_1_106' title='bbox 911 1627 1153 1697; x_wconf 90' lang='lat' dir='ltr'><strong>pretium</strong></span> <span class='ocrx_word' id='word_1_107' title='bbox 1195 1643 1370 1698; x_wconf 87' lang='lat' dir='ltr'><strong>usque</strong></span> <span class='ocrx_word' id='word_1_108' title='bbox 1405 1629 1473 1684; x_wconf 89' lang='lat' dir='ltr'><strong>ad</strong></span> <span class='ocrx_word' id='word_1_109' title='bbox 1501 1629 1812 1696; x_wconf 64' lang='lat' dir='ltr'><strong>Jubilaeum,</strong></span> <span class='ocrx_word' id='word_1_110' title='bbox 1846 1641 1904 1687; x_wconf 88' lang='lat' dir='ltr'><strong>et</strong></span> <span class='ocrx_word' id='word_1_111' title='bbox 1932 1633 2011 1687; x_wconf 91' lang='lat' dir='ltr'><strong>sic</strong></span> <span class='ocrx_word' id='word_1_112' title='bbox 2037 1648 2136 1703; x_wconf 90' lang='lat' dir='ltr'><strong>pro</strong></span> 
     </span>
    </p>
   </div>
   <div class='ocr_carea' id='block_1_17' title="bbox 553 1717 2132 1787">
    <p class='ocr_par' dir='ltr' id='par_1_17' title="bbox 553 1717 2132 1787">
     <span class='ocr_line' id='line_1_17' title="bbox 553 1717 2132 1787; baseline 0.004 -15"><span class='ocrx_word' id='word_1_113' title='bbox 553 1733 622 1772; x_wconf 89' lang='lat' dir='ltr'><strong>eo</strong></span> <span class='ocrx_word' id='word_1_114' title='bbox 643 1717 773 1772; x_wconf 89' lang='lat' dir='ltr'><strong>dare</strong></span> <span class='ocrx_word' id='word_1_115' title='bbox 800 1717 1070 1787; x_wconf 88' lang='lat' dir='ltr'><strong>pretium;</strong></span> <span class='ocrx_word' id='word_1_116' title='bbox 1100 1717 1156 1773; x_wconf 94' lang='lat' dir='ltr'><strong>in</strong></span> <span class='ocrx_word' id='word_1_117' title='bbox 1185 1718 1419 1775; x_wconf 64' lang='lat' dir='ltr'><strong>Jubilteo</strong></span> <span class='ocrx_word' id='word_1_118' title='bbox 1447 1729 1630 1775; x_wconf 89' lang='lat' dir='ltr'><strong>autem</strong></span> <span class='ocrx_word' id='word_1_119' title='bbox 1658 1723 1856 1777; x_wconf 88' lang='lat' dir='ltr'><strong>reverti</strong></span> <span class='ocrx_word' id='word_1_120' title='bbox 1891 1739 1955 1778; x_wconf 91' lang='lat' dir='ltr'><strong>ac</strong></span> <span class='ocrx_word' id='word_1_121' title='bbox 1979 1724 2132 1780; x_wconf 86' lang='lat' dir='ltr'><strong>reddi</strong></span> 
     </span>
    </p>
   </div>
   <div class='ocr_carea' id='block_1_18' title="bbox 556 1810 2132 1886">
    <p class='ocr_par' dir='ltr' id='par_1_18' title="bbox 556 1810 2132 1886">
     <span class='ocr_line' id='line_1_18' title="bbox 556 1810 2132 1886; baseline 0.006 -24"><span class='ocrx_word' id='word_1_122' title='bbox 556 1810 723 1880; x_wconf 90' lang='lat' dir='ltr'><strong>priori</strong></span> <span class='ocrx_word' id='word_1_123' title='bbox 770 1811 1018 1877; x_wconf 89' lang='lat' dir='ltr'><strong>domino,</strong></span> <span class='ocrx_word' id='word_1_124' title='bbox 1051 1811 1102 1867; x_wconf 88' lang='lat' dir='ltr'><strong>id</strong></span> <span class='ocrx_word' id='word_1_125' title='bbox 1145 1821 1231 1868; x_wconf 89' lang='lat' dir='ltr'><strong>est</strong></span> <span class='ocrx_word' id='word_1_126' title='bbox 1260 1814 1310 1868; x_wconf 91' lang='lat' dir='ltr'><strong>ei</strong></span> <span class='ocrx_word' id='word_1_127' title='bbox 1344 1814 1438 1883; x_wconf 90' lang='lat' dir='ltr'><strong>qui</strong></span> <span class='ocrx_word' id='word_1_128' title='bbox 1482 1823 1711 1884; x_wconf 90' lang='lat' dir='ltr'><strong>propter</strong></span> <span class='ocrx_word' id='word_1_129' title='bbox 1754 1825 2132 1886; x_wconf 86' lang='lat' dir='ltr'><strong>paupertatem</strong></span> 
     </span>
    </p>
   </div>
   <div class='ocr_carea' id='block_1_19' title="bbox 557 1904 2136 1977">
    <p class='ocr_par' dir='ltr' id='par_1_19' title="bbox 557 1904 2136 1977">
     <span class='ocr_line' id='line_1_19' title="bbox 557 1904 2136 1977; baseline 0.006 -22"><span class='ocrx_word' id='word_1_130' title='bbox 557 1917 671 1957; x_wconf 91' lang='lat' dir='ltr'><strong>rem</strong></span> <span class='ocrx_word' id='word_1_131' title='bbox 699 1904 977 1974; x_wconf 86' lang='lat' dir='ltr'><strong>propriam</strong></span> <span class='ocrx_word' id='word_1_132' title='bbox 1009 1904 1273 1968; x_wconf 87' lang='lat' dir='ltr'><strong>vendidit,</strong></span> <span class='ocrx_word' id='word_1_133' title='bbox 1316 1914 1372 1959; x_wconf 92' lang='lat' dir='ltr'><strong>et</strong></span> <span class='ocrx_word' id='word_1_134' title='bbox 1400 1904 1467 1959; x_wconf 89' lang='lat' dir='ltr'><strong>ad</strong></span> <span class='ocrx_word' id='word_1_135' title='bbox 1513 1914 1725 1960; x_wconf 88' lang='lat' dir='ltr'><strong>certum</strong></span> <span class='ocrx_word' id='word_1_136' title='bbox 1755 1922 1874 1961; x_wconf 90' lang='lat' dir='ltr'><strong>eam</strong></span> <span class='ocrx_word' id='word_1_137' title='bbox 1923 1917 2136 1977; x_wconf 78' lang='lat' dir='ltr'><strong>tempus</strong></span> 
     </span>
    </p>
   </div>
   <div class='ocr_carea' id='block_1_20' title="bbox 555 1995 2131 2072">
    <p class='ocr_par' dir='ltr' id='par_1_20' title="bbox 555 1995 2131 2072">
     <span class='ocr_line' id='line_1_20' title="bbox 555 1995 2131 2072; baseline 0.004 -23"><span class='ocrx_word' id='word_1_138' title='bbox 555 1995 836 2051; x_wconf 73' lang='lat' dir='ltr'><strong>alienavit.</strong></span> <span class='ocrx_word' id='word_1_139' title='bbox 870 1997 950 2050; x_wconf 82' lang='lat' dir='ltr'><strong>Ab</strong></span> <span class='ocrx_word' id='word_1_140' title='bbox 991 1998 1095 2053; x_wconf 86' lang='lat' dir='ltr'><strong>hoc</strong></span> <span class='ocrx_word' id='word_1_141' title='bbox 1135 2013 1265 2068; x_wconf 80' lang='lat' dir='ltr'><strong>ergo</strong></span> <span class='ocrx_word' id='word_1_142' title='bbox 1299 2008 1356 2052; x_wconf 92' lang='lat' dir='ltr'><strong>et</strong></span> <span class='ocrx_word' id='word_1_143' title='bbox 1380 1998 1446 2052; x_wconf 87' lang='lat' dir='ltr'><strong>ad</strong></span> <span class='ocrx_word' id='word_1_144' title='bbox 1489 1999 1789 2068; x_wconf 85' lang='lat' dir='ltr'><strong>spiritalem</strong></span> <span class='ocrx_word' id='word_1_145' title='bbox 1822 2001 2131 2072; x_wconf 81' lang='lat' dir='ltr'><strong>intelligen-</strong></span> 
     </span>
    </p>
   </div>
   <div class='ocr_carea' id='block_1_21' title="bbox 555 2088 929 2143">
    <p class='ocr_par' dir='ltr' id='par_1_21' title="bbox 555 2088 929 2143">
     <span class='ocr_line' id='line_1_21' title="bbox 555 2088 929 2143; baseline 0.005 -3"><span class='ocrx_word' id='word_1_146' title='bbox 555 2088 684 2142; x_wconf 83' lang='lat' dir='ltr'><strong>tiam</strong></span> <span class='ocrx_word' id='word_1_147' title='bbox 712 2089 929 2143; x_wconf 88' lang='lat' dir='ltr'><strong>transit.</strong></span> 
     </span>
    </p>
   </div>
   <div class='ocr_carea' id='block_1_22' title="bbox 623 2176 2130 2249">
    <p class='ocr_par' dir='ltr' id='par_1_22' title="bbox 623 2176 2130 2249">
     <span class='ocr_line' id='line_1_22' title="bbox 623 2176 2130 2249; baseline 0.002 -18"><span class='ocrx_word' id='word_1_148' title='bbox 623 2176 680 2232; x_wconf 88' lang='lat' dir='ltr'><strong>Si</strong></span> <span class='ocrx_word' id='word_1_149' title='bbox 732 2193 860 2246; x_wconf 85' lang='lat' dir='ltr'><strong>ager</strong></span> <span class='ocrx_word' id='word_1_150' title='bbox 898 2187 1123 2244; x_wconf 83' lang='lat' dir='ltr'><strong>emptus,</strong></span> <span class='ocrx_word' id='word_1_151' title='bbox 1156 2188 1205 2230; x_wconf 86' lang='lat' dir='ltr'><strong>et</strong></span> <span class='ocrx_word' id='word_1_152' title='bbox 1239 2193 1343 2230; x_wconf 87' lang='lat' dir='ltr'><strong>non</strong></span> <span class='ocrx_word' id='word_1_153' title='bbox 1375 2178 1439 2230; x_wconf 89' lang='lat' dir='ltr'><strong>de</strong></span> <span class='ocrx_word' id='word_1_154' title='bbox 1489 2178 1813 2247; x_wconf 77' lang='lat' dir='ltr'><strong>possessione</strong></span> <span class='ocrx_word' id='word_1_155' title='bbox 1864 2179 2130 2249; x_wconf 79' lang='lat' dir='ltr'><strong>majorum</strong></span> 
     </span>
    </p>
   </div>
   <div class='ocr_carea' id='block_1_23' title="bbox 551 2270 2132 2340">
    <p class='ocr_par' dir='ltr' id='par_1_23' title="bbox 551 2270 2132 2340">
     <span class='ocr_line' id='line_1_23' title="bbox 551 2270 2132 2340; baseline 0.004 -18"><span class='ocrx_word' id='word_1_156' title='bbox 551 2270 914 2339; x_wconf 77' lang='lat' dir='ltr'><strong>sanctiﬁcatus</strong></span> <span class='ocrx_word' id='word_1_157' title='bbox 978 2271 1137 2340; x_wconf 76' lang='lat' dir='ltr'><strong>fuerit</strong></span> <span class='ocrx_word' id='word_1_158' title='bbox 1217 2270 1470 2336; x_wconf 83' lang='lat' dir='ltr'><strong>Domino,</strong></span> <span class='ocrx_word' id='word_1_159' title='bbox 1528 2272 1833 2340; x_wconf 84' lang='lat' dir='ltr'><strong>supputabit</strong></span> <span class='ocrx_word' id='word_1_160' title='bbox 1890 2276 2132 2329; x_wconf 80' lang='lat' dir='ltr'><strong>sacerdos</strong></span> 
     </span>
    </p>
   </div>
   <div class='ocr_carea' id='block_1_24' title="bbox 543 2362 2129 2439">
    <p class='ocr_par' dir='ltr' id='par_1_24' title="bbox 543 2362 2129 2439">
     <span class='ocr_line' id='line_1_24' title="bbox 543 2362 2129 2439; baseline 0.006 -24"><span class='ocrx_word' id='word_1_161' title='bbox 543 2362 704 2430; x_wconf 72' lang='lat' dir='ltr'><strong>juxta</strong></span> <span class='ocrx_word' id='word_1_162' title='bbox 734 2378 995 2416; x_wconf 85' lang='lat' dir='ltr'><strong>annorum</strong></span> <span class='ocrx_word' id='word_1_163' title='bbox 1027 2379 1302 2417; x_wconf 84' lang='lat' dir='ltr'><strong>numerum</strong></span> <span class='ocrx_word' id='word_1_164' title='bbox 1323 2379 1485 2434; x_wconf 81' lang='lat' dir='ltr'><strong>usque</strong></span> <span class='ocrx_word' id='word_1_165' title='bbox 1515 2366 1587 2418; x_wconf 88' lang='lat' dir='ltr'><strong>ad</strong></span> <span class='ocrx_word' id='word_1_166' title='bbox 1607 2363 1908 2420; x_wconf 76' lang='lat' dir='ltr'><strong>Jubilwum.</strong></span> <span class='ocrx_word' id='word_1_167' title='bbox 1927 2369 2129 2439; x_wconf 82' lang='lat' dir='ltr'><strong>Agrum</strong></span> 
     </span>
    </p>
   </div>
   <div class='ocr_carea' id='block_1_25' title="bbox 551 2452 2131 2527">
    <p class='ocr_par' dir='ltr' id='par_1_25' title="bbox 551 2452 2131 2527">
     <span class='ocr_line' id='line_1_25' title="bbox 551 2452 2131 2527; baseline 0.006 -21"><span class='ocrx_word' id='word_1_168' title='bbox 551 2455 641 2523; x_wconf 86' lang='lat' dir='ltr'><strong>qui</strong></span> <span class='ocrx_word' id='word_1_169' title='bbox 674 2452 917 2523; x_wconf 88' lang='lat' dir='ltr'><strong>possidet</strong></span> <span class='ocrx_word' id='word_1_170' title='bbox 954 2468 1119 2523; x_wconf 89' lang='lat' dir='ltr'><strong>quem</strong></span> <span class='ocrx_word' id='word_1_171' title='bbox 1135 2454 1290 2519; x_wconf 90' lang='lat' dir='ltr'><strong>emit,</strong></span> <span class='ocrx_word' id='word_1_172' title='bbox 1329 2463 1387 2509; x_wconf 91' lang='lat' dir='ltr'><strong>et</strong></span> <span class='ocrx_word' id='word_1_173' title='bbox 1422 2469 1535 2510; x_wconf 91' lang='lat' dir='ltr'><strong>non</strong></span> <span class='ocrx_word' id='word_1_174' title='bbox 1567 2464 1785 2511; x_wconf 75' lang='lat' dir='ltr'><strong>estsua:</strong></span> <span class='ocrx_word' id='word_1_175' title='bbox 1828 2460 2131 2527; x_wconf 90' lang='lat' dir='ltr'><strong>possessio-</strong></span> 
     </span>
    </p>
   </div>
   <div class='ocr_carea' id='block_1_26' title="bbox 551 2544 2132 2618">
    <p class='ocr_par' dir='ltr' id='par_1_26' title="bbox 551 2544 2132 2618">
     <span class='ocr_line' id='line_1_26' title="bbox 551 2544 2132 2618; baseline 0.006 -20"><span class='ocrx_word' id='word_1_176' title='bbox 551 2545 661 2610; x_wconf 87' lang='lat' dir='ltr'><strong>nis,</strong></span> <span class='ocrx_word' id='word_1_177' title='bbox 695 2545 740 2599; x_wconf 90' lang='lat' dir='ltr'><strong>is</strong></span> <span class='ocrx_word' id='word_1_178' title='bbox 794 2544 887 2615; x_wconf 86' lang='lat' dir='ltr'><strong>qui</strong></span> <span class='ocrx_word' id='word_1_179' title='bbox 940 2544 1336 2616; x_wconf 88' lang='lat' dir='ltr'><strong>intelligibilem</strong></span> <span class='ocrx_word' id='word_1_180' title='bbox 1398 2556 1777 2616; x_wconf 86' lang='lat' dir='ltr'><strong>paupertatem</strong></span> <span class='ocrx_word' id='word_1_181' title='bbox 1829 2550 2132 2618; x_wconf 90' lang='lat' dir='ltr'><strong>patientem</strong></span> 
     </span>
    </p>
   </div>
   <div class='ocr_carea' id='block_1_27' title="bbox 551 2634 2127 2717">
    <p class='ocr_par' dir='ltr' id='par_1_27' title="bbox 551 2634 2127 2717">
     <span class='ocr_line' id='line_1_27' title="bbox 551 2634 2127 2717; baseline 0.005 -27"><span class='ocrx_word' id='word_1_182' title='bbox 551 2634 830 2691; x_wconf 74' lang='lat' dir='ltr'><strong>exhortari</strong></span> <span class='ocrx_word' id='word_1_183' title='bbox 857 2634 1021 2697; x_wconf 90' lang='lat' dir='ltr'><strong>valet,</strong></span> <span class='ocrx_word' id='word_1_184' title='bbox 1057 2649 1401 2705; x_wconf 88' lang='lat' dir='ltr'><strong>arguereque</strong></span> <span class='ocrx_word' id='word_1_185' title='bbox 1426 2651 1572 2702; x_wconf 82' lang='lat' dir='ltr'><strong>eum,</strong></span> <span class='ocrx_word' id='word_1_186' title='bbox 1602 2646 1771 2717; x_wconf 69' lang='lat' dir='ltr'><strong>atque</strong></span> <span class='ocrx_word' id='word_1_187' title='bbox 1813 2655 2032 2697; x_wconf 87' lang='lat' dir='ltr'><strong>movere</strong></span> <span class='ocrx_word' id='word_1_188' title='bbox 2060 2642 2127 2697; x_wconf 90' lang='lat' dir='ltr'><strong>ad</strong></span> 
     </span>
    </p>
   </div>
   <div class='ocr_carea' id='block_1_28' title="bbox 554 2727 2129 2804">
    <p class='ocr_par' dir='ltr' id='par_1_28' title="bbox 554 2727 2129 2804">
     <span class='ocr_line' id='line_1_28' title="bbox 554 2727 2129 2804; baseline 0.006 -23"><span class='ocrx_word' id='word_1_189' title='bbox 554 2727 971 2795; x_wconf 67' lang='lat' dir='ltr'><strong>paenitentiam:</strong></span> <span class='ocrx_word' id='word_1_190' title='bbox 1015 2727 1408 2796; x_wconf 81' lang='lat' dir='ltr'><strong>intelligibilem</strong></span> <span class='ocrx_word' id='word_1_191' title='bbox 1465 2729 1609 2784; x_wconf 91' lang='lat' dir='ltr'><strong>enim</strong></span> <span class='ocrx_word' id='word_1_192' title='bbox 1675 2740 1911 2799; x_wconf 89' lang='lat' dir='ltr'><strong>terram,</strong></span> <span class='ocrx_word' id='word_1_193' title='bbox 1966 2750 2129 2804; x_wconf 88' lang='lat' dir='ltr'><strong>quam</strong></span> 
     </span>
    </p>
   </div>
   <div class='ocr_carea' id='block_1_29' title="bbox 556 2816 2131 2894">
    <p class='ocr_par' dir='ltr' id='par_1_29' title="bbox 556 2816 2131 2894">
     <span class='ocr_line' id='line_1_29' title="bbox 556 2816 2131 2894; baseline 0.005 -22"><span class='ocrx_word' id='word_1_194' title='bbox 556 2818 647 2872; x_wconf 88' lang='lat' dir='ltr'><strong>ille</strong></span> <span class='ocrx_word' id='word_1_195' title='bbox 672 2816 1011 2888; x_wconf 88' lang='lat' dir='ltr'><strong>possidebat,</strong></span> <span class='ocrx_word' id='word_1_196' title='bbox 1043 2817 1112 2871; x_wconf 89' lang='lat' dir='ltr'><strong>de</strong></span> <span class='ocrx_word' id='word_1_197' title='bbox 1157 2832 1266 2886; x_wconf 90' lang='lat' dir='ltr'><strong>qua</strong></span> <span class='ocrx_word' id='word_1_198' title='bbox 1322 2817 1489 2874; x_wconf 86' lang='lat' dir='ltr'><strong>David</strong></span> <span class='ocrx_word' id='word_1_199' title='bbox 1548 2820 1848 2889; x_wconf 89' lang='lat' dir='ltr'><strong>psallebat:</strong></span> <span class='ocrx_word' id='word_1_200' title='bbox 1898 2822 2131 2894; x_wconf 81' lang='lat' dir='ltr'><strong>Spiritus</strong></span> 
     </span>
    </p>
   </div>
   <div class='ocr_carea' id='block_1_30' title="bbox 553 2910 2132 2987">
    <p class='ocr_par' dir='ltr' id='par_1_30' title="bbox 553 2910 2132 2987">
     <span class='ocr_line' id='line_1_30' title="bbox 553 2910 2132 2987; baseline 0.005 -23"><span class='ocrx_word' id='word_1_201' title='bbox 553 2921 673 2965; x_wconf 86' lang='lat' dir='ltr'><strong>tuus</strong></span> <span class='ocrx_word' id='word_1_202' title='bbox 725 2919 940 2964; x_wconf 84' lang='lat' dir='ltr'><strong>sanctus</strong></span> <span class='ocrx_word' id='word_1_203' title='bbox 966 2911 1183 2964; x_wconf 82' lang='lat' dir='ltr'><strong>deducet</strong></span> <span class='ocrx_word' id='word_1_204' title='bbox 1213 2927 1296 2964; x_wconf 90' lang='lat' dir='ltr'><strong>me</strong></span> <span class='ocrx_word' id='word_1_205' title='bbox 1342 2910 1398 2963; x_wconf 89' lang='lat' dir='ltr'><strong>in</strong></span> <span class='ocrx_word' id='word_1_206' title='bbox 1430 2923 1631 2966; x_wconf 89' lang='lat' dir='ltr'><strong>terram</strong></span> <span class='ocrx_word' id='word_1_207' title='bbox 1682 2924 1884 2968; x_wconf 87' lang='lat' dir='ltr'><strong>rectam</strong></span> <span class='ocrx_word' id='word_1_208' title='bbox 1901 2917 1969 2982; x_wconf 69' lang='grc'><strong>⁸⁷,</strong></span> <span class='ocrx_word' id='word_1_209' title='bbox 2014 2917 2132 2987; x_wconf 86' lang='lat' dir='ltr'><strong>ipse</strong></span> 
     </span>
    </p>
   </div>
   <div class='ocr_carea' id='block_1_31' title="bbox 551 3001 2128 3078">
    <p class='ocr_par' dir='ltr' id='par_1_31' title="bbox 551 3001 2128 3078">
     <span class='ocr_line' id='line_1_31' title="bbox 551 3001 2128 3078; baseline 0.004 -23"><span class='ocrx_word' id='word_1_210' title='bbox 551 3001 947 3071; x_wconf 80' lang='lat' dir='ltr'><strong>possidet,’non</strong></span> <span class='ocrx_word' id='word_1_211' title='bbox 972 3001 1298 3071; x_wconf 89' lang='lat' dir='ltr'><strong>permittens</strong></span> <span class='ocrx_word' id='word_1_212' title='bbox 1314 3017 1434 3056; x_wconf 88' lang='lat' dir='ltr'><strong>eam</strong></span> <span class='ocrx_word' id='word_1_213' title='bbox 1446 3017 1570 3071; x_wconf 81' lang='lat' dir='ltr'><strong>quae</strong></span> <span class='ocrx_word' id='word_1_214' title='bbox 1598 3019 1666 3058; x_wconf 80' lang='lat' dir='ltr'><strong>ex</strong></span> <span class='ocrx_word' id='word_1_215' title='bbox 1684 3014 1798 3060; x_wconf 92' lang='lat' dir='ltr'><strong>toto</strong></span> <span class='ocrx_word' id='word_1_216' title='bbox 1826 3009 2128 3078; x_wconf 88' lang='lat' dir='ltr'><strong>corrumpi,</strong></span> 
     </span>
    </p>
   </div>
   <div class='ocr_carea' id='block_1_32' title="bbox 2249 541 3675 625">
    <p class='ocr_par' dir='ltr' id='par_1_32' title="bbox 2249 541 3675 625">
     <span class='ocr_line' id='line_1_32' title="bbox 2249 541 3675 625; baseline 0.012 -32"><span class='ocrx_word' id='word_1_217' title='bbox 2249 541 2407 595; x_wconf 88' lang='lat' dir='ltr'><strong>redde</strong></span> <span class='ocrx_word' id='word_1_218' title='bbox 2421 541 2488 606; x_wconf 71' lang='grc'><strong>⁸⁸,</strong></span> <span class='ocrx_word' id='word_1_219' title='bbox 2519 543 2606 598; x_wconf 85' lang='lat' dir='ltr'><strong>vel</strong></span> <span class='ocrx_word' id='word_1_220' title='bbox 2636 543 2784 598; x_wconf 88' lang='lat' dir='ltr'><strong>sicut</strong></span> <span class='ocrx_word' id='word_1_221' title='bbox 2813 542 2974 609; x_wconf 83' lang='lat' dir='ltr'><strong>LXX,</strong></span> <span class='ocrx_word' id='word_1_222' title='bbox 2998 545 3186 605; x_wconf 83' lang='lat' dir='ltr'><strong>reddet.</strong></span> <span class='ocrx_word' id='word_1_223' title='bbox 3215 560 3330 610; x_wconf 91' lang='lat' dir='ltr'><strong>non,</strong></span> <span class='ocrx_word' id='word_1_224' title='bbox 3360 550 3549 608; x_wconf 77' lang='lat' dir='ltr'><strong>reddent:</strong></span> <span class='ocrx_word' id='word_1_225' title='bbox 3567 571 3632 611; x_wconf 78' lang='lat' dir='ltr'><strong>nan</strong></span> 
     </span>
    </p>
   </div>
   <div class='ocr_carea' id='block_1_33' title="bbox 2245 633 3675 713">
    <p class='ocr_par' dir='ltr' id='par_1_33' title="bbox 2245 633 3675 713">
     <span class='ocr_line' id='line_1_33' title="bbox 2245 633 3675 713; baseline 0.01 -28"><span class='ocrx_word' id='word_1_226' title='bbox 2245 633 2349 686; x_wconf 83' lang='lat' dir='ltr'><strong>etsi</strong></span> <span class='ocrx_word' id='word_1_227' title='bbox 2374 633 2650 688; x_wconf 87' lang='lat' dir='ltr'><strong>communi</strong></span> <span class='ocrx_word' id='word_1_228' title='bbox 2677 634 2909 689; x_wconf 88' lang='lat' dir='ltr'><strong>consilio</strong></span> <span class='ocrx_word' id='word_1_229' title='bbox 2924 635 3224 700; x_wconf 87' lang='lat' dir='ltr'><strong>sacerdotis,</strong></span> <span class='ocrx_word' id='word_1_230' title='bbox 3262 645 3309 691; x_wconf 89' lang='lat' dir='ltr'><strong>et</strong></span> <span class='ocrx_word' id='word_1_231' title='bbox 3328 639 3426 707; x_wconf 86' lang='lat' dir='ltr'><strong>ejus</strong></span> <span class='ocrx_word' id='word_1_232' title='bbox 3448 643 3513 710; x_wconf 85' lang='lat' dir='ltr'><strong>qui</strong></span> <span class='ocrx_word' id='word_1_233' title='bbox 3542 647 3631 700; x_wconf 70' lang='lat' dir='ltr'><strong>movit</strong></span> <span class='ocrx_word' id='word_1_234' title='bbox 3674 710 3675 713; x_wconf 23' lang='grc' dir='ltr'><strong>η</strong></span> 
     </span>
    </p>
   </div>
   <div class='ocr_carea' id='block_1_34' title="bbox 2245 716 3675 797">
    <p class='ocr_par' dir='ltr' id='par_1_34' title="bbox 2245 716 3675 797">
     <span class='ocr_line' id='line_1_34' title="bbox 2245 716 3675 797; baseline 0.008 -19"><span class='ocrx_word' id='word_1_235' title='bbox 2245 735 2593 793; x_wconf 84' lang='lat' dir='ltr'><strong>peccatorcm</strong></span> <span class='ocrx_word' id='word_1_236' title='bbox 2614 726 2682 782; x_wconf 88' lang='lat' dir='ltr'><strong>ad</strong></span> <span class='ocrx_word' id='word_1_237' title='bbox 2718 726 3115 797; x_wconf 77' lang='lat' dir='ltr'><strong>ptenitentiam,</strong></span> <span class='ocrx_word' id='word_1_238' title='bbox 3145 727 3209 782; x_wconf 91' lang='lat' dir='ltr'><strong>de</strong></span> <span class='ocrx_word' id='word_1_239' title='bbox 3245 744 3301 783; x_wconf 86' lang='lat' dir='ltr'><strong>ea</strong></span> <span class='ocrx_word' id='word_1_240' title='bbox 3352 730 3533 787; x_wconf 87' lang='lat' dir='ltr'><strong>deﬁnitio</strong></span> <span class='ocrx_word' id='word_1_241' title='bbox 3562 751 3631 788; x_wconf 68' lang='grc' dir='ltr'><strong>ωε·</strong></span> <span class='ocrx_word' id='word_1_242' title='bbox 3674 716 3675 731; x_wconf 35' lang='grc'><em>“</em></span> 
     </span>
    </p>
   </div>
   <div class='ocr_carea' id='block_1_35' title="bbox 2245 812 3630 885">
    <p class='ocr_par' dir='ltr' id='par_1_35' title="bbox 2245 812 3630 885">
     <span class='ocr_line' id='line_1_35' title="bbox 2245 812 3630 885; baseline 0.007 -18"><span class='ocrx_word' id='word_1_243' title='bbox 2245 812 2524 878; x_wconf 88' lang='lat' dir='ltr'><strong>stituitur,</strong></span> <span class='ocrx_word' id='word_1_244' title='bbox 2557 831 2679 885; x_wconf 74' lang='lat' dir='ltr'><strong>qua:</strong></span> <span class='ocrx_word' id='word_1_245' title='bbox 2726 817 3061 882; x_wconf 55' lang='lat' dir='ltr'><strong>aestimatur,</strong></span> <span class='ocrx_word' id='word_1_246' title='bbox 3113 827 3435 874; x_wconf 82' lang='lat' dir='ltr'><strong>verumtamen</strong></span> <span class='ocrx_word' id='word_1_247' title='bbox 3474 821 3534 875; x_wconf 86' lang='lat' dir='ltr'><strong>ille</strong></span> <span class='ocrx_word' id='word_1_248' title='bbox 3567 840 3630 877; x_wconf 81' lang='lat' dir='ltr'><strong>eun</strong></span> 
     </span>
    </p>
   </div>
   <div class='ocr_carea' id='block_1_36' title="bbox 2243 904 3627 981">
    <p class='ocr_par' dir='ltr' id='par_1_36' title="bbox 2243 904 3627 981">
     <span class='ocr_line' id='line_1_36' title="bbox 2243 904 3627 981; baseline 0.006 -22"><span class='ocrx_word' id='word_1_249' title='bbox 2243 904 2457 970; x_wconf 75' lang='lat' dir='ltr'><strong>efferat,</strong></span> <span class='ocrx_word' id='word_1_250' title='bbox 2515 907 2609 977; x_wconf 90' lang='lat' dir='ltr'><strong>qui</strong></span> <span class='ocrx_word' id='word_1_251' title='bbox 2669 906 2896 962; x_wconf 83' lang='lat' dir='ltr'><strong>fratrem</strong></span> <span class='ocrx_word' id='word_1_252' title='bbox 2950 907 3245 977; x_wconf 88' lang='lat' dir='ltr'><strong>culpantem</strong></span> <span class='ocrx_word' id='word_1_253' title='bbox 3284 911 3509 981; x_wconf 82' lang='lat' dir='ltr'><strong>compungi</strong></span> <span class='ocrx_word' id='word_1_254' title='bbox 3547 912 3627 967; x_wconf 79' lang='lat' dir='ltr'><strong>iecit:</strong></span> 
     </span>
    </p>
   </div>
   <div class='ocr_carea' id='block_1_37' title="bbox 2243 994 3629 1070">
    <p class='ocr_par' dir='ltr' id='par_1_37' title="bbox 2243 994 3629 1070">
     <span class='ocr_line' id='line_1_37' title="bbox 2243 994 3629 1070; baseline 0.005 -21"><span class='ocrx_word' id='word_1_255' title='bbox 2243 994 2372 1052; x_wconf 88' lang='lat' dir='ltr'><strong>huic</strong></span> <span class='ocrx_word' id='word_1_256' title='bbox 2402 997 2548 1053; x_wconf 89' lang='lat' dir='ltr'><strong>enim</strong></span> <span class='ocrx_word' id='word_1_257' title='bbox 2577 998 2892 1063; x_wconf 89' lang='lat' dir='ltr'><strong>etobediet,</strong></span> <span class='ocrx_word' id='word_1_258' title='bbox 2921 997 3015 1053; x_wconf 88' lang='lat' dir='ltr'><strong>sed</strong></span> <span class='ocrx_word' id='word_1_259' title='bbox 3041 1006 3094 1052; x_wconf 91' lang='lat' dir='ltr'><strong>et</strong></span> <span class='ocrx_word' id='word_1_260' title='bbox 3112 999 3220 1068; x_wconf 90' lang='lat' dir='ltr'><strong>ipse</strong></span> <span class='ocrx_word' id='word_1_261' title='bbox 3238 998 3461 1070; x_wconf 72' lang='lat' dir='ltr'><strong>obligatur</strong></span> <span class='ocrx_word' id='word_1_262' title='bbox 3478 1003 3516 1054; x_wconf 89' lang='lat' dir='ltr'><strong>in</strong></span> <span class='ocrx_word' id='word_1_263' title='bbox 3532 1018 3629 1056; x_wconf 76' lang='lat' dir='ltr'><strong>cntu-</strong></span> 
     </span>
    </p>
   </div>
   <div class='ocr_carea' id='block_1_38' title="bbox 2242 1088 3627 1161">
    <p class='ocr_par' dir='ltr' id='par_1_38' title="bbox 2242 1088 3627 1161">
     <span class='ocr_line' id='line_1_38' title="bbox 2242 1088 3627 1161; baseline 0.001 -17"><span class='ocrx_word' id='word_1_264' title='bbox 2242 1089 2522 1144; x_wconf 84' lang='lat' dir='ltr'><strong>dationem</strong></span> <span class='ocrx_word' id='word_1_265' title='bbox 2564 1088 2697 1160; x_wconf 83' lang='lat' dir='ltr'><strong>‘ejus</strong></span> <span class='ocrx_word' id='word_1_266' title='bbox 2745 1089 2838 1159; x_wconf 87' lang='lat' dir='ltr'><strong>qui</strong></span> <span class='ocrx_word' id='word_1_267' title='bbox 2887 1089 3245 1158; x_wconf 75' lang='lat' dir='ltr'><strong>pcenitentiam</strong></span> <span class='ocrx_word' id='word_1_268' title='bbox 3297 1091 3627 1161; x_wconf 76' lang='lat' dir='ltr'><strong>agit,utpoleqti</strong></span> 
     </span>
    </p>
   </div>
   <div class='ocr_carea' id='block_1_39' title="bbox 2241 1179 3626 1250">
    <p class='ocr_par' dir='ltr' id='par_1_39' title="bbox 2241 1179 3626 1250">
     <span class='ocr_line' id='line_1_39' title="bbox 2241 1179 3626 1250; baseline -0.001 -13"><span class='ocrx_word' id='word_1_269' title='bbox 2241 1181 2410 1237; x_wconf 87' lang='lat' dir='ltr'><strong>semel</strong></span> <span class='ocrx_word' id='word_1_270' title='bbox 2455 1180 2579 1250; x_wconf 89' lang='lat' dir='ltr'><strong>ejus</strong></span> <span class='ocrx_word' id='word_1_271' title='bbox 2600 1179 2961 1235; x_wconf 87' lang='lat' dir='ltr'><strong>correctionis</strong></span> <span class='ocrx_word' id='word_1_272' title='bbox 2988 1179 3113 1235; x_wconf 82' lang='lat' dir='ltr'><strong>fecit</strong></span> <span class='ocrx_word' id='word_1_273' title='bbox 3145 1181 3409 1234; x_wconf 79' lang='lat' dir='ltr'><strong>exordium.</strong></span> <span class='ocrx_word' id='word_1_274' title='bbox 3437 1180 3508 1246; x_wconf 84' lang='lat' dir='ltr'><strong>Qui</strong></span> <span class='ocrx_word' id='word_1_275' title='bbox 3533 1192 3626 1236; x_wconf 74' lang='lat' dir='ltr'><strong>auten</strong></span> 
     </span>
    </p>
   </div>
   <div class='ocr_carea' id='block_1_40' title="bbox 2241 1271 3626 1341">
    <p class='ocr_par' dir='ltr' id='par_1_40' title="bbox 2241 1271 3626 1341">
     <span class='ocr_line' id='line_1_40' title="bbox 2241 1271 3626 1341; baseline -0.002 -13"><span class='ocrx_word' id='word_1_276' title='bbox 2241 1289 2353 1328; x_wconf 83' lang='lat' dir='ltr'><strong>non</strong></span> <span class='ocrx_word' id='word_1_277' title='bbox 2379 1272 2548 1337; x_wconf 85' lang='lat' dir='ltr'><strong>illico,</strong></span> <span class='ocrx_word' id='word_1_278' title='bbox 2576 1288 2702 1328; x_wconf 89' lang='lat' dir='ltr'><strong>cum</strong></span> <span class='ocrx_word' id='word_1_279' title='bbox 2723 1271 2981 1328; x_wconf 87' lang='lat' dir='ltr'><strong>deﬁnitur</strong></span> <span class='ocrx_word' id='word_1_280' title='bbox 3003 1272 3534 1341; x_wconf 67' lang='lat' dir='ltr'><strong>pmnitentia,p(enitens</strong></span> <span class='ocrx_word' id='word_1_281' title='bbox 3548 1289 3626 1326; x_wconf 71' lang='lat' dir='ltr'><strong>nn</strong></span> 
     </span>
    </p>
   </div>
   <div class='ocr_carea' id='block_1_41' title="bbox 2238 1362 3627 1436">
    <p class='ocr_par' dir='ltr' id='par_1_41' title="bbox 2238 1362 3627 1436">
     <span class='ocr_line' id='line_1_41' title="bbox 2238 1362 3627 1436; baseline -0.002 -16"><span class='ocrx_word' id='word_1_282' title='bbox 2238 1367 2423 1433; x_wconf 87' lang='lat' dir='ltr'><strong>datur,</strong></span> <span class='ocrx_word' id='word_1_283' title='bbox 2458 1365 2555 1422; x_wconf 90' lang='lat' dir='ltr'><strong>sed</strong></span> <span class='ocrx_word' id='word_1_284' title='bbox 2583 1366 2804 1436; x_wconf 86' lang='lat' dir='ltr'><strong>quando</strong></span> <span class='ocrx_word' id='word_1_285' title='bbox 2833 1380 2954 1421; x_wconf 87' lang='lat' dir='ltr'><strong>eam</strong></span> <span class='ocrx_word' id='word_1_286' title='bbox 2985 1363 3264 1435; x_wconf 90' lang='lat' dir='ltr'><strong>perfectam</strong></span> <span class='ocrx_word' id='word_1_287' title='bbox 3288 1362 3445 1434; x_wconf 83' lang='lat' dir='ltr'><strong>egerit,</strong></span> <span class='ocrx_word' id='word_1_288' title='bbox 3463 1372 3627 1433; x_wconf 71' lang='lat' dir='ltr'><strong>proptere</strong></span> 
     </span>
    </p>
   </div>
   <div class='ocr_carea' id='block_1_42' title="bbox 2239 1459 2348 1513">
    <p class='ocr_par' dir='ltr' id='par_1_42' title="bbox 2239 1459 2348 1513">
     <span class='ocr_line' id='line_1_42' title="bbox 2239 1459 2348 1513; baseline 0 0"><span class='ocrx_word' id='word_1_289' title='bbox 2239 1459 2348 1513; x_wconf 87' lang='lat' dir='ltr'><strong>ait:</strong></span> 
     </span>
    </p>
   </div>
   <div class='ocr_carea' id='block_1_43' title="bbox 2310 1546 3627 1628">
    <p class='ocr_par' dir='ltr' id='par_1_43' title="bbox 2310 1546 3627 1628">
     <span class='ocr_line' id='line_1_43' title="bbox 2310 1546 3627 1628; baseline -0.005 -25"><span class='ocrx_word' id='word_1_290' title='bbox 2310 1549 2377 1603; x_wconf 88' lang='lat' dir='ltr'><strong>In</strong></span> <span class='ocrx_word' id='word_1_291' title='bbox 2402 1549 2628 1606; x_wconf 69' lang='lat' dir='ltr'><strong>Jubitaro</strong></span> <span class='ocrx_word' id='word_1_292' title='bbox 2653 1559 2837 1605; x_wconf 85' lang='lat' dir='ltr'><strong>autem</strong></span> <span class='ocrx_word' id='word_1_293' title='bbox 2860 1558 3142 1604; x_wconf 79' lang='lat' dir='ltr'><strong>revertetur</strong></span> <span class='ocrx_word' id='word_1_294' title='bbox 3168 1549 3255 1628; x_wconf 33' lang='lat' dir='ltr'><strong>ad.</strong></span> <span class='ocrx_word' id='word_1_295' title='bbox 3272 1547 3457 1617; x_wconf 77' lang='lat' dir='ltr'><strong>priorem</strong></span> <span class='ocrx_word' id='word_1_296' title='bbox 3472 1546 3627 1598; x_wconf 75' lang='lat' dir='ltr'><strong>donius</strong></span> 
     </span>
    </p>
   </div>
   <div class='ocr_carea' id='block_1_44' title="bbox 2239 1636 3626 1712">
    <p class='ocr_par' dir='ltr' id='par_1_44' title="bbox 2239 1636 3626 1712">
     <span class='ocr_line' id='line_1_44' title="bbox 2239 1636 3626 1712; baseline -0.005 -19"><span class='ocrx_word' id='word_1_297' title='bbox 2239 1642 2328 1712; x_wconf 84' lang='lat' dir='ltr'><strong>qui</strong></span> <span class='ocrx_word' id='word_1_298' title='bbox 2356 1642 2663 1696; x_wconf 77' lang='lat' dir='ltr'><strong>vendiderat</strong></span> <span class='ocrx_word' id='word_1_299' title='bbox 2722 1658 2862 1695; x_wconf 87' lang='lat' dir='ltr'><strong>eum.</strong></span> <span class='ocrx_word' id='word_1_300' title='bbox 2898 1639 3039 1712; x_wconf 88' lang='lat' dir='ltr'><strong>Ergo</strong></span> <span class='ocrx_word' id='word_1_301' title='bbox 3094 1638 3319 1695; x_wconf 91' lang='lat' dir='ltr'><strong>deﬁnitio</strong></span> <span class='ocrx_word' id='word_1_302' title='bbox 3343 1636 3578 1707; x_wconf 67' lang='lat' dir='ltr'><strong>paenitentis</strong></span> <span class='ocrx_word' id='word_1_303' title='bbox 3601 1636 3626 1686; x_wconf 76' lang='lat' dir='ltr'><strong>in</strong></span> 
     </span>
    </p>
   </div>
   <div class='ocr_carea' id='block_1_45' title="bbox 2240 1728 3625 1800">
    <p class='ocr_par' dir='ltr' id='par_1_45' title="bbox 2240 1728 3625 1800">
     <span class='ocr_line' id='line_1_45' title="bbox 2240 1728 3625 1800; baseline -0.005 -13"><span class='ocrx_word' id='word_1_304' title='bbox 2240 1734 2331 1787; x_wconf 89' lang='lat' dir='ltr'><strong>illa</strong></span> <span class='ocrx_word' id='word_1_305' title='bbox 2365 1733 2453 1789; x_wconf 90' lang='lat' dir='ltr'><strong>die</strong></span> <span class='ocrx_word' id='word_1_306' title='bbox 2501 1743 2690 1789; x_wconf 88' lang='lat' dir='ltr'><strong>sancta</strong></span> <span class='ocrx_word' id='word_1_307' title='bbox 2743 1748 2868 1787; x_wconf 77' lang='lat' dir='ltr'><strong>mox</strong></span> <span class='ocrx_word' id='word_1_308' title='bbox 2908 1733 3037 1798; x_wconf 83' lang='lat' dir='ltr'><strong>ﬁet,</strong></span> <span class='ocrx_word' id='word_1_309' title='bbox 3088 1733 3142 1786; x_wconf 90' lang='lat' dir='ltr'><strong>in</strong></span> <span class='ocrx_word' id='word_1_310' title='bbox 3189 1745 3284 1800; x_wconf 86' lang='lat' dir='ltr'><strong>qua</strong></span> <span class='ocrx_word' id='word_1_311' title='bbox 3324 1745 3350 1784; x_wconf 83' lang='lat' dir='ltr'><strong>a</strong></span> <span class='ocrx_word' id='word_1_312' title='bbox 3390 1728 3625 1783; x_wconf 65' lang='lat' dir='ltr'><strong>sacerdotes</strong></span> 
     </span>
    </p>
   </div>
   <div class='ocr_carea' id='block_1_46' title="bbox 2239 1820 3627 1893">
    <p class='ocr_par' dir='ltr' id='par_1_46' title="bbox 2239 1820 3627 1893">
     <span class='ocr_line' id='line_1_46' title="bbox 2239 1820 3627 1893; baseline -0.004 -18"><span class='ocrx_word' id='word_1_313' title='bbox 2239 1822 2592 1875; x_wconf 78' lang='lat' dir='ltr'><strong>exltortatore</strong></span> <span class='ocrx_word' id='word_1_314' title='bbox 2622 1823 2743 1891; x_wconf 91' lang='lat' dir='ltr'><strong>ejus</strong></span> <span class='ocrx_word' id='word_1_315' title='bbox 2772 1822 2864 1891; x_wconf 89' lang='lat' dir='ltr'><strong>qui</strong></span> <span class='ocrx_word' id='word_1_316' title='bbox 2890 1820 3255 1893; x_wconf 73' lang='lat' dir='ltr'><strong>paenitentiam</strong></span> <span class='ocrx_word' id='word_1_317' title='bbox 3280 1826 3460 1872; x_wconf 86' lang='lat' dir='ltr'><strong>acturus</strong></span> <span class='ocrx_word' id='word_1_318' title='bbox 3485 1826 3559 1871; x_wconf 76' lang='lat' dir='ltr'><strong>erat</strong></span> <span class='ocrx_word' id='word_1_319' title='bbox 3581 1830 3627 1883; x_wconf 65' lang='lat' dir='ltr'><strong>pc:</strong></span> 
     </span>
    </p>
   </div>
   <div class='ocr_carea' id='block_1_47' title="bbox 2236 1910 3625 1982">
    <p class='ocr_par' dir='ltr' id='par_1_47' title="bbox 2236 1910 3625 1982">
     <span class='ocr_line' id='line_1_47' title="bbox 2236 1910 3625 1982; baseline -0.004 -16"><span class='ocrx_word' id='word_1_320' title='bbox 2236 1911 2476 1967; x_wconf 86' lang='lat' dir='ltr'><strong>divinam</strong></span> <span class='ocrx_word' id='word_1_321' title='bbox 2501 1911 2840 1982; x_wconf 88' lang='lat' dir='ltr'><strong>Scripturam</strong></span> <span class='ocrx_word' id='word_1_322' title='bbox 2859 1953 2875 1980; x_wconf 89' lang='lat'><strong>,</strong></span> <span class='ocrx_word' id='word_1_323' title='bbox 2904 1911 3176 1982; x_wconf 89' lang='lat' dir='ltr'><strong>quomodo</strong></span> <span class='ocrx_word' id='word_1_324' title='bbox 3214 1926 3320 1965; x_wconf 85' lang='lat' dir='ltr'><strong>eam</strong></span> <span class='ocrx_word' id='word_1_325' title='bbox 3355 1910 3501 1964; x_wconf 79' lang='lat' dir='ltr'><strong>debeat</strong></span> <span class='ocrx_word' id='word_1_326' title='bbox 3532 1920 3625 1975; x_wconf 66' lang='lat' dir='ltr'><strong>agerc.</strong></span> 
     </span>
    </p>
   </div>
   <div class='ocr_carea' id='block_1_48' title="bbox 2233 1995 3624 2073">
    <p class='ocr_par' dir='ltr' id='par_1_48' title="bbox 2233 1995 3624 2073">
     <span class='ocr_line' id='line_1_48' title="bbox 2233 1995 3624 2073; baseline -0.009 -13"><span class='ocrx_word' id='word_1_327' title='bbox 2233 2006 2559 2060; x_wconf 75' lang='lat' dir='ltr'><strong>aestimatur.</strong></span> <span class='ocrx_word' id='word_1_328' title='bbox 2619 2003 2777 2059; x_wconf 88' lang='lat' dir='ltr'><strong>Tunc</strong></span> <span class='ocrx_word' id='word_1_329' title='bbox 2827 2012 3011 2058; x_wconf 86' lang='lat' dir='ltr'><strong>autem</strong></span> <span class='ocrx_word' id='word_1_330' title='bbox 3068 2001 3322 2073; x_wconf 66' lang='lat' dir='ltr'><strong>paenitens</strong></span> <span class='ocrx_word' id='word_1_331' title='bbox 3372 1995 3624 2068; x_wconf 67' lang='lat' dir='ltr'><strong>possessum</strong></span> 
     </span>
    </p>
   </div>
   <div class='ocr_carea' id='block_1_49' title="bbox 2233 2084 3625 2174">
    <p class='ocr_par' dir='ltr' id='par_1_49' title="bbox 2233 2084 3625 2174">
     <span class='ocr_line' id='line_1_49' title="bbox 2233 2084 3625 2174; baseline -0.011 -24"><span class='ocrx_word' id='word_1_332' title='bbox 2233 2111 2409 2160; x_wconf 87' lang='lat' dir='ltr'><strong>suam,</strong></span> <span class='ocrx_word' id='word_1_333' title='bbox 2428 2109 2748 2167; x_wconf 83' lang='lat' dir='ltr'><strong>agrumque,</strong></span> <span class='ocrx_word' id='word_1_334' title='bbox 2764 2106 2820 2148; x_wconf 92' lang='lat' dir='ltr'><strong>et</strong></span> <span class='ocrx_word' id='word_1_335' title='bbox 2834 2109 2935 2149; x_wconf 88' lang='lat' dir='ltr'><strong>con</strong></span> <span class='ocrx_word' id='word_1_336' title='bbox 2945 2093 3289 2174; x_wconf 70' lang='lat' dir='ltr'><strong>versationem</strong></span> <span class='ocrx_word' id='word_1_337' title='bbox 3309 2088 3498 2158; x_wconf 87' lang='lat' dir='ltr'><strong>recipiet,</strong></span> <span class='ocrx_word' id='word_1_338' title='bbox 3509 2084 3625 2154; x_wconf 66' lang='lat' dir='ltr'><strong>quando</strong></span> 
     </span>
    </p>
   </div>
   <div class='ocr_carea' id='block_1_50' title="bbox 2233 2174 3625 2256">
    <p class='ocr_par' dir='ltr' id='par_1_50' title="bbox 2233 2174 3625 2256">
     <span class='ocr_line' id='line_1_50' title="bbox 2233 2174 3625 2256; baseline -0.009 -17"><span class='ocrx_word' id='word_1_339' title='bbox 2233 2186 2300 2240; x_wconf 88' lang='lat' dir='ltr'><strong>ad</strong></span> <span class='ocrx_word' id='word_1_340' title='bbox 2329 2201 2535 2240; x_wconf 90' lang='lat' dir='ltr'><strong>annum</strong></span> <span class='ocrx_word' id='word_1_341' title='bbox 2564 2183 3134 2256; x_wconf 75' lang='lat' dir='ltr'><strong>perveneritJubilaei,</strong></span> <span class='ocrx_word' id='word_1_342' title='bbox 3163 2182 3269 2237; x_wconf 86' lang='lat' dir='ltr'><strong>sive</strong></span> <span class='ocrx_word' id='word_1_343' title='bbox 3294 2174 3625 2235; x_wconf 62' lang='lat' dir='ltr'><strong>remissionissive</strong></span> 
     </span>
    </p>
   </div>
   <div class='ocr_carea' id='block_1_51' title="bbox 2234 2263 3625 2342">
    <p class='ocr_par' dir='ltr' id='par_1_51' title="bbox 2234 2263 3625 2342">
     <span class='ocr_line' id='line_1_51' title="bbox 2234 2263 3625 2342; baseline -0.01 -14"><span class='ocrx_word' id='word_1_344' title='bbox 2234 2273 2638 2338; x_wconf 85' lang='lat' dir='ltr'><strong>immutatione,</strong></span> <span class='ocrx_word' id='word_1_345' title='bbox 2669 2283 2724 2327; x_wconf 91' lang='lat' dir='ltr'><strong>et</strong></span> <span class='ocrx_word' id='word_1_346' title='bbox 2763 2273 2924 2342; x_wconf 91' lang='lat' dir='ltr'><strong>plene</strong></span> <span class='ocrx_word' id='word_1_347' title='bbox 2960 2286 3126 2342; x_wconf 86' lang='lat' dir='ltr'><strong>agens</strong></span> <span class='ocrx_word' id='word_1_348' title='bbox 3168 2285 3227 2325; x_wconf 89' lang='lat' dir='ltr'><strong>ea</strong></span> <span class='ocrx_word' id='word_1_349' title='bbox 3268 2284 3372 2338; x_wconf 73' lang='lat' dir='ltr'><strong>qua:</strong></span> <span class='ocrx_word' id='word_1_350' title='bbox 3396 2267 3447 2320; x_wconf 87' lang='lat' dir='ltr'><strong>ad</strong></span> <span class='ocrx_word' id='word_1_351' title='bbox 3469 2263 3625 2337; x_wconf 63' lang='lat' dir='ltr'><strong>penitu-</strong></span> 
     </span>
    </p>
   </div>
   <div class='ocr_carea' id='block_1_52' title="bbox 2232 2358 3627 2435">
    <p class='ocr_par' dir='ltr' id='par_1_52' title="bbox 2232 2358 3627 2435">
     <span class='ocr_line' id='line_1_52' title="bbox 2232 2358 3627 2435; baseline -0.008 -15"><span class='ocrx_word' id='word_1_352' title='bbox 2232 2368 2362 2421; x_wconf 89' lang='lat' dir='ltr'><strong>tiam</strong></span> <span class='ocrx_word' id='word_1_353' title='bbox 2386 2364 2695 2435; x_wconf 85' lang='lat' dir='ltr'><strong>pertinent:</strong></span> <span class='ocrx_word' id='word_1_354' title='bbox 2724 2363 2820 2418; x_wconf 92' lang='lat' dir='ltr'><strong>sed</strong></span> <span class='ocrx_word' id='word_1_355' title='bbox 2842 2362 3017 2417; x_wconf 89' lang='lat' dir='ltr'><strong>etiam</strong></span> <span class='ocrx_word' id='word_1_356' title='bbox 3059 2362 3114 2415; x_wconf 91' lang='lat' dir='ltr'><strong>in</strong></span> <span class='ocrx_word' id='word_1_357' title='bbox 3143 2368 3299 2415; x_wconf 90' lang='lat' dir='ltr'><strong>totum</strong></span> <span class='ocrx_word' id='word_1_358' title='bbox 3335 2358 3509 2413; x_wconf 85' lang='lat' dir='ltr'><strong>reddens</strong></span> <span class='ocrx_word' id='word_1_359' title='bbox 3531 2367 3627 2408; x_wconf 76' lang='lat' dir='ltr'><strong>sacer-</strong></span> 
     </span>
    </p>
   </div>
   <div class='ocr_carea' id='block_1_53' title="bbox 2230 2448 3624 2523">
    <p class='ocr_par' dir='ltr' id='par_1_53' title="bbox 2230 2448 3624 2523">
     <span class='ocr_line' id='line_1_53' title="bbox 2230 2448 3624 2523; baseline -0.009 -11"><span class='ocrx_word' id='word_1_360' title='bbox 2230 2458 2416 2513; x_wconf 90' lang='lat' dir='ltr'><strong>dotem</strong></span> <span class='ocrx_word' id='word_1_361' title='bbox 2451 2466 2509 2512; x_wconf 89' lang='lat' dir='ltr'><strong>et</strong></span> <span class='ocrx_word' id='word_1_362' title='bbox 2547 2470 2767 2510; x_wconf 90' lang='lat' dir='ltr'><strong>omnem</strong></span> <span class='ocrx_word' id='word_1_363' title='bbox 2820 2454 3100 2509; x_wconf 84' lang='lat' dir='ltr'><strong>hominem</strong></span> <span class='ocrx_word' id='word_1_364' title='bbox 3139 2453 3225 2523; x_wconf 90' lang='lat' dir='ltr'><strong>qui</strong></span> <span class='ocrx_word' id='word_1_365' title='bbox 3269 2448 3486 2507; x_wconf 79' lang='lat' dir='ltr'><strong>exhortari</strong></span> <span class='ocrx_word' id='word_1_366' title='bbox 3516 2452 3624 2500; x_wconf 71' lang='lat' dir='ltr'><strong>senet-</strong></span> 
     </span>
    </p>
   </div>
   <div class='ocr_carea' id='block_1_54' title="bbox 2230 2541 3625 2621">
    <p class='ocr_par' dir='ltr' id='par_1_54' title="bbox 2230 2541 3625 2621">
     <span class='ocr_line' id='line_1_54' title="bbox 2230 2541 3625 2621; baseline -0.01 -15"><span class='ocrx_word' id='word_1_367' title='bbox 2230 2552 2411 2621; x_wconf 89' lang='lat' dir='ltr'><strong>ipsum</strong></span> <span class='ocrx_word' id='word_1_368' title='bbox 2438 2558 2533 2605; x_wconf 92' lang='lat' dir='ltr'><strong>aut</strong></span> <span class='ocrx_word' id='word_1_369' title='bbox 2558 2550 2892 2619; x_wconf 81' lang='lat' dir='ltr'><strong>proximum,</strong></span> <span class='ocrx_word' id='word_1_370' title='bbox 2919 2558 3019 2603; x_wconf 89' lang='lat' dir='ltr'><strong>aut</strong></span> <span class='ocrx_word' id='word_1_371' title='bbox 3054 2548 3265 2602; x_wconf 87' lang='lat' dir='ltr'><strong>domum</strong></span> <span class='ocrx_word' id='word_1_372' title='bbox 3301 2559 3426 2600; x_wconf 85' lang='lat' dir='ltr'><strong>suam</strong></span> <span class='ocrx_word' id='word_1_373' title='bbox 3443 2541 3534 2602; x_wconf 83' lang='lat' dir='ltr'><strong>vult,</strong></span> <span class='ocrx_word' id='word_1_374' title='bbox 3551 2546 3625 2591; x_wconf 75' lang='lat' dir='ltr'><strong>ett!</strong></span> 
     </span>
    </p>
   </div>
   <div class='ocr_carea' id='block_1_55' title="bbox 2231 2624 3626 2708">
    <p class='ocr_par' dir='ltr' id='par_1_55' title="bbox 2231 2624 3626 2708">
     <span class='ocr_line' id='line_1_55' title="bbox 2231 2624 3626 2708; baseline -0.004 -11"><span class='ocrx_word' id='word_1_375' title='bbox 2231 2643 2335 2697; x_wconf 87' lang='lat' dir='ltr'><strong>hoc</strong></span> <span class='ocrx_word' id='word_1_376' title='bbox 2358 2641 2460 2696; x_wconf 89' lang='lat' dir='ltr'><strong>sibi</strong></span> <span class='ocrx_word' id='word_1_377' title='bbox 2484 2638 2975 2695; x_wconf 86' lang='lat' dir='ltr'><strong>sanetiﬁrationem</strong></span> <span class='ocrx_word' id='word_1_378' title='bbox 3001 2639 3322 2708; x_wconf 88' lang='lat' dir='ltr'><strong>conquirere,</strong></span> <span class='ocrx_word' id='word_1_379' title='bbox 3338 2645 3527 2690; x_wconf 77' lang='lat' dir='ltr'><strong>coronam</strong></span> <span class='ocrx_word' id='word_1_380' title='bbox 3539 2624 3626 2691; x_wconf 70' lang='lat' dir='ltr'><strong>indl&#39;</strong></span> 
     </span>
    </p>
   </div>
   <div class='ocr_carea' id='block_1_56' title="bbox 2232 2723 3481 2799">
    <p class='ocr_par' dir='ltr' id='par_1_56' title="bbox 2232 2723 3481 2799">
     <span class='ocr_line' id='line_1_56' title="bbox 2232 2723 3481 2799; baseline -0.012 -10"><span class='ocrx_word' id='word_1_381' title='bbox 2232 2744 2364 2799; x_wconf 82' lang='lat' dir='ltr'><strong>tam,</strong></span> <span class='ocrx_word' id='word_1_382' title='bbox 2399 2742 2456 2787; x_wconf 91' lang='lat' dir='ltr'><strong>et</strong></span> <span class='ocrx_word' id='word_1_383' title='bbox 2483 2732 2794 2786; x_wconf 88' lang='lat' dir='ltr'><strong>ﬁrmitatem</strong></span> <span class='ocrx_word' id='word_1_384' title='bbox 2826 2730 3203 2785; x_wconf 85' lang='lat' dir='ltr'><strong>admirabilem</strong></span> <span class='ocrx_word' id='word_1_385' title='bbox 3230 2723 3481 2796; x_wconf 81' lang='lat' dir='ltr'><strong>exquisivit.</strong></span> 
     </span>
    </p>
   </div>
   <div class='ocr_carea' id='block_1_57' title="bbox 2307 2808 3625 2902">
    <p class='ocr_par' dir='ltr' id='par_1_57' title="bbox 2307 2808 3625 2902">
     <span class='ocr_line' id='line_1_57' title="bbox 2307 2808 3625 2902; baseline -0.016 -22"><span class='ocrx_word' id='word_1_386' title='bbox 2307 2825 2490 2880; x_wconf 88' lang='lat' dir='ltr'><strong>Omnis</strong></span> <span class='ocrx_word' id='word_1_387' title='bbox 2547 2824 2834 2878; x_wconf 74' lang='lat' dir='ltr'><strong>(estimatio</strong></span> <span class='ocrx_word' id='word_1_388' title='bbox 2886 2822 3022 2876; x_wconf 85' lang='lat' dir='ltr'><strong>siclo</strong></span> <span class='ocrx_word' id='word_1_389' title='bbox 3053 2819 3324 2876; x_wconf 81' lang='lat' dir='ltr'><strong>sanctuarii</strong></span> <span class='ocrx_word' id='word_1_390' title='bbox 3365 2808 3625 2902; x_wconf 67' lang='lat' dir='ltr'><strong>pondmbitn:</strong></span> 
     </span>
    </p>
   </div>
   <div class='ocr_carea' id='block_1_58' title="bbox 2230 2903 3675 2995">
    <p class='ocr_par' dir='ltr' id='par_1_58' title="bbox 2230 2903 3675 2995">
     <span class='ocr_line' id='line_1_58' title="bbox 2230 2903 3675 2995; baseline -0.007 -24"><span class='ocrx_word' id='word_1_391' title='bbox 2230 2920 2389 2972; x_wconf 75' lang='lat' dir='ltr'><strong>sic-’us</strong></span> <span class='ocrx_word' id='word_1_392' title='bbox 2411 2919 2517 2971; x_wconf 77' lang='lat' dir='ltr'><strong>sive</strong></span> <span class='ocrx_word' id='word_1_393' title='bbox 2541 2917 2851 2970; x_wconf 79' lang='lat' dir='ltr'><strong>didrachma</strong></span> <span class='ocrx_word' id='word_1_394' title='bbox 2883 2916 3077 2987; x_wconf 85' lang='lat' dir='ltr'><strong>viginti</strong></span> <span class='ocrx_word' id='word_1_395' title='bbox 3105 2914 3265 2968; x_wconf 83' lang='lat' dir='ltr'><strong>obolos</strong></span> <span class='ocrx_word' id='word_1_396' title='bbox 3287 2911 3430 2963; x_wconf 82' lang='lat' dir='ltr'><strong>habet.</strong></span> <span class='ocrx_word' id='word_1_397' title='bbox 3457 2903 3505 2959; x_wconf 88' lang='lat' dir='ltr'><strong>Ut</strong></span> <span class='ocrx_word' id='word_1_398' title='bbox 3532 2908 3627 2995; x_wconf 51' lang='lat' dir='ltr'><strong>ob!“</strong></span> <span class='ocrx_word' id='word_1_399' title='bbox 3674 2988 3675 2995; x_wconf 10' lang='grc' dir='ltr'>γ</span> 
     </span>
    </p>
   </div>
   <div class='ocr_carea' id='block_1_59' title="bbox 2231 2991 3625 3075">
    <p class='ocr_par' dir='ltr' id='par_1_59' title="bbox 2231 2991 3625 3075">
     <span class='ocr_line' id='line_1_59' title="bbox 2231 2991 3625 3075; baseline -0.006 -9"><span class='ocrx_word' id='word_1_400' title='bbox 2231 3011 2538 3075; x_wconf 85' lang='lat' dir='ltr'><strong>a-stimatio,</strong></span> <span class='ocrx_word' id='word_1_401' title='bbox 2569 3010 2685 3066; x_wconf 87' lang='lat' dir='ltr'><strong>sive</strong></span> <span class='ocrx_word' id='word_1_402' title='bbox 2734 3009 3009 3073; x_wconf 89' lang='lat' dir='ltr'><strong>deﬁnitio,</strong></span> <span class='ocrx_word' id='word_1_403' title='bbox 3056 3008 3252 3064; x_wconf 89' lang='lat' dir='ltr'><strong>sanctis</strong></span> <span class='ocrx_word' id='word_1_404' title='bbox 3294 3004 3372 3059; x_wconf 85' lang='lat' dir='ltr'><strong>ﬁat</strong></span> <span class='ocrx_word' id='word_1_405' title='bbox 3413 2991 3625 3070; x_wconf 44' lang='lat' dir='ltr'><strong>ponderi“</strong></span> 
     </span>
    </p>
   </div>
   <div class='ocr_carea' id='block_1_60' title="bbox 551 3084 3627 3187">
    <p class='ocr_par' dir='ltr' id='par_1_60' title="bbox 551 3084 3627 3187">
     <span class='ocr_line' id='line_1_60' title="bbox 551 3084 3627 3187; baseline -0.001 -40"><span class='ocrx_word' id='word_1_406' title='bbox 551 3091 653 3147; x_wconf 84' lang='lat' dir='ltr'><strong>sed</strong></span> <span class='ocrx_word' id='word_1_407' title='bbox 680 3091 901 3172; x_wconf 84' lang='lat' dir='ltr'><strong>lucrans</strong></span> <span class='ocrx_word' id='word_1_408' title='bbox 933 3091 1119 3146; x_wconf 79' lang='lat' dir='ltr'><strong>fratris</strong></span> <span class='ocrx_word' id='word_1_409' title='bbox 1138 3093 1418 3157; x_wconf 88' lang='lat' dir='ltr'><strong>virtutem,</strong></span> <span class='ocrx_word' id='word_1_410' title='bbox 1454 3094 1542 3149; x_wconf 87' lang='lat' dir='ltr'><strong>vel</strong></span> <span class='ocrx_word' id='word_1_411' title='bbox 1567 3094 1756 3159; x_wconf 90' lang='lat' dir='ltr'><strong>vitam,</strong></span> <span class='ocrx_word' id='word_1_412' title='bbox 1785 3097 1854 3152; x_wconf 91' lang='lat' dir='ltr'><strong>de</strong></span> <span class='ocrx_word' id='word_1_413' title='bbox 1902 3113 2008 3168; x_wconf 90' lang='lat' dir='ltr'><strong>qua</strong></span> <span class='ocrx_word' id='word_1_414' title='bbox 2040 3100 2128 3155; x_wconf 86' lang='lat' dir='ltr'><strong>ille</strong></span> <span class='ocrx_word' id='word_1_415' title='bbox 2157 3129 2200 3187; x_wconf 65' lang='grc' dir='ltr'>ο</span> <span class='ocrx_word' id='word_1_416' title='bbox 2233 3104 2287 3158; x_wconf 91' lang='lat' dir='ltr'><strong>id</strong></span> <span class='ocrx_word' id='word_1_417' title='bbox 2315 3112 2418 3166; x_wconf 87' lang='lat' dir='ltr'><strong>est,</strong></span> <span class='ocrx_word' id='word_1_418' title='bbox 2447 3102 2532 3156; x_wconf 89' lang='lat' dir='ltr'><strong>his</strong></span> <span class='ocrx_word' id='word_1_419' title='bbox 2554 3117 2676 3171; x_wconf 62' lang='lat' dir='ltr'><strong>qua)</strong></span> <span class='ocrx_word' id='word_1_420' title='bbox 2705 3110 2838 3156; x_wconf 90' lang='lat' dir='ltr'><strong>sunt</strong></span> <span class='ocrx_word' id='word_1_421' title='bbox 2881 3102 2953 3157; x_wconf 91' lang='lat' dir='ltr'><strong>de</strong></span> <span class='ocrx_word' id='word_1_422' title='bbox 2980 3117 3132 3157; x_wconf 90' lang='lat' dir='ltr'><strong>sacra</strong></span> <span class='ocrx_word' id='word_1_423' title='bbox 3174 3097 3428 3167; x_wconf 88' lang='lat' dir='ltr'><strong>Scriptura.</strong></span> <span class='ocrx_word' id='word_1_424' title='bbox 3453 3084 3627 3187; x_wconf 49' lang='lat' dir='ltr'><strong>inerit”:</strong></span> 
     </span>
    </p>
   </div>
   <div class='ocr_carea' id='block_1_61' title="bbox 555 3168 2133 3257">
    <p class='ocr_par' dir='ltr' id='par_1_61' title="bbox 555 3168 2133 3257">
     <span class='ocr_line' id='line_1_61' title="bbox 555 3168 2133 3257; baseline 0.004 -19"><span class='ocrx_word' id='word_1_425' title='bbox 555 3199 654 3255; x_wconf 87' lang='lat' dir='ltr'><strong>per</strong></span> <span class='ocrx_word' id='word_1_426' title='bbox 685 3168 1074 3255; x_wconf 83' lang='lat' dir='ltr'><strong>negligentiam</strong></span> <span class='ocrx_word' id='word_1_427' title='bbox 1096 3186 1316 3240; x_wconf 90' lang='lat' dir='ltr'><strong>cecidit.</strong></span> <span class='ocrx_word' id='word_1_428' title='bbox 1356 3184 1414 3240; x_wconf 91' lang='lat' dir='ltr'><strong>Si</strong></span> <span class='ocrx_word' id='word_1_429' title='bbox 1463 3185 1624 3257; x_wconf 86' lang='lat' dir='ltr'><strong>igitur</strong></span> <span class='ocrx_word' id='word_1_430' title='bbox 1646 3202 1768 3241; x_wconf 87' lang='lat' dir='ltr'><strong>eam</strong></span> <span class='ocrx_word' id='word_1_431' title='bbox 1823 3190 2133 3246; x_wconf 89' lang='lat' dir='ltr'><strong>sanctiﬁca-</strong></span> 
     </span>
    </p>
   </div>
   <div class='ocr_carea' id='block_1_62' title="bbox 552 3274 2133 3347">
    <p class='ocr_par' dir='ltr' id='par_1_62' title="bbox 552 3274 2133 3347">
     <span class='ocr_line' id='line_1_62' title="bbox 552 3274 2133 3347; baseline 0.006 -18"><span class='ocrx_word' id='word_1_432' title='bbox 552 3274 696 3330; x_wconf 85' lang='lat' dir='ltr'><strong>verit</strong></span> <span class='ocrx_word' id='word_1_433' title='bbox 750 3274 1001 3340; x_wconf 88' lang='lat' dir='ltr'><strong>Domino,</strong></span> <span class='ocrx_word' id='word_1_434' title='bbox 1040 3276 1095 3331; x_wconf 91' lang='lat' dir='ltr'><strong>id</strong></span> <span class='ocrx_word' id='word_1_435' title='bbox 1151 3285 1237 3331; x_wconf 90' lang='lat' dir='ltr'><strong>est</strong></span> <span class='ocrx_word' id='word_1_436' title='bbox 1281 3277 1542 3332; x_wconf 88' lang='lat' dir='ltr'><strong>obtulerit</strong></span> <span class='ocrx_word' id='word_1_437' title='bbox 1589 3280 1881 3347; x_wconf 85' lang='lat' dir='ltr'><strong>sacerdoti,</strong></span> <span class='ocrx_word' id='word_1_438' title='bbox 1937 3283 2133 3346; x_wconf 85' lang='lat' dir='ltr'><strong>audisti</strong></span> 
     </span>
    </p>
   </div>
   <div class='ocr_carea' id='block_1_63' title="bbox 553 3368 2132 3440">
    <p class='ocr_par' dir='ltr' id='par_1_63' title="bbox 553 3368 2132 3440">
     <span class='ocr_line' id='line_1_63' title="bbox 553 3368 2132 3440; baseline 0.003 -17"><span class='ocrx_word' id='word_1_439' title='bbox 553 3368 700 3423; x_wconf 90' lang='lat' dir='ltr'><strong>enim</strong></span> <span class='ocrx_word' id='word_1_440' title='bbox 739 3369 866 3439; x_wconf 91' lang='lat' dir='ltr'><strong>quia</strong></span> <span class='ocrx_word' id='word_1_441' title='bbox 920 3368 975 3423; x_wconf 91' lang='lat' dir='ltr'><strong>in</strong></span> <span class='ocrx_word' id='word_1_442' title='bbox 1036 3370 1292 3439; x_wconf 73' lang='lat' dir='ltr'><strong>praesenti</strong></span> <span class='ocrx_word' id='word_1_443' title='bbox 1328 3368 1658 3425; x_wconf 84' lang='lat' dir='ltr'><strong>sanctiﬁcari</strong></span> <span class='ocrx_word' id='word_1_444' title='bbox 1709 3371 1823 3427; x_wconf 91' lang='lat' dir='ltr'><strong>Deo</strong></span> <span class='ocrx_word' id='word_1_445' title='bbox 1873 3372 2007 3428; x_wconf 87' lang='lat' dir='ltr'><strong>dicit</strong></span> <span class='ocrx_word' id='word_1_446' title='bbox 2045 3388 2132 3440; x_wconf 89' lang='lat' dir='ltr'><strong>ea,</strong></span> 
     </span>
    </p>
   </div>
   <div class='ocr_carea' id='block_1_64' title="bbox 552 3462 2132 3532">
    <p class='ocr_par' dir='ltr' id='par_1_64' title="bbox 552 3462 2132 3532">
     <span class='ocr_line' id='line_1_64' title="bbox 552 3462 2132 3532; baseline 0.004 -14"><span class='ocrx_word' id='word_1_447' title='bbox 552 3479 676 3532; x_wconf 80' lang='lat' dir='ltr'><strong>quae</strong></span> <span class='ocrx_word' id='word_1_448' title='bbox 709 3462 1087 3518; x_wconf 87' lang='lat' dir='ltr'><strong>sacerdotibus</strong></span> <span class='ocrx_word' id='word_1_449' title='bbox 1108 3471 1255 3521; x_wconf 86' lang='lat' dir='ltr'><strong>sorte</strong></span> <span class='ocrx_word' id='word_1_450' title='bbox 1281 3464 1646 3520; x_wconf 81' lang='lat' dir='ltr'><strong>obvenerunt.</strong></span> <span class='ocrx_word' id='word_1_451' title='bbox 1675 3463 1870 3522; x_wconf 85' lang='lat' dir='ltr'><strong>Oﬁ&#39;erri</strong></span> <span class='ocrx_word' id='word_1_452' title='bbox 1923 3478 2132 3532; x_wconf 84' lang='lat' dir='ltr'><strong>autem,</strong></span> 
     </span>
    </p>
   </div>
   <div class='ocr_carea' id='block_1_65' title="bbox 553 3550 2135 3627">
    <p class='ocr_par' dir='ltr' id='par_1_65' title="bbox 553 3550 2135 3627">
     <span class='ocr_line' id='line_1_65' title="bbox 553 3550 2135 3627; baseline 0.004 -21"><span class='ocrx_word' id='word_1_453' title='bbox 553 3552 829 3622; x_wconf 87' lang='lat' dir='ltr'><strong>quomodo</strong></span> <span class='ocrx_word' id='word_1_454' title='bbox 851 3552 874 3605; x_wconf 89' lang='lat'><strong>?</strong></span> <span class='ocrx_word' id='word_1_455' title='bbox 898 3550 955 3608; x_wconf 91' lang='lat' dir='ltr'><strong>Id</strong></span> <span class='ocrx_word' id='word_1_456' title='bbox 988 3560 1091 3618; x_wconf 88' lang='lat' dir='ltr'><strong>est,</strong></span> <span class='ocrx_word' id='word_1_457' title='bbox 1125 3563 1343 3624; x_wconf 90' lang='lat' dir='ltr'><strong>oportet</strong></span> <span class='ocrx_word' id='word_1_458' title='bbox 1375 3570 1522 3620; x_wconf 89' lang='lat' dir='ltr'><strong>eum,</strong></span> <span class='ocrx_word' id='word_1_459' title='bbox 1551 3556 1646 3626; x_wconf 91' lang='lat' dir='ltr'><strong>qui</strong></span> <span class='ocrx_word' id='word_1_460' title='bbox 1674 3556 1916 3627; x_wconf 84' lang='lat' dir='ltr'><strong>culpavit</strong></span> <span class='ocrx_word' id='word_1_461' title='bbox 1941 3573 2135 3616; x_wconf 76' lang='lat' dir='ltr'><strong>emun-</strong></span> 
     </span>
    </p>
   </div>
   <div class='ocr_carea' id='block_1_66' title="bbox 553 3645 1954 3717">
    <p class='ocr_par' dir='ltr' id='par_1_66' title="bbox 553 3645 1954 3717">
     <span class='ocr_line' id='line_1_66' title="bbox 553 3645 1954 3717; baseline 0.002 -18"><span class='ocrx_word' id='word_1_462' title='bbox 553 3645 693 3711; x_wconf 89' lang='lat' dir='ltr'><strong>dari,</strong></span> <span class='ocrx_word' id='word_1_463' title='bbox 724 3654 779 3701; x_wconf 91' lang='lat' dir='ltr'><strong>et</strong></span> <span class='ocrx_word' id='word_1_464' title='bbox 801 3655 1046 3701; x_wconf 87' lang='lat' dir='ltr'><strong>sanctam</strong></span> <span class='ocrx_word' id='word_1_465' title='bbox 1073 3647 1193 3717; x_wconf 91' lang='lat' dir='ltr'><strong>ejus</strong></span> <span class='ocrx_word' id='word_1_466' title='bbox 1218 3646 1433 3702; x_wconf 78' lang='lat' dir='ltr'><strong>efﬁcere</strong></span> <span class='ocrx_word' id='word_1_467' title='bbox 1462 3649 1954 3704; x_wconf 88' lang='lat' dir='ltr'><strong>conversationem.</strong></span> 
     </span>
    </p>
   </div>
   <div class='ocr_carea' id='block_1_67' title="bbox 626 3737 2134 3809">
    <p class='ocr_par' dir='ltr' id='par_1_67' title="bbox 626 3737 2134 3809">
     <span class='ocr_line' id='line_1_67' title="bbox 626 3737 2134 3809; baseline 0.003 -17"><span class='ocrx_word' id='word_1_468' title='bbox 626 3737 944 3808; x_wconf 75' lang='lat' dir='ltr'><strong>Supputabit</strong></span> <span class='ocrx_word' id='word_1_469' title='bbox 1002 3739 1247 3793; x_wconf 83' lang='lat' dir='ltr'><strong>sacerdos</strong></span> <span class='ocrx_word' id='word_1_470' title='bbox 1309 3739 1472 3809; x_wconf 77' lang='lat' dir='ltr'><strong>juxta</strong></span> <span class='ocrx_word' id='word_1_471' title='bbox 1529 3757 1792 3794; x_wconf 85' lang='lat' dir='ltr'><strong>annorum</strong></span> <span class='ocrx_word' id='word_1_472' title='bbox 1857 3758 2134 3796; x_wconf 87' lang='lat' dir='ltr'><strong>numerum</strong></span> 
     </span>
    </p>
   </div>
   <div class='ocr_carea' id='block_1_68' title="bbox 555 3830 2134 3905">
    <p class='ocr_par' dir='ltr' id='par_1_68' title="bbox 555 3830 2134 3905">
     <span class='ocr_line' id='line_1_68' title="bbox 555 3830 2134 3905; baseline 0.004 -21"><span class='ocrx_word' id='word_1_473' title='bbox 555 3847 719 3902; x_wconf 86' lang='lat' dir='ltr'><strong>usque</strong></span> <span class='ocrx_word' id='word_1_474' title='bbox 743 3832 815 3886; x_wconf 89' lang='lat' dir='ltr'><strong>ad</strong></span> <span class='ocrx_word' id='word_1_475' title='bbox 848 3830 1131 3886; x_wconf 69' lang='lat' dir='ltr'><strong>Jubila&#39;um</strong></span> <span class='ocrx_word' id='word_1_476' title='bbox 1155 3834 1403 3902; x_wconf 80' lang='lat' dir='ltr'><strong>pretium,</strong></span> <span class='ocrx_word' id='word_1_477' title='bbox 1445 3843 1494 3887; x_wconf 86' lang='lat' dir='ltr'><strong>et</strong></span> <span class='ocrx_word' id='word_1_478' title='bbox 1523 3834 1668 3887; x_wconf 85' lang='lat' dir='ltr'><strong>dabit</strong></span> <span class='ocrx_word' id='word_1_479' title='bbox 1700 3834 1790 3888; x_wconf 83' lang='lat' dir='ltr'><strong>ille</strong></span> <span class='ocrx_word' id='word_1_480' title='bbox 1821 3836 1910 3905; x_wconf 85' lang='lat' dir='ltr'><strong>qui</strong></span> <span class='ocrx_word' id='word_1_481' title='bbox 1955 3847 2134 3890; x_wconf 88' lang='lat' dir='ltr'><strong>votum</strong></span> 
     </span>
    </p>
   </div>
   <div class='ocr_carea' id='block_1_69' title="bbox 556 3914 2135 3988">
    <p class='ocr_par' dir='ltr' id='par_1_69' title="bbox 556 3914 2135 3988">
     <span class='ocr_line' id='line_1_69' title="bbox 556 3914 2135 3988; baseline 0.004 -14"><span class='ocrx_word' id='word_1_482' title='bbox 556 3931 764 3978; x_wconf 81' lang='lat' dir='ltr'><strong>voverat</strong></span> <span class='ocrx_word' id='word_1_483' title='bbox 807 3922 1056 3977; x_wconf 88' lang='lat' dir='ltr'><strong>Domino.</strong></span> <span class='ocrx_word' id='word_1_484' title='bbox 1113 3922 1283 3978; x_wconf 84' lang='lat' dir='ltr'><strong>Recte</strong></span> <span class='ocrx_word' id='word_1_485' title='bbox 1330 3914 1825 3988; x_wconf 77' lang='lat' dir='ltr'><strong>sacerdos,-simul</strong></span> <span class='ocrx_word' id='word_1_486' title='bbox 1890 3940 2015 3980; x_wconf 89' lang='lat' dir='ltr'><strong>cum</strong></span> <span class='ocrx_word' id='word_1_487' title='bbox 2064 3940 2135 3980; x_wconf 86' lang='lat' dir='ltr'><strong>ee</strong></span> 
     </span>
    </p>
   </div>
   <div class='ocr_carea' id='block_1_70' title="bbox 555 4012 2134 4084">
    <p class='ocr_par' dir='ltr' id='par_1_70' title="bbox 555 4012 2134 4084">
     <span class='ocr_line' id='line_1_70' title="bbox 555 4012 2134 4084; baseline 0.001 -18"><span class='ocrx_word' id='word_1_488' title='bbox 555 4012 649 4082; x_wconf 89' lang='lat' dir='ltr'><strong>qui</strong></span> <span class='ocrx_word' id='word_1_489' title='bbox 674 4013 845 4067; x_wconf 85' lang='lat' dir='ltr'><strong>movit</strong></span> <span class='ocrx_word' id='word_1_490' title='bbox 861 4012 1085 4068; x_wconf 86' lang='lat' dir='ltr'><strong>fratrem</strong></span> <span class='ocrx_word' id='word_1_491' title='bbox 1118 4014 1184 4069; x_wconf 89' lang='lat' dir='ltr'><strong>ad</strong></span> <span class='ocrx_word' id='word_1_492' title='bbox 1209 4014 1617 4083; x_wconf 75' lang='lat' dir='ltr'><strong>pcenitentiam,</strong></span> <span class='ocrx_word' id='word_1_493' title='bbox 1640 4014 1766 4084; x_wconf 88' lang='lat' dir='ltr'><strong>quia</strong></span> <span class='ocrx_word' id='word_1_494' title='bbox 1797 4014 1889 4069; x_wconf 90' lang='lat' dir='ltr'><strong>ille</strong></span> <span class='ocrx_word' id='word_1_495' title='bbox 1912 4013 2134 4083; x_wconf 87' lang='lat' dir='ltr'><strong>quidem</strong></span> 
     </span>
    </p>
   </div>
   <div class='ocr_carea' id='block_1_71' title="bbox 556 4104 2134 4175">
    <p class='ocr_par' dir='ltr' id='par_1_71' title="bbox 556 4104 2134 4175">
     <span class='ocr_line' id='line_1_71' title="bbox 556 4104 2134 4175; baseline 0.001 -17"><span class='ocrx_word' id='word_1_496' title='bbox 556 4104 810 4159; x_wconf 89' lang='lat' dir='ltr'><strong>districte</strong></span> <span class='ocrx_word' id='word_1_497' title='bbox 830 4105 952 4175; x_wconf 90' lang='lat' dir='ltr'><strong>ejus</strong></span> <span class='ocrx_word' id='word_1_498' title='bbox 989 4106 1264 4162; x_wconf 89' lang='lat' dir='ltr'><strong>actionem</strong></span> <span class='ocrx_word' id='word_1_499' title='bbox 1313 4114 1369 4160; x_wconf 88' lang='lat' dir='ltr'><strong>et</strong></span> <span class='ocrx_word' id='word_1_500' title='bbox 1396 4105 1894 4171; x_wconf 87' lang='lat' dir='ltr'><strong>conversationem,</strong></span> <span class='ocrx_word' id='word_1_501' title='bbox 1941 4114 2134 4174; x_wconf 88' lang='lat' dir='ltr'><strong>utpote</strong></span> 
     </span>
    </p>
   </div>
   <div class='ocr_carea' id='block_1_72' title="bbox 554 4194 2134 4265">
    <p class='ocr_par' dir='ltr' id='par_1_72' title="bbox 554 4194 2134 4265">
     <span class='ocr_line' id='line_1_72' title="bbox 554 4194 2134 4265; baseline -0.001 -15"><span class='ocrx_word' id='word_1_502' title='bbox 554 4196 649 4265; x_wconf 87' lang='lat' dir='ltr'><strong>qui</strong></span> <span class='ocrx_word' id='word_1_503' title='bbox 674 4194 791 4265; x_wconf 89' lang='lat' dir='ltr'><strong>ipse</strong></span> <span class='ocrx_word' id='word_1_504' title='bbox 818 4211 945 4250; x_wconf 87' lang='lat' dir='ltr'><strong>eum</strong></span> <span class='ocrx_word' id='word_1_505' title='bbox 979 4196 1241 4258; x_wconf 79' lang='lat' dir='ltr'><strong>correxit,</strong></span> <span class='ocrx_word' id='word_1_506' title='bbox 1276 4196 1366 4249; x_wconf 91' lang='lat' dir='ltr'><strong>hic</strong></span> <span class='ocrx_word' id='word_1_507' title='bbox 1395 4203 1576 4250; x_wconf 89' lang='lat' dir='ltr'><strong>autem</strong></span> <span class='ocrx_word' id='word_1_508' title='bbox 1611 4205 1673 4249; x_wconf 91' lang='lat' dir='ltr'><strong>ut</strong></span> <span class='ocrx_word' id='word_1_509' title='bbox 1697 4197 1956 4250; x_wconf 85' lang='lat' dir='ltr'><strong>sacerdos</strong></span> <span class='ocrx_word' id='word_1_510' title='bbox 1980 4194 2134 4250; x_wconf 89' lang='lat' dir='ltr'><strong>novit</strong></span> 
     </span>
    </p>
   </div>
   <div class='ocr_carea' id='block_1_73' title="bbox 554 4286 2131 4357">
    <p class='ocr_par' dir='ltr' id='par_1_73' title="bbox 554 4286 2131 4357">
     <span class='ocr_line' id='line_1_73' title="bbox 554 4286 2131 4357; baseline -0.001 -14"><span class='ocrx_word' id='word_1_511' title='bbox 554 4303 742 4343; x_wconf 88' lang='lat' dir='ltr'><strong>veram</strong></span> <span class='ocrx_word' id='word_1_512' title='bbox 772 4296 937 4356; x_wconf 86' lang='lat' dir='ltr'><strong>atque</strong></span> <span class='ocrx_word' id='word_1_513' title='bbox 964 4287 1264 4356; x_wconf 89' lang='lat' dir='ltr'><strong>perfectam</strong></span> <span class='ocrx_word' id='word_1_514' title='bbox 1316 4286 1769 4356; x_wconf 89' lang='lat' dir='ltr'><strong>redemptionem,</strong></span> <span class='ocrx_word' id='word_1_515' title='bbox 1810 4295 2131 4357; x_wconf 86' lang='lat' dir='ltr'><strong>supputant,</strong></span> 
     </span>
    </p>
   </div>
   <div class='ocr_carea' id='block_1_74' title="bbox 556 4375 2131 4446">
    <p class='ocr_par' dir='ltr' id='par_1_74' title="bbox 556 4375 2131 4446">
     <span class='ocr_line' id='line_1_74' title="bbox 556 4375 2131 4446; baseline 0 -14"><span class='ocrx_word' id='word_1_516' title='bbox 556 4378 672 4433; x_wconf 86' lang='lat' dir='ltr'><strong>sive</strong></span> <span class='ocrx_word' id='word_1_517' title='bbox 706 4376 941 4446; x_wconf 87' lang='lat' dir='ltr'><strong>probant</strong></span> <span class='ocrx_word' id='word_1_518' title='bbox 960 4376 1177 4444; x_wconf 88' lang='lat' dir='ltr'><strong>qualem</strong></span> <span class='ocrx_word' id='word_1_519' title='bbox 1195 4375 1244 4428; x_wconf 89' lang='lat' dir='ltr'><strong>ei</strong></span> <span class='ocrx_word' id='word_1_520' title='bbox 1266 4383 1518 4443; x_wconf 89' lang='lat' dir='ltr'><strong>oporteat</strong></span> <span class='ocrx_word' id='word_1_521' title='bbox 1549 4376 1921 4444; x_wconf 62' lang='lat' dir='ltr'><strong>paenitentiam</strong></span> <span class='ocrx_word' id='word_1_522' title='bbox 1943 4376 2131 4432; x_wconf 89' lang='lat' dir='ltr'><strong>indici.</strong></span> 
     </span>
    </p>
   </div>
   <div class='ocr_carea' id='block_1_75' title="bbox 2236 3171 3675 3264">
    <p class='ocr_par' dir='ltr' id='par_1_75' title="bbox 2236 3171 3675 3264">
     <span class='ocr_line' id='line_1_75' title="bbox 2236 3171 3675 3264; baseline -0.013 -15"><span class='ocrx_word' id='word_1_523' title='bbox 2236 3194 2386 3249; x_wconf 92' lang='lat' dir='ltr'><strong>enim</strong></span> <span class='ocrx_word' id='word_1_524' title='bbox 2437 3194 2703 3264; x_wconf 89' lang='lat' dir='ltr'><strong>pondera,</strong></span> <span class='ocrx_word' id='word_1_525' title='bbox 2755 3193 2924 3250; x_wconf 91' lang='lat' dir='ltr'><strong>veluti</strong></span> <span class='ocrx_word' id='word_1_526' title='bbox 2981 3190 3409 3263; x_wconf 85' lang='lat' dir='ltr'><strong>philosophorum,</strong></span> <span class='ocrx_word' id='word_1_527' title='bbox 3451 3180 3490 3234; x_wconf 83' lang='lat' dir='ltr'><strong>in</strong></span> <span class='ocrx_word' id='word_1_528' title='bbox 3521 3171 3627 3244; x_wconf 57' lang='lat' dir='ltr'><strong>qui!!!</strong></span> <span class='ocrx_word' id='word_1_529' title='bbox 3674 3218 3675 3223; x_wconf 56' lang='grc' dir='ltr'><strong>η</strong></span> 
     </span>
    </p>
   </div>
   <div class='ocr_carea' id='block_1_76' title="bbox 2237 3266 3628 3355">
    <p class='ocr_par' dir='ltr' id='par_1_76' title="bbox 2237 3266 3628 3355">
     <span class='ocr_line' id='line_1_76' title="bbox 2237 3266 3628 3355; baseline -0.014 -16"><span class='ocrx_word' id='word_1_530' title='bbox 2237 3285 2337 3355; x_wconf 89' lang='lat' dir='ltr'><strong>ipsi</strong></span> <span class='ocrx_word' id='word_1_531' title='bbox 2389 3284 2530 3340; x_wconf 88' lang='lat' dir='ltr'><strong>vitas</strong></span> <span class='ocrx_word' id='word_1_532' title='bbox 2605 3284 3164 3353; x_wconf 86' lang='lat' dir='ltr'><strong>conversationesque</strong></span> <span class='ocrx_word' id='word_1_533' title='bbox 3209 3283 3423 3352; x_wconf 81' lang='lat' dir='ltr'><strong>pensant,</strong></span> <span class='ocrx_word' id='word_1_534' title='bbox 3458 3283 3532 3324; x_wconf 82' lang='lat' dir='ltr'><strong>non</strong></span> <span class='ocrx_word' id='word_1_535' title='bbox 3563 3266 3628 3355; x_wconf 57' lang='lat' dir='ltr'><strong>stiti</strong></span> 
     </span>
    </p>
   </div>
   <div class='ocr_carea' id='block_1_77' title="bbox 2235 3345 3627 3453">
    <p class='ocr_par' dir='ltr' id='par_1_77' title="bbox 2235 3345 3627 3453">
     <span class='ocr_line' id='line_1_77' title="bbox 2235 3345 3627 3453; baseline -0.018 -22"><span class='ocrx_word' id='word_1_536' title='bbox 2235 3345 2446 3440; x_wconf 66' lang='lat' dir='ltr'><strong>sancta,</strong></span> <span class='ocrx_word' id='word_1_537' title='bbox 2475 3375 2605 3445; x_wconf 88' lang='lat' dir='ltr'><strong>quia</strong></span> <span class='ocrx_word' id='word_1_538' title='bbox 2632 3375 2920 3430; x_wconf 88' lang='lat' dir='ltr'><strong>scientiam</strong></span> <span class='ocrx_word' id='word_1_539' title='bbox 2973 3345 3326 3440; x_wconf 74' lang='lat' dir='ltr'><strong>imperfectam</strong></span> <span class='ocrx_word' id='word_1_540' title='bbox 3349 3360 3556 3437; x_wconf 82' lang='lat' dir='ltr'><strong>possideat.</strong></span> 
     </span>
    </p>
   </div>
   <div class='ocr_carea' id='block_1_78' title="bbox 2235 3450 3626 3534">
    <p class='ocr_par' dir='ltr' id='par_1_78' title="bbox 2235 3450 3626 3534">
     <span class='ocr_line' id='line_1_78' title="bbox 2235 3450 3626 3534; baseline -0.017 -15"><span class='ocrx_word' id='word_1_541' title='bbox 2235 3482 2341 3519; x_wconf 90' lang='lat' dir='ltr'><strong>nec</strong></span> <span class='ocrx_word' id='word_1_542' title='bbox 2391 3465 2771 3520; x_wconf 70' lang='lat' dir='ltr'><strong>haereticorum</strong></span> <span class='ocrx_word' id='word_1_543' title='bbox 2815 3465 3064 3534; x_wconf 89' lang='lat' dir='ltr'><strong>pondera</strong></span> <span class='ocrx_word' id='word_1_544' title='bbox 3092 3469 3268 3518; x_wconf 87' lang='lat' dir='ltr'><strong>sancta</strong></span> <span class='ocrx_word' id='word_1_545' title='bbox 3307 3464 3425 3517; x_wconf 84' lang='lat' dir='ltr'><strong>sunt,</strong></span> <span class='ocrx_word' id='word_1_546' title='bbox 3454 3450 3626 3503; x_wconf 62' lang='lat' dir='ltr'><strong>rerum“</strong></span> 
     </span>
    </p>
   </div>
   <div class='ocr_carea' id='block_1_79' title="bbox 2235 3540 3628 3633">
    <p class='ocr_par' dir='ltr' id='par_1_79' title="bbox 2235 3540 3628 3633">
     <span class='ocr_line' id='line_1_79' title="bbox 2235 3540 3628 3633; baseline -0.01 -29"><span class='ocrx_word' id='word_1_547' title='bbox 2235 3560 2311 3604; x_wconf 87' lang='lat' dir='ltr'><strong>est</strong></span> <span class='ocrx_word' id='word_1_548' title='bbox 2340 3552 2480 3605; x_wconf 88' lang='lat' dir='ltr'><strong>enim</strong></span> <span class='ocrx_word' id='word_1_549' title='bbox 2516 3568 2698 3605; x_wconf 87' lang='lat' dir='ltr'><strong>eorum</strong></span> <span class='ocrx_word' id='word_1_550' title='bbox 2745 3554 3069 3607; x_wconf 83' lang='lat' dir='ltr'><strong>conscientia</strong></span> <span class='ocrx_word' id='word_1_551' title='bbox 3091 3551 3168 3603; x_wconf 75' lang='grc' dir='ltr'><strong>⁸⁹ε</strong></span> <span class='ocrx_word' id='word_1_552' title='bbox 3197 3547 3285 3603; x_wconf 90' lang='lat' dir='ltr'><strong>sed</strong></span> <span class='ocrx_word' id='word_1_553' title='bbox 3319 3551 3464 3599; x_wconf 70' lang='lat' dir='ltr'><strong>sancta</strong></span> <span class='ocrx_word' id='word_1_554' title='bbox 3498 3540 3628 3633; x_wconf 37' lang='lat' dir='ltr'><strong>sunt?</strong></span> 
     </span>
    </p>
   </div>
   <div class='ocr_carea' id='block_1_80' title="bbox 2234 3628 3628 3713">
    <p class='ocr_par' dir='ltr' id='par_1_80' title="bbox 2234 3628 3628 3713">
     <span class='ocr_line' id='line_1_80' title="bbox 2234 3628 3628 3713; baseline -0.025 0"><span class='ocrx_word' id='word_1_555' title='bbox 2234 3658 2357 3712; x_wconf 58' lang='lat' dir='ltr'><strong>qua?</strong></span> <span class='ocrx_word' id='word_1_556' title='bbox 2400 3650 2530 3697; x_wconf 78' lang='lat' dir='ltr'><strong>Sunt</strong></span> <span class='ocrx_word' id='word_1_557' title='bbox 2564 3642 2619 3696; x_wconf 85' lang='lat' dir='ltr'><strong>in</strong></span> <span class='ocrx_word' id='word_1_558' title='bbox 2667 3642 2853 3697; x_wconf 86' lang='lat' dir='ltr'><strong>divina</strong></span> <span class='ocrx_word' id='word_1_559' title='bbox 2898 3642 3201 3713; x_wconf 85' lang='lat' dir='ltr'><strong>Scriptura,</strong></span> <span class='ocrx_word' id='word_1_560' title='bbox 3250 3640 3297 3693; x_wconf 90' lang='lat' dir='ltr'><strong>in</strong></span> <span class='ocrx_word' id='word_1_561' title='bbox 3346 3633 3497 3705; x_wconf 89' lang='lat' dir='ltr'><strong>quibus</strong></span> <span class='ocrx_word' id='word_1_562' title='bbox 3525 3628 3628 3688; x_wconf 66' lang='lat' dir='ltr'><strong>vigil!&quot;</strong></span> 
     </span>
    </p>
   </div>
   <div class='ocr_carea' id='block_1_81' title="bbox 2235 3716 3627 3818">
    <p class='ocr_par' dir='ltr' id='par_1_81' title="bbox 2235 3716 3627 3818">
     <span class='ocr_line' id='line_1_81' title="bbox 2235 3716 3627 3818; baseline 0.002 -29"><span class='ocrx_word' id='word_1_563' title='bbox 2235 3735 2378 3789; x_wconf 92' lang='lat' dir='ltr'><strong>oboli</strong></span> <span class='ocrx_word' id='word_1_564' title='bbox 2408 3744 2557 3800; x_wconf 90' lang='lat' dir='ltr'><strong>sunt,</strong></span> <span class='ocrx_word' id='word_1_565' title='bbox 2582 3735 2797 3799; x_wconf 87' lang='lat' dir='ltr'><strong>siclnm,</strong></span> <span class='ocrx_word' id='word_1_566' title='bbox 2824 3735 2947 3791; x_wconf 89' lang='lat' dir='ltr'><strong>sive</strong></span> <span class='ocrx_word' id='word_1_567' title='bbox 2995 3734 3317 3793; x_wconf 76' lang='lat' dir='ltr'><strong>didrachma,</strong></span> <span class='ocrx_word' id='word_1_568' title='bbox 3357 3727 3401 3781; x_wconf 82' lang='lat' dir='ltr'><strong>id</strong></span> <span class='ocrx_word' id='word_1_569' title='bbox 3435 3731 3496 3777; x_wconf 67' lang='grc' dir='ltr'><strong>εει</strong></span> 
     </span>
    </p>
   </div>
   <div class='ocr_carea' id='block_1_82' title="bbox 2236 3813 3629 3895">
    <p class='ocr_par' dir='ltr' id='par_1_82' title="bbox 2236 3813 3629 3895">
     <span class='ocr_line' id='line_1_82' title="bbox 2236 3813 3629 3895; baseline -0.019 -13"><span class='ocrx_word' id='word_1_570' title='bbox 2236 3829 2491 3882; x_wconf 88' lang='lat' dir='ltr'><strong>mandata</strong></span> <span class='ocrx_word' id='word_1_571' title='bbox 2527 3827 2831 3882; x_wconf 87' lang='lat' dir='ltr'><strong>secundum</strong></span> <span class='ocrx_word' id='word_1_572' title='bbox 2859 3826 3122 3892; x_wconf 90' lang='lat' dir='ltr'><strong>litteram,</strong></span> <span class='ocrx_word' id='word_1_573' title='bbox 3147 3835 3200 3880; x_wconf 90' lang='lat' dir='ltr'><strong>et</strong></span> <span class='ocrx_word' id='word_1_574' title='bbox 3223 3819 3470 3878; x_wconf 85' lang='lat' dir='ltr'><strong>secundum</strong></span> <span class='ocrx_word' id='word_1_575' title='bbox 3490 3813 3629 3895; x_wconf 64' lang='lat' dir='ltr'><strong>spinus</strong></span> 
     </span>
    </p>
   </div>
   <div class='ocr_carea' id='block_1_83' title="bbox 2235 3904 3628 3990">
    <p class='ocr_par' dir='ltr' id='par_1_83' title="bbox 2235 3904 3628 3990">
     <span class='ocr_line' id='line_1_83' title="bbox 2235 3904 3628 3990; baseline -0.01 -18"><span class='ocrx_word' id='word_1_576' title='bbox 2235 3919 2538 3983; x_wconf 84' lang='lat' dir='ltr'><strong>intellecta,</strong></span> <span class='ocrx_word' id='word_1_577' title='bbox 2591 3919 2737 3974; x_wconf 91' lang='lat' dir='ltr'><strong>sicut</strong></span> <span class='ocrx_word' id='word_1_578' title='bbox 2768 3919 3086 3990; x_wconf 87' lang='lat' dir='ltr'><strong>evangeliea</strong></span> <span class='ocrx_word' id='word_1_579' title='bbox 3120 3917 3281 3984; x_wconf 82' lang='lat' dir='ltr'><strong>gratia</strong></span> <span class='ocrx_word' id='word_1_580' title='bbox 3306 3910 3502 3967; x_wconf 78' lang='lat' dir='ltr'><strong>insinuat.</strong></span> <span class='ocrx_word' id='word_1_581' title='bbox 3523 3907 3558 3990; x_wconf 66' lang='lat' dir='ltr'><strong>et</strong></span> <span class='ocrx_word' id='word_1_582' title='bbox 3583 3904 3628 3959; x_wconf 54' lang='grc' dir='ltr'><strong>ἸΨ</strong></span> 
     </span>
    </p>
   </div>
   <div class='ocr_carea' id='block_1_84' title="bbox 2235 3986 3630 4078">
    <p class='ocr_par' dir='ltr' id='par_1_84' title="bbox 2235 3986 3630 4078">
     <span class='ocr_line' id='line_1_84' title="bbox 2235 3986 3630 4078; baseline -0.004 -15"><span class='ocrx_word' id='word_1_583' title='bbox 2235 4009 2290 4064; x_wconf 87' lang='lat' dir='ltr'><strong>in</strong></span> <span class='ocrx_word' id='word_1_584' title='bbox 2321 4026 2384 4064; x_wconf 87' lang='lat' dir='ltr'><strong>ea</strong></span> <span class='ocrx_word' id='word_1_585' title='bbox 2405 4010 2538 4065; x_wconf 83' lang='lat' dir='ltr'><strong>dicit</strong></span> <span class='ocrx_word' id='word_1_586' title='bbox 2563 4027 2577 4065; x_wconf 88' lang='lat'><strong>:</strong></span> <span class='ocrx_word' id='word_1_587' title='bbox 2604 4009 2724 4063; x_wconf 89' lang='lat' dir='ltr'><strong>Non</strong></span> <span class='ocrx_word' id='word_1_588' title='bbox 2753 3986 3111 4072; x_wconf 67' lang='lat' dir='ltr'><strong>arbitremini,</strong></span> <span class='ocrx_word' id='word_1_589' title='bbox 3130 4008 3246 4078; x_wconf 83' lang='lat' dir='ltr'><strong>quia</strong></span> <span class='ocrx_word' id='word_1_590' title='bbox 3265 4003 3365 4059; x_wconf 78' lang='lat' dir='ltr'><strong>veni</strong></span> <span class='ocrx_word' id='word_1_591' title='bbox 3384 3996 3526 4052; x_wconf 59' lang='lat' dir='ltr'><strong>to!!!&quot;</strong></span> 
     </span>
    </p>
   </div>
   <div class='ocr_carea' id='block_1_85' title="bbox 2235 4074 3629 4176">
    <p class='ocr_par' dir='ltr' id='par_1_85' title="bbox 2235 4074 3629 4176">
     <span class='ocr_line' id='line_1_85' title="bbox 2235 4074 3629 4176; baseline 0.006 -22"><span class='ocrx_word' id='word_1_592' title='bbox 2235 4110 2330 4155; x_wconf 88' lang='lat' dir='ltr'><strong>aut</strong></span> <span class='ocrx_word' id='word_1_593' title='bbox 2358 4102 2674 4170; x_wconf 82' lang='lat' dir='ltr'><strong>prophetas;</strong></span> <span class='ocrx_word' id='word_1_594' title='bbox 2708 4118 2813 4156; x_wconf 85' lang='lat' dir='ltr'><strong>non</strong></span> <span class='ocrx_word' id='word_1_595' title='bbox 2839 4103 2960 4156; x_wconf 86' lang='lat' dir='ltr'><strong>veni</strong></span> <span class='ocrx_word' id='word_1_596' title='bbox 2984 4074 3197 4165; x_wconf 73' lang='lat' dir='ltr'><strong>solvere,</strong></span> <span class='ocrx_word' id='word_1_597' title='bbox 3229 4095 3310 4150; x_wconf 85' lang='lat' dir='ltr'><strong>sed</strong></span> <span class='ocrx_word' id='word_1_598' title='bbox 3331 4074 3629 4176; x_wconf 59' lang='grc' dir='ltr'><strong>εωριαε⁵⁹ο9“ί’</strong></span> 
     </span>
    </p>
   </div>
   <div class='ocr_carea' id='block_1_86' title="bbox 2236 4168 3630 4263">
    <p class='ocr_par' dir='ltr' id='par_1_86' title="bbox 2236 4168 3630 4263">
     <span class='ocr_line' id='line_1_86' title="bbox 2236 4168 3630 4263; baseline -0.015 -16"><span class='ocrx_word' id='word_1_599' title='bbox 2236 4168 2462 4262; x_wconf 9' lang='lat' dir='ltr'><strong>cunque,</strong></span> <span class='ocrx_word' id='word_1_600' title='bbox 2500 4201 2596 4247; x_wconf 90' lang='lat' dir='ltr'><strong>aut</strong></span> <span class='ocrx_word' id='word_1_601' title='bbox 2643 4192 2817 4263; x_wconf 89' lang='lat' dir='ltr'><strong>legem</strong></span> <span class='ocrx_word' id='word_1_602' title='bbox 2861 4192 3079 4246; x_wconf 83' lang='lat' dir='ltr'><strong>irritam</strong></span> <span class='ocrx_word' id='word_1_603' title='bbox 3124 4189 3263 4251; x_wconf 85' lang='lat' dir='ltr'><strong>facit,</strong></span> <span class='ocrx_word' id='word_1_604' title='bbox 3301 4190 3381 4239; x_wconf 70' lang='lat' dir='ltr'><strong>aut</strong></span> <span class='ocrx_word' id='word_1_605' title='bbox 3423 4168 3630 4263; x_wconf 59' lang='lat' dir='ltr'><strong>Evangelii&quot;</strong></span> 
     </span>
    </p>
   </div>
   <div class='ocr_carea' id='block_1_87' title="bbox 2236 4261 3629 4346">
    <p class='ocr_par' dir='ltr' id='par_1_87' title="bbox 2236 4261 3629 4346">
     <span class='ocr_line' id='line_1_87' title="bbox 2236 4261 3629 4346; baseline -0.017 -11"><span class='ocrx_word' id='word_1_606' title='bbox 2236 4261 2437 4346; x_wconf 81' lang='lat' dir='ltr'><strong>renuit,</strong></span> <span class='ocrx_word' id='word_1_607' title='bbox 2468 4280 2557 4335; x_wconf 86' lang='lat' dir='ltr'><strong>hic</strong></span> <span class='ocrx_word' id='word_1_608' title='bbox 2573 4295 2682 4335; x_wconf 91' lang='lat' dir='ltr'><strong>non</strong></span> <span class='ocrx_word' id='word_1_609' title='bbox 2705 4261 2874 4335; x_wconf 87' lang='lat' dir='ltr'><strong>habet</strong></span> <span class='ocrx_word' id='word_1_610' title='bbox 2903 4280 3234 4342; x_wconf 89' lang='lat' dir='ltr'><strong>didrachma,</strong></span> <span class='ocrx_word' id='word_1_611' title='bbox 3258 4289 3347 4330; x_wconf 87' lang='lat' dir='ltr'><strong>nec</strong></span> <span class='ocrx_word' id='word_1_612' title='bbox 3374 4269 3495 4337; x_wconf 84' lang='lat' dir='ltr'><strong>hujus</strong></span> <span class='ocrx_word' id='word_1_613' title='bbox 3521 4261 3629 4313; x_wconf 67' lang='grc' dir='ltr'><strong>ἐσίω·</strong></span> 
     </span>
    </p>
   </div>
   <div class='ocr_carea' id='block_1_88' title="bbox 2235 4352 3631 4440">
    <p class='ocr_par' dir='ltr' id='par_1_88' title="bbox 2235 4352 3631 4440">
     <span class='ocr_line' id='line_1_88' title="bbox 2235 4352 3631 4440; baseline -0.014 -14"><span class='ocrx_word' id='word_1_614' title='bbox 2235 4388 2362 4426; x_wconf 89' lang='lat' dir='ltr'><strong>nam</strong></span> <span class='ocrx_word' id='word_1_615' title='bbox 2396 4380 2451 4425; x_wconf 90' lang='lat' dir='ltr'><strong>ut</strong></span> <span class='ocrx_word' id='word_1_616' title='bbox 2480 4370 2915 4426; x_wconf 86' lang='lat' dir='ltr'><strong>sanctiﬁcantem</strong></span> <span class='ocrx_word' id='word_1_617' title='bbox 2948 4370 3249 4440; x_wconf 85' lang='lat' dir='ltr'><strong>recipimus.</strong></span> <span class='ocrx_word' id='word_1_618' title='bbox 3288 4352 3631 4440; x_wconf 41' lang='lat' dir='ltr'><strong>llacreticcsaltl?II</strong></span> 
     </span>
    </p>
   </div>
   <div class='ocr_carea' id='block_1_89' title="bbox 558 4438 3630 4538">
    <p class='ocr_par' dir='ltr' id='par_1_89' title="bbox 558 4438 3630 4538">
     <span class='ocr_line' id='line_1_89' title="bbox 558 4438 3630 4538; baseline -0.001 -15"><span class='ocrx_word' id='word_1_619' title='bbox 558 4438 874 4538; x_wconf 46' lang='lat' dir='ltr'><strong>Supp-utant</strong></span> <span class='ocrx_word' id='word_1_620' title='bbox 904 4438 1088 4521; x_wconf 70' lang='lat' dir='ltr'><strong>autem</strong></span> <span class='ocrx_word' id='word_1_621' title='bbox 1121 4438 1397 4535; x_wconf 51' lang='lat' dir='ltr'><strong>usque-ad</strong></span> <span class='ocrx_word' id='word_1_622' title='bbox 1421 4438 1632 4520; x_wconf 62' lang='lat' dir='ltr'><strong>Jubilazi</strong></span> <span class='ocrx_word' id='word_1_623' title='bbox 1664 4466 1921 4536; x_wconf 90' lang='lat' dir='ltr'><strong>pretium,</strong></span> <span class='ocrx_word' id='word_1_624' title='bbox 1971 4469 2022 4523; x_wconf 92' lang='lat' dir='ltr'><strong>id</strong></span> <span class='ocrx_word' id='word_1_625' title='bbox 2049 4479 2136 4525; x_wconf 90' lang='lat' dir='ltr'><strong>cst</strong></span> <span class='ocrx_word' id='word_1_626' title='bbox 2168 4459 2213 4514; x_wconf 79' lang='grc' dir='ltr'><strong>Ι)</strong></span> <span class='ocrx_word' id='word_1_627' title='bbox 2240 4474 2295 4517; x_wconf 71' lang='grc' dir='ltr'><strong>ει</strong></span> <span class='ocrx_word' id='word_1_628' title='bbox 2317 4462 2551 4527; x_wconf 74' lang='lat' dir='ltr'><strong>Jud&#39;J‘OS.</strong></span> <span class='ocrx_word' id='word_1_629' title='bbox 2574 4476 2806 4531; x_wconf 84' lang='lat' dir='ltr'><strong>quorum</strong></span> <span class='ocrx_word' id='word_1_630' title='bbox 2834 4462 2925 4516; x_wconf 77' lang='lat' dir='ltr'><strong>alii</strong></span> <span class='ocrx_word' id='word_1_631' title='bbox 2949 4438 3195 4533; x_wconf 57' lang='lat' dir='ltr'><strong>gratiam.</strong></span> <span class='ocrx_word' id='word_1_632' title='bbox 3224 4456 3308 4511; x_wconf 69' lang='lat' dir='ltr'><strong>am</strong></span> <span class='ocrx_word' id='word_1_633' title='bbox 3346 4453 3482 4520; x_wconf 63' lang='grc'><strong>1⁸8⁸⁸³³</strong></span> <span class='ocrx_word' id='word_1_634' title='bbox 3512 4438 3630 4504; x_wconf 56' lang='lat' dir='ltr'><strong>mm</strong></span> 
     </span>
    </p>
   </div>
   <div class='ocr_carea' id='block_1_90' title="bbox 554 4554 2133 4624">
    <p class='ocr_par' dir='ltr' id='par_1_90' title="bbox 554 4554 2133 4624">
     <span class='ocr_line' id='line_1_90' title="bbox 554 4554 2133 4624; baseline 0.002 -14"><span class='ocrx_word' id='word_1_635' title='bbox 554 4571 624 4610; x_wconf 78' lang='lat' dir='ltr'><strong>ex</strong></span> <span class='ocrx_word' id='word_1_636' title='bbox 670 4554 756 4610; x_wconf 87' lang='lat' dir='ltr'><strong>his</strong></span> <span class='ocrx_word' id='word_1_637' title='bbox 805 4568 927 4624; x_wconf 77' lang='lat' dir='ltr'><strong>quae</strong></span> <span class='ocrx_word' id='word_1_638' title='bbox 975 4554 1045 4608; x_wconf 91' lang='lat' dir='ltr'><strong>de</strong></span> <span class='ocrx_word' id='word_1_639' title='bbox 1097 4555 1418 4624; x_wconf 65' lang='lat' dir='ltr'><strong>paenitentia</strong></span> <span class='ocrx_word' id='word_1_640' title='bbox 1472 4555 1528 4608; x_wconf 92' lang='lat' dir='ltr'><strong>in</strong></span> <span class='ocrx_word' id='word_1_641' title='bbox 1569 4555 1753 4610; x_wconf 91' lang='lat' dir='ltr'><strong>divina</strong></span> <span class='ocrx_word' id='word_1_642' title='bbox 1808 4556 1953 4611; x_wconf 89' lang='lat' dir='ltr'><strong>dicta</strong></span> <span class='ocrx_word' id='word_1_643' title='bbox 2002 4568 2133 4614; x_wconf 91' lang='lat' dir='ltr'><strong>sunt</strong></span> 
     </span>
    </p>
   </div>
   <div class='ocr_carea' id='block_1_91' title="bbox 558 4643 2129 4717">
    <p class='ocr_par' dir='ltr' id='par_1_91' title="bbox 558 4643 2129 4717">
     <span class='ocr_line' id='line_1_91' title="bbox 558 4643 2129 4717; baseline 0 -15"><span class='ocrx_word' id='word_1_644' title='bbox 558 4645 868 4717; x_wconf 87' lang='lat' dir='ltr'><strong>Scriptura.</strong></span> <span class='ocrx_word' id='word_1_645' title='bbox 917 4644 1037 4715; x_wconf 91' lang='lat' dir='ltr'><strong>Ipsa</strong></span> <span class='ocrx_word' id='word_1_646' title='bbox 1078 4643 1226 4698; x_wconf 90' lang='lat' dir='ltr'><strong>enim</strong></span> <span class='ocrx_word' id='word_1_647' title='bbox 1254 4643 1569 4711; x_wconf 46' lang='lat' dir='ltr'><strong>aestimatio</strong></span> <span class='ocrx_word' id='word_1_648' title='bbox 1616 4652 1699 4699; x_wconf 90' lang='lat' dir='ltr'><strong>est</strong></span> <span class='ocrx_word' id='word_1_649' title='bbox 1727 4645 1856 4698; x_wconf 88' lang='lat' dir='ltr'><strong>anni</strong></span> <span class='ocrx_word' id='word_1_650' title='bbox 1891 4645 2129 4713; x_wconf 83' lang='lat' dir='ltr'><strong>Jubilaei,</strong></span> 
     </span>
    </p>
   </div>
   <div class='ocr_carea' id='block_1_92' title="bbox 553 4734 2133 4806">
    <p class='ocr_par' dir='ltr' id='par_1_92' title="bbox 553 4734 2133 4806">
     <span class='ocr_line' id='line_1_92' title="bbox 553 4734 2133 4806; baseline -0.003 -13"><span class='ocrx_word' id='word_1_651' title='bbox 553 4738 670 4794; x_wconf 89' lang='lat' dir='ltr'><strong>sive</strong></span> <span class='ocrx_word' id='word_1_652' title='bbox 696 4734 1057 4799; x_wconf 88' lang='lat' dir='ltr'><strong>remissionis,</strong></span> <span class='ocrx_word' id='word_1_653' title='bbox 1088 4744 1196 4789; x_wconf 89' lang='lat' dir='ltr'><strong>tam</strong></span> <span class='ocrx_word' id='word_1_654' title='bbox 1226 4734 1353 4804; x_wconf 88' lang='lat' dir='ltr'><strong>quia</strong></span> <span class='ocrx_word' id='word_1_655' title='bbox 1375 4735 1491 4805; x_wconf 88' lang='lat' dir='ltr'><strong>ipsa</strong></span> <span class='ocrx_word' id='word_1_656' title='bbox 1521 4734 1833 4801; x_wconf 69' lang='lat' dir='ltr'><strong>aestimavit,</strong></span> <span class='ocrx_word' id='word_1_657' title='bbox 1864 4735 1978 4791; x_wconf 90' lang='lat' dir='ltr'><strong>sive</strong></span> <span class='ocrx_word' id='word_1_658' title='bbox 2002 4752 2133 4806; x_wconf 89' lang='lat' dir='ltr'><strong>sup-</strong></span> 
     </span>
    </p>
   </div>
   <div class='ocr_carea' id='block_1_93' title="bbox 554 4827 2131 4900">
    <p class='ocr_par' dir='ltr' id='par_1_93' title="bbox 554 4827 2131 4900">
     <span class='ocr_line' id='line_1_93' title="bbox 554 4827 2131 4900; baseline -0.002 -14"><span class='ocrx_word' id='word_1_659' title='bbox 554 4830 767 4900; x_wconf 87' lang='lat' dir='ltr'><strong>putavit</strong></span> <span class='ocrx_word' id='word_1_660' title='bbox 805 4827 1211 4898; x_wconf 64' lang='lat' dir='ltr'><strong>paenitentiam,</strong></span> <span class='ocrx_word' id='word_1_661' title='bbox 1258 4843 1421 4897; x_wconf 89' lang='lat' dir='ltr'><strong>quam</strong></span> <span class='ocrx_word' id='word_1_662' title='bbox 1469 4828 1596 4898; x_wconf 90' lang='lat' dir='ltr'><strong>quia</strong></span> <span class='ocrx_word' id='word_1_663' title='bbox 1644 4827 1879 4883; x_wconf 72' lang='lat' dir='ltr'><strong>azstimat</strong></span> <span class='ocrx_word' id='word_1_664' title='bbox 1925 4838 2131 4897; x_wconf 86' lang='lat' dir='ltr'><strong>quanta</strong></span> 
     </span>
    </p>
   </div>
   <div class='ocr_carea' id='block_1_94' title="bbox 551 4915 2129 4990">
    <p class='ocr_par' dir='ltr' id='par_1_94' title="bbox 551 4915 2129 4990">
     <span class='ocr_line' id='line_1_94' title="bbox 551 4915 2129 4990; baseline -0.003 -16"><span class='ocrx_word' id='word_1_665' title='bbox 551 4920 674 4990; x_wconf 90' lang='lat' dir='ltr'><strong>ejus</strong></span> <span class='ocrx_word' id='word_1_666' title='bbox 712 4918 782 4973; x_wconf 86' lang='lat' dir='ltr'><strong>sit</strong></span> <span class='ocrx_word' id='word_1_667' title='bbox 807 4915 1067 4988; x_wconf 88' lang='lat' dir='ltr'><strong>dignitas,</strong></span> <span class='ocrx_word' id='word_1_668' title='bbox 1110 4915 1213 4970; x_wconf 89' lang='lat' dir='ltr'><strong>hoc</strong></span> <span class='ocrx_word' id='word_1_669' title='bbox 1256 4916 1404 4970; x_wconf 89' lang='lat' dir='ltr'><strong>enim</strong></span> <span class='ocrx_word' id='word_1_670' title='bbox 1446 4916 1679 4971; x_wconf 89' lang='lat' dir='ltr'><strong>dicimus</strong></span> <span class='ocrx_word' id='word_1_671' title='bbox 1708 4930 1831 4970; x_wconf 89' lang='lat' dir='ltr'><strong>esse</strong></span> <span class='ocrx_word' id='word_1_672' title='bbox 1886 4916 2129 4970; x_wconf 67' lang='lat' dir='ltr'><strong>aestima-</strong></span> 
     </span>
    </p>
   </div>
   <div class='ocr_carea' id='block_1_95' title="bbox 556 5006 2131 5079">
    <p class='ocr_par' dir='ltr' id='par_1_95' title="bbox 556 5006 2131 5079">
     <span class='ocr_line' id='line_1_95' title="bbox 556 5006 2131 5079; baseline -0.002 -12"><span class='ocrx_word' id='word_1_673' title='bbox 556 5013 784 5074; x_wconf 90' lang='lat' dir='ltr'><strong>tionem,</strong></span> <span class='ocrx_word' id='word_1_674' title='bbox 812 5009 940 5079; x_wconf 86' lang='lat' dir='ltr'><strong>quia</strong></span> <span class='ocrx_word' id='word_1_675' title='bbox 978 5008 1060 5063; x_wconf 89' lang='lat' dir='ltr'><strong>sic</strong></span> <span class='ocrx_word' id='word_1_676' title='bbox 1090 5007 1411 5074; x_wconf 82' lang='lat' dir='ltr'><strong>poenitentia</strong></span> <span class='ocrx_word' id='word_1_677' title='bbox 1434 5006 1677 5069; x_wconf 81' lang='lat' dir='ltr'><strong>deﬁnita,</strong></span> <span class='ocrx_word' id='word_1_678' title='bbox 1711 5007 1961 5064; x_wconf 84' lang='lat' dir='ltr'><strong>deﬁnitio</strong></span> <span class='ocrx_word' id='word_1_679' title='bbox 2007 5008 2131 5077; x_wconf 84' lang='lat' dir='ltr'><strong>ejus</strong></span> 
     </span>
    </p>
   </div>
   <div class='ocr_carea' id='block_1_96' title="bbox 554 5082 1807 5166">
    <p class='ocr_par' dir='ltr' id='par_1_96' title="bbox 554 5082 1807 5166">
     <span class='ocr_line' id='line_1_96' title="bbox 554 5082 1807 5166; baseline -0.004 -11"><span class='ocrx_word' id='word_1_680' title='bbox 554 5109 743 5155; x_wconf 83' lang='lat' dir='ltr'><strong>sancta</strong></span> <span class='ocrx_word' id='word_1_681' title='bbox 773 5100 878 5153; x_wconf 90' lang='lat' dir='ltr'><strong>erit</strong></span> <span class='ocrx_word' id='word_1_682' title='bbox 907 5096 1037 5161; x_wconf 86' lang='lat' dir='ltr'><strong>Deo,</strong></span> <span class='ocrx_word' id='word_1_683' title='bbox 1061 5082 1287 5166; x_wconf 83' lang='lat' dir='ltr'><strong>propter</strong></span> <span class='ocrx_word' id='word_1_684' title='bbox 1316 5084 1460 5163; x_wconf 82' lang='lat' dir='ltr'><strong>quod</strong></span> <span class='ocrx_word' id='word_1_685' title='bbox 1487 5104 1544 5149; x_wconf 90' lang='lat' dir='ltr'><strong>et</strong></span> <span class='ocrx_word' id='word_1_686' title='bbox 1563 5094 1807 5150; x_wconf 90' lang='lat' dir='ltr'><strong>addidit:</strong></span> 
     </span>
    </p>
   </div>
   <div class='ocr_carea' id='block_1_97' title="bbox 628 5186 2125 5259">
    <p class='ocr_par' dir='ltr' id='par_1_97' title="bbox 628 5186 2125 5259">
     <span class='ocr_line' id='line_1_97' title="bbox 628 5186 2125 5259; baseline -0.004 -13"><span class='ocrx_word' id='word_1_687' title='bbox 628 5192 696 5247; x_wconf 84' lang='lat' dir='ltr'><strong>Et</strong></span> <span class='ocrx_word' id='word_1_688' title='bbox 720 5190 867 5244; x_wconf 79' lang='lat' dir='ltr'><strong>dabit</strong></span> <span class='ocrx_word' id='word_1_689' title='bbox 897 5190 986 5242; x_wconf 80' lang='lat' dir='ltr'><strong>ille</strong></span> <span class='ocrx_word' id='word_1_690' title='bbox 1009 5188 1099 5259; x_wconf 82' lang='lat' dir='ltr'><strong>qui</strong></span> <span class='ocrx_word' id='word_1_691' title='bbox 1125 5195 1301 5242; x_wconf 88' lang='lat' dir='ltr'><strong>votum</strong></span> <span class='ocrx_word' id='word_1_692' title='bbox 1345 5194 1554 5239; x_wconf 80' lang='lat' dir='ltr'><strong>voverat</strong></span> <span class='ocrx_word' id='word_1_693' title='bbox 1591 5186 1835 5240; x_wconf 90' lang='lat' dir='ltr'><strong>Domino.</strong></span> <span class='ocrx_word' id='word_1_694' title='bbox 1884 5187 2011 5241; x_wconf 82' lang='lat' dir='ltr'><strong>Sive</strong></span> <span class='ocrx_word' id='word_1_695' title='bbox 2036 5201 2125 5241; x_wconf 83' lang='lat' dir='ltr'><strong>8e-</strong></span> 
     </span>
    </p>
   </div>
   <div class='ocr_carea' id='block_1_98' title="bbox 556 5278 2129 5347">
    <p class='ocr_par' dir='ltr' id='par_1_98' title="bbox 556 5278 2129 5347">
     <span class='ocr_line' id='line_1_98' title="bbox 556 5278 2129 5347; baseline -0.004 -8"><span class='ocrx_word' id='word_1_696' title='bbox 556 5284 800 5339; x_wconf 89' lang='lat' dir='ltr'><strong>cundum</strong></span> <span class='ocrx_word' id='word_1_697' title='bbox 826 5282 986 5347; x_wconf 78' lang='lat' dir='ltr'><strong>LXX,</strong></span> <span class='ocrx_word' id='word_1_698' title='bbox 1016 5281 1083 5336; x_wconf 85' lang='lat' dir='ltr'><strong>Et</strong></span> <span class='ocrx_word' id='word_1_699' title='bbox 1112 5279 1291 5334; x_wconf 87' lang='lat' dir='ltr'><strong>reddet</strong></span> <span class='ocrx_word' id='word_1_700' title='bbox 1320 5280 1546 5347; x_wconf 85' lang='lat' dir='ltr'><strong>pretium</strong></span> <span class='ocrx_word' id='word_1_701' title='bbox 1581 5279 1634 5332; x_wconf 88' lang='lat' dir='ltr'><strong>in</strong></span> <span class='ocrx_word' id='word_1_702' title='bbox 1656 5280 1741 5332; x_wconf 89' lang='lat' dir='ltr'><strong>die</strong></span> <span class='ocrx_word' id='word_1_703' title='bbox 1767 5278 1857 5331; x_wconf 80' lang='lat' dir='ltr'><strong>illo</strong></span> <span class='ocrx_word' id='word_1_704' title='bbox 1887 5287 2129 5332; x_wconf 88' lang='lat' dir='ltr'><strong>sanctum</strong></span> 
     </span>
    </p>
   </div>
   <div class='ocr_carea' id='block_1_99' title="bbox 560 5368 2129 5442">
    <p class='ocr_par' dir='ltr' id='par_1_99' title="bbox 560 5368 2129 5442">
     <span class='ocr_line' id='line_1_99' title="bbox 560 5368 2129 5442; baseline -0.003 -15"><span class='ocrx_word' id='word_1_705' title='bbox 560 5375 804 5428; x_wconf 86' lang='lat' dir='ltr'><strong>Domino.</strong></span> <span class='ocrx_word' id='word_1_706' title='bbox 844 5372 903 5427; x_wconf 86' lang='lat' dir='ltr'><strong>In</strong></span> <span class='ocrx_word' id='word_1_707' title='bbox 934 5382 1179 5442; x_wconf 85' lang='lat' dir='ltr'><strong>tempore</strong></span> <span class='ocrx_word' id='word_1_708' title='bbox 1219 5371 1389 5435; x_wconf 85' lang='lat' dir='ltr'><strong>enim,</strong></span> <span class='ocrx_word' id='word_1_709' title='bbox 1429 5370 1484 5423; x_wconf 94' lang='lat' dir='ltr'><strong>in</strong></span> <span class='ocrx_word' id='word_1_710' title='bbox 1507 5384 1616 5439; x_wconf 92' lang='lat' dir='ltr'><strong>quo</strong></span> <span class='ocrx_word' id='word_1_711' title='bbox 1656 5368 1955 5423; x_wconf 89' lang='lat' dir='ltr'><strong>secundum</strong></span> <span class='ocrx_word' id='word_1_712' title='bbox 1987 5369 2129 5423; x_wconf 75' lang='lat' dir='ltr'><strong>lianc</strong></span> 
     </span>
    </p>
   </div>
   <div class='ocr_carea' id='block_1_100' title="bbox 559 5460 2125 5535">
    <p class='ocr_par' dir='ltr' id='par_1_100' title="bbox 559 5460 2125 5535">
     <span class='ocr_line' id='line_1_100' title="bbox 559 5460 2125 5535; baseline -0.006 -14"><span class='ocrx_word' id='word_1_713' title='bbox 559 5466 845 5532; x_wconf 83' lang='lat' dir='ltr'><strong>rationem,</strong></span> <span class='ocrx_word' id='word_1_714' title='bbox 874 5481 939 5521; x_wconf 90' lang='lat' dir='ltr'><strong>ea</strong></span> <span class='ocrx_word' id='word_1_715' title='bbox 968 5479 1091 5535; x_wconf 67' lang='lat' dir='ltr'><strong>quae</strong></span> <span class='ocrx_word' id='word_1_716' title='bbox 1131 5473 1260 5519; x_wconf 89' lang='lat' dir='ltr'><strong>sunt</strong></span> <span class='ocrx_word' id='word_1_717' title='bbox 1288 5463 1356 5518; x_wconf 91' lang='lat' dir='ltr'><strong>de</strong></span> <span class='ocrx_word' id='word_1_718' title='bbox 1384 5461 1704 5533; x_wconf 87' lang='lat' dir='ltr'><strong>poenitentia</strong></span> <span class='ocrx_word' id='word_1_719' title='bbox 1767 5460 2125 5524; x_wconf 88' lang='lat' dir='ltr'><strong>deﬁniuntur,</strong></span> 
     </span>
    </p>
   </div>
   <div class='ocr_carea' id='block_1_101' title="bbox 558 5551 2126 5619">
    <p class='ocr_par' dir='ltr' id='par_1_101' title="bbox 558 5551 2126 5619">
     <span class='ocr_line' id='line_1_101' title="bbox 558 5551 2126 5619; baseline -0.002 -11"><span class='ocrx_word' id='word_1_720' title='bbox 558 5554 673 5610; x_wconf 87' lang='lat' dir='ltr'><strong>sive</strong></span> <span class='ocrx_word' id='word_1_721' title='bbox 698 5556 1034 5612; x_wconf 89' lang='lat' dir='ltr'><strong>inducuntur</strong></span> <span class='ocrx_word' id='word_1_722' title='bbox 1083 5555 1155 5619; x_wconf 91' lang='lat' dir='ltr'><strong>ei,</strong></span> <span class='ocrx_word' id='word_1_723' title='bbox 1205 5569 1329 5610; x_wconf 89' lang='lat' dir='ltr'><strong>cum</strong></span> <span class='ocrx_word' id='word_1_724' title='bbox 1381 5553 1828 5607; x_wconf 84' lang='lat' dir='ltr'><strong>necessaria&#39;est</strong></span> <span class='ocrx_word' id='word_1_725' title='bbox 1884 5551 2126 5606; x_wconf 89' lang='lat' dir='ltr'><strong>deﬁnitio</strong></span> 
     </span>
    </p>
   </div>
   <div class='ocr_carea' id='block_1_102' title="bbox 660 5730 1804 5801">
    <p class='ocr_par' dir='ltr' id='par_1_102' title="bbox 660 5730 1804 5801">
     <span class='ocr_line' id='line_1_102' title="bbox 660 5730 1804 5801; baseline -0.007 -8"><span class='ocrx_word' id='word_1_726' title='bbox 660 5737 709 5768; x_wconf 83' lang='lat'><strong>&quot;</strong></span> <span class='ocrx_word' id='word_1_727' title='bbox 743 5736 881 5792; x_wconf 84' lang='lat' dir='ltr'><strong>Psal.</strong></span> <span class='ocrx_word' id='word_1_728' title='bbox 918 5751 1083 5801; x_wconf 74' lang='lat' dir='ltr'><strong>Lxxn,</strong></span> <span class='ocrx_word' id='word_1_729' title='bbox 1128 5735 1208 5789; x_wconf 85' lang='lat' dir='ltr'><strong>l0.</strong></span> <span class='ocrx_word' id='word_1_730' title='bbox 1322 5733 1362 5762; x_wconf 68' lang='grc'><strong>⁵⁸</strong></span> <span class='ocrx_word' id='word_1_731' title='bbox 1404 5730 1544 5786; x_wconf 71' lang='lat' dir='ltr'><strong>l’sal.</strong></span> <span class='ocrx_word' id='word_1_732' title='bbox 1577 5745 1683 5797; x_wconf 64' lang='grc' dir='ltr'><strong>ιιι,</strong></span> <span class='ocrx_word' id='word_1_733' title='bbox 1722 5731 1804 5785; x_wconf 78' lang='grc' dir='ltr'><strong>Η.</strong></span> 
     </span>
    </p>
   </div>
   <div class='ocr_carea' id='block_1_103' title="bbox 1920 5727 2368 5797">
    <p class='ocr_par' dir='ltr' id='par_1_103' title="bbox 1920 5727 2368 5797">
     <span class='ocr_line' id='line_1_103' title="bbox 1920 5727 2368 5797; baseline -0.002 -14"><span class='ocrx_word' id='word_1_734' title='bbox 1920 5728 2004 5783; x_wconf 77' lang='lat' dir='ltr'><strong>&quot;l</strong></span> <span class='ocrx_word' id='word_1_735' title='bbox 2039 5727 2178 5784; x_wconf 84' lang='lat' dir='ltr'><strong>Tim.</strong></span> <span class='ocrx_word' id='word_1_736' title='bbox 2215 5745 2288 5797; x_wconf 81' lang='lat' dir='ltr'><strong>Iv,</strong></span> <span class='ocrx_word' id='word_1_737' title='bbox 2314 5729 2368 5783; x_wconf 72' lang='lat'><strong>2.</strong></span> 
     </span>
    </p>
   </div>
   <div class='ocr_carea' id='block_1_104' title="bbox 2237 4553 3617 4623">
    <p class='ocr_par' dir='ltr' id='par_1_104' title="bbox 2237 4553 3617 4623">
     <span class='ocr_line' id='line_1_104' title="bbox 2237 4553 3617 4623; baseline 0.001 -17"><span class='ocrx_word' id='word_1_738' title='bbox 2237 4553 2516 4623; x_wconf 64' lang='lat' dir='ltr'><strong>aequaliter</strong></span> <span class='ocrx_word' id='word_1_739' title='bbox 2549 4553 2931 4623; x_wconf 88' lang='lat' dir='ltr'><strong>suscipiamus.</strong></span> <span class='ocrx_word' id='word_1_740' title='bbox 3612 4613 3617 4618; x_wconf 21' lang='grc' dir='ltr'><strong>Α</strong></span> 
     </span>
    </p>
   </div>
   <div class='ocr_carea' id='block_1_105' title="bbox 2311 4622 3632 4715">
    <p class='ocr_par' dir='ltr' id='par_1_105' title="bbox 2311 4622 3632 4715">
     <span class='ocr_line' id='line_1_105' title="bbox 2311 4622 3632 4715; baseline -0.008 -17"><span class='ocrx_word' id='word_1_741' title='bbox 2311 4622 2669 4715; x_wconf 76' lang='lat' dir='ltr'><strong>Primogenita</strong></span> <span class='ocrx_word' id='word_1_742' title='bbox 2698 4661 2815 4715; x_wconf 78' lang='lat' dir='ltr'><strong>qua:</strong></span> <span class='ocrx_word' id='word_1_743' title='bbox 2847 4646 2919 4698; x_wconf 89' lang='lat' dir='ltr'><strong>ad</strong></span> <span class='ocrx_word' id='word_1_744' title='bbox 2944 4645 3111 4698; x_wconf 87' lang='lat' dir='ltr'><strong>Deum</strong></span> <span class='ocrx_word' id='word_1_745' title='bbox 3121 4643 3378 4709; x_wconf 77' lang='lat' dir='ltr'><strong>pertinent,</strong></span> <span class='ocrx_word' id='word_1_746' title='bbox 3399 4643 3510 4687; x_wconf 74' lang='lat' dir='ltr'><strong>uento</strong></span> 
     </span>
    </p>
   </div>
   <div class='ocr_carea' id='block_1_106' title="bbox 2236 4711 3633 4803">
    <p class='ocr_par' dir='ltr' id='par_1_106' title="bbox 2236 4711 3633 4803">
     <span class='ocr_line' id='line_1_106' title="bbox 2236 4711 3633 4803; baseline -0.004 -16"><span class='ocrx_word' id='word_1_747' title='bbox 2236 4734 2398 4802; x_wconf 82' lang='lat' dir='ltr'><strong>ﬁcare</strong></span> <span class='ocrx_word' id='word_1_748' title='bbox 2430 4711 2617 4803; x_wconf 71' lang='lat' dir='ltr'><strong>potest,</strong></span> <span class='ocrx_word' id='word_1_749' title='bbox 2653 4711 2720 4788; x_wconf 62' lang='grc' dir='ltr'><strong>ρι’</strong></span> <span class='ocrx_word' id='word_1_750' title='bbox 2760 4751 2974 4799; x_wconf 85' lang='lat' dir='ltr'><strong>vovere;</strong></span> <span class='ocrx_word' id='word_1_751' title='bbox 3004 4733 3123 4789; x_wconf 85' lang='lat' dir='ltr'><strong>Siue</strong></span> <span class='ocrx_word' id='word_1_752' title='bbox 3156 4734 3259 4792; x_wconf 87' lang='lat' dir='ltr'><strong>bos,</strong></span> <span class='ocrx_word' id='word_1_753' title='bbox 3296 4730 3388 4783; x_wconf 81' lang='lat' dir='ltr'><strong>sive</strong></span> <span class='ocrx_word' id='word_1_754' title='bbox 3427 4722 3507 4776; x_wconf 75' lang='lat' dir='ltr'><strong>oris</strong></span> <span class='ocrx_word' id='word_1_755' title='bbox 3538 4711 3633 4782; x_wconf 53' lang='grc' dir='ltr'><strong>[νηί</strong></span> 
     </span>
    </p>
   </div>
   <div class='ocr_carea' id='block_1_107' title="bbox 2242 4804 3633 4897">
    <p class='ocr_par' dir='ltr' id='par_1_107' title="bbox 2242 4804 3633 4897">
     <span class='ocr_line' id='line_1_107' title="bbox 2242 4804 3633 4897; baseline -0.004 -18"><span class='ocrx_word' id='word_1_756' title='bbox 2242 4828 2452 4881; x_wconf 88' lang='lat' dir='ltr'><strong>Domini</strong></span> <span class='ocrx_word' id='word_1_757' title='bbox 2472 4836 2611 4881; x_wconf 86' lang='lat' dir='ltr'><strong>sunt.</strong></span> <span class='ocrx_word' id='word_1_758' title='bbox 2640 4828 2843 4882; x_wconf 84' lang='lat' dir='ltr'><strong>Pccora</strong></span> <span class='ocrx_word' id='word_1_759' title='bbox 2868 4843 2967 4882; x_wconf 89' lang='lat' dir='ltr'><strong>eos</strong></span> <span class='ocrx_word' id='word_1_760' title='bbox 2991 4827 3082 4897; x_wconf 88' lang='lat' dir='ltr'><strong>qui</strong></span> <span class='ocrx_word' id='word_1_761' title='bbox 3116 4825 3266 4879; x_wconf 88' lang='lat' dir='ltr'><strong>nobis</strong></span> <span class='ocrx_word' id='word_1_762' title='bbox 3280 4804 3633 4897; x_wconf 51' lang='lat' dir='ltr'><strong>obedienlt’sjm</strong></span> 
     </span>
    </p>
   </div>
   <div class='ocr_carea' id='block_1_108' title="bbox 2239 4889 3637 4987">
    <p class='ocr_par' dir='ltr' id='par_1_108' title="bbox 2239 4889 3637 4987">
     <span class='ocr_line' id='line_1_108' title="bbox 2239 4889 3637 4987; baseline -0.014 -17"><span class='ocrx_word' id='word_1_763' title='bbox 2239 4916 2397 4983; x_wconf 92' lang='lat' dir='ltr'><strong>ﬁlios,</strong></span> <span class='ocrx_word' id='word_1_764' title='bbox 2431 4925 2486 4972; x_wconf 90' lang='lat' dir='ltr'><strong>et</strong></span> <span class='ocrx_word' id='word_1_765' title='bbox 2502 4931 2709 4981; x_wconf 87' lang='lat' dir='ltr'><strong>servos,</strong></span> <span class='ocrx_word' id='word_1_766' title='bbox 2744 4916 2798 4969; x_wconf 93' lang='lat' dir='ltr'><strong>in</strong></span> <span class='ocrx_word' id='word_1_767' title='bbox 2839 4889 3266 4987; x_wconf 76' lang='lat' dir='ltr'><strong>pra-cedentibus</strong></span> <span class='ocrx_word' id='word_1_768' title='bbox 3299 4908 3499 4964; x_wconf 79' lang='lat' dir='ltr'><strong>diximus.</strong></span> <span class='ocrx_word' id='word_1_769' title='bbox 3521 4889 3637 4987; x_wconf 60' lang='grc' dir='ltr'><strong>Βοτξιι</strong></span> 
     </span>
    </p>
   </div>
   <div class='ocr_carea' id='block_1_109' title="bbox 2232 4975 3637 5080">
    <p class='ocr_par' dir='ltr' id='par_1_109' title="bbox 2232 4975 3637 5080">
     <span class='ocr_line' id='line_1_109' title="bbox 2232 4975 3637 5080; baseline -0.011 -19"><span class='ocrx_word' id='word_1_770' title='bbox 2232 5008 2682 5079; x_wconf 78' lang='lat' dir='ltr'><strong>primogenitum,</strong></span> <span class='ocrx_word' id='word_1_771' title='bbox 2708 5008 2761 5062; x_wconf 93' lang='lat' dir='ltr'><strong>id</strong></span> <span class='ocrx_word' id='word_1_772' title='bbox 2787 4975 2891 5074; x_wconf 74' lang='lat' dir='ltr'><strong>est,</strong></span> <span class='ocrx_word' id='word_1_773' title='bbox 2917 5010 3011 5078; x_wconf 88' lang='lat' dir='ltr'><strong>qui</strong></span> <span class='ocrx_word' id='word_1_774' title='bbox 3043 5008 3197 5063; x_wconf 87' lang='lat' dir='ltr'><strong>nobis</strong></span> <span class='ocrx_word' id='word_1_775' title='bbox 3227 5005 3299 5059; x_wconf 83' lang='lat' dir='ltr'><strong>sic</strong></span> <span class='ocrx_word' id='word_1_776' title='bbox 3336 5004 3485 5070; x_wconf 84' lang='lat' dir='ltr'><strong>parens</strong></span> 
     </span>
    </p>
   </div>
   <div class='ocr_carea' id='block_1_110' title="bbox 2234 5066 3639 5177">
    <p class='ocr_par' dir='ltr' id='par_1_110' title="bbox 2234 5066 3639 5177">
     <span class='ocr_line' id='line_1_110' title="bbox 2234 5066 3639 5177; baseline 0.008 -26"><span class='ocrx_word' id='word_1_777' title='bbox 2234 5066 2392 5151; x_wconf 75' lang='lat' dir='ltr'><strong>diens</strong></span> <span class='ocrx_word' id='word_1_778' title='bbox 2417 5066 2609 5161; x_wconf 66' lang='lat' dir='ltr'><strong>fuerit,</strong></span> <span class='ocrx_word' id='word_1_779' title='bbox 2642 5066 2705 5151; x_wconf 75' lang='lat' dir='ltr'><strong>ut</strong></span> <span class='ocrx_word' id='word_1_780' title='bbox 2722 5107 2778 5152; x_wconf 89' lang='lat' dir='ltr'><strong>et</strong></span> <span class='ocrx_word' id='word_1_781' title='bbox 2805 5066 3272 5152; x_wconf 48' lang='lat' dir='ltr'><strong>aliis-obedientia‘.</strong></span> <span class='ocrx_word' id='word_1_782' title='bbox 3296 5066 3351 5144; x_wconf 60' lang='lat' dir='ltr'><strong>ei</strong></span> <span class='ocrx_word' id='word_1_783' title='bbox 3368 5066 3639 5177; x_wconf 56' lang='grc' dir='ltr'><strong>βυθἾῶ</strong></span> 
     </span>
    </p>
   </div>
   <div class='ocr_carea' id='block_1_111' title="bbox 2238 5166 3638 5261">
    <p class='ocr_par' dir='ltr' id='par_1_111' title="bbox 2238 5166 3638 5261">
     <span class='ocr_line' id='line_1_111' title="bbox 2238 5166 3638 5261; baseline -0.001 -18"><span class='ocrx_word' id='word_1_784' title='bbox 2238 5198 2352 5243; x_wconf 90' lang='lat' dir='ltr'><strong>tum</strong></span> <span class='ocrx_word' id='word_1_785' title='bbox 2376 5189 2636 5257; x_wconf 68' lang='lat' dir='ltr'><strong>prmbeat,</strong></span> <span class='ocrx_word' id='word_1_786' title='bbox 2699 5197 2755 5243; x_wconf 88' lang='lat' dir='ltr'><strong>et</strong></span> <span class='ocrx_word' id='word_1_787' title='bbox 2787 5197 3076 5257; x_wconf 79' lang='lat' dir='ltr'><strong>prapterea</strong></span> <span class='ocrx_word' id='word_1_788' title='bbox 3106 5186 3192 5241; x_wconf 87' lang='lat' dir='ltr'><strong>hic</strong></span> <span class='ocrx_word' id='word_1_789' title='bbox 3213 5180 3413 5252; x_wconf 71' lang='lat' dir='ltr'><strong>quidem</strong></span> 
     </span>
    </p>
   </div>
   <div class='ocr_carea' id='block_1_112' title="bbox 2238 5246 3637 5342">
    <p class='ocr_par' dir='ltr' id='par_1_112' title="bbox 2238 5246 3637 5342">
     <span class='ocr_line' id='line_1_112' title="bbox 2238 5246 3637 5342; baseline -0.022 -11"><span class='ocrx_word' id='word_1_790' title='bbox 2238 5287 2352 5331; x_wconf 88' lang='lat' dir='ltr'><strong>tum</strong></span> <span class='ocrx_word' id='word_1_791' title='bbox 2376 5246 3012 5342; x_wconf 43' lang='lat' dir='ltr'><strong>ldicitur,&#39;alibi&#39;aultent</strong></span> <span class='ocrx_word' id='word_1_792' title='bbox 3065 5274 3134 5331; x_wconf 90' lang='lat' dir='ltr'><strong>de</strong></span> <span class='ocrx_word' id='word_1_793' title='bbox 3192 5246 3255 5327; x_wconf 78' lang='lat' dir='ltr'><strong>eo</strong></span> <span class='ocrx_word' id='word_1_794' title='bbox 3308 5261 3523 5336; x_wconf 85' lang='lat' dir='ltr'><strong>legislator</strong></span> <span class='ocrx_word' id='word_1_795' title='bbox 3553 5246 3637 5342; x_wconf 48' lang='lat' dir='ltr'><strong>die&quot;</strong></span> 
     </span>
    </p>
   </div>
   <div class='ocr_carea' id='block_1_113' title="bbox 2237 5330 3637 5434">
    <p class='ocr_par' dir='ltr' id='par_1_113' title="bbox 2237 5330 3637 5434">
     <span class='ocr_line' id='line_1_113' title="bbox 2237 5330 3637 5434; baseline -0.021 -9"><span class='ocrx_word' id='word_1_796' title='bbox 2237 5369 2401 5425; x_wconf 84' lang='lat' dir='ltr'><strong>Omne</strong></span> <span class='ocrx_word' id='word_1_797' title='bbox 2434 5368 2783 5422; x_wconf 81' lang='lat' dir='ltr'><strong>masculinum</strong></span> <span class='ocrx_word' id='word_1_798' title='bbox 2805 5367 3113 5434; x_wconf 76' lang='lat' dir='ltr'><strong>adaperiam</strong></span> <span class='ocrx_word' id='word_1_799' title='bbox 3142 5363 3351 5421; x_wconf 75' lang='lat' dir='ltr'><strong>vulvam,</strong></span> <span class='ocrx_word' id='word_1_800' title='bbox 3390 5354 3567 5405; x_wconf 67' lang='lat' dir='ltr'><strong>sanctum</strong></span> <span class='ocrx_word' id='word_1_801' title='bbox 3585 5330 3637 5383; x_wconf 53' lang='grc' dir='ltr'><strong>ω’</strong></span> 
     </span>
    </p>
   </div>
   <div class='ocr_carea' id='block_1_114' title="bbox 2238 5433 3637 5526">
    <p class='ocr_par' dir='ltr' id='par_1_114' title="bbox 2238 5433 3637 5526">
     <span class='ocr_line' id='line_1_114' title="bbox 2238 5433 3637 5526; baseline -0.014 -13"><span class='ocrx_word' id='word_1_802' title='bbox 2238 5461 2379 5513; x_wconf 85' lang='lat' dir='ltr'><strong>mino</strong></span> <span class='ocrx_word' id='word_1_803' title='bbox 2405 5460 2754 5513; x_wconf 73' lang='lat' dir='ltr'><strong>vocabitur“.</strong></span> <span class='ocrx_word' id='word_1_804' title='bbox 2795 5433 3055 5526; x_wconf 78' lang='lat' dir='ltr'><strong>Adsperit</strong></span> <span class='ocrx_word' id='word_1_805' title='bbox 3093 5451 3233 5509; x_wconf 90' lang='lat' dir='ltr'><strong>enim</strong></span> <span class='ocrx_word' id='word_1_806' title='bbox 3263 5448 3444 5504; x_wconf 85' lang='lat' dir='ltr'><strong>vulvam</strong></span> <span class='ocrx_word' id='word_1_807' title='bbox 3479 5433 3637 5526; x_wconf 61' lang='lat' dir='ltr'><strong>gem”:</strong></span> 
     </span>
    </p>
   </div>
   <div class='ocr_carea' id='block_1_115' title="bbox 2237 5517 3639 5621">
    <p class='ocr_par' dir='ltr' id='par_1_115' title="bbox 2237 5517 3639 5621">
     <span class='ocr_line' id='line_1_115' title="bbox 2237 5517 3639 5621; baseline -0.024 -13"><span class='ocrx_word' id='word_1_808' title='bbox 2237 5553 2430 5608; x_wconf 87' lang='lat' dir='ltr'><strong>dorum</strong></span> <span class='ocrx_word' id='word_1_809' title='bbox 2462 5552 2716 5616; x_wconf 85' lang='lat' dir='ltr'><strong>ﬁliorum,</strong></span> <span class='ocrx_word' id='word_1_810' title='bbox 2748 5551 2838 5621; x_wconf 89' lang='lat' dir='ltr'><strong>qui</strong></span> <span class='ocrx_word' id='word_1_811' title='bbox 2862 5517 3084 5605; x_wconf 77' lang='lat' dir='ltr'><strong>obedire</strong></span> <span class='ocrx_word' id='word_1_812' title='bbox 3136 5538 3407 5600; x_wconf 87' lang='lat' dir='ltr'><strong>secundum</strong></span> <span class='ocrx_word' id='word_1_813' title='bbox 3452 5527 3583 5581; x_wconf 74' lang='lat' dir='ltr'><strong>Deum.</strong></span> <span class='ocrx_word' id='word_1_814' title='bbox 3613 5517 3639 5558; x_wconf 71' lang='grc' dir='ltr'><strong>α</strong></span> 
     </span>
    </p>
   </div>
   <div class='ocr_carea' id='block_1_116' title="bbox 2482 5699 3513 5792">
    <p class='ocr_par' dir='ltr' id='par_1_116' title="bbox 2482 5699 3513 5792">
     <span class='ocr_line' id='line_1_116' title="bbox 2482 5699 3513 5792; baseline -0.024 -8"><span class='ocrx_word' id='word_1_815' title='bbox 2482 5731 2526 5763; x_wconf 78' lang='grc' dir='ltr'><strong>⁵ο</strong></span> <span class='ocrx_word' id='word_1_816' title='bbox 2556 5728 2746 5783; x_wconf 75' lang='lat' dir='ltr'><strong>Matth.</strong></span> <span class='ocrx_word' id='word_1_817' title='bbox 2789 5744 2839 5792; x_wconf 88' lang='lat' dir='ltr'><strong>v,</strong></span> <span class='ocrx_word' id='word_1_818' title='bbox 2870 5725 2950 5780; x_wconf 89' lang='lat' dir='ltr'><strong>l7.</strong></span> <span class='ocrx_word' id='word_1_819' title='bbox 3064 5724 3103 5755; x_wconf 83' lang='lat'>“</span> <span class='ocrx_word' id='word_1_820' title='bbox 3129 5717 3452 5776; x_wconf 65' lang='grc' dir='ltr'><strong>Εχθύ.ι›ιιτ,</strong></span> <span class='ocrx_word' id='word_1_821' title='bbox 3475 5699 3513 5754; x_wconf 79' lang='lat'><strong>9-</strong></span> 
     </span>
    </p>
   </div>
  </div>
