3810 6318
134 363 158 430 1
172 363 269 434 1'13

1259 373 1343 436 IN
1381 372 1828 436 LEVITICUM.
1854 400 1922 411 —
1960 374 2107 436 LIB.
2156 376 2286 437 VII.

3264 367 3401 432 1174

129 493 256 535 cum
282 478 372 552 pia
422 479 768 551 subiectione
817 479 1029 553 incipit,
1059 483 1260 553 qualis,
1301 485 1459 542 verbi
1511 483 1709 556 gratia,
1737 485 1787 542 Α
1810 493 2025 554 partem
2052 486 2249 556 pretii:
2295 483 2462 539 addet
2524 469 2796 552 quiniam,
2835 495 2963 537 cum
3015 480 3296 538 intellectu
3346 483 3401 538 ei

130 581 249 628 erat
274 571 443 629 Paulo
465 572 811 637 Timotheus.
840 585 897 631 et
939 584 1233 648 propterea
1280 577 1350 633 de
1404 591 1472 632 eo
1498 577 1564 631 ad
1603 576 1714 633 Co-

143 663 382 719 rinthios
411 664 634 736 scripsit
673 664 818 732 :Qui
852 677 928 723 est
972 668 1117 739 filius
1166 686 1312 725 meus
1367 670 1427 724 in
1467 670 1711 735 Domino,

130 757 239 825 ipse
293 773 383 812 uos
428 760 873 830 commouefaciat
914 762 1030 816 vias
1087 778 1253 830 meas,
1312 779 1429 834 quis
1489 771 1614 817 sunt
1659 764 1717 817 in

137 842 346 900 Christo
378 843 529 901 Jesu.
562 844 723 903 Hunc
754 846 847 919 qui
873 846 997 904 talis
1025 858 1129 915 est,
1168 866 1334 909 nemo
1376 852 1712 909 sanctiﬁcet:
1763 840 1767 843 ⁷

140 951 251 992 non
283 935 411 1007 quia
439 935 696 1008 indignus
738 946 825 993 est
876 940 1328 1006 sanctiﬁcatione,
1376 941 1471 997 sed
1518 950 1580 996 ut
1622 943 1716 1013 qui

134 1043 245 1084 non
285 1036 410 1101 eget
437 1030 788 1095 sanetiﬁcari,
820 1039 906 1086 est
932 1046 1062 1103 ergo
1083 1033 1211 1088 olim
1241 1043 1486 1090 sanctus.
1511 1035 1716 1091 Didici-

136 1118 204 1173 sti
233 1120 408 1186 enim,
460 1122 739 1191 quomodo
798 1131 856 1178 et
903 1124 1159 1195 superius
1204 1125 1546 1192 dicebamus,
1591 1127 1718 1197 quia

137 1207 284 1263 aliud
309 1219 394 1265 est
434 1220 686 1265 sanetum
734 1226 857 1267 esse
902 1213 1109 1284 aliquid
1142 1214 1272 1281 Deo,
1336 1215 1483 1270 aliud
1534 1225 1716 1271 autem

138 1298 355 1355 initium
386 1301 838 1359 sanctiﬁcationis
863 1319 1103 1361 sumere.
1139 1306 1279 1362 Illud
1324 1307 1471 1363 enim
1523 1307 1721 1363 melius

139 1406 207 1446 ac
257 1392 512 1462 superius
557 1402 659 1458 est,
699 1402 893 1465 utpote
931 1398 1075 1467 quod
1096 1397 1225 1453 olim
1282 1397 1587 1468 perfectum
1635 1409 1722 1454 est

144 1483 371 1540 meliore
398 1484 597 1541 rationi
634 1501 745 1541 non
772 1496 916 1559 eget.
943 1486 1083 1555 Quia
1115 1502 1246 1560 ergo
1268 1488 1431 1556 ﬁlius,
1458 1490 1552 1559 qui
1602 1497 1722 1545 tan-

141 1586 257 1634 tum
292 1580 530 1636 honorat
560 1589 772 1653 patrem
816 1592 874 1638 et
900 1592 1157 1648 matrem,
1185 1591 1248 1638 ut
1301 1583 1423 1638 aliis
1454 1583 1551 1639 ﬁat
1595 1584 1722 1640 talis

116 1669 366 1725 ‘honoris
394 1671 746 1741 exemplum;
800 1672 1082 1728 honorans
1123 1683 1308 1729 autem
1343 1684 1568 1746 propter
1602 1676 1713 1745 pie-

147 1769 332 1827 tatem,
356 1761 413 1817 id
437 1771 521 1818 est
551 1772 780 1834 propter
813 1765 1183 1822 obedientiam
1227 1768 1382 1839 legis,
1410 1775 1468 1824 et
1515 1752 1714 1832 sciens,

144 1851 271 1921 quia
293 1850 404 1907 Deo
428 1852 593 1909 oﬂert
621 1854 770 1910 hunc
804 1854 1095 1925 honorem,
1128 1858 1224 1928 qui
1249 1858 1507 1914 honorari
1534 1867 1720 1931 patres

145 1943 422 2014 pmcipit,
459 1945 695 2016 primum
728 1948 1048 2004 mandatum
1079 1949 1224 2020 quod
1271 1959 1356 2005 est
1407 1950 1462 2005 in
1489 1952 1721 2021 promis-

145 2032 322 2098 sione,
341 2035 641 2090 secundum
666 2037 811 2106 quod
840 2036 1038 2093 Paulus
1062 2038 1221 2105 dixit,
1250 2039 1502 2110 impleuit.
1521 2040 1723 2097 Servus

143 2131 349 2189 autem,
381 2126 477 2196 qui
507 2127 736 2183 domino
763 2144 904 2199 pure
925 2129 1202 2195 subditur,
1224 2138 1447 2200 propter
1493 2133 1718 2188 manda-

145 2223 259 2267 tum
287 2215 433 2284 quod
491 2216 852 2284 dixit:Servi,
910 2220 1112 2274 obedite
1144 2221 1371 2276 dominis
1421 2223 1723 2279 carnalibus

145 2320 265 2358 cum
288 2305 475 2360 timore
509 2315 559 2361 et
587 2315 834 2372 tremore,
886 2310 944 2363 in
970 2309 1315 2378 simplicitate
1342 2312 1531 2379 cordis,
1588 2315 1723 2368 sicut

147 2394 397 2460 Domino,
425 2412 528 2450 non
551 2397 624 2451 ad
650 2397 860 2452 oculum
901 2400 1201 2466 seruientes,
1255 2402 1389 2455 sicut
1431 2403 1722 2458 hominibus

148 2484 432 2554 placentes,
473 2487 566 2541 sed
587 2488 722 2542 sicut
748 2491 885 2543 servi
918 2488 1017 2544 Dei
1049 2489 1397 2545 obedientiam
1429 2491 1536 2547 Deo
1552 2505 1725 2548 osten-

147 2576 359 2631 dunt".
393 2575 508 2634 Hoc
534 2587 714 2634 autem
750 2579 894 2635 idem
915 2590 973 2637 et
1001 2581 1326 2653 discipulus.
1362 2582 1417 2638 Si
1466 2586 1725 2656 magistro

146 2667 218 2721 ad
245 2667 509 2723 honorem
540 2667 656 2737 Dei,
693 2671 785 2741 qui
806 2687 904 2741 per
929 2672 1155 2728 Paulum
1196 2684 1480 2731 sanetum:
1513 2676 1726 2733 Obedite

148 2762 444 2829 prepositis
478 2764 682 2826 uestris,
713 2774 763 2818 et
784 2765 1049 2834 subjacete
1092 2767 1183 2831 eis,
1209 2768 1311 2835 ipsi
1363 2769 1503 2822 enim
1550 2772 1725 2840 pervi-

149 2848 318 2919 gilant
370 2865 468 2918 pro
529 2852 810 2908 animabus
872 2856 1081 2920 vestris,
1125 2855 1365 2922 obedite,
1404 2866 1455 2911 et
1504 2859 1724 2929 subjecti

147 2949 306 2996 estote
320 2942 389 3008 ⁸³,
412 2944 480 2997 ad
507 2941 680 2998 Deum
707 2945 913 3001 referre
953 2961 1041 3012 ea,
1076 2962 1201 3017 quae
1226 2957 1359 3003 sunt
1396 2948 1561 3020 huius
1589 2950 1725 3006 ohe-

148 3032 373 3089 dientia:
430 3042 488 3090 et
546 3036 932 3106 subiectionis,
1002 3039 1288 3095 evidenter
1349 3043 1724 3114 unusquisque

1816 577 2128 633 doctrinam
2152 575 2417 640 offerens,
2438 574 2493 629 in
2527 574 2801 646 sapientia
2823 588 2951 629 eum
2972 573 3311 644 gubernans,
3344 583 3396 629 et

1818 681 1930 722 non
1961 665 2291 735 insipienter
2338 680 2557 735 regens.
2610 662 2882 721 Insensati
2915 665 3061 719 enim
3117 663 3315 734 patris,
3342 674 3400 719 et

1821 757 2057 823 domini,
2104 766 2162 812 et
2205 756 2452 827 magistri
2510 763 2617 821 est,
2674 753 3009 817 obedientia,
3058 769 3180 824 quae
3233 755 3304 809 ad
3340 769 3400 810 sc

1818 850 2080 921 pertinet,
2105 850 2302 905 docere
2328 848 2519 913 ﬁlium,
2548 848 2635 904 vel
2656 847 3011 919 discipulum,
3040 847 3129 902 vel
3154 861 3398 909 servum,

1818 951 1875 997 et
1897 957 2008 997 non
2048 942 2344 1012 disponere
2371 941 2494 1011 eius
2548 940 2739 1005 vitam,
2786 948 2848 995 ut
2905 940 3207 995 secundum
3269 937 3403 1010 legis

1819 1033 2105 1090 scientiam
2153 1040 2431 1104 operetur,
2480 1032 2908 1103 permittereque
2953 1046 3079 1086 eum
3119 1031 3398 1089 indoctum

1819 1141 1943 1182 esse
1971 1125 2025 1179 in
2078 1125 2197 1196 lege
2226 1132 2282 1180 et
2306 1124 2642 1194 imperitum.
2703 1124 2880 1180 Addat
2916 1122 3084 1193 igitur
3130 1131 3185 1179 et
3213 1123 3401 1193 subie-

1821 1217 1988 1272 ctioni
2021 1226 2079 1271 et
2102 1216 2370 1270 doctrina:
2414 1210 2933 1283 intellectumfipse
2970 1214 3117 1269 enim
3148 1214 3296 1269 solus
3342 1213 3414 1267 in.

1821 1307 2079 1378 praesenti
2136 1306 2319 1360 minus
2365 1313 2472 1365 est.
2527 1314 2753 1375 propter
2811 1304 2956 1373 quod
3006 1305 3186 1359 dixit:
3233 1306 3411 1360 Addet:

1821 1400 2065 1470 quintam
2084 1408 2289 1468 partem
2304 1398 2478 1467 pretii.

1893 1490 2032 1558 Quia
2064 1490 2300 1560 pretium
2345 1489 2511 1545 habet
2555 1488 2890 1551 obedientia,
2940 1488 3088 1542 unde
3131 1503 3247 1542 non
3291 1488 3399 1542 ait:

1825 1584 2133 1638 zEstimabit
2183 1600 2304 1638 eum
2357 1583 2622 1647 sacerdos,
2678 1582 2823 1638 sicut
2868 1598 3035 1653 supra
3084 1582 3242 1648 dixit,
3304 1583 3398 1638 sed

1825 1676 1973 1730 sicut
1998 1676 2129 1730 olim
2150 1676 2393 1746 pretium
2429 1674 2747 1739 habentem,
2779 1682 2836 1729 et
2872 1674 2965 1744 qui
3024 1673 3403 1728 deﬁnitionem

1752 1797 1795 1858 Β
1825 1768 2112 1832 doctrinm,
2137 1767 2638 1838 subiectionemque
2667 1766 2893 1821 sortitus
2921 1774 3025 1823 est.
3054 1765 3217 1834 iussit
3235 1782 3402 1835 super

1825 1874 1951 1915 eum
2003 1859 2128 1915 addi
2180 1859 2426 1928 quintam
2469 1867 2701 1927 partem,
2734 1868 2796 1912 ut
2843 1858 2969 1927 quia
3009 1858 3399 1921 obedientiam,

1820 1963 1986 2017 quam
2018 1947 2175 2003 valde
2200 1948 2284 2002 lex
2308 1946 2575 2016 praecipit,
2603 1945 2865 2016 possidet,
2903 1949 3203 2001 secundum
3236 1945 3396 2000 LXX.

1824 2040 1997 2096 Filius
2030 2040 2245 2110 sapiens
2275 2039 2529 2095 subditus
2555 2047 2642 2094 est
2679 2038 2845 2108 patri,
2869 2039 3118 2107 quintam
3144 2036 3401 2107 adiicitet

1826 2132 2286 2203 quemadmodum
2312 2131 2570 2198 diximus,
2607 2130 2933 2187 obedientiae
2987 2129 3139 2185 addit
3177 2144 3398 2184 sensum

1824 2241 1887 2278 ex
1909 2238 2019 2294 quo
2044 2224 2363 2280 obediturus
2391 2233 2497 2289 est,
2531 2231 2588 2277 et
2616 2230 2763 2278 recte
2784 2223 3120 2292 redemptus,
3152 2221 3401 2277 invenie-

1827 2324 1916 2370 tur
1940 2317 2200 2370 mundus.
2236 2314 2410 2380 Tunc,
2453 2314 2756 2370 secundum
2794 2312 2956 2378 LXX,
2986 2313 3091 2367 erit
3125 2313 3265 2383 eius,
3306 2313 3399 2381 qui

1826 2407 2074 2477 possidet
2098 2421 2342 2473 servum,
2376 2414 2473 2460 aut
2491 2405 2686 2470 ﬁlium,
2716 2414 2811 2460 aut
2838 2404 3186 2475 discipulum,
3230 2404 3403 2458 habe-
3475 2463 3487 2474 _

1826 2498 1908 2553 bit
1935 2497 2079 2554 enim
2105 2497 2158 2552 in
2183 2513 2251 2553 eo
2276 2498 2506 2569 gloriam
2527 2498 2669 2552 sicut
2696 2496 2897 2552 l’aulus
2926 2497 3092 2552 dixit:
3120 2494 3259 2563 Quia
3282 2495 3401 2567 glo-

1826 2592 1910 2644 ria
1946 2599 2124 2644 nostra
2173 2606 2261 2644 vos
2288 2591 2411 2644 estis
2458 2590 2512 2644 iu
2554 2589 2761 2645 Christo
2811 2589 3023 2644 Iesu“.
3054 2588 3122 2643 Et
3180 2602 3398 2641 rursus:

1828 2678 2044 2735 Gaudeo
2063 2678 2226 2748 igitur
2246 2678 2479 2732 iuvabis.
2520 2678 2586 2733 Et
2637 2691 2854 2733 rursus:
2891 2675 3046 2730 Nune
3103 2676 3243 2729 enim
3264 2675 3402 2729 uivi-

1830 2788 1966 2838 mus,
2001 2773 2046 2825 si
2068 2787 2157 2825 vos
2181 2770 2335 2825 statis
2357 2771 2414 2823 iu
2448 2770 2753 2825 Domino".
2783 2767 2841 2823 Si
2884 2776 3066 2823 autem
3102 2782 3214 2822 non
3243 2767 3427 2825 rede-.

1829 2862 2014 2926 merit,
2083 2862 2177 2932 qui
2236 2862 2429 2927 ﬁlium,
2463 2871 2558 2917 aut
2622 2876 2864 2925 servum,
2914 2868 3009 2915 aut
3071 2858 3403 2929 discipulum

1828 2951 2112 3022 possidet:
2168 2951 2340 3022 ipsius
2373 2952 2518 3006 enim
2549 2966 2676 3006 eum
2737 2950 3008 3006 redimere
3059 2956 3146 3004 est
3199 2955 3255 3003 et
3302 2962 3403 3017 per

1828 3047 2153 3117 prudentem
2174 3046 2606 3102 admonitionem
2632 3055 2915 3102 sensatum
2942 3043 3178 3108 edicere,
3203 3057 3408 3098 secun-

149 3124 346 3180 horum
376 3125 595 3195 dicitur,
621 3127 738 3184 sive
765 3143 865 3199 per
916 3129 1115 3184 bonam
1153 3132 1558 3204 simplicitatem
1603 3135 1722 3205 pla-
1750 3128 1808 3203 ϐ,
1828 3139 1957 3194 dum
2000 3139 2247 3202 modum,
2289 3138 2381 3209 qui
2430 3139 2610 3194 dictus
2648 3147 2752 3205 est,
2806 3137 3077 3193 alienatur
3115 3136 3185 3191 ab
3237 3135 3421 3205 huius.

147 3232 282 3273 cens
308 3228 393 3275 est
416 3217 549 3285 Deo,
579 3220 697 3275 sive
732 3236 831 3291 per
850 3221 1151 3277 studiosam
1174 3223 1554 3281 mandatorum
1590 3242 1722 3295 ope-

148 3311 438 3378 rationem,
469 3320 527 3366 et
549 3312 641 3382 qui
673 3312 870 3368 debeat
901 3313 1002 3369 bos
1027 3322 1253 3384 propter
1278 3316 1405 3382 hoc,
1435 3327 1532 3373 aut
1583 3319 1723 3384 ovis,

150 3402 449 3469 nominari,
477 3403 684 3458 domini
708 3411 942 3472 uterque
970 3412 1073 3457 est.
1110 3402 1323 3460 Audisti
1345 3405 1491 3459 enim
1530 3421 1725 3475 quem-

149 3493 444 3550 admodum
499 3494 569 3549 ad
635 3494 921 3548 dominum
986 3494 1227 3563 pertinet
1288 3495 1728 3566 uniuscuiusque

147 3585 486 3647 obedientia.
537 3593 595 3639 et
620 3583 911 3654 subiectio,
939 3586 1160 3654 quando
1200 3586 1432 3657 subiecti
1481 3589 1729 3657 patribus

151 3680 240 3735 vel
270 3678 506 3733 dominis
560 3678 647 3732 vel
673 3677 968 3748 magistris.
1024 3677 1188 3733 etiam
1249 3679 1726 3734 conversationem

150 3766 359 3822 habent
377 3765 598 3831 bonam,
641 3781 870 3835 quaeeos
895 3766 1038 3821 inter
1066 3767 1270 3822 munda
1301 3766 1555 3822 animalia
1604 3768 1731 3824 facit

147 3866 273 3905 esse
301 3889 316 3912 ,
366 3861 421 3905 et
458 3866 567 3905 non
621 3852 690 3907 de
735 3852 1058 3918 immundis,
1103 3854 1171 3909 de
1224 3854 1424 3924 quibus
1477 3856 1725 3912 subdidit

147 3943 456 4011 sequentia.

225 4032 383 4091 Vsus.
407 4036 500 4091 27.
546 4056 565 4089 ι
601 4036 758 4104 Quod
788 4036 832 4093 si
857 4037 1201 4094 immundum
1223 4046 1308 4094 est
1331 4039 1553 4102 animal,
1588 4040 1731 4095 redi-

1826 3232 2196 3301 possessione,
2248 3231 2452 3287 vendet
2496 3229 2666 3295 enim,
2731 3229 2830 3294 ait,
2889 3227 3087 3291 alteri,
3125 3227 3211 3283 vel
3262 3227 3404 3282 sicut

1828 3320 1971 3375 LXX
1997 3322 2042 3377 si
2070 3338 2183 3377 non
2219 3321 2554 3387 liberaverit,
2603 3320 2788 3375 veniet
2821 3318 3121 3374 secundum
3162 3317 3403 3387 pretium

1827 3408 1968 3478 eius,
2003 3410 2076 3464 ita
2104 3416 2165 3463 ut
2191 3410 2339 3464 illius
2377 3409 2601 3479 quidem
2645 3408 2718 3463 sit
2746 3408 2981 3477 pretium
3011 3394 3156 3476 apud
3209 3405 3400 3465 Deum.

1828 3498 2053 3554 obedire
2081 3498 2336 3561 domino,
2363 3508 2418 3551 et
2444 3497 2608 3567 patri,
2641 3504 2699 3552 et
2742 3496 3024 3566 magistro.
3061 3492 3165 3560 Qui
3221 3503 3401 3550 autem

1828 3603 1978 3654 eum,
2010 3603 2137 3643 cum
2163 3587 2392 3642 deberet
2449 3597 2506 3641 et
2542 3587 2808 3655 potuisset
2832 3585 3131 3649 exhortari,
3176 3600 3286 3640 non
3320 3594 3407 3639 est

1830 3682 2175 3741 exhortatus,
2212 3679 2476 3735 damnum
2503 3678 2709 3747 patitur
2737 3678 2859 3748 eius
2904 3677 3292 3747 possessionis,
3351 3686 3408 3733 et

1832 3786 1940 3825 non
1978 3778 2162 3841 potest
2207 3768 2425 3825 dicere:
2455 3766 2594 3822 Ecce
2635 3781 2736 3838 ego
2764 3776 2819 3821 et
2857 3764 3035 3836 pueri,
3075 3778 3214 3833 quos
3272 3762 3405 3817 mihi

1830 3863 1981 3918 dedit
2005 3860 2171 3931 Deus.

1908 3953 2068 4011 Vens.
2096 3954 2191 4022 28,
2218 3954 2309 4009 29.
2344 3972 2363 4005 ι
2390 3953 2566 4008 Omne
2596 3952 2739 4020 quod
2775 3950 3004 4005 Domino
3029 3957 3402 4009 consecratur,

1832 4048 1953 4113 sive
1980 4048 2145 4103 homo
2182 4045 2308 4107 erit,
2334 4046 2452 4101 sive
2492 4042 2720 4104 animal,
2757 4042 2871 4095 sive
2902 4056 3054 4111 ager,
3081 4056 3188 4093 non
3225 4038 3411 4093 renie.

146 4137 265 4182 met
284 4128 375 4198 qui
401 4129 660 4185 obtulerit
678 4130 836 4200 iuxta
860 4130 1277 4185 aestimationem
1300 4147 1477 4197 suam,
1505 4133 1734 4188 etaddet
1830 4150 1942 4205 tur,
2006 4136 2345 4200 necredimi
2412 4134 2637 4206 poterit.
2694 4132 2970 4202 Quidquid
3020 4131 3189 4186 semel
3243 4130 3411 4185 fuerit

147 4219 401 4288 quintam
433 4229 642 4289 partem
676 4221 858 4292 pretii.
887 4219 945 4276 Si
975 4222 1245 4277 redimere
1301 4223 1563 4287 noluerit,
1594 4240 1730 4279 ven-

147 4313 317 4366 detur
343 4311 523 4365 alteri.
566 4330 584 4363 ι

225 4401 360 4467 Quia
396 4403 711 4459 immundus
738 4405 918 4459 omnis
948 4414 1200 4475 peccator
1231 4418 1335 4473 est,
1377 4407 1726 4467 manifestum

149 4503 268 4549 est:
293 4496 610 4551 immundus
627 4497 771 4552 enim
789 4507 897 4563 est,
921 4498 1098 4569 inquit
1120 4499 1398 4567 Salomon,
1422 4511 1551 4557 ante
1587 4518 1726 4558 con-

153 4595 407 4656 spectum
433 4589 672 4651 Domini,
703 4586 885 4645 omnis
918 4590 1164 4661 iniquus.
1196 4591 1422 4661 Iniquus
1446 4593 1591 4648 enim
1621 4603 1726 4658 est,

150 4678 286 4750 quia
307 4689 415 4734 tam
439 4681 716 4747 meditari,
738 4699 903 4752 quam
927 4684 1247 4740 discernere
1268 4685 1440 4756 legem
1459 4701 1609 4748 eum,
1637 4689 1729 4757 qui

150 4768 416 4836 ruminat,
435 4777 491 4826 et
517 4773 773 4843 ungulam
804 4773 982 4841 ﬁndit,
998 4774 1465 4846 legislatoriussit,
1491 4777 1727 4846 quicun-

150 4877 262 4934 que
315 4878 482 4918 unum
506 4878 577 4920 ex
615 4864 702 4920 his
748 4867 933 4921 minus
988 4867 1171 4923 habet.
1233 4867 1558 4938 Quicunque
1597 4884 1728 4940 ergo

150 4953 419 5010 obediens
444 4965 549 5021 est,
605 4966 661 5011 et
688 4957 1045 5013 vehementer
1097 4958 1350 5012 subditus
1403 4958 1568 5026 patri,
1633 4966 1730 5013 aut

157 5041 411 5107 domino,
463 5053 559 5099 aut
616 5045 897 5117 magistro,
942 5054 1268 5100 nontamen
1317 5046 1526 5115 legem,
1586 5048 1732 5102 sicut

148 5138 394 5199 oportet,
413 5133 664 5188 meditari
687 5144 779 5189 aut
794 5134 1131 5206 distinguere
1147 5134 1318 5200 novit,
1338 5133 1733 5205 primOgenitus

151 5218 383 5290 quidem
413 5219 473 5274 in
498 5225 790 5290 pecoribus
815 5234 922 5292 est,
955 5226 1098 5280 sicut
1126 5226 1450 5281 obedientia:
1476 5227 1606 5301 dux.
1638 5227 1735 5282 Est

151 5322 343 5366 autem
381 5311 715 5379 immundus,
756 5318 885 5387 quia
912 5333 1021 5372 non
1049 5318 1215 5373 habet
1235 5317 1338 5372 hoc
1361 5320 1507 5389 quod
1526 5319 1731 5375 habere

150 5404 425 5461 mundum
464 5405 740 5478 lcgislator
781 5410 965 5478 iussit.
1001 5410 1057 5465 Si
1086 5426 1216 5480 ergo
1258 5426 1385 5465 eum
1420 5419 1600 5481 pater,
1637 5420 1732 5466 aut

150 5497 438 5563 dominus,
492 5507 587 5554 aut
630 5501 887 5571 magister
923 5503 1038 5557 vult
1084 5503 1376 5568 redimere,
1427 5505 1731 5560 secundmn

150 5586 580 5643 aestimationem
633 5589 751 5660 eius
805 5591 1121 5656 redimetur,
1164 5601 1219 5645 ct
1269 5592 1434 5646 addet
1487 5593 1730 5662 quintam

269 5771 362 5828 ’Ἰ
396 5775 522 5830 (lor.
553 5790 626 5838 IV,
667 5773 750 5829 l7.
820 5748 837 5757 ‘
865 5773 910 5805 ⁵³
941 5770 1072 5828 lleb.
1108 5789 1222 5839 xui,
1259 5774 1341 5828 l7.

1452 5775 1497 5805 ”
1528 5775 1566 5829 ll
1597 5775 1721 5830 Cor.
1756 5790 1793 5841 ι,
1831 5775 1913 5831 12..

1833 4237 2239 4290 consecratum,
2272 4236 2522 4281 sanctum
2550 4233 2864 4280 sanctorum
2901 4223 3007 4278 erit
3054 4222 3315 4277 Domino:
3353 4230 3413 4278 et

1833 4317 2013 4372 omnis
2041 4314 2385 4371 consecratio
2437 4329 2558 4383 qua:
2588 4312 2820 4367 oﬁ'crtur
2869 4310 2939 4366 ab
2990 4311 3235 4374 homine,
3295 4325 3405 4364 non

1836 4410 2154 4470 redimetur,
2195 4407 2289 4462 sed
2326 4415 2505 4461 morte
2542 4404 2826 4459 morietur.
2858 4422 2877 4453 ›
3194 4448 3205 4461 ,

1904 4500 2036 4568 Quae
2065 4498 2375 4554 diﬁ‘erentia
2419 4496 2492 4552 sit
2522 4496 3009 4560 anathematizare,
3061 4505 3117 4549 et
3165 4494 3411 4550 sanctiﬁ-

1834 4609 1962 4649 care
1991 4591 2293 4649 secundum
2320 4590 2581 4653 litteram,
2615 4603 2712 4656 per
2741 4602 2803 4641 ea
2831 4603 2950 4656 qum
2995 4587 3252 4656 superius
3294 4586 3410 4640 dis-

1833 4701 1995 4740 cussa
2060 4691 2212 4747 sunt,
2242 4680 2615 4737 ostendimus:
2646 4678 2736 4731 ubi
2795 4680 2898 4731 hoc
2919 4683 3063 4747 quod
3091 4678 3411 4731 anathema-

1836 4777 2059 4831 tizatum
2086 4780 2192 4836 est,
2230 4772 2381 4825 nullo
2400 4769 2634 4824 modoin
2661 4783 2818 4821 usum
2839 4768 3161 4829 humanum,
3180 4766 3408 4831 nullius,

1835 4880 1937 4919 nec
1968 4838 2273 4917 sacerdotis
2306 4856 2389 4910 l‘as
2414 4871 2537 4909 esse
2568 4853 2769 4908 reverti
2817 4853 3076 4917 diximus,
3109 4853 3409 4908 secundum

1837 4953 2300 5011 Amalechitarum
2355 4947 2660 5010 historiam,
2688 4961 2849 5015 quam
2915 4946 2968 4998 in
3039 4945 3409 5000 testimonium

1834 5046 1921 5100 rei
1945 5039 2302 5114 protuiimus:
2337 5037 2393 5093 in
2418 5044 2628 5091 tantum
2656 5035 2804 5090 enim
2827 5050 2937 5090 non
2966 5035 3164 5090 licebat
3190 5042 3410 5106 tangere

1835 5132 1981 5206 quod
2009 5126 2593 5190 anathematizabatur,
2632 5133 2693 5180 ut
2735 5125 2954 5195 quando
2998 5122 3223 5180 Jericho
3275 5140 3411 5180 ana-

1843 5224 2360 5284 thematizaverunt,
2415 5220 2541 5288 quia
2596 5217 2815 5287 quidam
2855 5231 2923 5271 ex
2967 5217 3190 5287 populo,
3241 5218 3293 5273 id
3326 5227 3412 5274 est

1839 5319 2027 5373 Achan
2071 5313 2213 5369 ﬁlius
2259 5309 2504 5372 Charmi,
2552 5308 2620 5364 de
2653 5309 3005 5363 anathemate
3039 5307 3252 5364 furatus
3302 5315 3409 5376 est,

1840 5407 1996 5463 multi
2023 5405 2092 5461 de
2128 5404 2212 5459 eis
2242 5402 2297 5456 in
2353 5399 2497 5456 bello
2526 5398 2846 5460 ceciderint,
2908 5398 3188 5469 iratusque
3240 5400 3409 5468 Deus,

1840 5501 1956 5554 haec
1980 5496 2148 5553 dixit:
2191 5492 2315 5547 Non
2345 5507 2432 5545 ero
2466 5489 2608 5543 ultra
2644 5489 2903 5544 vobiscum
2943 5493 3104 5545 donec
3131 5494 3411 5548 conteratis

1842 5607 1979 5656 eum,
2007 5587 2096 5655 qui
2131 5584 2288 5655 hujus
2326 5580 2534 5636 sceleris
2556 5596 2673 5633 reus
2708 5580 2860 5635 est”.
2901 5580 2973 5634 Ex
3004 5590 3234 5654 utraque
3282 5598 3411 5655 ergo

2024 5777 2071 5808 "
2102 5777 2121 5831 l
2159 5776 2349 5834 Thess.
2384 5792 2465 5833 ιιι.
2504 5776 2555 5829 8.
2645 5775 2690 5807 ⁵⁵
2715 5772 2880 5828 Josue
2911 5786 3005 5831 ru.
3050 5768 3138 5826 i2.
