3810 6318
423 357 559 423 1175

1608 373 1972 436 HESYCHII
2010 377 2483 439 PRESBYTERI

417 477 671 538 historia,
703 480 979 547 quomodo
1009 483 1187 536 omnis
1225 499 1356 538 usus
1397 493 1451 538 et
1491 489 1772 556 possessio
1801 491 1988 560 prohi-
2019 499 2062 555 Α
2163 493 2229 548 Et
2261 497 2430 549 omnis
2465 499 2784 549 consecratio
2817 511 2935 566 quae
2979 499 3198 567 offertur
3223 499 3291 552 ab
3314 499 3570 559 homine,
3616 517 3709 550 ιιωι

416 571 576 624 betur
601 571 990 634 anatltema’tis,
1022 573 1456 630 demonstratum
1507 588 1612 633 est.
1657 580 1776 635 Non
1813 583 1990 636 solum

415 673 598 714 autem
632 662 760 724 hoc,
793 663 888 716 sed
919 664 1046 731 quia
1077 679 1418 735 quaecunque
1453 669 1578 736 jure
1618 670 1811 727 bellico
1835 675 1991 728 valde

417 752 690 818 inimicis,
750 770 875 809 eum
928 757 1129 824 quibus
1173 773 1282 810 non
1342 761 1630 827 oportebat
1693 763 1990 819 amicitiam

410 846 661 916 jungere,
693 848 860 914 spolia
897 849 1188 903 sumebant
1227 859 1349 919 post
1383 852 1684 920 victoriam,
1711 864 1766 909 et
1798 855 1992 926 depreo

413 936 681 990 cationem
712 937 828 992 haec
849 937 1122 993 faciebant
1151 941 1444 996 anathema
1492 951 1546 997 et
1576 959 1684 998 non
1721 960 1752 998 a
1789 955 1993 1001 semet-

415 1027 582 1095 ipsis,
644 1028 740 1083 sed
800 1029 913 1084 Deo
967 1031 1351 1101 praecipiente.
1411 1034 1764 1106 Quaecunque
1841 1039 1990 1093 enim

420 1120 701 1188 prophetae
751 1121 1102 1191 praecipiunt,
1161 1123 1516 1180 manifestum
1553 1136 1658 1192 est,
1708 1129 1836 1197 quia
1894 1128 1990 1184 Dei

414 1223 687 1282 praecepta
715 1223 862 1267 sunt.
898 1215 1040 1284 Ergo
1070 1224 1126 1269 et
1157 1231 1258 1270 nos
1287 1218 1674 1288 quodcunque,
1737 1220 1994 1285 intelligi-

413 1303 615 1358 bilibus
636 1305 897 1370 inimicis,
935 1306 986 1360 id
1020 1315 1105 1360 est
1129 1307 1494 1374 daemonibus,
1525 1320 1990 1380 pugnantes,cum

413 1395 617 1462 quibus
665 1411 776 1450 non
812 1397 940 1450 licet
997 1398 1268 1453 amicitias
1309 1401 1560 1472 jungere,
1609 1411 1798 1457 contra
1853 1421 1991 1473 quos

415 1492 709 1551 perpetuas
750 1484 1089 1549 inimicitias,
1120 1495 1177 1539 et
1198 1486 1674 1544 incommutabiles
1701 1491 1988 1559 habemus,

416 1585 640 1644 propter
689 1592 829 1644 quos
883 1577 1146 1632 Dominus
1197 1578 1434 1634 dicebat.
1477 1583 1595 1635 Non
1641 1585 1758 1636 veni
1809 1601 1992 1652 pacem

416 1668 624 1720 mittere
674 1668 730 1720 in
761 1677 981 1733 terram,
1041 1676 1129 1722 sed
1176 1670 1508 1740 gladium":
1573 1682 1795 1743 propter
1847 1677 1991 1744 quod

414 1762 617 1816 dividet
645 1763 924 1818 hominem
962 1763 1228 1818 adversus
1261 1774 1492 1834 patrem,
1521 1772 1578 1820 et
1610 1765 1775 1821 ﬁliam
1800 1767 1992 1823 adver-

416 1869 510 1908 sus
538 1863 793 1919 matrem,
832 1865 888 1908 et
919 1854 1134 1908 scindet
1164 1855 1600 1924 compassionem
1653 1857 1890 1925 generis,
1939 1867 1995 1912 et

414 1947 668 2000 deorsum
689 1946 1061 2015 relinquentes
1086 1947 1270 2001 carnis
1298 1948 1762 2016 compassionem,
1779 1948 1994 2004 facilius

416 2039 772 2108 incorporeos
812 2039 1150 2107 perimamus
1201 2038 1488 2094 inimicos:
1519 2039 1634 2094 sive
1691 2041 1991 2106 hominem,

414 2131 529 2185 sive
565 2145 757 2200 pecus,
799 2131 918 2184 sive
950 2145 1141 2199 agrum
1179 2147 1280 2200 pro
1305 2132 1503 2200 spolio,
1559 2147 1626 2185 ex
1661 2131 1804 2186 bello
1847 2135 1994 2202 quod

413 2233 603 2275 contra
637 2235 734 2275 eos
768 2221 1062 2283 habemus,
1113 2230 1276 2289 atque
1309 2221 1600 2274 victoriam
1649 2223 1994 2291 conquisive-

416 2316 604 2377 rimus,
641 2330 968 2368 consecrare
995 2313 1220 2382 quidem
1251 2312 1363 2367 Deo
1397 2314 1515 2368 haec
1549 2313 1836 2368 debemus.
1904 2314 1994 2368 Sic

414 2414 594 2458 autem
625 2421 973 2466 consecrare,
1008 2414 1067 2458 ut
1090 2404 1229 2458 nihil
1255 2406 1308 2458 in
1345 2405 1426 2458 eis
1458 2405 1755 2459 habeamus
1795 2415 1995 2460 nostra;

414 2498 730 2561 voluntatis,
767 2498 862 2551 sed
915 2498 1030 2552 sive
1061 2512 1172 2551 suae
1219 2496 1507 2566 potestatis
1557 2497 1829 2566 quispiam
1887 2505 1992 2561 est,

416 2584 520 2639 hoc
553 2585 700 2638 enim
727 2594 815 2637 est
838 2599 969 2637 vere
1001 2585 1187 2648 homo,
1219 2584 1455 2638 dicimus
1490 2593 1672 2638 autem
1722 2599 1869 2647 eum,
1901 2585 1995 2653 qui

414 2675 728 2728 nullatenus
760 2674 920 2727 nobis
957 2672 1242 2741 subjectus
1275 2683 1380 2737 est,
1433 2673 1528 2727 sed
1561 2673 1789 2742 aequalis
1836 2673 1997 2728 nobis

415 2771 499 2818 cst
531 2761 832 2817 secundum
864 2762 1360 2828 conversationem,
1387 2763 1503 2816 sive
1534 2777 1659 2816 eum
1690 2765 1781 2832 qui
1835 2764 1996 2818 nobis

415 2855 701 2925 subjectus
767 2863 887 2918 est,
944 2864 1000 2908 ct
1060 2863 1353 2922 propterea
1422 2871 1591 2924 pecus
1647 2857 1991 2920 nominatur,

413 2945 788 3016 intelligibiles
819 2945 1006 2999 hostes
1037 2946 1321 3000 vincentes
1365 2949 1845 3016 acquisiverimus,
1878 2947 1996 3001 sive

415 3041 483 3094 de
519 3054 649 3108 agro
674 3037 1062 3106 possessionis,
1123 3037 1174 3090 id
1206 3047 1312 3102 est,
1347 3053 1413 3091 ex
1452 3054 1559 3107 qua
1593 3037 1772 3092 sortiti
1806 3051 1994 3091 sumus

415 3130 910 3194 conversationem,
957 3130 1014 3182 in
1059 3129 1251 3199 spoliis
1292 3139 1348 3184 et
1382 3129 1642 3199 trophaeis
1693 3129 1994 3197 smnpseri-

417 3236 562 3285 mus,
593 3228 784 3274 contra
815 3220 1070 3274 inimicos
1090 3219 1460 3290 intelligibiles
1500 3228 1829 3290 pugnantes,
1897 3233 2000 3274 nec

417 3313 745 3368 venundare
811 3312 927 3366 haec
985 3327 1317 3382 possumus,
1385 3327 1491 3367 nec
1544 3311 1817 3366 redimere
1860 3327 1999 3382 opus

418 3404 708 3466 habemus,
741 3404 869 3473 quia
903 3419 1068 3458 omne
1101 3411 1505 3467 consecratum,
1548 3411 1800 3457 sanctum
1841 3419 2000 3457 sanc-

421 3509 597 3551 torum
625 3504 711 3551 est
769 3496 1026 3551 Domino.
1071 3495 1396 3562 Quomodo?
1449 3495 1598 3550 audi.
1645 3495 1761 3549 Non
1818 3491 2002 3564 potest

418 3586 612 3656 aliquis
638 3577 943 3655 exspoliare
966 3585 1270 3652 inimicum,
1290 3594 1580 3653 antequam
1605 3598 1730 3637 eum
1761 3584 2000 3651 perfecte

419 3667 693 3745 subjiciat,
748 3675 891 3729 sicut
941 3673 1204 3729 Dominus
1247 3674 1450 3729 Judzeis
1505 3673 1669 3728 dixit:
1731 3674 2001 3738 Quomodo

421 3777 590 3837 potest
614 3769 808 3839 aliquis
843 3769 1052 3837 ingredi
1080 3769 1136 3820 in
1169 3769 1380 3820 domum
1411 3768 1588 3838 fortis,
1619 3778 1668 3820 et
1702 3783 1832 3821 vasa
1885 3768 1999 3837 ejus

421 3857 672 3925 diripere,
709 3858 753 3909 si
780 3872 882 3909 non
912 3857 1061 3924 prius
1092 3854 1390 3924 alligaverit
1416 3856 1622 3920 fortem,
1647 3865 1694 3908 et
1721 3867 1843 3908 tunc
1870 3871 1999 3908 vasa

421 3948 536 4018 ejus
575 3947 1002 4017 diripiantur“?
1029 3944 1183 4000 Tunc
1213 3955 1394 4000 autem
1425 3947 1584 4016 plene
1606 3945 1998 4015 intelligibilem

422 4039 637 4094 hostem
661 4039 970 4103 subdimus,
1003 4039 1056 4093 id
1088 4049 1173 4092 est
1201 4037 1500 4102 diabolum,
1528 4038 1803 4107 ligareque
1848 4051 1996 4099 eum,

425 4141 482 4186 et
505 4129 830 4200 depraedari,
864 4139 918 4183 et
944 4143 1272 4184 consecrare
1309 4129 1422 4181 Deo
1453 4127 1626 4197 spolia
1661 4127 1782 4196 ejus
1800 4141 1998 4196 possu-

424 4237 579 4286 mus,
636 4223 859 4292 quando
923 4221 1042 4290 ejus
1089 4234 1284 4274 omnes
1330 4218 1626 4272 vicerimus
1675 4217 1997 4292 machinas,

423 4325 587 4365 omne
642 4309 1067 4364 contriverimus
1129 4317 1314 4376 caput,
1371 4321 1701 4375 omnemque
1758 4287 1998 4376 speciem

425 4404 636 4476 peccati
697 4404 1174 4462 declinaverimus,
1251 4409 1449 4454 cuncta
1498 4401 1689 4454 mundi
1729 4399 1998 4454 desideria

2095 582 2402 645 redimetur,
2439 583 2530 635 sed
2581 585 2848 638 morietur.
2883 586 3000 650 Qua
3040 585 3263 639 morte?
3319 585 3449 650 Qua
3510 583 3710 639 Paulus

2094 672 2340 726 dicebat:
2387 671 2510 726 Vivo
2532 684 2708 727 autem
2733 674 2850 743 jam
2876 691 2980 729 non
3015 692 3130 746 ego,
3175 676 3302 730 vivit
3325 686 3529 728 autem
3552 677 3611 728 in
3636 691 3709 728 me

2096 766 2338 819 Christus
2356 766 2424 821 ⁸³.
2466 767 2529 820 Ει
2548 781 2770 820 rursus:
2793 765 2882 821 Sic
2905 777 2974 822 ει·
2992 783 3082 822 vos
3113 771 3393 823 aestimate
3445 786 3544 821 ros
3570 786 3703 820 mor-

2095 865 2210 908 tuos
2239 855 2448 920 quidem
2481 866 2715 924 peccato,
2743 857 2972 911 viventes
2999 868 3178 911 autem
3211 859 3346 922 Deo,
3407 859 3468 912 in
3494 858 3701 914 Christo

2091 946 2295 1000 Jesu“.
2356 947 2502 1002 Talis
2561 963 2711 1018 ergo,
2774 948 2918 1004 sicut
2965 950 3058 1019 qui
3114 965 3288 1021 usque
3345 952 3428 1006 ad
3482 953 3698 1007 culmen

2094 1036 2314 1091 virtutis
2337 1037 2572 1106 proficit,
2600 1048 2655 1092 et
2683 1053 2972 1094 mensuras
3009 1042 3235 1112 contigit
3285 1042 3692 1110 perfectionis:

2093 1136 2342 1182 mortuus
2369 1128 2515 1181 enim
2557 1129 2757 1184 saeculo
2779 1138 2882 1194 est,
2915 1139 2971 1183 et
3003 1146 3032 1184 a
3065 1132 3449 1200 praesentibus
3482 1135 3692 1188 alienus

2094 1226 2150 1271 et
2165 1217 2312 1271 'olim
2338 1234 2367 1272 a
2394 1219 2583 1273 mundi
2610 1220 2862 1290 migravit
2891 1221 3159 1289 sapientia
3187 1239 3199 1274 :
3247 1233 3410 1276 recte
3475 1236 3690 1278 sanctus

2094 1319 2410 1363 sanctorum
2442 1310 2672 1364 Domino
2715 1321 2830 1366 est:
2863 1314 2989 1380 quia
3042 1313 3307 1367 Sanctum
3368 1326 3685 1369 sanctorum

2093 1401 2338 1456 imitatus
2367 1410 2450 1455 est
2482 1403 2783 1456 secundum
2818 1403 3233 1472 possibilitatem
3268 1421 3467 1458 suam.

2165 1493 2326 1549 Vens.
2359 1495 2549 1550 50-55.
2581 1515 2598 1545 ι
2628 1492 2831 1550 Omnes
2855 1490 3080 1551 decima:
3104 1507 3287 1560 terrae,
3326 1499 3457 1552 sive
3481 1499 3552 1552 de
3584 1498 3684 1552 fru-

2093 1586 2271 1656 gibus,
2315 1585 2432 1640 sive
2455 1585 2524 1640 de
2567 1586 2746 1656 pomis
2779 1587 3060 1652 arborum,
3093 1587 3498 1651 Dominisunt,
3542 1599 3598 1643 et
3625 1591 3683 1641 illi

2093 1677 2524 1732 sanetilicautur.
2577 1677 2633 1731 Si
2688 1677 2813 1746 quis
2874 1689 3060 1732 autem
3115 1679 3361 1734 voluerit
3420 1681 3683 1734 redimere

2095 1770 2336 1824 decimas
2353 1784 2501 1834 suas,
2517 1769 2936 1836 addetquintam
2959 1778 3169 1838 partem
3191 1785 3417 1822 carum.
3436 1768 3682 1823 Omnium

2099 1863 2456 1925 decimarum,
2500 1861 2669 1915 boves
2695 1867 2748 1914 et
2781 1876 2912 1914 oves
2937 1875 3117 1928 caprae
3143 1876 3266 1928 qua:
3301 1861 3416 1913 sub
3468 1862 3686 1928 pastoris

2099 1955 2247 2024 virga
2282 1962 2586 2017 transeunt,
2623 1948 2886 2021 quidquid
2932 1951 3204 2006 decimum
3267 1953 3524 2017 venerit,
3577 1969 3684 2006 san-

2097 2043 2429 2100 ctificabitur
2464 2043 2717 2097 Domino.
2747 2041 2869 2096 Non
2893 2041 3124 2111 eligetur
3175 2055 3284 2094 nec
3332 2041 3556 2093 bonum
3601 2054 3685 2092 nec

2097 2136 2323 2200 malum,
2356 2149 2458 2188 nec
2483 2134 2658 2187 altero
2681 2132 3126 2188 commutabitur.
3182 2130 3239 2183 Si
3282 2131 3420 2199 quis
3455 2138 3681 2183 mutave-

2097 2229 2189 2290 rit,
2215 2235 2270 2281 et
2298 2226 2442 2295 quod
2473 2232 2740 2279 mutatum
2777 2231 2883 2286 est,
2925 2231 2981 2276 et
3011 2237 3108 2290 pro
3130 2237 3240 2290 quo
3276 2230 3567 2273 mutatum
3596 2228 3681 2284 est,

2096 2319 2527 2376 sanctificabitur
2551 2315 2802 2379 Domino,
2827 2325 2881 2369 et
2912 2330 3021 2368 non
3059 2314 3404 2366 redimetur.
3457 2332 3476 2363 ι

2167 2412 2380 2479 ρυαξιῑε
2411 2410 2660 2473 forsitan,
2688 2408 2847 2476 cujus
2878 2407 2957 2460 rei
2993 2406 3163 2476 gratia
3199 2406 3503 2458 fructuum
3548 2414 3685 2456 terra:

2098 2505 2292 2562 redimi
2323 2503 2592 2558 decimam
2633 2500 2900 2570 prmcipit.
2934 2500 3099 2552 boum
3161 2507 3353 2550 autem
3411 2510 3471 2550 et
3520 2499 3681 2549 ovium

2098 2609 2208 2649 non
2243 2589 2531 2661 prazcipit?
2562 2587 2708 2657 quod
2740 2587 2962 2642 Iudaeus
2981 2586 3164 2639 dicere
3189 2601 3303 2638 non
3336 2594 3548 2654 potest,
3575 2585 3681 2652 qui:

2097 2683 2195 2739 soli
2226 2681 2392 2736 servit
2418 2679 2632 2742 litterae,
2654 2679 2706 2731 in
2729 2692 2834 2746 qua
2862 2676 3095 2728 maxime
3124 2674 3300 2727 multa
3333 2673 3681 2742 qua-stionem

2099 2771 2418 2842 recipientia
2447 2767 2722 2839 legislator
2751 2765 3069 2834 interponit,
3092 2771 3148 2816 ut
3179 2762 3475 2831 angustati
3500 2766 3566 2813 ad
3589 2761 3681 2825 spi-

2098 2868 2260 2920 ritum
2290 2871 2534 2925 currant,
2569 2868 2625 2915 et
2647 2859 2826 2914 sciant
2865 2857 2994 2927 quia
3023 2856 3207 2909 littera
3238 2864 3381 2907 tunc
3412 2863 3503 2907 est
3541 2856 3679 2912 bons,

2097 2955 2317 3025 quando
2339 2952 2426 3006 illa
2451 2966 2546 3005 usa
2575 2949 2741 3004 fuerit
2763 2948 2913 3002 velut
2940 2947 3338 3003 instrumento.
3364 2952 3422 2995 et
3451 2943 3680 2995 ministra

2100 3047 2346 3118 spiritus.
2386 3042 2762 3098 Diﬂ‘erentiam
2803 3053 2931 3108 ergo
2982 3035 3390 3105 discipulorum
3421 3033 3564 3103 legis
3611 3031 3684 3084 hic

2024 3159 2066 3216 ρ
2103 3137 2373 3208 pr0ponit,
2407 3145 2459 3190 ct
2485 3131 2945 3203 quemadmodum
2985 3130 3040 3183 in
3095 3126 3497 3196 primogenitis
3540 3139 3682 3177 mun-

2099 3230 2203 3293 dis,
2233 3238 2290 3282 et
2321 3225 2636 3288 immundis,
2669 3223 2890 3292 quidam
2922 3236 3046 3275 cum
3070 3217 3392 3273 obedientia
3411 3226 3473 3270 et
3501 3218 3679 3269 bonam

2101 3318 2233 3388 legis
2289 3314 2699 3370 meditationem
2761 3319 2817 3366 et
2855 3310 3139 3364 scientiam
3204 3307 3678 3375 conquisiverunt,

2099 3410 2322 3482 quidam
2350 3415 2532 3461 autem
2563 3413 2693 3458 sunt
2718 3402 2809 3472 qui
2842 3401 3012 3457 solam
3044 3399 3427 3455 obedientiam
3462 3399 3676 3450 habent:

2099 3503 2178 3556 sic
2206 3509 2260 3554 ct
2292 3499 2381 3553 hic
2413 3496 2633 3568 quidam
2686 3505 2980 3564 operantes
3028 3491 3312 3555 mandata,
3367 3490 3678 3557 sapientiam

2102 3605 2377 3649 terrenam
2405 3591 2632 3653 habent,
2659 3597 2713 3643 et
2739 3595 3030 3657 prOpterea
3070 3583 3462 3651 redemptione
3504 3595 3677 3633 neces-

2101 3686 2241 3742 saria
2274 3695 2461 3755 egent,
2511 3682 2732 3751 quidam
2769 3694 2873 3732 nec
2916 3676 3110 3731 redimi
3136 3689 3278 3744 Opus
3339 3674 3569 3733 habent,
3602 3669 3679 3723 sed

2102 3792 2201 3830 nec
2217 3775 2414 3829 mutari
2435 3772 2656 3833 debent,
2683 3769 2824 3824 sicut
2854 3767 3076 3837 perfecti
3111 3777 3335 3832 semper
3352 3773 3408 3817 et
3439 3776 3681 3817 consum-

2101 3868 2253 3922 mati.
2319 3865 2528 3933 Fruges
2562 3878 2710 3932 ergo,
2771 3862 2824 3914 in
2878 3859 3134 3930 praesenti
3196 3859 3279 3910 lex
3331 3858 3678 3910 messionem.

2101 3974 2223 4028 qua:
2254 3957 2430 4011 estde
2463 3955 2693 4017 semine,
2734 3951 2884 4014 dicit,
2919 3950 3171 4004 similiter
3199 3958 3256 4002 et
3309 3963 3480 4016 poma
3535 3947 3680 3999 arbo-

2103 4065 2225 4103 rum
2258 4047 2558 4102 secundum
2580 4054 2798 4113 tempus
2828 4057 3011 4096 suum.
3047 4040 3252 4093 Horum
3278 4049 3472 4092 autem
3504 4036 3684 4106 germi-

2101 4141 2188 4195 nis
2236 4140 2449 4194 dccima
2499 4151 2627 4206 pars
2686 4135 2795 4188 Deo
2850 4131 3153 4186 secundum
3199 4130 3382 4200 legem
3418 4129 3683 4188 debetur,

2102 4242 2395 4299 utrumque
2416 4237 2594 4281 autem
2623 4227 2728 4279 hoc
2745 4224 2813 4277 ad
2846 4224 2976 4293 legis
3009 4221 3503 4276 fructiﬁcationem
3529 4215 3683 4284 accipi

2103 4327 2341 4390 oportet.
2371 4317 2635 4372 Dominus
2676 4316 2896 4384 quidem
2947 4314 3146 4366 bonum
3183 4319 3390 4364 terram
3456 4309 3682 4362 fructum

2105 4411 2427 4466 aﬂ‘erentem
2455 4408 2697 4478 triginta,
2721 4415 2777 4461 et
2791 4407 3092 4475 sexaginta,
3121 4413 3176 4457 et
3202 4411 3458 4463 centum,
3483 4417 3583 4456 eos
3601 4399 3684 4467 qui

425 4495 742 4558 vicerimus,
775 4504 1111 4564 cunctasque
1157 4493 1388 4547 virtutes
1422 4493 1658 4545 assecuti
1697 4491 2000 4546 fuerimus:
2033 4489 2081 4546 D
2111 4503 2418 4572 suscipiunt
2473 4500 2724 4561 verbum,
2757 4505 2811 4551 et
2850 4497 3062 4550 faciunt
3101 4496 3257 4559 illud,
3307 4495 3366 4546 in
3438 4492 3688 4561 νει-πιιώ

428 4601 562 4641 tunc
599 4586 744 4640 enim
797 4600 920 4639 eum
956 4596 1011 4640 et
1055 4585 1282 4654 ligatum
1339 4583 1626 4645 habemus,
1674 4591 1729 4636 et
1775 4582 2005 4651 praedari

429 4694 742 4752 possumus.
771 4678 862 4732 Sic
891 4686 1072 4732 autem
1110 4676 1450 4747 diripientes,
1477 4685 1531 4730 ct
1571 4691 1694 4729 eum
1747 4675 2006 4744 praedicta

432 4772 664 4826 victoria
713 4771 1099 4835 devincentes,
1166 4769 1534 4837 quodcunque
1589 4765 2004 4837 diripuerimus,

379 4908 394 4940 δ
437 4863 550 4917 Deo
581 4871 730 4916 recte
769 4859 1074 4914 offerimus.
1126 4859 1388 4912 Sanctum
1445 4867 1628 4911 autem
1688 4867 2005 4912 sanctorum

431 4955 733 5026 perfectum
766 4963 1312 5020 consummatumquc
1346 4951 1629 5013 habemus,
1690 4965 1792 5004 nec
1821 4958 2006 5004 nostra

433 5043 816 5099 exhortatione
844 5055 949 5094 nec
975 5039 1204 5093 aliorum
1229 5053 1416 5106 egens,
1461 5037 1606 5105 quod
1636 5052 1739 5091 nec
1793 5035 2008 5091 addita-

438 5143 681 5188 mentum
711 5132 950 5201 aliquod,
984 5144 1088 5183 nec
1116 5128 1417 5198 perfectum
1447 5143 1586 5198 opus
1632 5129 1814 5183 habet.
1860 5128 2010 5194 Quo-

438 5227 640 5281 modo?
666 5224 822 5290 Quod
859 5238 1020 5276 omne
1056 5228 1339 5291 peccatum
1382 5221 1579 5285 evasit,
1631 5236 1851 5275 omnem
1897 5220 2010 5273 vir-

438 5325 607 5371 tutem
629 5323 912 5386 operatum
928 5320 1033 5378 est,
1065 5322 1121 5366 et
1152 5313 1446 5368 alienatum
1479 5321 1562 5367 est
1595 5313 1819 5377 mundo,
1843 5329 2003 5367 mun-

439 5409 618 5480 doque
643 5407 983 5465 crucifixum.
1030 5405 1204 5461 Nimis
1237 5421 1367 5476 ergo
1421 5416 1825 5474 consequenter
1854 5406 2006 5460 addi-

437 5500 550 5556 dit:

547 5729 590 5759 ⁵⁷
620 5727 805 5782 Matth.
838 5743 892 5786 ς,
925 5726 1013 5779 54.
1126 5727 1168 5756 ’⁵⁸
1199 5725 1384 5780 Matth.
1411 5742 1504 5788 xu,
1534 5727 1624 5782 29.

442 5798 660 5868 ιω,ι·ι.
775 5798 819 5828 ⁸³
849 5795 988 5850 Psal.
1023 5811 1092 5860 ι.ι,
1134 5797 1210 5850 ll).
1326 5799 1367 5827 δ”
1394 5795 1535 5851 Psal.
1572 5797 1682 5863 1,5.

1737 5727 1780 5758 δν
1814 5725 1927 5780 Gal.
1959 5743 2015 5793 ιι,
2039 5725 2127 5783 90.

2125 4594 2395 4648 seminum
2443 4581 2885 4660 evangelicoru’m
2934 4602 3218 4657 exponens
3249 4585 3478 4638 dixit“.
3532 4583 3689 4636 David

2114 4694 2295 4739 autem
2326 4697 2475 4736 nunc
2505 4681 2804 4735 clamabat:
2840 4677 3026 4731 Justus
3073 4687 3131 4730 ut
3165 4676 3349 4744 palma
3409 4674 3684 4741 ﬂorebil“.

2115 4773 2182 4826 Et
2204 4786 2425 4825 rursus:
2450 4769 2560 4837 Ego
2587 4777 2766 4820 autem
2797 4766 2928 4819 sicut
2947 4766 3086 4818 oliva
3126 4764 3408 4833 fructifera
3448 4765 3512 4814 in
3554 4765 3690 4814 dona

2117 4864 2326 4918 Domini
2345 4863 2410 4915 ".
2441 4859 2597 4914 Nunc
2625 4867 2807 4913 autem
2836 4858 3076 4913 breviter
3108 4857 3692 4924 describensjustum:

2113 4955 2180 5009 Et
2219 4955 2341 5016 erit,
2373 4953 2465 5016 ait,
2513 4952 2644 5006 sicut
2680 4951 2883 5020 lignum
2921 4951 3061 5020 quod
3094 4949 3404 5018 plantatrms
3435 4958 3511 5000 est
3558 4963 3696 4999 um

2079 5109 2086 5116 ί
2113 5047 2360 5100 decursus
2387 5058 2668 5113 aquarum,
2691 5043 2827 5112 quod
2857 5043 3087 5110 fructum
3117 5055 3272 5094 suum
3303 5041 3449 5093 dabit
3480 5040 3542 5091 in
3572 5051 3696 5090 tea-

2114 5151 2240 5204 μοι-ε
2255 5134 2429 5198 suo°_".
2469 5131 2643 5202 Hujus
2673 5147 2804 5202 ergo
2829 5132 3009 5186 omnis
3063 5132 3274 5186 decima
3297 5171 3310 5192 ,
3349 5141 3550 5183 sancta
3599 5140 3690 5183 est.

2115 5226 2316 5278 Sancta
2342 5223 2487 5276 enim
2523 5223 2718 5276 horum
2741 5222 2907 5288 actio,
2933 5230 2988 5274 et
3005 5221 3250 5274 studium
3289 5229 3400 5283 est,
3424 5220 3565 5288 quia
3596 5221 3692 5287 qui.

2116 5316 2250 5387 legis
2280 5314 2538 5368 mandata
2565 5329 2824 5383 Operans,
2864 5328 3017 5382 spem
3053 5313 3104 5366 in
3134 5313 3394 5383 praesenti
3461 5315 3695 5367 retribu-

2118 5407 2283 5460 tionis
2322 5405 2498 5475 ponit,
2543 5413 2760 5459 terrena
2802 5404 2964 5472 sapit,
3019 5404 3213 5473 quales
3254 5413 3418 5456 erant
3479 5403 3692 5472 quidam

2119 5498 2454 5558 Judzeorum,
2507 5497 2572 5550 ad
2629 5511 2769 5565 quos
2819 5505 3010 5565 utpote
3067 5507 3224 5550 terra:
3275 5495 3690 5555 inharentibss,

2244 5726 2286 5757 ‘°
2324 5725 2481 5780 Rom.
2512 5739 2583 5789 γι,
2626 5724 2706 5776 ll.
2786 5722 2825 5752 "
2858 5720 3045 5775 Matth.
3085 5734 3205 5787 xm,
3231 5721 3266 5776 8
3292 5735 3418 5791 seq.
3492 5723 3542 5754 ⁶¹
3567 5719 3697 5774 Psal.

3581 381 3711 445 1176
