3810 6318
64 334 165 400 ,77
747 360 755 374 ι
1175 336 1261 398 ΙΝ
1293 326 1737 398 LEVITICUM.
1776 360 1844 375 --
1868 337 2016 399 LIB.
2053 326 2186 400 VII.
3178 331 3315 397 1178

60 445 332 501 )minus
364 444 620 501 dicebat:
656 440 752 499 Vos
781 442 846 497 de
862 443 1110 497 deorsum
1135 444 1283 509 estis,
1318 459 1411 514 ego
1436 456 1643 499 sursum
1673 444 1720 501 Δ
1748 440 1896 498 naris
1922 444 2069 499 hunc
2096 454 2359 514 respuere
2380 483 2396 508 ,
2425 440 2593 497 alium
2638 440 2820 497 autem
2849 452 2948 512 pro
2972 455 3041 498 eo
3062 443 3313 498 introdu—

59 542 139 586 rnt
168 533 256 588 ⁸⁸.
322 532 433 588 Sed
472 546 527 588 et
581 532 787 586 Paulus
831 532 900 586 de
951 532 1034 587 eis
1063 531 1222 599 dixit,
1272 532 1369 601 qui
1420 540 1639 586 terrena
1741 544 1886 600 cere,
1939 543 1996 589 et
2026 543 2350 590 consecrare
2377 533 2490 588 Deo
2520 534 2679 603 quasi
2722 533 3053 587 meliorem:
3089 546 3199 586 non
3229 542 3315 588 est

57 620 274 693 ipiunt
294 641 311 676 :
339 623 535 678 Nostra
558 631 739 676 autem
757 623 1083 677 conuersatio
1113 623 1167 676 in
1185 623 1324 676 catis
1347 632 1422 677 est
1435 622 1506 676 “.
1526 621 1642 676 Hoc
1740 632 1895 680 tuum
1926 626 2031 681 hoc
2057 626 2393 692 discernere,
2420 642 2598 696 neque
2631 628 2779 680 hunc
2808 626 2902 679 illo
2931 625 3079 679 inter
3096 634 3314 679 sanctos

54 716 221 769 Item
263 729 429 770 nunc
453 713 653 777 innuit,
690 727 871 783 neque
917 712 1064 768 enim
1102 713 1423 781 simpliciter
1474 712 1632 778 dixit,
1738 718 2012 789 appellare
2054 719 2422 774 deteriorem:
2460 719 2605 788 quod
2635 718 2797 772 etiam
2828 733 2898 772 ex
2955 716 3183 771 historia
3233 716 3314 771 τι·

53 820 210 859 nnes
242 807 480 860 decimae
508 814 696 860 terra:
728 804 846 869 sed,
881 819 1059 858 omnes
1074 805 1292 858 decimte
1314 812 1472 857 term
1499 816 1620 872 pm

1738 819 1887 864 ctum
1915 824 2205 880 cognosce.
2239 808 2444 864 huius
2477 808 2772 878 aliquando
2787 816 2842 863 et
2861 808 3137 862 Barnabas
3172 808 3316 861 inter

49 896 183 962 ixit,
222 906 295 952 et
331 906 468 952 tunc
500 897 766 962 subdidit,
789 898 898 951 sive
920 896 984 949 de
1009 896 1268 965 frugibus,
1289 900 1350 948 ut
1373 894 1620 964 praedica-

1738 900 2062 969 semetipsos
2105 900 2530 955 contenderunt.
2571 898 2850 954 Barnabas
2902 898 3049 952 enim
3100 897 3316 951 dicebat

49 992 98 1041 et
157 992 388 1054 aperte
438 1001 565 1041 eum
596 1028 610 1050 ,
659 987 751 1057 qui
806 986 1176 1040 intentionem
1227 983 1639 1053 exspectatione
1737 972 1940 1044 debere
2006 989 2209 1044 assumi
2270 989 2553 1043 Marcum:
2587 989 2790 1043 Paulus
2840 998 3022 1043 autem
3072 988 3311 1051 dicebat,

45 1092 416 1134 trrenorum
456 1079 726 1133 bonorum
759 1078 895 1148 legis
943 1077 1196 1131 mandata
1226 1083 1503 1145 operatur,
1535 1075 1639 1130 etsi
1736 1095 1862 1135 eum
1893 1081 1987 1149 qui
2037 1080 2206 1134 semel
2257 1080 2483 1134 recessit
2510 1095 2539 1132 a
2581 1078 2910 1148 Pamphilia,
2951 1087 3009 1133 et
3054 1078 3145 1147 qui
3199 1092 3311 1131 non

43 1179 225 1227 tncta
288 1169 426 1238 ejus
477 1168 716 1231 decima,
749 1167 803 1222 id
851 1176 938 1222 est
963 1166 1206 1221 mandati
1253 1165 1500 1235 Operatio
1533 1172 1635 1230 est,
1736 1170 2014 1223 concurrit
2043 1168 2123 1222 eis
2172 1168 2227 1221 in
2267 1183 2467 1241 opere,
2511 1183 2622 1221 non
2664 1167 2865 1222 debere
2893 1166 3117 1220 assumi.
3152 1164 3312 1220 Facta

43 1270 444 1315 erumtamen
499 1275 612 1313 non
663 1259 867 1330 grande
918 1258 1176 1327 juvamen
1231 1264 1422 1312 eorum
1454 1264 1639 1311 estex
1736 1268 1818 1313 est
1843 1270 2024 1313 autem
2054 1260 2197 1312 inter
2235 1272 2332 1312 eos
2367 1258 2490 1312 talis
2545 1258 2847 1318 contentio,
2904 1257 2978 1310 ita
3026 1265 3088 1311 ut
3140 1256 3313 1310 disce-

39 1351 107 1405 ili
176 1350 551 1421 Operationtr
588 1349 733 1403 circa
785 1347 1244 1410 retributionem,
1305 1361 1468 1416 quam
1524 1360 1635 1399 non
1735 1349 1928 1403 derent
1953 1350 2022 1403 ab
2052 1348 2389 1411 invicem,et
2414 1347 2715 1412 Barnabas,
2767 1354 3053 1415 assumpto
3103 1346 3309 1410 Marco,

37 1452 252 1514 portet
287 1457 322 1496 a
360 1442 471 1496 Deo
488 1440 796 1511 exspectari
822 1439 994 1507 abeis
1020 1439 1115 1508 qui
1139 1437 1374 1492 terrenis
1400 1436 1632 1491 inhiant.
1733 1437 2012 1508 navigaret
2042 1439 2302 1509 Cyprum,
2349 1437 2551 1491 Paulus
2602 1445 2811 1502 autem,
2859 1437 3065 1506 eligens
3121 1433 3312 1499 Silam,

35 1536 49 1590 l
59 1537 186 1591 nde
221 1535 275 1590 si
306 1534 435 1589 vult
460 1533 585 1603 quis
612 1531 939 1601 sibimetipsi
979 1530 1247 1585 decimam
1276 1528 1419 1582 hanc
1451 1526 1636 1597 acqui-
1736 1514 1966 1585 traditus
1984 1539 2067 1585 est
2082 1531 2269 1600 gratia:
2287 1529 2402 1584 Dei.
2437 1528 2602 1582 Vides
2630 1528 2906 1597 quomodo
2930 1526 3164 1581 mutavit
3194 1540 3313 1579 me-

35 1639 171 1688 ere,
207 1624 401 1678 addat
418 1623 686 1691 quintam,
714 1620 769 1676 id
816 1628 900 1675 est
967 1619 1408 1691 intelligentiam,
1439 1626 1500 1672 ut
1520 1633 1635 1688 qua:
1732 1619 1857 1686 lius,
1897 1622 2041 1676 sicut
2067 1621 2379 1686 aestimavit,
2415 1620 2710 1675 deteriore.
2744 1619 2931 1688 ipsum
2958 1625 3138 1670 autem
3162 1614 3307 1684 quod

34 1731 251 1768 ursum
311 1722 440 1767 8qu
489 1713 687 1781 sapiat.
728 1711 799 1764 αά
832 1727 895 1764 ea
925 1727 1042 1780 qua:
1070 1726 1278 1764 Sursum
1308 1718 1430 1762 sunt
1466 1710 1636 1762 ἱηιεη-
1733 1722 2000 1768 mutatum
2029 1722 2111 1768 est
2136 1723 2192 1768 et
2224 1728 2323 1783 pro
2352 1727 2462 1782 quo
2509 1720 2776 1765 mutatum
2837 1719 2941 1772 est,
2990 1708 3193 1763 factum
3232 1714 3317 1761 est

30 1803 115 1856 ίαι
135 1803 215 1866 ⁸⁷,
271 1801 431 1856 Sic“t
476 1798 679 1853 Pallius
708 1798 1000 1853 scribebat.
1034 1796 1139 1862 Ουὶ
1188 1796 1334 1852 enim
1385 1797 1467 1851 8ίο
1501 1794 1637 1865 Ιθϐίε
1666 1784 1708 1839 Β
1735 1813 2007 1859 sanctum.
2041 1802 2207 1856 Silam
2235 1802 2406 1866 enim,
2427 1802 2571 1855 sicut
2602 1801 2865 1870 aptiorem
2893 1799 3094 1861 Marco,
3121 1799 3189 1852 ad
3220 1797 3317 1851 tui-

30 1891 308 1946 nandata
360 1898 646 1959 operatur,
689 1904 801 1944 non
849 1889 1042 1959 perdet
1070 1888 1280 1943 lucrum
1315 1887 1454 1957 ejus,
1504 1885 1633 1955 quia
1735 1893 2016 1946 nister'rum
2047 1888 2452 1961 praedicationis
2491 1890 2675 1959 elegit,
2694 1904 2805 1942 non
2838 1898 3019 1942 tamen
3047 1888 3308 1956 expulsus

27 1980 252 2036 lecima
290 1980 422 2049 ejus
450 1978 703 2032 ellicitur.
729 1979 870 2049 Ergo
912 1978 1032 2047 ejus
1075 1977 1168 2046 qui
1207 1986 1421 2031 terrena
1468 1977 1631 2045 sapit.
1731 1990 1818 2036 est
1847 1979 2078 2035 Marcus.
2106 1972 2382 2034 Barnabas
2412 1986 2624 2042 autem,
2657 1993 2785 2032 eum
2817 1993 3107 2032 assumens
3131 2015 3146 2041 ,
3173 1977 3309 2032 abiit

25 2072 252 2127 iecima
287 2077 488 2125 sancta
540 2071 757 2138 quidem
806 2077 911 2129 est.
942 2069 1038 2123 sed
1093 2083 1204 2122 non
1258 2067 1330 2131 ei,
1358 2067 1483 2136 quia
1523 2082 1633 2121 non
1732 2072 1993 2141 Cyprum,
2022 2080 2075 2125 et
2106 2086 2231 2125 cum
2258 2086 2326 2125 eo
2352 2069 2716 2139 praedicabat,
2762 2078 2819 2122 et
2863 2068 2917 2121 in
2947 2075 3159 2120 tantum
3196 2078 3311 2121 erat

23 2162 485 2232 intelligibiliter
531 2160 851 2214 mandatum
880 2168 1161 2229 cperatur,
1199 2174 1302 2212 nec
1354 2159 1459 2213 scit
1487 2158 1631 2227 quod
1731 2180 1959 2234 magnus
1977 2205 1992 2228 ,
2021 2174 2079 2217 ut
2107 2162 2440 2232 evangelista
2464 2176 2609 2215 unus
2634 2160 2702 2214 de
2718 2168 2952 2229 quatuor
2971 2158 3142 2212 ﬁeret.
3171 2158 3309 2228 Ergo

19 2255 256 2310 lucrum
294 2253 361 2307 in
385 2268 449 2307 ea
476 2260 778 2322 exspectet,
815 2260 912 2305 aut
934 2265 1093 2319 quam
1115 2249 1528 2304 retributionem
1576 2250 1634 2307 in
1730 2256 1933 2312 Paulus
1960 2266 2262 2311 retractans
2281 2293 2296 2317 ,
2322 2263 2378 2308 et
2408 2266 2770 2322 cognoscens,
2814 2250 2941 2320 quia
2968 2249 3152 2302 nullus
3183 2264 3310 2301 san-

19 2358 84 2397 θ³
110 2352 347 2412 590"“-
1640 2352 1645 2355 '
1732 2355 1943 2400 ctorum
1980 2344 2322 2414 reSpucndus
2361 2350 2484 2407 est,
2517 2354 2620 2397 nec
2653 2350 2839 2411 potest
2874 2340 3068 2409 aliquis
3099 2354 3309 2404 eorum,

90 2434 282 2489 Boves
322 2444 505 2486 autem
532 2442 579 2487 et
608 2449 758 2495 oves,
819 2441 867 2486 et
923 2448 1243 2503 quiscunque
1282 2433 1375 2486 sub
1418 2449 1634 2487 numero
1730 2439 1822 2507 qui
1852 2437 2096 2506 perfecte
2132 2437 2523 2506 profecerunt,
2568 2435 2714 2489 hunc
2744 2435 2926 2488 dicere
2956 2433 3311 2497 deteriorem,

13 2538 150 2584 sunt
167 2527 275 2581 sub
293 2526 451 2594 virga
482 2533 777 2579 transeunt.
798 2524 942 2580 Dicit
960 2525 1107 2579 enim
1134 2539 1229 2579 eos
1250 2525 1344 2594 qui
1364 2525 1467 2581 sub
1485 2526 1633 2595 virga
1729 2542 1835 2582 nec
1865 2526 2016 2580 illum
2038 2526 2349 2590 meliorem,
2375 2525 2495 2595 ipse
2520 2538 2713 2579 rursus
2729 2523 2971 2577 Marcum
2992 2522 3310 2591 assumpsit,

14 2622 423 2670 numerantur
465 2614 665 2677 crucis,
719 2613 919 2683 quibus
964 2621 1024 2669 ut
1062 2622 1419 2669 numerentur
1446 2656 1460 2680 ,
1498 2614 1633 2669 ﬁdes
1730 2619 1865 2673 etad
1885 2615 2786 2673 Timotheumscribebat:Assume
2803 2614 3131 2678 Murcum,et
3147 2613 3314 2665 deduc

19 2709 121 2762 Dei
157 2706 424 2761 amicitia
458 2706 646 2760 donat.
682 2704 940 2774 Quisquis
977 2706 1123 2760 enim
1160 2706 1334 2760 ﬁdelis
1374 2716 1459 2760 est
1498 2707 1630 2770 Deo,
1732 2720 1943 2772 tecum;
2000 2718 2074 2761 est
2127 2708 2267 2761 enim
2324 2708 2453 2761 mihi
2506 2706 2652 2759 utilis
2681 2706 2738 2757 in
2776 2704 3073 2758 ministerio
3097 2703 3163 2755 7°.
3194 2702 3356 2755 Non,

18 2800 120 2856 hic
139 2809 203 2855 et
221 2799 361 2869 ejus
385 2797 594 2852 amicus
621 2797 916 2862 invenitur,
935 2796 1080 2867 quod
1108 2797 1446 2852 demonstrat
1465 2797 1634 2852 Abra-
1729 2814 1858 2869 ergo
1904 2798 2207 2852 intendatis
2277 2799 2401 2866 quis
2461 2797 2610 2851 inter
2639 2799 2737 2851 hos
2768 2795 2948 2848 bonus
2975 2801 3069 2847 aut
3113 2791 3309 2856 malus,

20 2888 160 2942 ham
195 2925 212 2950 ,
264 2885 344 2942 de
374 2901 485 2955 quo
527 2886 732 2940 dictum
771 2894 856 2939 est
885 2904 900 2938 :
933 2885 1167 2939 Credidit
1195 2886 1467 2940 Abraham
1496 2886 1628 2953 Deo,
1728 2892 1821 2946 sed
1856 2907 1960 2946 nec
1986 2900 2293 2945 commutes
2314 2889 2548 2942 alterum
2581 2887 2776 2941 altero.

16 2987 71 3033 et
106 2985 438 3045 reputatum
482 2984 556 3029 est
601 2976 650 3030 ei
678 2977 749 3029 ad
772 2976 1061 3045 justitiam,
1095 2986 1143 3029 et
1173 2978 1375 3030 amicus
1410 2978 1508 3031 Dei
1534 2994 1632 3047 ap-
1797 2983 1865 3035 Et
1893 2998 1996 3035 non
2019 2982 2330 3035 redimetur.
2377 2979 2477 3035 Cui
2509 2980 2654 3033 enim
2685 2978 2823 3031 nihil
2854 2976 3041 3030 minus
3068 2985 3175 3043 est,
3205 2991 3311 3046 qua

19 3068 273 3151 Ρειιαιιιε
322 3075 403 3120 εδδ
430 3066 495 3118 ⁶³ο
532 3064 634 3131 Ουί
676 3066 823 3119 enim
874 3066 1033 3121 amiCi
1068 3065 1156 3119 Dei
1178 3107 1193 3129 ν
1223 3082 1453 3122 numero
1480 3067 1626 3139 digni
1653 3106 1697 3165 ϐ
1730 3074 2108 3142 redemptione
2142 3073 2309 3144 eget?
2340 3071 2396 3126 Si
2427 3081 2613 3126 autem
2663 3079 2720 3124 et
2749 3068 3065 3124 afﬁnitatem
3095 3078 3314 3137 oportet

20 3146 345 3217 habentur,
382 3151 512 3206 licet
540 3153 650 3207 sint
674 3154 954 3209 immensa:
980 3154 1377 3220 multitudinis,
1421 3166 1476 3210 et
1516 3172 1627 3211 non

22 3246 213 3300 solum
241 3245 293 3300 si
331 3260 651 3308 numerum,
684 3245 778 3300 sed
808 3245 974 3299 etiam
1004 3246 1049 3300 si
1096 3262 1407 3300 mensuram
1438 3262 1629 3302 exces-

22 3339 255 3405 serint,
317 3337 449 3391 audi
506 3336 674 3391 David
725 3337 1037 3391 dicentem:
1072 3334 1207 3405 Mihi
1251 3347 1430 3391 autem
1474 3339 1629 3392 nimis

22 3427 388 3497 Itonoriﬁcati
423 3435 545 3479 sunt
590 3426 750 3478 amici
783 3426 881 3490 tui,
910 3426 1071 3488 Deus,
1113 3426 1269 3479 nimis
1304 3430 1629 3497 confortatus

22 3526 108 3571 est
142 3515 492 3586 principatus
512 3529 713 3566 eorum.
744 3512 1101 3566 Dinumerabo
1125 3528 1230 3578 eos,
1258 3522 1306 3565 et
1329 3504 1486 3582 super
1506 3532 1627 3568 are-

24 3624 161 3659 nam
194 3601 705 3671 multiplicabuntur
735 3601 801 3656 ⁶⁹.
857 3600 920 3655 lli
964 3610 1236 3655 terrenam
1285 3618 1396 3657 non
1427 3604 1630 3658 habent

23 3688 402 3761 sapientiam,
458 3702 562 3742 nec
594 3687 650 3741 in
690 3687 776 3743 his
808 3704 929 3758 quae
982 3699 1170 3761 agunt,
1219 3692 1627 3762 corruptibilem

24 3780 476 3837 retributionem
505 3787 776 3849 quierunt.
815 3778 1048 3850 Propter
1081 3783 1223 3851 quod
1258 3799 1366 3838 non
1398 3787 1629 3854 speciale

25 3868 327 3938 quidpiam
372 3866 609 3930 illorum,
632 3868 729 3924 sed
766 3869 1133 3940 quodcunque
1164 3872 1375 3943 egerint
1402 3876 1627 3929 manda-

27 3967 174 4022 tum,
212 3965 473 4012 sanctum
504 3957 613 4011 Deo
635 3966 740 4011 est.

102 4046 217 4103 Sed
249 4063 349 4101 nec
381 4047 601 4117 eligetur
646 4047 785 4100 inter
833 4046 1023 4102 bonum
1072 4059 1123 4103 et
1174 4051 1395 4105 malum.
1433 4052 1487 4108 ld
1518 4063 1621 4119 est,

29 4138 188 4193 inter
210 4137 467 4192 deterius
499 4146 555 4191 et
583 4138 796 4192 melius.
832 4137 950 4192 Non
981 4149 1064 4195 est
1096 4141 1242 4195 enim
1273 4158 1463 4197 eorum
1491 4144 1625 4199 faci-

29 4228 101 4282 lis
139 4226 434 4291 discretio,
466 4227 591 4296 quia
632 4228 733 4282 etsi
762 4227 1086 4283 alterutrum
1126 4240 1625 4303 supcrant',quem-

30 4319 342 4374 admodum
402 4320 558 4373 stella
611 4320 823 4374 stellam
874 4319 928 4374 in
956 4321 1126 4393 gloria
1161 4321 1497 4390 differentes,
1527 4327 1622 4382 sed

1731 3163 2032 3234 intelligere
2085 3162 2561 3231 redemptionem,
2612 3159 3072 3229 quemadmodum
3117 3158 3310 3227 Aquila

1728 3252 1919 3314 edidit,
1960 3262 2108 3306 recte
2133 3251 2309 3306 allinis
2348 3267 2456 3305 non
2485 3249 2772 3315 elﬁcietur,
2824 3250 2946 3303 talis
2973 3249 3120 3304 enim
3150 3264 3314 3304 nemo

1728 3342 1833 3395 sibi
1864 3341 2157 3395 vindicabit
2184 3338 2641 3411 gubernationem
2666 3379 2681 3403 ,
2718 3339 2815 3393 sed
2850 3339 2947 3393 etsi
2973 3340 3199 3393 alterius
3233 3350 3312 3395 ta-

1729 3444 1854 3484 men
1899 3422 2142 3492 fructus,
2184 3427 2265 3481 vel
2292 3424 2593 3496 discipulus
2625 3426 2792 3481 fuerit
2820 3442 2886 3482 ex
2928 3443 3038 3496 quo
3070 3426 3136 3481 ad
3165 3430 3307 3483 hanc

1727 3519 2047 3589 pervenerit
2073 3516 2489 3587 perfectionem,
2517 3518 2632 3586 ipse
2664 3533 2797 3572 suus
2826 3518 2930 3571 erit
2956 3516 3308 3588 gubernator,

1728 3609 1845 3679 ipse
1894 3609 2107 3662 doctor.
2143 3607 2346 3661 Praeter
2368 3606 2471 3659 alia
2499 3607 2670 3669 enim,
2700 3622 2821 3675 quae
2849 3606 2903 3659 in
2947 3609 3201 3675 praesenti
3229 3608 3312 3663 di-

1728 3710 1813 3753 cta
1845 3709 2006 3760 sunt,
2034 3698 2329 3753 ostendere
2354 3698 2631 3768 legislator
2660 3697 2776 3751 vult
2802 3739 2817 3761 ,
2869 3698 2997 3766 quia
3043 3697 3096 3751 hi
3132 3698 3227 3767 qui
3275 3714 3308 3754 a

1729 3790 1887 3845 nobis
1936 3789 2235 3855 docentur,
2288 3789 2510 3859 quando
2559 3787 2697 3842 ﬁunt
2724 3787 2989 3858 perfecti,
3021 3782 3159 3843 nihil
3195 3790 3309 3858 jam

1729 3880 1903 3935 nostri
1932 3879 2229 3951 magisterii
2258 3887 2419 3951 egent
2446 3897 2458 3932 :
2497 3887 2554 3932 ct
2588 3870 2873 3947 propterea
2903 3878 3308 3933 immundorum

1725 3969 2086 4040 primogenita
2114 3968 2312 4022 redimi
2344 3968 2439 4032 ait,
2494 3967 2823 4021 mundorum
2856 3977 3062 4033 autem,
3098 3985 3308 4038 nequa-

1724 4075 1906 4130 quam.
1950 4059 2055 4115 Sec
2096 4075 2198 4114 nec
2234 4075 2318 4119 ea,
2357 4074 2479 4128 qua:
2530 4056 2639 4113 Deo
2669 4067 2988 4113 consecrata
3014 4071 3163 4123 sunt,
3206 4075 3309 4116 nec

1724 4151 1863 4215 haec,
1919 4150 1987 4204 de
2028 4149 2228 4220 quibus
2273 4164 2422 4203 nunc
2452 4164 2632 4203 sermo
2667 4160 2770 4212 est,
2804 4148 3045 4219 perlecta
3076 4149 3307 4204 demou-

1723 4248 1895 4294 strata
1924 4249 2076 4303 sunt,
2106 4248 2295 4307 utpote
2352 4254 2476 4308 quae
2502 4238 2860 4292 intentionem
2896 4239 3134 4294 divinam
3193 4254 3307 4294 cae»

1722 4330 2023 4399 lestemque
2070 4338 2286 4399 gerunt.
2338 4328 2518 4393 Quem
2569 4328 2719 4381 enim
2770 4327 2936 4383 ﬁnem
2976 4328 3100 4383 libri
3143 4329 3307 4399 hujus

33 4425 235 4466 omnes
279 4411 335 4464 in
370 4411 511 4466 coelo
536 4420 683 4476 sunt,
715 4420 776 4465 ut
806 4427 995 4467 revera
1033 4422 1327 4483 sequentes
1356 4417 1617 4484 caelestia,
1654 4431 1700 4487 ι)
1728 4424 2047 4495 praeceperit
2112 4438 2238 4478 esse
2286 4412 2518 4492 spiritus
2542 4462 2557 4488 ,
2614 4423 2763 4478 hunc
2832 4422 2887 4477 ia
2949 4425 3307 4493 sequentibus

34 4510 90 4555 et
123 4518 154 4555 a
189 4503 311 4557 solo
365 4518 469 4567 eo,
516 4502 608 4572 qui
659 4504 891 4559 idoneus
938 4512 1024 4558 est
1056 4504 1367 4561 discernere
1404 4519 1621 4566 sanctos

36 4600 509 4662 cognoscuntur:
547 4592 850 4647 secundum
900 4584 1041 4649 lianc
1086 4594 1353 4650 rationem
1407 4607 1624 4668 Oportet

35 4681 270 4752 intelligi
309 4699 322 4734 :

109 4772 232 4826 Non
249 4773 475 4845 eligetur
490 4772 700 4837 bonum,
723 4790 817 4828 nec
832 4774 1051 4843 malum,
1073 4790 1165 4829 nec
1185 4776 1354 4831 altero
1384 4794 1619 4833 commu-

40 4862 264 4916 tabitur.
298 4862 436 4917 Cum
464 4862 611 4917 enim
641 4863 822 4918 nullus
847 4864 915 4918 de
945 4864 1027 4919 eis
1049 4864 1139 4927 sit,
1171 4867 1263 4934 qui
1283 4869 1469 4937 rcSpui
1491 4886 1621 4939 pos-

40 4952 137 5017 sit,
171 4970 338 5021 quem
368 4970 480 5024 quo
507 4955 871 5010 commutabis
890 4996 905 5020 ,
947 4964 1041 5009 aut
1072 4955 1202 5025 quid
1231 4957 1403 5026 magis
1430 4960 1620 5030 eliges,

45 5051 250 5097 nostra:
275 5060 386 5097 non
418 5053 501 5099 est
543 5045 843 5114 dijudicare
871 5043 1108 5100 virtutis.
1144 5042 1239 5098 His
1276 5060 1407 5116 ergo
1427 5064 1620 5121 super-

46 5130 348 5198 :edillcaits,
371 5136 571 5189 addidit
594 5152 716 5206 qua:
744 5144 1054 5205 sequuntur
1078 5152 1092 5189 :
1429 5122 1437 5132 ’

119 5218 181 5274 Si
204 5223 323 5290 quis
349 5229 648 5290 mutaverit,
676 5238 725 5282 et
755 5229 894 5298 quod
921 5236 1184 5281 mutatum
1204 5238 1299 5296 est,
1327 5238 1381 5283 et
1403 5248 1497 5296 pro
1520 5250 1621 5299 quo

52 5319 322 5365 mutatum
351 5325 449 5381 est,
480 5317 894 5385 sanctiﬁcabitur
915 5316 1157 5384 Domino,
1189 5327 1238 5371 et
1264 5334 1366 5373 non
1397 5322 1621 5375 redime-

50 5411 160 5454 tur.
197 5398 335 5467 Quia
362 5418 495 5475 ergo
517 5408 757 5460 omnium
789 5421 981 5461 cursus
1015 5406 1232 5461 divinus
1265 5417 1321 5462 et
1350 5409 1616 5477 sublimis,

52 5501 109 5546 et
149 5507 406 5563 superate
426 5497 824 5552 conversatioui
853 5498 1136 5567 proximus
1159 5507 1242 5553 est
1261 5539 1285 5566 ,_
1306 5498 1506 5555 frustra
1531 5519 1622 5556 co-

1730 4515 1966 4570 intuere.

1799 4604 1962 4658 Veas.
2015 4600 2104 4655 54.
2152 4618 2171 4652 t
2211 4598 2336 4655 Haec
2377 4610 2508 4654 sunt
2543 4610 2817 4671 prtecepta
2860 4616 2982 4672 quae
3029 4600 3308 4656 mandavit

1729 4696 1993 4749 Dominus
2014 4692 2205 4762 Moysi,
2244 4692 2311 4745 ad
2340 4690 2481 4744 ﬁlios
2505 4689 2668 4745 lsrael
2705 4692 2762 4744 in
2790 4700 2980 4745 monte
3013 4689 3185 4745 Sinai.
3218 4710 3237 4741 ι

1798 4786 1866 4839 Ει
1885 4785 2045 4852 cujus
2064 4784 2141 4836 rei
2167 4783 2337 4851 gratia
2364 4796 2475 4834 non
2507 4780 2639 4849 ipsis
2666 4780 2791 4834 ﬁliis
2814 4780 2999 4842 lsrael,
3024 4781 3119 4834 sed
3138 4778 3303 4849 Moysi

1728 4878 1793 4931 ad
1815 4876 1954 4929 illius
1978 4873 2186 4927 Israel?
2213 4873 2350 4937 Quia
2372 4870 2608 4939 populus
2637 4878 2756 4922 erat
2778 4870 3068 4930 inﬁrmior.
3097 4876 3300 4922 tantam

1728 4964 1863 5036 legis
1895 4962 2232 5017 sanctionem
2264 4975 2461 5028 capere
2487 4972 2597 5011 non
2640 4958 2823 5012 valens
2851 5001 2865 5024 ,
2916 4959 2969 5011 in
3014 4975 3119 5029 qua
3159 4958 3303 5013 sicut

1729 5054 1785 5111 iu
1812 5052 2051 5125 speculis
2073 5052 2245 5105 claras
2274 5050 2479 5106 formas
2494 5064 2718 5109 suorum
2746 5048 3128 5120 mysteriorum
3156 5048 3300 5103 Deus

1727 5144 1985 5201 ostendit.
2022 5141 2105 5196 Tu
2132 5155 2282 5212 ergo,
2334 5141 2380 5196 si
2410 5154 2522 5196 non
2574 5139 2663 5194 vis
2700 5139 2767 5197 de
2814 5138 2977 5209 vulgo
3023 5152 3161 5201 esse,
3202 5138 3299 5193 sed

1691 5274 1700 5287 .
1726 5236 1904 5309 qualis
1925 5234 2132 5306 Moyses
2161 5233 2283 5298 iuit,
2309 5234 2492 5303 praebe
2524 5232 2874 5301 temetipsum
2928 5227 3292 5294 obedientem,

1727 5326 2070 5393 mundosque
2106 5322 2395 5378 habentem
2425 5337 2618 5377 omnes
2649 5321 2843 5375 animm
2874 5334 3089 5383 sensus,
3119 5325 3174 5371 et
3204 5317 3295 5373 dic

1728 5418 1837 5472 Deo
1870 5436 1883 5471 :
1917 5416 2109 5471 Revela
2136 5417 2310 5472 oculos
2334 5432 2504 5483 meos,
2552 5425 2601 5470 et
2640 5414 2977 5469 considerabo
3025 5412 3293 5468 mirabilia

1725 5513 1791 5566 de
1819 5509 1928 5581 lege
1958 5520 2049 5563 tua
2072 5510 2141 5564 τ’.
2173 5508 2436 5579 Relinque
2454 5509 2734 5563 materiam
2751 5507 2952 5568 carnis,
2982 5514 3037 5560 et
3066 5503 3293 5574 spiritus

160 5628 533 5712 "{91§'_I;__Ylll.
564 5632 677 5712 ἳῦο,
700 5634 777 5712 _“
812 5631 1115 5712 Philip-3".
1146 5631 1239 5686 2οο
1305 5634 1586 5712 2001.1”,
1622 5642 1671 5709 Ι,
1702 5643 1755 5696 2.
1834 5645 1877 5675 ⁵⁸
1916 5644 2051 5699 Gen.
2084 5662 2171 5709 xv,
2204 5644 2264 5710 6;
2300 5642 2454 5699 Rom.
2486 5660 2558 5710 tv,
2586 5645 2639 5699 3.
2718 5645 2760 5679 ⁶⁹
2787 5643 2873 5698 Ps.
2912 5656 3163 5708 cxsxvm,
3195 5641 3294 5712 l7,

71 5697 155 5751 18.
232 5701 275 5731 τ’
309 5700 512 5755 ll'l‘im.
549 5717 621 5767 tv,
660 5701 744 5757 ll.
857 5703 895 5734 "'
921 5697 1065 5757 Psal.
1103 5703 1382 5770 cxvrtt,18.
