3810 6318
89 311 136 377 ει
1203 318 1667 381 FRAGMENTA
1705 316 1791 378 IN
1828 310 2182 383 PSALMOS.

3187 320 3323 386 1182

87 434 255 489 ισέτι
288 435 401 508 τὴν
428 435 629 505 ψυχήν.
663 436 773 489 Καὶ
797 436 934 489 ὀστᾶ
971 434 1072 506 μέν
1103 435 1235 498 ἴσως
1263 437 1409 491 κατά
1433 453 1498 505 γε
1532 435 1618 507 rip

1765 446 1857 490 lata
1878 435 2048 493 fuisse
2079 438 2231 494 dicit.
2258 437 2361 495 Per
2389 454 2511 496 ossa
2539 455 2692 506 vero,
2714 440 2866 511 juxta
2890 437 3192 509 spiritalem
3236 440 3324 491 in-

85 526 250 579 πνεύ
259 544 409 597 ματ.
432 526 668 598 θεωρίαν
690 525 933 597 νοηθεῖεν
958 525 1029 580 ἂν
1043 528 1100 580 αί
1127 527 1273 596 λόγῳ
1302 528 1507 598 ληπταὶ
1530 526 1631 596 τῆς

82 615 194 686 (ἧς
228 618 538 689 δυνάμεις,
571 618 628 671 αἶ
669 619 763 673 καὶ
798 620 1086 689 ἀνέχουσιν
1113 620 1285 691 αὐτὴν
1319 622 1401 684 είς
1432 619 1631 690 νοητὴν

79 710 370 765 ιωστίαν.
410 705 538 764 υἷον
565 712 882 781 ἐγκράτεια,
920 713 1205 782 φρόνησις,
1235 714 1269 783 ἠ
1313 712 1455 766 κατά
1499 713 1631 766 Θεὸν

77 802 271 870 Spain,
291 802 654 873 σωφροσύνη,
674 804 772 857 καὶ
794 803 1136 875 δικαιοσύνη,
1161 807 1256 859 καὶ
1280 803 1427 870 ἅπαξ
1443 804 1630 867 ἁπλῶς

76 908 108 946 ν
132 892 303 955 εἶδος
342 894 575 964 ἀρετῆς,
601 889 678 949 ὧν
704 896 806 947 ούκ
834 896 1012 949 οὐσῶν
1058 898 1117 950 ἐν
1147 898 1280 966 ἡμῖν
1305 896 1629 965 ἀσυγχύτως

73 996 207 1049 (ουν
234 983 307 1035 ἐν
330 984 531 1055 κόσμῳ
550 983 627 1054 τῷ
645 984 852 1054 δέοντι)
874 986 961 1039 διὰ
981 987 1041 1039 τὸ
1066 987 1164 1056 τὴν
1200 988 1338 1040 ἰδίαν
1362 988 1463 1041 οὐκ
1484 987 1628 1057 ἔχειν

71 1073 165 1144 [ὒν
186 1115 206 1140 ,
244 1074 484 1145 ἀνάγκη
511 1075 881 1147 ταράττεσθαι
908 1077 1010 1147 τὴν
1036 1076 1217 1148 ψυχὴν
1246 1079 1628 1132 ἀτακτούντων

83 1166 253 1234 αὐτῇ
290 1165 415 1219 τῶν
449 1166 656 1220 παθῶν.

70 1360 95 1394 ε
122 1340 469 1412 Ἀπόστητε
503 1342 597 1395 ἀπ’
619 1342 756 1412 ἐμοῦ
789 1344 1010 1407 πάντες.
1042 1362 1061 1395 ι

79 1427 276 1499 Ὁρᾷς
309 1429 397 1492 ὡς
429 1430 557 1483 ὅταν
586 1432 914 1502 ἀποστῶμεν
954 1432 1063 1486 τῶν
1097 1433 1348 1504 ἐργατῶν
1375 1435 1474 1504 τῆς
1499 1435 1625 1488 ἀνο-

62 1536 137 1582 ας
167 1520 326 1591 (εἴτε
359 1520 691 1592 ἀνθρώπων,
707 1525 819 1578 stre
831 1524 1157 1595 λογισμῶν),
1181 1526 1301 1578 τότε
1328 1527 1357 1578 ὁ
1378 1525 1507 1588 Θεὸς
1529 1525 1627 1589 τὰς

59 1613 308 1682 ιετέρας
342 1611 567 1683 δεήσεις
594 1615 828 1685 ετοίμως
873 1618 970 1670 καὶ
1011 1618 1110 1687 τὴν
1149 1617 1455 1689 προσευχὴν
1478 1616 1628 1689 δέχε-

57 1721 116 1757 ιι.

630 1797 921 1851 ΨΑΑΜυΣ
958 1797 1031 1852 Z'.

77 1909 98 1941 ι
127 1888 479 1960 Ἀνάστηθι,
509 1888 705 1958 Κύριε,
736 1890 796 1943 ἐν
823 1889 962 1961 ὀργῇ
994 1906 1110 1945 σου.
1140 1910 1159 1942 ι

83 1980 440 2052 ’Υψωθῆναι
467 1980 559 2035 τὸν
580 1980 820 2051 Χριστὸν
850 1981 942 2034 ἐπὶ
972 1981 1069 2035 τοῦ
1098 1981 1337 2053 σταυροῦ
1374 1999 1628 2052 παρακαο

49 2076 111 2137 εἴ,
154 2072 505 2136 συντελείας
532 2075 628 2127 καὶ
656 2072 972 2143 ἀφανισμοῦ
1004 2074 1114 2127 τῶν
1143 2073 1413 2144 δαιμόνων
1440 2073 1623 2128 ἕνεκα.

47 2172 211 2221 Ωταν
240 2168 369 2236 γὰρ
398 2164 638 2234 ὑψωθῶ,
656 2165 888 2232 πάντας
916 2167 1159 2220 ἑλκύσω
1174 2167 1324 2235 πρὸς
1344 2167 1624 2237 ἐμαυτόν.

45 2261 210 2330 ιέρας
240 2258 307 2311 δὲ
332 2257 515 2311 ταῦτα
532 2258 628 2311 καὶ
645 2257 942 2321 κατάλυσις
957 2259 1058 2328 τῆς
1074 2257 1182 2311 τῶν
1199 2259 1404 2328 νοητῶν
1420 2260 1628 2333 ἐχθρῶν

43 2348 371 2412 υναστείας
399 2346 639 2415 ἐγένετο.

632 2481 930 2536 ΨΑΛΜΟΣ
967 2484 1050 2537 ll'.

82 2642 105 2675 ε
144 2620 367 2690 Κύριε,
396 2616 602 2687 Κύριος
633 2616 845 2688 ἡμῶν.ι

77 2715 189 2778 Τὸ,
223 2712 420 2779 Κύριε
444 2748 460 2772 ,
494 2712 527 2764 ό
559 2710 776 2776 Κύριος
818 2709 988 2778 ἡμῶν
1010 2751 1026 2776 ,
1059 2710 1091 2780 ή
1128 2710 1424 2781 Ἐκκλησία
1456 2710 1617 2781 λέγει.

32 2807 176 2862 deti
207 2805 331 2874 γὰρ
363 2801 467 2873 τὴν
487 2803 567 2864 είς
592 2800 828 2870 Χριστὸν
855 2801 1177 2870 ἐπίγνωσιν,
1209 2802 1309 2871 τῆς
1336 2804 1446 2857 τῶν
1475 2802 1626 2857 εἰδώ-

29 2918 123 2954 .ων
168 2896 480 2952 ἀποστᾶσα
527 2893 795 2955 δουλείας,
827 2894 1033 2964 Κύριον
1086 2896 1258 2966 αὐτῆς
1302 2897 1491 2952 καλεῖν
1532 2897 1625 2950 τὸν

27 2990 246 3061 ιληθῶς
280 2988 426 3042 Θεὸν
456 2986 553 3040 καὶ
579 2985 784 3055 Κύριον
814 2986 1039 3057 ἦρξατο.

1733 526 2104 599 telligentiam,
2146 531 2377 588 virtutes
2418 532 2587 587 animi
2639 531 2873 587 rationis
2911 537 3192 599 compotes
3233 531 3318 580 in-

1732 618 1942 689 telligit,
1970 635 2091 690 quae
2111 630 2166 677 et
2194 622 2372 691 ipsum
2403 623 2470 676 ad
2509 622 2933 678 intellectualem
2985 618 3315 675 soliditatem

1729 710 1991 767 evehunt.
2050 712 2123 767 Ut
2172 720 2301 768 sunt
2340 713 2697 779 continentia,
2751 709 3059 782 prudentia,
3089 717 3145 763 et
3194 720 3316 775 qua;

1730 803 2028 858 secundum
2053 804 2223 858 Deum
2258 814 2339 860 est
2399 805 2681 867 fortitudo,
2717 801 3097 873 temperantia,
3148 808 3204 852 et
3234 799 3315 866 ju-

1729 892 1894 958 stitia,
1921 904 1977 949 et
2021 894 2266 950 absolute
2322 895 2543 951 demum
2578 910 2750 965 genus
2808 909 2970 949 omne
3022 892 3310 953 virtutum,

1728 998 1851 1052 qua:
1873 999 1997 1038 cum
2027 984 2084 1039 in
2110 985 2269 1041 nobis
2292 1001 2401 1040 non
2433 986 2634 1041 fuerint
2666 984 2963 1040 inconfusa:
2985 983 3058 1051 (id
3080 990 3164 1036 est
3185 993 3311 1036 cum

1727 1075 1940 1130 decenti
1961 1086 2157 1132 ornatu
2179 1078 2520 1148 ordineque),
2550 1094 2773 1135 necesse
2799 1086 2883 1132 est
2910 1078 3166 1135 animam.
3186 1091 3313 1130 cum

1729 1169 2005 1235 proprium
2038 1169 2204 1223 robur
2232 1186 2341 1224 non
2379 1171 2645 1232 obtineat,
2674 1168 2981 1239 perturbari
3040 1165 3312 1236 passioni-

1727 1255 1829 1309 bus
1852 1256 1958 1310 illis
1978 1257 2298 1312 inordinatis
2324 1274 2445 1327 quae
2464 1259 2516 1311 in
2544 1259 2662 1328 ipsa
2696 1266 2847 1311 sunt.

1794 1348 1958 1402 Vens.
1992 1350 2044 1404 9.
2069 1367 2088 1401 ι
2110 1350 2385 1405 Discedite
2410 1365 2441 1404 a
2468 1365 2555 1404 me
2579 1365 2790 1403 omnes.
2837 1366 2856 1400 ι
3278 1390 3289 1409 κ

1798 1436 1955 1491 Vides
1980 1447 2039 1492 ut
2070 1438 2211 1493 Deus
2275 1454 2465 1508 preces
2497 1448 2715 1494 nostras
2758 1454 2822 1493 ac
2852 1436 3307 1508 supplicationem

1726 1537 2009 1596 promptus
2039 1529 2310 1591 admittat,
2342 1543 2467 1583 cum
2495 1535 2565 1584 ab
2587 1528 2940 1598 operantibus
2968 1527 3307 1595 iniquitatem

1729 1618 1866 1688 (sive
1894 1619 2164 1685 homines,
2197 1621 2313 1676 sive
2341 1621 2697 1693 cogitationes
2757 1620 2912 1676 malae
2962 1619 3094 1688 sint)
3147 1618 3309 1688 longe
3385 1607 3389 1611 ’

1730 1711 2143 1766 recesserimus.
2407 1737 2412 1742 -
2518 1714 2521 1715 ⁷

2293 1800 2612 1856 ΡεΑωυε
2633 1801 2745 1856 νη.

1802 1891 1963 1947 Vens.
1993 1892 2049 1948 7.
2079 1910 2099 1943 ι
2135 1893 2396 1963 Exsurge,
2435 1893 2679 1959 Domine,
2713 1893 2767 1946 in
2795 1892 2872 1946 ira
2900 1900 3012 1946 tua.
3053 1908 3073 1942 ι

1799 1982 2058 2038 Hortatur
2081 1994 2139 2038 ut
2167 1983 2416 2039 Christus
2450 1985 2506 2038 in
2559 1999 2723 2039 cruce
2777 1984 3062 2041 exaltetur.
3102 1982 3306 2037 daemo-

1728 2088 1860 2127 num
1903 2073 2156 2127 interitus
2208 2082 2371 2143 atque
2412 2073 2723 2128 abolitionis
2787 2086 2934 2142 ergo.
2971 2070 3101 2126 Cum
3135 2070 3304 2135 enim,

1728 2163 1966 2233 (inquit),
1985 2165 2250 2217 exaltatus
2275 2166 2442 2234 fuero,
2460 2165 2637 2218 omnia
2661 2164 2867 2217 traham
2894 2164 2963 2216 ad
2979 2178 3060 2215 me
3074 2163 3246 2230 ipsum
3265 2160 3304 2214 ⁸.

1729 2253 1856 2308 Haec
1886 2254 2035 2308 enim
2079 2254 2201 2310 [luis
2230 2265 2285 2310 et
2328 2254 2615 2311 dissolutio
2674 2253 2931 2325 potentia:
2981 2250 3307 2322 spiritalium

1727 2344 2072 2402 inimicorum
2107 2344 2283 2401 fuere.

2280 2483 2601 2540 PSALMUS
2637 2481 2779 2538 VIII.

1796 2605 1959 2675 Vens.
1987 2620 2042 2675 Ξ.
2071 2639 2090 2672 ι
2126 2620 2373 2686 Domine,
2400 2619 2662 2675 Dominus
2685 2627 2888 2675 noster.
2919 2635 2938 2668 ι

1799 2711 1933 2767 Illud
1964 2712 2182 2767 nomine
2212 2713 2469 2766 Dominus
2500 2722 2695 2773 noster.
2725 2710 2858 2765 dicit
2889 2707 3150 2764 Ecclesia.
3174 2704 3307 2759 Nam

1726 2813 1851 2873 post
1878 2802 2076 2857 Christi
2098 2803 2450 2873 agnitionem,
2478 2803 2547 2857 ab
2580 2802 2846 2857 idolorum
2877 2797 3141 2855 servitute
3182 2796 3312 2850 libe-

1727 2903 1864 2957 rata,
1906 2893 2192 2948 Dominum
2232 2909 2391 2948 suum
2440 2901 2696 2963 tanquam
2720 2906 2849 2947 vere
2895 2891 3064 2945 Deum
3097 2902 3162 2941 ac
3208 2886 3311 2941 Do-

1726 2987 1935 3041 minum
1968 3000 2164 3040 vocare
2202 2987 2390 3056 capit.

98 3082 222 3135 Ἀεὶ
280 3078 389 3150 μὲν
438 3078 547 3151 γὰρ
574 3079 606 3147 ἠ
639 3078 711 3147 γῆ
743 3078 895 3131 πᾶσα
923 3078 1034 3131 τῶν
1058 3078 1358 3148 θαυμάτων
1406 3079 1618 3150 ἀληθῶς

1797 3073 2026 3145 Semper
2046 3074 2266 3144 quidem
2311 3075 2564 3129 universa
2605 3082 2748 3128 terra
2799 3084 2929 3127 vere
2968 3066 3311 3123 mirabilibus

25 3172 116 3241 τῆς
140 3169 246 3225 τοῦ
277 3166 424 3222 Θεοῦ
462 3166 826 3236 δημιουργίας
855 3166 1216 3236 πεπλήρωται
1240 3209 1255 3229 .
1284 3169 1364 3222 ἐτι
1389 3168 1447 3221 δέ
1486 3170 1623 3236 μᾶλ-

25 3280 130 3329 ιον,
164 3261 268 3329 ἀφ’
287 3255 471 3329 οὗπερ
502 3258 671 3311 αὑτοῦ
697 3257 759 3311 τὸ
787 3257 980 3327 ὄνομα,
1006 3258 1213 3329 δηλαδὴ
1245 3260 1308 3312 τὸ
1350 3259 1446 3312 τοῦ
1490 3261 1625 3329 Χρι.

25 3353 174 3417 ιτοῦ,
205 3351 375 3423 παρά
404 3350 573 3402 πᾶσιν
604 3348 832 3418 Ἕλλησί
850 3365 910 3402 τε
941 3350 1037 3403 καὶ
1066 3350 1382 3420 βαρϐάροις,
1413 3350 1502 3404 διὰ
1527 3351 1626 3420 τῆς

25 3451 97 3509 τίς
126 3443 305 3498 αὑτὸν
339 3439 750 3510 ἐθαυμαστώθη
784 3439 1045 3503 πίστεως.

95 3555 118 3589 ε
148 3535 355 3590 Πάντα
392 3532 668 3597 ὑπέταξας
697 3531 960 3585 ὑποκάτω
983 3531 1090 3585 τῶν
1119 3531 1296 3584 ποδῶν
1324 3533 1513 3586 αὑτοῦ.
1549 3553 1567 3586 ι

91 3624 345 3681 Πετεινὰ
372 3622 468 3675 τοῦ
491 3623 550 3675 ού
561 3621 724 3692 ρανοῦ
747 3624 878 3683 τοὺς
900 3624 1027 3694 περὶ
1048 3624 1146 3691 τὴν
1167 3623 1448 3692 θεολογίαν
1472 3626 1629 3694 ἠσχο-

25 3717 307 3786 λημένους
339 3710 519 3775 καλεῖ,
554 3712 678 3775 τοὺς
708 3713 1047 3782 ἐρευνῶντας
1069 3712 1141 3766 τὰ
1170 3714 1349 3785 ὑψηλά
1377 3715 1470 3767 καὶ
1502 3732 1629 3783 μετ-

25 3809 197 3877 άρσια
234 3804 498 3873 δόγματα
514 3818 529 3834 ⁶
560 3802 748 3874 ίχθύας
771 3803 829 3857 δὲ
848 3804 950 3874 τῆς
975 3803 1272 3876 θαλάσσης,
1293 3808 1421 3869 τοὺς
1443 3808 1502 3860 ἐν
1519 3810 1628 3870 τοῖς

25 3898 334 3968 πράγμασι
385 3892 478 3946 τοῦ
513 3892 630 3963 βίου
656 3892 849 3946 τούτου
880 3895 1239 3964 νηχομένους,
1274 3895 1528 3967 καθάπερ
1573 3900 1630 3950 ἐν

25 3990 270 4060 κύμασι.
306 3986 568 4055 Σωτηρία
613 3985 671 4040 δέ
715 3985 811 4039 καὶ
862 3987 1075 4051 τούτοις
1119 3989 1450 4054 ἀπόκειται,
1502 3991 1632 4043 ὅταν

25 4078 357 4150 πορευθῶσι
386 4077 607 4146 τρίϐους
628 4076 816 4130 οὐκέτι
837 4077 1137 4148 θαλάσσης,
1160 4080 1298 4133 ἀλλά
1319 4080 1631 4146 θαλασσῶν,

25 4168 115 4223 διὰ
150 4168 547 4239 βαπτίσματος
573 4167 668 4219 καὶ
700 4170 994 4237 μετανοίας
1023 4170 1325 4235 ὁδεύοντες.

96 4257 215 4315 Ἦν
254 4260 362 4330 μὲν
393 4260 501 4330 γὰρ
531 4260 680 4330 αὐτῷ
708 4260 805 4313 καὶ
834 4260 904 4315 τά
930 4261 1164 4332 αίσθητά
1195 4263 1283 4317 διὰ
1308 4264 1399 4318 τὸν
1419 4266 1515 4334 τῆς
1536 4266 1627 4336 δη-

30 4353 333 4424 μιουργίας
364 4352 787 4422 ὑποτεταγμένα
814 4354 1000 4423 νόμον,
1034 4356 1230 4424 κτήνη,
1253 4357 1347 4410 καὶ
1375 4358 1518 4426 βόες,
1537 4362 1632 4414 καὶ

1725 3166 2016 3222 creationis
2070 3165 2164 3221 Dei
2210 3165 2695 3237 operibusrepleta
2745 3164 2883 3227 fuit;
2911 3163 3083 3217 multo
3130 3166 3312 3215 tamen

1723 3259 1914 3330 magis,
1957 3275 2025 3314 ex
2074 3275 2184 3329 quo
2214 3275 2412 3314 nomen
2440 3251 2604 3323 illius,
2633 3257 2843 3312 scilicet
2893 3255 3120 3318 Christi,
3164 3253 3310 3323 apud

1724 3368 1915 3408 omnes
1958 3363 2147 3423 gentes
2188 3368 2252 3408 ac
2310 3354 2567 3407 barbaras
2606 3351 2857 3406 nationes
2913 3364 3011 3419 per
3044 3348 3204 3402 [idem
3257 3348 3313 3401 iu

1725 3459 1848 3496 eum
1879 3443 2196 3497 admirabile
2226 3443 2432 3497 factum
2449 3450 2556 3499 est.
2631 3513 2637 3519 .

1800 3532 1965 3588 Vens.
1993 3535 2047 3588 8.
2089 3552 2107 3584 ι
2136 3534 2335 3588 Omnia
2365 3533 2647 3603 subjecisti
2675 3532 2777 3587 sub
2795 3530 3026 3601 pedibus
3045 3529 3186 3599 ejus.
3218 3545 3239 3578 ι

1797 3623 2059 3680 Volucres
2084 3625 2204 3679 coeli
2238 3634 2398 3679 vocat
2426 3624 2545 3677 illos
2566 3623 2683 3692 qui,
2729 3624 2835 3677 alta
2857 3630 2914 3675 et
2941 3620 3189 3676 sublimia
3219 3619 3315 3675 do-

1728 3725 1904 3785 gmata
1942 3723 2367 3783 perscrutantes,
2398 3714 2685 3785 theologia
2727 3714 3057 3768 incumbunt
3094 3730 3106 3764 :
3139 3711 3316 3781 pisces

1728 3820 1859 3859 vero
1879 3806 2062 3870 maris,
2092 3820 2188 3859 eos
2221 3805 2312 3874 qui
2345 3806 2401 3859 in
2424 3806 2548 3860 vitae
2578 3804 2744 3875 hujus
2776 3804 3009 3874 negotiis
3057 3812 3315 3872 tanquam

1730 3897 1785 3951 in
1816 3896 2069 3951 ﬂuctibus
2099 3905 2310 3952 natant.
2342 3897 2435 3952 liis
2459 3908 2640 3953 autem
2665 3899 2829 3952 etiam
2873 3897 3018 3951 salus
3078 3896 3315 3964 reposita

1730 3999 1836 4053 est,
1869 4003 1993 4042 cum
2031 4004 2142 4043 non
2165 3989 2398 4058 amplius
2422 3990 2607 4052 maris,
2649 3989 2745 4047 sed
2797 3988 3049 4049 marium,
3086 4003 3181 4056 per
3217 3986 3317 4040 ba-

1729 4081 1993 4151 ptismum
2018 4089 2075 4135 et
2094 4079 2497 4150 paenitentiam,
2529 4080 2645 4136 vias
2673 4080 3036 4137 inambulent.

1802 4260 2072 4316 Caeterum
2100 4264 2257 4311 erant
2291 4256 2456 4311 etiam
2497 4255 2598 4326 ipsi
2662 4254 2943 4311 sensibilia
2985 4252 3166 4308 omnia
3221 4266 3318 4322 per

1734 4346 2063 4408 conditionis
2112 4345 2285 4417 legem
2315 4345 2583 4415 subjecta,
2632 4346 2982 4414 jumentmet
3029 4343 3216 4404 boves,
3264 4348 3319 4394 et

30 4447 312 4516 πρόϐατα.
341 4445 600 4516 Πρόϐατα
622 4445 678 4498 δέ
709 4445 871 4499 πάλιν
894 4447 1081 4515 νοητά,
1110 4448 1533 4520 ὑποτεταγμένα
1554 4452 1618 4523 τᾷ

1765 4459 1884 4499 ινεε.
1910 4442 2122 4498 Rursus
2155 4451 2337 4498 autem
2360 4457 2493 4497 oves
2516 4442 2936 4505 intellectuales,
2966 4439 3215 4494 homines
3236 4436 3321 4490 iu-

28 4538 259 4608 Χριστῷ
291 4539 426 4599 τοὺς
461 4540 520 4590 ἐν
564 4538 776 4608 ἀκακία
814 4539 1271 4608 πολιτευομένους
1304 4540 1630 4613 ἀνθρώπους

30 4630 410 4700 εὑρίσκομεν·
451 4629 578 4699 βόας
608 4630 734 4693 τοὺς
782 4630 896 4683 τῶν
939 4632 1174 4686 ἐντολῶν
1208 4633 1468 4704 ἐργάτας,
1500 4637 1632 4705 περὶ⁷

29 4715 108 4775 ὧν
139 4722 354 4791 Μωσῆς
382 4723 413 4775 ὁ
450 4720 751 4790 νομοθέτης
782 4721 1002 4790 ἔλεγεν·
1043 4726 1127 4777 Οὐ
1169 4725 1456 4793 φιμώσεις
1472 4727 1633 4791 ,ϐοῦν

36 4808 517 4864 ἀλοῶντα.Ὅθεν
550 4811 648 4881 οὐχ
676 4809 863 4873 ἁπλῶς
899 4810 1049 4880 βόας,
1080 4812 1219 4866 ἀλλά
1247 4815 1342 4867 καὶ
1370 4814 1573 4879 πάσας
1601 4817 1631 4868 ὁ

46 4901 349 4972 -Υαλμῳδὸς
379 4901 619 4967 ἐξέθετο.
654 4903 827 4956 Πᾶσιν
855 4904 965 4973 γὰρ
989 4906 1017 4959 ό
1039 4904 1171 4967 Θεὸς
1190 4904 1288 4975 τὴν
1308 4905 1511 4976 ἀρετὴν
1537 4908 1633 4961 καὶ

44 4992 144 5061 τὴν
194 4994 474 5063 τυχοῦσαν
521 4993 917 5065 ἐργαζομένοις
963 4995 1301 5066 εὑρίσκεται.
1334 4996 1525 5067 κτήνη
1576 4997 1633 5049 δέ

48 5080 210 5135 καλεῖ
239 5086 369 5147 τοὺς
411 5086 774 5156 ἁμαρτωλοὺς
794 5127 809 5149 ,
838 5086 1027 5156 ἐπειδὴ
1056 5087 1209 5141 xm
1242 5086 1341 5149 τὰς
1371 5086 1524 5156 ὄψεις
1552 5090 1633 5152 εἰς

49 5173 158 5239 γῆν
181 5173 447 5237 νευούσας
478 5177 789 5247 κέκτηνται.
808 5175 973 5230 Ἀλλά
994 5178 1087 5230 καὶ
1106 5175 1281 5231 ταῦτα
1307 5179 1637 5248 μετανοοῦν-

51 5279 143 5328 τα,
177 5261 275 5316 καὶ
303 5264 646 5331 ὑποταγέντα
675 5268 932 5334 σώσεται,
958 5268 1087 5322 ὅταν
1132 5267 1211 5337 τῷ
1252 5268 1472 5339 Χριστῷ
1501 5271 1635 5323 ἀνα-

59 5354 201 5422 eam
222 5352 314 5406 διά
335 5354 435 5421 τῆς
458 5357 824 5427 εὑαγγελικῆς
850 5359 1125 5424 πολιτείας
1151 5359 1496 5429 ὑποδέξηται.
1516 5362 1636 5416 Ἀν-

58 5446 334 5514 θρώπους
360 5446 489 5517 γὰρ,
519 5448 674 5519 φησι,
704 5450 805 5504 καὶ
825 5451 1015 5520 κτήνη
1041 5451 1283 5519 σώσεις,
1316 5454 1513 5521 Κύριε.

143 5725 158 5756 ¹
183 5724 340 5781 Joan.
369 5744 463 5796 ιιι,
498 5730 585 5784 52.

1733 4544 1995 4590 nocenter
2040 4534 2307 4598 viventes,
2351 4532 2570 4587 Christo
2627 4533 2906 4599 subiectos
2964 4527 3270 4599 reperimus
3310 4540 3324 4579 :

1732 4624 1901 4680 boves
1930 4624 2059 4680 item
2094 4631 2491 4693 praeceptorum
2554 4623 2958 4682 observatores.
2996 4621 3064 4675 de
3120 4617 3321 4688 quibus

1732 4716 2010 4786 legislator
2040 4715 2249 4785 Moyses
2279 4714 2393 4768 ait:
2425 4713 2547 4767 Non
2589 4713 2860 4766 obturabis
2897 4727 2952 4764 os
2993 4710 3108 4763 bovi
3160 4710 3319 4761 tritu-

1739 4809 1882 4861 ranti
1904 4815 1944 4862 ³.
1963 4805 2114 4860 Unde
2133 4822 2242 4859 non
2269 4806 2436 4859 boves
2460 4805 2796 4872 simpliciter,
2815 4803 2908 4855 sed
2934 4803 3083 4855 boves
3112 4802 3322 4853 univer-

1738 4914 1843 4961 sos,
1876 4895 2328 4964 Psalmographus
2363 4894 2563 4961 posuit.
2591 4893 2673 4945 Ab
2698 4892 2956 4945 omnibus
3008 4891 3154 4945 enim
3180 4891 3323 4945 Deus

1740 4987 2175 5056 qualemcunque
2234 4982 2490 5036 virtutem
2566 4980 2949 5036 exercentibus
3021 4980 3318 5034 invenitur.

1742 5080 1945 5135 Pecora
1974 5090 2107 5131 vero
2156 5083 2467 5146 peccatores
2510 5084 2688 5136 vocat,
2724 5072 2991 5141 siquidem
3056 5086 3225 5140 prona
3264 5070 3319 5123 in

1744 5183 1943 5227 terram
1974 5170 2276 5239 spectantia
2314 5179 2495 5223 creata
2527 5178 2674 5223 sunt.
2699 5167 2861 5237 Atqui
2891 5175 2950 5221 et
2968 5167 3085 5236 ipsa
3110 5165 3153 5219 si
3206 5180 3321 5235 pae-

1743 5262 2029 5319 nitentiam
2055 5262 2288 5332 egerint,
2318 5270 2372 5316 et
2418 5261 2779 5324 obediverint,
2813 5260 2960 5313 salva
2999 5259 3164 5324 ﬁent;
3194 5273 3318 5312 cum

1745 5357 2020 5411 Christum
2065 5372 2161 5425 per
2187 5356 2559 5427 evangelicam
2610 5355 3007 5410 inStitutionem
3064 5368 3320 5408 ascenso-

1734 5464 1858 5519 ,rem
1898 5447 2232 5505 admiserint.
2261 5447 2507 5502 Homines
2557 5446 2746 5516 (enim,
2785 5446 2977 5517 inquit)
3005 5453 3052 5500 et
3077 5444 3321 5515 jumenta

1744 5537 1990 5602 salvebis,
2019 5538 2237 5592 Domine
2265 5538 2305 5595 ³.

667 5732 684 5759 ⁸
718 5729 870 5783 Deut.
901 5746 1021 5799 xxv,
1058 5732 1119 5800 ι;
1157 5731 1174 5785 l
1211 5732 1335 5787 Cor.
1374 5748 1449 5801 ιι,
1473 5734 1548 5789 9.-
1604 5734 1623 5764 ³
1651 5733 1795 5791 Psal.
1829 5750 1990 5802 xxxv,
2030 5735 2083 5790 7.
