3810 6318
5 351 74 413 i5
1131 342 1585 404 FRAGMENTA

1765 337 2132 398 PSALMOS.

3128 329 3264 394 1186

5 461 134 515 (ἂν
172 461 456 522 ἀσθενεῖς
489 453 616 519 ὥσ..
647 443 1002 525 κᾶνπτωχοὶ,
1029 454 1134 508 κᾶν
1169 452 1572 524 βάρϐαροι,κᾶν

1738 444 1976 500 Tametsi
2001 442 2301 499 imbecilles
2334 441 2465 508 sint,
2484 439 2700 494 tametsi
2725 452 3016 509 pauperes,
3049 439 3265 492 tametsi

6 555 271 621 .ὁτριοι.
317 551 374 602 '0
421 549 529 619 γὰρ
577 549 706 610 τοὺς
748 544 1219 615 πονηρευομένους
1257 541 1572 606 ὲξουδενῶν,

1673 539 1930 605 barbari,
1979 537 2192 592 tametsi
2250 536 2589 605 alienigenae.
2653 531 2758 598 Qui
2801 533 2947 586 enim
2994 531 3264 601 malignos

16 659 48 703 ς
85 642 156 692 δὲ
187 639 588 710 φοϐουμένους
617 638 708 690 τὸν
734 636 942 704 Κύριον
972 634 1232 697 δοξάζων,
1257 630 1487 695 πολλοὺς
1511 633 1576 686 ὲκ

1727 630 2003 694 ιηιοιηηίι,
2059 629 2313 682 timentes
2394 641 2525 680 vero
2598 621 2888 678 Dominum
2957 623 3262 693 gloriﬁcat,

5 731 231 801 θηρίοις
271 731 613 800 ἀποτρέπει.
647 729 948 797 προτρέπει
980 726 1035 778 δὲ
1065 723 1199 795 πρὸς
1234 723 1535 776 εὐσέϐειαν.

559 816 857 870 ΨΑΛΜΟΣ
905 815 1008 868 ΙΕ’.

5 930 16 960 ι
56 909 320 978 Κύριός
358 926 461 978 μου
496 903 548 960 εἴ
573 907 660 961 σύ.
691 927 708 957 ι

6 1002 208 1070 Ὁρᾷς
267 1004 381 1072 τῆς
419 999 748 1068 Ἐκκλησίας
799 999 899 1069 τὴν
946 997 1388 1068 εὐγνωμοσύνην.
1408 995 1574 1067 Ὁμοῦ

1673 723 1875 777 multos
1903 737 1933 775 a
1974 719 2214 789 nequitia
2245 717 2464 780 avertit,
2496 725 2551 769 et
2584 714 2650 767 ad
2681 714 2936 783 pietatem
2969 712 3258 768 convertit.

2207 804 2530 861 PSALMUS
2564 802 2683 859 XV.

1745 901 1911 958 Vsus.
1935 902 1990 956 2.
2024 921 2043 952 ι
2072 900 2334 955 Dominus
2368 915 2521 952 meus
2545 912 2604 951 es
2636 905 2717 951 tu.
2748 912 2766 945 ι

1705 991 1911 1047 “Vides
1943 991 2197 1046 Ecclesia:
2227 989 2612 1060 gratitudinem
2633 1003 2650 1041 :
2671 985 2828 1038 simul
2854 983 3000 1037 enim
3022 991 3077 1035 et
3107 996 3261 1036 suam

5 1110 34 1162 ρ
85 1092 207 1143 καὶ
257 1071 373 1162 τὴν
411 1090 611 1159 ἑαυτῆς
641 1091 936 1158 πτωχείαν,
969 1090 1065 1141 καὶ
1097 1087 1192 1141 τοῦ
1219 1087 1454 1157 νυμφίου
1483 1087 1576 1140 τὸν

1727 1091 2069 1152 Iupcrtatem,
2120 1088 2175 1134 et
2209 1079 2390 1148 sponsi
2432 1077 2649 1130 divitias
2683 1075 2924 1146 professa
2965 1081 3072 1126 est.
3111 1071 3262 1141 Dixi,

5 1185 191 1236 οῦτον
249 1183 640 1252 ὡμολόγησεν.
672 1176 845 1242 ΕΙπα,
871 1185 1039 1249 φησι,
1073 1179 1153 1244 τῷ
1180 1181 1395 1246 Κυρίῳ,
1417 1197 1575 1233 τουτ-

5 1294 48 1327 :t
84 1275 182 1344 τῷ
239 1273 499 1343 Χριστῷ,
555 1273 770 1341 Κύριός
811 1290 931 1340 μου
959 1269 1016 1325 εἷ
1040 1273 1143 1328 σύ.
1175 1273 1290 1325 Οὐκ
1318 1269 1389 1336 εἴ,
1422 1273 1575 1342 φησὶ,

5 1372 94 1432 to;
141 1369 258 1422 ἄνθ
268 1384 486 1438 ρωπος,
521 1365 656 1419 ἀλλὰ
685 1363 908 1432 Κύριος,
935 1363 1121 1432 ἐπειδὴ
1149 1363 1340 1432 δούλην
1374 1363 1452 1425 εἰς
1478 1364 1579 1430 γάο

6 1479 40 1512 υ
92 1459 451 1522 κοινωνίαν,
483 1456 579 1508 καὶ
606 1456 704 1522 τὴν
731 1453 1036 1522 ἀπόϐλητον
1069 1453 1282 1515 ἔλαϐες.

11 1571 33 1602 ε
74 1553 320 1621 Κύριος
357 1549 516 1619 μερὶς
555 1547 654 1616 τῆς
682 1546 1051 1616 κληρονομίας
1085 1561 1188 1614 μου
1224 1545 1320 1598 καὶ
1352 1542 1444 1598 τοῦ
1483 1559 1577 1596 πο-

14 1645 152 1712 ρίου
194 1659 345 1710 μου.
385 1661 403 1692 ι
611 1698 613 1700 η

8 1732 454 1802 κληρονομίας
491 1729 642 1799 φησι,
679 1727 926 1781 τουτέστι
973 1726 1070 1778 τοῦ
1107 1727 1410 1796 μυστηρίου
1454 1726 1577 1779 τού-

1676 1175 1872 1245 inquit,
1905 1173 2132 1228 Domino
2165 1171 2241 1236 (id
2269 1178 2354 1222 est
2409 1167 2649 1237 Christo)
2679 1185 2692 1222 ;
2721 1167 2976 1219 Dominus
3030 1180 3175 1218 meus
3212 1179 3265 1219 es

1679 1274 1755 1318 tu.
1797 1265 1914 1319 Non
1939 1279 2017 1322 es.
2041 1263 2241 1330 inquit,
2267 1273 2438 1328 purus
2461 1258 2647 1319 homo,
2681 1256 2777 1310 sed
2833 1255 3138 1309 Dominus:
3187 1254 3260 1308 si-

1676 1351 1895 1420 quidem
1931 1365 2144 1405 servam
2174 1349 2228 1400 in
2261 1362 2484 1400 uxorem
2511 1355 2568 1400 et
2597 1346 2800 1400 sociam
2823 1344 3048 1404 duxisti,
3080 1351 3137 1398 et
3185 1358 3264 1396 re-

1673 1443 1872 1512 iectam
1906 1440 2000 1495 tibi
2029 1437 2380 1508 conjunxisti.

1748 1532 1910 1587 Vens.
1937 1533 1990 1588 5..
2029 1551 2046 1583 ι
2079 1531 2343 1590 Dominus
2372 1541 2500 1597 pars
2527 1522 2863 1579 haereditatis
2893 1536 3083 1575 meae.»

1749 1727 2092 1783 Haereditatis
2115 1725 2356 1796 (inquit),
2390 1725 2496 1778 hoc
2529 1731 2612 1777 est
2633 1719 2876 1794 mysterii
2903 1718 3089 1788 hujus.
3127 1715 3264 1772 Nam

5 1844 60 1876 υ.
110 1822 532 1892 κληρονομίαν
565 1820 672 1889 γὰρ
704 1823 761 1872 ὲν
790 1818 866 1888 τῷ
894 1817 1050 1874 αἰῶνι
1081 1817 1256 1886 τούτῳ
1285 1819 1318 1887 ἡ
1352 1817 1577 1886 Ἐκκλη-

1727 1837 1740 1873 ι
1770 1819 2022 1890 praesenti
2046 1819 2267 1880 sarculo,
2300 1825 2498 1885 praeter
2523 1815 2700 1868 solum
2736 1811 2931 1874 Deum,
2953 1825 3066 1863 non
3101 1808 3267 1862 habet

5 1935 38 1969 at
96 1917 166 1968 οὐ
217 1915 531 1983 κέκτηται,
570 1913 709 1980 πλὴν
748 1911 905 1980 μόνον
939 1909 1029 1961 τὸν
1063 1907 1412 1971 Θεὸν.’οστις
1443 1908 1579 1978 αὐτῇ

5 2028 35 2061 ν
73 2009 313 2077 κλῆρον
353 2002 680 2072 εύπρεπίζει
709 2001 798 2054 τὸν
830 2000 1112 2071 μέλλοντα,
1144 1999 1233 2052 διὰ
1259 1999 1419 2052 τοῦτο
1440 2000 1584 2050 εἰκό-

6 2120 58 2163 ›;
105 2103 137 2154 ὁ
169 2100 377 2169 στίχος
411 2100 437 2151 ὁ
467 2096 732 2164 ἑπόμενος
785 2094 1146 2164 πρόσκειται’
1186 2110 1202 2143 ι
1235 2090 1319 2144 Σὺ
1356 2088 1412 2145 εἷ
1433 2091 1584 2146 ἀπο-

6 2191 290 2258 ιθιστῶν
328 2189 446 2254 τὴν
473 2186 906 2255 κληρονομίαν.
941 2203 962 2236 ι

27 2303 49 2334 ι
91 2283 422 2350 Εὑλογήσω
445 2279 536 2331 τὸν
565 2277 791 2347 Κύριον.
823 2293 840 2326 ι

25 2376 288 2441 Εὑλογεῖ
321 2375 416 2426 τὸν
448 2371 582 2424 Θεὸν
603 2373 636 2440 ἡ
672 2365 992 2437 Ἐκκλησία,
1027 2365 1106 2430 ὡς
1135 2366 1268 2436 παρ’
1292 2363 1460 2419 αὐτοῦ
1503 2364 1587 2416 δε-

5 2467 191 2536 ιμένη
222 2465 350 2517 τῶν
381 2461 699 2532 μυστηρίων
725 2458 824 2527 τὴν
861 2456 1095 2519 σύνεσιν,
1127 2454 1224 2507 καὶ
1251 2454 1350 2524 τὴν
1375 2453 1585 2523 πλάνην

5 2560 70 2613 ὒν
109 2557 417 2612 Ἰουδαίων
448 2553 771 2607 ἐκκλίνασα.

37 2670 57 2701 ι
91 2644 484 2720 Προωρώμην
529 2645 622 2696 τὸν
674 2641 878 2712 Κύριον
919 2637 1151 2693 ἐνώπιόν
1204 2654 1309 2708 μου
1355 2636 1584 2690 διαπαν-

5 2741 78 2800 5ς.
119 2758 140 2790 ι

34 2828 309 2898 Θεωρεῖς
335 2825 466 2876 Υἱοῦ
495 2825 589 2876 καὶ
611 2822 824 2893 [ἰατρὸς
845 2819 1169 2890 ὁμοτιμίαν;
1195 2817 1334 2871 Ποτὲ
1361 2817 1459 2888 μὲν
1479 2818 1588 2887 γὰρ

23 2920 164 2977 Υἱὸς
206 2915 448 2988 ἑστάναι
478 2914 541 2965 ἐκ
572 2911 783 2978 δεξιῶν,
818 2911 850 2981 ἢ
892 2909 1169 2978 καθῆσθαι
1200 2907 1422 2976 λέγεται
1444 2923 1457 2938 ’
1492 2907 1587 2959 νῦν

5 3011 24 3061 ὲ
61 3008 145 3078 τῷ
179 3007 374 3076 Πατρὶ
403 3005 494 3056 τὸν
525 3003 698 3066 δεξιὸν
727 3003 892 3054 τόπον
925 2999 1188 3068 ἀπονέμει
1210 3014 1224 3027 ⁶
1273 2998 1360 3050 ἵνα
1409 2998 1586 3068 μάθῃς

5 3101 112 3151 ,ίαν
141 3095 296 3150 εἶναι
322 3094 424 3146 τοῦ
458 3094 494 3144 Γ
499 3092 820 3161 εννηθέντος
845 3089 940 3148 καὶ
972 3091 1066 3141 τοῦ
1097 3088 1464 3156 Γεννήσαντος
1491 3086 1584 3138 δύ-

5 3209 173 3260 αμιν,
209 3186 388 3242 εἰκαὶ
409 3185 504 3239 νῦν
534 3183 769 3236 ταπεινὰ
807 3182 896 3234 διὰ
923 3181 1018 3252 τὴν
1051 3179 1230 3251 σάρκα
1265 3179 1586 3249 φθέγγεται.

574 3296 867 3349 ΨΑΑΜοΣ
904 3292 1020 3360 tq'.

56 3415 78 3447 ι
113 3393 544 3463 Θαυμάστωσον
573 3388 638 3439 τὰ
672 3385 800 3454 ὲλέη
828 3401 919 3436 σου
943 3423 957 3446 ,
986 3385 1014 3435 ὁ
1042 3380 1232 3446 σώζων
1266 3381 1391 3443 τοὺς
1435 3381 1590 3432 ἐλπί-

5 3489 190 3548 ζοντας
229 3484 330 3535 ἐπὶ
365 3481 445 3532 σέ.
480 3500 498 3530 ι

59 3579 204 3630 Ποῖα
237 3572 564 3638 διαϐἡματα
593 3563 1023 3633 καταρτισθῆναι
1047 3563 1106 3615 ὲν
1129 3563 1249 3623 ταῖς
1275 3559 1482 3631 τρίϐοις
1500 3557 1594 3612 τοῦ

5 3669 131 3721 θεοῦ
155 3709 170 3730 ,
212 3667 352 3717 ποῖα
387 3662 443 3714 δὲ
478 3659 552 3729 μὴ
590 3657 917 3724 σαλευθῆναι
953 3658 980 3708 ὁ
1019 3655 1313 3725 Προφήτης
1340 3651 1592 3722 εὔχεταις

5 3759 354 3826 ὶιαόήματιι
399 3753 591 3824 πρῶτα
619 3751 686 3807 τὰ
733 3751 833 3819 τῆς
877 3747 1056 3817 ψυχῆς
1090 3747 1368 3815 κινήματα
1393 3745 1595 3813 κεκτή-

5 3851 146 3920 μεθα
166 3888 181 3910 ,
222 3848 322 3898 καὶ
354 3844 530 3896 ταῦτα
559 3837 1029 3908 καταρτισθῆναι
1049 3879 1064 3903 ,
1095 3837 1339 3889 τουτέστι
1371 3833 1598 3904 βεϐαιω-

6 3914 185 4008 λῆναι,
201 3939 275 3991 ἐν
298 3937 430 4001 ταῖς
451 3936 671 4002 τρίϐοις
696 3931 788 3985 τοῦ
812 3914 974 3995 Θεοῦ,
997 3932 1053 3981 ὲν
1078 3932 1189 3991 τοῖς
1215 3927 1597 3998 προστάγμασι

5 4037 111 4095 τοῖς
144 4032 320 4091 θείοις
351 4027 594 4096 δηλονότι
616 4023 998 4093 προσεύχεται.
1022 4020 1241 4073 Τούτων
1265 4018 1373 4088 γὰρ
1395 4033 1600 4086 καταρ-

5 4122 328 4182 τιεθέντων,
362 4118 481 4170 οὐδὲ
509 4116 576 4168 τὰ
607 4114 742 4168 ἄλλα
777 4113 935 4182 ήμῶν
963 4111 1294 4182 διαδήματα,
1322 4109 1600 4162 τουτέστιν

5 4215 62 4266 αἱ
88 4199 368 4280 πράξεις,
399 4205 716 4260 σαλεύονται
738 4222 751 4236 ·
781 4201 1026 4274 ἁμαρτία
1056 4203 1166 4271 γὰρ
1197 4199 1338 4256 αὐτὰ
1368 4197 1598 4270 μοχλεῦ-

5 4318 96 4356 σαι
130 4301 196 4353 ού
229 4299 480 4350 δύναται.

81 4411 100 4442 ι
134 4393 200 4444 Οἱ
229 4389 424 4460 ἐχθροί
458 4403 559 4457 μου
589 4385 686 4456 τὴν
713 4383 892 4455 ψυχήν
923 4400 1048 4454 μου.
1081 4399 1101 4431 υ

81 4576 368 4630 Κυκλοῦσι
416 4575 526 4644 γὰρ
555 4573 654 4644 τὴν
686 4572 862 4642 ψυχὴν
894 4569 1052 4639 ἡμῶν
1077 4569 1128 4619 οἱ
1155 4565 1407 4634 δαίμονες
1426 4601 1442 4625 ,
1476 4561 1592 4627 καὶ,

15 4667 221 4738 θηρίων
234 4668 414 4736 δίκην,
436 4665 667 4726 ἕκαστος
691 4659 1100 4732 προσλαμϐάνει
1130 4653 1453 4721 παγιδεῦσαι
1475 4653 1599 4721 βου-

16 4757 266 4826 λόμενος.
296 4757 474 4824 Στέαρ
513 4754 568 4806 δὲ
595 4753 701 4806 τῶν
730 4753 1022 4822 δαιμόνων,
1044 4749 1136 4801 καὶ
1167 4745 1339 4817 τροφὴ
1368 4743 1596 4814 λιπαρά,

20 4849 67 4900 οἱ
90 4847 525 4917 ἁμαρτάνοντες,
549 4843 640 4908 οὒς
672 4847 786 4906 ταῖς
811 4842 1020 4913 ἡδοναῖς
1043 4837 1436 4901 ἀπολαύοντας,
1459 4835 1600 4888 ὥστε

25 4941 221 5006 μηκέτι
257 4940 565 5016 διαφυγεῖν,
601 4934 969 5003 συγκλείουσι.
1002 4932 1169 4987 Ποίαν
1215 4930 1272 4981 δὲ
1317 4930 1602 4998 ὑπερηφαο

24 5029 182 5095 νίαν;
232 5031 342 5099 Τὴν
377 5029 718 5084 ἀποστασίαν
749 5028 847 5098 τὴν
880 5027 990 5081 ἀπὸ
1034 5021 1129 5076 τοῦ
1160 5019 1317 5085 Θεοῦ,
1353 5019 1451 5096 τὴν
1477 5023 1605 5071 ἁπι-

30 5119 184 5173 στίαν
230 5119 324 5171 τοῦ
376 5121 662 5190 μέλλοντος
690 5161 704 5185 ,
753 5119 851 5188 τῆς
899 5114 1132 5186 κρίσεως
1181 5115 1279 5180 τὴν
1325 5108 1600 5178 ἀθέτησιν.

34 5211 219 5262 Ταῦτα
249 5211 354 5278 γὰρ
393 5213 441 5264 οἱ
471 5210 692 5280 θέμενοι
721 5209 990 5282 ἁμαρτεῖν
1008 5245 1024 5272 ,
1055 5203 1181 5265 τοὺς
1211 5200 1605 5269 ἀπατωμένους

34 5297 457 5366 προτρέπονται,

111 5407 128 5439 ι
153 5389 458 5458 Ἀνάστηθι,
493 5391 687 5458 Κύριε.
722 5409 740 5440 ι
1497 5449 1504 5462 Ι

117 5481 415 5550 Ῥομφαίαν
457 5482 613 5538 καλεί
661 5482 755 5533 τοῦ
802 5479 937 5532 Θεοῦ
976 5479 1037 5531 τὸ
1069 5476 1295 5538 δίκαιον,
1333 5470 1607 5542 μαχαίρας

43 5570 191 5641 δίκην
245 5574 368 5637 ὅλας
418 5577 526 5644 ,τὰς
577 5574 684 5626 τῶν
737 5571 1008 5641 δαιμόνων
1071 5563 1404 5638 παρατάξεις
1451 5561 1606 5616 ἑκτέα

53 5681 266 5730 μνον-τα.

131 5771 152 5807 ι
170 5756 597 5830 Ἐχορτάσθησαν
627 5756 779 5810 υἱῶν.
813 5771 830 5804 ι

1684 1912 1926 1968 Ecclesia
1950 1910 2344 1966 baereditatem.
2381 1907 2478 1961 Hic
2503 1906 2576 1959 illi
2600 1906 2840 1958 futuram
2895 1903 3267 1958 hereditatem

1685 2015 1875 2075 parat:
1906 2011 2193 2074 propterea
2222 2001 2348 2054 huic
2389 1997 2660 2053 versiculo
2708 2009 2944 2064 sequens
2968 1994 3090 2063 jure
3113 1992 3267 2046 addi-

1686 2106 1776 2152 tur
1811 2115 1824 2152 :
1857 2114 1876 2148 ι
1899 2096 1972 2150 Tu
1994 2111 2046 2149 es
2068 2095 2157 2164 qui
2180 2093 2422 2150 restitues
2440 2089 2826 2143 ltwreditatem.
2857 2105 2876 2137 ι

1757 2277 1919 2332 Vens.
1945 2276 1998 2330 ’⁷.
2041 2293 2060 2326 ε
2086 2273 2412 2328 Benedicam
2449 2268 2762 2324 Dominum.
2795 2285 2814 2318 ›

1757 2369 1870 2424 Deo
1907 2369 2180 2424 benedicit
2209 2364 2472 2428 Ecclesia,
2503 2369 2565 2416 ut
2595 2376 2717 2428 quae
2743 2359 2814 2412 ab
2835 2358 2954 2427 ipso
2981 2355 3268 2426 mysterio-

1686 2478 1806 2515 rum
1834 2459 2244 2530 intelligentiam
2271 2454 2563 2524 acceperit,
2602 2467 2668 2506 ac
2695 2450 3003 2504 Judmorum
3022 2461 3266 2501 errorem

1687 2553 2063 2608 declinaverit.

1762 2647 1919 2701 Vsus.
1939 2647 1990 2700 8.
2016 2663 2035 2696 ι
2058 2641 2416 2697 Providebam
2437 2637 2724 2694 Dominum
2747 2635 2803 2689 in
2826 2639 3120 2702 conspectu
3145 2645 3268 2684 meo

1690 2753 1800 2793 sem
1810 2754 1920 2793 Del‘.
1960 2756 1978 2788 ι

1909 2780 1920 2793 .
1960 2756 1978 2788 ι

1950 2825 2210 2894 aequalem
2238 2820 2360 2875 Filii
2392 2835 2514 2874 cum
2539 2816 2698 2872 Patre
2734 2812 3091 2885 dignitatem?
3121 2811 3270 2864 Non-

1687 2933 1963 2987 nunquam
1995 2916 2142 2970 enirn
2183 2913 2351 2970 Filius
2377 2923 2519 2968 stare
2548 2927 2579 2964 a
2609 2907 2811 2964 dextris
2837 2913 2930 2959 aut
2968 2904 3160 2958 sedere
3188 2903 3270 2958 di-

1689 3011 1864 3075 citur;
1919 3023 2067 3065 nunc
2100 3018 2232 3061 vero
2266 3004 2411 3058 Patri
2472 3005 2723 3057 dextrum
2764 3000 2942 3053 locum
2984 2995 3269 3050 attribuit:

1691 3112 1751 3154 ut
1774 3100 1954 3154 discas
1980 3112 2142 3150 unam
2168 3110 2288 3150 esse
2317 3092 2496 3147 Geniti
2526 3101 2582 3146 et
2606 3089 2882 3144 Genitoris
2925 3093 3270 3156 potestatem,

1692 3191 1908 3246 tametsi
1934 3191 2044 3260 jam
2075 3196 2298 3259 propter
2341 3199 2560 3241 carnem
2591 3182 2812 3236 humilia
2840 3182 3109 3248 loquatur.

2230 3273 2551 3331 PSALMUS
2583 3271 2720 3326 XVI.

1765 3369 1926 3424 Vens.
1967 3371 2018 3422 7.
2063 3388 2081 3420 ι
2110 3367 2334 3424 Mirilica
2364 3362 2763 3421 misericordias
2793 3367 2935 3425 tuas,
2977 3357 3071 3427 qui
3095 3357 3277 3413 salvos

1693 3460 1827 3514 facis
1852 3466 2131 3527 sperantes
2160 3457 2215 3508 in
2247 3465 2315 3509 te.
2357 3474 2374 3506 ι

1769 3545 2046 3610 Quasnam
2081 3558 2304 3613 gressus
2349 3543 2405 3595 in
2463 3539 2556 3594 Dei
2603 3535 2813 3592 semitis
2853 3533 3083 3604 perﬁci,
3137 3547 3276 3600 quos

1696 3633 1826 3688 item
1859 3647 1970 3686 non
2011 3631 2342 3686 commoveri
2375 3630 2648 3696 Propheta
2688 3626 2886 3695 rogat?
2919 3623 3136 3678 Gressus
3165 3621 3278 3690 pri-

1697 3739 1816 3779 mos
1847 3724 2016 3778 animi
2044 3731 2227 3777 motus
2259 3729 2530 3783 tenemus,
2568 3731 2712 3787 quos
2760 3713 2940 3784 perﬁci
2965 3751 2978 3776 ,
3027 3713 3133 3766 hoc
3193 3717 3278 3762 est

1698 3819 2011 3873 conﬁrmari
2041 3820 2097 3871 in
2126 3818 2327 3870 semitis
2361 3815 2478 3878 Dei,
2534 3813 2636 3866 hoc
2685 3821 2771 3866 est
2799 3810 2852 3863 in
2880 3807 3084 3863 divinis
3117 3820 3277 3859 man-

1698 3911 1843 3965 datis
1867 3951 1882 3975 ,
1914 3920 2056 3964 orat.
2089 3909 2247 3974 Nam,
2287 3907 2353 3961 iis
2381 3905 2642 3960 stabilitis
2681 3918 2744 3957 ac
2775 3899 3053 3971 perfectis,
3085 3897 3277 3965 reliqui

1701 4017 1922 4073 gressus
1953 4000 2149 4064 nostri,
2201 3998 2306 4052 hoc
2327 4007 2410 4050 est
2443 3995 2709 4057 actiones,
2743 4008 2854 4046 non
2881 3996 3118 4045 nutant:
3149 4001 3279 4042 natu

1701 4101 1990 4164 peccatum
2027 4105 2128 4146 eos
2160 4090 2443 4144 dimovere
2479 4100 2587 4140 non
2619 4092 2818 4154 potest.

1774 4354 1933 4411 Vens.
1963 4355 2016 4410 9.
2072 4371 2091 4406 ι
2118 4351 2330 4407 Inimici
2378 4349 2487 4404 mei
2534 4348 2772 4404 animam
2817 4361 2994 4403 meam
3041 4346 3279 4402 circum-

1629 4464 1676 4522 ι)
1702 4448 1992 4504 dederunt.
2027 4465 2046 4497 ι

1774 4539 2128 4595 Circumdant
2157 4536 2304 4592 enim
2337 4534 2572 4589 animam
2611 4540 2858 4588 nostram
2899 4531 3195 4596 daemones,
3225 4539 3281 4585 et

1704 4633 1942 4687 ferarum
1975 4645 2151 4696 more,
2190 4628 2419 4697 quilibet
2441 4642 2561 4682 eam
2589 4625 2806 4680 irretire
2847 4631 3043 4678 tentat.
3099 4624 3284 4691 Adeps

1705 4741 1833 4780 vero
1865 4725 2174 4778 daemonum
2201 4759 2215 4784 ,
2251 4709 2461 4775 et'esca
2491 4717 2744 4787 pinguis,
2781 4723 2910 4768 sunt
2940 4723 3279 4780 peccatores,

1706 4831 1842 4884 quos
1870 4812 2239 4880 voluptatibus
2263 4811 2558 4870 inescatos,
2605 4821 2674 4858 ne
2713 4804 2948 4872 amplius
2993 4801 3277 4870 effugiant,

1707 4905 2165 4960 circumcludunt.
2208 4899 2317 4954 Sed
2343 4897 2519 4966 qualis
2556 4894 2854 4963 superbia?
2895 4893 3179 4961 Apostasia
3227 4903 3284 4946 et

1707 4993 1939 5051 defectio
1969 5008 1998 5044 a
2031 4991 2164 5055 Deo,
2198 4989 2510 5042 futurorum
2535 4983 2919 5046 incredulitas,
2945 4982 3139 5052 judicii
3179 4998 3281 5037 ue-

1707 5085 1870 5158 gatio.
1903 5085 1984 5137 Ad
2022 5085 2139 5135 Inec
2167 5082 2312 5135 enim
2353 5079 2390 5133 ii
2421 5079 2514 5148 qui
2549 5092 2779 5150 peccare
2805 5075 3020 5146 jubent,
3063 5089 3160 5130 eos
3189 5077 3282 5145 qui

1706 5189 1837 5234 sunt
1873 5174 2110 5244 decepti,
2135 5173 2519 5228 adhortantur.

1779 5371 1944 5426 Vens.
1979 5373 2066 5426 l5.
2085 5389 2104 5421 ι
2132 5368 2394 5438 Exsurge,
2420 5367 2669 5422 Domine.
2692 5385 2710 5418 ι

1785 5465 2068 5518 Frameatn
2099 5462 2338 5536 appellat
2361 5460 2630 5530 justitiam
2659 5459 2778 5526 Dei,
2810 5458 2981 5514 instar
3006 5456 3166 5530 gladii
3198 5456 3282 5512 in-

1718 5567 1892 5627 tegras
1915 5556 2227 5610 daemonum
2262 5553 2408 5605 acies
2436 5550 2870 5606 exscindentem.

1793 5736 1948 5793 Vens.
1984 5738 2071 5792 M.
2117 5755 2136 5789 ι
2173 5737 2416 5793 Saturati‘
2445 5742 2574 5792 sunt
2600 5735 2741 5792 filiis.
2783 5756 2802 5789 ι
