3800 6312
3 289 74 354 39
1126 287 1594 350 FRAGMENTA
1637 288 1718 347 IN
1759 287 2122 350 PSALMOS.

1599 409 1641 460 Α
1745 397 1908 452 Vens.
1947 401 1998 453 i.
2049 398 2306 461 «Judica,
2345 398 2595 453 Domine.
2626 417 2645 449 ι

3 424 21 456 ι
57 407 358 470 Δίκασον,
385 394 581 472 Κύριε.
618 420 636 452 ι
1196 451 1198 454 ,

3 495 160 558 Γοὺς
202 496 319 565 μὲν
351 493 672 554 ἀδικοῦντας
704 491 996 554 Ἰουδαίους
1029 489 1199 559 λέγει,
1227 489 1492 560 δαίμονας
1511 489 1568 542 δὲ

3 603 56 648 ›ς
85 584 499 654 πολεμοῦντας
519 599 534 610 ·
563 582 762 643 οἵτινες
790 582 856 634 δι’
879 583 1030 652 ἡμᾶς
1061 581 1153 634 τὸν
1170 581 1408 652 Χριστὸν
1438 581 1568 632 ἐπο-

3 694 76 745 ιη
89 693 229 731 σοιν.
262 675 510 737 Τούτους
539 673 938 744 πολεμηθῆναι,
971 675 1222 728 τουτέστι
1283 690 1566 745 καταργη-

3 787 128 832 ναι,
165 769 468 838 βούλεται.

4 879 27 912 ι
52 858 330 911 Ἐλθέτω
359 856 510 928 αὐτῷ
536 857 703 926 παγίς
733 858 799 928 ἣν
827 857 888 910 οὐ
915 858 1195 925 γινώσκει.
1227 877 1246 909 ι

3 955 110 1016 Εἰς
152 951 384 1006 Ἰούδαν
410 953 502 1004 τὸν
537 951 809 1022 προδότην
834 950 1012 1012 τοῦτο,
1041 950 1176 1004 ἀλλὰ
1211 950 1318 1022 μὴν
1364 948 1457 1002 καὶ
1488 950 1568 1011 είς

3 1061 22 1098 ι
58 1045 208 1100 λαὸν
238 1045 362 1098 τῶν
397 1043 693 1106 Ἰουδαίων,
718 1043 798 1095 ἐτι
826 1043 881 1094 δὲ
911 1045 1006 1095 καὶ
1039 1044 1117 1105 είς
1147 1043 1310 1094 αὐτὸν
1338 1041 1431 1093 τὸν
1457 1041 1569 1094 διά-

3 1139 109 1190 λον
148 1136 415 1206 εἴρηται.
433 1135 492 1188 '0
517 1136 616 1206 μὲν
641 1135 749 1204 γὰρ
783 1134 982 1196 Ἰούδας
1010 1135 1090 1196 εἰς
1117 1133 1214 1203 τὴν
1247 1133 1448 1200 παγίδα
1471 1133 1571 1202 τῆς

3 1230 207 1299 ’χόνης
243 1229 549 1282 ἐνέπεσεν·
600 1228 633 1278 ὁ
680 1226 737 1278 δέ
766 1225 896 1279 λαὸς⁹
924 1227 1032 1278 τῶν
1069 1226 1363 1289 Ἰουδαίων,
1396 1240 1570 1292 παγι-

3 1319 128 1371 ὕειν
165 1317 440 1386 νομίσας,
465 1313 836 1382 παγιδεύεται,
871 1314 963 1366 καὶ
988 1312 1093 1365 ὑπὸ
1123 1313 1222 1382 τὴν
1251 1311 1416 1366 αὑτοῦ
1442 1329 1568 1364 συνο

3 1410 165 1480 ἠφθη
212 1410 424 1478 θήραν.
459 1404 736 1466 Ὡσαύτως
764 1407 792 1457 ὁ
824 1403 1092 1469 διάϐολος,
1123 1403 1220 1474 τὴν
1252 1403 1458 1471 παγίδα
1475 1402 1570 1456 τοῦ

4 1519 80 1554 αυ
95 1499 200 1569 ροῦ
238 1497 581 1569 μελετήσας,
614 1495 702 1548 διὰ
732 1494 826 1548 τοῦ
861 1495 1099 1564 σταυροῦ
1125 1495 1226 1564 τῆς
1254 1494 1448 1547 ἐαυτοῦ
1473 1494 1571 1562 βα-

3 1591 160 1653 λείας
199 1589 500 1656 ἐξέπεσεν.
964 1577 973 1598 ¹

10 1700 33 1732 ι
63 1677 556 1733 Ἀνταπεδίδοσὰν
594 1695 685 1745 μοι
731 1676 966 1747 πονηρά.
998 1696 1015 1727 ι

3115 288 3249 353 1190

1740 488 2012 545 Nocentes
2029 490 2248 559 quidem
2279 491 2495 545 Judaeos
2515 491 2794 561 intelligit;
2816 490 3096 546 daemones
3119 506 3252 545 vero

1669 590 2050 652 oppugnantes
2070 619 2084 642 ,
2127 582 2219 651 qui
2270 591 2495 652 propter
2519 597 2620 636 nos
2647 581 2925 636 Christum
2964 595 3250 652 oppugna-

1668 674 1820 728 bant.
1862 672 1968 727 Hos
1993 675 2312 745 expugnari,
2353 675 2456 728 hoc
2481 683 2604 739 est,
2646 689 2838 729 eorum
2868 683 3098 729 conatus
3125 671 3220 727 irri

1671 773 1756 818 tos
1789 763 1905 816 ﬁeri
1936 763 2106 832 cupit.

1739 850 1908 906 Vnus.
1943 852 1995 906 8.
2045 871 2062 903 ι
2103 853 2300 907 Veniat
2330 853 2405 908 illi
2437 853 2663 924 laqueus
2688 869 2849 924 quem
2881 855 3114 924 ignorat.
3153 873 3175 907 ι

1742 941 1799 994 In
1829 940 2021 996 ludam
2063 944 2434 1012 proditorem,
2484 959 2698 997 necnon
2761 944 2814 996 in
2851 943 3111 1012 populum
3155 941 3252 998 Ju-

1671 1031 1935 1095 daaorum.
1958 1043 2118 1102 atque
2144 1035 2370 1104 insuper
2397 1035 2450 1088 in
2482 1035 2759 1090 diabolum
2789 1034 2989 1102 ipsum,
3027 1035 3130 1088 hoc
3167 1035 3252 1089 di-

1671 1130 1820 1175 ctum
1847 1130 1950 1176 est.
1992 1123 2128 1177 Nam
2149 1122 2317 1178 Judas
2335 1125 2557 1194 quidem
2592 1126 2648 1179 in
2678 1127 2930 1196 laqueum
2964 1129 3085 1182 colli
3119 1127 3252 1182 inci-

1672 1213 1752 1268 dit
1781 1232 1794 1266 :
1835 1215 2066 1282 populus
2095 1230 2226 1269 vero
2255 1215 2588 1283 Judaeorum,
2614 1233 2739 1272 cum
2768 1219 3063 1287 illaquearc
3092 1228 3251 1288 puta-

1673 1313 1777 1369 ret,
1806 1305 2150 1373 illaqueatur,
2176 1317 2230 1359 et
2254 1322 2350 1361 sua
2375 1307 2545 1376 ipsius
2579 1317 2803 1378 captura
2827 1311 3253 1380 comprehensus

1673 1403 1775 1448 est.
1806 1396 2071 1448 Similiter
2091 1412 2309 1466 quoque
2339 1398 2607 1462 diabolus,
2639 1414 2765 1453 cum
2796 1401 3048 1469 laqueum
3072 1401 3252 1455 crucis

1672 1485 2056 1556 excogitasset,
2085 1501 2183 1556 per
2209 1502 2427 1541 crucem
2451 1502 2619 1558 regno
2647 1503 2748 1542 suo
2783 1489 3002 1543 excidit.

1746 1667 1910 1724 Vens.
1940 1669 2030 1723 te.
2076 1687 2095 1719 ι
2127 1666 2522 1722 Retribueliant
2555 1668 2687 1721 mihi
2731 1669 2893 1722 mala.
2924 1687 2942 1719 ι
3021 1651 3032 1659 ’

26 1769 274 1840 Ἑαυτῷ
305 1768 420 1839 γὰρ
445 1769 546 1839 τὴν
577 1768 687 1819 τῶν
713 1766 985 1820 Ἰουδαίων
1006 1765 1312 1837 ἀκαρπίαν,
1331 1765 1406 1829 ὡς
1427 1767 1566 1818 οίκο-

1741 1759 2054 1814 Judzeorum
2086 1759 2231 1811 enim
2261 1758 2602 1812 sterilitatem
2638 1759 2742 1812 sibi
2796 1759 2898 1828 ipsi
2922 1759 3247 1824 ascribeliat,

3 1860 236 1930 σπότης
268 1861 371 1911 καὶ
397 1858 667 1928 γεωργὸς,
700 1857 997 1925 ἐλογίζετο.

15 1971 36 2004 t
68 1953 169 2014 Ὠς
202 1949 472 2020 πλησίον,
507 1949 603 2003 καὶ
631 1950 705 2012 ὡς
734 1949 980 2018 ἀδελφόν.
1017 1967 1035 2000 ι

9 2045 138 2112 Τὴν
178 2044 335 2111 πρὸς
359 2041 452 2093 τὸν
487 2039 691 2092 Ἰούδαν
725 2040 874 2109 λέγει
903 2039 1271 2110 συμπάθειαν,
1303 2039 1453 2100 ὅπως
1476 2037 1573 2089 αὖ·
1643 2065 1646 2068 -

3 2134 20 2184 'i
56 2134 164 2185 καὶ
191 2133 261 2184 τὸ
285 2130 683 2200 γλωσσόκομον
713 2128 1028 2198 βαστάζειν,
1060 2131 1156 2182 καὶ
1185 2128 1344 2198 μόνον
1369 2127 1574 2196 συμϐά-

3 2243 109 2278 τειν
156 2224 247 2286 είς
287 2221 549 2292 τρυϐλίον
587 2221 913 2290 ἐπέτρεψεν,
944 2219 1020 2282 ὡς
1049 2220 1280 2288 ἀδελφὸν
1308 2219 1405 2272 καὶ
1433 2219 1572 2289 πλη-

3 2335 89 2370 ον.
120 2315 402 2382 Ἀδελφὸς
435 2312 770 2382 εὑαρεστῶν,
813 2313 1094 2364 τουτέστιν
1125 2312 1374 2382 ἀρέσκων
1399 2310 1568 2379 αὐτῷ,

3 2411 38 2462 ti.
68 2405 272 2468 καλῶς
302 2407 365 2456 ἐν
392 2403 565 2456 ἅπασι
596 2400 900 2474 χρώμενος.

24 2517 45 2550 ι
93 2495 452 2566 Ἐπείρασάν
507 2510 615 2563 με,
671 2493 1112 2565 ἐξεμυκτήρισάν
1169 2510 1238 2563 με
1298 2510 1570 2566 μυκτηρι-

3 2610 96 2662 ιῳ.
138 2609 159 2642 ι

19 2687 202 2746 Ἴσως
242 2681 354 2752 μὲν
382 2681 478 2733 καὶ
505 2679 634 2742 τοὺς
665 2678 886 2742 ὀδόντας
912 2677 971 2742 ἐξ
998 2677 1285 2748 ὠμότητος
1314 2679 1566 2750 ἔϐρυχον,

3 2772 270 2842 ονονουχὶ
334 2771 610 2840 μάσασθαι
659 2770 751 2823 τὸν
795 2769 1002 2840 Ἰησοῦν
1048 2769 1385 2839 βουλόμενοι.
1423 2771 1569 2840 Πλὴν

3 2865 219 2934 συγμδς
269 2862 510 2915 ὀδόντων
554 2862 649 2914 καὶ
693 2863 725 2925 ἡ
760 2862 930 2915 κακία
958 2863 992 2932 ἡ
1019 2863 1078 2914 ἐν
1118 2861 1296 2930 λόγοις
1326 2861 1566 2930 λέγεται.

3 2961 58 3012 δν
92 2955 336 3026 Πατέρα
369 2949 464 3007 οὖν
490 2953 742 3007 ἐϐούλετο
769 2954 1025 3025 μάρτυρα
1053 2955 1196 3008 κατὰ
1221 2955 1329 3006 τῶν
1359 2955 1440 3018 είς
1471 2955 1569 3008 αύ-

3 3068 43 3101 .ν
74 3045 572 3119 βλασφημούντων
593 3046 875 3116 ἐσόμενον.
891 3044 1052 3100 Ὅθεν
1071 3045 1351 3116 ἐπιφέρει·
1366 3047 1562 3115 Κύριε,
1591 3070 1634 3130 C

3 3144 106 3195 ότε
151 3139 373 3207 ἑπόψῃ
391 3152 411 3200 ;

549 3246 846 3301 ΨΔΛΜΟΣ
878 3245 1002 3302 AE'.

31 3360 52 3392 ι
84 3341 268 3411 Φησὶν
295 3339 326 3391 ὁ
363 3337 683 3408 παράνομος
705 3338 798 3391 τοῦ
829 3340 1190 3409 ἁμαρτάνειν.
1225 3357 1244 3392 ›

30 3434 151 3503 Οὐχ
194 3430 397 3492 ἁπλῶς
447 3429 786 3499 παράνομον,
822 3430 961 3484 ἀλλὰ
1006 3430 1097 3483 τὸν
1145 3430 1445 3499 ὑποκριτὴν
1477 3431 1570 3482 καὶ

3 3525 134 3576 ἅλιον
169 3525 199 3576 ό
231 3520 459 3592 ψαλμὸς
491 3518 830 3582 ὑποτίθεται,
855 3519 944 3572 τὸν
989 3519 1156 3573 πολὺν
1206 3521 1263 3572 ἐν
1309 3522 1374 3590 τῇ
1423 3519 1568 3590 ψυχῇ

3 3615 238 3686 ϐρϐορον
277 3610 634 3681 παρανομίας
660 3607 872 3679 ἔχοντα,
903 3610 997 3663 καὶ
1029 3609 1118 3662 διὰ
1142 3609 1301 3663 τοῦτο
1340 3609 1568 3678 λέγοντα

3 3724 16 3756 ρ
51 3701 248 3771 ἐαυτῷ
283 3699 382 3752 τοῦ
417 3700 757 3770 ἁμαρτάνειν
796 3699 1214 3770 ἀποτιθέμενον.
1248 3701 1346 3753 Διὰ
1390 3701 1443 3753 τί
1489 3701 1566 3766 δὲ,

3 3811 26 3838 ί·
74 3789 306 3855 ἐαυτῷ,
357 3788 545 3856 λέγεις
610 3789 829 3859 Ἐπειδὴ
880 3789 1055 3842 ταῦτα
1099 3789 1374 3857 λογίζεται
1424 3791 1568 3862 ἅπερ

3 3883 226 3955 ανερῶς
253 3883 434 3934 εἰπεῖν
459 3881 491 3952 ἢ
520 3881 767 3950 φοϐεῖται
814 3881 852 3952 ἦ
887 3883 1227 3951 αἰσχύνεται.

38 4088 58 4119 ι
87 4064 556 4134 Μεθυσθήσονται
581 4063 689 4117 ἀπὸ
715 4065 970 4136 πιότητος
995 4066 1166 4120 οἴκου.
1194 4084 1212 4116 ι

32 4155 219 4223 Οἶκος
251 4154 353 4209 τοῦ
386 4156 545 4220 Θεοῦ,
572 4156 631 4208 τὸ
671 4155 830 4226 σῶμα
855 4157 1041 4222 αὑτοῦ,
1074 4157 1294 4224 πιότης
1320 4157 1381 4208 τὸ
1405 4155 1570 4226 ἐκχυ-

3 4250 55 4302 iv
82 4250 198 4304 ἀπὸ
224 4248 332 4318 τῆς
365 4248 608 4317 πλευρᾶς
637 4242 778 4318 αἷμα
804 4249 900 4301 καὶ
923 4247 1088 4320 ὕδωρ,
1120 4248 1180 4313 ἐξ
1207 4242 1378 4318 οὗπερ
1404 4248 1452 4300 οί
1475 4265 1566 4300 πι-

3 4345 83 4396 τοὶ
116 4342 331 4404 πάντες
364 4341 540 4410 μέθην
579 4342 850 4410 σωτήριον
881 4341 1284 4412 ἐμεθύσθημεν.
1317 4341 1564 4410 Χείμαῤ-

1674 1859 1930 1920 tanquam
1963 1850 2354 1920 paterfamilias
2382 1859 2436 1904 et
2462 1853 2715 1920 agricola.

1747 1943 1913 1996 Vsus.
1943 1941 2028 1995 14.
2078 1960 2097 1991 ι
2127 1941 2293 2006 Quasi
2327 1943 2657 2010 proximum,
2690 1951 2744 1996 et
2773 1944 2928 2012 quasi
2953 1944 3192 1998 fratrem.
3227 1962 3246 1995 ι

1741 2030 2013 2086 ΑΠέοιιιηι
2043 2031 2097 2084 in
2117 2031 2312 2085 ludam
2335 2033 2593 2097 ostendit,
2626 2044 2686 2087 ut
2712 2035 2888 2088 eidem
2913 2036 3250 2104 marsupium

1673 2121 2050 2186 concrederet,
2070 2131 2265 2175 etcum
2303 2122 2479 2176 solum
2514 2138 2738 2176 manum
2765 2125 3034 2195 intingere
3065 2140 3251 2179 secum

1673 2213 1728 2265 in
1778 2213 1981 2277 catino,
2010 2228 2111 2268 ceu
2143 2211 2365 2267 fratrem
2414 2221 2471 2268 et
2509 2215 2839 2284 proximum,
2884 2217 3247 2286 permitteret.

1674 2303 1862 2358 Frater
1888 2305 2253 2374 complacens,
2306 2305 2360 2359 id
2387 2315 2491 2369 est,
2548 2307 2770 2376 placens
2804 2308 2879 2362 illi
2917 2308 3118 2362 dicitur
3144 2351 3160 2375 ,
3195 2321 3252 2364 et

1672 2396 1794 2465 ejus
1821 2411 1987 2464 opera
2021 2396 2077 2471 in
2107 2397 2366 2452 omnibus
2397 2405 2577 2452 utens.

1743 2487 1908 2541 Vsus.
1933 2487 2021 2542 i6.
2069 2507 2088 2539 ι
2119 2488 2490 2544 Tentaverunt
2519 2506 2626 2555 me,
2657 2492 3132 2548 subsannaverunt
3159 2508 3248 2547 me

1673 2579 2123 2632 sulisannatione.
2162 2599 2180 2630 ι

1745 2669 2015 2726 Fortassis
2043 2673 2206 2726 etiam
2235 2689 2297 2727 ex
2332 2672 2669 2728 immanitate
2707 2675 2961 2731 dentibus
2987 2675 3246 2731 frenduc—

1673 2773 1821 2826 runt,
1856 2770 2182 2817 tantumnon
2217 2764 2403 2818 Jesum
2465 2765 2723 2820 mandere
2773 2766 3038 2820 volentes.
3075 2764 3248 2820 Cazteo

1672 2874 1794 2911 rum
1817 2858 2020 2912 stridor
2050 2859 2298 2912 dentium
2331 2857 2494 2912 etiam
2520 2859 2723 2913 malitia
2758 2875 3072 2915 sermonum
3103 2875 3246 2914 nun-

1670 2958 1924 3018 cupatur.
1957 2948 2097 3002 Hinc
2136 2947 2351 3002 Patrem
2385 2958 2576 3002 testem
2631 2950 2848 3009 volebat
2900 2965 3023 3005 esse
3059 2961 3245 3006 contra

1670 3054 1766 3092 eos
1795 3037 1886 3106 qui
1914 3038 2177 3091 adversus
2205 3036 2384 3105 ipsum
2417 3037 2893 3107 blasphemabant.
2926 3039 3084 3096 Unde
3113 3040 3245 3095 sub-

1662 3128 1846 3199 jungit
1871 3147 1884 3182 :
1915 3128 2155 3195 Domine,
2193 3131 2406 3201 quando
2431 3131 2676 3198 respicies
2694 3132 2719 3183 ?
3325 3117 3332 3123 ’

2160 3243 2480 3300 PSALMUS
2508 3243 2722 3298 XXXV.

1735 3332 1904 3388 Vsus.
1934 3333 1988 3388 Ξ.
2033 3354 2051 3386 ι
2081 3334 2226 3389 Dixit
2252 3335 2486 3405 injustus
2523 3344 2582 3388 ut
2607 3334 2908 3404 delinquat.
2938 3353 2958 3386 ι

1736 3421 1857 3476 Non
1903 3425 2223 3494 simpliciter
2257 3426 2547 3494 injustum,
2573 3425 2668 3479 sed
2699 3426 3036 3495 bypocritam
3065 3433 3122 3478 et
3149 3423 3246 3478 do-

1667 3513 1844 3567 losum
1889 3514 1976 3566 hic
2003 3513 2248 3582 psalmus
2273 3515 2552 3584 proponit,
2583 3531 2712 3568 eum
2745 3515 2956 3569 scilicet
2987 3515 3079 3584 qui
3113 3516 3249 3574 mule

1670 3613 1784 3658 tum
1845 3603 1899 3656 in
1950 3603 2130 3656 anima
2186 3603 2487 3673 iniquitatis
2541 3620 2759 3659 caenum
2810 3607 3130 3672 contineat;
3191 3615 3248 3660 et

1667 3693 1871 3748 idcirco
1898 3693 2106 3748 inducit
2144 3694 2416 3748 dicentem
2453 3695 2507 3748 in
2537 3695 2852 3765 semetipso,
2895 3697 3040 3765 quod
3067 3697 3246 3751 delin-

1667 3801 1834 3855 quere
1859 3793 2084 3840 statuat.
2118 3785 2224 3841 Sed
2251 3803 2348 3841 cur
2367 3787 2520 3852 dixit,
2555 3786 2623 3841 In
2636 3790 2952 3857 semetipso?
2977 3790 3244 3857 Quoniam

1667 3891 1729 3928 ea
1764 3890 1946 3929 secum
1978 3877 2161 3929 animo
2193 3885 2406 3941 versat,
2462 3895 2582 3946 quae
2630 3879 2807 3948 palam
2869 3881 3111 3950 proferre
3160 3883 3246 3936 vel

1671 3966 1825 4020 timet
1878 3966 1964 4020 vel
1995 3967 2290 4021 erubescit.

1737 4056 1903 4110 Vsus.
1935 4058 1988 4111 9.
2032 4076 2050 4108 ι
2091 4058 2508 4112 lnebriabuntur
2537 4060 2606 4114 ab
2635 4061 2882 4116 ubertate
2913 4061 3126 4117 domus.
3163 4083 3183 4115 ι

1740 4147 1935 4202 Domus
1969 4147 2084 4230 Dei,
2118 4165 2318 4219 corpus
2357 4151 2476 4220 ejus
2504 4162 2626 4218 est;
2661 4153 2895 4219 ubertas,
2943 4154 3163 4226 sanguis
3190 4164 3248 4210 et

1666 4255 1804 4308 aqua
1826 4255 1946 4308 quae
1963 4255 1993 4294 e
2024 4240 2193 4294 latere
2219 4241 2338 4311 ejus
2357 4243 2586 4308 efﬂuxit,
2611 4259 2679 4298 ex
2709 4260 2813 4314 qua
2837 4245 3022 4300 fideles
3052 4262 3246 4301 omnes

1668 4333 1889 4386 salutari
1946 4333 2212 4388 ebrietate
2268 4334 2524 4390 incbriati
2573 4353 2782 4392 sumus.
2838 4338 3058 4392 Torrens
3095 4340 3241 4394 enim

4 4453 70 4498 ος
100 4434 211 4506 γὰρ
255 4432 494 4503 τρυφῆς
536 4433 605 4486 τὰ
651 4433 744 4486 τοῦ
771 4433 1008 4504 Χριστοῦ
1040 4434 1209 4504 πάθη.
1251 4434 1564 4504 Χείμαρρος

1694 4428 1952 4497 ηοιηριαιὶε
1977 4468 1993 4492 ,
2045 4428 2196 4483 fuere
2235 4427 2434 4505 Christi
2475 4446 2670 4500 pmnze.
2711 4430 2949 4488 Torrcns
2997 4434 3240 4504 quidem,

3 4527 90 4590 ἐν,
142 4526 338 4596 ἐπειδὴ
389 4528 446 4579 ἐν
492 4526 645 4597 ἀκμῇ
694 4527 785 4578 τοῦ
830 4525 1102 4596 χειμῶνος
1144 4526 1243 4596 τῆς
1289 4525 1566 4596 ἡμετέρας

10 4619 244 4688 μαρτίας
289 4617 613 4686 ἐπράττετο,
676 4619 764 4670 ὅτε
807 4619 956 4670 πᾶσα
997 4618 1096 4686 μὲν
1134 4616 1300 4689 ἀρετὴ
1325 4656 1340 4680 ,
1376 4615 1564 4686 ἀγάπη

3 4709 23 4760 ἐ
51 4709 292 4778 μάλιστα
332 4710 364 4778 ἡ
398 4707 534 4776 arpi);
566 4708 697 4760 Θεὸν
722 4707 1016 4779 ψυγήσασα
1043 4707 1566 4779 ἐνενέκρωτο.Ὤστε

4 4798 61 4849 ὸν
92 4800 388 4870 προφήτην
422 4798 700 4871 Ζαχαρίαν
742 4800 869 4870 περὶ
906 4799 1005 4868 τῆς
1036 4799 1248 4869 ἡμέρας
1272 4798 1368 4853 τοῦ
1405 4816 1568 4852 σταυ-

6 4886 67 4940 οὓ
95 4889 274 4957 λέγειν
295 4907 310 4921 ο
359 4891 462 4943 ’Er
497 4889 571 4960 τῇ
601 4889 793 4960 ἡμέρᾳ
817 4892 1022 4960 ἐκείνῃ
1057 4893 1168 4945 οὐκ
1199 4891 1371 4944 ἔσται
1411 4889 1554 4958 φῶς·

3 4981 174 5045 rex”
218 4982 316 5034 καί
364 4983 622 5052 παγετός
669 4983 843 5036 ἔσται
873 4999 886 5013 ·
911 4983 1103 5050 ἡμέρα
1126 4981 1357 5050 μεγάλη
1403 4981 1556 5034 ἐστι’.

4 5069 203 5138 ’ρυφῆς
252 5072 309 5122 δὲ
353 5074 576 5136 εἰκότως
622 5073 858 5142 ἐλέγετο.
896 5071 1109 5141 Σφόδρα
1133 5069 1240 5137 γὰρ
1271 5071 1300 5122 ὁ
1327 5069 1559 5138 Χριστὸς

7 5159 251 5228 νετρῧφα
291 5165 404 5224 τοῖς
449 5164 586 5234 ὑπὲρ
622 5165 776 5235 ἡμῶν
809 5163 1058 5228 πάθεσιν,
1094 5159 1187 5213 τοῦ
1224 5177 1280 5212 τε
1310 5159 1557 5214 διαϐόλου

3 5249 360 5315 εαταπαίζων,
393 5255 487 5305 καὶ
517 5255 658 5324 ὑπὲρ
683 5257 782 5325 τῆς
816 5254 924 5308 τῶν
958 5251 1260 5324 ἀνθρώπων
1287 5251 1560 5321 σωτηρίας

3 5339 258 5409 λὸόμενος.
295 5343 496 5397 Τοῦτον
525 5347 672 5415 ἡμᾶς
698 5347 790 5399 τὸν
827 5346 1166 5418 χειμάρρουν
1208 5344 1308 5413 τῆς
1352 5343 1560 5414 τρυφῆς

3 5433 261 5496 ιυστικῶς
294 5437 614 5500 ποτίζει.Τὸ
635 5439 743 5508 γὰρ
771 5437 862 5490 τοῦ
895 5440 1164 5492 Δεσπότου
1194 5436 1364 5501 πάθος
1417 5453 1560 5507 μαρ-⁸

3 5513 166 5585 ῑύριον
194 5521 308 5582 τοῖς
335 5521 544 5588 δούλοις
572 5525 888 5595 γεγένηται.

58 5652 78 5682 ⁸
107 5654 267 5712 Zaclt.
292 5675 403 5725 xw,
445 5663 508 5716 16

1666 4519 1922 4588 quoniam
1977 4520 2032 4572 in
2081 4520 2264 4576 media
2298 4521 2479 4576 ltiente
2525 4533 2873 4593 peccatorum
2924 4535 3239 4582 nostrorum

1667 4611 1965 4682 contigere,
2001 4612 2222 4682 quando
2254 4613 2430 4668 virtus
2464 4617 2662 4682 omnis,
2714 4627 2771 4671 et
2807 4620 3080 4687 praecipue
3105 4619 3242 4673 cita-

1667 4699 1798 4753 ritas
1829 4701 1883 4752 in
1915 4698 2106 4765 Deum,
2163 4701 2362 4772 frigida
2394 4703 2584 4758 cﬂ'ecta
2604 4745 2618 4768 ,
2647 4706 2757 4774 jam
2785 4707 3051 4761 exstincta
3080 4716 3238 4772 erat;

1668 4792 1739 4845 ita
1770 4792 2133 4846 utZacltarias
2156 4795 2416 4864 propheta
2445 4797 2511 4849 de
2533 4797 2619 4848 die
2648 4798 2828 4850 crucis
2852 4799 2998 4852 dicat
3023 4816 3035 4851 :
3063 4799 3126 4852 In
3155 4801 3240 4853 die

1666 4883 1763 4936 illa
1801 4899 1904 4935 non
1943 4883 2043 4935 erit
2101 4883 2234 4946 lux;
2272 4885 2440 4954 frigus
2495 4895 2543 4938 et
2576 4887 2693 4954 gelu
2725 4888 2823 4939 erit
2854 4905 2872 4941 :
2901 4891 3012 4944 dies
3047 4907 3239 4960 magna

1666 4983 1739 5027 est
1769 4973 1812 5029 ⁸.
1869 4972 2176 5042 Voluptatis
2228 4982 2410 5028 autem
2460 4976 2656 5030 merito
2715 4977 2996 5033 dicebatur
3038 4998 3050 5033 :
3085 4983 3240 5037 valde

1665 5066 1812 5120 enim
1845 5064 2098 5120 Christus
2131 5065 2503 5134 deliciabatur,
2548 5084 2671 5124 cum
2706 5085 2806 5139 pro
2838 5071 2994 5127 nobis
3023 5081 3239 5142 patere-

1666 5168 1772 5223 tur,
1791 5157 2003 5212 diabolo
2027 5157 2278 5224 illudens,
2308 5168 2362 5214 et
2379 5159 2448 5214 de
2478 5161 2650 5216 salute
2674 5162 2952 5217 hominum
2973 5164 3239 5236 gaudens.

1669 5248 1780 5302 Hec
1837 5258 2080 5303 torrente
2133 5250 2426 5322 voluptatis
2477 5254 2706 5325 mystice
2736 5271 2838 5310 nos
2877 5265 3032 5326 potat
3065 5275 3079 5310 :
3111 5273 3238 5312 nam

1668 5340 1880 5395 Domini
1918 5344 2216 5412 perpessio,
2252 5343 2569 5416 martyrium
2603 5347 2775 5405 servis
2801 5347 2943 5404 facta
2990 5361 3096 5407 est.
