3800 6312
1025 372 1347 431 PSALMUS
1403 369 1650 427 XXXVI.

637 472 804 531 Vnus.
829 469 920 527 29.
975 489 994 522 ι
1037 469 1229 524 Junior
1258 465 1358 520 fui.
1398 484 1417 519 ι

636 561 866 618 Pulchre
889 574 990 615 nos
1010 557 1198 629 judicii
1230 570 1501 611 memores
1524 554 1675 618 facit,
1696 567 1787 617 ne,
1813 567 1993 608 rerum
2023 565 2147 622 qua

567 652 658 708 hic
687 651 845 715 ﬁunt,
880 648 1264 706 confusionem
1288 646 1561 709 videntes,
1606 644 1863 700 virtutem
1902 642 2145 713 negliga-

568 760 712 806 mus,
731 745 856 797 'viso
879 742 1080 812 probos
1109 740 1255 812 viros
1282 739 1425 809 apud
1451 737 1699 792 homines
1718 751 1841 791 esse
1864 733 2141 806 inglorios.

568 843 624 889 et
654 832 1037 888 aﬂlictionibus
1069 829 1278 885 vexari.
1316 827 1438 883 Non
1484 826 1633 882 enim
1673 826 2017 894 derelinquet
2047 837 2144 878 eos

570 924 736 986 Deus,
767 925 872 976 hoc
898 930 1004 985 est,
1028 936 1136 975 non
1159 920 1463 989 despiciet;
1496 919 1591 973 sed
1618 918 1674 971 in
1700 917 1944 973 futurum
1968 930 2144 975 sacu-

569 1016 681 1071 lum
708 1030 802 1070 eos
830 1022 1030 1078 servat,
1056 1012 1147 1067 ubi
1170 1012 1383 1065 inﬁnita
1419 1020 1504 1065 est
1529 1010 1798 1065 bonorum
1831 1007 2140 1063 retributio.

1052 1191 1371 1255 PSALMUS
1399 1188 1672 1246 XXXVII.

640 1284 807 1341 Vsus.
834 1287 888 1340 5.
934 1303 954 1339 ‹
983 1284 1253 1350 Quoniam
1286 1285 1499 1354 sagittae
1531 1290 1636 1336 tua
1663 1279 1844 1336 inﬁxa
1865 1286 2012 1335 sunt.
2048 1297 2069 1330 ι

639 1379 756 1432 Non
790 1386 995 1432 temere
1026 1392 1126 1446 pro
1150 1376 1270 1445 ipso
1296 1388 1497 1445 genere
1522 1373 1763 1427 humano
1791 1370 1957 1427 etiam
1981 1368 2144 1427 Chri-

570 1479 687 1523 stus
720 1469 838 1523 hac
869 1468 1007 1537 petit
1037 1482 1068 1520 a
1103 1465 1271 1521 Patre
1298 1480 1419 1520 suo.
1455 1464 1563 1519 Sed
1607 1464 1864 1533 quoniam
1887 1503 1903 1528 ,
1944 1461 2142 1531 inquit,

472 1546 475 1549 ⁷
569 1568 690 1621 qua
724 1552 779 1606 in
812 1567 906 1605 eos
946 1553 1144 1606 intorta
1167 1560 1325 1606 erant
1356 1552 1555 1620 jacula,
1597 1551 1704 1604 hoc
1749 1559 1853 1614 est,
1889 1564 2146 1619 quacun-

571 1657 677 1713 que
708 1642 878 1713 plaga
908 1650 1133 1712 propter
1160 1643 1333 1696 Adam
1377 1657 1726 1697 communem
1775 1651 2027 1695 naturam
2058 1640 2143 1694 in-

571 1743 845 1801 vaserant,
884 1735 940 1788 in
970 1750 1056 1789 me
1083 1734 1261 1789 inﬁxa
1288 1743 1438 1788 sunt.
1464 1734 1598 1788 Nam
1628 1750 1752 1789 cum
1782 1748 1881 1804 ego
1925 1749 2022 1803 pro
2049 1748 2146 1805 ge-
2175 1705 2219 1765 Β

572 1839 705 1877 nere
735 1824 976 1877 humano
1001 1831 1223 1893 peccata
1249 1824 1610 1894 susceperim,
1639 1824 1952 1878 necessario
1980 1824 2145 1881 etiam

572 1932 674 1985 pro
701 1916 805 1970 illis
839 1916 1008 1971 subeo
1034 1915 1399 1984 disciplinam.
1437 1915 1503 1971 Et
1540 1915 1662 1971 ideo
1687 1915 2021 1970 conﬁrmasti
2055 1931 2144 1970 su-

572 2021 670 2076 per
702 2021 786 2060 me
816 2021 1037 2060 manum
1067 1996 1214 2060 tuam
1237 2007 1650 2076 correptricem,
1682 2006 1750 2062 de
1779 2022 1885 2076 qua
1906 2005 2009 2061 .lob
2026 2006 2103 2061 ait
2128 2019 2143 2058 :

571 2098 759 2153 Manus
789 2098 998 2154 Domini
1030 2099 1201 2169 tetigit
1230 2116 1311 2154 me
1340 2100 1383 2155 ’.

1038 2280 1354 2367 PSALMUS
1391 2278 1686 2335 xxxvm.

642 2373 809 2429 Vens.
851 2374 907 2429 2.
952 2393 970 2426 ι
1010 2373 1126 2427 Dixi
1156 2393 1170 2427 :
1195 2372 1507 2428 Custodiam
1539 2372 1651 2427 vias
1682 2386 1850 2427 meas.
1878 2389 1897 2423 ι

648 2464 811 2521 Decet
846 2464 952 2519 hoc
977 2480 1196 2519 omnem
1228 2464 1549 2535 prophetam
1594 2471 1651 2519 et
1695 2463 1971 2521 doctorem
2020 2477 2151 2533 pro-

575 2556 721 2627 prias
744 2556 859 2611 vias
885 2556 1179 2619 custodire,
1208 2556 1414 2610 scilicet
1440 2554 1719 2608 actionum
1748 2568 1946 2608 cursus
1973 2563 2029 2607 et
2062 2553 2152 2608 iu-

575 2663 817 2718 gressus,
847 2648 920 2702 ita
956 2657 1147 2702 utnon
1173 2646 1418 2702 declinet
1455 2646 1511 2700 in
1559 2645 1772 2708 vitium,
1798 2660 1908 2699 non
1933 2645 2152 2699 aberret

576 2737 633 2789 in
676 2737 881 2807 lingua,
935 2738 1064 2790 dum
1114 2737 1274 2791 dictis
1334 2744 1461 2807 agat
1486 2736 1785 2790 contraria.
1829 2734 1970 2789 Vere
2001 2735 2151 2791 enim

576 2825 762 2897 lingua
794 2835 1025 2896 peccat,
1079 2827 1172 2896 qui
1221 2826 1367 2896 quod
1424 2826 1588 2880 verbo
1637 2826 1832 2880 vitium
1883 2826 2149 2897 coarguit,

577 2934 742 2988 opere
781 2917 1012 2984 astruit;
1076 2934 1144 2972 ex
1187 2933 1296 2987 quo
1343 2918 1478 2979 illud
1521 2918 1902 2987 consequitur,
1934 2925 1995 2973 ut
2026 2918 2153 2973 vita

578 3024 690 3069 sua
728 3010 973 3065 instituto
999 3009 1301 3065 doctrinam
1336 3010 1693 3068 ementiatur.

648 3187 889 3242 νεικεῖ).
927 3206 947 3238 ‹
974 3186 1253 3255 Obmutui,
1291 3199 1345 3244 et
1381 3190 1700 3245 humiliatus
1731 3207 1872 3246 sum.
1915 3174 1933 3243 ἶ
1972 3244 1973 3247 η

647 3272 815 3329 Vides
843 3277 1116 3345 quomodo
1138 3278 1370 3347 primum
1399 3293 1495 3347 per
1515 3278 1942 3335 inobedientiam
1966 3279 2151 3336 obmu-

580 3368 683 3422 tuit
705 3408 719 3431 ,
757 3377 811 3423 et
842 3385 966 3423 cum
995 3369 1292 3434 obmutuit,
1329 3369 1644 3423 humiliatus
1676 3380 1777 3425 est.
1811 3370 1956 3425 Nihil
2004 3372 2149 3426 enim

577 3473 731 3526 aque
780 3457 1054 3512 hominem
1105 3459 1359 3527 deprimit
1408 3474 1471 3513 ac
1516 3469 1707 3529 stupor
1753 3475 2048 3524 sensuum,
2095 3468 2152 3517 et

578 3550 773 3604 deinde
826 3549 1215 3605 inobedientia.
1264 3550 1373 3605 Aut
1425 3551 1588 3606 etiam
1643 3563 1925 3621 propterea
1980 3553 2148 3617 siluit.

579 3642 836 3711 quoniam
864 3657 894 3695 a
925 3641 1098 3708 bonis,
1131 3642 1235 3696 hoc
1267 3652 1351 3696 est
1381 3657 1411 3695 a
1452 3644 1807 3698 meditatione
1836 3644 1991 3714 legis,
2028 3661 2151 3715 qua

579 3725 707 3785 hon'i
752 3734 1007 3803 magistra
1055 3741 1172 3799 est,
1229 3732 1485 3787 cessavit.
1528 3732 1682 3787 Unde
1731 3749 1839 3786 non
1876 3733 2151 3789 immerito

580 3833 872 3879 renovatus
917 3832 1005 3879 est
1059 3823 1213 3878 dolor
1265 3824 1473 3893 peccati
1509 3842 1521 3877 :
1554 3824 1822 3894 siquidem
1869 3827 2070 3881 vulnus
2120 3841 2152 3880 a

579 3915 1027 3985 peccatoillatum
1076 3915 1296 3985 gravius
1321 3923 1428 3981 est,
1446 3930 1568 3969 cum
1593 3931 1623 3969 a
1641 3915 1776 3986 legis
1796 3916 2152 3972 meditatione

579 4022 681 4062 nos
708 4007 854 4077 ipsos
887 4007 1264 4062 subducimus.
1301 4007 1387 4060 Fit
1415 4020 1632 4077 quoque
1652 4006 1953 4077 depascens
1974 4009 2149 4075 ulcus,

580 4108 835 4170 tanquam
875 4100 1023 4153 nullo
1052 4115 1081 4154 a
1115 4099 1313 4153 divinis
1361 4098 1650 4169 praceptis
1690 4099 1940 4170 apposito
1976 4100 2152 4155 medi-

580 4200 850 4246 camento.
893 4191 960 4247 Et
993 4191 1116 4246 ideo
1142 4207 1251 4245 non
1285 4192 1437 4246 stetit
1478 4190 1533 4244 in
1562 4190 1795 4254 silentio,
1821 4192 1916 4246 sed
1946 4206 2071 4246 cum
2093 4206 2154 4247 se

580 4281 927 4353 collegisset,
978 4282 1154 4351 ipsum
1210 4282 1446 4352 abiecit,
1496 4292 1754 4353 tanquam
1795 4298 1910 4338 rem
1956 4284 2152 4340 anima

2176 3039 2224 3102 Ω

1765 248 2126 313 HESYCHII
2163 247 2643 327 PRESBYTERI
3732 248 3780 311 ιι

2174 373 2222 426 Α

2811 364 3105 420 ΨΔΛΜΟΣ
3144 365 3292 430 AC’.

2327 474 2346 507 σ
2374 456 2663 530 Νεώτερος
2688 457 2984 528 ἐγενόμην.
3016 475 3035 510 ι

2317 547 2515 613 Καλῶς
2562 549 2713 620 ἡμᾶς
2752 549 3169 619 ἀναμιμνήσκει
3203 546 3313 616 τῆς
3347 544 3651 615 κρίσεως,
3680 548 3739 601 ἱνα

2247 636 2386 711 πρὸς
2434 639 2536 710 τὴν
2583 639 2821 694 ἐνταῦθα
2869 639 3251 709 θεωρήσαντες
3304 637 3635 707 σύγχυσιν,
3681 641 3719 707 ἆ]

2245 730 2644 802 ἀμελήσωμεν·
2683 731 2921 803 δρῶντες
2944 733 3070 793 τοὺς
3104 734 3165 783 ὲν
3195 731 3481 800 ἀρεταῖς,
3516 730 3586 783 ἓν
3615 730 3751 801 ἀῖτοξζ

2246 823 2400 895 παρά
2426 822 2773 896 ἀνθρώποις,
2804 824 2900 877 καὶ
2939 824 3124 886 πόνοις
3156 823 3602 892 τυγχάνοντας.
3631 826 3719 875 0;:
3744 844 3765 876 τ

3710 356 3782 694 Δ

3715 1024 3784 1595 1

2244 912 2565 983 καταλείψει
2598 914 2707 984 γάρ
2735 914 2935 977 αὐτοὺς
2966 914 2995 966 δ
3024 913 3183 978 Θεὸς,
3218 914 3551 967 τουτέστιν
3579 914 3713 983 οὑχὲ

2243 1002 2467 1070 όψεταιο
2509 1002 2769 1070 φυλάττει
2803 1002 2861 1055 δὲ
2887 1003 3086 1078 αὐτοὺς
3128 1006 3214 1066 εἰς
3258 1005 3366 1056 τὸν
3398 1004 3601 1058 αἰῶνα
3627 1006 3702 1055 τὸν

2243 1093 2404 1149 λοντα
2423 1134 2439 1159 ,
2472 1094 2600 1148 ἔνθα
2629 1094 2738 1148 τῶν
2768 1093 2994 1161 ἀγαθῶν
3024 1097 3057 1163 ἡ
3089 1094 3243 1156 δόσις
3284 1094 3688 1165 ἀτελεύτητσς.

2818 1184 3112 1238 ΨΑΛΜΟΣ
3151 1182 3286 1237 AZ'.

2321 1277 2476 1330 ιὈτι
2502 1274 2572 1329 τὰ
2606 1274 2736 1346 βέλη
2773 1292 2869 1327 σου
2901 1276 3298 1344 ὲνεπάγησαν.
3335 1292 3357 1326 ι
3456 1312 3463 1315 -

2319 1367 2395 1420 Οὐ
2440 1366 2621 1437 μάτην
2653 1367 2683 1418 δ
2717 1366 2954 1437 Χριστὸς
3001 1366 3097 1418 καὶ
3140 1363 3334 1417 ταῦτα
3370 1363 3462 1433 τῷ
3497 1365 3665 1434 napi
3690 1368 3767 1416 :L',

2247 1457 2388 1529 ὑπὲρ
2424 1458 2517 1512 τοῦ
2554 1457 2749 1527 γένους
2780 1456 2891 1511 τῶν
2919 1455 3227 1526 ἀνθρώπων
3273 1455 3677 1525 προσεύχεται.
3700 1460 3755 1507 '1.

2246 1551 2437 1619 ἐπειδὴ
2462 1550 2533 1604 τά
2557 1551 2676 1603 κατ’
2699 1549 2880 1602 αὐτῶν
2907 1548 3068 1619 βέλη,
3095 1548 3300 1617 φησὶν,
3341 1549 3495 1610 ὅσας
3540 1548 3717 1617 πληγὲς
3736 1552 3765 1597 ἱ.

2245 1642 2336 1696 τὸν
2374 1641 2546 1711 Ἀδὰμ
2588 1640 2826 1711 ἐπῆλθεν
2868 1639 3013 1694 κατά
3055 1639 3155 1709 τῆς
3203 1642 3425 1708 κοινῆς
3476 1640 3765 1708 (passage;

2246 1735 2618 1805 ὲνεπάγησαν.
2653 1732 2874 1802 Ἐπειδὴ
2905 1732 3015 1803 γὰρ
3057 1729 3169 1800 ἐγὼ
3216 1732 3329 1795 τὰς
3371 1732 3529 1800 ὑπὲρ
3556 1732 3645 1785 τοῦ

2245 1823 2353 1876 τῶν
2395 1822 2703 1894 ἀνθρώπων
2735 1821 3015 1891 ἁμαρτίας
3051 1820 3335 1874 ἀνέλαϐον
3355 1859 3375 1883 ,
3412 1822 3707 1889 ἀναγκαίως
3729 1841 3765 1870 ιε

2245 1915 2343 1978 τὰς
2392 1914 2535 1983 ὑπὲρ
2580 1912 2762 1966 αὐτῶν
2801 1913 3049 1977 παιδείας
3094 1912 3455 1981 ὑφίσταμαι.
3487 1914 3582 1965 Διὸ
3624 1914 3697 1964 ιιι
3722 1929 3769 1960 ετ.

2245 2006 2538 2076 εστήριξας
2587 2004 2797 2075 ἐπ’ὲμὲ
2830 2005 2929 2073 τὴν
2960 2004 3118 2074 χεῖρά
3168 2020 3271 2056 σου
3326 2005 3445 2075 τὴν
3490 2005 3747 2065 marina:

2246 2094 2379 2165 περὶ
2420 2091 2489 2165 ἦς
2524 2094 2645 2148 ’1ὼὸ
2676 2094 2864 2162 ἐλεγεο
2897 2093 3036 2162 Χείρ
3060 2094 3299 2161 Κυρίου
3346 2095 3393 2161 ἡ
3427 2095 3688 2164 ἁψαμένη
3714 2130 3735 2161 ρ
3776 2110 3781 2165 j

2246 2187 2440 2240 ἐστιν.

2799 2275 3095 2330 ΨΑΔΜΟΣ
3143 2277 3285 2332 AH'.

2327 2385 2346 2419 ι
2378 2362 2523 2420 Εῐπα
2542 2383 2557 2397 ·
2585 2366 2809 2432 Φυλάξω
2836 2366 2934 2429 τὰς
2959 2366 3113 2427 ὁδούς
3142 2383 3277 2435 μου.
3316 2385 3342 2419 ε

2322 2458 2495 2510 Παντὶ
2518 2455 2680 2510 τοῦτο
2708 2458 2967 2528 προφήτῃ
3001 2457 3097 2509 καὶ
3129 2456 3477 2530 διδασκάλῳ
3516 2460 3769 2530 πρίπικξ

2250 2547 2458 2608 οἰκείας
2508 2546 2799 2615 φυλάττειν
2831 2546 3017 2609 ὁδοὺς,
3048 2545 3258 2617 δηλαδὴ
3295 2548 3447 2612 τοὺς
3493 2550 3701 2618 aptium;
3724 2568 3769 2598 ιε

2250 2639 2349 2701 τὰς
2385 2639 2607 2709 πορείας
2636 2638 2747 2691 τῶν
2784 2628 3059 2710 πράξεων,
3084 2636 3232 2690 ὥστε
3264 2640 3350 2709 μὴ
3380 2640 3631 2692 ἐκκλῖναι
3653 2643 3771 2699 tiu}—

2252 2730 2398 2796 κίαν,
2427 2732 2551 2802 μηδ’
2573 2731 2907 2802 ἁμαρτάνειν
2940 2733 2997 2783 ὲν
3027 2730 3256 2802 γλώσσῃ
3278 2772 3295 2796 ,
3332 2734 3571 2785 ἐναντία
3593 2735 3771 2792 ach-EL-

2252 2823 2346 2877 τοῦ
2390 2824 2570 2891 λόγοις
2602 2823 3089 2894 διαπραττόμενον.
3106 2821 3468 2894 ’Δμαρτάνει
3509 2826 3615 2896 γὰρ
3639 2826 3765 2889 ἀπε.

2252 2918 2320 2987 τῇ
2354 2914 2569 2985 γλώττῃ
2598 2918 2626 2968 ό
2654 2915 2733 2986 τῷ
2758 2914 2903 2987 λόγῳ
2951 2914 3287 2986 κατηγορῶν
3321 2916 3435 2987 τῆς
3464 2919 3673 2981 κακὼ,

2253 3007 2310 3059 δὲ
2352 3006 2560 3077 ταύτην
2610 3006 2897 3069 συνιστῶν,
2933 2998 3121 3073 ἀφ’ὧν
3158 3006 3344 3075 αὐτὴν
3384 3010 3761 3077 μετέρχετιεε

2252 3100 2351 3168 τὴν
2376 3099 2573 3152 ἑαυτοῦ
2598 3098 2950 3152 διδασκαλίαν
2977 3100 3045 3168 τῇ
3075 3098 3332 3168 πολιτείᾳ
3356 3100 3697 3171 ψευδόμενοφ

2325 3208 2345 3241 ι
2367 3188 2721 3259 Ἐκωφώθην,
2749 3190 2847 3242 καὶ
2874 3188 3277 3258 ὲταπεινώθην.
3313 3209 3333 3242 ι

2337 3280 2501 3351 Ὁρᾷς
2521 3282 2605 3333 ὅτι
2635 3280 2852 3352 πρῶτον
2874 3280 2959 3333 διὰ
2990 3280 3282 3351 παρακοῆς
3302 3281 3608 3350 ὲκωφὼθη.
3627 3284 3699 3333 καὶ
3718 3300 3755 3327 ιι.

2252 3371 2456 3441 φωθεὶς
2507 3370 2867 3441 ἐταπεινώθη.
2902 3371 3069 3424 Οὐδὲν
3112 3372 3223 3441 γὰρ
3278 3371 3434 3424 οὕτω
3474 3376 3698 3425 ταπεινοῖ
3726 3389 3739 3398 ’

2252 3463 2536 3535 ἄνθρωπον
2578 3464 2653 3527 ὠς
2682 3463 3029 3532 ἀναισθησία,
3059 3464 3155 3515 καὶ
3201 3466 3478 3535 παρακοὴ
3508 3484 3639 3536 μετα
3663 3466 3755 3515 ri:

2256 3556 2327 3608 ’Ἡ
2355 3554 2450 3608 καὶ
2471 3555 2562 3609 διὰ
2591 3555 2751 3609 τοῦτο
2780 3556 3059 3624 ἐσίγησεν,
3095 3555 3157 3619 ἐξ
3180 3556 3419 3622 ἀγαθῶν
3437 3597 3454 3619 ,
3485 3560 3585 3626 τῆς
3618 3560 3745 3627 E1215.-

2251 3646 2453 3717 δηλαδὴ
2481 3646 2574 3702 τοῦ
2600 3648 2767 3717 νόμου
2792 3686 2807 3712 ,
2851 3645 2947 3698 τοῦ
2979 3645 3191 3713 ἀγαθοῦ
3221 3646 3564 3701 διδασκάλου
3583 3688 3598 3707 ,
3634 3664 3761 3699 nr}

2254 3752 2436 3805 μενος.
2461 3736 2620 3789 Ὂθεν
2670 3733 3026 3803 ἀνεκαινίσθη
3061 3735 3297 3798 εἰκότως
3328 3737 3397 3788 τὺ
3428 3738 3536 3806 τῆς
3576 3742 3761 3806 apag;

2251 3827 2476 3897 ἄλγημα
2494 3842 2507 3856 ι
2534 3825 2833 3896 βαρύτερον
2852 3825 2961 3895 γάρ
2985 3826 3047 3878 τὸ
3079 3825 3300 3895 συμΰάν
3326 3827 3391 3892 ἐξ
3420 3828 3675 3898 ἁμαρτίας
3694 3830 3749 3891 ἐκέ

2250 3916 2496 3988 τραῦμα,
2526 3917 2654 3969 ὅταν
2681 3919 2783 3987 τῆς
2810 3915 2906 3969 τοῦ
2936 3916 3105 3986 νόμου
3142 3916 3385 3986 μελέτης
3438 3920 3660 3973 ἑαυτοὺς
3691 3922 3763 3968 τερ

2253 4006 2566 4077 στήσωμεν.
2590 4005 2806 4060 Γίνεται
2834 4008 2929 4059 καὶ
2948 4006 3129 4077 νόμων
3155 4004 3350 4078 ὥσπερ
3372 4009 3589 4072 οὐδενὸς
3618 4010 3701 4061 iis

2254 4095 2405 4159 θείας
2454 4097 2677 4165 ἐντολῆς
2723 4095 3106 4167 ἐπιτιθεμένου
3151 4098 3464 4168 φαρμάκου
3510 4102 3545 4171 ἠ
3599 4101 3761 4171 επεὶ-ι

2254 4188 2565 4258 ὑφίσταται.
2597 4189 2799 4258 Διόπερ
2849 4189 2953 4241 οὐκ
2984 4188 3253 4257 ἐπέμενεν
3307 4189 3414 4259 τὴν
3456 4170 3674 4261 erant»,
3696 4192 3747 4242 ιᾶυ
3784 4170 3789 4263 ι

2255 4281 2538 4352 ἀνανήψας
2585 4281 2778 4352 αὐτὴν,
2810 4282 2887 4343 ώς
2935 4279 3280 4353 ψυχοςρθόρον
3331 4269 3619 4338 ἀπώσατο.
3649 4284 3749 4352 Ag};
3788 4276 3789 4279 X

580 4373 878 4441 perniciem
923 4372 1257 4427 aﬂerentem.
1294 4371 1407 4428 Hoc
1445 4373 1608 4444 igitur
1641 4374 1960 4442 ostendens,
2011 4377 2145 4431 sub-

2254 4370 2426 4438 τοῦτο,
2454 4373 2743 4444 τοιγαροῦν
2786 4373 3104 4444 ἐπήγαγενο
3149 4372 3533 4446 Ἐθερμὰνθη
3565 4379 3599 4445 ἦ
3625 4375 3765 4445 uiis

578 4462 760 4532 junxit
789 4481 803 4517 :
837 4462 1111 4519 Concaluit
1141 4481 1232 4518 cor
1266 4481 1462 4521 meum.

1070 4550 1384 4609 PSALMUS
1422 4554 1515 4610 XX
1528 4553 1671 4611 XIX.

648 4638 815 4696 Vens.
843 4641 929 4696 10.
973 4662 993 4695 ε
1018 4646 1662 4715 Annuntiavijustitiam.
1697 4667 1715 4700 ι

650 4732 897 4805 Magnam
928 4747 1083 4791 vocat
1109 4736 1431 4805 Ecclesium,
1463 4755 1571 4794 non
1615 4740 1791 4796 solum
1828 4742 1974 4811 quod
2007 4741 2151 4795 mul-

584 4833 760 4880 torum
792 4827 1072 4883 hominum
1100 4833 1577 4902 congregationem
1601 4833 2028 4902 complectatur;
2054 4834 2150 4888 sed

581 4920 753 4973 multo
778 4922 965 4991 magis,
994 4923 1138 4991 quod
1190 4923 1295 4976 alta
1328 4923 1691 4992 sublimiaque
1736 4924 2022 4994 theologia
2055 4924 2150 4978 do-

582 5020 755 5079 gmata
784 5025 977 5080 capere
1000 5012 1195 5065 valeat.
1229 5010 1394 5065 Lahia
1418 5022 1598 5067 autem
1625 5021 1680 5067 et
1716 5014 1860 5069 oculi
1888 5013 2150 5069 Ecclesia

584 5100 807 5170 ﬁgurate
830 5102 1001 5172 accipi
1033 5110 1258 5171 possunt
1291 5103 1534 5158 celebres
1559 5104 1634 5159 illi
1658 5106 1911 5176 apostoli,
1944 5114 1999 5159 et
2029 5112 2150 5175 post

584 5190 732 5262 ipsos
756 5207 945 5247 omnes
978 5192 1248 5257 doctores,
1274 5208 1410 5262 quos
1442 5195 1705 5265 reliquum
1729 5211 1930 5266 corpus
1964 5195 2151 5252 Eccle-

585 5282 679 5338 sia
711 5297 819 5337 non
851 5284 1025 5338 solum
1057 5298 1167 5337 non
1195 5284 1451 5354 prohibet
1482 5286 1812 5341 annuntiare
1839 5285 2143 5354 Christum,

583 5372 677 5441 qui
711 5373 823 5443 ipsa
841 5374 1051 5443 justitia
1077 5383 1193 5441 est;
1225 5376 1319 5430 sed
1352 5378 1521 5449 magis
1562 5376 1782 5446 excitat,
1814 5379 2152 5435 convenien-

586 5468 693 5514 tem
727 5462 862 5531 ipsis
893 5477 1112 5532 operam
1140 5472 1425 5535 prastans.

655 5655 677 5683 '
703 5657 805 5714 Joh
828 5676 941 5727 ιιι,
962 5661 1053 5715 21.

2249 4479 2385 4533 μου.

2804 4557 3101 4611 ΨΔΔΜΟΣ
3146 4558 3273 4614 AG'.

2328 4666 2347 4697 ‹
2374 4645 2832 4719 Εὑαγγελισάμην
2870 4646 3237 4721 δικαιοσύνην.
3267 4669 3289 4700 ι

2324 4736 2587 4806 Μεγάλην
2615 4738 2781 4807 φησὶν
2813 4736 3165 4809 Ἐκκλησίαν.
3182 4740 3243 4792 οὐ
3272 4741 3446 4811 μόνον
3468 4744 3567 4816 τὴν
3593 4746 3789 4815 33:11:11

2254 4828 2681 4896 πολυάνθρωπον
2714 4828 2948 4901 ἔχουσαν
2968 4871 2983 4893 ,
3015 4831 3150 4885 ἀλλά
3181 4833 3279 4885 καὶ
3303 4835 3494 4904 πολλῷ
3524 4838 3703 4907 pars»
3718 4854 3789 4905 :1,

2254 4922 2322 4975 τὰ
2350 4920 2529 4992 ὑψηλά
2571 4921 2666 4974 καὶ
2709 4922 3108 4994 μεγαλοπρεπῆ
3136 4922 3387 4992 δόγματα
3412 4928 3519 4995 τῆς
3563 4929 3767 4993 θεύεται

2218 5066 2223 5071 ,
2258 5013 2665 5087 παραδέξασθαι
2704 5013 3033 5086 δυναμένην.
3064 5016 3235 5084 Χειλη
3261 5016 3322 5068 δὲ
3351 5016 3457 5086 τῆς
3491 5008 3789 5090 Ἑκκλιςτιέψ

2257 5109 2351 5159 καὶ
2381 5108 2429 5159 οἱ
2458 5105 2724 5177 ὀφθαλμοὶ
2751 5106 3031 5177 τροπικῶς
3058 5106 3318 5177 ληφθείεν
3351 5109 3419 5162 ἂν
3467 5111 3523 5164 oi
3569 5114 3789 5175 πανεὺςκ

2261 5213 2351 5266 μοι
2379 5197 2691 5261 ἀπόστολοι,
2723 5197 2817 5251 καὶ
2851 5198 3051 5261 πάντες
3080 5199 3131 5250 οἱ
3168 5200 3284 5270 μετ’
3306 5202 3567 5268 ἐκείνους
3600 5206 3771 5259 διδάσκει

2256 5286 2359 5347 λοι,
2387 5285 2481 5350 οὒς
2513 5288 2575 5341 τὸ
2601 5287 2785 5341 λοιπὸν
2812 5289 2971 5357 σῶμα
2999 5289 3098 5359 τῆς
3134 5291 3494 5362 Ἑκκλησίας,
3515 5298 3577 5349 οὗ
3609 5292 3767 5368 item:

2258 5377 2460 5431 κωλύει
2488 5380 2590 5449 τὴν
2612 5380 3092 5452 αὑτοδικαιοσύνην
3120 5382 3587 5452 εὐαγγελίζεσθαι
3605 5391 3679 5441 τὲτ
3695 5388 3771 5438 Xs-

2261 5471 2406 5530 στδν.
2439 5468 2577 5522 ἀλλά
2619 5470 2714 5523 καὶ
2761 5470 2963 5540 μᾶλλον
2995 5476 3254 5546 παρορμᾷ
3290 5472 3390 5547 τὴν
3421 5476 3679 5547 ἁνάλογσν
3700 5492 3772 5529 ων

2260 5560 2454 5632 εργίαν
2481 5560 2665 5625 αὐτοῖς
2692 5562 3096 5633 παρεχόμενον.
