3800 6312
29 289 163 354 1201

1101 300 1563 361 FRAGMENTA
1601 299 1683 360 IN
1724 301 1857 359 PSA
1865 298 2082 360 LMOS.

3146 294 3281 359 121-9.

29 410 308 479 ενόμιζεν.
344 409 583 476 Ἀνάξιον
607 410 712 482 γὰρ
732 409 892 464 τοῦτο
914 412 1195 489 προφήτου
1223 415 1316 470 καὶ
1340 413 1604 486 βασιλέως

1734 412 1874 469 uisse
1908 423 2189 485 peccatum
2252 415 2521 485 reputavit
2558 423 2782 486 prapter
2823 414 3021 485 regiam
3050 413 3278 485 dignita-

29 502 264 565 εἰκότως
293 502 547 565 εὐσεϐοῦς
577 502 892 573 ἐτύγχανεν.
931 504 1091 560 Ἀλλὰ
1108 505 1208 560 σοὶ
1230 508 1395 576 μόνῳ
1419 506 1603 575 ἡμίφ-

29 608 157 657 τον,
211 593 434 661 ἔλεγεν
487 595 672 666 ἐπειδὴ
718 598 866 666 μόνῳ
907 597 986 668 τῷ
1015 597 1133 668 Θεῷ
1161 599 1235 668 μὴ
1270 599 1606 669 ἁμαρτά-ειν

29 684 181 752 sua;
226 684 382 753 μέλει
413 685 489 747 ὡς
542 684 865 757 δημιουργῷ
896 688 1203 760 φειδομένῳ
1226 689 1322 742 τοῦ
1353 690 1601 760 πλάσμα-

29 772 317 836 τονΊσως
344 773 422 839 δὲ,
444 775 549 829 Kal
586 775 653 828 τὸ
685 776 952 844 πονηρὸν
975 772 1234 833 ἐννάκιςιὼ⁴
1257 795 1374 835 σου
1402 779 1607 847 ἐποίη-

29 877 143 915 σιν
182 862 272 914 ὅτι
315 856 535 916 πάντων
578 865 653 927 ὼς
697 865 908 933 βασιλεῖ
956 868 1352 939 χαριζομένων,
1403 869 1500 921 καὶ
1541 873 1607 940 τῇ

29 957 217 1026 σιωπῇ
250 953 605 1026 κρυπτόντων
638 955 699 1009 τὸ
741 957 1063 1029 ἁμάρτημα,
1089 961 1117 1012 6
1149 959 1279 1024 Θεὸς
1307 961 1398 1013 τὸν
1422 961 1610 1015 Νάθαν
1644 1038 1647 1041 _

29 1042 250 1113 ἔπεμψε
295 1044 394 1097 καὶ¹
432 1045 676 1116 πονηρὰν
716 1042 881 1102 οὖσαν
928 1049 1027 1119 τὴν
1078 1049 1278 1121 πρᾶξιν
1318 1051 1608 1120 ἐξήλεγξε,

29 1135 129 1188 καὶ
178 1134 330 1197 τίνος
385 1134 545 1189 τοῦτο
598 1136 791 1208 χάριν,
855 1138 924 1192 τὰ
974 1140 1100 1211 ἑξῆς
1167 1141 1437 1197 ἀκόλουθα
1500 1143 1613 1197 δεί-

29 1242 251 1280 κνυσιν.

106 1335 129 1368 ι
176 1316 319 1369 Ἰδοὺ
352 1315 461 1387 γὰρ
487 1318 544 1372 ὲν
573 1316 826 1390 ἀνομίαις
858 1320 1219 1394 συνελήφθην.
1256 1341 1278 1376 ι

100 1500 299 1553 Ταῦτα
338 1500 400 1552 οὐ
443 1501 602 1571 μόνον
625 1500 714 1555 διὰ
753 1500 844 1554 τὸν
873 1501 1046 1571 ῥύπον
1085 1503 1178 1558 τὸν
1203 1505 1268 1557 ὲκ
1310 1505 1405 1559 τοῦ
1444 1491 1659 1577 ’ᾹδειμἸ

31 1590 422 1661 καταγόμενον
446 1591 684 1661 λέγεται·
703 1594 866 1647 αὐτοῦ
891 1594 1000 1665 γὰρ
1023 1595 1184 1649 ἕνεκα
1200 1594 1435 1666 ῥυπαροὶ
1461 1615 1616 1667 νομι-

32 1681 250 1750 ζόμεθα
281 1681 531 1750 γίνεσθαι
554 1724 567 1745 ,
602 1682 740 1736 ὥστε
771 1686 863 1737 καὶ
898 1688 1025 1755 πρὶν
1055 1685 1230 1739 ἐλθεῖν
1261 1689 1340 1750 εἰς
1362 1686 1476 1752 ἕξιν
1499 1689 1619 1758 ἡλι-

1710 515 1839 560 tem.
1894 507 2138 576 Namque
2177 507 2279 561 hoc
2305 507 2586 577 indignum
2618 508 2808 562 fuisset
2835 516 2890 561 et
2935 508 3196 577 propheta
3225 515 3280 562 ct

1710 611 1854 668 rege,
1904 596 1998 666 qui
2029 598 2222 651 merito
2260 597 2382 667 pius
2418 598 2737 652 habebatur.
2771 597 2876 653 Sed
2909 598 3003 651 tibi
3031 598 3129 651 soli
3158 614 3278 667 pec-

1708 687 1841 751 cari,
1888 687 2171 756 inquiebat
2201 705 2214 742 :
2250 689 2504 758 quoniam
2533 689 2633 743 soli
2667 687 2775 743 Deo
2797 698 3047 757 tanquam
3076 688 3277 758 opiﬁci,

1708 786 1764 832 et
1793 777 2039 849 ﬁgmenti
2073 779 2155 835 sui
2189 780 2494 843 miserenti,
2531 795 2675 834 cura:
2715 788 2799 833 est
2849 794 2918 833 ne
2964 794 3276 848 peccemus.

1710 866 1777 920 Et
1812 868 1909 921 sic'
1935 867 2098 923 etiam
2156 868 2309 933 illud,
2344 868 2410 922 Et
2446 868 2648 922 malum
2691 884 2869 920 coram
2900 876 2948 920 te
2973 869 3103 938 feci;
3127 868 3308 921 ad.li-.

1711 958 1830 1022 dit,
1890 961 2145 1028 quoniam
2191 959 2413 1029 reliquis
2455 959 2709 1014 omnibus
2753 958 2804 1012 ei
2860 965 3112 1026 tanquam
3168 957 3279 1027 regi

1712 1048 2114 1119 indulgentibus
2139 1090 2153 1115 ,
2189 1057 2243 1104 et
2272 1058 2552 1118 peccatum
2596 1048 2812 1103 silentio
2851 1047 3285 1118 contegentibus,

1714 1138 1854 1194 Deus
1888 1140 2036 1194 misit
2068 1131 2301 1201 Natlian,
2332 1147 2387 1194 et
2422 1139 2689 1192 nefarium
2734 1137 2867 1192 illud
2895 1136 3070 1190 scelus
3108 1151 3286 1205 reprc-

1715 1231 1904 1284 hendit
1933 1239 2042 1317 :‘et
2067 1247 2164 1291 cur
2194 1231 2295 1285 hoc
2322 1230 2511 1285 fecerit
2542 1228 2823 1298 sequentia
2847 1228 3142 1283 declarant.

1782 1319 1943 1377 Vens.
1985 1320 2040 1374 7.
2079 1340 2094 1372 ι
2131 1318 2269 1375 Ecce
2311 1320 2457 1374 enim
2492 1319 2548 1374 in
2581 1318 2962 1391 iniquitatibus
2984 1323 3282 1384 conceptus

1716 1426 1857 1466 sum.
1895 1430 1915 1463 ι

1787 1502 1911 1558 Πςυο
1965 1517 2074 1556 non
2139 1502 2397 1556 dicuntur
2448 1502 2622 1555 solum
2682 1509 2903 1569 propter
2965 1497 3155 1553 sordes
3217 1496 3282 1550 ab

1719 1594 1925 1648 Adamo
1977 1601 2281 1648 contractas
2330 1609 2358 1645 ι
2395 1607 2526 1647 nam
2577 1591 2812 1661 pollutos
2841 1604 2941 1645 nos
2982 1588 3101 1657 ejus
3126 1600 3287 1638 causa

1720 1685 1869 1759 nasci
1892 1685 2264 1755 cognovimus,
2288 1683 2360 1737 ita
2393 1692 2452 1737 ut
2477 1683 2794 1752 priusquam
2820 1680 2887 1736 ad
2910 1687 3126 1735 aetatem
3156 1675 3281 1730 boni

32 1772 164 1837 κίας
185 1771 360 1827 καλοῦ
383 1774 478 1826 καὶ
499 1774 666 1827 κακοῦ
683 1775 975 1846 δεχομένης
994 1777 1283 1848 διάκρισιν,
1299 1777 1616 1848 καθάρσεως

1734 1785 1775 1829 ιι
1801 1772 1929 1827 mali
1967 1772 2335 1828 discretricem
2362 1771 2766 1840 perveniamus,
2801 1767 2955 1839 quasi
2981 1783 3013 1822 a
3046 1764 3285 1835 parenti-

33 1867 115 1927 ώς
143 1867 211 1917 ἐκ
251 1863 512 1935 πατέρων
548 1867 929 1937 ὲρῤυπωμένοι
957 1867 1258 1939 χρῄσομεν.
1307 1865 1479 1921 Τοῦτο
1511 1868 1619 1938 γὰρ

34 1954 136 2009 καὶ
167 1956 328 2023 παρὰ
357 1954 435 2025 τῷ
471 1955 592 2007 Ἰὼὸ
620 1956 909 2025 εἰρημένον
940 1959 1267 2028 εὑρήσομεν
1311 1959 1426 2023 Τίς,
1463 1960 1617 2027 φησὶ,

36 2043 425 2114 καυχήσεται
451 2047 709 2112 καθαρὸς
729 2042 882 2100 εἶναι
906 2047 1024 2100 ἀπὸ
1039 2049 1242 2114 ῥύπου
1267 2063 1284 2111 ;
1311 2047 1448 2101 ἀλλ’
1485 2049 1624 2103 οὔτε

33 2136 295 2206 βρέφος,
310 2133 481 2208 κᾶνῇ
491 2138 600 2206 μία
626 2137 813 2205 ἡμέρα
834 2140 869 2207 ἠ
895 2137 1234 2207 ζωὶίαύτοῦ.
1258 2140 1397 2209 Πρὸς
1413 2139 1624 2204 τούτοις

42 2230 265 2300 μητέρα
294 2229 394 2298 τῆς
429 2222 702 2298 ἁμαρτίας
723 2228 822 2298 τὴν
848 2229 1145 2298 ἐπιθυμίαν
1169 2231 1203 2300 ἡ
1221 2229 1410 2300 Γραφὴ
1440 2231 1623 2284 καλεῖν

40 2322 76 2391 ἡ
105 2319 478 2382 θεόπνευστος
525 2318 740 2373 εἴωθεν.
776 2320 1040 2388 Ἐγγονον
1074 2319 1130 2373 δὲ
1170 2322 1329 2375 πάλιν
1358 2322 1623 2393 ἑκατέρας

41 2413 140 2466 τὸν
215 2411 450 2466 θάνατον
510 2412 604 2464 καὶ
683 2415 950 2483 μαρτυρεῖ
1000 2415 1028 2467 6
1095 2414 1347 2478 Ἰάκωϐος
1408 2416 1580 2484 λέγων
1606 2433 1621 2448 ο

55 2504 128 2560 Ἦ
173 2504 466 2572 ἐπιθυμία
525 2503 923 2558 συλλαϐοῦσα
974 2505 1157 2559 τίκτει
1217 2508 1529 2576 ἁμαρτίαν,
1581 2508 1621 2576 ἦ

41 2595 113 2649 δὲ
155 2595 421 2663 ἁμαρτία
478 2595 952 2650 ἀποτελεσθεῖσα
1022 2597 1271 2652 ἀποκύει
1342 2600 1622 2652 θάνατον.

45 2687 218 2738 Ὥστε
236 2686 370 2739 ὅταν
394 2685 822 2758 ἁμαρτάνωμεν,
844 2689 902 2742 ὲν
924 2688 1224 2760 ἁμαρτίαις
1250 2689 1623 2762 συλλαμϐανό-

47 2774 216 2845 μεθα.
1272 2776 1279 2781 ’

124 2884 144 2917 ι
197 2865 470 2927 Ῥαντιεῖς
505 2882 569 2934 με
602 2864 862 2938 ὑσσώπῳ.
899 2886 918 2920 ι

115 2956 340 3023 Ὠσπερ
371 2956 466 3009 καὶ
500 2957 663 3026 ἡμεῖς
686 2960 746 3011 ὲν
774 2962 840 3031 τῇ
869 2960 1046 3032 δωρεᾷ
1074 2961 1171 3015 τοῦ
1212 2962 1589 3033 βαπτίσματος
1607 3003 1620 3028 ,

1721 1863 1823 1917 bus
1876 1861 2228 1919 contaminati
2275 1860 2596 1931 purgatione
2648 1860 3008 1927 indigeamus.
3051 1855 3285 1922 Quinet

1723 1954 1827 2008 hoc
1855 1952 1924 2007 ab
1957 1953 2074 2021 ipso
2103 1950 2242 2006 Jobo
2265 1951 2470 2006 dictum
2499 1939 2833 2022 reperiemus
2860 1967 2873 2004 :
2908 1948 3056 2014 Quis,
3088 1946 3285 2015 inquit.

1721 2043 2032 2114 gloriabitur
2088 2043 2311 2096 mundus
2361 2059 2469 2095 esse
2511 2059 2542 2095 α
2572 2042 2808 2095 sordibus
2836 2041 2860 2093 ?
2886 2040 2975 2093 sed
3018 2053 3179 2108 neque
3204 2037 3287 2089 in-

1722 2136 1861 2206 fans,
1906 2135 2001 2189 etsi
2042 2135 2200 2207 [uerit
2266 2136 2418 2189 unius
2460 2135 2563 2191 diei
2608 2134 2715 2188 vita
2760 2133 2874 2202 ejus
2908 2132 2972 2182 ¹⁷.
3023 2130 3288 2185 Praeterea

1723 2218 1928 2290 peccati
1966 2229 2191 2274 matrem
2239 2221 2425 2275 divina
2466 2221 2747 2291 Scriptura
2785 2217 3285 2289 concupiscentiam

1723 2310 1994 2380 appellare
2023 2312 2185 2365 solet.
2217 2310 2426 2366 Rursus
2452 2328 2582 2367 vero
2610 2320 2842 2366 mortem
2883 2310 3162 2377 utriusque
3196 2322 3291 2379 ge-

1661 2410 1665 2414 ’
1725 2400 1973 2455 nitricem
2002 2416 2120 2456 esse
2138 2400 2371 2457 Jacobus
2390 2410 2617 2457 testatur
2647 2401 2836 2455 dicens
2868 2417 2886 2454 :
2913 2397 3293 2468 Concupiscen-

1727 2491 1802 2545 tia
1854 2508 1968 2545 cum
1995 2494 2302 2559 conceperit,
2355 2494 2496 2562 parit
2536 2502 2850 2562 peccatum;
2880 2498 3150 2562 peccatum
3173 2502 3292 2541 vero

1724 2599 1842 2637 cum
1873 2592 2288 2637 consummatum
2326 2585 2503 2654 fuerit,
2542 2592 2754 2655 generat
2780 2580 3082 2645 mortem“.
3112 2578 3295 2644 Quare.

1725 2689 1850 2731 cum
1876 2689 2189 2747 peccamus,
2222 2676 2276 2729 in
2310 2677 2546 2746 peccatis
2576 2674 2935 2746 concipimur.

1760 2862 1766 2866 ’
1798 2877 1962 2935 Vens.
1992 2879 2046 2934 9.
2088 2896 2105 2929 ι
2138 2877 2406 2951 Asperges
2431 2894 2518 2935 me
2548 2878 2802 2949 hyssopo.
2840 2895 2875 2928 ι.

1796 2967 2263 3036 Quemadmodum
2293 2980 2363 3027 et
2384 2984 2483 3025 nos
2505 2969 2563 3023 in
2600 2967 2857 3039 baptismi
2886 2967 3034 3022 dono
3052 2977 3189 3034 aqua
3216 2961 3291 3020 la:

43 3043 126 3139 τῷ
166 3045 267 3114 μὲν
303 3044 461 3099 ὕδατι
495 3047 833 3119 πλυνόμεθα,
858 3050 934 3122 τῷ
968 3051 1024 3105 δὲ
1061 3052 1334 3124 πνεύματι
1363 3051 1622 3125 λαμπρυ-

1734 3076 1937 3130 ramur,
1967 3062 2063 3118 sed
2092 3061 2286 3134 spiritu
2313 3060 2676 3117 illustramur.

46 3130 281 3207 νόμεθα.
1441 3148 1447 3159 ’

123 3247 147 3281 ι
197 3229 505 3294 Ἀκουτιεῖς
540 3249 606 3301 με
640 3233 987 3301 ἀγαλλίασιν.
1031 3254 1049 3287 ι

117 3321 524 3375 Ταπεινοῦνται
558 3323 655 3393 μὲν
682 3326 749 3377 τὰ
777 3325 876 3395 τῆς
905 3325 1086 3397 ψυχῆς
1125 3327 1310 3394 ὀστέα,
1344 3330 1626 3384 τουτέστιν

47 3413 105 3465 αἱ
161 3412 449 3484 δυνάμεις,
469 3414 573 3467 ὑπὸ
607 3414 709 3483 τῆς
758 3416 1056 3486 ἁμαρτίας,
1101 3419 1193 3470 καὶ
1223 3419 1624 3488 συντρίϐονταιο

46 3504 186 3558 ἀλλὰ
230 3508 298 3576 τῇ
334 3505 597 3575 μετανοίᾳ
643 3506 884 3560 σωθέντα
921 3508 1247 3574 ἀναϐάλλει,
1278 3511 1374 3563 καὶ
1415 3513 1497 3575 εἰς
1531 3511 1628 3583 τὴν

45 3596 226 3666 χαρὰν
257 3595 362 3667 τὴν
395 3595 628 3664 ἀρχαίαν
649 3597 1037 3668 ἐπανέρχεται.

125 3704 145 3736 ι
192 3685 565 3755 Ἀπόστρεψον
584 3686 644 3738 τὸ
672 3687 971 3756 πρόσωπόν
998 3706 1114 3743 σου.
1150 3708 1167 3742 ι

132 3772 266 3826 Ἐὰν
290 3774 403 3843 γὰρ
429 3775 504 3845 μὴ
536 3775 954 3847 παραϐλέιζρηται
1005 3778 1250 3852 ἡμέτερα
1283 3781 1627 3854 πταίσματα,

48 3864 299 3934 σωθῆναι
345 3866 407 3917 οὐ
441 3865 746 3935 δυνάμεθα.
774 3866 891 3930 Πῶ,
931 3870 988 3922 οὲ
1028 3868 1189 3923 τοῦτο
1229 3872 1626 3943 κατορθοῦταις

50 3958 225 4010 Ὅταν
249 3959 415 4028 ἡμεῖς
435 3959 644 4026 ἀγαθὰς
678 3959 904 4028 πράξεις
929 3961 1025 4015 καὶ
1047 3963 1248 4029 ἀρετὰς
1275 3963 1636 4035 ἀσκήσωμεν,

51 4049 142 4102 ἵνα
170 4048 269 4102 τοῦ
308 4050 497 4120 κριτοῦ
529 4052 620 4104 τὸν
653 4052 930 4122 ὀφθαλμὸν
969 4054 1048 4116 εἰς
1076 4054 1245 4118 αὑτὰς
1293 4050 1631 4126 μετενέγκωμ-

53 4155 176 4209 μενο
207 4140 358 4194 οὕτω
390 4140 499 4212 γὰρ
533 4141 749 4212 καὶτῆς
769 4143 876 4196 τῶν
897 4144 1181 4214 ἡμετέρων
1212 4142 1630 4220 ἁμαρτημάτων

50 4230 289 4301 θεωρίας
309 4232 474 4285 αὐτὸν
504 4233 808 4305 ἀποστῆσαι
837 4233 1134 4305 δυνάμεθα.

127 4340 146 4373 ι
186 4322 300 4375 Καὶ
341 4323 524 4386 πάσας
556 4323 788 4393 ἀνομίας
822 4342 928 4395 μου
965 4324 1269 4399 causam.
1308 4347 1326 4381 ι
1382 4341 1386 4345 ·

1795 3236 1961 3294 Vens.
1991 3237 2129 3295 10.4
2169 3239 2370 3296 Audire
2392 3253 2481 3294 me
2504 3236 2669 3293 facies
2691 3235 2968 3307 gaudium.
3001 3252 3021 3287 ›

1794 3328 2159 3387 llumiliantur
2170 3329 2390 3399 quidem
2412 3314 2605 3384 animae
2628 3326 2829 3392 ossa,id
2847 3334 2931 3380 est
2947 3324 3145 3388 vires,a
3166 3336 3289 3393 pec-

1727 3429 1886 3487 cato;
1920 3429 2295 3475 verumtamen
2328 3420 2485 3475 saluti
2514 3435 2612 3489 per
2636 3418 3016 3493 paenitentiam
3044 3417 3291 3473 restituta

1726 3509 1938 3573 florent,
1989 3516 2043 3563 et
2072 3509 2125 3562 in
2158 3510 2442 3579 pristinam
2464 3510 2703 3577 lzntitiam
2731 3516 3105 3567 revertuntur.

1799 3705 1965 3764 Vens.
1997 3708 2084 3763 ll.
2120 3725 2139 3760 ι
2182 3705 2381 3762 Arerte
2415 3706 2609 3764 faciem
2643 3716 2808 3763 tuam.
2850 3728 2873 3760 ι

1798 3797 1933 3853 Nam
1983 3798 2086 3855 nisi
2131 3799 2422 3854 conniveat
2475 3800 2543 3854 ad
2592 3808 2808 3870 peccata
2854 3807 3061 3861 nostra,
3103 3799 3296 3854 salvari

1731 3891 1952 3945 minime
1998 3905 2307 3960 possumus.
2338 3889 2445 3945 Sed
2476 3906 2585 3961 quo
2613 3899 2770 3961 pacto
2800 3890 2853 3946 id
2898 3889 3171 3946 edicitur?
3204 3890 3299 3944 Ni-

1729 3982 1928 4036 mirum
1975 3996 2099 4036 cum
2138 3996 2304 4052 opera
2341 3982 2482 4036 bona
2511 3990 2567 4037 et
2604 3984 2832 4038 virtutes
2860 3981 3299 4047 cxcrcuerimus,

1730 4082 1793 4130 ut
1836 4073 2031 4143 iudicis
2064 4072 2253 4129 oculos
2289 4074 2355 4128 ad
2378 4075 2503 4130 illas
2543 4082 2985 4130 comet-tamus:
3039 4074 3112 4128 ita
3153 4072 3301 4127 enim

1731 4166 1879 4221 illum
1908 4166 1977 4220 ab
1995 4163 2195 4220 intuitu
2217 4164 2535 4221 delictorum
2561 4171 2871 4220 nostrorum
2904 4173 3152 4219 avertere
3176 4178 3298 4234 pos-

1732 4271 1945 4311 sumus.

1811 4368 1829 4401 ι
1865 4348 1933 4409 Et
1957 4363 2148 4404 omnes
2179 4348 2492 4420 iniquitates
2511 4364 2661 4404 meas
2681 4346 2823 4403 dele.
2858 4367 2877 4401 ι

120 4412 197 4464 Οὐ
231 4413 387 4482 μίαν,
413 4411 549 4466 ἀλλὰ
581 4415 782 4477 πάσας
818 4414 979 4486 ἱκανὴ
1008 4415 1115 4487 γὰρ
1137 4417 1231 4470 καὶ
1262 4419 1298 4488 ἡ
1325 4415 1425 4489 μία
1453 4435 1624 4491 παρα-

1801 4437 1922 4494 Non
1953 4453 2137 4501 uuam,
2162 4439 2256 4493 sed
2280 4453 2471 4493 omnes
2498 4455 2511 4492 :
2542 4453 2779 4507 namque
2805 4439 2901 4494 vei
2912 4453 3018 4493 una
3048 4437 3177 4493 satis
3193 4444 3297 4503 est,

54 4500 268 4573 πέμψαι
303 4504 445 4575 πρὸς
486 4505 736 4572 γέενναν.
765 4506 860 4577 Μὴ
906 4507 1086 4562 τοίνυν
1115 4508 1275 4578 ἡμεῖς
1309 4511 1406 4580 τῆς
1431 4510 1628 4581 τυχού-

55 4610 153 4662 σης
182 4596 466 4666 ἁμαρτίας
517 4598 903 4670 ἀμελήσωμεν.
938 4600 1062 4656 Ἐὰν
1089 4604 1197 4674 γὰρ
1231 4604 1624 4675 ἐσπιλωμένος,

52 4675 260 4744 οὗτινος
292 4679 361 4754 ἦν
391 4684 631 4755 {ida-como
649 4686 816 4756 χιτὼν
835 4687 1034 4759 εὕρεθῆ
1056 4690 1083 4742 6
1113 4690 1396 4763 ἡμέτερος,
1426 4695 1509 4756 είς
1536 4692 1628 4745 τὸν

53 4773 320 4842 νυμφῶνα
347 4776 614 4839 εἰσελθεῖν
637 4778 731 4832 τοῦ
766 4780 1048 4850 βασιλέως,
1079 4781 1110 4853 ἦ
1148 4785 1387 4852 πατῆσαι
1410 4788 1509 4857 τὴν
1532 4791 1628 4843 αὐ·

55 4863 151 4932 λὴν
179 4866 241 4919 οὐ
286 4866 590 4940 δυνάμεθα.
637 4870 810 4926 Τοῦτο
859 4875 887 4927 6
931 4873 1144 4939 Παῦλος
1209 4879 1628 4950 ὲπισφραγίζων

56 4953 240 5023 ἔλεγε·
305 4961 402 5029 Μὴ
451 4959 768 5017 πλανᾶσθε
798 4979 810 4993 ·
853 4965 992 5019 οὔτε
1032 4968 1274 5035 πόρνοι,
1327 4970 1467 5024 οὔτε
1513 4989 1627 5041 ya-

57 5046 252 5111 λακοὶ,
292 5051 433 5106 οὔτε
471 5054 845 5119 πλεονέκται,
875 5055 1015 5109 οὔτε
1030 5057 1305 5125 μέθυσοι,
1336 5061 1408 5111 οὐ
1427 5062 1631 5116 λοίδο-

53 5151 172 5201 Ροι,
216 5140 328 5208 οὐχ
379 5143 643 5213 ἅρπαγες
691 5146 1019 5209 βασιλείαν
1063 5146 1211 5201 Θεοῦ
1249 5151 1627 5221 κληρονομή-

62 5239 270 5280 σουσι.

146 5335 164 5368 ι
202 5319 445 5389 Καρδίαν
477 5325 721 5398 καθαρὰν
747 5331 930 5384 κτίσον
967 5330 1024 5382 ἐν
1055 5331 1230 5398 ἐμοί.)

139 5407 249 5476 Οὐχ
276 5408 362 5460 ἵνα
388 5410 484 5483 τὴν
512 5413 673 5483 φύσιν
722 5419 942 5488 ἀμείψει
983 5419 1156 5489 ίοὺδὲν
1187 5421 1295 5492 γὰρ
1324 5421 1461 5492 αὕτη
1487 5422 1627 5490 φαῦ-

70 5494 157 5548 λον
191 5498 512 5575 ἐκέκτητο)’
572 5504 690 5559 ἀλλ’
740 5507 827 5561 ἵνα
874 5509 962 5561 τὸν
1002 5509 1265 5582 λογισμὸν
1300 5513 1401 5583 τῆς
1445 5514 1627 5584 ψυχῆς

146 5674 184 5705 ⁸⁷
214 5675 332 5734 Job.
368 5696 475 5743 xw,
497 5682 550 5739 5.
632 5682 673 5713 “'
693 5680 806 5738 Jac.
838 5699 874 5748 ι,
906 5683 987 5738 l5.
1065 5684 1107 5716 δ’
1141 5682 1156 5737 Ι
1185 5685 1306 5742 Cor.
1337 5701 1408 5752 τι,
1436 5685 1488 5743 9.

1730 4539 1793 4587 ut
1823 4529 2001 4589 mittat
2023 4529 2080 4585 in
2114 4529 2446 4600 gehennam.
2478 4529 2559 4584 Ne
2591 4544 2720 4600 ergo
2758 4545 2861 4585 nos
2898 4530 2985 4585 vel
3015 4529 3298 4587 minimum

1729 4626 2011 4688 peccatum
2052 4617 2389 4688 negligamus
2418 4634 2432 4670 :
2460 4632 2591 4671 nam
2632 4615 2677 4671 si
2699 4616 2787 4672 vel
2826 4615 2929 4671 levi
2964 4615 3175 4670 macula
3204 4629 3296 4669 ve-

1731 4708 1830 4763 stis
1861 4717 2046 4764 nostra
2074 4708 2295 4763 sordida
2339 4707 2562 4763 inventa
2606 4706 2791 4773 fuerit,
2819 4722 2922 4769 nec
2945 4707 3087 4775 regis
3111 4704 3294 4759 thala-

1731 4813 1883 4852 mum
1932 4796 2162 4865 ingredi,
2207 4810 2313 4849 nec
2341 4795 2519 4848 aulam
2567 4794 2778 4847 calcare
2830 4793 3149 4861 poterimus.
3186 4789 3300 4845 Hoc

1730 4887 1929 4942 Paulus
1975 4884 2305 4940 conﬁrmans
2333 4882 2470 4937 dixit
2501 4900 2514 4935 :
2541 4881 2718 4934 Nolite
2743 4897 2923 4934 errare
2950 4897 2968 4934 :
2997 4896 3159 4949 neque
3186 4880 3296 4949 for-

1729 4978 1942 5042 nicarii,
1973 4992 2135 5047 neque
2156 4973 2359 5039 attolles,
2390 4990 2552 5044 neque
2573 4974 2745 5039 avari,
2777 4990 2942 5044 neque
2967 4971 3176 5045 ebriosi,
3206 4987 3295 5025 ne—

1692 5077 1699 5087 '
1730 5086 1828 5140 que
1868 5066 2116 5129 maledici
2144 5105 2158 5133 ,
2192 5082 2355 5137 neque
2381 5081 2598 5134 rapaces
2624 5105 2663 5144 ,1
2686 5081 2904 5137 regnum
2934 5063 3033 5118 Dei
3067 5062 3293 5131 posside-
3336 5120 3345 5129 ί

1732 5160 1857 5213 bunt
1890 5159 1950 5211 ¹⁹.

1805 5335 1965 5405 Vnus.
2006 5336 2092 5391 12.
2125 5356 2142 5389 ‹
2174 5336 2280 5391 Cor
2313 5337 2574 5391 mundum
2605 5351 2725 5391 crca
2758 5335 2810 5388 in
2849 5350 2954 5389 me.
2987 5353 3005 5385 ι

1802 5427 1919 5482 Non
1948 5435 2006 5482 ut
2042 5435 2289 5482 naturam
2337 5434 2507 5480 mutet
2552 5425 2707 5495 (nihil
2730 5424 2875 5479 cnim
2902 5425 2990 5479 illa
3017 5424 3138 5478 mali
3166 5440 3292 5493 pos-

1734 5517 1953 5589 siderat)
1983 5535 1996 5572 :
2021 5517 2114 5573 sed
2149 5526 2208 5573 ut
2231 5516 2583 5586 cogitationes
2606 5514 2770 5570 animi
2800 5517 3042 5582 ntundet,
3067 5524 3121 5571 et
3148 5514 3292 5570 cluat
