3800 6312
52 280 188 347 ίὲῧῖ)

1107 288 1566 349 FRAGMENTA
1610 287 1690 347 IN
1732 287 2092 349 PSALMOS.

3169 287 3300 355 1210

51 398 116 449 ἐκ
144 394 239 447 τοῦ
283 393 514 464 οὐρανοῦ
548 392 823 462 διέκυψεν.
866 393 1027 464 ἡνίκα
1065 398 1199 465 ἡμῖν
1244 398 1382 467 μετὰ
1427 399 1623 470 σαρκὸς
1656 434 1666 458 λ

1768 400 1820 464 it,
1854 399 1946 469 qui
1973 400 2041 454 de
2070 400 2207 455 coelo
2233 403 2532 472 prospexit,
2570 403 2791 474 quando
2812 405 2878 460 ad
2912 420 3012 456 nos
3056 404 3110 457 in
3138 420 3303 457 carne

53 486 424 555 ἐπεδήμησεν.
453 483 663 552 Ὥσπερ
696 484 804 555 γὰρ
830 486 858 537 6
889 486 1267 554 παρακύπτων
1288 486 1383 556 ἀφ’
1418 487 1625 557 ὑψηλοῦ

1729 490 1896 543 venit.
1928 490 2396 555 Quemadmodum
2424 497 2567 549 enim
2594 497 2685 567 qui
2718 515 2783 552 ex
2810 497 2917 551 aito
2942 492 3063 548 loco
3090 494 3300 563 prospi-

53 578 242 640 τόπου,
277 578 390 630 ἄνω
422 575 622 645 μένων,
648 578 798 628 κάτω
826 579 894 647 τῇ
931 578 1182 648 ἐνεργείᾳ
1205 578 1415 647 γίνεται
1436 618 1452 641 ,
1487 580 1630 633 οὓτω

1768 577 1821 641 ἱι,
1854 593 2073 631 sursum
2119 594 2367 643 manens,
2400 597 2498 650 per
2525 586 2896 652 operationem
2949 596 3101 637 suam
3138 580 3301 633 deor-

52 665 149 719 καὶ
189 668 217 718 6
252 666 296 717 Χ
305 664 489 734 ριστδς
520 665 577 716 ἐν
628 666 739 727 τοῖς
769 664 994 729 κόλποις
1039 665 1133 719 τοῦ
1179 668 1394 739 [ἰατρὸς
1431 668 1628 738 μένων,

1731 679 1848 718 sum
1875 665 1945 717 sit
1981 683 1993 718 :
2027 665 2105 719 sic
2150 665 2311 719 etiam
2342 667 2591 723 Christus
2620 671 2673 724 in
2692 670 2814 724 sinu
2852 669 3026 724 Patris
3056 680 3303 723 manens.

53 759 117 827 τῇ
176 759 245 826 γῇ
301 755 394 809 διὰ
436 755 638 826 σαρκὸς
691 756 1027 827 ἐπεδήμησε.
1069 756 1229 821 Τίνος
1280 759 1484 829 χάρινς
1523 759 1632 813 Τοῦ

1769 770 1829 808 er
1877 771 2095 811 carnem
2131 757 2409 813 descendit
2433 759 2488 813 in
2532 768 2752 815 terram.
2786 761 2955 832 Cujus
2989 759 3066 814 rei
3090 757 3303 829 gratia?

54 848 221 912 ἰδεῖν,
251 850 305 902 ει
332 848 467 903 ἔστι
500 846 752 912 συνιὼν,
782 845 818 914 ἣ
847 845 1108 914 ἐκζητῶν
1145 850 1251 903 τὸν
1286 853 1455 905 Θεῶν.
1492 853 1634 904 οὐκ-

55 939 148 993 οῦν
179 938 241 991 οὐ
279 938 384 1002 τὰς
432 938 663 1008 πράξεις
700 938 954 991 τοσοῦτον
976 939 1082 993 τῶν
1112 939 1414 1011 ἀνθρώπων
1438 942 1637 1011 κατῆλ-

1737 859 1789 903 ut
1819 850 2011 913 videat,
2039 851 2086 904 si
2113 861 2185 907 est
2218 851 2534 922 intelligens,
2561 862 2654 907 aut
2689 855 2955 924 requirens
2981 853 3166 906 Deum.
3200 849 3304 903 lla.

1735 957 1841 1010 que
1890 956 1999 996 non
2029 953 2133 997 tam
2180 943 2419 997 actiones
2443 944 2724 999 hominum
2772 945 3114 1014 inspecturus
3138 941 3306 994 adve-

54 1027 145 1082 θεν
178 1028 607 1098 ἐπισκέψασθαι,
631 1028 755 1081 ὅσον
780 1027 908 1081 ίδείν
937 1028 991 1081 εί
1008 1046 1128 1081 τινα
1151 1029 1284 1093 ὅλως
1307 1029 1641 1099 Θεογνωσίαν

1768 1035 1859 1100 iit,
1927 1050 2091 1103 quam
2143 1043 2203 1088 ut
2268 1035 2448 1090 videat
2523 1045 2716 1089 utrum
2782 1033 3007 1089 omnino
3070 1032 3304 1101 aliquam

65 1118 307 1191 ἔχουσιν,
368 1122 419 1173 εἰ
460 1120 518 1173 ἐν
554 1119 736 1173 πίστει
777 1119 870 1173 τὸν
908 1118 1041 1173 θεὸν
1067 1118 1380 1191 ἐκζητοῦσι.

134 1317 153 1349 ι
195 1299 335 1368 Οὐχὶ
359 1296 665 1367 γνώσονται
697 1298 921 1360 πάντες.
964 1315 985 1349 ι

132 1391 346 1453 Πάντες
384 1390 482 1459 μὲν
511 1391 561 1442 οἰ
596 1390 725 1450 τοὺς
764 1390 999 1459 πένητας
1033 1388 1365 1453 ἀδικοῦντες,
1413 1390 1509 1444 καὶ
1572 1389 1642 1443 τὰ

58 1483 157 1537 τοῦ
194 1482 427 1553 πλησίον
453 1481 813 1552 ἁρπάζοντες,
848 1479 1048 1551 βρώσει
1076 1481 1241 1552 ἄρτου
1270 1483 1360 1535 τὸν
1384 1482 1512 1535 λαδν
1544 1481 1639 1535 τοῦ

63 1575 201 1629 Θεοῦ
258 1574 465 1627 ἐσθίειν
525 1573 754 1635 εἰκότως
786 1573 1034 1640 λέγονται
1078 1587 1093 1603 ο
1144 1573 1351 1644 τροφὴν
1397 1573 1504 1644 γὰρ
1545 1572 1645 1641 τῆς

66 1666 280 1721 ἑαυτῶν
326 1664 640 1729 πλεονεξίας
688 1662 788 1733 τὴν
846 1662 1093 1728 ἀδικίαν,
1135 1663 1231 1733 τὴν
1281 1666 1362 1727 είς
1399 1663 1646 1726 ἐκείνους

65 1755 278 1824 ἔχουσι.
300 1727 564 1824 Νομίσεις
599 1753 655 1805 δὲ
710 1727 944 1821 μάλιστα
989 1753 1115 1813 τοὺς
1150 1727 1503 1813 διδασκάλους
1535 1751 1642 1804 τῶν
1676 1727 1717 1784 Β

80 1845 359 1899 Ἰουδαίων
396 1842 675 1912 λέγεσθαι.
718 1843 888 1913 ’Υπὲρ
915 1842 1024 1913 γὰρ
1066 1842 1339 1911 ἀγνωσίας
1358 1842 1451 1897 τὸν
1479 1842 1644 1914 νόμον

68 1939 144 2003 ὡς
183 1938 408 1991 ἐδόκουν
456 1935 802 1997 ἐκδικοῦντες
831 1974 847 1997 ,
875 1937 940 2004 τῇ
963 1934 1019 1986 δὲ
1051 1932 1206 2005 ὕϐρει
1234 1935 1328 1988 τοῦ
1355 1934 1653 2005 νομοθέτου

70 2029 308 2099 ἀνομίαν
337 2027 720 2098 ἐργαζόμενοι,
750 2020 895 2079 οῦτοι
918 2024 1009 2079 τὸν
1029 2024 1156 2079 λαὸν
1186 2025 1279 2079 τοῦ
1304 2025 1438 2079 Θεοῦ
1462 2026 1649 2096 ἢσθιον

72 2118 276 2190 βρώσει
306 2118 498 2190 ἄρτου,
537 2117 702 2171 ἓνεκα
738 2116 1055 2187 πλησμονῆς
1089 2116 1181 2169 καὶ
1208 2115 1650 2186 γαστριμαργίας

71 2210 694 2283 προσωποληπτοῦντες,
718 2209 813 2262 καὶ
844 2208 934 2261 τὸν
982 2208 1142 2278 νόμον
1176 2209 1234 2261 ἐν
1259 2208 1336 2279 τῷ
1378 2208 1652 2267 διδάσκειν

73 2303 420 2373 παραϐαίνον
430 2318 535 2363 τες.

146 2392 287 2477 lli-:91
331 2391 441 2442 τῶν
484 2387 751 2441 Ἰουδαίων
788 2388 939 2458 λέγει
966 2406 980 2420 ο
1004 2388 1095 2443 τὸν
1125 2386 1232 2457 γὰρ
1273 2386 1485 2459 ἀληθῶς
1521 2387 1653 2441 Θεὸν

72 2483 166 2536 τὸν
203 2481 443 2553 Χριστὸν
470 2482 571 2533 οῦκ
597 2480 1023 2544 ἐπεκαλέσαντο,
1059 2481 1152 2536 καὶ
1183 2480 1530 2550 ἐφοϐήθησαν
1560 2479 1657 2547 φό-

76 2578 171 2628 ϐον
201 2574 480 2643 περιττὸν,
516 2573 653 2626 ἔνθα.
674 2574 773 2626 οὐκ
801 2569 871 2644 ἦν
900 2572 1084 2642 φόϐος,
1109 2574 1198 2626 ὅτε
1226 2573 1363 2640 πρὸς
1390 2571 1653 2641 ἀλλήλους

77 2666 268 2734 ἔλεγον
295 2680 312 2697 ο
370 2665 512 2718 Ἐὰν
552 2663 825 2733 ἐάσωμεν
868 2664 975 2718 τὸν
1023 2664 1338 2731 ᾶνθρωπον
1392 2663 1611 2717 τοῦτον
1636 2703 1652 2728 ,

79 2758 349 2825 ἥξουσιν
379 2759 434 2809 οἱ
472 2755 758 2824 Ῥωμαῖοι.
797 2756 897 2809 καὶ
946 2754 1203 2824 ἀροῦσιν
1228 2755 1397 2824 ἡμῶν
1427 2754 1658 2817 τόντό-

78 2864 198 2903 πον
222 2847 321 2901 καί
356 2846 423 2900 τὸ
453 2846 645 2913 ἔθνος.
676 2848 867 2902 Καίτοι
898 2849 996 2900 οὐκ
1049 2846 1114 2901 ἂν
1141 2846 1295 2901 τοῦτο
1333 2847 1573 2915 ἐγίνετο,
1608 2847 1657 2899 εί

79 2939 179 3009 τὴν
225 2940 306 3002 είς
374 2937 536 2992 αὐτὸν
589 2938 771 2991 πίστιν
831 2937 1121 3006 ἐφύλαξαν.
1179 2936 1411 3007 Ὁμοίως
1455 2937 1513 2991 δὲ
1563 2937 1659 2991 καὶ

1743 1123 1831 1178 Dei
1876 1123 2124 1179 notitiam
2152 1124 2420 1195 Jtaheant,
2466 1123 2519 1178 bi
2555 1126 2646 1194 qui
2686 1125 2741 1179 in
2786 1125 2889 1181 (ide
2918 1124 3084 1179 Deum
3126 1120 3308 1191 requi-

1740 1221 1890 1270 runt.

1810 1301 1974 1357 Vens.
2015 1303 2067 1357 5.
2112 1321 2130 1354 ι
2167 1302 2358 1358 Nonne
2385 1304 2553 1360 scient
2581 1318 2795 1360 omnes.
2841 1323 2859 1356 ι

1809 1391 2013 1447 Omnes
2062 1393 2152 1463 qui
2195 1395 2524 1464 pauperibus
2566 1396 2820 1465 injuriam
2863 1393 3106 1448 inierunt
3141 1401 3197 1447 et
3222 1405 3313 1447 res

1743 1484 1973 1557 proximi
2002 1483 2283 1554 diripiunt,
2313 1485 2434 1539 cibo
2458 1486 2613 1555 panis
2642 1484 2900 1554 populum
2923 1481 3019 1536 Dei
3050 1483 3314 1536 devorare

1743 1578 1937 1631 merito
1959 1575 2215 1631 dicuntur
2255 1594 2268 1629 :
2300 1593 2422 1630 nam
2452 1592 2551 1646 pro
2584 1576 2826 1631 avaritia:
2858 1590 2970 1629 suae
2998 1573 3195 1644 pabulo
3218 1573 3317 1626 ha-

1746 1667 2254 1740 bentiniustitiam-,
2282 1684 2442 1739 quam
2469 1668 2523 1722 in
2551 1668 2696 1738 ipsos
2726 1674 3002 1721 exercent.
3035 1663 3317 1722 Existima-

1746 1762 1827 1818 his
1857 1775 2038 1817 autem
2066 1761 2409 1833 potissimum
2432 1763 2549 1819 haec
2576 1760 2681 1816 dici
2716 1762 2781 1816 de
2807 1756 3079 1829 magistris
3101 1754 3314 1811 Judaco-

1746 1872 1884 1910 rum.
1933 1855 2069 1908 Nam
2118 1853 2210 1923 qui
2250 1853 2318 1907 ab
2370 1851 2667 1923 ignorantia
2705 1849 2877 1921 legem
2920 1842 3331 1917 quodammodo.

1746 1946 2025 2001 vindicare
2050 1945 2386 2009 videbantur,
2427 1943 2520 1997 sed
2552 1942 2621 1997 ad
2653 1939 2988 2011 legislatoris
3023 1944 3314 1991 contume-

1748 2038 1873 2092 liam
1923 2035 2289 2107 operabantur
2310 2033 2648 2106 iniquitatem
2672 2072 2686 2096 ,
2717 2029 2772 2084 hi
2798 2029 2919 2084 cibo
2958 2027 3114 2097 panis
3142 2026 3317 2095 legem

1749 2129 1843 2184 Dei
1890 2126 2242 2191 devorabam,
2296 2124 2424 2179 dum
2482 2138 2594 2192 prm
2656 2117 2951 2176 saturitatis
2998 2131 3063 2171 ac
3112 2114 3319 2169 ventris

1752 2218 1931 2274 studio
1993 2229 2254 2286 personas
2306 2214 2633 2283 acciperent,
2680 2219 2736 2265 ct
2775 2209 2831 2263 in
2862 2206 3110 2263 docendo
3143 2205 3318 2274 legem

1753 2309 2042 2365 violarent.

1826 2400 1900 2453 De
1928 2396 2129 2453 ludatis
2173 2394 2433 2466 loquitur,
2478 2393 2570 2463 qui
2607 2389 2886 2446 Christum
2926 2403 3115 2443 verum
3147 2384 3319 2440 Deum

1754 2504 1862 2543 non
1888 2488 2231 2548 invocarunt,
2263 2493 2317 2539 et
2347 2483 2646 2536 timuerunt
2670 2481 2864 2535 timore
2889 2489 3320 2548 supervacaneo,

1756 2580 1846 2633 ubi
1878 2593 1987 2632 non
2021 2585 2138 2631 erat
2184 2575 2364 2641 timor,
2399 2571 2616 2643 quando
2646 2570 2711 2625 ad
2749 2569 2981 2624 invicem
3014 2565 3272 2621 dicebant
3308 2579 3323 2618 :

1756 2672 1818 2730 Si
1845 2673 2156 2728 dimittimus
2185 2670 2318 2723 hunc
2346 2667 2625 2731 hominem,
2648 2664 2849 2718 venient
2878 2660 3123 2725 Romani,
3154 2664 3203 2711 et
3229 2653 3327 2709 to!-

1759 2766 1864 2819 lent
1900 2770 2133 2817 nostrum
2172 2761 2342 2814 locum
2392 2766 2439 2811 el
2477 2764 2679 2827 gentem
2699 2753 2765 2807 ³⁷.
2798 2751 3182 2807 Verumtamen
3223 2748 3330 2802 hoc

1759 2853 1981 2909 minime
2008 2850 2301 2914 evenisset,
2345 2847 2389 2902 si
2413 2847 2571 2901 tidem
2604 2846 2656 2899 in
2685 2844 2861 2914 ipsum
2886 2838 3328 2898 custodivissent.

1759 2943 1933 3000 Simili
1979 2956 2195 3012 quoque
2233 2939 2440 2994 ratione
2489 2950 2682 2992 omnes
2729 2934 2982 2988 homines
3022 2929 3114 3000 qui
3160 2927 3330 2981 Deum

82 3031 284 3094 πάντες
316 3029 594 3099 ἄνθρωποι
633 3029 744 3081 ὅσοι
774 3028 865 3080 τὸν
893 3027 1028 3080 Θεὸν
1066 3027 1437 3081 ἐπικαλεῖσθαι
1488 3028 1658 3099 ρᾳθυ-

1768 3036 2016 3091 invocare
2041 3031 2345 3103 negligunt,
2378 3043 2491 3099 prie
2520 3023 2900 3080 incredulitate
2929 3021 2985 3074 in
3021 3020 3191 3073 Deum
3219 3031 3333 3070 non

87 3120 279 3190 μοῦσιν
299 3160 313 3185 ,
346 3119 406 3173 ὃν
439 3120 537 3190 μὲν
571 3119 654 3172 δεῖ
682 3118 845 3188 φόϐον
880 3120 940 3171 οὗ
986 3115 1297 3187 φοϐοῦνται,
1323 3118 1389 3188 τῇ
1419 3118 1499 3180 είς
1523 3114 1655 3170 Θεὸν

84 3213 334 3285 ἀπιστίᾳ.
361 3212 699 3265 εφοϐοῦνταί
737 3210 792 3263 δὲ
838 3210 1015 3280 μάτην
1070 3210 1164 3273 τὰς
1200 3209 1310 3262 τῶν
1352 3207 1656 3278 ἀνθρώπων

85 3305 336 3367 ἀπειλὰς,
370 3305 463 3356 καὶ
508 3303 607 3364 τὰς
632 3302 738 3355 τῶν
779 3300 992 3373 ἐχθρῶν
1022 3299 1361 3363 δυναστείας,
1393 3299 1659 3373 οὐκῇεἰδὸ-

85 3413 177 3460 τες
223 3395 404 3449 ταῦτα
437 3396 601 3465 μηδὲν
625 3394 774 3462 ἡμᾶς
795 3434 809 3457 ,
844 3394 971 3445 ὅταν
1000 3392 1197 3462 ἔχομεν
1226 3390 1327 3460 τὴν
1372 3364 1659 3459 εὐμένειαν

86 3485 181 3539 τοῦ
213 3484 376 3547 Θεοῦ,
413 3481 891 3552 παραϐλάπτοντα.
927 3478 1433 3549 ’Δνορωπαρέσκων
1454 3477 1511 3530 δέ
1533 3477 1662 3549 περὶ

87 3576 296 3629 τούτων
354 3574 542 3640 λέγει’
600 3571 690 3625 ἀεὶ
736 3572 844 3639 γὰρ
888 3571 1003 3632 τοῖς
1047 3566 1355 3640 ἀνθρώποις
1403 3568 1663 3639 ἀρέσκειν

95 3669 245 3737 παρὰ
274 3666 367 3718 τὸν
390 3663 521 3716 Θεὸν
550 3662 848 3734 βούλονται,
879 3655 954 3714 ὧν
985 3662 1013 3714 6
1042 3659 1173 3723 Θεὸς
1192 3661 1260 3712 τὰ
1282 3661 1436 3725 ὀστᾶ,
1463 3658 1663 3731 δηλαδὴ

89 3758 189 3819 τὰς
216 3754 389 3823 φυλὰς
423 3753 788 3824 διεσκόρπισε.
815 3752 1362 3821 Κατησχύνθησαν.
1423 3753 1522 3804 ⁸³ον
1557 3750 1667 3819 γὰρ

91 3847 288 3917 νεκρὸν
324 3844 600 3910 καλοῦσιν,
643 3844 749 3898 ὑπὸ
776 3844 968 3897 τούτου
997 3842 1301 3896 διώκονται.
1333 3840 1415 3895 Τὰ
1440 3842 1497 3896 δὲ
1529 3840 1670 3895 αὐτὰ

93 3937 190 3990 καὶ
224 3938 340 3999 τοῖς
394 3934 650 4004 τυχοῦσιν
696 3932 1183 4005 ἀνθρωπαρὲσκοις
1217 3932 1515 4004 ἐπέρχεται
1547 3946 1563 3962 ⁶
1598 3931 1667 3985 τὰ

95 4028 204 4095 γὰρ
239 4026 378 4079 ὀστᾶ
428 4024 631 4088 αὐτῶν,
663 4027 945 4079 τουτέστιν
1004 4025 1033 4078 6
1068 4023 1298 4088 πλοῦτος
1343 4025 1437 4077 καὶ
1472 4023 1506 4094 ἡ
1545 4022 1672 4089 δόξα

99 4119 205 4173 ὑπὸ
240 4116 377 4171 Θεοῦ
408 4116 778 4186 σκορπίζεται.

168 4212 270 4266 Διὰ
306 4212 360 4263 τί
403 4209 511 4263 ἀπὸ
543 4208 642 4279 τῆς
673 4207 847 4273 Σιὼν,
885 4207 1121 4261 καὶ¹οὖκ
1163 4206 1271 4261 ἀπὸ
1294 4204 1388 4260 τοῦ
1419 4203 1673 4276 οὐρανοῦ,

99 4304 202 4357 οὒκ
250 4299 361 4355 ἀπὸ
405 4297 502 4351 τοῦ
558 4297 710 4361 ναοῦ,
738 4298 835 4351 οὐκ
862 4297 970 4351 ἀπὸ
1004 4297 1105 4367 τῆς
1142 4295 1404 4360 κιϐωτοῦ,
1438 4296 1539 4349 οὐκ
1567 4295 1677 4350 ἀπὸ

101 4396 210 4449 τῶν
243 4392 415 4462 ἁγίων
432 4393 461 4444 6
481 4390 773 4461 Προφήτης
788 4390 849 4443 τὸ
863 4391 1129 4460 σωτήριον
1156 4386 1375 4457 εὔχεται
1398 4404 1416 4456 ;
1457 4387 1673 4455 Ἐπειδὴ
1710 4417 1752 4472 D

106 4488 222 4541 ἐκεῖ
245 4487 377 4557 quiti
393 4482 672 4536 ἁπέδωσεν
696 4483 724 4535 6
749 4481 983 4550 Χριστὸς
1013 4481 1073 4534 τὸ
1099 4480 1325 4551 ἀρχαῖον
1347 4477 1669 4549 ἐμςύσημα.

108 4579 286 4648 Ὅπερ
340 4573 502 4644 δῆλον
537 4571 818 4642 ἐπήγαγεν
846 4587 862 4602 ο
902 4572 1006 4625 Ἕν
1037 4567 1116 4635 τῷ
1159 4567 1517 4636 ἐπιστρέψαι
1559 4566 1679 4620 Κύ-

99 4686 259 4738 ριον.

190 4760 643 4833 ᾘχμαλώτευσεν
677 4756 787 4825 γὰρ
830 4751 990 4824 ἡμῶν
1032 4754 1060 4805 6
1090 4750 1330 4811 Σατανᾶς
1354 4748 1421 4800 δι’
1458 4743 1683 4813 ἀπάτης

110 4853 208 4924 τὴν
239 4853 524 4907 κοινωνίαν
553 4848 648 4904 τοῦ
680 4845 998 4916 Πνεῦματος
1031 4860 1045 4873 ο
1069 4842 1185 4895 ἀλλ’
1214 4843 1242 4894 6
1261 4840 1497 4909 Χριστὸς
1515 4837 1684 4905 αὐτὴν

113 4945 171 4996 ἐν
196 4948 261 5015 τῇ
288 4943 426 4998 Σιὼν
459 4942 704 4996 ἀπέδωκε
734 4937 824 4992 διὰ
844 4936 937 4989 τοῦ
972 4934 1079 4988 τῶν
1110 4930 1419 4985 ἀποστόλων
1441 4927 1688 4996 ἐμφυσήο

123 5053 307 5103 ματος.
350 5036 447 5088 Διὰ
481 5037 535 5087 τί
580 5034 635 5086 δέ
682 5028 877 5084 Ἰακὼϐ
907 5067 921 5088 ,
962 5023 1350 5093 ἁγαλλιάσεται
1396 5019 1683 5088 πρότερον,

121 5123 219 5176 καὶ
242 5128 360 5177 τότε
394 5124 609 5195 Ἰσραὴλ
640 5119 1099 5191 εὐφρανθήσεται,
1133 5112 1248 5172 ἐνὸς
1273 5109 1463 5172 ὅντοςς
1501 5107 1686 5158 Ἰεῖπει·

124 5211 188 5282 δὴ
246 5211 437 5265 Ἰακὼϐ
473 5191 848 5279 -πτερνιστὴς
911 5199 1309 5273 ἑρμηνεύεται,
1359 5192 1575 5264 Ἰσραὴλ
1628 5191 1686 5245 δὲ

122 5302 272 5368 ’νοῦς
299 5301 451 5370 ὁρῶν
482 5303 645 5355 Θεόν.
676 5300 967 5371 Χρῄζομεν
1006 5296 1062 5348 δὲ
1090 5288 1410 5358 πτερνισταὶ
1432 5283 1686 5355 γενέσθαι

128 5395 391 5464 πρότερον
415 5435 430 5457 ,
464 5392 710 5447 τουτέστι
738 5387 981 5442 διαϐόλου
1005 5425 1019 5450 ,
1050 5386 1144 5437 καὶ
1192 5382 1315 5433 τότε
1368 5379 1525 5448 ἡμῶν
1559 5378 1586 5429 6
1614 5374 1693 5426 δι-

128 5485 399 5554 ωρατικὸς
429 5482 553 5545 νοῦς
572 5482 639 5551 τῇ
670 5478 811 5531 κατὰ
826 5476 924 5546 τὴν
950 5475 1180 5541 δύναμιν
1202 5469 1295 5523 τοῦ
1324 5465 1460 5519 Θεοῦ
1489 5463 1693 5534 θεωρία

131 5576 183 5628 εἰ
200 5575 500 5645 ςραίνεται.

205 5695 244 5725 ’τ
275 5693 427 5747 Joau.
458 5708 531 5755 xi,
564 5688 632 5741 48
729 5685 772 5715 ³⁸
797 5682 951 5737 Joan.
978 5693 1064 5742 xx,
1090 5676 1179 5730 τε.

1764 3129 1957 3184 timent
1976 3125 2170 3182 timore
2199 3138 2309 3193 quo
2340 3127 2556 3191 Oportet
2584 3136 2599 3173 :
2638 3118 2695 3172 in
2725 3130 2923 3172 vanum
2951 3120 3133 3167 autem
3161 3108 3335 3164 minus

1763 3221 2043 3276 hominum
2087 3226 2142 3272 et
2185 3215 2529 3271 inimicorum
2596 3206 2867 3280 potentias
2913 3211 3204 3267 metuunt,
3236 3213 3336 3254 ne.

1764 3314 1997 3369 scientes
2027 3312 2130 3367 ista
2157 3308 2293 3364 nihil
2329 3305 2487 3360 nobis
2518 3300 2734 3358 ofﬁcere
2794 3296 3016 3369 quando
3039 3292 3337 3364 propitium

1768 3404 2031 3459 habemus
2060 3402 2253 3455 Deum.
2282 3397 2547 3467 Loquitur
2575 3400 2754 3448 autem
2784 3390 2852 3446 de
2880 3388 2955 3449 iis.
2974 3386 3067 3456 qui
3097 3382 3339 3438 homini-

1766 3493 1871 3547 bus
1902 3492 2118 3561 placere
2159 3489 2412 3552 student,
2443 3485 2709 3554 siquidem
2740 3480 2796 3535 hi
2852 3492 3069 3547 semper
3099 3473 3338 3558 homini-

1769 3585 1872 3639 bus
1904 3550 2025 3652 ’ρεαδ
2072 3581 2184 3635 Deo
2230 3550 2445 3649 placere
2480 3550 2692 3640 volunt;
2727 3584 2960 3642 quorum
3003 3569 3146 3621 Deus
3190 3550 3338 3630 ossa,

1773 3673 1825 3728 id
1853 3681 1936 3727 est
1986 3670 2181 3733 tribus,
2221 3664 2499 3736 dispersit.
2540 3662 2757 3734 Confusi
2806 3666 2950 3714 sunt.
3002 3654 3138 3709 Nam
3178 3668 3341 3722 quem

1773 3770 2046 3818 mortuum
2079 3756 2388 3829 appellant,
2433 3756 2502 3810 ab
2540 3755 2645 3809 hoc
2687 3752 3033 3807 infestantur.
3074 3745 3342 3799 Caeterum

1774 3854 1892 3908 haec
1920 3851 2107 3907 eadem
2146 3862 2360 3919 quoque
2406 3845 2708 3916 quibusvis,
2736 3841 2831 3913 qui
2870 3838 3182 3895 hominibus
3226 3835 3343 3905 pla-

1776 3955 1921 4010 cent,
1978 3943 2238 3999 eveniunt
2277 3960 2289 3996 :
2327 3956 2449 3995 ossa
2501 3939 2643 3993 enim
2681 3951 2894 4001 eorum,
2922 3933 2974 3988 id
3015 3928 3343 3989 estdivitiaa.

1779 4044 1833 4091 et
1861 4034 2029 4109 gloria
2050 4048 2081 4087 a
2105 4032 2218 4086 Deo
2251 4030 2605 4099 dissipantur.

1782 4250 1785 4253 _
1853 4187 1964 4245 Cur
1989 4202 2058 4243 ex
2103 4184 2256 4249 Sion,
2276 4191 2336 4237 et
2375 4195 2484 4236 non
2522 4194 2552 4233 a
2590 4177 2751 4242 coelo,
2784 4189 2896 4230 non
2927 4187 2956 4226 ο
2986 4169 3212 4239 templo,
3238 4180 3349 4220 non

1781 4283 1849 4338 ab
1877 4295 2019 4344 arca,
2067 4292 2177 4332 non
2210 4292 2240 4330 a
2276 4273 2481 4329 sanctis
2517 4271 2780 4342 propheta
2812 4266 3053 4343 salutare
3092 4263 3352 4331 depreca-

1785 4373 1909 4429 tur?
1946 4371 2083 4438 Quia
2121 4368 2379 4423 nimirum
2421 4364 2531 4419 illic
2570 4364 2849 4430 antiquam
2898 4357 3059 4412 nobis
3100 4353 3353 4410 Christus

1781 4434 2190 4534 inspirationem
2215 4456 2460 4513 tradidit.
2480 4453 2634 4520 Quod
2663 4452 2853 4522 utique
2874 4446 3158 4519 subjunxit
3182 4462 3196 4499 :
3222 4442 3354 4499 Cum
3396 4434 3399 4435 '

1782 4553 2088 4611 converterit
2121 4550 2395 4604 Dominus.

1851 4730 2079 4785 Satanas
2120 4724 2378 4778 nimirum
2414 4736 2511 4790 per
2562 4717 2940 4785 deceptionem
2987 4713 3358 4781 captivavcrat

1785 4829 2027 4876 nostram
2053 4815 2289 4885 Spiritus
2308 4810 2811 4881 participationem;
2843 4806 2937 4858 sed
2960 4804 3209 4856 Chr'slus
3238 4815 3357 4853 eam

1786 4912 1841 4965 in
1907 4907 2038 4961 Sion
2093 4903 2348 4963 restituit,
2392 4897 2608 4966 quando
2662 4893 2921 4963 apostclis
2954 4888 3249 4945 insumavit
3288 4888 3358 4944 ³⁸.

1786 5001 1896 5056 Cur
1931 5006 2113 5051 autem
2148 4993 2312 5049 Jacob
2339 4991 2489 5062 prior
2522 4986 2833 5043 exsultabit.
2870 4999 2934 5037 ac
2959 4982 3157 5036 deinde
3197 4979 3358 5033 Israel

1785 5090 2078 5151 laetabitur,
2134 5101 2257 5141 cum
2288 5098 2443 5149 unus,
2481 5079 2731 5147 idemque
2783 5074 2897 5130 sit?
2934 5071 3069 5138 Quia
3103 5069 3359 5131 nimirum

1792 5183 1958 5240 Jacob
1986 5168 2350 5248 supplantatbr
2383 5173 2769 5241 interpretatur
2793 5208 2807 5231 ,
2837 5164 2997 5219 Israel
3040 5177 3170 5217 vero
3217 5175 3360 5214 mens

1800 5274 1987 5328 videns
2018 5270 2209 5324 Deum.
2247 5265 2513 5319 Debemus
2542 5260 2685 5314 enim
2718 5257 2868 5328 prius
2905 5253 3017 5308 fieri
3047 5252 3360 5323 supplanta-

1802 5374 1967 5425 tores,
2016 5357 2219 5414 scilicet
2269 5351 2506 5414 diaboli;
2567 5364 2630 5403 ac
2693 5356 2823 5401 tunc
2869 5343 3154 5415 perspicax
3205 5352 3361 5393 mens

1800 5461 1986 5509 nostra
2043 5463 2140 5522 pro
2181 5443 2386 5502 viribus
2411 5439 2524 5496 suis
2576 5437 2672 5493 Dei
2713 5431 3171 5505 contemplatione
3216 5430 3364 5485 Leta-

1804 5560 1857 5601 lli
1866 5564 1908 5601 ι’.
