3800 6312
104 337 263 404 1217
1240 334 1705 396 FRAGMENTA
1742 332 1823 393 IN
1865 332 2228 396 PSALMOS.
3265 338 3401 404 1218

99 453 638 527 ἐπαρρησιάζοντο.
671 453 817 526 Πλὴν
861 454 956 508 καὶ
1004 453 1163 524 ἡμεῖς
1212 436 1602 522 φυλαξώμεθα,
1638 449 1727 504 καὶ

1849 463 2008 518 reque
2034 458 2195 505 nocte
2223 464 2388 520 super
2417 464 2605 507 muros
2630 458 2866 520 nostros,
2901 468 3099 523 nempe
3150 454 3403 519 virtutes,

24 534 47 553 /
103 548 278 618 μήτε
317 547 541 619 ἡμέρας
572 547 713 618 μήτε
737 546 934 610 νυκτὸς
957 546 1049 598 ἐπὶ
1078 545 1147 598 τὰ
1168 545 1410 617 ἡμέτερα
1438 543 1614 613 τείχη,
1639 540 1730 612 δη·

1848 541 2135 597 habeamus
2166 542 2533 612 iniquitatem,
2552 545 2637 621 vel
2663 546 2887 600 omnino
2915 546 3403 603 contradictionem

100 638 260 710 λαδὴ
311 640 423 703 τὰς
470 640 693 711 ἀρετὰς,
729 638 962 708 ἀνομίαν
993 636 1137 708 ἔχειν
1189 636 1222 707 ἦ
1254 637 1390 699 ὅλως
1422 636 1730 705 ἀντιλογίαν

1848 635 2162 691 Loleremus:
2194 636 2292 691 sed
2325 651 2503 706 neque
2529 652 2751 692 usuram
2797 638 2883 694 vel
2912 636 3097 693 dolum
3125 638 3180 692 in
3211 639 3407 709 plateis

102 732 583 803 καρτερήσωμεν
605 747 617 760 ⁸
645 731 782 784 ἀλλὰ
803 731 939 800 μηδὲ
960 731 1118 784 τόκον
1140 730 1171 801 ἦ
1195 729 1343 782 δόλον
1366 730 1423 781 ὲν
1447 728 1730 792 πλατείαις

1848 726 2034 782 nostris
2063 726 2382 783 habeamus.
2419 726 2620 783 Platea:
2638 728 2786 783 enim
2812 736 2867 784 et
2921 728 3043 783 lata;
3098 729 3200 783 vim
3251 739 3400 795 sunt,

100 823 246 885 ταῖς
286 824 604 894 ἡμετέραις
647 823 883 893 ἔχωμεν,
925 824 1183 875 Πλατεῖαι
1217 820 1325 891 γὰρ
1358 821 1453 873 καὶ
1476 820 1730 874 εὐθυνοῦ-

1854 834 1889 873 ιι
1926 819 2123 888 quibus
2148 818 2342 874 delicta
2369 835 2478 876 non
2502 820 2572 875 ad
2600 820 2792 886 vitam,
2846 820 2944 875 sed
2995 818 3063 874 ad
3119 820 3402 875 interitum

103 930 212 968 σαι
235 915 306 969 αἱ
327 916 466 981 ὁδοὶ,
486 917 545 969 ὲν
566 910 653 979 αἷς
675 915 743 969 τὰ
767 914 1221 985 πλημμελήματα
1246 913 1306 967 οὐ
1329 913 1437 984 μὴν
1458 915 1537 977 είς
1563 911 1728 983 ζωὴν,
1829 906 2057 963 ducunt.

101 1005 240 1059 ἀλλ’
268 1006 364 1071 είς
398 1005 679 1064 ἀπώλειαν
709 1005 952 1072 ἄγουσιν.

189 1098 380 1153 ("Ott
409 1100 459 1154 εἰ
486 1098 678 1170 ἐχθρὸς
708 1097 954 1151 ὠνείδισέ
987 1113 1077 1167 με.
1104 1115 1124 1149 ι
1360 1166 1363 1169 Α

1904 1084 2068 1142 Vens.
2094 1086 2182 1142 l3.
2210 1103 2230 1137 ‹
2276 1084 2545 1153 Quoniam
2587 1076 2651 1145 ἐἰ
2710 1087 2967 1143 inimicus
3020 1089 3404 1159 exprobrasset
3442 1164 3455 1173 ν

1831 1193 1941 1233 me.
1979 1197 1998 1230 ι

1901 1269 1977 1324 Ea
2002 1287 2125 1341 quae
2155 1287 2185 1326 a
2215 1270 2526 1329 manifestis
2551 1270 2786 1328 inimicis
2836 1268 3149 1325 inferuntur
3199 1270 3403 1326 idcirco

1834 1359 2134 1418 tolerabilia
2162 1370 2479 1427 censentur,
2536 1361 2664 1432 quia
2708 1360 2868 1416 facile
2913 1370 2996 1416 est
3025 1364 3127 1418 ista
3163 1378 3400 1419 cavere:

1830 1453 2021 1523 atqui,
2048 1469 2173 1509 cum
2196 1454 2357 1510 amici
2378 1455 2686 1522 videantur,
2734 1453 2953 1509 hostilia
2993 1453 3400 1519 machinantur,

1832 1544 2204 1600 intolerabiles
2227 1546 2542 1602 exsistunt:
2592 1545 2862 1615 siquidem
2903 1544 3065 1599 melle
3126 1559 3400 1600 venenum

187 1270 439 1344 Φορητὰ
462 1269 532 1323 τὰ
552 1268 703 1342 παρὰ
720 1267 828 1323 τῶν
850 1265 1060 1337 ἐχθρῶν
1076 1263 1621 1333 ἀποκεκαλυμμένων
1641 1259 1730 1314 διὰ

101 1364 295 1417 τοῦτο
341 1363 665 1433 νομίζεται,
703 1359 1002 1430 ἐπειδήπερ
1033 1356 1263 1426 ἐὐχερὲς
1291 1354 1465 1407 ταῦτα
1500 1352 1733 1422 φυλάξα-

108 1455 286 1509 σθαι·
317 1457 377 1508 οἱ
399 1455 454 1508 δὲ
485 1454 630 1522 φίλοι
628 1450 963 1531 ,δοκοῦντεῆ
980 1450 1046 1500 τὰ
1065 1448 1175 1499 τῶν
1206 1445 1423 1516 ἐχθρῶν
1444 1442 1732 1513 λογιζόμε-

108 1565 230 1611 νοι,
266 1548 387 1599 οὐκ
421 1547 528 1598 είσὶ
565 1539 828 1614 φορητοί’
868 1538 1045 1609 μέλιτι
1073 1536 1179 1609 γὰρ
1210 1536 1301 1589 τὸν
1344 1534 1421 1589 ίὸν
1462 1533 1732 1603 κεράσαν-

106 1653 214 1700 τες
248 1635 620 1691 λανθάνοντα.
653 1628 1125 1693 κατασκευάζουσι
1152 1629 1409 1683 θάνατον.
1442 1625 1612 1679 Τοῦτο
1638 1624 1730 1679 καὶ

1848 1634 2146 1701 niscentes,
2211 1635 2606 1692 clandestinam
2673 1645 2906 1691 mortem
2973 1635 3255 1691 iul‘emnt.‘
3289 1634 3403 1690 Hoc

110 1728 201 1798 τῷ
240 1727 431 1797 Ἰούδᾳ.
475 1729 502 1779 ὁ
547 1726 780 1794 Χριστὸς
814 1724 902 1777 διὰ
937 1726 1033 1791 τῆς
1067 1719 1349 1791 παρούσης
1395 1715 1730 1789 προφητείας

1848 1727 1995 1782 etiam
2023 1726 2179 1783 Judaa
2198 1727 2452 1784 Christus
2480 1728 2734 1799 praesenti
2759 1729 3014 1784 vaticinia
3031 1728 3400 1798 exprobravit.

110 1810 554 1873 ὼνείδισεν.Ὦν
576 1817 661 1869 ἴνα
682 1815 1013 1887 παραστήσῃ
1035 1808 1475 1880 σαφέστερον,τὰ
1494 1806 1727 1878 ἐχόμενα

1848 1815 1980 1881 lum,
2015 1825 2075 1872 ut
2098 1817 2366 1889 propheta
2392 1792 2594 1874 clarius
2618 1826 2941 1889 exponeret,
2963 1792 3247 1888 sequentia
3269 1818 3401 1874 sub-

112 1914 145 1966 6
176 1910 494 1984 Προιρὴτης
523 1909 824 1978 ἐπήγαγεν·

1852 1905 2003 1961 unxit
2027 1923 2043 1960 :
3160 1897 3163 1901 ’

202 2022 223 2055 t
261 2004 346 2057 Σὺ
378 2001 458 2067 δὲ,
495 2001 753 2072 ἄνθρωπε
790 1998 1036 2069 ίσόψυχε.
1073 2015 1091 2048 ι

1903 1996 2067 2054 Vsus.
2101 1999 2188 2054 η.
2226 2016 2246 2051 ι
2282 1999 2364 2055 Tu
2380 2015 2509 2056 vero
2538 2000 2703 2055 homo
2728 2000 3019 2058 unanimis.
3059 2022 3079 2056 ι

194 2092 496 2163 ’ἰσόψυχε,
534 2090 624 2145 διὰ
652 2090 748 2161 τὴν
785 2090 1042 2158 ἀγάπην,
1078 2088 1145 2157 ἣν
1188 2083 1318 2157 περὶ
1360 2083 1487 2146 τοὺς
1535 2080 1730 2134 ἑαυτοῦ

1904 2088 2200 2156 Unanimis,
2231 2098 2458 2160 propter
2483 2090 2850 2158 dilectionem,
2904 2108 3067 2163 quam
3089 2108 3216 2165 erga
3245 2093 3405 2150 disci-

120 2184 401 2257 μαθητὰς
417 2185 444 2236 6
466 2183 665 2254 Κύριος
690 2180 1056 2240 ἐπεδείκνυτο,
1073 2177 1214 2231 ὥστε
1240 2175 1318 2246 τῷ
1337 2174 1508 2245 Πατρὶ
1531 2172 1728 2240 λέγειν·

1848 2178 1991 2248 pulos
2020 2193 2150 2234 suos
2178 2179 2442 2235 Dominus
2469 2179 2730 2245 ostendit,
2788 2195 2911 2235 cum
2951 2180 3098 2237 Patri
3155 2183 3399 2238 diceret:

118 2276 339 2343 Πάτερ
371 2275 519 2344 ἅγιε,
549 2273 818 2342 τήρησον
843 2269 1065 2336 αὐτοὺς
1094 2269 1162 2320 ἑν
1190 2265 1269 2332 τῷ
1305 2264 1552 2335 ὀνόματι
1591 2279 1729 2329 σου,

1848 2268 1997 2322 Pater
2021 2278 2222 2335 sancte,
2269 2286 2421 2324 serva
2452 2286 2537 2324 eos
2558 2270 2615 2325 in
2644 2272 2853 2327 nomine
2908 2280 3017 2335 tuo,
3043 2289 3169 2343 quos
3215 2273 3403 2327 dedisti

120 2365 245 2432 οὓς
273 2361 554 2429 δέδωκάς
581 2379 684 2431 μοι
705 2379 716 2391 ·
746 2362 847 2416 ἵνα
873 2355 1028 2413 ὦσιν
1055 2356 1148 2423 ἓν,
1179 2354 1375 2421 καθὼς
1404 2354 1504 2409 καί
1537 2354 1729 2424 ἡμεῖς.

1848 2358 1961 2412 mihi
1992 2375 2011 2413 :
2038 2368 2094 2413 ut
2119 2360 2225 2413 sint
2244 2362 2578 2424 unum,sicut
2599 2370 2649 2416 et
2676 2377 2769 2415 nos
2788 2361 2855 2420 ³⁸.
2915 2360 3059 2428 Dux,
3112 2363 3240 2433 quia
3277 2378 3404 2418 cum

138 2456 447 2528 Ἡγεμὼν,
483 2454 671 2524 ἐπειδὴ
723 2452 783 2504 τὸ
829 2449 1219 2520 γλωσσόκομον
1271 2447 1384 2500 τῶν
1436 2444 1730 2517 χρημάτων

1848 2449 1955 2517 ipse
1976 2447 2310 2517 marsupium
2343 2449 2701 2518 pecuniarum
2728 2450 2915 2516 ferret,
2944 2451 3180 2515 tentasse
3209 2452 3291 2506 rei
3326 2452 3406 2507 fa-

130 2545 448 2622 βαστάζων
488 2543 683 2608 αὐτὸς,
731 2543 859 2605 ἴσως
900 2539 995 2611 τὴν
1032 2538 1276 2604 ἐξουσίαν
1302 2538 1400 2607 τῆς
1427 2537 1735 2606 οἰκονομίας

128 2641 445 2707 ἐκέκτητο.
476 2635 741 2699 Γνωστὲ,
771 2634 947 2687 πάντα
973 2631 1081 2703 γὰρ
1112 2630 1185 2693 ὡς
1217 2630 1430 2701 μαθητῇ
1465 2628 1736 2683 ἀπεκάλυ-

130 2732 399 2802 ψενΧῸς
417 2729 513 2782 ἐπὶ
554 2726 620 2781 τὸ
658 2728 804 2780 αὐτὸ
835 2723 1175 2794 ἐγλύκυνάς
1198 2739 1295 2793 μοι
1323 2724 1393 2777 τὰ
1416 2721 1731 2790 ἐδέσματα.

129 2824 335 2884 Μόνος
386 2819 494 2890 γὰρ
545 2817 682 2888 μετὰ
727 2816 820 2870 τοῦ
859 2814 1037 2886 Ἰησοῦ
1087 2815 1380 2868 ένέὸαπτεν
1412 2812 1493 2876 εἰς
1520 2813 1581 2863 τδ
1605 2827 1735 2881 τρυε

132 2915 322 2989 βλίον.
344 2911 442 2965 Ἔν
469 2909 549 2976 τῷ
580 2910 725 2975 οἴκῳ
752 2907 858 2963 τοῦ
892 2907 1040 2962 Θεοῦ
1077 2904 1485 2973 ἐπορεύθημεν
1502 2902 1571 2956 ἐν
1595 2904 1735 2970 ὁμοο

130 3007 306 3076 νοίᾳ.
350 3000 509 3059 Οἶκον
549 3003 684 3058 Θεοῦ
722 3004 821 3071 τὴν
854 2999 991 3054 Σιὼν
1021 2998 1200 3067 λέγει’
1237 2998 1355 3050 ἐκεῖ
1384 2996 1489 3066 γὰρ
1521 2996 1579 3049 ὲν
1603 2997 1737 3065 ὁμο-

1834 2537 2060 2593 miliaris
2086 2537 2322 2594 habebat
2349 2548 2695 2608 potestatem.
2731 2537 2920 2607 Notus,
2985 2542 3112 2612 quia
3149 2550 3404 2612 tauquam

1834 2630 2102 2699 discipulo
2124 2631 2177 2685 ei
2202 2633 2388 2686 omnia
2447 2633 2803 2688 revelaverat.
2850 2633 2951 2698 Qui
2992 2634 3156 2686 simul
3201 2649 3405 2688 mecum

1836 2719 2017 2774 dulces
2047 2719 2292 2789 capiebat
2313 2721 2450 2775 cibos
2472 2721 2536 2775 ³⁸.
2572 2722 2733 2777 Solus
2762 2722 2907 2776 enim
2938 2736 3062 2775 cum
3079 2720 3209 2776 Jesu
3234 2721 3406 2775 intin-

1836 2814 1995 2883 gebat
2021 2829 2241 2868 manum
2275 2815 2328 2868 in
2351 2813 2553 2867 catino.
2588 2811 2656 2866 In
2682 2813 2838 2867 domo
2887 2811 2984 2865 Dei
3025 2806 3417 2865 ambulavimus'

1836 2919 1955 2956 cum
1978 2918 2230 2957 consensu
2246 2902 2311 2956 ⁸⁷.
2341 2902 2571 2955 Domum
2596 2899 2692 2955 Dei
2747 2907 2905 2955 vocat
2947 2896 3169 2952 Sionem
3216 2912 3231 2949 :
3298 2897 3410 2952 illic

1837 2994 1983 3049 enim
2014 3009 2138 3049 cum
2167 3009 2440 3049 consensu
2466 3006 2679 3049 cumam
2706 2989 2928 3044 Pascha:
2957 3003 3082 3045 cum
3125 2987 3410 3058 discipulis

134 3102 271 3170 νοίᾳ
301 3097 369 3151 τὸ
400 3096 611 3148 δεῖπνον
632 3092 726 3145 τοῦ
757 3091 950 3160 Πάσχα
976 3089 1112 3160 μετὰ
1140 3084 1545 3186 τῶνμαθητὶὒν
1558 3084 1730 3186 όΧρι·

1848 3085 2088 3141 Christus
2121 3084 2388 3156 perfecit;
2418 3098 2608 3140 verum
2664 3080 2833 3136 ludas
2862 3094 3034 3145 coena:
3084 3080 3407 3150 mysterium

139 3190 274 3252 στὸς
299 3185 621 3239 ἐπετέλεσεν
642 3199 656 3214 ·
679 3181 739 3234 οὐ
772 3179 877 3251 μὴν
906 3177 1136 3249 ἐφύλαξε
1173 3174 1369 3240 Ἰούδας
1398 3173 1490 3228 τοῦ
1518 3173 1730 3227 δείπνου

135 3286 204 3337 τὸ
243 3281 589 3353 μυστήριονο
620 3274 833 3330 ἐκεῖθεν
879 3272 986 3342 γὰρ
1031 3269 1263 3335 ἐξελθὼν
1306 3269 1405 3338 τὴν
1446 3266 1734 3338 προδοσίαν

137 3371 418 3446 ἔπραξεν.
448 3372 610 3425 Ὥστε
642 3369 816 3421 ταῦτα
861 3364 939 3435 τῷ
987 3363 1219 3433 προδότῃ
1259 3360 1320 3414 τὸ
1363 3360 1586 3430 Πνεῦμα
1637 3356 1731 3411 τοῦ

139 3464 420 3519 Θεοῦ’καὶ
451 3461 556 3529 πρὸ
586 3458 797 3513 πολλῶν
825 3453 1032 3524 γενεῶν
1057 3452 1332 3516 ὀνειδίζων
1358 3449 1676 3520 ἐφθέγγετο.

226 3576 246 3607 ι
274 3553 513 3607 Ἐλθέτω
547 3552 611 3618 δὴ
642 3550 871 3611 Θάνατος
900 3545 986 3599 ἐπ’
1011 3542 1226 3606 αὐτούς.
1261 3561 1277 3592 ι

218 3645 405 3700 Τοῦτο
454 3641 812 3712 πεπλήρωται
860 3637 959 3709 μὲν
1010 3634 1103 3691 ἐπὶ
1154 3632 1232 3705 τῷ
1262 3631 1464 3701 Ἰούδᾳο
1496 3629 1594 3700 τὴν
1626 3629 1734 3699 γὰρ

146 3734 455 3809 προδοσίαν
482 3733 686 3805 ἀγχόνῃ
714 3729 1007 3796 διεδέξατο.
1044 3725 1395 3795 πεπλήρωται
1424 3720 1479 3809 δὲ
1508 3719 1600 3774 καὶ
1643 3719 1735 3809 ἐπὶ

144 3807 265 3883 τῶν
322 3824 502 3881 ἄλλων
552 3821 850 3883 Ἰουδαίων·
882 3817 1121 3887 Χριστὸν
1150 3813 1258 3884 γὰρ
1290 3811 1393 3883 τὴν
1440 3808 1585 3879 ζωὴν
1634 3807 1733 3879 τὴν

145 3911 424 3983 ἀληθινὴν
458 3911 695 3981 ἔχοντες,
731 3906 1111 3976 ἀσεϐήσαντες
1148 3902 1229 3966 είς
1272 3899 1453 3964 αὐτὸν,
1485 3898 1590 3951 ὑπὸ
1636 3897 1734 3966 τὴν

145 4005 286 4075 φοϐε
298 4003 399 4074 ρὰν
430 4001 522 4055 τοῦ
547 4000 781 4055 θανάτου
815 3997 1060 4066 κατάραν
1092 3992 1358 4061 ἐγένοντο.
1387 3988 1655 4060 Παροικία
1676 3986 1737 4041 δὲ

145 4101 176 4152 6
207 4098 328 4168 βίος
350 4096 378 4148 6
403 4093 741 4165 ἀνθρώπινος
762 4089 1003 4158 λέγεται.
1028 4085 1162 4139 Οὐδὲ
1184 4084 1291 4152 γὰρ
1312 4083 1478 4136 οἰκεῖν
1504 4078 1737 4132 ἐνταῦθα

153 4189 329 4260 μέχρι
362 4184 563 4238 πολλοῦ
596 4180 893 4250 δυνάμεθα,
940 4177 1055 4232 ἀλλ’
1076 4175 1150 4239 ὡς
1192 4175 1468 4245 πάροικοι,
1499 4170 1628 4223 ὅταν
1662 4171 1738 4222 οἱ·

147 4279 498 4348 κοδεσπότης
556 4275 834 4347 προστάξῃ
861 4312 876 4337 ,
930 4269 1272 4341 παραχρῆμα
1341 4261 1734 4332 ὲκϐαλλόμεθα.

161 4371 395 4443 Ἐπειδὴ
429 4370 485 4424 δὲ
512 4366 806 4438 παροικίας
839 4366 867 4417 6
893 4362 1186 4433 Προφήτης
1219 4356 1420 4418 πολλὰς
1452 4356 1575 4411 ἀντὶ
1608 4354 1736 4424 μιᾶς

1840 3194 1948 3233 non
1976 3178 2323 3234 observavit:
2355 3175 2482 3231 inde
2548 3174 2698 3231 enim
2745 3188 3001 3244 egressus
3044 3169 3408 3242 proditionem

1837 3268 2141 3324 adornavit.
2205 3266 2333 3322 Haec
2404 3267 2590 3335 itaque
2636 3264 2734 3319 Dei
2788 3263 3025 3333 Spiritus
3082 3272 3213 3318 ante
3285 3262 3411 3333 plu-

1835 3358 2002 3413 rimas
2036 3359 2439 3430 generationes,
2492 3355 2760 3427 proditori
2811 3354 3213 3424 exprobrando,
3272 3342 3410 3408 insi-

1834 3450 2044 3505 nuavit.

1850 3601 1857 3609 .
1906 3539 2068 3594 Vens.
2097 3538 2184 3593 16.
2218 3558 2236 3589 ι
2260 3537 2468 3627 {Veniat
2499 3552 2646 3591 mors
2684 3536 3003 3605 superillos.
3038 3554 3059 3586 ι

1906 3629 2022 3686 Hoc
2040 3625 2267 3700 quidem
2292 3629 2349 3682 in
2375 3628 2515 3684 Juda
2548 3627 2831 3697 impletum
2886 3635 2973 3681 est
3003 3642 3018 3678 :
3046 3625 3413 3697 proditionem

1835 3722 1981 3776 enim
2004 3722 2229 3791 laqueus
2244 3719 2479 3788 excepit.
2507 3715 2655 3783 Quin
2683 3725 2739 3772 et
2788 3716 2847 3771 in
2877 3717 2998 3772 aliis
3041 3715 3248 3773 Iudaeis
3310 3718 3416 3773 im-

1835 3811 2041 3883 pletum
2069 3817 2187 3864 est:
2214 3824 2339 3864 cum
2371 3807 2518 3862 enim
2573 3806 2847 3862 Christum
2890 3806 3057 3862 vitam
3089 3822 3274 3863 veram
3314 3808 3416 3863 ha—

1836 3907 2052 3973 berent,
2095 3920 2222 3976 erga
2268 3904 2447 3974 ipsum
2504 3902 2674 3973 impie
2726 3917 2786 3958 se
2837 3911 3115 3974 gerentes,
3171 3903 3415 3968 terribile

1836 3999 2029 4053 mortis
2064 3997 2416 4052 maledictum
2453 3995 2828 4049 incurrerunt.
2886 3992 3056 4049 Porro
3087 3995 3416 4050 tabernacu-

1836 4090 1950 4144 lum
1978 4090 2213 4144 bumana
2242 4088 2352 4142 vita
2387 4086 2606 4142 dicitur.
2664 4084 2922 4140 Habitare
2954 4087 3101 4140 enim
3141 4084 3231 4140 hic
3256 4086 3418 4157 longo

1838 4192 2084 4252 tempore
2109 4197 2220 4236 non
2242 4181 2484 4235 valemus
2507 4195 2521 4244 ;
2541 4178 2637 4233 sed
2668 4187 2928 4247 tanquam
2961 4178 3177 4245 incola,
3196 4180 3415 4249 quando

1840 4272 2105 4328 Dominus
2171 4272 2369 4328 domus
2414 4270 2754 4340 praeceperit,
2781 4270 2926 4325 illico
2947 4271 3218 4341 ejicimur.
3275 4272 3414 4328 Cum

1840 4375 2021 4419 autem
2051 4364 2324 4434 Propheta
2354 4362 2524 4416 multa
2546 4362 2902 4416 tabernacula
2939 4378 3040 4433 pro
3060 4378 3169 4419 uno
3191 4364 3412 4431 dixerit,

147 4460 296 4525 εἷπε,
339 4459 443 4522 τὰς
475 4455 676 4518 πολλὰς
705 4454 814 4507 τῶν
838 4449 1144 4522 ἀνθρώπων
1173 4445 1315 4500 κατὰ
1356 4446 1448 4498 τὸν
1475 4444 1588 4514 βίον
1618 4443 1730 4496 δια·

1848 4455 2102 4525 plurimas
2124 4452 2409 4509 hominum
2434 4456 2488 4506 in
2517 4453 2623 4507 hac
2653 4453 2767 4507 vita
2785 4452 3126 4508 diﬂ'erentias
3150 4455 3412 4510 insinuat.

147 4553 327 4624 φορὰς
377 4549 695 4604 αἰνίττεται.
732 4546 795 4598 Οί
837 4543 938 4613 μὲν
974 4541 1084 4612 γὰρ
1113 4538 1275 4608 τυχὸν
1311 4535 1567 4606 ἀπορίαν,
1601 4535 1650 4587 οἱ
1681 4533 1738 4586 δὲ

150 4643 456 4713 γεωργίαν,
490 4641 539 4692 οἱ
568 4638 624 4692 δὲ
651 4638 747 4706 τὴν
798 4636 856 4689 ὲν
885 4636 998 4697 τοῖς
1043 4631 1208 4694 θείοις
1235 4627 1576 4697 λειτουργίαν
1613 4643 1742 4697 μετ-

151 4736 437 4804 έρχονται.
457 4727 595 4781 Ἀλλ’
619 4729 675 4779 ὲν
705 4726 841 4777 πᾶσι
869 4721 1084 4782 τούτοις
1117 4719 1165 4771 oi
1187 4720 1293 4771 τῶν
1328 4714 1593 4768 Ἰουδαίων
1613 4714 1742 4766 παῖ-

273 4818 697 4890 ὲπονηρενὸοντοο
726 4815 785 4869 οὐ
821 4813 929 4883 γὰρ
964 4812 1122 4880 μόνον
1150 4811 1178 4862 6
1205 4807 1361 4870 ἄλλος
1391 4807 1583 4875 δῆμος,
1610 4802 1745 4856 ἀλλὰ

155 4915 250 4966 καὶ
288 4913 340 4965 οἱ
372 4912 492 4965 κατ’
526 4907 717 4979 ἐξοχὴν
742 4904 942 4968 αὐτῶν,
977 4903 1086 4956 εἴτε
1108 4900 1384 4971 ἄρχοντες,
1412 4896 1520 4949 εἴτε
1553 4896 1738 4964 ἱερεῖς,

160 5005 259 5071 τὴν
309 5000 575 5071 πονηρίαν
655 4998 826 5070 μέσην
878 4994 1057 5048 αὐτῶν
1112 4991 1299 5059 ὥσπερ
1354 4985 1738 5049 ἀπολαϐόντες,

167 5095 304 5163 μετή
314 5109 522 5161 ρχοντο.

246 5202 265 5234 ι
288 5182 431 5249 Ἐγὼ
463 5182 595 5251 πρὸς
621 5181 711 5235 τδν
745 5178 879 5234 Θεὸν
909 5171 1205 5242 ἐκέκραξα.
1241 5188 1260 5222 ο

174 5304 179 5307 -
252 5275 313 5326 '0
343 5272 576 5342 Χριστὸς
614 5272 707 5325 καὶ
736 5270 908 5324 ταῦτα
955 5266 1135 5332 λέγει’
1177 5262 1312 5329 πρὸς
1352 5260 1461 5330 γὰρ
1492 5262 1584 5314 τὸν
1612 5260 1745 5313 Θεὸν

172 5363 369 5419 ἑαυτοῦ
407 5363 622 5432 Πατέρα
652 5360 935 5427 ὲκέκραξε,
969 5358 1063 5409 καὶ
1112 5356 1140 5407 6
1187 5353 1392 5422 Κύριος
1423 5351 1742 5421 εἱσήκουσεν

172 5454 358 5508 αὐτοῦ.
375 5455 497 5507 Εἴτε
519 5453 577 5505 τὸ
599 5450 821 5518 Πνεῦμα
841 5450 1019 5516 λέγοις
1051 5446 1099 5517 (6
1125 5447 1233 5515 γὰρ
1263 5444 1469 5514 Κύριος
1492 5445 1552 5496 τὺ
1579 5443 1743 5496 live?)-

173 5547 252 5617 μά
287 5546 492 5610 ἐστιν),
526 5542 635 5595 εἴτε
683 5541 775 5596 τὸν
817 5539 1022 5609 Κύριον
1052 5538 1210 5590 αὑτὸν
1247 5532 1442 5591 ἑαυτοῦ
1488 5536 1740 5588 εἰσακού-

261 5771 304 5801 ³⁸
331 5770 485 5826 Joan.
518 5784 650 5836 xvu,
687 5768 769 5822 ll.
846 5766 891 5796 ’⁸
925 5763 1109 5819 Matth.
1141 5779 1280 5827 χχιι,
1312 5764 1400 5817 23.

1837 4546 2117 4616 Siquidem
2143 4545 2253 4608 alii.
2277 4542 2426 4599 verbi
2440 4543 2691 4615 gratia,i'n
2720 4552 3059 4614 paupertate,
3086 4545 3177 4599 alii
3200 4546 3253 4598 in
3275 4546 3420 4618 agri-

1837 4636 2073 4696 cultura.
2092 4634 2184 4688 alii
2216 4634 2272 4688 in
2295 4632 2482 4689 divino
2502 4633 2649 4688 cultu
2673 4642 3018 4688 exercentur.
3043 4631 3243 4689 Verum
3262 4636 3315 4689 in
3335 4635 3421 4690 his

1838 4727 2092 4780 omnibus
2110 4724 2291 4780 Judaei
2321 4724 2576 4793 nequiter
2605 4738 2666 4778 se
2689 4734 2996 4795 gesserunt,
3056 4739 3168 4777 non
3240 4727 3418 4780 solum

1838 4815 1993 4884 plebs
2012 4815 2343 4877 communis,
2368 4813 2463 4866 sed
2484 4813 2648 4865 etiam
2702 4813 3000 4880 primicerii
3021 4828 3234 4879 eorum,
3291 4830 3418 4871 cum

1839 4894 2135 4975 principes,
2175 4912 2288 4956 tum
2316 4902 2631 4955 sacerdotes
2662 4902 2985 4969 nequitiam,
3009 4903 3165 4972 quasi
3197 4904 3253 4959 in
3298 4920 3416 4962 me-

1840 4994 1931 5049 dio
1960 4991 2046 5049 sui
2066 4990 2427 5062 excipientes,
2449 4989 2642 5045 sectati
2679 4999 2827 5047 sunt.

1911 5171 2072 5226 Vens.
2107 5167 2193 5222 l7.
2232 5186 2251 5218 ι
2277 5165 2392 5238 Ego
2414 5167 2480 5223 ad
2501 5166 2672 5223 Deum
2692 5166 2939 5223 clamavi.
2977 5184 2996 5218 ι

1921 5262 2172 5317 Christus
2192 5260 2356 5314 etiam
2383 5260 2501 5315 haec
2529 5259 2663 5314 dicit
2693 5278 2707 5313 :
2749 5259 3016 5328 siquidem
3041 5259 3108 5314 ad
3127 5259 3295 5316 Deum
3318 5261 3412 5317 Pa-

1853 5365 1989 5409 trem
2023 5368 2180 5407 suum
2205 5351 2478 5416 clamavit,
2506 5360 2563 5405 et
2617 5350 2882 5405 Dominus
2930 5352 3203 5407 exaudivit
3268 5369 3414 5409 eum.

1851 5445 1977 5499 Sive
2001 5442 2261 5513 Spiritum
2294 5441 2513 5497 dixeris
2533 5440 2817 5513 (Dominus
2855 5441 3000 5496 enim
3033 5440 3266 5511 Spiritus
3289 5443 3417 5510 est),

1850 5535 1963 5591 sive
2018 5534 2193 5604 ipsum
2254 5531 2542 5586 Dominum
2618 5530 2971 5601 semetipsum
3019 5531 3421 5599 exaudientem,

1482 5763 1521 5793 ³⁷
1562 5763 1721 5821 Marc.
1754 5780 1862 5832 xiv,
1886 5766 1974 5819 “20.
