3800 6312
108 355 235 422 1221

1269 350 1734 414 FRAGMENTA
1774 346 1853 407 ΙΝ
1893 345 2252 405 PSALMOS.

3236 340 3368 405 1222

36 488 39 517 [
107 478 214 550 γὰρ
242 472 320 546 τῷ
357 471 476 543 Θεῷ
501 470 597 534 τὰς
628 469 908 542 ἡμετέρας
948 469 1239 541 φροντίδας
1282 469 1667 542 ἐπιρῤἱιῖιωμεν

1794 460 2188 517 sollicitudines
2227 466 2442 515 nostras
2494 454 2915 527 conjecerimus,
2944 454 3126 523 ipsum
3150 465 3206 510 et
3234 458 3371 513 edu-

36 582 39 609 τ
108 568 268 622 αὐτὸν
297 566 503 637 τροφέα
530 562 625 615 καὶ
652 561 958 634 στηριγμὸν
979 601 994 627 ,
1023 560 1163 615 ὥστε
1198 561 1462 632 μηδαμῶς
1492 559 1685 614 σαλεῦ-

34 670 37 703 t
107 659 284 728 θῆναι,
313 654 644 728 εὑρήσομεν.
679 654 842 706 Δοκεῖ
871 652 929 707 δέ
964 670 1056 724 μοι
1086 652 1182 707 τοῦ
1215 652 1388 706 Ἰούδα
1425 646 1685 723 μνησθεὶς

34 769 38 777 '
101 752 129 804 6
165 748 473 820 Προφήτης,
503 746 820 814 ἀναγκαίως
862 744 958 799 καὶ
1004 744 1095 797 τὸν
1137 743 1347 814 Πέτρον
1375 741 1683 814 ᾑνίξασθαι,

34 886 35 891 η
102 841 187 894 ἴνα
213 839 532 908 σφάλματος
557 836 817 891 ἀκουσίου
843 836 936 888 καὶ
960 834 1408 907 παραπτώματος
1430 835 1682 888 ἑκουσίου

34 956 35 961 η
98 930 358 1002 διαφορὰν
413 927 741 999 ἐνδείξηται.
780 926 895 981 Τὸν
959 929 1068 998 γὰρ
1118 926 1327 998 Πέτρον
1375 926 1539 980 ἕνεκα
1586 925 1680 979 τοῦ

102 1024 417 1093 σφάλματος
447 1021 549 1092 τῆς
587 1020 872 1091 ἀρνήσεως
909 1017 1374 1091 παραθαρρύνων,
1402 1020 1492 1073 καὶ
1541 1034 1680 1090 προ-

96 1114 316 1186 τρέπων
343 1113 425 1175 είς
455 1111 770 1182 μετάνοιαν,
797 1108 1092 1182 ἐπιρρίψαι
1141 1107 1219 1179 τῷ
1249 1108 1369 1179 Θεῴ
1400 1109 1501 1180 τῂν
1539 1108 1680 1180 ὑπὲρ

96 1204 305 1261 τούτων
336 1200 708 1275 προτρέπεται
744 1201 1039 1273 μέριμναν,
1066 1200 1463 1273 διατρέψαιτὸν
1500 1201 1679 1271 μαθηο

95 1297 274 1368 τὴντῇ
295 1297 598 1369 συγγνώμῃ
622 1294 946 1365 δυνάμενον,
964 1296 1059 1349 καὶ⁸
1089 1295 1164 1368 μὴ
1195 1295 1579 1368 συγχωροῦντα
1601 1297 1681 1361 είς

94 1389 187 1442 τὸν
216 1390 393 1442 αίῶνα
423 1388 585 1443 σάλον
610 1387 688 1459 τῷ
710 1386 908 1459 δικαίῳ
936 1386 1194 1455 γενέσθαι
1212 1403 1226 1416 ⁸
1261 1386 1398 1440 ἀλλά
1423 1386 1528 1440 κᾶν
1556 1386 1682 1440 ὑπο-

98 1481 237 1554 μένῃ
266 1481 404 1552 πρὸς
433 1480 647 1549 καιρὸν,
677 1479 880 1543 εὐθέως
908 1476 1099 1531 τοῦτον
1132 1479 1213 1543 είς
1234 1477 1479 1550 γαλήνην
1512 1490 1679 1549 μετα-

94 1571 387 1626 σάλλοντα.

170 1679 189 1713 ι
212 1660 354 1731 Ἐγὼ
383 1662 460 1728 δὲ,
496 1661 690 1731 Κύριε,
716 1659 887 1715 ἐλπιῶ
916 1660 1009 1715 ἐπὶ
1040 1659 1122 1715 σέ.
1155 1679 1174 1715 ι

174 1749 234 1805 '0
264 1749 460 1814 πιστὸς
492 1750 703 1818 λεγέτω
722 1748 882 1805 τοῦτο
900 1767 917 1784 ο
937 1752 971 1822 ἠ
1002 1750 1109 1823 γὰρ
1129 1754 1207 1814 είς
1226 1750 1364 1804 Θεὸν
1391 1751 1547 1815 ἐλπὶς
1568 1750 1691 1806 τῶνι

93 1840 285 1895 κακῶν
309 1840 629 1912 ἐλευθερίαν
662 1841 882 1910 ἀγαθῶν
906 1859 969 1896 τε
999 1843 1221 1897 πάντων
1247 1842 1549 1913 παρουσίαν
1570 1857 1671 1911 χα-

95 1933 328 2007 ρίζεται.

652 2025 796 2081 ΨΑΛ
805 2025 950 2082 MOE
985 2025 1114 2080 NE'.

164 2134 184 2169 ι
213 2117 310 2181 Είς
345 2117 406 2171 τὸ
437 2116 613 2184 τέλος,
641 2116 784 2188 ὑπὲρ
819 2115 915 2169 τοῦ
945 2113 1077 2170 λαοῦ
1099 2113 1194 2169 τοῦ
1222 2113 1334 2169 ἀπὸ
1363 2111 1473 2168 τῶν
1502 2111 1674 2183 ἁγίων

94 2208 591 2279 μεμακρυμμένου,
621 2227 639 2259 ι
672 2225 727 2263 κ.
754 2224 806 2261 τ.
839 2206 890 2260 λ.

160 2302 321 2353 Δοκεῖ
356 2317 471 2361 πως
520 2296 743 2351 ἐναντία
776 2293 915 2350 εἶναι
961 2296 1062 2366 τῆς
1101 2298 1431 2367 προγραφῆς
1465 2295 1534 2349 τὰ
1572 2296 1673 2367 ῥή-

92 2389 626 2461 ματα.Ἑπεδήμησε
664 2388 763 2457 μὲν
804 2388 913 2460 γὰρ
957 2387 987 2440 6
1031 2386 1196 2439 Δαῦὶδ
1240 2389 1306 2457 τῇ
1353 2387 1390 2439 Γ
1394 2387 1473 2449 ἐθ,
1510 2386 1673 2455 ἡνίκα

88 2481 202 2552 ἀπὸ
231 2480 405 2534 Σαοὺλ
435 2478 863 2549 ἐδραπέτευσεν’
895 2479 956 2531 οὐ
987 2477 1095 2548 μὴν
1135 2478 1365 2548 ἐπέσχον
1403 2477 1495 2531 τὸν
1539 2490 1672 2548 προ-

91 2573 276 2642 φήτην
324 2572 373 2624 οί
415 2569 739 2639 ἀλλόφυλοι,
779 2567 917 2622 ἀλλά
966 2569 1060 2621 καὶ
1110 2569 1312 2638 μᾶλλον
1358 2568 1668 2636 ἀπώσαντο,

89 2662 287 2734 ἐπειδὴ
336 2662 667 2731 ἐξεστηκότα
717 2663 811 2713 καὶ
854 2661 1172 2734 παράφορον
1220 2661 1277 2712 ἐν
1321 2661 1442 2724 ταῖς
1482 2658 1673 2732 θύραις

92 2755 471 2827 κιθαρίζοντα,
502 2756 597 2809 καὶ
632 2753 807 2808 σίελον
834 2756 1245 2826 ἀποῤῥίπτοντα
1273 2753 1366 2808 τοῦ
1406 2753 1672 2824 στόματος

92 2846 451 2916 ὑπεκρίνατο,
487 2844 563 2908 ὠς
593 2846 627 2914 ἡ
662 2844 846 2915 βίϐλος
895 2845 1004 2898 τῶν
1050 2844 1354 2898 Βασιλειῶν
1405 2844 1667 2898 δείκνυσι.

90 2936 229 2990 Τινά
276 2936 332 2989 δὲ
380 2936 475 2989 καὶ
522 2935 650 2989 λαὸν
702 2936 1172 3007 μεμακρυμμένον
1199 2936 1308 2989 ἀπὸ
1338 2936 1445 2988 τῶν
1477 2936 1670 3003 ἁγίων,

91 3029 235 3098 ὑπὲρ
256 3021 316 3081 οὗ
346 3026 439 3082 τὸν
461 3026 677 3098 ψαλμὸν
708 3030 736 3081 6
763 3028 927 3081 Δαὸὶδ
956 3027 1183 3098 ἔγραψε,
1213 3028 1504 3099 ζητοῦντες
1532 3027 1670 3081 κατὰ

1785 559 2028 605 catorem
2066 556 2121 602 et
2152 548 2554 601 ﬁrmamentum
2601 558 2723 601 esse
2755 542 3112 611 reperiemus,
3158 556 3229 598 ne
3264 546 3370 601 ulla

1786 641 2480 696 rationecommoveamur.
2520 635 2791 691 Caeterum
2816 638 2940 691 cum
2981 634 3366 705 Prophetalu-

1784 732 1867 787 die
1891 730 2082 787 fecerit
2111 730 2466 796 mentionem,
2516 727 2668 783 visus
2696 736 2781 782 est
2810 726 2942 781 mihi
2966 727 3191 782 Petrum
3226 742 3367 797 quo-

1784 830 1889 893 que
1921 822 2235 878 necessario
2258 820 2673 886 insinuasse,ut
2713 819 2901 891 lapsus
2925 819 3281 875 inroluntarii
3310 828 3365 875 et

1756 914 2006 971 ‘seeleris
2050 913 2343 971 voluntarii
2385 912 2749 968 differentiam
2808 910 3094 967 indicaret.
3141 909 3401 965 Petrum‘

1782 1007 1930 1061 enim
1962 1014 2087 1076 post
2115 1004 2423 1075 negationis
2468 1004 2683 1073 lapsum
2705 1002 2974 1067 excitans,
2996 1010 3051 1056 et
3087 1002 3151 1057 ad
3185 1000 3362 1072 ρατηε-

1786 1096 2008 1151 tentiam
2041 1094 2358 1160 adhortans,
2380 1102 2594 1159 monet,
2630 1102 2691 1163 ut
2721 1092 2776 1146 in
2818 1093 2986 1147 Deum
3017 1092 3211 1147 borum
3264 1104 3362 1145 cu-

1781 1204 1897 1245 ram
1919 1189 2191 1259 conjiciat,
2217 1188 2310 1258 qui
2339 1186 2664 1257 discipulum
2690 1200 2787 1256 per
2816 1184 3209 1256 indulgentiam
3229 1196 3364 1238 enu-

1784 1279 1912 1333 trire
1962 1278 2159 1349 possit,
2222 1286 2411 1331 etnon
2465 1276 2832 1347 permissurus
2852 1275 2943 1339 sit,
2976 1282 3034 1341 ut
3065 1275 3246 1341 iustus
3305 1270 3361 1327 in

1778 1378 1982 1424 eterna
2012 1367 2368 1422 ﬂuctuatione
2391 1373 2674 1431 versetur;
2706 1362 2802 1418 sed
2830 1363 2872 1419 si
2907 1362 2974 1417 ad
3001 1371 3219 1432 tempus
3237 1375 3357 1415 eam

1772 1458 2121 1525 sustinuerit,
2156 1457 2304 1513 illico
2330 1457 2511 1527 ipsum
2547 1457 2878 1510 reducturus
2901 1453 2973 1508 sit
2993 1452 3060 1508 ad
3094 1450 3359 1522 tranquil-

1775 1548 2006 1606 ηωωω.

1853 1677 1874 1711 ι
1908 1661 2020 1730 Ego
2040 1667 2221 1716 autem
2243 1657 2475 1727 sperabo
2529 1655 2584 1710 in
2616 1664 2690 1723 te,
2734 1654 2985 1710 Domine.
3017 1671 3037 1705 ι

1850 1747 2053 1804 Fidelis
2096 1749 2200 1804 hoc
2226 1747 2409 1803 dicat:
2440 1762 2564 1800 nam
2605 1759 2730 1815 spes
2765 1744 2822 1798 in
2871 1743 3041 1799 Deum
3086 1742 3358 1799 malorum

1729 1808 2155 1896 ‘liberationem
2205 1846 2263 1895 et
2341 1838 2611 1893 bonorum
2666 1836 2915 1895 omnium
2984 1833 3199 1906 c0piam
3251 1834 3359 1888 lar-

1775 1925 1942 1997 gitur.

2318 2012 2651 2071 'PSALMUS
2679 2011 2790 2069 LV.

1841 2096 2006 2156 Vens.
2064 2100 2118 2156 ί.
2145 2117 2167 2153 ‹
2230 2092 2507 2166 ln’ﬂnem,
2542 2116 2643 2173 pro
2688 2099 2891 2171 populo
2937 2097 3031 2169 qui
3086 2113 3117 2154 a
3149 2100 3355 2160 sanctis

1772 2188 1931 2260 longe
1948 2188 2122 2244 laetus
2150 2195 2257 2254 est,
2296 2206 2316 2241 ι
2353 2196 2458 2244 etc.

1841 2280 2016 2335 Verba
2046 2280 2189 2335 tituli
2216 2279 2468 2335 videntur
2493 2277 2897 2349 quodammodo
2918 2293 3038 2335 esse
3057 2281 3352 2337 contraria.

1754 2371 2055 2441 ‘Siquidem
2091 2369 2260 2425 David
2285 2370 2537 2440 pervenit
2564 2369 2620 2423 in
2660 2368 2823 2437 Getb,
2860 2369 3079 2439 quando
3130 2370 3353 2427 Saulem

1752 2461 2049 2533 fugiebat;
2074 2474 2186 2516 non
2213 2467 2395 2515 tamen
2418 2459 2744 2529 prophetam
2800 2458 3119 2530 alienigena:
3151 2460 3354 2515 retine-

1756 2542 1924 2615 bant,
1944 2552 2080 2622 quin
2104 2551 2283 2621 potius
2303 2549 2667 2619 expellebant,
2684 2548 2809 2621 quia
2836 2563 2894 2604 se
2914 2558 3185 2605 amentem
3206 2557 3259 2605 et
3277 2551 3355 2605 in-

1728 2652 1737 2661 '
1770 2652 1966 2701 sanum
2000 2643 2289 2699 simulabat
2315 2644 2369 2697 in
2401 2642 2570 2713 portis
2591 2642 2984 2708 citharizando,
3046 2653 3097 2697 et
3129 2642 3351 2699 salivam

1774 2737 1886 2793 oris
1908 2733 2267 2806 projiciendo,
2295 2734 2374 2788 uti
2422 2732 2561 2788 liber
2584 2731 2793 2804 Regum
2815 2732 2861 2764 ιθ
2887 2732 3153 2787 declarat.
3177 2731 3349 2797 Quem

1774 2843 1939 2902 porro
1965 2826 2223 2899 populum
2262 2842 2293 2881 a
2324 2826 2526 2881 sanctis
2557 2825 2867 2897 elongatum
2889 2824 3058 2891 dicat,
3113 2840 3212 2895 pro
3241 2834 3351 2895 qu‘o

1773 2916 1943 2971 David
1974 2917 2243 2987 psalmum
2322 2917 2624 2989 scripserit,
2691 2917 2994 2973 secundum
3061 2916 3348 2971 histeriam

1773 3018 2100 3078 qurerentes,
2124 3023 2235 3064 non
2259 3008 2416 3064 facile
2449 3010 2805 3080 reperiemus.
2864 3007 3230 3076 Quamobrem
3260 3021 3354 3061 ne-

88 3119 190 3188 τὴν
231 3116 472 3189 ἱστορίαν
493 3159 506 3180 ,
541 3119 640 3186 οὐχ
670 3118 1000 3189 εὑρήσομεν.
1032 3117 1238 3171 Οὐκοῦν
1284 3118 1500 3188 ἀνάγκη
1545 3134 1667 3186 νοη-

1783 3116 1924 3157 nesse
1954 3109 2038 3157 est
2064 3101 2183 3156 lucc
2235 3102 2554 3172 spiritaliter
2616 3100 2808 3173 accipi,
2848 3106 3011 3172 prout
3054 3100 3094 3153 ‘a'
3145 3097 3350 3168 Spiritu

86 3210 196 3273 τῶς
213 3209 407 3274 ταῦτα,
433 3211 623 3279 ὥσπερ
650 3209 811 3281 δὴτῴ
836 3209 1115 3280 Πνεύματι
1136 3209 1467 3279 γέγραπται,
1493 3226 1673 3280 παρα-

85 3302 365 3373 δέχεσθαι.
384 3301 556 3372 ’Υπὲρ
586 3302 694 3372 γὰρ
714 3299 808 3353 τοῦ
841 3300 971 3354 λαοῦ
1001 3300 1109 3353 τῶν
1140 3299 1311 3355 ἐθνῶν
1339 3300 1430 3354 τὸν
1454 3299 1668 3371 ψαλμὸν

85 3396 116 3448 6
150 3396 447 3465 Προφήτης
480 3392 818 3464 συνέγραψεν
838 3434 852 3457 ,
882 3394 1029 3455 ὅστις
1061 3394 1529 3464 μεμακρυμμένος
1562 3394 1669 3447 ἀπὸ

84 3483 197 3537 τῶν
227 3484 399 3551 ἁγίων
427 3481 757 3552 ἐτύγχανεν·
793 3481 1048 3550 οὐδεμιᾶς
1077 3482 1186 3551 γὰρ
1217 3481 1502 3543 κοινωνίας
1532 3482 1669 3554 πρὸς

86 3574 442 3646 πατριάρχας
493 3574 526 3645 ἢ
580 3574 868 3644 προφήτας
918 3572 1235 3643 ἐκέκτηντο.
1255 3572 1393 3626 Ἀλλ’
1416 3575 1566 3645 ὅμως
1618 3576 1668 3628 οί

89 3666 316 3737 μακρὰν
357 3664 548 3733 ἐγγὺς,
584 3661 731 3716 καθά
772 3679 938 3733 φησιν
980 3664 1009 3716 6
1050 3661 1283 3727 Παῦλος,
1314 3665 1547 3732 ἐγένετο,
1579 3665 1667 3718 ὅτε

83 3758 180 3811 τὸν
206 3756 327 3810 νέον
353 3756 516 3809 Δαϐὶδ
547 3754 859 3827 ἐκράτησαν
888 3758 937 3809 οἰ
965 3755 1251 3827 ἀλλόφυλοι
1277 3757 1336 3810 ἐν
1363 3755 1487 3823 Γὲθ,
1505 3772 1668 3810 τουτ-

81 3850 239 3904 έστιν
266 3851 325 3903 ἐν
349 3852 416 3920 τῇ
446 3848 593 3921 ληνῷ
626 3848 835 3919 (ληνός
881 3852 987 3921 γάρ
1022 3851 1056 3921 ἡ
1082 3851 1120 3902 Γ
1123 3849 1183 3903 eo
1238 3851 1620 3925 ἑρμηνεύεται)
1649 3870 1662 3884 ·

81 3939 249 4011 ληνὸς
279 3938 336 3993 δὲ
370 3939 466 3994 καὶ
498 3941 532 4012 ὴ
568 3938 887 4011 Ἐκκλησία,
914 3939 1003 3993 διὰ
1025 3940 1115 3994 τὸν
1136 3941 1292 4006 Θεὸν,
1323 3942 1416 3995 τὸν
1446 3943 1504 3995 ἐν
1525 3943 1663 4016 αὐτῇ

80 4029 490 4100 ληνοᾶατοῦντα
541 4030 602 4084 τὸ
662 4032 998 4102 μυστήριον,
1029 4032 1271 4101 λέγεται,
1307 4034 1383 4098 ὡς
1431 4035 1519 4088 διὰ
1564 4036 1666 4107 τῆς

94 4121 325 4178 Ἡσαΐου
360 4120 721 4193 προφητείας,
758 4123 962 4190 Ληνὸν
986 4123 1263 4192 ἑπάτησα
1284 4128 1492 4195 μόνος,
1535 4125 1665 4196 βοή·-

81 4234 185 4279 σας
212 4213 532 4283 εὑρίσκεται
552 4225 570 4245 °‘
599 4213 741 4268 ὥστε
786 4213 922 4287 πρὸς
963 4216 1125 4269 αὐτὸν
1154 4217 1252 4281 τὰς
1283 4216 1393 4269 τῶν
1423 4217 1665 4288 οὐρανῶν

74 4304 347 4375 δυνάμεις
378 4302 447 4357 τὰ
474 4304 572 4373 τῆς
597 4305 769 4376 αὐτῆς
796 4307 1135 4377 προφητείας
1158 4307 1613 4377 ἀντιφθέγγεσθαι
1647 4322 1662 4338 ⁶

71 4398 177 4453 Διὰ
212 4398 273 4452 τί
315 4412 433 4452 σου
470 4396 690 4467 ἐρυθρὰ
729 4398 802 4452 τὰ
840 4398 1073 4467 ἱμάτια,
1111 4398 1209 4454 καὶ
1244 4376 1319 4454 τὰ
1362 4400 1665 4469 ἐνδύματὰ
1767 4376 1881 4434 ’³⁸⁸³

72 4506 216 4553 σου,
247 4488 335 4553 ὡς
363 4488 481 4543 ἀπὸ
510 4488 779 4556 πατητοῦ
817 4488 1010 4557 ληνοῦ
1048 4490 1288 4570 πλήρης
1318 4506 1660 4545 καταπεπα-
1695 4470 1740 4528 θ

72 4579 344 4648 τημένου
362 4594 381 4642 ;

154 4684 174 4717 ι
197 4667 457 4737 Ἐλέησόν
487 4685 575 4738 με,
605 4670 633 4723 6
661 4668 813 4735 Θεὸς,
854 4670 936 4722 ὅτι
966 4669 1314 4742 κατεπάτησέ
1354 4688 1444 4740 με.
1479 4691 1498 4724 ι

142 4834 421 4899 Πολλάκις
467 4837 524 4890 δὲ
572 4839 668 4891 καὶ
717 4840 746 4893 6
795 4841 955 4911 ἡμῶν
982 4842 1267 4914 ἄνθρωπος
1296 4844 1390 4924 τὸν
1420 4844 1657 4914 χαλεπὸν

68 4930 262 4983 τοῦτον
294 4930 588 4999 ὑφίσταται
611 4931 866 5003 πόλεμον,
884 4932 1012 5005 ὃλην
1033 4934 1131 5005 τὴν
1150 4936 1365 5006 ἡμέραν
1390 4936 1539 5008 παρὰ
1559 4934 1655 4990 τοῐι⁹

71 5023 295 5075 Σατανᾶ
324 5022 735 5093 πολεμούμενος
757 5065 773 5087 ,
803 5026 899 5078 καί⁵
929 5026 1060 5097 παρ’
1083 5025 1248 5080 αὑτοῦ
1293 5027 1653 5099 πατούμενος.

75 5110 141 5162 Εἰ
171 5111 284 5179 γὰρ
314 5111 409 5166 καὶ
435 5114 722 5184 ἀνθρώπου
752 5116 780 5168 6
812 5115 1027 5186 ψαλμὸς
1067 5116 1494 5187 ἐμνημόνευσεν,
1531 5119 1659 5174 ἀλλ’

73 5201 231 5269 ὅμιις
255 5198 348 5251 τὸν
380 5201 631 5256 Σατανᾶν
674 5202 838 5258 αὑτὸν
858 5243 873 5266 ,
903 5201 1076 5267 οὕτως
1120 5205 1178 5256 ὲν
1211 5206 1275 5274 τῇ
1309 5204 1427 5277 θείᾳ
1457 5207 1651 5278 Γραφῇ

74 5286 342 5351 πολλάκις
360 5287 776 5359 ὀνομαζόμενον,
807 5293 841 5364 ἦ
868 5308 991 5346 τινα
1018 5293 1125 5346 τῶν
1149 5294 1341 5365 ἐκείνῳ
1367 5312 1658 5366 στρατευο⁴

75 5382 262 5455 μένων
311 5379 630 5436 αἰνίττεται.
662 5384 823 5453 Πλὴν.
868 5386 963 5438 καὶ
1011 5385 1103 5439 τὸν
1150 5386 1276 5441 λαὸν
1322 5387 1431 5441 τῶν
1481 5388 1653 5443 ἐθνῶν

70 5472 252 5528 ταῦτα
279 5469 608 5541 ὑποψάλλειν
639 5472 918 5543 ἁρμόδιον,
952 5477 1130 5548 χρόνῳ
1174 5478 1356 5548 πολλῷ
1401 5479 1506 5532 ὑπὸ
1554 5479 1650 5533 τοῦ

68 5562 294 5620 Σατανᾶ
315 5560 683 5631 ἀπατηθέντα,
709 5565 801 5616 καὶ
830 5564 920 5617 τὸν
950 5568 1078 5636 παρ’
1108 5565 1275 5621 αὐτοῦ
1307 5567 1540 5638 πόλεμον
1564 5568 1653 5624 διὰ

145 5744 192 5779 ⁸⁸
224 5741 405 5815 “leg.
433 5762 544 5812 ut,
575 5748 657 5814 l3,
729 5746 770 5779 ’δ’
806 5746 1004 5815 Ενιιεε.
1034 5762 1092 5811 u,
1121 5746 1205 5801 15.
1277 5703 1331 5781 ’⁸⁸
1358 5750 1462 5805 lsa.
1491 5768 1565 5821 vr,
1592 5753 1642 5807 5.

1777 3200 1967 3249 sancto
2004 3193 2205 3263 scripta
2235 3202 2385 3249 sunt.
2414 3194 2549 3249 Nam
2570 3195 2838 3264 psalmum
2882 3192 3041 3248 hunc
3070 3189 3349 3262 ’Prépheta

1761 3282 2220 3353 _conscripsitpro
2277 3283 2477 3355 p'opulo
2515 3298 2546 3337 e
2592 3283 2866 3354 gentibus,
2920 3282 3013 3355 q'ui
3057 3295 3093 3338 θ.
3144 3279 3352 3340 sanctis

1776 3369 1935 3438 longe
1956 3368 2130 3425 factus
2161 3369 2303 3424 fuit:
2338 3369 2542 3424 nullam
2572 3370 2718 3423 enim
2768 3382 2891 3424 cum
2919 3371 3243 3440 patriarchis
3296 3381 3352 3427 ει

1774 3460 2061 3530 prOphetis
2119 3458 2392 3515 habebant
2434 3459 3007 3515 communicationem.
3060 3460 3350 3517 Verumta—

1773 3551 2013 3621 menqui
2041 3558 2197 3605 erant
2247 3551 2404 3621 longe
2438 3549 2504 3615 “,
2534 3559 2594 3604 ut
2636 3550 2835 3605 Paulus
2882 3550 2977 3615 ait,
3033 3549 3162 3606 laeti
3220 3560 3351 3608 sunt

1771 3657 1962 3714 prope,
1992 3642 2209 3712 quando
2237 3653 2440 3696 novum
2463 3640 2720 3696 Davidem
2751 3650 3015 3711 ceperunt
3032 3642 3350 3714 alienigena;

1771 3732 1829 3788 in
1862 3731 2026 3798 Geth,
2059 3732 2163 3787 boc
2196 3741 2281 3787 est
2304 3731 2361 3785 in
2414 3733 2673 3787 torculari
2751 3730 2908 3804 (Gctli
2939 3732 3083 3788 enim
3117 3735 3351 3790 torcular

1772 3822 2211 3895 interpretatur).
2235 3822 2503 3879 Caeterum
2528 3823 2763 3878 torcular
2780 3824 2939 3879 etiam
2971 3822 3210 3881 Ecclesia
3261 3826 3348 3880 di-

1770 3916 1914 3971 citur
1936 3921 2156 3985 propter
2186 3914 2390 3981 Deum,
2431 3914 2525 3985 qui
2548 3915 2604 3969 in
2646 3929 2711 3970 ea
2747 3930 2850 3971 ceu
2878 3915 3129 3971 torculari
3163 3931 3347 3972 sacra-

1770 4010 2015 4058 mentum
2047 4002 2349 4074 expressit;
2375 4004 2516 4059 sieut
2549 4019 2646 4075 per
2668 4005 2799 4061 illud
2826 4004 2976 4061 lsaia‘.
2996 4002 3342 4062 vaticinium:

1770 4091 2023 4147 Torcular
2052 4092 2251 4148 calcavi
2277 4092 2443 4160 soleas,
2479 4094 2818 4150 exclamasse
2855 4095 3163 4165 reperitur;
3186 4096 3259 4150 ita
3282 4103 3346 4151 ut

1756 4184 2030 4255 ‘adipsum
2059 4184 2309 4241 caelestes
2333 4178 2574 4240 Virtutes
2593 4186 2746 4256 quasi
2779 4186 3170 4258 interrogando
3192 4186 3343 4242 dlce-

1766 4286 1891 4332 rent
1927 4293 1941 4330 :
1969 4275 2148 4342 Quare
2161 4276 2323 4332 rubra
2342 4286 2463 4331 sunt
2484 4277 2790 4333 vestimenta
2817 4285 2932 4344 tua,
2960 4285 3009 4332 et
3031 4278 3341 4332 indumenta

1943 4369 2077 4422 sicut
2108 4384 2141 4422 a
2203 4368 2410 4423 calcato
2441 4366 2697 4422 torculari
2741 4368 2894 4435 pleno
2939 4367 3244 4422 conculcata
3268 4367 3341 4421 ιη

1836 4672 1999 4729 Vens.
2040 4675 2097 4729 2.
2134 4694 2153 4726 ι
2200 4674 2459 4732 Miserere
2484 4677 2616 4746 mei,
2639 4675 2804 4747 Deus,
2832 4682 3089 4751 quoniam
3111 4684 3338 4739 concul-

1762 4765 1904 4820 eavit
1934 4780 2040 4818 me.
2080 4783 2099 4814 ι

1834 4855 2226 4925 Saepenumero
2249 4856 2412 4910 etiam
2444 4867 2631 4912 noster
2661 4854 2824 4913 homo
2852 4859 3068 4915 ditlicile
3092 4860 3197 4916 hoc
3216 4861 3333 4917 bel-

1754 4944 1873 5002 lum
1898 4946 2152 5010 sustinet,
2181 4961 2211 5000 a
2239 4946 2440 5002 Satana
2465 4956 2578 5003 toto
2594 4948 2681 5003 die
2710 4959 3075 5020 oppugnatus,
3097 4960 3150 5007 et
3178 4954 3247 5008 ab
3267 4968 3333 5009 eo

1757 5035 2129 5092 conculcatus.
2171 5033 2280 5091 Etsi
2316 5036 2461 5092 enim
2490 5036 2577 5092 hic
2604 5037 2844 5107 psalmus
2871 5038 3108 5093 hominis
3132 5040 3331 5094 memi-

1759 5123 1930 5188 nerit,
1973 5121 2134 5177 simul
2166 5132 2349 5180 tamen
2386 5125 2564 5195 ipsum
2592 5124 2869 5191 Satanam,
2909 5125 3000 5196 qui
3032 5124 3089 5179 in
3147 5126 3329 5184 divina

1759 5214 2041 5285 Scriptura
2104 5204 2418 5287 frequenter
2460 5218 2565 5273 hoc
2592 5218 2811 5273 nomine
2856 5217 3179 5289 appellatur,
3232 5228 3327 5275 aut

1758 5306 1955 5363 ducem
1993 5307 2229 5378 aliquem
2259 5309 2360 5379 ipsi
2411 5311 2824 5366 subordinatum
2877 5309 3136 5367 insinuat.
3183 5311 3325 5378 Quin

1758 5396 1869 5453 lmo
1901 5408 2336 5455 consentaneum
2367 5401 2458 5465 sit,
2494 5401 2610 5457 haec
2640 5402 2898 5473 populum
2929 5418 3144 5473 quoque
3192 5419 3326 5474 gen-

1757 5487 1892 5543 tium
1924 5493 2237 5558 succinere;
2261 5500 2446 5561 utpote
2477 5493 2637 5566 longo
2667 5498 2913 5564 tempore
2942 5509 2970 5546 a
3009 5492 3207 5549 Satana
3227 5495 3324 5551 de-

1759 5589 2000 5651 ceptum,
2021 5582 2376 5652 ejusdemque
2396 5583 2595 5641 bellum
2651 5600 2747 5655 per
2768 5580 3071 5641 (la-monum
3100 5586 3323 5642 insidias
