3800 6312
72 344 202 406 19.25

1196 336 1660 398 FRAGMENTA
1696 337 1777 396 IN
1816 336 2177 399 PSALMOS.

3172 348 3305 414 15:26

53 481 206 535 γετο’
238 464 424 527 Αὐτός
449 475 567 515 σου
593 461 839 530 τηρήσει
867 459 1165 527 κεφαλὴν,
1191 456 1290 510 καὶ
1327 457 1408 511 σὺ
1438 457 1618 524 τηρή-

1752 455 2108 510 alcaneum“.
2153 453 2262 510 Nos
2308 465 2491 513 autem
2523 459 2643 529 ejus
2668 473 2866 530 caput,
2903 477 3098 534 nempe
3130 466 3305 520 idolo-

50 573 179 619 σεις
207 552 391 608 αὑτοῦ
420 550 702 620 πτέρναν.
720 552 914 618 Ἡμεῖς
939 550 997 602 δὲ.
1024 547 1193 602 αὐτοῦ
1227 547 1325 617 τὴν
1360 547 1624 618 κεφαλὴν,

53 645 250 717 δηλαδὴ
296 643 394 712 τὴν
436 640 879 711 εἰδωλολατρίαν,
906 642 1096 711 τηρεῖν
1129 640 1236 710 πρὸ
1265 641 1487 694 πάντων
1537 655 1628 692 κερ

51 735 338 807 λευόμεθα,
370 733 743 802 φυλάττεσθαι
778 732 836 787 δὲ
862 733 1012 803 ὅμως
1039 732 1131 784 καὶ
1158 731 1225 784 τὰ
1254 731 1415 784 λοιπᾶ
1447 731 1627 800 ἀμαρ-

50 832 115 899 τή
126 844 287 899 ματα,
314 825 418 879 κᾶν
443 824 650 894 ἐσχατα
673 824 941 894 τυγχάνῃ,
968 821 1069 876 κᾶν
1094 821 1285 891 εὐτελῆ
1310 814 1451 873 εἶναι
1473 820 1625 890 δοκῇ,

50 916 188 973 ὥστε
248 920 492 988 πτέρναν
544 915 900 987 νομίζεσθαι·
961 914 1262 985 ἐπειδήπερ
1318 913 1634 983 παρατηρεῖ

50 1013 219 1065 ταῦτα
245 1010 273 1062 ὁ
303 1008 522 1079 ἐχθρὸς,
562 1007 869 1060 διαϐάλλειν
904 1007 1052 1077 ἡμᾶς
1082 1004 1158 1073 τῷ
1193 1005 1373 1077 κριτῇ,
1415 1002 1512 1056 καὶ
1542 1000 1631 1054 διὰ

54 1104 160 1155 τῶν
182 1099 456 1170 τυχόντων
486 1098 832 1169 βουλόμενος.
863 1096 1073 1150 Οὐκοῦν
1106 1097 1324 1166 οὐιπερὶ
1353 1099 1463 1147 τῶν
1500 1093 1631 1147 ’1ου-

53 1195 216 1248 δαίων
249 1192 453 1263 μόνων,
485 1191 621 1244 ἀλλὰ
649 1191 745 1243 καὶ
779 1188 908 1260 περὶ
932 1188 1041 1241 τῶν
1066 1187 1237 1252 ὅντως
1278 1185 1488 1258 ἐχθρῶν
1521 1185 1628 1240 τῶν

53 1281 316 1351 δαιμόνων
366 1278 560 1333 τοῦτον
604 1279 868 1349 ἁρμόττει
920 1277 1012 1329 τὸν
1065 1276 1255 1346 στίχον·
1295 1275 1631 1346 ἐκλαμϐάνε-

56 1375 177 1426 οθαι
199 1389 214 1404 ο
250 1373 371 1426 καθ’
390 1372 455 1424 ὃν
481 1370 740 1443 ἁρμόττει
772 1371 864 1423 καὶ
894 1369 961 1422 τὰ
989 1368 1115 1438 ἑξῆς
1144 1368 1521 1440 ἐπιφέρεσθαι.

135 1465 328 1518 «Ἔθου
363 1464 436 1517 τὰ
468 1463 680 1535 δάκρυά
714 1479 816 1534 μου
847 1460 1077 1515 ἐνώπιόν
1104 1477 1219 1514 σου.
1249 1479 1268 1511 ι

125 1642 402 1710 Μακάριοι
441 1635 516 1695 ὧν
544 1644 573 1696 ό
607 1640 741 1702 Θεὸς
793 1639 863 1693 τὰ
907 1638 1120 1709 δάκρυα
1164 1637 1407 1708 δέχεται·
1446 1654 1627 1707 παρα-

1731 542 1964 607 latriam,
1999 544 2295 599 observare
2326 555 2454 601 ante
2479 548 2661 605 omnia
2684 549 2974 619 jabemur;
3031 555 3190 609 sinml
3222 567 3304 611 ta-
3400 548 3401 551 “

1729 649 1852 688 men
1885 635 2047 689 etiam
2077 651 2272 692 cavere
2299 638 2506 708 reliqua
2531 650 2773 709 peccata,
2801 648 3151 713 quantumvis
3198 649 3304 703 mi-

1729 725 1874 781 nima
1922 729 2207 793 exsistant,
2237 733 2588 798 quantumvis
2620 733 2758 789 levia
2790 736 3097 805 videantur,
3134 742 3205 797 ita
3250 756 3307 800 ut

1730 818 2045 887 calcanenm
2099 829 2455 891 reputentur;
2487 827 2925 897 quandoquidem
2973 832 3145 888 hostis
3194 835 3306 891 haec

1730 909 2018 974 observet,
2047 912 2237 968 volens
2264 913 2334 969 ob
2358 929 2693 986 quacunque
2726 918 2890 974 etiam
2921 937 3022 977 nos
3052 926 3194 993 apud
3214 927 3306 996 ju-

1729 1001 1906 1057 dicem
1942 1004 2249 1062 traducere.
2287 1004 2473 1077 itaque
2516 1023 2627 1063 non
2673 1009 2726 1064 in
2769 1010 2986 1068 Judaaos
3015 1016 3178 1083 solos,
3212 1020 3306 1073 sed

1732 1092 1785 1148 in
1833 1095 2086 1152 inimicos
2109 1112 2318 1153 .revera
2349 1099 2625 1155 dazmones
2653 1103 2956 1161 versiculus
2996 1108 3158 1164 etiam
3190 1110 3307 1164 iste

1729 1186 2001 1254 quadrare
2032 1190 2307 1257 putandus
2346 1200 2463 1257 est;
2522 1193 2609 1247 cui
2669 1208 2970 1251 consonum
3025 1202 3307 1269 sequentia

1730 1287 1948 1342 quoque
1977 1275 2257 1348 subiungi.

1799 1450 1960 1508 Vens.
1995 1454 2048 1509 9.
2097 1475 2115 1507 ι
2152 1454 2387 1514 Posuisti
2430 1460 2696 1532 lacrymas
2742 1481 2890 1521 meas
2923 1467 2977 1522 in
3012 1438 3341 1549 conspecti}.

1729 1547 1843 1594 tuo.
1873 1560 1892 1594 ι

1802 1633 1951 1689 Beati
2002 1653 2234 1706 quorum
2270 1640 2537 1714 lacrymas
2565 1645 2708 1702 Deus
2747 1650 2984 1707 admittit
3015 1671 3028 1705 :
3059 1656 3310 1711 consola-

57 1733 211 1786 καλεῖ
237 1732 345 1803 γὰρ
373 1732 556 1785 αὐτῶν
585 1732 656 1784 τὰ
690 1730 861 1803 πάθη,
892 1729 1146 1799 καθάπερ
1173 1729 1263 1782 διὰ
1286 1729 1383 1798 τῆς
1419 1728 1624 1819 οἰκείας

1751 1742 1822 1779 .ur
1848 1729 1994 1784 enim
2021 1747 2210 1787 eorum
2243 1736 2545 1806 passiones,
2571 1745 3029 1810 quemadmodum
3063 1762 3161 1816 per
3182 1765 3311 1819 pro—

58 1796 393 1891 ἐπαγγελίας
421 1823 709 1893 ὑπέσχετο.
746 1796 843 1885 Τίς
885 1821 941 1873 δὲ
992 1822 1025 1892 ἠ
1059 1796 1394 1889 array-reue;
1429 1816 1624 1872 Μακά-

1751 1816 1909 1884 ρτὶιιηι
1939 1796 2360 1888 promissionem
2381 1796 2655 1896 pollicitus
2682 1831 2802 1887 fuit.
2831 1833 2963 1899 Quae
2988 1796 3170 1893 aufem
3182 1796 3311 1895 lhaec

50 1931 169 1982 ριοι
198 1916 255 1968 οἱ
280 1913 670 1978 πενθοῦντες,
722 1912 810 1966 ὅτι
839 1911 1013 1965 αὐτοὶ
1039 1908 1630 1978 παρακληθήσονται.

626 2073 922 2129 ΨΔΛΜΟΣ
950 2071 1065 2126 ΞΔθ.

136 2186 154 2219 ι
183 2167 514 2239 Εὐλογήσεις
543 2166 633 2220 τὸν
662 2166 927 2236 στέφανον
953 2162 1050 2217 τοῦ
1089 2160 1358 2217 ἐνιαυτοῦ.
1391 2179 1408 2213 ι

131 2260 331 2314 Ἱστέον
360 2260 438 2326 δὲ,
475 2259 549 2322 ὥς
577 2274 721 2321 τινες
750 2257 858 2312 τῶν
889 2253 1252 2326 συγγραφέων
1286 2252 1427 2323 μετὰ
1454 2253 1549 2324 τῂν
1576 2252 1639 2304 ἐκ

62 2352 383 2416 Βαϐυλῶνος
432 2350 691 2404 ἐπάνοδον
742 2348 1032 2420 εὐετηρίαν
1074 2347 1284 2414 ἔφασαν
1333 2344 1636 2415 γεγονέναι,

61 2446 154 2497 καὶ
183 2445 389 2513 πλῆθος
412 2443 658 2514 ὄμϐρων,
687 2442 784 2495 καὶ
813 2443 980 2497 πολὺν
1004 2440 1196 2512 ῥεῦσαι
1217 2440 1312 2492 τὸν
1346 2438 1637 2509 Ἰορδάνην,

59 2537 117 2589 ὃν
146 2537 359 2603 ἔφασαν
386 2536 641 2606 εἰρῆσθαι
667 2533 762 2587 τοῦ
791 2532 924 2587 Θεοῦ
955 2530 1200 2601 ποταμόν
1219 2547 1233 2562 ο
1271 2530 1447 2583 καίτοι
1478 2545 1638 2597 γεγο-

62 2628 233 2680 νότων
271 2628 330 2680 ἐν
374 2626 604 2696 πλείστῃ
647 2611 830 2695 πενίᾳ,
858 2622 1113 2693 καθάπερ
1138 2620 1368 2692 Ἔσδρας
1411 2618 1638 2683 ἐδίδαξε,

62 2719 158 2770 καὶ
195 2718 296 2788 τῆς
329 2717 438 2771 τῶν
469 2715 640 2770 ἐθνῶν
672 2714 918 2784 κλήσεως
947 2710 1285 2782 ἀπαιτούσης
1307 2752 1322 2776 ,
1370 2708 1643 2764 ἀκόλουθα

61 2810 130 2862 τὰ
161 2809 330 2861 λοιπὰ
364 2808 457 2861 τοῦ
487 2805 727 2878 ψαλμοῦ.
759 2807 823 2859 Οί
858 2804 914 2858 δὲ
947 2803 1189 2874 μυθικῶς
1221 2819 1383 2871 φασιν
1419 2800 1641 2855 ἔσεσθαι

60 2902 239 2957 ταῦτα
274 2902 414 2971 μετὰ
448 2902 546 2971 τὴν
582 2898 852 2953 Ἰουδαίων
878 2899 935 2950 ἐν
964 2897 1213 2966 ἐσχάτοις
1246 2893 1544 2966 ἀνάκλησιν
1565 2895 1644 2949 οἱ·

66 2990 588 3063 κοδομηθησομένης
617 2989 715 3059 τῆς
750 2985 1127 3057 Ἰερουσαλήμ.

628 3208 921 3263 ΨΑΛΜΟΣ
956 3208 1076 3262 ΞΕ’.

142 3324 160 3355 ι
193 3305 399 3357 Εἴπατε
426 3301 502 3374 τῷ
531 3300 681 3372 Θεῷ’
713 3301 802 3364 Ὣς
831 3299 1056 3369 φοϐερά.
1083 3318 1103 3352 ι

135 3398 296 3453 Οὕτω
348 3399 460 3470 γὰρ
505 3398 583 3465 τῷ
632 3396 854 3466 μεγέθει
894 3395 1003 3448 τῶν
1055 3394 1184 3465 περ)⁸
1216 3392 1311 3447 σοῦ
1342 3394 1642 3464 γινομένων

62 3490 466 3562 περιϐλέπτους
513 3490 811 3556 ἀποφανεῖς
854 3485 980 3549 τούς
1023 3503 1106 3539 σοι
1140 3485 1536 3555 προσήκοντας,
1566 3483 1641 3547 ὡς

63 3581 301 3643 πολλοὺς
322 3580 421 3633 καὶ
449 3578 557 3631 τῶν
588 3579 845 3632 ἐναντίων
869 3575 1258 3646 ὑποκρίνεσθαι
1280 3574 1641 3645 ψευδομένους

57 3673 159 3743 τὴν
195 3670 296 3742 σὴν
344 3669 616 3724 δουλείανυ
648 3668 807 3723 τοῦτο
835 3667 893 3722 δὲ
920 3668 1165 3737 γέγονεν,
1199 3668 1288 3721 ὅτε
1337 3667 1433 3720 καὶ
1482 3682 1641 3739 περι-

58 3763 344 3834 τμηθῆναι
376 3762 562 3816 πολλοὶ
590 3762 699 3816 τῶν
727 3761 985 3814 ἐναντίων
1019 3760 1326 3831 ἠνέσχοντο,
1353 3759 1639 3829 ὐποκρινό-

60 3874 220 3927 μενοι
238 3855 332 3908 τὸν
376 3855 725 3925 Ἰουδαϊσμόν.
768 3855 875 3907 Καὶ
899 3853 1088 3907 τούτου
1115 3853 1323 3924 μάρτυς
1338 3851 1644 3921 Ἰὠσηππος

55 3953 117 4003 ἐν
144 3952 211 4021 τῇ
250 3954 321 4002 ια’
353 3948 453 4019 τῆς
498 3947 966 4017 Ἀρχαιολογίας,
1019 3946 1089 4000 τὰ
1144 3945 1289 4000 κατὰ
1315 3945 1406 4000 τὸν
1436 3943 1645 4014 Μαρδο-

56 4047 213 4114 χαῖον
244 4041 629 4111 διηγούμενος,
665 4043 761 4094 καὶ
788 4041 962 4107 λέγων
993 4039 1167 4103 οὕτως
1185 4056 1197 4069 ·
1221 4040 1284 4093 Οἱ
1318 4039 1417 4109 μὲν
1443 4033 1535 4130 οὖν
1564 4039 1647 4091 ἱπ-

56 4136 183 4197 πεῖς
218 4136 268 4187 οἱ
298 4134 398 4197 τὰς
428 4132 716 4195 ἐπιστολὰς
748 4132 1180 4201 διακομίζοντες,
1219 4131 1382 4194 εὐθὺς
1411 4130 1644 4202 ἐξορμή-

58 4241 279 4289 σαντες,
294 4225 394 4294 τὴν
416 4224 785 4295 προκειμένην
805 4223 922 4276 όδὸν
938 4222 1099 4293 ἧνυον
1118 4236 1131 4250 ’
1148 4223 1176 4275 ὁ
1201 4221 1256 4274 δὲ
1276 4220 1643 4292 Μαρδοχαῖος,

56 4312 356 4369 ἀναλαϐὼν
376 4315 476 4384 τὴν
498 4313 785 4384 βασιλικὴν
809 4311 1023 4382 στολὴν,
1042 4313 1135 4365 καὶ
1157 4312 1246 4367 τὸν
1270 4312 1531 4381 στέφανον
1553 4312 1646 4366 τὸν

57 4405 321 4477 χρυσοῦν,
356 4408 452 4459 καὶ
490 4405 582 4457 τὸν
622 4403 888 4474 στρεπτὸν
924 4402 1299 4473 περιθέμενος,
1336 4403 1641 4474 προῆλθεν

1736 1910 2069 1977 promissio?
2100 1912 2255 1969 Beati
2286 1919 2376 1986 qui
2404 1918 2580 1990 lugent
2603 1963 2617 1988 ,
2653 1927 2902 1993 quoniam
2945 1929 3048 1997 ipsi
3075 1931 3312 1985 consola-

1737 1999 1929 2052 buntur
1943 2000 2008 2054 "".

2262 2074 2578 2136 PSALMUS
2617 2082 2797 2138 LXIV.

1812 2164 1970 2218 Vens.
2004 2164 2087 2219 12.
2136 2186 2155 2218 ι
2188 2165 2483 2240 Benedices
2511 2190 2724 2231 corome
2751 2180 2902 2233 anni.
2940 2199 2956 2230 ι

1811 2253 1982 2311 Porro
2025 2258 2345 2323 sciendum.
2391 2269 2665 2334 quomodo
2716 2274 2964 2328 nonnulli
3022 2279 3314 2348 scriptorcs

1741 2355 1865 2415 post
1893 2348 2127 2403 reditum
2177 2367 2207 2405 e
2254 2352 2524 2425 Babylone
2556 2374 2780 2417 narrent
2818 2364 3155 2424 uberrimum
3184 2373 3310 2427 anui

1740 2448 2067 2507 proventum
2122 2444 2437 2517 exstitisse,
2468 2459 2524 2504 et
2583 2452 2929 2512 abundantes
2986 2459 3212 2527 imbres,
3260 2474 3314 2518 et

1741 2544 1992 2599 magnam
2027 2530 2280 2590 Jordanis
2307 2537 2739 2612 inundationem,
2771 2564 2932 2616 quem
2973 2550 3067 2606 Dei
3112 2552 3313 2621 flumen

1742 2621 1924 2675 vocari
1980 2625 2321 2683 tradiderunt
2365 2648 2379 2684 :
2427 2645 2801 2692 verumtamen
2845 2656 2967 2696 cum
3017 2643 3073 2698 in
3120 2661 3315 2716 magna

1743 2712 1976 2793 penuria
2002 2719 2204 2772 versati
2237 2719 2462 2786 fuerint,
2498 2726 2576 2779 uti
2606 2725 2804 2784 Esdras
2851 2731 3057 2797 docuit,
3088 2745 3143 2790 et
3186 2712 3316 2809 gen-

1745 2801 1880 2855 tium
1910 2805 2118 2860 vacatio
2147 2820 2445 2879 appeteret,
2479 2814 2608 2870 huic
2644 2818 2850 2888 reliqua
2879 2837 3092 2895 quoque
3123 2801 3314 2895 psalmi

1744 2899 2201 2954 accommodanda
2251 2912 2399 2957 sunt.
2441 2905 2710 2963 Caeterum
2761 2922 2889 2968 sunt
2937 2917 3029 2985 qui
3069 2918 3314 2977 fabulose

1745 2986 1931 3041 dicant
1978 2989 2095 3047 fore
2132 3005 2257 3064 post
2282 2996 2398 3054 haec
2421 2998 2731 3057 Judaaorum
2769 3006 2870 3061 sub
2906 3019 3144 3065 extrema
3175 3021 3312 3068 tem-

1747 3093 1878 3146 pora
1902 3086 2303 3142 revocationem
2334 3099 2391 3145 et
2425 3090 2811 3165 Hierosolyma:
2840 3098 3308 3162 instaurationem.

2275 3198 2588 3258 PSALMUS
2627 3204 2784 3260 LXV.

1813 3278 1974 3337 Vens.
2009 3284 2063 3338 5.
2111 3304 2130 3336 ι
2161 3285 2329 3344 Dicite
2357 3291 2469 3347 Deo
2503 3312 2516 3347 :
2551 3293 2725 3361 Quam
2760 3300 3043 3357 terribilia.
3075 3324 3101 3357 ν

1812 3370 1962 3429 Adeo
2003 3378 2153 3433 enim
2176 3378 2553 3454 magnitudine
2580 3405 2764 3445 rerum
2800 3408 2829 3446 a
2863 3404 2913 3448 te
2942 3405 3213 3466 gestarum
3250 3402 3313 3455 il-

1744 3460 1942 3553 lustres
1970 3468 2250 3527 reddidisti
2283 3489 2376 3531 eos
2406 3478 2497 3546 qui
2531 3488 2581 3534 te
2611 3460 3033 3553 contingebant,
3063 3500 3121 3544 ut
3155 3494 3310 3549 multi

1743 3552 1906 3607 etiam
1957 3556 2390 3618 adversariorum
2436 3567 2758 3626 simularent
2801 3552 2947 3630 tuam
2998 3582 3312 3641 servitutem

1745 3647 2076 3706 mentientes
2108 3670 2122 3706 :
2159 3653 2265 3710 hoc
2306 3665 2490 3714 autem
2540 3664 2801 3735 contigit,
2828 3671 3049 3737 quando
3096 3674 3311 3743 plurimi

1743 3737 2181 3798 adversariorum
2205 3761 2265 3803 se
2288 3747 2602 3811 circumcidi
2632 3757 2775 3825 passi
2804 3770 2953 3827 sunt,
2975 3763 3311 3822 Judaismum

1744 3827 2081 3888 simulantes.
2113 3836 2289 3908 Atque
2323 3840 2486 3911 hujus
2518 3846 2595 3901 rei
2633 3848 2785 3903 testis
2827 3861 2911 3906 est
2942 3853 3211 3925 Josepbus
3252 3860 3314 3912 li-

1745 3919 1845 3975 bro
1890 3924 2179 3982 undecimo
2214 3932 2619 4006 Antiquitatum,
2651 3938 2972 3999 διατι]οοίιωί
3004 3919 3122 4002 acta
3163 3965 3313 4005 com-

1746 4027 2076 4083 memorans,
2110 4028 2163 4074 et
2189 4022 2376 4080 dicens
2426 4027 2481 4080 in
2529 4029 2679 4085 hunc
2726 4034 2993 4090 modum:
3034 4037 3312 4097 Veredarii

1748 4106 1953 4177 itaque,
1983 4112 2076 4182 qui
2119 4114 2217 4170 has
2251 4117 2510 4187 epistolas
2544 4122 2880 4192 deferebant,
2919 4129 3064 4186 illico
3094 4136 3314 4203 prolici-

1747 4208 1984 4267 scentes,
2009 4206 2347 4274 propositum
2380 4210 2484 4266 iter
2511 4213 2900 4285 confecerunt;
2946 4221 3315 4283 hlardoclneus

1748 4305 1899 4357 vero,
1930 4307 2214 4350 assumens
2240 4299 2430 4354 stolam
2471 4302 2672 4372 regiam
2701 4314 2756 4359 et
2780 4322 3034 4365 coronam
3066 4329 3310 4378 auream,

1747 4397 1811 4437 ac
1845 4393 2089 4455 torquem
2114 4387 2561 4460 circumponens,
2594 4397 2861 4464 processit
2898 4418 2911 4453 :
2949 4402 3197 4463 videntes
3221 4423 3317 4461 au-

61 4498 265 4560 ἱδόντες
297 4496 356 4549 δὲ
387 4494 550 4548 αὐτὸν
574 4493 720 4547 οὕτω
740 4494 1102 4564 τετιμημένον
1130 4493 1236 4546 ὑπὸ
1259 4492 1354 4546 τοῦ
1381 4493 1643 4564 βασιλέως
1675 4480 1720 4539 D
1750 4483 1855 4529 “3m
1883 4476 2060 4547 ips'ml
2092 4480 2227 4536 adeo
2260 4483 2586 4542 Ῑιθηοτδιυη)
2616 4503 2652 4543 ³
2679 4505 2803 4563 Γθῧθ
2843 4493 2897 4567 hi
2945 4496 3035 4564 (ἰυί
3067 4497 3120 4551 ίη
3161 4499 3315 4555 δυείε

58 4586 108 4638 οἱ
151 4589 209 4639 ἐν
260 4586 488 4647 Σούσοις
533 4584 686 4644 ὄντες
715 4583 978 4648 Ἰουδαῖοι,
1010 4584 1195 4654 κοινὴν
1244 4583 1510 4637 ὑπέλαϐον
1544 4585 1641 4655 τὴν

59 4676 393 4746 εὐπραγίαν.
425 4675 615 4744 Χαρᾶν
639 4674 696 4728 δὲ
723 4676 819 4728 καὶ
842 4676 1111 4746 σωτήριον
1135 4675 1335 4744 φέγγος
1363 4674 1645 4745 ἐκτιθεμέ-

57 4786 167 4822 νων
202 4769 313 4820 τῶν
352 4765 448 4820 τοῦ
488 4766 752 4837 βασιλέως
780 4767 1146 4837 γραμμάτων,
1181 4767 1277 4820 καὶ
1326 4767 1454 4830 τοὺς
1500 4767 1644 4820 κατὰ

59 4861 218 4914 πόλιν
248 4860 361 4914 τῶν
397 4859 669 4913 Ἰουδαίων
700 4859 793 4912 καὶ
822 4858 948 4922 τοὺς
978 4858 1118 4912 κατὰ
1142 4857 1327 4930 χώραν
1358 4858 1638 4929 κατέσχοψ

60 4952 134 5011 ὡς
157 4950 333 5004 πολλὰ
357 4951 454 5003 καὶ
477 4949 585 5003 τῶν
605 4949 782 5003 ἄλλων
800 4948 969 5001 ἐθνῶν
991 4948 1219 5021 διὰ[τὸν]
1240 4949 1349 5001 τῶν
1375 4949 1644 5002 Ἰουδαίων

56 5040 229 5107 ’φόϐον
259 5041 702 5109 περιτεμνόμενα
732 5042 830 5111 τὴν
857 5039 1012 5104 αἱδὼ,
1056 5039 1116 5092 τὸ
1149 5038 1432 5092 ἀκίνδυνον
1460 5040 1644 5104 αὐτοις

63 5133 126 5182 ἐκ
156 5131 348 5182 τούτου
378 5133 903 5202 πραγματευόμενα.

146 5220 297 5273 «Ὅτι
330 5219 657 5289 ἐδοκίμασας
692 5224 860 5293 ἡμᾶς,
890 5223 918 5275 ὁ
947 5220 1097 5283 Θεός.
1130 5239 1149 5272 ι

141 5310 439 5381 Βουληθεὶς
469 5314 579 5380 γὰρ
611 5315 744 5366 πᾶσι
764 5314 936 5380 δεῖξαι
965 5314 1025 5366 τὸ
1056 5314 1154 5381 τῆς
1188 5309 1346 5381 ἡμῶν
1365 5310 1645 5375 εὐσεϐείας

66 5403 380 5473 ἀκίϐδηλον,
416 5402 591 5456 ταῦτα
618 5404 809 5457 παθεῖν
848 5403 1256 5476 συνεχώρησας.

630 5516 918 5569 ΨΑΛΜΟΣ
948 5517 1083 5582 εςι.

146 5627 166 5661 ι
190 5607 249 5661 Ὁ
285 5605 417 5670 Θεὸς
443 5609 788 5682 οἱκτειρήσαι.
818 5608 982 5677 ἡμᾶς.
1018 5628 1035 5658 ι

144 5763 187 5795 ⁸⁵
218 5762 356 5819 Gen.
397 5779 476 5823 Ill.
510 5762 595 5815 15.
674 5762 715 5793 ⁸⁷
743 5761 935 5817 Matth.
966 5777 1017 5823 v,
1043 5763 1097 5815 5.

438 5858 709 5919 ΡΑτιιοι.
751 5857 866 5917 Gn.
914 5855 1125 5917 XCIII.

1690 4571 1695 4577 '
1743 4577 1901 4624 erant
1941 4571 2134 4640 Judaei,
2169 4573 2483 4633 felicitatem
2519 4596 2639 4635 eam
2669 4582 2773 4638 sibi
2821 4600 3166 4644 communem
3195 4607 3316 4646 esse

1742 4659 1988 4715 arbitrati
2017 4673 2164 4717 sunt.
2194 4665 2388 4736 Ingens
2413 4679 2674 4738 pertrterea
2701 4675 2977 4743 gaudium,
2996 4680 3149 4746 quasi
3174 4696 3314 4734 nova

1743 4751 1931 4805 salutis
1956 4753 2076 4806 luce
2099 4754 2311 4820 oborta,
2329 4759 2458 4811 dum
2486 4761 2645 4830 regiae
2673 4763 2869 4819 litterae
2897 4768 3311 4833 exhiberentur,

1743 4838 1959 4894 Judaeos
2003 4856 2212 4909 omnes,
2245 4854 2511 4914 quotquot
2559 4850 2643 4902 vel
2693 4852 2881 4906 urbem
2908 4855 2991 4909 vel
3039 4859 3315 4928 regionem

1750 4929 2087 4993 incolebant,
2119 4935 2440 5002 occupavit;
2475 4935 2548 4989 ita
2597 4946 2658 4992 ut
2706 4941 2860 4996 multi
2909 4944 3138 5000 aliarum
3188 4964 3316 5019 gen-

1753 5022 1887 5075 tium
1918 5031 2067 5075 metu
2108 5037 2299 5078 eorum
2330 5025 2786 5087 circumcidentes
2820 5037 3077 5102 verenda,
3110 5041 3315 5093 securi-

1753 5123 1915 5167 tatem
1952 5113 2054 5170 sibi
2082 5114 2186 5170 hoc
2204 5126 2366 5186 pacto
2394 5131 2722 5189 quaererem.

1823 5205 1982 5260 Vens.
2018 5202 2102 5261 10.
2151 5226 2169 5258 ι
2201 5207 2469 5274 Quoniam
2508 5215 2751 5283 probasti
2776 5232 2895 5285 nos,
2935 5218 3093 5275 Deus.
3118 5240 3136 5272 ι

1821 5297 1959 5354 Cum
2007 5300 2150 5354 enim
2195 5302 2448 5357 omnibus
2496 5305 2769 5377 religionis
2803 5319 3004 5366 nostrae
3031 5312 3317 5368 sincerita-

1756 5401 1860 5445 tem
1902 5381 2276 5450 demonstrare
2315 5396 2502 5462 velles,
2533 5398 2648 5454 iure
2677 5416 2776 5456 nos
2799 5405 2906 5472 pati
2947 5407 3260 5476 permisisti.

2262 5511 2583 5569 PSALMUS
2622 5512 2806 5571 LXVI.

1828 5601 1987 5658 Vens.
2019 5604 2072 5657 ‘2.
2124 5625 2140 5655 ‹
2171 5606 2312 5659 Deus
2342 5604 2664 5661 misereatur
2690 5606 2878 5662 nostri.
2909 5628 2926 5660 ι

2891 5880 2964 5940 39
