3800 6312
106 345 230 410 12:29

1140 342 1602 404 FRAGMENTA
1645 341 1726 402 IN
1765 340 2120 402 PSAIMOS.

3200 341 3331 407 1230

176 462 229 514 '0
255 458 385 524 Θεὸς
413 456 507 514 τοῦ
543 455 760 529 Ἰσραὴλ
806 458 835 509 ὁ
881 455 1150 527 Χριστός·
1187 458 1317 529 περὶ
1348 457 1455 530 γὰρ
1492 454 1657 508 αὑτοῦ

1834 453 1975 509 Deus
2006 455 2168 510 Israel
2195 463 2278 510 est
2304 455 2593 513 Christus:
2621 457 2689 512 de
2719 457 2837 527 ipso
2859 456 3005 512 enim
3031 455 3195 512 Isaias
3214 458 3285 512 ait
3316 476 3328 510 :

100 568 254 624 φησιν
286 551 540 613 Ἠσαῖας’
582 550 712 603 Ὅτι
763 549 846 602 σὺ
886 552 921 604 ὁ
974 548 1119 614 Θεὸς
1159 546 1347 618 ἡμῶν,
1396 546 1495 600 καὶ
1546 548 1658 600 οὐκ

99 645 362 714 ᾔδειμεν·
423 645 457 695 ό
509 640 655 707 Θεὸς-
702 639 809 693 τοῦ
844 638 1093 709 Ἰσραὴλ
1141 640 1174 693 ό
1220 636 1444 705 Σωτήρ.
1489 629 1660 699 οὗτος

99 737 242 806 ισχὺν
271 733 366 788 καὶ
393 733 626 801 δύναμιν
652 730 731 802 τῷ
771 729 885 800 λαῷ
934 729 1011 801 τῷ
1056 729 1116 796 ἐξ
1160 727 1350 793 ἐθνῶν,
1377 726 1520 781 ὥστε
1558 726 1659 796 τῆς

94 828 292 895 πλάνης
314 824 641 894 ἀποστῆναι,
668 822 763 876 καὶ
795 822 930 892 πρὸς
964 821 1124 874 αὑτὸν
1157 816 1661 889 ἐπιστρέψαιχαρί-

95 920 239 983 (erat
258 935 272 951 ο
306 918 503 982 οἵτινες
525 916 600 980 ὡς
621 915 748 979 λαὸς
768 912 933 969 αὐτοῦ
954 911 1294 980 Χριστιανοὶ
1317 909 1406 963 διὰ
1426 908 1660 979 Χριστὸν

92 1007 460 1079 ὀνομάζονται.

645 1092 744 1146 ΨΑ
753 1092 943 1145 ΛΜΟΣ
971 1091 1096 1156 EH',

164 1183 395 1239 «Ἦλθον
426 1184 505 1247 είς
530 1182 599 1237 τὰ
632 1181 771 1253 βάθη
799 1182 900 1252 τῆς
931 1182 1228 1252 θαλάσσης.
1261 1199 1280 1232 ι

158 1279 269 1332 Καὶ
292 1276 407 1340 πῶς
436 1293 518 1338 τις
548 1275 782 1338 ἐλπίζων
806 1274 898 1327 ἐπὶ
922 1274 1014 1326 τὸν
1042 1272 1175 1328 Θεὸν
1201 1272 1329 1336 τοὺς
1350 1270 1660 1341 ὀφθαλμοὺς

90 1369 350 1430 ὲκλείπει,
378 1368 473 1420 καὶ
501 1367 621 1437 οὐχὶ
647 1366 846 1435 μᾶλλον
870 1362 1152 1435 νευροῢται
1185 1363 1279 1417 καὶ
1312 1362 1660 1434 ἰσχυρότερος

90 1460 326 1529 γίνεται;
388 1458 528 1511 Ἀλλ’
567 1457 878 1527 ὀφθαλμοὺς
925 1454 1117 1509 ἑαυτοῦ
1161 1456 1286 1518 τοὺς
1334 1454 1661 1517 ἀποστόλους

88 1553 268 1620 λέγει·
300 1549 429 1621 περὶ
462 1543 535 1603 ὧν
564 1552 621 1602 ὲν
655 1548 896 1620 ’ᾼσμασι
929 1547 1076 1616 λέγει
1106 1564 1119 1580 ·
1139 1549 1203 1600 Οἱ
1233 1547 1526 1617 ὀφθαλμοί
1542 1562 1658 1599 σου

87 1637 439 1708 περιστερᾶς
458 1679 474 1705 ,
505 1638 603 1692 ἐπὶ
633 1636 996 1706 πληρώματα
1029 1637 1280 1700 ὑδάτων,
1319 1638 1398 1700 είς
1430 1634 1528 1706 τὴν
1555 1636 1659 1689 δω-

91 1731 223 1801 ρεὰν
258 1730 350 1783 τοῦ
391 1729 793 1800 βαπτίσματοςο
818 1729 937 1782 ἐκεῖ
963 1728 1071 1801 γὰρ
1109 1727 1207 1797 τὴν
1237 1728 1527 1797 μετουσίαν
1563 1724 1657 1779 τοῦ

1761 544 2023 610 Quoniam
2052 555 2109 599 tu
2138 546 2275 601 Deus
2297 556 2494 613 noster,
2509 558 2556 602 et
2582 549 2938 603 nesciebam-us
2963 563 2981 602 :
3008 548 3147 602 Deus
3164 547 3335 602 Israel

1762 636 2085 693 Salvator".
2115 637 2217 692 Hic
2266 637 2644 695 fortitudinem
2695 656 2761 696 ac
2805 640 3061 696 virtutem
3110 639 3337 711 largitur

1759 729 1962 799 populo
2014 744 2078 785 ex
2132 730 2403 800 gentibus.
2442 741 2502 786 ut
2551 733 2622 786 ab
2660 748 2848 787 errore
2871 732 3100 795 resiliat,
3151 740 3209 786 et
3267 731 3338 785 ad

1759 822 1937 891 ipsum
1967 830 2316 877 convertatur
2342 839 2356 877 :
2385 824 2477 893 qui
2505 834 2761 896 tanquam
2790 826 3023 895 populus
3042 827 3161 897 ejus
3180 823 3339 879 Clu-£4

1760 915 1926 969 niani
1954 922 2178 985 propter
2207 914 2486 971 Christum
2519 926 2925 987 nuncupantur.

2254 1089 2573 1147 PSALMUS
2611 1090 2846 1148 LXVIII.

1832 1181 1991 1237 Vsus.
2012 1172 2075 1236 ’5.
2127 1202 2145 1233 ι
2180 1180 2314 1237 Veni
2341 1183 2397 1237 in
2425 1184 2769 1239 altitudinem
2798 1184 2985 1240 maris.
3007 1203 3024 1233 ι

1831 1273 1899 1327 Ει
1919 1273 2191 1343 quomodo
2217 1275 2338 1343 quis
2362 1289 2588 1344 sperans
2609 1275 2663 1329 in
2694 1275 2866 1330 Deum
2897 1276 3070 1330 oculis
3095 1276 3332 1340 deﬁciat,

1760 1371 1817 1419 et
1850 1380 1961 1419 non
1989 1366 2173 1434 potius
2203 1365 2588 1421 corroboretur
2636 1381 2700 1420 ac
2742 1365 2938 1420 fortior
2966 1366 3197 1423 evadat?
3231 1364 3335 1420 Ve-

1761 1472 1882 1511 rum
1911 1457 2097 1512 oculos
2127 1472 2257 1511 suos
2277 1466 2437 1512 vocat
2462 1459 2767 1528 apostolos;
2797 1458 2863 1512 de
2895 1458 3094 1528 quibus
3121 1459 3176 1512 in
3191 1457 3337 1514 Can-

1763 1547 1884 1603 ticis
1927 1548 2003 1602 ait
2052 1564 2066 1602 :
2119 1547 2273 1603 Oculi
2322 1549 2400 1603 tui
2443 1549 2697 1604 columba:
2723 1589 2737 1613 ,
2785 1558 2944 1619 super
2988 1549 3342 1618 plenitudines

1761 1655 2022 1708 aquarum
2040 1638 2105 1705 ⁸⁸,
2141 1637 2430 1711 [alludens]
2478 1640 2546 1694 ad
2593 1639 2798 1694 donum
2839 1637 3184 1709 baptismatis
3215 1655 3228 1691 :
3266 1637 3340 1693 ibi

1761 1727 1909 1781 enim
1940 1725 2176 1797 Spiritus
2205 1727 2677 1798 participationem
2700 1727 2933 1797 pra2buit
2967 1726 3337 1785 credentibus.

88 1794 403 1893 ίίνεύματος
436 1794 677 1892 παρέσχε
702 1823 813 1884 τοῖς
838 1794 1204 1873 πιστεύουσιν.
1226 1794 1383 1872 Θῦτω
1410 1819 1551 1872 κατὰ
1567 1818 1657 1873 τὸν

1780 1817 1851 1873 Sic
1877 1794 2119 1888 tempore
2144 1794 2420 1888 passionis
2445 1794 2786 1883 defecerunt,
2827 1828 2883 1874 et
2916 1818 3160 1888 dissipati
3189 1825 3336 1876 sunt.

87 1915 278 1985 καιρὸν
310 1909 402 1965 τοῦ
437 1910 645 1974 πάθους
672 1909 920 1975 ἐξέλιπον
948 1925 1007 1963 τε
1060 1909 1153 1963 καὶ
1196 1907 1657 1980 ἐσκορπίσθησαν,

83 2002 321 2075 ὁρῶντες
348 2003 582 2073 Χριστὸν
611 2001 706 2055 ἐπὶ
731 2000 823 2054 τὸν
845 2000 977 2054 Θεὸν
996 1999 1088 2053 τὸν
1109 1998 1324 2069 Πατέρα
1350 1998 1441 2051 τὸν
1464 1999 1662 2052 οἰκεῖον

83 2095 388 2160 ἐλπίζοντα,
417 2095 511 2147 καὶ
558 2092 788 2163 λέγοντα
807 2107 822 2122 ·
862 2091 1055 2157 Ἔλωτ,
1086 2090 1275 2155 Ἑλωῒ,
1309 2091 1661 2159 λαμασαόα-

81 2187 283 2257 χθανή
304 2202 319 2218 ·
359 2187 588 2258 ἠγνόουν
617 2186 724 2257 γὰρ
754 2186 837 2239 ὅτι
869 2184 970 2256 τὴν
1013 2181 1243 2253 δύναμιν
1273 2182 1372 2254 τὴν
1399 2181 1606 2235 οίκείαν
1633 2182 1662 2234 ὁ

81 2279 221 2343 Θεὸς
254 2277 622 2343 συνέστελλεν,
657 2276 797 2331 ὥστε
826 2275 1015 2348 καιρὸν
1045 2274 1295 2344 γενέσθαι
1334 2274 1441 2336 τοῖς
1484 2271 1659 2342 παθή-

83 2386 276 2442 μασιν.

158 2482 179 2514 ι
202 2458 647 2531 Ἐπληθύνθησαν
672 2456 813 2528 ὑπὲρ
839 2456 936 2521 τὰς
965 2457 1178 2528 τρίχας.
1212 2475 1232 2508 ι

153 2553 367 2625 Τρίχας
406 2550 600 2605 ἑαυτοῦ
640 2550 767 2614 τοὺς
812 2549 1036 2613 πιστοὺς
1063 2548 1456 2622 λέγει.⁸¹Ωσπερ
1489 2548 1597 2619 γὰρ
1626 2550 1659 2621 ή

78 2645 304 2715 κεφαλὴ
336 2643 429 2699 ἐπὶ
451 2644 568 2706 ταῖς
598 2641 791 2712 θριξὶν,
819 2638 962 2695 οὕτω
989 2640 1083 2695 καὶ
1110 2641 1138 2694 ὁ
1167 2641 1400 2712 Χριστὸς
1430 2643 1522 2694 ἐπὶ
1551 2643 1662 2705 τοῖς

78 2739 306 2799 πιστοῖς
334 2734 675 2804 σεμνύνεται.

162 2848 181 2879 ι
208 2825 742 2897 Ἀπηλλοτριωμένος
775 2823 1057 2896 ἐγενήθην.
1089 2842 1109 2875 ι

150 2918 319 2980 Ξένος
345 2917 538 2987 γέγονε
571 2916 714 2971 κατά
738 2917 828 2971 τὸν
853 2916 1043 2986 καιρὸν
1062 2914 1156 2969 τοῦ
1177 2914 1403 2978 πάθους,
1421 2914 1510 2968 ὅτε
1530 2913 1663 2968 πάν-

1759 1909 2007 1965 videntes
2032 1909 2309 1964 Christum
2337 1909 2392 1964 in
2421 1909 2587 1964 Deum
2611 1908 2823 1964 Patrem
2847 1925 3006 1965 suum
3028 1918 3337 1979 sperantem

1759 2008 1815 2055 et
1832 2000 2105 2055 dicentem
2136 2000 2293 2054 :Eloi
2314 2042 2329 2067 ,
2353 2000 2494 2065 Eloi,
2535 1999 2735 2054 lamina
2761 2000 3171 2053 sabachthani”
3198 2017 3213 2053 :
3239 2013 3338 2052 ne-

1760 2091 2004 2146 sciebant
2043 2105 2241 2158 nempe
2291 2094 2458 2145 Deum
2506 2091 2766 2145 virtutem
2798 2089 3074 2160 propriam
3121 2101 3338 2144 contra-

1762 2182 1929 2251 xisse,
1957 2194 2017 2239 ut
2043 2183 2423 2254 opportunitas
2452 2183 2677 2238 daretur
2707 2183 2965 2252 patiendi.

1835 2442 1995 2498 Vens.
2023 2443 2075 2498 5.
2125 2460 2142 2494 ι
2173 2443 2508 2513 Multiplicati
2539 2452 2669 2499 sunt
2694 2458 2860 2514 super
2884 2443 3130 2513 capillos.
3157 2463 3174 2495 ι

1829 2535 2065 2606 Capillos
2108 2550 2237 2591 suos
2260 2544 2421 2591 vocat
2449 2536 2656 2591 fideles.
2688 2536 2844 2591 Sicut
2885 2535 3032 2589 enim
3074 2544 3239 2605 caput
3281 2536 3336 2590 in

1760 2626 1987 2697 capillis,
2013 2627 2086 2680 ita
2111 2629 2274 2681 etiam
2297 2626 2546 2681 Christus
2572 2627 2629 2681 in
2664 2626 2918 2683 ﬁdelibus
2944 2625 3297 2698 gloriﬁcatur.

1831 2804 1991 2859 Vsus.
2024 2803 2076 2859 9.
2124 2823 2142 2856 ι
2166 2804 2444 2860 Alienatus
2470 2806 2646 2862 factus
2676 2823 2818 2862 sum.
2857 2827 2876 2859 ι

1830 2896 2153 2971 Peregrinus
2197 2900 2371 2954 factus
2396 2908 2481 2955 est
2505 2908 2753 2970 tempore
2784 2900 3076 2969 passionis,
3117 2902 3336 2972 quando

72 3025 174 3071 τες
209 3009 262 3060 οἱ
295 3007 530 3076 μαθηταὶ
554 3006 717 3059 αὑτοῦ
748 3005 976 3075 ἀφέντες
1000 3004 1162 3058 αὐτὸν
1193 3005 1414 3074 ἔφυγον,
1436 3004 1659 3077 Μητέρα

1780 3007 1955 3049 ιηιιιθε
1995 2993 2249 3063 discipuli
2296 2994 2413 3064 ejus
2453 2993 2796 3050 dimittentes
2845 2994 3026 3066 ipsum
3057 2993 3333 3070 fugerunt.

71 3099 137 3154 δὲ
176 3098 395 3169 νοήσεις
422 3098 520 3169 τὴν
547 3098 658 3150 τῶν
693 3097 962 3151 Ἰουδαίων
986 3096 1330 3169 Συναγωγὴν,
1355 3097 1449 3151 καὶ
1482 3098 1659 3150 πᾶσαν

1780 3082 1986 3139 liatrem
2026 3093 2207 3140 autem
2234 3085 2504 3157 intelliges
2529 3084 2865 3157 Synagogam
2903 3085 3214 3141 Iudaeorum
3236 3125 3251 3149 ,
3282 3096 3340 3140 et

1767 3188 1985 3229 omnem
2014 3176 2310 3230 secundum
2343 3190 2564 3231 carnem
2609 3177 2991 3245 cognationem
3023 3192 3211 3232 eorum
3240 3178 3335 3248 qui

1766 3274 1896 3320 sunt
1938 3266 2006 3321 de
2046 3266 2490 3333 circumcisione;
2543 3267 2683 3321 ﬁlios
2712 3283 2841 3322 vero
2874 3268 3059 3339 hujus,
3094 3268 3217 3324 illos
3244 3270 3337 3339 qui

1767 3354 1943 3426 ipsum
1989 3367 2324 3428 negaverunt
2350 3366 2406 3413 et
2433 3359 2690 3413 dixerunt
2723 3377 2735 3411 :
2771 3359 2921 3412 Hunc
2949 3370 3126 3413 autem
3169 3361 3337 3413 nesci-

1767 3465 1882 3502 mus
1909 3449 2051 3503 unde
2079 3451 2145 3503 sit
2165 3451 2231 3503 ⁸ο.
2256 3449 2464 3505 Rursus
2495 3460 2680 3505 autem
2713 3453 3061 3522 peregrinum
3093 3450 3336 3505 arbitrati

1766 3547 1895 3592 sunt
1928 3539 2173 3594 dicentes
2205 3558 2218 3594 :
2250 3540 2437 3594 Nonne
2467 3541 2593 3594 bene
2616 3542 2856 3605 dicimus,
2885 3543 3009 3611 quia
3032 3541 3338 3596 Samarita-

1702 3640 1705 3641 '
1765 3646 1862 3683 nus
1890 3646 1942 3683 es
1970 3638 2025 3683 tu
2050 3669 2064 3693 ,
2092 3639 2141 3684 et
2169 3631 2487 3684 daemonium
2517 3632 2731 3684 habes"
2754 3633 2776 3684 ?
2806 3632 2884 3686 Ita
2910 3633 3230 3705 peregrinus
3259 3635 3338 3688 fa-

1766 3732 1887 3777 ctus
1915 3731 1999 3777 est
2027 3723 2148 3777 ﬁliis
2177 3722 2366 3777 matris
2395 3738 2526 3777 suae.

1838 3813 1997 3869 Vens.
2023 3814 2109 3869 1’2.
2135 3814 2230 3870 «Et
2257 3815 2409 3883 posui
2428 3816 2811 3870 vestimentum
2843 3831 3023 3872 meum
3045 3818 3330 3874 cilicium.»

1835 3905 2083 3961 Cilicium
2114 3923 2241 3962 vere
2277 3923 2530 3977 aSperum
2569 3908 2776 3978 peccati
2812 3909 2982 3963 nostri
3010 3910 3208 3965 induit.

73 3191 184 3262 τὴν
207 3190 351 3243 κατά
376 3190 552 3261 σάρκα
579 3190 896 3259 συγγένειαν
922 3188 1030 3242 τῶν
1057 3191 1120 3243 ὲκ
1147 3192 1450 3261 περιτομῆς
1469 3206 1485 3220 ο
1513 3190 1663 3254 υἱοὺς

70 3281 136 3334 δὲ
177 3279 408 3351 ταύτης,
442 3281 568 3343 τοὺς
590 3281 1000 3351 ἀρνησαμένους
1022 3280 1203 3346 αὐτὸν,
1235 3281 1328 3334 καλ⁵
1356 3278 1663 3351 εἰρηκότας·

78 3372 321 3428 Τοῦτον
342 3372 409 3424 δὲ
435 3374 546 3426 οὐκ
574 3371 819 3440 οἴδαμεν
842 3372 1025 3425 πόθεν
1046 3372 1199 3426 ἐστι.
1232 3371 1393 3425 Ξένον
1422 3371 1479 3426 δὲ
1504 3372 1666 3426 πάλιν

72 3463 324 3537 ἡγοῦντο
372 3462 656 3530 λέγοντες.
687 3462 770 3515 οὐ
805 3459 1006 3526 καλῶς
1037 3460 1311 3530 λέγομεν,
1353 3461 1442 3515 ὅτι
1473 3465 1667 3532 Σαμα.

56 3557 293 3626 psit-nc
318 3550 392 3617 εἷ,
429 3554 525 3608 καὶ
556 3553 863 3621 δαιμόνιον
893 3551 1050 3619 ἔχεις
1061 3568 1081 3616 ;
1121 3551 1278 3606 Οὕτω
1303 3553 1453 3619 ξένος
1476 3553 1664 3621 γέγονε

66 3652 198 3712 τοῖς
236 3648 370 3709 υἱοῖς
398 3648 498 3717 τῆς
531 3645 738 3715 μητρὸς
772 3644 960 3698 αὑτοῦ.

155 3846 180 3881 ο
218 3827 330 3881 Kal.
358 3826 558 3898 ἐθέμην
589 3825 650 3880 τὸ
681 3823 885 3895 ἔνδυμά
914 3842 1015 3896 μου
1042 3824 1306 3879 σάκκον.»

150 3920 380 3975 Σάκκον
407 3920 514 3991 γὰρ
543 3918 760 3992 ἀληθῶς
787 3918 847 3972 τὸ
866 3918 1038 3989 τραχὺ
1066 3920 1163 3989 τῆς
1189 3917 1464 3989 ἡμετέρας
1490 3919 1665 3990 ἀμαρ-

64 4014 206 4076 τίας
250 4011 560 4064 ἐνεδύσατο.

154 4123 177 4156 ι
212 4101 355 4154 Κατ’
380 4101 514 4170 ἐμοῦ
542 4099 882 4171 ἠδολέσχουν.
911 4116 929 4149 ι

1836 4090 2000 4146 Vens.
2037 4091 2121 4145 15.
2169 4110 2185 4141 ι
2215 4091 2510 4145 Adversum
2542 4105 2628 4144 me
2650 4090 3027 4161 loquebantur.
3066 4112 3082 4141 ι

147 4193 308 4257 Τοὺς
340 4193 664 4256 Ἰουδαῖκοὺς
693 4193 961 4264 ἄρχοντας
989 4191 1155 4261 λέγει.
1173 4193 1260 4246 Ἐν
1291 4193 1355 4264 τῇ
1386 4191 1527 4263 πύλῃ
1557 4190 1659 4262 γὰρ

1834 4178 2121 4249 Principes
2146 4179 2400 4234 Iudaicos
2434 4178 2585 4234 dicit.
2619 4178 2899 4250 Siquidem
2925 4183 3093 4236 moris
3122 4192 3239 4237 erat
3278 4193 3332 4238 ut

56 4292 202 4352 ἔθος
238 4281 311 4357 ἦν
333 4286 430 4355 τὴν
447 4286 556 4337 τῶν
588 4284 857 4338 Ἰουδαίων
884 4284 1171 4354 γερουσίαν
1202 4282 1530 4349 καθέζεσθαι
1548 4300 1561 4315 ’
1589 4283 1659 4346 ὡς

1780 4272 2075 4329 Iudaeorum
2111 4271 2356 4326 seniores
2386 4272 2441 4325 in
2484 4280 2639 4341 porta
2683 4273 2956 4339 sederent,
2999 4274 3138 4329 sicut
3170 4274 3224 4327 in
3255 4275 3338 4329 hi-

54 4385 132 4435 ἐκ
175 4381 290 4448 τῆς
326 4376 569 4448 ἱστορίας
601 4376 699 4444 τῆς
742 4375 882 4429 κατὰ
922 4374 1020 4446 τὴν
1051 4375 1202 4429 Ῥοὺθ
1247 4376 1340 4428 καὶ
1388 4375 1479 4427 τὸν
1528 4374 1659 4440 Bob;

1780 4363 1929 4419 storia
1957 4362 2104 4416 Ruth
2134 4371 2189 4416 et
2216 4362 2355 4415 Βοοῑ
2381 4361 2734 4432 reperiemus.

53 4469 351 4542 κειμένης
388 4468 714 4538 εὑρήσομεν.
1696 4478 1740 4533 ο

147 4582 169 4614 ι
209 4560 329 4620 Καὶ
358 4560 436 4622 είς
465 4558 566 4630 ἐμὲ
601 4557 827 4628 ἔψαλλον
855 4559 903 4611 oi
931 4559 1194 4623 πίνοντες.
1229 4578 1248 4611 ι

1836 4546 1996 4613 Vsus.
2031 4559 2114 4613 15.
2154 4575 2172 4608 ι
2201 4556 2267 4611 lit
2292 4557 2344 4610 in
2380 4573 2464 4613 me
2491 4559 2797 4629 psallebant
2828 4562 2917 4632 qui
2949 4564 3227 4623 bibebant.
3261 4587 3278 4619 ι

138 4655 325 4708 Ποῖον
358 4646 497 4704 οἶνον
521 4669 536 4717 ;
560 4650 663 4704 Τὸν
703 4651 988 4719 μυστικόν.
1008 4651 1236 4703 Ἐκεῖνοι
1273 4650 1379 4722 γὰρ
1413 4651 1513 4704 οὐκ
1543 4651 1659 4721 ’ἡδο⁴

1835 4649 2007 4718 Quale
2035 4650 2222 4705 vinum
2245 4652 2266 4705 ?
2292 4648 2591 4721 Mysticum.
2624 4652 2702 4706 Illi
2730 4656 2876 4707 enim
2911 4670 3019 4709 non
3055 4660 3341 4727 nugaban-

48 4747 341 4814 ὶέσχουν,
372 4739 486 4794 ἀλλ’
510 4739 764 4809 ἔψαλλονο
815 4740 890 4805 ὡς
938 4740 1068 4811 περὶ
1112 4740 1246 4794 Θεοῦ
1296 4742 1387 4795 τοῦ
1426 4743 1659 4814 Χριστοῦ

1780 4758 1874 4809 :ur,
1902 4743 1997 4798 sed
2035 4743 2341 4812 psallebant
2368 4761 2382 4796 :
2420 4759 2615 4812 nempe
2642 4742 2709 4797 de
2741 4745 2848 4798 Deo
2868 4746 3086 4800 Christo
3108 4749 3336 4818 hymnos

46 4840 206 4900 τοὺς
249 4832 456 4905 ὕμνους
485 4835 614 4898 τοὺς
641 4833 1010 4905 προφητικοὺς
1042 4833 1310 4902 λέγοντες.

1780 4834 2117 4904 propheticos
2142 4833 2455 4888 recitantes.
2540 4822 2559 4837 ⁸

144 4928 290 4983 Ἐτι
324 4926 448 4996 περὶ
479 4926 590 4979 τῶν
622 4926 889 4980 Ἰουδαίων
918 4925 1084 4994 λέγει,
1118 4926 1315 4988 οἵτινες
1351 4925 1512 4978 αὐτὸν
1541 4924 1659 4996 ὲμί-

1838 4923 2031 4977 Adhuc
2078 4924 2146 4976 de
2194 4920 2396 4975 Judaeis
2421 4920 2548 4991 agit,
2573 4921 2661 4989 qui
2713 4922 2891 4992 ipsum
2928 4924 3172 4992 oderant,
3218 4936 3337 4982 tan-

52 5037 237 5082 σουν,
265 5017 340 5080 ὼς
371 5019 449 5080 εἰς
480 5015 768 5087 πρόσωπον
793 5016 970 5070 αὐτῶν
996 5016 1287 5086 ἐλέγχοντα
1315 5013 1411 5083 τὴν
1440 5014 1659 5089 ὑπόκρι⁴

1780 5029 1926 5086 ιιιειιῐι
1960 5013 2050 5083 qui
2083 5013 2140 5067 in
2178 5011 2372 5067 faciem
2407 5011 2646 5080 ipsorum
2701 5013 3007 5085 hypocrisin
3047 5019 3338 5091 redargue-

54 5128 160 5164 σιν
184 5126 203 5141 ο
242 5109 305 5158 ὲν
334 5107 485 5176 βάθει
503 5107 636 5161 δὲτὸ
665 5106 806 5179 ὕδωρ
835 5106 935 5177 τῆς
966 5106 1162 5168 κακίας
1191 5104 1504 5175 ἐκέκτηντο,
1524 5104 1659 5158 ὥστε

1780 5113 1860 5160 Dat
1896 5122 1909 5158 :
1943 5103 1998 5157 in
2032 5102 2302 5174 profundo
2343 5111 2525 5159 autem
2570 5120 2767 5174 aquam
2818 5106 3041 5163 malitia:
3074 5113 3337 5167 reconde-

52 5198 220 5257 ποτὲ
280 5195 376 5264 μὲν
404 5197 561 5253 αὑτὸν
587 5198 795 5266 Ῥαϐϐὶ,
824 5196 956 5251 ποτὲ
983 5195 1038 5249 δὲ
1065 5194 1237 5267 ἁληθῆ
1273 5194 1366 5248 καὶ
1395 5195 1502 5248 ἀπὸ
1532 5195 1659 5250 Θεοῦ

1780 5202 1932 5262 bant,
1969 5197 2038 5251 ita
2068 5205 2129 5252 ut
2157 5211 2544 5267 nonnunquam
2590 5198 2811 5267 quidem
2851 5197 3026 5264 ipsum
3074 5200 3337 5268 Rabbi",

51 5287 526 5365 προσαγορεύειν
553 5289 832 5359 ἄνθρωπον
851 5328 867 5356 ,
901 5288 996 5360 τὴν
1027 5289 1291 5360 πονηρίαν
1322 5289 1380 5341 ἐν
1409 5287 1486 5358 τῷ
1513 5287 1666 5358 βάθει

47 5388 179 5457 τῆς
217 5379 455 5450 καρδίας
481 5379 943 5450 ἀποκρύπτοντες.

1767 5288 2055 5358 aliquando
2078 5304 2207 5345 vero
2233 5303 2477 5343 veracem
2503 5296 2557 5342 et
2586 5288 2856 5343 hominem
2896 5304 2927 5343 a
2956 5289 3067 5345 Deo
3105 5293 3337 5347 missum

1771 5379 2095 5444 dicerent",
2137 5378 2527 5450 malignitatem
2575 5379 2633 5433 in
2673 5377 2842 5434 fundo
2888 5382 3069 5438 cordis
3106 5384 3337 5439 abscon-

1771 5471 1983 5525 dentes.

137 5676 194 5708 ⁸⁷
242 5670 351 5723 Isa.
383 5683 501 5729 va.
539 5668 624 5722 15.
702 5664 747 5697 ⁵⁸
773 5664 927 5720 Cant.
973 5681 1027 5732 ν,
1082 5664 1165 5719 ιε.
1241 5661 1469 5718 "Marc.
1510 5678 1599 5729 xv,
1641 5664 1659 5717 Ξ

1809 5665 1852 5696 ⁸ο
1874 5665 2029 5719 Joan.
2060 5679 2133 5731 ix,
2166 5663 2255 5717 29.
2313 5664 2531 5720 "Joan.
2560 5681 2678 5731 vin,
2714 5665 2802 5721 48.
2905 5668 2949 5701 “
2977 5666 3137 5725 Joan.
3162 5685 3245 5737 ιιι,
3274 5667 3330 5724 9.

51 5752 107 5781 ω
165 5739 374 5798 Matth.
409 5753 540 5805 xxii,
580 5737 660 5793 i6.
