  <div class='ocr_page' id='page_1' title='image "/cluster/home/n/w/nwhite01/storage/ocr_20150623/93/pst.000005712991/634.png"; bbox 0 0 3800 6312; ppageno 0'>
   <div class='ocr_carea' id='block_1_1' title="bbox 120 252 299 359">
    <p class='ocr_par' dir='ltr' id='par_1_1' title="bbox 120 252 299 359">
     <span class='ocr_line' id='line_1_1' title="bbox 120 252 299 359; baseline 0.022 -4"><span class='ocrx_word' id='word_1_1' title='bbox 120 290 252 359; x_wconf 67' lang='lat'><strong>1233</strong></span> <span class='ocrx_word' id='word_1_2' title='bbox 294 252 299 258; x_wconf 53' lang='grc'><em>’</em></span> 
     </span>
    </p>
   </div>
   <div class='ocr_carea' id='block_1_2' title="bbox 1253 306 2239 372">
    <p class='ocr_par' dir='ltr' id='par_1_2' title="bbox 1253 306 2239 372">
     <span class='ocr_line' id='line_1_2' title="bbox 1253 306 2239 372; baseline 0.007 -7"><span class='ocrx_word' id='word_1_3' title='bbox 1253 306 1720 367; x_wconf 79' lang='lat' dir='ltr'><strong>FRAGMENTA</strong></span> <span class='ocrx_word' id='word_1_4' title='bbox 1761 309 1843 370; x_wconf 86' lang='lat' dir='ltr'><strong>IN</strong></span> <span class='ocrx_word' id='word_1_5' title='bbox 1882 309 2239 372; x_wconf 82' lang='lat' dir='ltr'><strong>PSALMOS.</strong></span> 
     </span>
    </p>
   </div>
   <div class='ocr_carea' id='block_1_3' title="bbox 3223 312 3358 381">
    <p class='ocr_par' dir='ltr' id='par_1_3' title="bbox 3223 312 3358 381">
     <span class='ocr_line' id='line_1_3' title="bbox 3223 312 3358 381; baseline -0.015 -1"><span class='ocrx_word' id='word_1_6' title='bbox 3223 312 3358 381; x_wconf 60' lang='lat'><strong>19.34</strong></span> 
     </span>
    </p>
   </div>
   <div class='ocr_carea' id='block_1_4' title="bbox 114 403 1647 502">
    <p class='ocr_par' dir='ltr' id='par_1_4' title="bbox 114 403 1647 491">
     <span class='ocr_line' id='line_1_4' title="bbox 114 403 1647 491; baseline 0.01 -33"><span class='ocrx_word' id='word_1_7' title='bbox 114 406 583 479; x_wconf 83' lang='grc' dir='ltr'>ἀκολουθήσωμεν.</span> <span class='ocrx_word' id='word_1_8' title='bbox 602 403 762 465; x_wconf 73' lang='grc' dir='ltr'>Οὗτοι</span> <span class='ocrx_word' id='word_1_9' title='bbox 784 412 965 468; x_wconf 80' lang='grc' dir='ltr'>τοίνυν</span> <span class='ocrx_word' id='word_1_10' title='bbox 988 414 1357 486; x_wconf 85' lang='grc' dir='ltr'>αἰσχύνονται,</span> <span class='ocrx_word' id='word_1_11' title='bbox 1377 420 1507 474; x_wconf 81' lang='grc' dir='ltr'>ὅταν</span> <span class='ocrx_word' id='word_1_12' title='bbox 1531 421 1647 491; x_wconf 81' lang='grc' dir='ltr'><strong>ήμᾶ</strong></span> 
     </span>
    </p>
   </div>
   <div class='ocr_carea' id='block_1_5' title="bbox 1788 403 3356 502">
    <p class='ocr_par' dir='ltr' id='par_1_5' title="bbox 1788 422 3356 502">
     <span class='ocr_line' id='line_1_5' title="bbox 1788 422 3356 502; baseline 0.006 -26"><span class='ocrx_word' id='word_1_13' title='bbox 1788 422 1961 494; x_wconf 99' lang='lat' dir='ltr'><strong>itaque</strong></span> <span class='ocrx_word' id='word_1_14' title='bbox 1988 424 2418 491; x_wconf 76' lang='lat' dir='ltr'><strong>confunduntur,</strong></span> <span class='ocrx_word' id='word_1_15' title='bbox 2445 427 2662 497; x_wconf 87' lang='lat' dir='ltr'><strong>quando</strong></span> <span class='ocrx_word' id='word_1_16' title='bbox 2688 444 2787 486; x_wconf 85' lang='lat' dir='ltr'><strong>nos</strong></span> <span class='ocrx_word' id='word_1_17' title='bbox 2815 431 3025 489; x_wconf 81' lang='lat' dir='ltr'><strong>insidiis</strong></span> <span class='ocrx_word' id='word_1_18' title='bbox 3062 433 3173 487; x_wconf 83' lang='lat' dir='ltr'><strong>suis</strong></span> <span class='ocrx_word' id='word_1_19' title='bbox 3200 432 3356 502; x_wconf 79' lang='lat' dir='ltr'><strong>longe</strong></span> 
     </span>
    </p>
   </div>
   <div class='ocr_carea' id='block_1_6' title="bbox 32 497 1682 585">
    <p class='ocr_par' dir='ltr' id='par_1_6' title="bbox 32 497 1682 585">
     <span class='ocr_line' id='line_1_6' title="bbox 32 497 1682 585; baseline 0.01 -36"><span class='ocrx_word' id='word_1_20' title='bbox 32 574 39 585; x_wconf 35' lang='grc' dir='ltr'><strong>η</strong></span> <span class='ocrx_word' id='word_1_21' title='bbox 112 497 466 571; x_wconf 76' lang='grc' dir='ltr'><strong>ὑψηλοτέρους</strong></span> <span class='ocrx_word' id='word_1_22' title='bbox 489 503 621 558; x_wconf 87' lang='grc' dir='ltr'>πολὺ</span> <span class='ocrx_word' id='word_1_23' title='bbox 648 505 746 575; x_wconf 80' lang='grc' dir='ltr'>τῆς</span> <span class='ocrx_word' id='word_1_24' title='bbox 767 508 899 578; x_wconf 80' lang='grc' dir='ltr'>παρ’</span> <span class='ocrx_word' id='word_1_25' title='bbox 919 508 1097 563; x_wconf 85' lang='grc' dir='ltr'>αὐτῶν</span> <span class='ocrx_word' id='word_1_26' title='bbox 1118 510 1414 582; x_wconf 73' lang='grc' dir='ltr'>ἐπιϐουλῆς</span> <span class='ocrx_word' id='word_1_27' title='bbox 1440 512 1535 565; x_wconf 75' lang='grc' dir='ltr'>καὶ</span> <span class='ocrx_word' id='word_1_28' title='bbox 1552 529 1682 567; x_wconf 86' lang='grc' dir='ltr'>κατ-</span> 
     </span>
    </p>
   </div>
   <div class='ocr_carea' id='block_1_7' title="bbox 32 588 751 662">
    <p class='ocr_par' dir='ltr' id='par_1_7' title="bbox 32 588 751 662">
     <span class='ocr_line' id='line_1_7' title="bbox 32 588 751 662; baseline 0.017 -21"><span class='ocrx_word' id='word_1_29' title='bbox 32 588 39 603; x_wconf 90' lang='grc'>¹</span> <span class='ocrx_word' id='word_1_30' title='bbox 106 591 396 662; x_wconf 86' lang='grc' dir='ltr'>ορθοῦντας</span> <span class='ocrx_word' id='word_1_31' title='bbox 425 594 751 654; x_wconf 81' lang='grc' dir='ltr'><strong>θεάσωνται.</strong></span> 
     </span>
    </p>
   </div>
   <div class='ocr_carea' id='block_1_8' title="bbox 32 672 1145 762">
    <p class='ocr_par' dir='ltr' id='par_1_8' title="bbox 32 672 1145 762">
     <span class='ocr_line' id='line_1_8' title="bbox 32 672 1145 762; baseline 0.013 -30"><span class='ocrx_word' id='word_1_32' title='bbox 32 672 33 677; x_wconf 39' lang='grc'><em>“</em></span> <span class='ocrx_word' id='word_1_33' title='bbox 180 700 201 734; x_wconf 82' lang='grc' dir='ltr'><strong>ι</strong></span> <span class='ocrx_word' id='word_1_34' title='bbox 225 684 725 758; x_wconf 83' lang='grc' dir='ltr'>Ἀποστραφείησαν</span> <span class='ocrx_word' id='word_1_35' title='bbox 759 707 833 745; x_wconf 89' lang='grc' dir='ltr'><strong>πα</strong></span> <span class='ocrx_word' id='word_1_36' title='bbox 844 694 1097 762; x_wconf 85' lang='grc' dir='ltr'>ραυτίκα.</span> <span class='ocrx_word' id='word_1_37' title='bbox 1125 713 1145 746; x_wconf 76' lang='grc' dir='ltr'><strong>ι</strong></span> 
     </span>
    </p>
   </div>
   <div class='ocr_carea' id='block_1_9' title="bbox 170 775 1680 852">
    <p class='ocr_par' dir='ltr' id='par_1_9' title="bbox 170 775 1680 852">
     <span class='ocr_line' id='line_1_9' title="bbox 170 775 1680 852; baseline 0.009 -27"><span class='ocrx_word' id='word_1_38' title='bbox 170 775 533 842; x_wconf 83' lang='grc' dir='ltr'>Παραυτίκα,</span> <span class='ocrx_word' id='word_1_39' title='bbox 568 779 852 836; x_wconf 81' lang='grc' dir='ltr'><strong>τουτέστιν</strong></span> <span class='ocrx_word' id='word_1_40' title='bbox 881 782 1105 847; x_wconf 84' lang='grc' dir='ltr'>εὐθέως,</span> <span class='ocrx_word' id='word_1_41' title='bbox 1141 782 1238 835; x_wconf 79' lang='grc' dir='ltr'><strong>καὶ</strong></span> <span class='ocrx_word' id='word_1_42' title='bbox 1268 781 1538 852; x_wconf 84' lang='grc' dir='ltr'>ἀναϐολῆς</span> <span class='ocrx_word' id='word_1_43' title='bbox 1571 799 1680 852; x_wconf 88' lang='grc' dir='ltr'>χω-</span> 
     </span>
    </p>
   </div>
   <div class='ocr_carea' id='block_1_10' title="bbox 32 860 1681 944">
    <p class='ocr_par' dir='ltr' id='par_1_10' title="bbox 32 860 1681 944">
     <span class='ocr_line' id='line_1_10' title="bbox 32 860 1681 944; baseline -0.001 -18"><span class='ocrx_word' id='word_1_44' title='bbox 32 860 35 889; x_wconf 68' lang='grc'>²</span> <span class='ocrx_word' id='word_1_45' title='bbox 92 863 204 933; x_wconf 74' lang='grc' dir='ltr'>ρίς.</span> <span class='ocrx_word' id='word_1_46' title='bbox 219 864 377 929; x_wconf 83' lang='grc' dir='ltr'>Τίνας</span> <span class='ocrx_word' id='word_1_47' title='bbox 409 866 467 920; x_wconf 87' lang='grc' dir='ltr'>δὲ</span> <span class='ocrx_word' id='word_1_48' title='bbox 489 870 545 921; x_wconf 78' lang='grc' dir='ltr'>ὲν</span> <span class='ocrx_word' id='word_1_49' title='bbox 565 870 720 940; x_wconf 82' lang='grc' dir='ltr'>τάχει</span> <span class='ocrx_word' id='word_1_50' title='bbox 741 874 1207 944; x_wconf 82' lang='grc' dir='ltr'>καταισχυνθῆναι</span> <span class='ocrx_word' id='word_1_51' title='bbox 1228 873 1481 944; x_wconf 83' lang='grc' dir='ltr'>βούλεται</span> <span class='ocrx_word' id='word_1_52' title='bbox 1501 888 1518 938; x_wconf 87' lang='grc'>;</span> <span class='ocrx_word' id='word_1_53' title='bbox 1540 872 1681 935; x_wconf 84' lang='grc' dir='ltr'>Τοὺς</span> 
     </span>
    </p>
   </div>
   <div class='ocr_carea' id='block_1_11' title="bbox 96 953 1675 1033">
    <p class='ocr_par' dir='ltr' id='par_1_11' title="bbox 96 953 1675 1033">
     <span class='ocr_line' id='line_1_11' title="bbox 96 953 1675 1033; baseline 0.013 -28"><span class='ocrx_word' id='word_1_54' title='bbox 96 953 378 1023; x_wconf 85' lang='grc' dir='ltr'>λέγοντας·</span> <span class='ocrx_word' id='word_1_55' title='bbox 415 955 594 1030; x_wconf 79' lang='grc' dir='ltr'>Εὖγε,</span> <span class='ocrx_word' id='word_1_56' title='bbox 623 957 799 1032; x_wconf 66' lang='grc' dir='ltr'>εὖγε·</span> <span class='ocrx_word' id='word_1_57' title='bbox 841 965 1086 1019; x_wconf 77' lang='grc' dir='ltr'><strong>τουτέστι</strong></span> <span class='ocrx_word' id='word_1_58' title='bbox 1136 966 1262 1028; x_wconf 84' lang='grc' dir='ltr'>τοὺς</span> <span class='ocrx_word' id='word_1_59' title='bbox 1311 964 1675 1033; x_wconf 73' lang='grc' dir='ltr'>ἐγγελῶντας,</span> 
     </span>
    </p>
   </div>
   <div class='ocr_carea' id='block_1_12' title="bbox 32 1048 1679 1126">
    <p class='ocr_par' dir='ltr' id='par_1_12' title="bbox 32 1048 1679 1126">
     <span class='ocr_line' id='line_1_12' title="bbox 32 1048 1679 1126; baseline 0.006 -27"><span class='ocrx_word' id='word_1_60' title='bbox 32 1066 33 1073; x_wconf 49' lang='grc' dir='ltr'><strong>η</strong></span> <span class='ocrx_word' id='word_1_61' title='bbox 94 1048 219 1111; x_wconf 88' lang='grc' dir='ltr'>τοὺς</span> <span class='ocrx_word' id='word_1_62' title='bbox 261 1050 680 1122; x_wconf 83' lang='grc' dir='ltr'>κολακεύοντας,</span> <span class='ocrx_word' id='word_1_63' title='bbox 714 1057 842 1120; x_wconf 87' lang='grc' dir='ltr'>τοὺς</span> <span class='ocrx_word' id='word_1_64' title='bbox 880 1058 1229 1125; x_wconf 83' lang='grc' dir='ltr'>ἀπατῶντας,</span> <span class='ocrx_word' id='word_1_65' title='bbox 1260 1058 1388 1122; x_wconf 89' lang='grc' dir='ltr'>τοὺς</span> <span class='ocrx_word' id='word_1_66' title='bbox 1416 1056 1679 1126; x_wconf 82' lang='grc' dir='ltr'>ἀποδεχο-</span> 
     </span>
    </p>
   </div>
   <div class='ocr_carea' id='block_1_13' title="bbox 95 1140 1678 1218">
    <p class='ocr_par' dir='ltr' id='par_1_13' title="bbox 95 1140 1678 1218">
     <span class='ocr_line' id='line_1_13' title="bbox 95 1140 1678 1218; baseline -0.006 -15"><span class='ocrx_word' id='word_1_67' title='bbox 95 1143 289 1206; x_wconf 77' lang='grc' dir='ltr'><strong>μένους</strong></span> <span class='ocrx_word' id='word_1_68' title='bbox 316 1140 394 1205; x_wconf 83' lang='grc' dir='ltr'>ὡς</span> <span class='ocrx_word' id='word_1_69' title='bbox 424 1143 605 1212; x_wconf 83' lang='grc' dir='ltr'>ἀγαθά</span> <span class='ocrx_word' id='word_1_70' title='bbox 632 1144 703 1198; x_wconf 88' lang='grc' dir='ltr'><strong>τά</strong></span> <span class='ocrx_word' id='word_1_71' title='bbox 726 1143 966 1218; x_wconf 82' lang='grc' dir='ltr'>βλαϐερά</span> <span class='ocrx_word' id='word_1_72' title='bbox 986 1149 1080 1201; x_wconf 74' lang='grc' dir='ltr'>καὶ</span> <span class='ocrx_word' id='word_1_73' title='bbox 1103 1147 1401 1216; x_wconf 84' lang='grc' dir='ltr'>θανάσιμα.</span> <span class='ocrx_word' id='word_1_74' title='bbox 1427 1145 1574 1215; x_wconf 75' lang='grc' dir='ltr'>Πλὴν</span> <span class='ocrx_word' id='word_1_75' title='bbox 1592 1144 1678 1197; x_wconf 78' lang='grc' dir='ltr'><strong>ὅτι</strong></span> 
     </span>
    </p>
   </div>
   <div class='ocr_carea' id='block_1_14' title="bbox 91 1228 1677 1310">
    <p class='ocr_par' dir='ltr' id='par_1_14' title="bbox 91 1228 1677 1310">
     <span class='ocr_line' id='line_1_14' title="bbox 91 1228 1677 1310; baseline 0.005 -30"><span class='ocrx_word' id='word_1_76' title='bbox 91 1230 218 1294; x_wconf 84' lang='grc' dir='ltr'>τοὺς</span> <span class='ocrx_word' id='word_1_77' title='bbox 250 1232 348 1302; x_wconf 76' lang='grc' dir='ltr'>μὲν</span> <span class='ocrx_word' id='word_1_78' title='bbox 376 1236 605 1306; x_wconf 68' lang='grc' dir='ltr'>νοητοὺς</span> <span class='ocrx_word' id='word_1_79' title='bbox 638 1228 866 1308; x_wconf 76' lang='grc' dir='ltr'>ἐχθροὺς</span> <span class='ocrx_word' id='word_1_80' title='bbox 895 1239 1364 1310; x_wconf 65' lang='grc' dir='ltr'>καταισχυνθῖψαι</span> <span class='ocrx_word' id='word_1_81' title='bbox 1404 1238 1500 1291; x_wconf 79' lang='grc' dir='ltr'>καὶ</span> <span class='ocrx_word' id='word_1_82' title='bbox 1540 1237 1677 1289; x_wconf 88' lang='grc' dir='ltr'>ἀπο-</span> 
     </span>
    </p>
   </div>
   <div class='ocr_carea' id='block_1_15' title="bbox 94 1324 1679 1399">
    <p class='ocr_par' dir='ltr' id='par_1_15' title="bbox 94 1324 1679 1399">
     <span class='ocr_line' id='line_1_15' title="bbox 94 1324 1679 1399; baseline 0.004 -27"><span class='ocrx_word' id='word_1_83' title='bbox 94 1324 404 1393; x_wconf 80' lang='grc' dir='ltr'>στραφῆναι</span> <span class='ocrx_word' id='word_1_84' title='bbox 429 1324 612 1397; x_wconf 81' lang='grc' dir='ltr'>μόνον,</span> <span class='ocrx_word' id='word_1_85' title='bbox 636 1329 762 1392; x_wconf 90' lang='grc' dir='ltr'>τοὺς</span> <span class='ocrx_word' id='word_1_86' title='bbox 786 1328 844 1382; x_wconf 80' lang='grc' dir='ltr'>δὲ</span> <span class='ocrx_word' id='word_1_87' title='bbox 873 1329 1164 1397; x_wconf 76' lang='grc' dir='ltr'>αἰσθητοὺς</span> <span class='ocrx_word' id='word_1_88' title='bbox 1184 1328 1274 1383; x_wconf 84' lang='grc' dir='ltr'>διὰ</span> <span class='ocrx_word' id='word_1_89' title='bbox 1294 1330 1492 1399; x_wconf 83' lang='grc' dir='ltr'>τάχους</span> <span class='ocrx_word' id='word_1_90' title='bbox 1511 1342 1679 1396; x_wconf 84' lang='grc' dir='ltr'>προσ-</span> 
     </span>
    </p>
   </div>
   <div class='ocr_carea' id='block_1_16' title="bbox 90 1410 1672 1488">
    <p class='ocr_par' dir='ltr' id='par_1_16' title="bbox 90 1410 1672 1488">
     <span class='ocr_line' id='line_1_16' title="bbox 90 1410 1672 1488; baseline 0.003 -27"><span class='ocrx_word' id='word_1_91' title='bbox 90 1410 311 1480; x_wconf 86' lang='grc' dir='ltr'>εύχεται</span> <span class='ocrx_word' id='word_1_92' title='bbox 332 1429 346 1443; x_wconf 93' lang='grc'><strong>·</strong></span> <span class='ocrx_word' id='word_1_93' title='bbox 369 1414 728 1488; x_wconf 84' lang='grc' dir='ltr'>εὐκολώτεροι</span> <span class='ocrx_word' id='word_1_94' title='bbox 749 1419 857 1488; x_wconf 81' lang='grc' dir='ltr'>γὰρ</span> <span class='ocrx_word' id='word_1_95' title='bbox 877 1412 1046 1486; x_wconf 74' lang='grc' dir='ltr'>οὗτοι,</span> <span class='ocrx_word' id='word_1_96' title='bbox 1065 1418 1139 1483; x_wconf 86' lang='grc' dir='ltr'>ὡς</span> <span class='ocrx_word' id='word_1_97' title='bbox 1164 1417 1383 1488; x_wconf 72' lang='grc' dir='ltr'>ἀδελφοὶ</span> <span class='ocrx_word' id='word_1_98' title='bbox 1400 1419 1468 1488; x_wconf 83' lang='grc' dir='ltr'>τῇ</span> <span class='ocrx_word' id='word_1_99' title='bbox 1492 1414 1672 1486; x_wconf 84' lang='grc' dir='ltr'>φύσει,</span> 
     </span>
    </p>
   </div>
   <div class='ocr_carea' id='block_1_17' title="bbox 89 1502 950 1581">
    <p class='ocr_par' dir='ltr' id='par_1_17' title="bbox 89 1502 950 1581">
     <span class='ocr_line' id='line_1_17' title="bbox 89 1502 950 1581; baseline 0.01 -27"><span class='ocrx_word' id='word_1_100' title='bbox 89 1502 185 1555; x_wconf 76' lang='grc' dir='ltr'>καὶ</span> <span class='ocrx_word' id='word_1_101' title='bbox 212 1505 519 1574; x_wconf 80' lang='grc' dir='ltr'>ὁμογενεῖς,</span> <span class='ocrx_word' id='word_1_102' title='bbox 546 1508 641 1561; x_wconf 74' lang='grc' dir='ltr'>καὶ</span> <span class='ocrx_word' id='word_1_103' title='bbox 665 1510 950 1581; x_wconf 85' lang='grc' dir='ltr'>ὁμόφυλοι.</span> 
     </span>
    </p>
   </div>
   <div class='ocr_carea' id='block_1_18' title="bbox 164 1595 1388 1672">
    <p class='ocr_par' dir='ltr' id='par_1_18' title="bbox 164 1595 1388 1672">
     <span class='ocr_line' id='line_1_18' title="bbox 164 1595 1388 1672; baseline 0.005 -28"><span class='ocrx_word' id='word_1_104' title='bbox 164 1613 182 1644; x_wconf 78' lang='grc' dir='ltr'><strong>ι</strong></span> <span class='ocrx_word' id='word_1_105' title='bbox 208 1595 689 1664; x_wconf 84' lang='grc' dir='ltr'>Ἀγαλλιάσθωσαν</span> <span class='ocrx_word' id='word_1_106' title='bbox 722 1601 816 1656; x_wconf 67' lang='grc' dir='ltr'>καὶ</span> <span class='ocrx_word' id='word_1_107' title='bbox 854 1600 1337 1672; x_wconf 69' lang='grc' dir='ltr'>εὐφρανθήτωσαν.</span> <span class='ocrx_word' id='word_1_108' title='bbox 1369 1617 1388 1650; x_wconf 76' lang='grc' dir='ltr'><strong>ι</strong></span> 
     </span>
    </p>
   </div>
   <div class='ocr_carea' id='block_1_19' title="bbox 159 1685 1673 1764">
    <p class='ocr_par' dir='ltr' id='par_1_19' title="bbox 159 1685 1673 1764">
     <span class='ocr_line' id='line_1_19' title="bbox 159 1685 1673 1764; baseline 0.003 -27"><span class='ocrx_word' id='word_1_109' title='bbox 159 1685 438 1757; x_wconf 83' lang='grc' dir='ltr'>Σωτήριον</span> <span class='ocrx_word' id='word_1_110' title='bbox 471 1688 567 1743; x_wconf 75' lang='grc' dir='ltr'><strong>τοῦ</strong></span> <span class='ocrx_word' id='word_1_111' title='bbox 614 1691 829 1762; x_wconf 76' lang='grc' dir='ltr'>Πατρὸς</span> <span class='ocrx_word' id='word_1_112' title='bbox 872 1692 903 1745; x_wconf 77' lang='grc' dir='ltr'><strong>ὁ</strong></span> <span class='ocrx_word' id='word_1_113' title='bbox 943 1692 1178 1763; x_wconf 79' lang='grc' dir='ltr'>Χριστὸς</span> <span class='ocrx_word' id='word_1_114' title='bbox 1225 1690 1573 1764; x_wconf 77' lang='grc' dir='ltr'>ὀνομάζεται·</span> <span class='ocrx_word' id='word_1_115' title='bbox 1613 1688 1673 1741; x_wconf 79' lang='grc' dir='ltr'>ὲν</span> 
     </span>
    </p>
   </div>
   <div class='ocr_carea' id='block_1_20' title="bbox 1784 519 2966 593">
    <p class='ocr_par' dir='ltr' id='par_1_20' title="bbox 1784 519 2966 593">
     <span class='ocr_line' id='line_1_20' title="bbox 1784 519 2966 593; baseline 0.005 -20"><span class='ocrx_word' id='word_1_116' title='bbox 1784 519 2093 588; x_wconf 80' lang='lat' dir='ltr'><strong>superiores</strong></span> <span class='ocrx_word' id='word_1_117' title='bbox 2114 528 2169 575; x_wconf 92' lang='lat' dir='ltr'><strong>et</strong></span> <span class='ocrx_word' id='word_1_118' title='bbox 2199 530 2346 575; x_wconf 89' lang='lat' dir='ltr'><strong>recte</strong></span> <span class='ocrx_word' id='word_1_119' title='bbox 2370 535 2528 591; x_wconf 77' lang='lat' dir='ltr'><strong>agere</strong></span> <span class='ocrx_word' id='word_1_120' title='bbox 2565 525 2966 593; x_wconf 81' lang='lat' dir='ltr'><strong>conspexerint.</strong></span> 
     </span>
    </p>
   </div>
   <div class='ocr_carea' id='block_1_21' title="bbox 1852 688 2803 753">
    <p class='ocr_par' dir='ltr' id='par_1_21' title="bbox 1852 688 2803 753">
     <span class='ocr_line' id='line_1_21' title="bbox 1852 688 2803 753; baseline 0.007 -9"><span class='ocrx_word' id='word_1_121' title='bbox 1852 688 2012 745; x_wconf 75' lang='lat' dir='ltr'><strong>Vsus.</strong></span> <span class='ocrx_word' id='word_1_122' title='bbox 2040 694 2092 747; x_wconf 78' lang='grc'>4.</span> <span class='ocrx_word' id='word_1_123' title='bbox 2139 710 2159 744; x_wconf 73' lang='grc' dir='ltr'><strong>ι</strong></span> <span class='ocrx_word' id='word_1_124' title='bbox 2193 694 2521 750; x_wconf 83' lang='lat' dir='ltr'><strong>Avertantur</strong></span> <span class='ocrx_word' id='word_1_125' title='bbox 2545 699 2749 753; x_wconf 87' lang='lat' dir='ltr'><strong>statim.</strong></span> <span class='ocrx_word' id='word_1_126' title='bbox 2784 719 2803 751; x_wconf 74' lang='grc' dir='ltr'><strong>ι</strong></span> 
     </span>
    </p>
   </div>
   <div class='ocr_carea' id='block_1_22' title="bbox 1853 784 3353 859">
    <p class='ocr_par' dir='ltr' id='par_1_22' title="bbox 1853 784 3353 859">
     <span class='ocr_line' id='line_1_22' title="bbox 1853 784 3353 859; baseline 0.007 -21"><span class='ocrx_word' id='word_1_127' title='bbox 1853 784 2072 853; x_wconf 79' lang='lat' dir='ltr'><strong>Statim,</strong></span> <span class='ocrx_word' id='word_1_128' title='bbox 2095 784 2148 840; x_wconf 91' lang='lat' dir='ltr'><strong>id</strong></span> <span class='ocrx_word' id='word_1_129' title='bbox 2171 794 2255 840; x_wconf 90' lang='lat' dir='ltr'><strong>est</strong></span> <span class='ocrx_word' id='word_1_130' title='bbox 2284 787 2450 853; x_wconf 86' lang='lat' dir='ltr'><strong>illico,</strong></span> <span class='ocrx_word' id='word_1_131' title='bbox 2477 797 2532 844; x_wconf 90' lang='lat' dir='ltr'><strong>et</strong></span> <span class='ocrx_word' id='word_1_132' title='bbox 2559 789 2679 845; x_wconf 85' lang='lat' dir='ltr'><strong>sine</strong></span> <span class='ocrx_word' id='word_1_133' title='bbox 2702 790 2979 847; x_wconf 91' lang='lat' dir='ltr'><strong>dilatione.</strong></span> <span class='ocrx_word' id='word_1_134' title='bbox 3003 791 3151 859; x_wconf 89' lang='lat' dir='ltr'><strong>Quos</strong></span> <span class='ocrx_word' id='word_1_135' title='bbox 3173 802 3353 848; x_wconf 87' lang='lat' dir='ltr'><strong>autem</strong></span> 
     </span>
    </p>
   </div>
   <div class='ocr_carea' id='block_1_23' title="bbox 1780 873 3353 954">
    <p class='ocr_par' dir='ltr' id='par_1_23' title="bbox 1780 873 3353 954">
     <span class='ocr_line' id='line_1_23' title="bbox 1780 873 3353 954; baseline 0.006 -26"><span class='ocrx_word' id='word_1_136' title='bbox 1780 873 2067 929; x_wconf 78' lang='lat' dir='ltr'><strong>confestim</strong></span> <span class='ocrx_word' id='word_1_137' title='bbox 2090 876 2204 931; x_wconf 82' lang='lat' dir='ltr'><strong>vult</strong></span> <span class='ocrx_word' id='word_1_138' title='bbox 2232 878 2593 935; x_wconf 85' lang='lat' dir='ltr'><strong>erubescere?</strong></span> <span class='ocrx_word' id='word_1_139' title='bbox 2611 880 2714 947; x_wconf 90' lang='lat' dir='ltr'><strong>Qui</strong></span> <span class='ocrx_word' id='word_1_140' title='bbox 2744 882 2935 938; x_wconf 91' lang='lat' dir='ltr'><strong>dicunt</strong></span> <span class='ocrx_word' id='word_1_141' title='bbox 2960 901 2973 936; x_wconf 89' lang='lat'><strong>:</strong></span> <span class='ocrx_word' id='word_1_142' title='bbox 2998 883 3164 954; x_wconf 82' lang='lat' dir='ltr'><strong>Euge,</strong></span> <span class='ocrx_word' id='word_1_143' title='bbox 3189 900 3353 954; x_wconf 82' lang='lat' dir='ltr'><strong>euge;</strong></span> 
     </span>
    </p>
   </div>
   <div class='ocr_carea' id='block_1_24' title="bbox 1779 964 3353 1046">
    <p class='ocr_par' dir='ltr' id='par_1_24' title="bbox 1779 964 3353 1046">
     <span class='ocr_line' id='line_1_24' title="bbox 1779 964 3353 1046; baseline 0.008 -28"><span class='ocrx_word' id='word_1_144' title='bbox 1779 964 1834 1020; x_wconf 90' lang='lat' dir='ltr'><strong>id</strong></span> <span class='ocrx_word' id='word_1_145' title='bbox 1853 975 1955 1030; x_wconf 84' lang='lat' dir='ltr'><strong>est,</strong></span> <span class='ocrx_word' id='word_1_146' title='bbox 1971 966 2248 1034; x_wconf 85' lang='lat' dir='ltr'><strong>irrisores,</strong></span> <span class='ocrx_word' id='word_1_147' title='bbox 2271 970 2599 1040; x_wconf 82' lang='lat' dir='ltr'><strong>adulatores,</strong></span> <span class='ocrx_word' id='word_1_148' title='bbox 2615 973 2961 1044; x_wconf 89' lang='lat' dir='ltr'><strong>impostores,</strong></span> <span class='ocrx_word' id='word_1_149' title='bbox 2984 976 3076 1045; x_wconf 88' lang='lat' dir='ltr'><strong>qui</strong></span> <span class='ocrx_word' id='word_1_150' title='bbox 3097 990 3353 1046; x_wconf 83' lang='lat' dir='ltr'><strong>tanquam</strong></span> 
     </span>
    </p>
   </div>
   <div class='ocr_carea' id='block_1_25' title="bbox 1778 1055 3349 1138">
    <p class='ocr_par' dir='ltr' id='par_1_25' title="bbox 1778 1055 3349 1138">
     <span class='ocr_line' id='line_1_25' title="bbox 1778 1055 3349 1138; baseline 0.007 -29"><span class='ocrx_word' id='word_1_151' title='bbox 1778 1055 1941 1122; x_wconf 89' lang='lat' dir='ltr'><strong>bona,</strong></span> <span class='ocrx_word' id='word_1_152' title='bbox 1978 1072 2040 1111; x_wconf 90' lang='lat' dir='ltr'><strong>ea</strong></span> <span class='ocrx_word' id='word_1_153' title='bbox 2090 1073 2211 1128; x_wconf 82' lang='lat' dir='ltr'><strong>quae</strong></span> <span class='ocrx_word' id='word_1_154' title='bbox 2252 1062 2413 1117; x_wconf 85' lang='lat' dir='ltr'><strong>noxia</strong></span> <span class='ocrx_word' id='word_1_155' title='bbox 2458 1075 2513 1118; x_wconf 91' lang='lat' dir='ltr'><strong>et</strong></span> <span class='ocrx_word' id='word_1_156' title='bbox 2554 1065 2804 1120; x_wconf 84' lang='lat' dir='ltr'><strong>mortalia</strong></span> <span class='ocrx_word' id='word_1_157' title='bbox 2847 1076 2994 1130; x_wconf 87' lang='lat' dir='ltr'><strong>sunt,</strong></span> <span class='ocrx_word' id='word_1_158' title='bbox 3027 1069 3349 1138; x_wconf 83' lang='lat' dir='ltr'><strong>suscipiunt.</strong></span> 
     </span>
    </p>
   </div>
   <div class='ocr_carea' id='block_1_26' title="bbox 1780 1145 3353 1223">
    <p class='ocr_par' dir='ltr' id='par_1_26' title="bbox 1780 1145 3353 1223">
     <span class='ocr_line' id='line_1_26' title="bbox 1780 1145 3353 1223; baseline 0.007 -23"><span class='ocrx_word' id='word_1_159' title='bbox 1780 1145 2164 1205; x_wconf 84' lang='lat' dir='ltr'><strong>Verumtamen</strong></span> <span class='ocrx_word' id='word_1_160' title='bbox 2202 1152 2478 1220; x_wconf 87' lang='lat' dir='ltr'><strong>spiritales</strong></span> <span class='ocrx_word' id='word_1_161' title='bbox 2503 1155 2721 1223; x_wconf 88' lang='lat' dir='ltr'><strong>quidem</strong></span> <span class='ocrx_word' id='word_1_162' title='bbox 2749 1157 2999 1212; x_wconf 82' lang='lat' dir='ltr'><strong>inimicos</strong></span> <span class='ocrx_word' id='word_1_163' title='bbox 3026 1158 3353 1212; x_wconf 78' lang='lat' dir='ltr'><strong>erubescere</strong></span> 
     </span>
    </p>
   </div>
   <div class='ocr_carea' id='block_1_27' title="bbox 1777 1239 3355 1307">
    <p class='ocr_par' dir='ltr' id='par_1_27' title="bbox 1777 1239 3355 1307">
     <span class='ocr_line' id='line_1_27' title="bbox 1777 1239 3355 1307; baseline 0.005 -13"><span class='ocrx_word' id='word_1_164' title='bbox 1777 1239 2041 1296; x_wconf 80' lang='lat' dir='ltr'><strong>duntaxat</strong></span> <span class='ocrx_word' id='word_1_165' title='bbox 2066 1251 2120 1297; x_wconf 91' lang='lat' dir='ltr'><strong>et</strong></span> <span class='ocrx_word' id='word_1_166' title='bbox 2143 1244 2335 1307; x_wconf 78' lang='lat' dir='ltr'><strong>averti,</strong></span> <span class='ocrx_word' id='word_1_167' title='bbox 2384 1245 2480 1300; x_wconf 85' lang='lat' dir='ltr'><strong>sed</strong></span> <span class='ocrx_word' id='word_1_168' title='bbox 2506 1247 2790 1302; x_wconf 87' lang='lat' dir='ltr'><strong>sensibiles</strong></span> <span class='ocrx_word' id='word_1_169' title='bbox 2819 1247 2940 1303; x_wconf 89' lang='lat' dir='ltr'><strong>illos</strong></span> <span class='ocrx_word' id='word_1_170' title='bbox 2969 1263 3104 1302; x_wconf 89' lang='lat' dir='ltr'><strong>cum-</strong></span> <span class='ocrx_word' id='word_1_171' title='bbox 3129 1247 3355 1302; x_wconf 82' lang='lat' dir='ltr'><strong>festina-</strong></span> 
     </span>
    </p>
   </div>
   <div class='ocr_carea' id='block_1_28' title="bbox 1778 1331 3351 1409">
    <p class='ocr_par' dir='ltr' id='par_1_28' title="bbox 1778 1331 3351 1409">
     <span class='ocr_line' id='line_1_28' title="bbox 1778 1331 3351 1409; baseline 0.005 -24"><span class='ocrx_word' id='word_1_172' title='bbox 1778 1331 1928 1387; x_wconf 87' lang='lat' dir='ltr'><strong>tione</strong></span> <span class='ocrx_word' id='word_1_173' title='bbox 1968 1334 2140 1388; x_wconf 87' lang='lat' dir='ltr'><strong>averti</strong></span> <span class='ocrx_word' id='word_1_174' title='bbox 2184 1342 2379 1406; x_wconf 75' lang='lat' dir='ltr'><strong>rogat:</strong></span> <span class='ocrx_word' id='word_1_175' title='bbox 2407 1336 2465 1389; x_wconf 87' lang='lat' dir='ltr'><strong>hi</strong></span> <span class='ocrx_word' id='word_1_176' title='bbox 2507 1337 2654 1391; x_wconf 86' lang='lat' dir='ltr'><strong>enim</strong></span> <span class='ocrx_word' id='word_1_177' title='bbox 2701 1338 2874 1409; x_wconf 82' lang='lat' dir='ltr'><strong>magis</strong></span> <span class='ocrx_word' id='word_1_178' title='bbox 2916 1338 3130 1403; x_wconf 88' lang='lat' dir='ltr'><strong>lubrici,</strong></span> <span class='ocrx_word' id='word_1_179' title='bbox 3163 1347 3351 1406; x_wconf 81' lang='lat' dir='ltr'><strong>utpote</strong></span> 
     </span>
    </p>
   </div>
   <div class='ocr_carea' id='block_1_29' title="bbox 1779 1422 3313 1500">
    <p class='ocr_par' dir='ltr' id='par_1_29' title="bbox 1779 1422 3313 1500">
     <span class='ocr_line' id='line_1_29' title="bbox 1779 1422 3313 1500; baseline 0.006 -25"><span class='ocrx_word' id='word_1_180' title='bbox 1779 1432 1975 1477; x_wconf 89' lang='lat' dir='ltr'><strong>natura</strong></span> <span class='ocrx_word' id='word_1_181' title='bbox 2008 1422 2221 1491; x_wconf 69' lang='lat' dir='ltr'><strong>fratres,</strong></span> <span class='ocrx_word' id='word_1_182' title='bbox 2248 1435 2305 1481; x_wconf 86' lang='lat' dir='ltr'><strong>et</strong></span> <span class='ocrx_word' id='word_1_183' title='bbox 2329 1426 2574 1496; x_wconf 87' lang='lat' dir='ltr'><strong>ejusdem</strong></span> <span class='ocrx_word' id='word_1_184' title='bbox 2601 1429 2818 1500; x_wconf 73' lang='lat' dir='ltr'><strong>generis</strong></span> <span class='ocrx_word' id='word_1_185' title='bbox 2836 1469 2850 1494; x_wconf 96' lang='lat'><strong>,</strong></span> <span class='ocrx_word' id='word_1_186' title='bbox 2879 1438 2933 1483; x_wconf 88' lang='lat' dir='ltr'><strong>et</strong></span> <span class='ocrx_word' id='word_1_187' title='bbox 2956 1429 3313 1484; x_wconf 75' lang='lat' dir='ltr'><strong>contribules.</strong></span> 
     </span>
    </p>
   </div>
   <div class='ocr_carea' id='block_1_30' title="bbox 1846 1597 2898 1657">
    <p class='ocr_par' dir='ltr' id='par_1_30' title="bbox 1846 1597 2898 1657">
     <span class='ocr_line' id='line_1_30' title="bbox 1846 1597 2898 1657; baseline 0.001 -5"><span class='ocrx_word' id='word_1_188' title='bbox 1846 1597 2006 1654; x_wconf 70' lang='lat' dir='ltr'><strong>Vens.</strong></span> <span class='ocrx_word' id='word_1_189' title='bbox 2031 1599 2083 1654; x_wconf 83' lang='lat'><strong>5.</strong></span> <span class='ocrx_word' id='word_1_190' title='bbox 2130 1618 2148 1652; x_wconf 83' lang='grc' dir='ltr'><strong>ι</strong></span> <span class='ocrx_word' id='word_1_191' title='bbox 2178 1600 2464 1657; x_wconf 79' lang='lat' dir='ltr'><strong>Exsultent</strong></span> <span class='ocrx_word' id='word_1_192' title='bbox 2491 1611 2546 1656; x_wconf 89' lang='lat' dir='ltr'><strong>et</strong></span> <span class='ocrx_word' id='word_1_193' title='bbox 2567 1602 2840 1657; x_wconf 76' lang='lat' dir='ltr'><strong>ketentur.</strong></span> <span class='ocrx_word' id='word_1_194' title='bbox 2872 1623 2898 1653; x_wconf 62' lang='grc' dir='ltr'><strong>ι</strong></span> 
     </span>
    </p>
   </div>
   <div class='ocr_carea' id='block_1_31' title="bbox 1849 1687 3350 1765">
    <p class='ocr_par' dir='ltr' id='par_1_31' title="bbox 1849 1687 3350 1765">
     <span class='ocr_line' id='line_1_31' title="bbox 1849 1687 3350 1765; baseline 0.003 -21"><span class='ocrx_word' id='word_1_195' title='bbox 1849 1687 2099 1745; x_wconf 84' lang='lat' dir='ltr'><strong>Salutare</strong></span> <span class='ocrx_word' id='word_1_196' title='bbox 2147 1690 2325 1747; x_wconf 86' lang='lat' dir='ltr'><strong>Patris</strong></span> <span class='ocrx_word' id='word_1_197' title='bbox 2386 1703 2734 1763; x_wconf 88' lang='lat' dir='ltr'><strong>nuncupatur</strong></span> <span class='ocrx_word' id='word_1_198' title='bbox 2797 1694 3086 1750; x_wconf 88' lang='lat' dir='ltr'><strong>Christus:</strong></span> <span class='ocrx_word' id='word_1_199' title='bbox 3133 1694 3188 1748; x_wconf 89' lang='lat' dir='ltr'><strong>in</strong></span> <span class='ocrx_word' id='word_1_200' title='bbox 3229 1693 3350 1765; x_wconf 88' lang='lat' dir='ltr'><strong>ipso</strong></span> 
     </span>
    </p>
   </div>
   <div class='ocr_carea' id='block_1_32' title="bbox 88 1758 1647 1853">
    <p class='ocr_par' dir='ltr' id='par_1_32' title="bbox 88 1758 1647 1853">
     <span class='ocr_line' id='line_1_32' title="bbox 88 1758 1647 1853; baseline 0.004 -25"><span class='ocrx_word' id='word_1_201' title='bbox 88 1778 242 1848; x_wconf 79' lang='grc' dir='ltr'><strong>αὐτῷ</strong></span> <span class='ocrx_word' id='word_1_202' title='bbox 288 1780 402 1851; x_wconf 82' lang='grc' dir='ltr'>γὰρ</span> <span class='ocrx_word' id='word_1_203' title='bbox 454 1781 552 1836; x_wconf 81' lang='grc' dir='ltr'>τοῦ</span> <span class='ocrx_word' id='word_1_204' title='bbox 607 1758 800 1851; x_wconf 78' lang='grc' dir='ltr'>γένους</span> <span class='ocrx_word' id='word_1_205' title='bbox 826 1783 934 1836; x_wconf 87' lang='grc' dir='ltr'><strong>τῶν</strong></span> <span class='ocrx_word' id='word_1_206' title='bbox 974 1758 1281 1853; x_wconf 78' lang='grc' dir='ltr'>άνθρῶπων</span> <span class='ocrx_word' id='word_1_207' title='bbox 1418 1778 1647 1851; x_wconf 76' lang='grc' dir='ltr'>σωτηρία</span> 
     </span>
    </p>
   </div>
   <div class='ocr_carea' id='block_1_33' title="bbox 1788 1758 3341 1853">
    <p class='ocr_par' dir='ltr' id='par_1_33' title="bbox 1788 1778 3341 1851">
     <span class='ocr_line' id='line_1_33' title="bbox 1788 1778 3341 1851; baseline 0.005 -19"><span class='ocrx_word' id='word_1_208' title='bbox 1788 1778 1911 1832; x_wconf 64' lang='lat' dir='ltr'><strong>enim</strong></span> <span class='ocrx_word' id='word_1_209' title='bbox 1939 1780 2154 1851; x_wconf 80' lang='lat' dir='ltr'><strong>generis</strong></span> <span class='ocrx_word' id='word_1_210' title='bbox 2178 1782 2401 1836; x_wconf 87' lang='lat' dir='ltr'><strong>humani</strong></span> <span class='ocrx_word' id='word_1_211' title='bbox 2427 1784 2575 1839; x_wconf 88' lang='lat' dir='ltr'><strong>salus</strong></span> <span class='ocrx_word' id='word_1_212' title='bbox 2605 1782 2743 1838; x_wconf 79' lang='lat' dir='ltr'><strong>facta</strong></span> <span class='ocrx_word' id='word_1_213' title='bbox 2775 1792 2878 1839; x_wconf 88' lang='lat' dir='ltr'><strong>est.</strong></span> <span class='ocrx_word' id='word_1_214' title='bbox 2918 1784 3073 1839; x_wconf 89' lang='lat' dir='ltr'><strong>Unde</strong></span> <span class='ocrx_word' id='word_1_215' title='bbox 3130 1794 3185 1839; x_wconf 92' lang='lat' dir='ltr'><strong>et</strong></span> <span class='ocrx_word' id='word_1_216' title='bbox 3249 1786 3341 1839; x_wconf 65' lang='lat' dir='ltr'><strong>bi-</strong></span> 
     </span>
    </p>
   </div>
   <div class='ocr_carea' id='block_1_34' title="bbox 88 1868 1666 1947">
    <p class='ocr_par' dir='ltr' id='par_1_34' title="bbox 88 1868 1666 1947">
     <span class='ocr_line' id='line_1_34' title="bbox 88 1868 1666 1947; baseline 0.002 -27"><span class='ocrx_word' id='word_1_217' title='bbox 88 1868 609 1940; x_wconf 71' lang='grc' dir='ltr'>νι’έπρακται.’⁹0οεν</span> <span class='ocrx_word' id='word_1_218' title='bbox 640 1875 733 1927; x_wconf 79' lang='grc' dir='ltr'>καὶ</span> <span class='ocrx_word' id='word_1_219' title='bbox 756 1873 982 1947; x_wconf 89' lang='grc' dir='ltr'>Συμεὼν</span> <span class='ocrx_word' id='word_1_220' title='bbox 1006 1873 1297 1928; x_wconf 89' lang='grc' dir='ltr'>ἀπολαϐὼν</span> <span class='ocrx_word' id='word_1_221' title='bbox 1320 1874 1409 1928; x_wconf 83' lang='grc' dir='ltr'>τὸν</span> <span class='ocrx_word' id='word_1_222' title='bbox 1428 1870 1666 1942; x_wconf 84' lang='grc' dir='ltr'>Χριστὸν</span> 
     </span>
    </p>
   </div>
   <div class='ocr_carea' id='block_1_35' title="bbox 88 1962 1667 2037">
    <p class='ocr_par' dir='ltr' id='par_1_35' title="bbox 88 1962 1667 2037">
     <span class='ocr_line' id='line_1_35' title="bbox 88 1962 1667 2037; baseline 0.002 -24"><span class='ocrx_word' id='word_1_223' title='bbox 88 1963 147 2015; x_wconf 78' lang='grc' dir='ltr'>ὲν</span> <span class='ocrx_word' id='word_1_224' title='bbox 176 1966 299 2027; x_wconf 86' lang='grc' dir='ltr'>ταῖς</span> <span class='ocrx_word' id='word_1_225' title='bbox 329 1965 598 2034; x_wconf 83' lang='grc' dir='ltr'>ἀγκάλαις</span> <span class='ocrx_word' id='word_1_226' title='bbox 625 1967 775 2037; x_wconf 77' lang='grc' dir='ltr'>ἔλεγε</span> <span class='ocrx_word' id='word_1_227' title='bbox 795 1984 808 1999; x_wconf 95' lang='grc'><strong>·</strong></span> <span class='ocrx_word' id='word_1_228' title='bbox 844 1968 973 2023; x_wconf 80' lang='grc' dir='ltr'><strong>Νῦν</strong></span> <span class='ocrx_word' id='word_1_229' title='bbox 1001 1968 1290 2034; x_wconf 74' lang='grc' dir='ltr'>ἀπολύεις</span> <span class='ocrx_word' id='word_1_230' title='bbox 1309 1965 1416 2020; x_wconf 75' lang='grc' dir='ltr'>τὸν</span> <span class='ocrx_word' id='word_1_231' title='bbox 1440 1962 1667 2018; x_wconf 74' lang='grc' dir='ltr'>δοῦλόν</span> 
     </span>
    </p>
   </div>
   <div class='ocr_carea' id='block_1_36' title="bbox 86 2050 1666 2126">
    <p class='ocr_par' dir='ltr' id='par_1_36' title="bbox 86 2050 1666 2126">
     <span class='ocr_line' id='line_1_36' title="bbox 86 2050 1666 2126; baseline 0.003 -22"><span class='ocrx_word' id='word_1_232' title='bbox 86 2065 225 2116; x_wconf 83' lang='grc' dir='ltr'>σου,</span> <span class='ocrx_word' id='word_1_233' title='bbox 264 2054 560 2123; x_wconf 76' lang='grc' dir='ltr'>Δέσποτα,</span> <span class='ocrx_word' id='word_1_234' title='bbox 587 2057 737 2113; x_wconf 80' lang='grc' dir='ltr'>κατὰ</span> <span class='ocrx_word' id='word_1_235' title='bbox 764 2056 831 2111; x_wconf 89' lang='grc' dir='ltr'><strong>τὸ</strong></span> <span class='ocrx_word' id='word_1_236' title='bbox 852 2056 1021 2126; x_wconf 78' lang='grc' dir='ltr'>ῥῆμά</span> <span class='ocrx_word' id='word_1_237' title='bbox 1044 2073 1183 2123; x_wconf 87' lang='grc' dir='ltr'>σου,</span> <span class='ocrx_word' id='word_1_238' title='bbox 1202 2057 1272 2110; x_wconf 81' lang='grc' dir='ltr'>ἐν</span> <span class='ocrx_word' id='word_1_239' title='bbox 1297 2053 1526 2123; x_wconf 79' lang='grc' dir='ltr'>εἰρήνῃ·</span> <span class='ocrx_word' id='word_1_240' title='bbox 1576 2050 1666 2104; x_wconf 88' lang='grc' dir='ltr'><strong>ὅτι</strong></span> 
     </span>
    </p>
   </div>
   <div class='ocr_carea' id='block_1_37' title="bbox 83 2139 1667 2217">
    <p class='ocr_par' dir='ltr' id='par_1_37' title="bbox 83 2139 1667 2217">
     <span class='ocr_line' id='line_1_37' title="bbox 83 2139 1667 2217; baseline 0.001 -22"><span class='ocrx_word' id='word_1_241' title='bbox 83 2139 253 2198; x_wconf 73' lang='grc' dir='ltr'>εἶδον</span> <span class='ocrx_word' id='word_1_242' title='bbox 278 2148 335 2198; x_wconf 85' lang='grc' dir='ltr'>οὶ</span> <span class='ocrx_word' id='word_1_243' title='bbox 366 2147 662 2217; x_wconf 68' lang='grc' dir='ltr'>ὀφθαλμοί</span> <span class='ocrx_word' id='word_1_244' title='bbox 677 2166 797 2217; x_wconf 86' lang='grc' dir='ltr'><strong>μου</strong></span> <span class='ocrx_word' id='word_1_245' title='bbox 814 2148 879 2201; x_wconf 83' lang='grc' dir='ltr'>τὸ</span> <span class='ocrx_word' id='word_1_246' title='bbox 901 2148 1201 2215; x_wconf 74' lang='grc' dir='ltr'>Σωτήριόν</span> <span class='ocrx_word' id='word_1_247' title='bbox 1226 2160 1365 2201; x_wconf 85' lang='grc' dir='ltr'>σου.</span> <span class='ocrx_word' id='word_1_248' title='bbox 1399 2146 1463 2198; x_wconf 85' lang='grc' dir='ltr'><strong>Οἱ</strong></span> <span class='ocrx_word' id='word_1_249' title='bbox 1486 2143 1667 2198; x_wconf 82' lang='grc' dir='ltr'>τοίνυν</span> 
     </span>
    </p>
   </div>
   <div class='ocr_carea' id='block_1_38' title="bbox 85 2233 1666 2311">
    <p class='ocr_par' dir='ltr' id='par_1_38' title="bbox 85 2233 1666 2311">
     <span class='ocr_line' id='line_1_38' title="bbox 85 2233 1666 2311; baseline 0.003 -27"><span class='ocrx_word' id='word_1_250' title='bbox 85 2233 248 2287; x_wconf 77' lang='grc' dir='ltr'>τοῦτο</span> <span class='ocrx_word' id='word_1_251' title='bbox 285 2236 616 2305; x_wconf 85' lang='grc' dir='ltr'>ἀγαπῶντες</span> <span class='ocrx_word' id='word_1_252' title='bbox 651 2238 713 2291; x_wconf 87' lang='grc' dir='ltr'><strong>τὸ</strong></span> <span class='ocrx_word' id='word_1_253' title='bbox 755 2239 1046 2311; x_wconf 80' lang='grc' dir='ltr'>σωτήριον,</span> <span class='ocrx_word' id='word_1_254' title='bbox 1083 2239 1376 2301; x_wconf 80' lang='grc' dir='ltr'>διαπαντὸς</span> <span class='ocrx_word' id='word_1_255' title='bbox 1408 2237 1500 2293; x_wconf 80' lang='grc' dir='ltr'>τὸν</span> <span class='ocrx_word' id='word_1_256' title='bbox 1533 2234 1666 2289; x_wconf 78' lang='grc' dir='ltr'>Θεὸν</span> 
     </span>
    </p>
   </div>
   <div class='ocr_carea' id='block_1_39' title="bbox 85 2326 1668 2395">
    <p class='ocr_par' dir='ltr' id='par_1_39' title="bbox 85 2326 1668 2395">
     <span class='ocr_line' id='line_1_39' title="bbox 85 2326 1668 2395; baseline 0.003 -16"><span class='ocrx_word' id='word_1_257' title='bbox 85 2326 478 2394; x_wconf 84' lang='grc' dir='ltr'>μεγαλύνουσι,</span> <span class='ocrx_word' id='word_1_258' title='bbox 533 2330 776 2383; x_wconf 86' lang='grc' dir='ltr'>τουτέστι</span> <span class='ocrx_word' id='word_1_259' title='bbox 837 2331 1171 2395; x_wconf 76' lang='grc' dir='ltr'>δοξάζουσιν·</span> <span class='ocrx_word' id='word_1_260' title='bbox 1221 2331 1324 2395; x_wconf 82' lang='grc' dir='ltr'>ὅτι,</span> <span class='ocrx_word' id='word_1_261' title='bbox 1351 2330 1419 2384; x_wconf 85' lang='grc' dir='ltr'><strong>τά</strong></span> <span class='ocrx_word' id='word_1_262' title='bbox 1472 2327 1668 2383; x_wconf 74' lang='grc' dir='ltr'>εἴδωλα</span> 
     </span>
    </p>
   </div>
   <div class='ocr_carea' id='block_1_40' title="bbox 82 2417 1667 2490">
    <p class='ocr_par' dir='ltr' id='par_1_40' title="bbox 82 2417 1667 2490">
     <span class='ocr_line' id='line_1_40' title="bbox 82 2417 1667 2490; baseline 0.004 -24"><span class='ocrx_word' id='word_1_263' title='bbox 82 2417 508 2486; x_wconf 83' lang='grc' dir='ltr'>καταλιπόντες,</span> <span class='ocrx_word' id='word_1_264' title='bbox 523 2421 615 2475; x_wconf 81' lang='grc' dir='ltr'>τὸν</span> <span class='ocrx_word' id='word_1_265' title='bbox 633 2420 765 2474; x_wconf 82' lang='grc' dir='ltr'>Θεὸν</span> <span class='ocrx_word' id='word_1_266' title='bbox 790 2421 1107 2490; x_wconf 77' lang='grc' dir='ltr'>ἠγάπησαν,</span> <span class='ocrx_word' id='word_1_267' title='bbox 1126 2422 1220 2474; x_wconf 72' lang='grc' dir='ltr'><strong>τὸν</strong></span> <span class='ocrx_word' id='word_1_268' title='bbox 1235 2421 1406 2485; x_wconf 79' lang='grc' dir='ltr'>ὅντως</span> <span class='ocrx_word' id='word_1_269' title='bbox 1430 2419 1667 2485; x_wconf 76' lang='grc' dir='ltr'>σώζοντα</span> 
     </span>
    </p>
   </div>
   <div class='ocr_carea' id='block_1_41' title="bbox 79 2496 1599 2580">
    <p class='ocr_par' dir='ltr' id='par_1_41' title="bbox 79 2496 1599 2580">
     <span class='ocr_line' id='line_1_41' title="bbox 79 2496 1599 2580; baseline 0.015 -21"><span class='ocrx_word' id='word_1_270' title='bbox 79 2506 179 2559; x_wconf 78' lang='grc' dir='ltr'>καὶ</span> <span class='ocrx_word' id='word_1_271' title='bbox 216 2508 419 2579; x_wconf 85' lang='grc' dir='ltr'>λυτρού</span> <span class='ocrx_word' id='word_1_272' title='bbox 429 2517 626 2580; x_wconf 74' lang='grc' dir='ltr'>μενονῦ</span> <span class='ocrx_word' id='word_1_273' title='bbox 1593 2496 1599 2502; x_wconf 34' lang='grc'><em>’</em></span> 
     </span>
    </p>
   </div>
   <div class='ocr_carea' id='block_1_42' title="bbox 160 2596 1310 2674">
    <p class='ocr_par' dir='ltr' id='par_1_42' title="bbox 160 2596 1310 2674">
     <span class='ocr_line' id='line_1_42' title="bbox 160 2596 1310 2674; baseline 0.007 -28"><span class='ocrx_word' id='word_1_274' title='bbox 160 2614 180 2646; x_wconf 73' lang='grc' dir='ltr'><strong>ι</strong></span> <span class='ocrx_word' id='word_1_275' title='bbox 209 2597 419 2668; x_wconf 87' lang='grc' dir='ltr'>Βοηθός</span> <span class='ocrx_word' id='word_1_276' title='bbox 462 2616 562 2668; x_wconf 90' lang='grc' dir='ltr'><strong>μου</strong></span> <span class='ocrx_word' id='word_1_277' title='bbox 586 2596 679 2657; x_wconf 79' lang='grc' dir='ltr'>καὶ</span> <span class='ocrx_word' id='word_1_278' title='bbox 710 2602 913 2674; x_wconf 78' lang='grc' dir='ltr'>ρύστης</span> <span class='ocrx_word' id='word_1_279' title='bbox 947 2620 1048 2673; x_wconf 83' lang='grc' dir='ltr'><strong>μου</strong></span> <span class='ocrx_word' id='word_1_280' title='bbox 1080 2598 1130 2656; x_wconf 78' lang='grc' dir='ltr'>εἷ</span> <span class='ocrx_word' id='word_1_281' title='bbox 1164 2603 1249 2656; x_wconf 89' lang='grc' dir='ltr'><strong>σύ.</strong></span> <span class='ocrx_word' id='word_1_282' title='bbox 1290 2621 1310 2654; x_wconf 76' lang='grc' dir='ltr'><strong>ι</strong></span> 
     </span>
    </p>
   </div>
   <div class='ocr_carea' id='block_1_43' title="bbox 154 2774 1666 2850">
    <p class='ocr_par' dir='ltr' id='par_1_43' title="bbox 154 2774 1666 2850">
     <span class='ocr_line' id='line_1_43' title="bbox 154 2774 1666 2850; baseline 0.003 -21"><span class='ocrx_word' id='word_1_283' title='bbox 154 2774 292 2829; x_wconf 86' lang='grc' dir='ltr'>Ὅτε</span> <span class='ocrx_word' id='word_1_284' title='bbox 313 2774 424 2847; x_wconf 82' lang='grc' dir='ltr'><strong>γὰρ</strong></span> <span class='ocrx_word' id='word_1_285' title='bbox 463 2775 642 2846; x_wconf 85' lang='grc' dir='ltr'>πάσης</span> <span class='ocrx_word' id='word_1_286' title='bbox 669 2778 1016 2850; x_wconf 79' lang='grc' dir='ltr'>ἀνθρωπίνης</span> <span class='ocrx_word' id='word_1_287' title='bbox 1041 2778 1294 2850; x_wconf 77' lang='grc' dir='ltr'>βοηθείας</span> <span class='ocrx_word' id='word_1_288' title='bbox 1321 2779 1666 2849; x_wconf 69' lang='grc' dir='ltr'>ἐκπέσωμεν,</span> 
     </span>
    </p>
   </div>
   <div class='ocr_carea' id='block_1_44' title="bbox 75 2866 1668 2942">
    <p class='ocr_par' dir='ltr' id='par_1_44' title="bbox 75 2866 1668 2942">
     <span class='ocr_line' id='line_1_44' title="bbox 75 2866 1668 2942; baseline 0.003 -23"><span class='ocrx_word' id='word_1_289' title='bbox 75 2866 205 2920; x_wconf 84' lang='grc' dir='ltr'>τότε</span> <span class='ocrx_word' id='word_1_290' title='bbox 233 2866 334 2919; x_wconf 82' lang='grc' dir='ltr'>τὸν</span> <span class='ocrx_word' id='word_1_291' title='bbox 351 2866 484 2921; x_wconf 81' lang='grc' dir='ltr'>Θεὸν</span> <span class='ocrx_word' id='word_1_292' title='bbox 509 2869 631 2923; x_wconf 79' lang='grc' dir='ltr'>ἀντὶ</span> <span class='ocrx_word' id='word_1_293' title='bbox 659 2869 877 2924; x_wconf 91' lang='grc' dir='ltr'>πάντων</span> <span class='ocrx_word' id='word_1_294' title='bbox 915 2871 1241 2942; x_wconf 81' lang='grc' dir='ltr'>εὑρήσομεν.</span> <span class='ocrx_word' id='word_1_295' title='bbox 1275 2872 1439 2935; x_wconf 83' lang='grc' dir='ltr'>Ἴσως</span> <span class='ocrx_word' id='word_1_296' title='bbox 1479 2870 1535 2923; x_wconf 82' lang='grc' dir='ltr'>δὲ</span> <span class='ocrx_word' id='word_1_297' title='bbox 1570 2872 1668 2924; x_wconf 75' lang='grc' dir='ltr'>καὶ</span> 
     </span>
    </p>
   </div>
   <div class='ocr_carea' id='block_1_45' title="bbox 77 2957 1663 3031">
    <p class='ocr_par' dir='ltr' id='par_1_45' title="bbox 77 2957 1663 3031">
     <span class='ocr_line' id='line_1_45' title="bbox 77 2957 1663 3031; baseline 0.003 -20"><span class='ocrx_word' id='word_1_298' title='bbox 77 2961 145 3012; x_wconf 80' lang='grc' dir='ltr'>ἐκ</span> <span class='ocrx_word' id='word_1_299' title='bbox 166 2957 473 3029; x_wconf 87' lang='grc' dir='ltr'>προσώπου</span> <span class='ocrx_word' id='word_1_300' title='bbox 499 2960 672 3014; x_wconf 81' lang='grc' dir='ltr'>ταῦτα</span> <span class='ocrx_word' id='word_1_301' title='bbox 700 2961 796 3015; x_wconf 77' lang='grc' dir='ltr'>τοῦ</span> <span class='ocrx_word' id='word_1_302' title='bbox 843 2961 977 3016; x_wconf 79' lang='grc' dir='ltr'>λαοῦ</span> <span class='ocrx_word' id='word_1_303' title='bbox 1000 2963 1110 3016; x_wconf 92' lang='grc' dir='ltr'><strong>τῶν</strong></span> <span class='ocrx_word' id='word_1_304' title='bbox 1133 2962 1303 3016; x_wconf 85' lang='grc' dir='ltr'>ἐθνῶν</span> <span class='ocrx_word' id='word_1_305' title='bbox 1333 2962 1663 3031; x_wconf 72' lang='grc' dir='ltr'>διαλέγεται*</span> 
     </span>
    </p>
   </div>
   <div class='ocr_carea' id='block_1_46' title="bbox 72 3046 1666 3126">
    <p class='ocr_par' dir='ltr' id='par_1_46' title="bbox 72 3046 1666 3126">
     <span class='ocr_line' id='line_1_46' title="bbox 72 3046 1666 3126; baseline 0.003 -24"><span class='ocrx_word' id='word_1_306' title='bbox 72 3046 120 3118; x_wconf 83' lang='grc' dir='ltr'>ᾧ</span> <span class='ocrx_word' id='word_1_307' title='bbox 157 3051 259 3105; x_wconf 69' lang='grc' dir='ltr'>καὶ</span> <span class='ocrx_word' id='word_1_308' title='bbox 302 3052 414 3115; x_wconf 84' lang='grc' dir='ltr'><strong>πᾶς</strong></span> <span class='ocrx_word' id='word_1_309' title='bbox 459 3053 488 3105; x_wconf 87' lang='grc' dir='ltr'>ὁ</span> <span class='ocrx_word' id='word_1_310' title='bbox 528 3052 744 3124; x_wconf 77' lang='grc' dir='ltr'>ψαλμὺς</span> <span class='ocrx_word' id='word_1_311' title='bbox 795 3054 1020 3125; x_wconf 87' lang='grc' dir='ltr'>πρέπει·</span> <span class='ocrx_word' id='word_1_312' title='bbox 1068 3053 1514 3126; x_wconf 80' lang='grc' dir='ltr'>παρακαλοῦντος</span> <span class='ocrx_word' id='word_1_313' title='bbox 1568 3056 1666 3108; x_wconf 81' lang='grc' dir='ltr'><strong>καὶ</strong></span> 
     </span>
    </p>
   </div>
   <div class='ocr_carea' id='block_1_47' title="bbox 72 3111 1737 3217">
    <p class='ocr_par' dir='ltr' id='par_1_47' title="bbox 72 3111 1737 3217">
     <span class='ocr_line' id='line_1_47' title="bbox 72 3111 1737 3217; baseline 0.003 -23"><span class='ocrx_word' id='word_1_314' title='bbox 72 3142 509 3213; x_wconf 79' lang='grc' dir='ltr'>ἐπιταχύνοντος</span> <span class='ocrx_word' id='word_1_315' title='bbox 567 3143 662 3197; x_wconf 85' lang='grc' dir='ltr'>τοῦ</span> <span class='ocrx_word' id='word_1_316' title='bbox 739 3144 977 3216; x_wconf 81' lang='grc' dir='ltr'>Χριστοῦ</span> <span class='ocrx_word' id='word_1_317' title='bbox 1052 3145 1153 3217; x_wconf 85' lang='grc' dir='ltr'>τὴν</span> <span class='ocrx_word' id='word_1_318' title='bbox 1220 3145 1495 3217; x_wconf 81' lang='grc' dir='ltr'>βοήθειαν,</span> <span class='ocrx_word' id='word_1_319' title='bbox 1571 3111 1737 3201; x_wconf 64' lang='grc' dir='ltr'>καίο</span> 
     </span>
    </p>
   </div>
   <div class='ocr_carea' id='block_1_48' title="bbox 73 3232 1665 3308">
    <p class='ocr_par' dir='ltr' id='par_1_48' title="bbox 73 3232 1665 3308">
     <span class='ocr_line' id='line_1_48' title="bbox 73 3232 1665 3308; baseline 0.004 -23"><span class='ocrx_word' id='word_1_320' title='bbox 73 3232 558 3304; x_wconf 83' lang='grc' dir='ltr'>καταισχυνθῆναι</span> <span class='ocrx_word' id='word_1_321' title='bbox 587 3236 713 3299; x_wconf 88' lang='grc' dir='ltr'>τοὺς</span> <span class='ocrx_word' id='word_1_322' title='bbox 753 3237 976 3307; x_wconf 85' lang='grc' dir='ltr'>νοητοὺς</span> <span class='ocrx_word' id='word_1_323' title='bbox 1021 3235 1273 3308; x_wconf 75' lang='grc' dir='ltr'>ἐχθροὺς,</span> <span class='ocrx_word' id='word_1_324' title='bbox 1304 3237 1507 3308; x_wconf 84' lang='grc' dir='ltr'>δηλαδὴ</span> <span class='ocrx_word' id='word_1_325' title='bbox 1538 3239 1665 3302; x_wconf 89' lang='grc' dir='ltr'>τοὺς</span> 
     </span>
    </p>
   </div>
   <div class='ocr_carea' id='block_1_49' title="bbox 69 3325 1666 3401">
    <p class='ocr_par' dir='ltr' id='par_1_49' title="bbox 69 3325 1666 3401">
     <span class='ocr_line' id='line_1_49' title="bbox 69 3325 1666 3401; baseline 0.003 -24"><span class='ocrx_word' id='word_1_326' title='bbox 69 3325 375 3394; x_wconf 82' lang='grc' dir='ltr'>δαίμονας,</span> <span class='ocrx_word' id='word_1_327' title='bbox 411 3327 577 3379; x_wconf 88' lang='grc' dir='ltr'>πολὺν</span> <span class='ocrx_word' id='word_1_328' title='bbox 608 3327 1082 3397; x_wconf 84' lang='grc' dir='ltr'>τετυραννηκότας</span> <span class='ocrx_word' id='word_1_329' title='bbox 1103 3328 1315 3401; x_wconf 87' lang='grc' dir='ltr'>χρόνον,</span> <span class='ocrx_word' id='word_1_330' title='bbox 1350 3328 1474 3382; x_wconf 87' lang='grc' dir='ltr'>καθ’</span> <span class='ocrx_word' id='word_1_331' title='bbox 1508 3328 1666 3400; x_wconf 75' lang='grc' dir='ltr'>ἡμῶν</span> 
     </span>
    </p>
   </div>
   <div class='ocr_carea' id='block_1_50' title="bbox 71 3411 1664 3489">
    <p class='ocr_par' dir='ltr' id='par_1_50' title="bbox 71 3411 1664 3489">
     <span class='ocr_line' id='line_1_50' title="bbox 71 3411 1664 3489; baseline 0.003 -22"><span class='ocrx_word' id='word_1_332' title='bbox 71 3415 455 3479; x_wconf 81' lang='grc' dir='ltr'>ἱκετεύοντος.</span> <span class='ocrx_word' id='word_1_333' title='bbox 489 3411 659 3481; x_wconf 75' lang='grc' dir='ltr'>Οὗτος</span> <span class='ocrx_word' id='word_1_334' title='bbox 684 3419 713 3471; x_wconf 83' lang='grc' dir='ltr'><strong>ὁ</strong></span> <span class='ocrx_word' id='word_1_335' title='bbox 739 3418 870 3482; x_wconf 74' lang='grc' dir='ltr'>λαὸς</span> <span class='ocrx_word' id='word_1_336' title='bbox 908 3418 1122 3489; x_wconf 81' lang='grc' dir='ltr'>πτωχὸς</span> <span class='ocrx_word' id='word_1_337' title='bbox 1153 3419 1248 3472; x_wconf 75' lang='grc' dir='ltr'>καὶ</span> <span class='ocrx_word' id='word_1_338' title='bbox 1278 3419 1470 3489; x_wconf 84' lang='grc' dir='ltr'>πένης·</span> <span class='ocrx_word' id='word_1_339' title='bbox 1515 3436 1664 3472; x_wconf 85' lang='grc' dir='ltr'>πτω-</span> 
     </span>
    </p>
   </div>
   <div class='ocr_carea' id='block_1_51' title="bbox 68 3506 1552 3580">
    <p class='ocr_par' dir='ltr' id='par_1_51' title="bbox 68 3506 1552 3580">
     <span class='ocr_line' id='line_1_51' title="bbox 68 3506 1552 3580; baseline 0.002 -19"><span class='ocrx_word' id='word_1_340' title='bbox 68 3508 166 3577; x_wconf 73' lang='grc' dir='ltr'>χὸς</span> <span class='ocrx_word' id='word_1_341' title='bbox 199 3507 296 3561; x_wconf 76' lang='grc' dir='ltr'><strong>διὰ</strong></span> <span class='ocrx_word' id='word_1_342' title='bbox 351 3506 449 3577; x_wconf 82' lang='grc' dir='ltr'>τὴν</span> <span class='ocrx_word' id='word_1_343' title='bbox 482 3508 783 3579; x_wconf 84' lang='grc' dir='ltr'>ἁμαρτίαν,</span> <span class='ocrx_word' id='word_1_344' title='bbox 817 3509 987 3579; x_wconf 85' lang='grc' dir='ltr'>πένης</span> <span class='ocrx_word' id='word_1_345' title='bbox 1021 3508 1106 3562; x_wconf 82' lang='grc' dir='ltr'><strong>διὰ</strong></span> <span class='ocrx_word' id='word_1_346' title='bbox 1138 3510 1237 3580; x_wconf 81' lang='grc' dir='ltr'><strong>τὴν</strong></span> <span class='ocrx_word' id='word_1_347' title='bbox 1273 3508 1552 3565; x_wconf 82' lang='grc' dir='ltr'>ἀσέϐειαν.</span> 
     </span>
    </p>
   </div>
   <div class='ocr_carea' id='block_1_52' title="bbox 146 3678 1667 3751">
    <p class='ocr_par' dir='ltr' id='par_1_52' title="bbox 146 3678 1667 3751">
     <span class='ocr_line' id='line_1_52' title="bbox 146 3678 1667 3751; baseline 0.001 -18"><span class='ocrx_word' id='word_1_348' title='bbox 146 3678 387 3750; x_wconf 83' lang='grc' dir='ltr'>Βοηθὸς,</span> <span class='ocrx_word' id='word_1_349' title='bbox 420 3678 497 3743; x_wconf 84' lang='grc' dir='ltr'>ὡς</span> <span class='ocrx_word' id='word_1_350' title='bbox 552 3679 771 3749; x_wconf 81' lang='grc' dir='ltr'>ἰσχυρὸς</span> <span class='ocrx_word' id='word_1_351' title='bbox 823 3681 1050 3751; x_wconf 83' lang='grc' dir='ltr'>ρύστης,</span> <span class='ocrx_word' id='word_1_352' title='bbox 1085 3681 1160 3744; x_wconf 85' lang='grc' dir='ltr'><strong>ὡς</strong></span> <span class='ocrx_word' id='word_1_353' title='bbox 1214 3680 1376 3744; x_wconf 83' lang='grc' dir='ltr'>αύτὺς</span> <span class='ocrx_word' id='word_1_354' title='bbox 1410 3681 1667 3751; x_wconf 75' lang='grc' dir='ltr'>ἐνέχυρον</span> 
     </span>
    </p>
   </div>
   <div class='ocr_carea' id='block_1_53' title="bbox 69 3768 1667 3843">
    <p class='ocr_par' dir='ltr' id='par_1_53' title="bbox 69 3768 1667 3843">
     <span class='ocr_line' id='line_1_53' title="bbox 69 3768 1667 3843; baseline -0.001 -20"><span class='ocrx_word' id='word_1_355' title='bbox 69 3772 224 3840; x_wconf 83' lang='grc' dir='ltr'>ὑπὲρ</span> <span class='ocrx_word' id='word_1_356' title='bbox 259 3768 424 3839; x_wconf 84' lang='grc' dir='ltr'>ἡμῶν</span> <span class='ocrx_word' id='word_1_357' title='bbox 450 3768 527 3839; x_wconf 82' lang='grc' dir='ltr'><strong>τῷ</strong></span> <span class='ocrx_word' id='word_1_358' title='bbox 563 3768 781 3840; x_wconf 83' lang='grc' dir='ltr'>θανάτῳ</span> <span class='ocrx_word' id='word_1_359' title='bbox 804 3770 942 3841; x_wconf 80' lang='grc' dir='ltr'>πρὸς</span> <span class='ocrx_word' id='word_1_360' title='bbox 982 3772 1201 3841; x_wconf 82' lang='grc' dir='ltr'>μικρὸν,</span> <span class='ocrx_word' id='word_1_361' title='bbox 1231 3770 1371 3824; x_wconf 82' lang='grc' dir='ltr'>ὥστε</span> <span class='ocrx_word' id='word_1_362' title='bbox 1403 3771 1667 3843; x_wconf 79' lang='grc' dir='ltr'>ρυσθῆναι</span> 
     </span>
    </p>
   </div>
   <div class='ocr_carea' id='block_1_54' title="bbox 65 3860 1664 3933">
    <p class='ocr_par' dir='ltr' id='par_1_54' title="bbox 65 3860 1664 3933">
     <span class='ocr_line' id='line_1_54' title="bbox 65 3860 1664 3933; baseline -0.001 -18"><span class='ocrx_word' id='word_1_363' title='bbox 65 3864 177 3933; x_wconf 84' lang='grc' dir='ltr'><strong>τὴν</strong></span> <span class='ocrx_word' id='word_1_364' title='bbox 219 3862 507 3933; x_wconf 79' lang='grc' dir='ltr'>ἡμετέραν</span> <span class='ocrx_word' id='word_1_365' title='bbox 530 3862 905 3933; x_wconf 81' lang='grc' dir='ltr'>αἰχμαλωσίαν</span> <span class='ocrx_word' id='word_1_366' title='bbox 922 3861 1330 3931; x_wconf 83' lang='grc' dir='ltr'>διδόμενος.Μὴ</span> <span class='ocrx_word' id='word_1_367' title='bbox 1348 3860 1664 3930; x_wconf 66' lang='grc' dir='ltr'>χρονίσῃς.</span> 
     </span>
    </p>
   </div>
   <div class='ocr_carea' id='block_1_55' title="bbox 80 3948 1664 4021">
    <p class='ocr_par' dir='ltr' id='par_1_55' title="bbox 80 3948 1664 4021">
     <span class='ocr_line' id='line_1_55' title="bbox 80 3948 1664 4021; baseline -0.002 -18"><span class='ocrx_word' id='word_1_368' title='bbox 80 3950 483 4018; x_wconf 84' lang='grc' dir='ltr'>’Λπέγνωσται</span> <span class='ocrx_word' id='word_1_369' title='bbox 510 3949 621 4021; x_wconf 83' lang='grc' dir='ltr'><strong>γάρ</strong></span> <span class='ocrx_word' id='word_1_370' title='bbox 648 3952 799 4018; x_wconf 88' lang='grc' dir='ltr'><strong>παρά</strong></span> <span class='ocrx_word' id='word_1_371' title='bbox 830 3950 1051 4003; x_wconf 89' lang='grc' dir='ltr'>πάντων</span> <span class='ocrx_word' id='word_1_372' title='bbox 1077 3949 1277 4021; x_wconf 79' lang='grc' dir='ltr'>ἰατρῶν</span> <span class='ocrx_word' id='word_1_373' title='bbox 1300 3951 1328 4003; x_wconf 85' lang='grc' dir='ltr'>ὁ</span> <span class='ocrx_word' id='word_1_374' title='bbox 1359 3948 1664 4020; x_wconf 74' lang='grc' dir='ltr'>ἄρρωστος.</span> 
     </span>
    </p>
   </div>
   <div class='ocr_carea' id='block_1_56' title="bbox 66 4034 1670 4109">
    <p class='ocr_par' dir='ltr' id='par_1_56' title="bbox 66 4034 1670 4109">
     <span class='ocr_line' id='line_1_56' title="bbox 66 4034 1670 4109; baseline -0.002 -15"><span class='ocrx_word' id='word_1_375' title='bbox 66 4041 288 4109; x_wconf 80' lang='grc' dir='ltr'>Διόπερ</span> <span class='ocrx_word' id='word_1_376' title='bbox 313 4039 410 4091; x_wconf 72' lang='grc' dir='ltr'><strong>καὶ</strong></span> <span class='ocrx_word' id='word_1_377' title='bbox 448 4040 478 4092; x_wconf 83' lang='grc' dir='ltr'>ὁ</span> <span class='ocrx_word' id='word_1_378' title='bbox 519 4038 1064 4108; x_wconf 79' lang='grc' dir='ltr'>Ἀμϐακοὺμέλεγεν·</span> <span class='ocrx_word' id='word_1_379' title='bbox 1088 4038 1209 4092; x_wconf 82' lang='grc' dir='ltr'>Ἔτι</span> <span class='ocrx_word' id='word_1_380' title='bbox 1239 4036 1456 4109; x_wconf 79' lang='grc' dir='ltr'>μικρὸν,</span> <span class='ocrx_word' id='word_1_381' title='bbox 1487 4034 1670 4090; x_wconf 77' lang='grc' dir='ltr'>Ὅσον</span> 
     </span>
    </p>
   </div>
   <div class='ocr_carea' id='block_1_57' title="bbox 68 4124 1668 4198">
    <p class='ocr_par' dir='ltr' id='par_1_57' title="bbox 68 4124 1668 4198">
     <span class='ocr_line' id='line_1_57' title="bbox 68 4124 1668 4198; baseline -0.004 -14"><span class='ocrx_word' id='word_1_382' title='bbox 68 4135 104 4185; x_wconf 81' lang='grc' dir='ltr'><em>ό</em></span> <span class='ocrx_word' id='word_1_383' title='bbox 132 4129 478 4198; x_wconf 80' lang='grc' dir='ltr'>ἐρχόμενος</span> <span class='ocrx_word' id='word_1_384' title='bbox 532 4126 686 4194; x_wconf 81' lang='grc' dir='ltr'>ἣξει,</span> <span class='ocrx_word' id='word_1_385' title='bbox 733 4127 831 4181; x_wconf 81' lang='grc' dir='ltr'>καὶ</span> <span class='ocrx_word' id='word_1_386' title='bbox 863 4129 936 4181; x_wconf 89' lang='grc' dir='ltr'>οὐ</span> <span class='ocrx_word' id='word_1_387' title='bbox 970 4127 1260 4197; x_wconf 80' lang='grc' dir='ltr'>χρονίσει·</span> <span class='ocrx_word' id='word_1_388' title='bbox 1289 4125 1384 4180; x_wconf 83' lang='grc' dir='ltr'>τοῦ</span> <span class='ocrx_word' id='word_1_389' title='bbox 1415 4124 1668 4197; x_wconf 76' lang='grc' dir='ltr'>Σωτῆρος</span> 
     </span>
    </p>
   </div>
   <div class='ocr_carea' id='block_1_58' title="bbox 66 4219 796 4291">
    <p class='ocr_par' dir='ltr' id='par_1_58' title="bbox 66 4219 796 4291">
     <span class='ocr_line' id='line_1_58' title="bbox 66 4219 796 4291; baseline -0.005 -13"><span class='ocrx_word' id='word_1_390' title='bbox 66 4219 440 4291; x_wconf 76' lang='grc' dir='ltr'>ἐπιταχύνων</span> <span class='ocrx_word' id='word_1_391' title='bbox 469 4219 568 4289; x_wconf 84' lang='grc' dir='ltr'>τὴν</span> <span class='ocrx_word' id='word_1_392' title='bbox 593 4219 796 4289; x_wconf 77' lang='grc' dir='ltr'>ἄφιξιν.</span> 
     </span>
    </p>
   </div>
   <div class='ocr_carea' id='block_1_59' title="bbox 711 4334 1119 4388">
    <p class='ocr_par' dir='ltr' id='par_1_59' title="bbox 711 4334 1119 4388">
     <span class='ocr_line' id='line_1_59' title="bbox 711 4334 1119 4388; baseline 0.005 -2"><span class='ocrx_word' id='word_1_393' title='bbox 711 4334 1003 4388; x_wconf 81' lang='grc' dir='ltr'><strong>ΨΑΛΜΟΣ</strong></span> <span class='ocrx_word' id='word_1_394' title='bbox 1043 4335 1119 4388; x_wconf 90' lang='lat'><strong>0&#39;.</strong></span> 
     </span>
    </p>
   </div>
   <div class='ocr_carea' id='block_1_60' title="bbox 149 4421 1239 4495">
    <p class='ocr_par' dir='ltr' id='par_1_60' title="bbox 149 4421 1239 4495">
     <span class='ocr_line' id='line_1_60' title="bbox 149 4421 1239 4495; baseline -0.004 -16"><span class='ocrx_word' id='word_1_395' title='bbox 149 4445 171 4479; x_wconf 70' lang='grc' dir='ltr'><strong>ι</strong></span> <span class='ocrx_word' id='word_1_396' title='bbox 227 4426 329 4481; x_wconf 88' lang='grc' dir='ltr'><strong>Ἐν</strong></span> <span class='ocrx_word' id='word_1_397' title='bbox 355 4426 420 4494; x_wconf 77' lang='grc' dir='ltr'><strong>τῇ</strong></span> <span class='ocrx_word' id='word_1_398' title='bbox 446 4421 764 4494; x_wconf 78' lang='grc' dir='ltr'>δικαιοσύνῃ</span> <span class='ocrx_word' id='word_1_399' title='bbox 785 4440 880 4476; x_wconf 86' lang='grc' dir='ltr'><strong>σου</strong></span> <span class='ocrx_word' id='word_1_400' title='bbox 915 4423 1075 4495; x_wconf 75' lang='grc' dir='ltr'>ῥῦσαί</span> <span class='ocrx_word' id='word_1_401' title='bbox 1105 4442 1192 4494; x_wconf 84' lang='grc' dir='ltr'><strong>με.</strong></span> <span class='ocrx_word' id='word_1_402' title='bbox 1221 4442 1239 4474; x_wconf 71' lang='grc' dir='ltr'><strong>ι</strong></span> 
     </span>
    </p>
   </div>
   <div class='ocr_carea' id='block_1_61' title="bbox 142 4513 1667 4585">
    <p class='ocr_par' dir='ltr' id='par_1_61' title="bbox 142 4513 1667 4585">
     <span class='ocr_line' id='line_1_61' title="bbox 142 4513 1667 4585; baseline -0.003 -13"><span class='ocrx_word' id='word_1_403' title='bbox 142 4516 362 4579; x_wconf 86' lang='grc' dir='ltr'>Καλῶς</span> <span class='ocrx_word' id='word_1_404' title='bbox 412 4516 549 4585; x_wconf 81' lang='grc' dir='ltr'>πρὸς</span> <span class='ocrx_word' id='word_1_405' title='bbox 595 4515 678 4580; x_wconf 73' lang='grc' dir='ltr'>τὸ,</span> <span class='ocrx_word' id='word_1_406' title='bbox 702 4516 790 4584; x_wconf 83' lang='grc' dir='ltr'>μὴ</span> <span class='ocrx_word' id='word_1_407' title='bbox 815 4516 1342 4584; x_wconf 80' lang='grc' dir='ltr'>καταισχυνθείην,</span> <span class='ocrx_word' id='word_1_408' title='bbox 1378 4515 1462 4568; x_wconf 41' lang='grc' dir='ltr'><strong>ἐν’</strong></span> <span class='ocrx_word' id='word_1_409' title='bbox 1483 4513 1555 4584; x_wconf 76' lang='grc' dir='ltr'><strong>τῇ</strong></span> <span class='ocrx_word' id='word_1_410' title='bbox 1581 4513 1667 4568; x_wconf 85' lang='grc' dir='ltr'>δι-</span> 
     </span>
    </p>
   </div>
   <div class='ocr_carea' id='block_1_62' title="bbox 62 4602 1667 4675">
    <p class='ocr_par' dir='ltr' id='par_1_62' title="bbox 62 4602 1667 4675">
     <span class='ocr_line' id='line_1_62' title="bbox 62 4602 1667 4675; baseline -0.006 -10"><span class='ocrx_word' id='word_1_411' title='bbox 62 4608 397 4674; x_wconf 78' lang='grc' dir='ltr'>καιοσύνῃ</span> <span class='ocrx_word' id='word_1_412' title='bbox 427 4618 563 4659; x_wconf 84' lang='grc' dir='ltr'>σου.</span> <span class='ocrx_word' id='word_1_413' title='bbox 598 4605 661 4658; x_wconf 85' lang='grc' dir='ltr'>Εἰ</span> <span class='ocrx_word' id='word_1_414' title='bbox 692 4604 802 4675; x_wconf 84' lang='grc' dir='ltr'><strong>γάρ</strong></span> <span class='ocrx_word' id='word_1_415' title='bbox 848 4605 946 4658; x_wconf 80' lang='grc' dir='ltr'>καὶ</span> <span class='ocrx_word' id='word_1_416' title='bbox 996 4606 1076 4669; x_wconf 88' lang='grc' dir='ltr'><strong>εἰς</strong></span> <span class='ocrx_word' id='word_1_417' title='bbox 1108 4604 1172 4657; x_wconf 78' lang='grc' dir='ltr'>σὲ</span> <span class='ocrx_word' id='word_1_418' title='bbox 1213 4605 1488 4675; x_wconf 74' lang='grc' dir='ltr'>ἥμαρτον,</span> <span class='ocrx_word' id='word_1_419' title='bbox 1531 4602 1667 4657; x_wconf 85' lang='grc' dir='ltr'><strong>ἀλλά</strong></span> 
     </span>
    </p>
   </div>
   <div class='ocr_carea' id='block_1_63' title="bbox 60 4691 1666 4766">
    <p class='ocr_par' dir='ltr' id='par_1_63' title="bbox 60 4691 1666 4766">
     <span class='ocr_line' id='line_1_63' title="bbox 60 4691 1666 4766; baseline -0.004 -10"><span class='ocrx_word' id='word_1_420' title='bbox 60 4701 291 4763; x_wconf 81' lang='grc' dir='ltr'>τούτων</span> <span class='ocrx_word' id='word_1_421' title='bbox 361 4713 429 4766; x_wconf 90' lang='grc' dir='ltr'><strong>με</strong></span> <span class='ocrx_word' id='word_1_422' title='bbox 479 4697 700 4760; x_wconf 86' lang='grc' dir='ltr'>δικαίως</span> <span class='ocrx_word' id='word_1_423' title='bbox 762 4691 1119 4763; x_wconf 55' lang='grc' dir='ltr'>ἀπαλλάξεις·</span> <span class='ocrx_word' id='word_1_424' title='bbox 1157 4697 1240 4750; x_wconf 84' lang='grc' dir='ltr'>ὅτι</span> <span class='ocrx_word' id='word_1_425' title='bbox 1293 4712 1356 4748; x_wconf 85' lang='grc' dir='ltr'><strong>τε</strong></span> <span class='ocrx_word' id='word_1_426' title='bbox 1406 4694 1666 4766; x_wconf 77' lang='grc' dir='ltr'>οὐδεμίαν</span> 
     </span>
    </p>
   </div>
   <div class='ocr_carea' id='block_1_64' title="bbox 64 4786 1664 4865">
    <p class='ocr_par' dir='ltr' id='par_1_64' title="bbox 64 4786 1664 4865">
     <span class='ocr_line' id='line_1_64' title="bbox 64 4786 1664 4865; baseline -0.005 -17"><span class='ocrx_word' id='word_1_427' title='bbox 64 4795 271 4865; x_wconf 73' lang='grc' dir='ltr'>ἔχουσι</span> <span class='ocrx_word' id='word_1_428' title='bbox 314 4787 522 4859; x_wconf 84' lang='grc' dir='ltr'>γνῶσιν</span> <span class='ocrx_word' id='word_1_429' title='bbox 552 4789 652 4859; x_wconf 79' lang='grc' dir='ltr'>τῆς</span> <span class='ocrx_word' id='word_1_430' title='bbox 680 4788 775 4859; x_wconf 83' lang='grc' dir='ltr'>σῆς</span> <span class='ocrx_word' id='word_1_431' title='bbox 817 4788 1018 4859; x_wconf 87' lang='grc' dir='ltr'>ἰσχύος,</span> <span class='ocrx_word' id='word_1_432' title='bbox 1063 4787 1159 4841; x_wconf 75' lang='grc' dir='ltr'>καὶ</span> <span class='ocrx_word' id='word_1_433' title='bbox 1193 4788 1274 4842; x_wconf 82' lang='grc' dir='ltr'>ὅτι</span> <span class='ocrx_word' id='word_1_434' title='bbox 1312 4786 1491 4858; x_wconf 83' lang='grc' dir='ltr'>μάτην</span> <span class='ocrx_word' id='word_1_435' title='bbox 1516 4786 1664 4857; x_wconf 79' lang='grc' dir='ltr'>ἡμᾶς</span> 
     </span>
    </p>
   </div>
   <div class='ocr_carea' id='block_1_65' title="bbox 65 4883 368 4940">
    <p class='ocr_par' dir='ltr' id='par_1_65' title="bbox 65 4883 368 4940">
     <span class='ocr_line' id='line_1_65' title="bbox 65 4883 368 4940; baseline -0.013 0"><span class='ocrx_word' id='word_1_436' title='bbox 65 4883 368 4940; x_wconf 73' lang='grc' dir='ltr'>ἀδικοῦσι.</span> 
     </span>
    </p>
   </div>
   <div class='ocr_carea' id='block_1_66' title="bbox 75 4969 1043 5042">
    <p class='ocr_par' dir='ltr' id='par_1_66' title="bbox 75 4969 1043 5042">
     <span class='ocr_line' id='line_1_66' title="bbox 75 4969 1043 5042; baseline -0.004 -13"><span class='ocrx_word' id='word_1_437' title='bbox 75 4998 94 5029; x_wconf 72' lang='grc' dir='ltr'><strong>ι</strong></span> <span class='ocrx_word' id='word_1_438' title='bbox 143 4976 365 5031; x_wconf 84' lang='grc' dir='ltr'>Κλῖνον</span> <span class='ocrx_word' id='word_1_439' title='bbox 392 4971 529 5041; x_wconf 89' lang='grc' dir='ltr'>πρός</span> <span class='ocrx_word' id='word_1_440' title='bbox 554 4989 623 5042; x_wconf 85' lang='grc' dir='ltr'><strong>με</strong></span> <span class='ocrx_word' id='word_1_441' title='bbox 644 4970 706 5025; x_wconf 81' lang='grc' dir='ltr'>τὺ</span> <span class='ocrx_word' id='word_1_442' title='bbox 738 4969 832 5036; x_wconf 80' lang='grc' dir='ltr'>οὖς</span> <span class='ocrx_word' id='word_1_443' title='bbox 865 4989 980 5027; x_wconf 83' lang='grc' dir='ltr'>σου.</span> <span class='ocrx_word' id='word_1_444' title='bbox 1025 4992 1043 5025; x_wconf 75' lang='grc' dir='ltr'><strong>ι</strong></span> 
     </span>
    </p>
   </div>
   <div class='ocr_carea' id='block_1_67' title="bbox 147 5057 1677 5132">
    <p class='ocr_par' dir='ltr' id='par_1_67' title="bbox 147 5057 1677 5132">
     <span class='ocr_line' id='line_1_67' title="bbox 147 5057 1677 5132; baseline 0.001 -15"><span class='ocrx_word' id='word_1_445' title='bbox 147 5064 479 5131; x_wconf 87' lang='grc' dir='ltr'>Τουτέστιν,</span> <span class='ocrx_word' id='word_1_446' title='bbox 508 5063 583 5127; x_wconf 86' lang='grc' dir='ltr'>ὡς</span> <span class='ocrx_word' id='word_1_447' title='bbox 610 5063 829 5119; x_wconf 82' lang='grc' dir='ltr'>άσθενεί</span> <span class='ocrx_word' id='word_1_448' title='bbox 854 5062 1206 5132; x_wconf 84' lang='grc' dir='ltr'>συγκατάϐηθ</span> <span class='ocrx_word' id='word_1_449' title='bbox 1216 5080 1253 5116; x_wconf 92' lang='grc' dir='ltr'><strong>ι.</strong></span> <span class='ocrx_word' id='word_1_450' title='bbox 1286 5062 1480 5115; x_wconf 83' lang='grc' dir='ltr'>Κλῖνον</span> <span class='ocrx_word' id='word_1_451' title='bbox 1501 5062 1562 5118; x_wconf 80' lang='grc' dir='ltr'>τὸ</span> <span class='ocrx_word' id='word_1_452' title='bbox 1582 5057 1677 5128; x_wconf 79' lang='grc' dir='ltr'>οὖς</span> 
     </span>
    </p>
   </div>
   <div class='ocr_carea' id='block_1_68' title="bbox 76 5152 1675 5226">
    <p class='ocr_par' dir='ltr' id='par_1_68' title="bbox 76 5152 1675 5226">
     <span class='ocr_line' id='line_1_68' title="bbox 76 5152 1675 5226; baseline -0.002 -15"><span class='ocrx_word' id='word_1_453' title='bbox 76 5174 181 5211; x_wconf 85' lang='grc' dir='ltr'><strong>σου</strong></span> <span class='ocrx_word' id='word_1_454' title='bbox 210 5154 296 5215; x_wconf 77' lang='grc' dir='ltr'>ὡς</span> <span class='ocrx_word' id='word_1_455' title='bbox 323 5154 656 5225; x_wconf 84' lang='grc' dir='ltr'>ἁμαρτωλῷ,</span> <span class='ocrx_word' id='word_1_456' title='bbox 698 5156 796 5210; x_wconf 71' lang='grc' dir='ltr'>καὶ</span> <span class='ocrx_word' id='word_1_457' title='bbox 826 5156 907 5226; x_wconf 83' lang='grc' dir='ltr'>μὴ</span> <span class='ocrx_word' id='word_1_458' title='bbox 939 5153 1231 5225; x_wconf 84' lang='grc' dir='ltr'>δυναμένῳ</span> <span class='ocrx_word' id='word_1_459' title='bbox 1259 5152 1359 5207; x_wconf 91' lang='grc' dir='ltr'><strong>σὺν</strong></span> <span class='ocrx_word' id='word_1_460' title='bbox 1392 5155 1675 5226; x_wconf 69' lang='grc' dir='ltr'>παρρησίᾳ</span> 
     </span>
    </p>
   </div>
   <div class='ocr_carea' id='block_1_69' title="bbox 74 5241 1673 5318">
    <p class='ocr_par' dir='ltr' id='par_1_69' title="bbox 74 5241 1673 5318">
     <span class='ocr_line' id='line_1_69' title="bbox 74 5241 1673 5318; baseline -0.001 -16"><span class='ocrx_word' id='word_1_461' title='bbox 74 5241 531 5318; x_wconf 76' lang='grc' dir='ltr'>προσεύξασθαι·</span> <span class='ocrx_word' id='word_1_462' title='bbox 579 5245 639 5315; x_wconf 71' lang='grc' dir='ltr'>ἢ,</span> <span class='ocrx_word' id='word_1_463' title='bbox 691 5246 750 5300; x_wconf 81' lang='grc' dir='ltr'><strong>τὺ</strong></span> <span class='ocrx_word' id='word_1_464' title='bbox 810 5246 942 5316; x_wconf 82' lang='grc' dir='ltr'>γοῦν</span> <span class='ocrx_word' id='word_1_465' title='bbox 994 5244 1380 5316; x_wconf 77' lang='grc' dir='ltr'>ἀληθέστερον,</span> <span class='ocrx_word' id='word_1_466' title='bbox 1432 5245 1673 5314; x_wconf 74' lang='grc' dir='ltr'>ἐγγισον.</span> 
     </span>
    </p>
   </div>
   <div class='ocr_carea' id='block_1_70' title="bbox 72 5333 1676 5408">
    <p class='ocr_par' dir='ltr' id='par_1_70' title="bbox 72 5333 1676 5408">
     <span class='ocr_line' id='line_1_70' title="bbox 72 5333 1676 5408; baseline 0.002 -19"><span class='ocrx_word' id='word_1_467' title='bbox 72 5336 228 5393; x_wconf 79' lang='grc' dir='ltr'>Οὐδὲ</span> <span class='ocrx_word' id='word_1_468' title='bbox 259 5333 377 5406; x_wconf 82' lang='grc' dir='ltr'>γὰρ</span> <span class='ocrx_word' id='word_1_469' title='bbox 411 5334 571 5405; x_wconf 82' lang='grc' dir='ltr'>ἡμεῖς</span> <span class='ocrx_word' id='word_1_470' title='bbox 598 5335 817 5405; x_wconf 83' lang='grc' dir='ltr'>ἐγγίσαι</span> <span class='ocrx_word' id='word_1_471' title='bbox 851 5336 930 5408; x_wconf 83' lang='grc' dir='ltr'>τῷ</span> <span class='ocrx_word' id='word_1_472' title='bbox 967 5334 1087 5406; x_wconf 83' lang='grc' dir='ltr'><strong>Θεῷ</strong></span> <span class='ocrx_word' id='word_1_473' title='bbox 1118 5334 1428 5408; x_wconf 80' lang='grc' dir='ltr'>χωροῢμεν,</span> <span class='ocrx_word' id='word_1_474' title='bbox 1448 5336 1548 5391; x_wconf 78' lang='grc' dir='ltr'><strong>ἐὰν</strong></span> <span class='ocrx_word' id='word_1_475' title='bbox 1579 5336 1676 5407; x_wconf 84' lang='grc' dir='ltr'>μὴ,</span> 
     </span>
    </p>
   </div>
   <div class='ocr_carea' id='block_1_71' title="bbox 70 5425 1681 5499">
    <p class='ocr_par' dir='ltr' id='par_1_71' title="bbox 70 5425 1681 5499">
     <span class='ocr_line' id='line_1_71' title="bbox 70 5425 1681 5499; baseline -0.007 -9"><span class='ocrx_word' id='word_1_476' title='bbox 70 5448 105 5490; x_wconf 90' lang='grc' dir='ltr'><strong>ο</strong></span> <span class='ocrx_word' id='word_1_477' title='bbox 132 5427 435 5499; x_wconf 83' lang='grc' dir='ltr'>πανταχοῦ</span> <span class='ocrx_word' id='word_1_478' title='bbox 479 5425 694 5498; x_wconf 84' lang='grc' dir='ltr'>παρὼν,</span> <span class='ocrx_word' id='word_1_479' title='bbox 722 5429 887 5496; x_wconf 70' lang='grc' dir='ltr'>ἐγγὺς</span> <span class='ocrx_word' id='word_1_480' title='bbox 918 5427 1075 5499; x_wconf 78' lang='grc' dir='ltr'>ἡμῶν</span> <span class='ocrx_word' id='word_1_481' title='bbox 1112 5427 1341 5498; x_wconf 86' lang='grc' dir='ltr'>γένηται</span> <span class='ocrx_word' id='word_1_482' title='bbox 1359 5428 1433 5499; x_wconf 71' lang='grc' dir='ltr'><strong>τῇ</strong></span> <span class='ocrx_word' id='word_1_483' title='bbox 1460 5444 1681 5498; x_wconf 61' lang='grc' dir='ltr'>συμπαρ-</span> 
     </span>
    </p>
   </div>
   <div class='ocr_carea' id='block_1_72' title="bbox 75 5524 240 5595">
    <p class='ocr_par' dir='ltr' id='par_1_72' title="bbox 75 5524 240 5595">
     <span class='ocr_line' id='line_1_72' title="bbox 75 5524 240 5595; baseline -0.036 -13"><span class='ocrx_word' id='word_1_484' title='bbox 75 5524 240 5595; x_wconf 79' lang='grc' dir='ltr'>θείᾳ.</span> 
     </span>
    </p>
   </div>
   <div class='ocr_carea' id='block_1_73' title="bbox 156 5692 1110 5761">
    <p class='ocr_par' dir='ltr' id='par_1_73' title="bbox 156 5692 1110 5761">
     <span class='ocr_line' id='line_1_73' title="bbox 156 5692 1110 5761; baseline -0.002 -10"><span class='ocrx_word' id='word_1_485' title='bbox 156 5702 205 5732; x_wconf 82' lang='grc'><strong><em>⁶⁶</em></strong></span> <span class='ocrx_word' id='word_1_486' title='bbox 234 5697 379 5753; x_wconf 84' lang='lat' dir='ltr'><strong>Luc.</strong></span> <span class='ocrx_word' id='word_1_487' title='bbox 407 5711 473 5761; x_wconf 84' lang='grc' dir='ltr'><strong>ιι,</strong></span> <span class='ocrx_word' id='word_1_488' title='bbox 498 5694 590 5749; x_wconf 76' lang='lat'><strong>29.</strong></span> <span class='ocrx_word' id='word_1_489' title='bbox 671 5694 712 5727; x_wconf 81' lang='grc'><strong>⁸⁷</strong></span> <span class='ocrx_word' id='word_1_490' title='bbox 742 5692 940 5752; x_wconf 85' lang='lat' dir='ltr'><strong>ﬂabac.</strong></span> <span class='ocrx_word' id='word_1_491' title='bbox 966 5710 1024 5760; x_wconf 81' lang='grc' dir='ltr'><strong>ιι,</strong></span> <span class='ocrx_word' id='word_1_492' title='bbox 1056 5696 1110 5751; x_wconf 74' lang='grc'>5.</span> 
     </span>
    </p>
   </div>
   <div class='ocr_carea' id='block_1_74' title="bbox 1766 1870 3346 1943">
    <p class='ocr_par' dir='ltr' id='par_1_74' title="bbox 1766 1870 3346 1943">
     <span class='ocr_line' id='line_1_74' title="bbox 1766 1870 3346 1943; baseline 0.005 -21"><span class='ocrx_word' id='word_1_493' title='bbox 1766 1884 1924 1923; x_wconf 90' lang='lat' dir='ltr'><strong>meon</strong></span> <span class='ocrx_word' id='word_1_494' title='bbox 1951 1870 2229 1926; x_wconf 88' lang='lat' dir='ltr'><strong>Christum</strong></span> <span class='ocrx_word' id='word_1_495' title='bbox 2259 1873 2315 1927; x_wconf 89' lang='lat' dir='ltr'><strong>in</strong></span> <span class='ocrx_word' id='word_1_496' title='bbox 2345 1873 2500 1927; x_wconf 82' lang='lat' dir='ltr'><strong>ulnas</strong></span> <span class='ocrx_word' id='word_1_497' title='bbox 2526 1873 2818 1943; x_wconf 82' lang='lat' dir='ltr'><strong>excipiens</strong></span> <span class='ocrx_word' id='word_1_498' title='bbox 2842 1876 2980 1929; x_wconf 86' lang='lat' dir='ltr'><strong>dixit</strong></span> <span class='ocrx_word' id='word_1_499' title='bbox 3015 1895 3028 1930; x_wconf 93' lang='lat'>:</span> <span class='ocrx_word' id='word_1_500' title='bbox 3065 1875 3220 1929; x_wconf 84' lang='lat' dir='ltr'><strong>Nunc</strong></span> <span class='ocrx_word' id='word_1_501' title='bbox 3260 1876 3346 1930; x_wconf 61' lang='lat' dir='ltr'><strong>di.—</strong></span> 
     </span>
    </p>
   </div>
   <div class='ocr_carea' id='block_1_75' title="bbox 1767 1960 3349 2028">
    <p class='ocr_par' dir='ltr' id='par_1_75' title="bbox 1767 1960 3349 2028">
     <span class='ocr_line' id='line_1_75' title="bbox 1767 1960 3349 2028; baseline 0.004 -16"><span class='ocrx_word' id='word_1_502' title='bbox 1767 1960 1934 2014; x_wconf 79' lang='lat' dir='ltr'><strong>mittis</strong></span> <span class='ocrx_word' id='word_1_503' title='bbox 1961 1977 2163 2015; x_wconf 80' lang='lat' dir='ltr'><strong>servum</strong></span> <span class='ocrx_word' id='word_1_504' title='bbox 2249 1972 2418 2028; x_wconf 87' lang='lat' dir='ltr'><strong>tuum,</strong></span> <span class='ocrx_word' id='word_1_505' title='bbox 2497 1962 2734 2027; x_wconf 79' lang='lat' dir='ltr'><strong>Domine,</strong></span> <span class='ocrx_word' id='word_1_506' title='bbox 2790 1966 3074 2018; x_wconf 81' lang='lat' dir='ltr'><strong>secundum</strong></span> <span class='ocrx_word' id='word_1_507' title='bbox 3135 1965 3349 2019; x_wconf 81' lang='lat' dir='ltr'><strong>verbum</strong></span> 
     </span>
    </p>
   </div>
   <div class='ocr_carea' id='block_1_76' title="bbox 1765 2053 3346 2122">
    <p class='ocr_par' dir='ltr' id='par_1_76' title="bbox 1765 2053 3346 2122">
     <span class='ocr_line' id='line_1_76' title="bbox 1765 2053 3346 2122; baseline 0.005 -20"><span class='ocrx_word' id='word_1_508' title='bbox 1765 2059 1936 2112; x_wconf 80' lang='lat' dir='ltr'><strong>tuum,</strong></span> <span class='ocrx_word' id='word_1_509' title='bbox 1985 2053 2041 2105; x_wconf 78' lang='lat' dir='ltr'><strong>in</strong></span> <span class='ocrx_word' id='word_1_510' title='bbox 2089 2069 2241 2122; x_wconf 84' lang='lat' dir='ltr'><strong>pace,</strong></span> <span class='ocrx_word' id='word_1_511' title='bbox 2302 2054 2430 2122; x_wconf 80' lang='lat' dir='ltr'><strong>quia</strong></span> <span class='ocrx_word' id='word_1_512' title='bbox 2482 2054 2721 2107; x_wconf 80' lang='lat' dir='ltr'><strong>viderunt</strong></span> <span class='ocrx_word' id='word_1_513' title='bbox 2787 2054 2926 2108; x_wconf 76' lang='lat' dir='ltr'><strong>oculi</strong></span> <span class='ocrx_word' id='word_1_514' title='bbox 2968 2056 3069 2108; x_wconf 77' lang='lat' dir='ltr'><strong>mei</strong></span> <span class='ocrx_word' id='word_1_515' title='bbox 3109 2055 3346 2110; x_wconf 78' lang='lat' dir='ltr'><strong>salutare</strong></span> 
     </span>
    </p>
   </div>
   <div class='ocr_carea' id='block_1_77' title="bbox 1767 2143 3346 2218">
    <p class='ocr_par' dir='ltr' id='par_1_77' title="bbox 1767 2143 3346 2218">
     <span class='ocr_line' id='line_1_77' title="bbox 1767 2143 3346 2218; baseline 0.004 -24"><span class='ocrx_word' id='word_1_516' title='bbox 1767 2149 1916 2195; x_wconf 85' lang='lat' dir='ltr'><strong>tuum</strong></span> <span class='ocrx_word' id='word_1_517' title='bbox 1949 2144 2016 2198; x_wconf 78' lang='lat'><strong>“.</strong></span> <span class='ocrx_word' id='word_1_518' title='bbox 2076 2143 2181 2209; x_wconf 85' lang='lat' dir='ltr'><strong>Qui</strong></span> <span class='ocrx_word' id='word_1_519' title='bbox 2238 2144 2401 2216; x_wconf 77' lang='lat' dir='ltr'><strong>igitur</strong></span> <span class='ocrx_word' id='word_1_520' title='bbox 2438 2145 2678 2200; x_wconf 89' lang='lat' dir='ltr'><strong>salutare</strong></span> <span class='ocrx_word' id='word_1_521' title='bbox 2734 2147 2838 2201; x_wconf 87' lang='lat' dir='ltr'><strong>hoc</strong></span> <span class='ocrx_word' id='word_1_522' title='bbox 2860 2146 3110 2218; x_wconf 77' lang='lat' dir='ltr'><strong>diligunt,</strong></span> <span class='ocrx_word' id='word_1_523' title='bbox 3132 2161 3346 2216; x_wconf 85' lang='lat' dir='ltr'><strong>semper</strong></span> 
     </span>
    </p>
   </div>
   <div class='ocr_carea' id='block_1_78' title="bbox 1767 2232 3342 2308">
    <p class='ocr_par' dir='ltr' id='par_1_78' title="bbox 1767 2232 3342 2308">
     <span class='ocr_line' id='line_1_78' title="bbox 1767 2232 3342 2308; baseline 0.003 -21"><span class='ocrx_word' id='word_1_524' title='bbox 1767 2232 1939 2287; x_wconf 89' lang='lat' dir='ltr'><strong>Deum</strong></span> <span class='ocrx_word' id='word_1_525' title='bbox 1966 2235 2333 2306; x_wconf 79' lang='lat' dir='ltr'><strong>magniﬁcam,</strong></span> <span class='ocrx_word' id='word_1_526' title='bbox 2352 2236 2409 2291; x_wconf 91' lang='lat' dir='ltr'><strong>id</strong></span> <span class='ocrx_word' id='word_1_527' title='bbox 2438 2236 2877 2308; x_wconf 70' lang='lat' dir='ltr'><strong>estgloriﬁcant;</strong></span> <span class='ocrx_word' id='word_1_528' title='bbox 2908 2238 3189 2307; x_wconf 84' lang='lat' dir='ltr'><strong>quoniam,</strong></span> <span class='ocrx_word' id='word_1_529' title='bbox 3212 2237 3342 2292; x_wconf 91' lang='lat' dir='ltr'><strong>reli-</strong></span> 
     </span>
    </p>
   </div>
   <div class='ocr_carea' id='block_1_79' title="bbox 1768 2325 3345 2399">
    <p class='ocr_par' dir='ltr' id='par_1_79' title="bbox 1768 2325 3345 2399">
     <span class='ocr_line' id='line_1_79' title="bbox 1768 2325 3345 2399; baseline 0.004 -21"><span class='ocrx_word' id='word_1_530' title='bbox 1768 2325 2257 2393; x_wconf 87' lang='lat' dir='ltr'><strong>ctisidolis,Deum</strong></span> <span class='ocrx_word' id='word_1_531' title='bbox 2312 2328 2752 2399; x_wconf 78' lang='lat' dir='ltr'><strong>dilexerunt,qui</strong></span> <span class='ocrx_word' id='word_1_532' title='bbox 2806 2345 2932 2385; x_wconf 90' lang='lat' dir='ltr'><strong>vere</strong></span> <span class='ocrx_word' id='word_1_533' title='bbox 2985 2328 3231 2384; x_wconf 86' lang='lat' dir='ltr'><strong>Salvator</strong></span> <span class='ocrx_word' id='word_1_534' title='bbox 3258 2338 3345 2385; x_wconf 88' lang='lat' dir='ltr'><strong>est</strong></span> 
     </span>
    </p>
   </div>
   <div class='ocr_carea' id='block_1_80' title="bbox 1766 2415 2231 2488">
    <p class='ocr_par' dir='ltr' id='par_1_80' title="bbox 1766 2415 2231 2488">
     <span class='ocr_line' id='line_1_80' title="bbox 1766 2415 2231 2488; baseline 0.009 -19"><span class='ocrx_word' id='word_1_535' title='bbox 1766 2430 1829 2471; x_wconf 92' lang='lat' dir='ltr'><strong>ac</strong></span> <span class='ocrx_word' id='word_1_536' title='bbox 1882 2415 2231 2488; x_wconf 81' lang='lat' dir='ltr'><strong>Redemptor.</strong></span> 
     </span>
    </p>
   </div>
   <div class='ocr_carea' id='block_1_81' title="bbox 1837 2594 3344 2667">
    <p class='ocr_par' dir='ltr' id='par_1_81' title="bbox 1837 2594 3344 2667">
     <span class='ocr_line' id='line_1_81' title="bbox 1837 2594 3344 2667; baseline 0.001 -19"><span class='ocrx_word' id='word_1_537' title='bbox 1837 2594 1996 2649; x_wconf 77' lang='lat' dir='ltr'><strong>Vens.</strong></span> <span class='ocrx_word' id='word_1_538' title='bbox 2023 2595 2128 2651; x_wconf 73' lang='grc'><strong>7.(</strong></span> <span class='ocrx_word' id='word_1_539' title='bbox 2166 2596 2393 2667; x_wconf 79' lang='lat' dir='ltr'><strong>Adjutor</strong></span> <span class='ocrx_word' id='word_1_540' title='bbox 2453 2612 2608 2653; x_wconf 88' lang='lat' dir='ltr'><strong>meus</strong></span> <span class='ocrx_word' id='word_1_541' title='bbox 2663 2608 2718 2653; x_wconf 90' lang='lat' dir='ltr'><strong>et</strong></span> <span class='ocrx_word' id='word_1_542' title='bbox 2773 2598 3031 2652; x_wconf 80' lang='lat' dir='ltr'><strong>liberator</strong></span> <span class='ocrx_word' id='word_1_543' title='bbox 3076 2610 3227 2649; x_wconf 85' lang='lat' dir='ltr'><strong>meus</strong></span> <span class='ocrx_word' id='word_1_544' title='bbox 3283 2609 3344 2649; x_wconf 80' lang='lat' dir='ltr'><strong>es</strong></span> 
     </span>
    </p>
   </div>
   <div class='ocr_carea' id='block_1_82' title="bbox 1770 2676 2895 2763">
    <p class='ocr_par' dir='ltr' id='par_1_82' title="bbox 1770 2676 2895 2763">
     <span class='ocr_line' id='line_1_82' title="bbox 1770 2676 2895 2763; baseline -0.001 -26"><span class='ocrx_word' id='word_1_545' title='bbox 1770 2693 1846 2737; x_wconf 91' lang='lat' dir='ltr'><strong>tu.</strong></span> <span class='ocrx_word' id='word_1_546' title='bbox 1875 2704 1894 2734; x_wconf 66' lang='grc' dir='ltr'><strong>ι</strong></span> <span class='ocrx_word' id='word_1_547' title='bbox 2096 2676 2101 2681; x_wconf 50' lang='grc'><strong>’</strong></span> <span class='ocrx_word' id='word_1_548' title='bbox 2887 2757 2895 2763; x_wconf 33' lang='grc'><em>,</em></span> 
     </span>
    </p>
   </div>
   <div class='ocr_carea' id='block_1_83' title="bbox 1837 2776 3344 2850">
    <p class='ocr_par' dir='ltr' id='par_1_83' title="bbox 1837 2776 3344 2850">
     <span class='ocr_line' id='line_1_83' title="bbox 1837 2776 3344 2850; baseline 0.003 -19"><span class='ocrx_word' id='word_1_549' title='bbox 1837 2776 2067 2843; x_wconf 83' lang='lat' dir='ltr'><strong>Quando</strong></span> <span class='ocrx_word' id='word_1_550' title='bbox 2120 2780 2266 2835; x_wconf 85' lang='lat' dir='ltr'><strong>enim</strong></span> <span class='ocrx_word' id='word_1_551' title='bbox 2329 2782 2475 2837; x_wconf 90' lang='lat' dir='ltr'><strong>omni</strong></span> <span class='ocrx_word' id='word_1_552' title='bbox 2541 2783 2778 2837; x_wconf 88' lang='lat' dir='ltr'><strong>humana</strong></span> <span class='ocrx_word' id='word_1_553' title='bbox 2815 2796 2918 2850; x_wconf 89' lang='lat' dir='ltr'><strong>ope</strong></span> <span class='ocrx_word' id='word_1_554' title='bbox 2951 2780 3344 2845; x_wconf 79' lang='lat' dir='ltr'><strong>exciderimus,</strong></span> 
     </span>
    </p>
   </div>
   <div class='ocr_carea' id='block_1_84' title="bbox 1768 2864 3342 2941">
    <p class='ocr_par' dir='ltr' id='par_1_84' title="bbox 1768 2864 3342 2941">
     <span class='ocr_line' id='line_1_84' title="bbox 1768 2864 3342 2941; baseline 0.001 -21"><span class='ocrx_word' id='word_1_555' title='bbox 1768 2873 1898 2921; x_wconf 90' lang='lat' dir='ltr'><strong>tunc</strong></span> <span class='ocrx_word' id='word_1_556' title='bbox 1919 2864 2093 2920; x_wconf 87' lang='lat' dir='ltr'><strong>Deum</strong></span> <span class='ocrx_word' id='word_1_557' title='bbox 2117 2882 2216 2938; x_wconf 91' lang='lat' dir='ltr'><strong>pro</strong></span> <span class='ocrx_word' id='word_1_558' title='bbox 2241 2871 2496 2927; x_wconf 82' lang='lat' dir='ltr'><strong>omnibus</strong></span> <span class='ocrx_word' id='word_1_559' title='bbox 2527 2870 2883 2941; x_wconf 86' lang='lat' dir='ltr'><strong>reperiemus.</strong></span> <span class='ocrx_word' id='word_1_560' title='bbox 2916 2869 3186 2925; x_wconf 79' lang='lat' dir='ltr'><strong>Fortassis</strong></span> <span class='ocrx_word' id='word_1_561' title='bbox 3214 2884 3342 2923; x_wconf 85' lang='lat' dir='ltr'><strong>vero</strong></span> 
     </span>
    </p>
   </div>
   <div class='ocr_carea' id='block_1_85' title="bbox 1767 2956 3342 3033">
    <p class='ocr_par' dir='ltr' id='par_1_85' title="bbox 1767 2956 3342 3033">
     <span class='ocr_line' id='line_1_85' title="bbox 1767 2956 3342 3033; baseline 0 -21"><span class='ocrx_word' id='word_1_562' title='bbox 1767 2956 1934 3012; x_wconf 89' lang='lat' dir='ltr'><strong>etiam</strong></span> <span class='ocrx_word' id='word_1_563' title='bbox 1961 2971 2029 3011; x_wconf 81' lang='lat' dir='ltr'><strong>ex</strong></span> <span class='ocrx_word' id='word_1_564' title='bbox 2059 2972 2293 3027; x_wconf 88' lang='lat' dir='ltr'><strong>persona</strong></span> <span class='ocrx_word' id='word_1_565' title='bbox 2318 2959 2502 3031; x_wconf 85' lang='lat' dir='ltr'><strong>populi</strong></span> <span class='ocrx_word' id='word_1_566' title='bbox 2526 2961 2768 3033; x_wconf 76' lang='lat' dir='ltr'><strong>gentium</strong></span> <span class='ocrx_word' id='word_1_567' title='bbox 2799 2960 2919 3016; x_wconf 82' lang='lat' dir='ltr'><strong>haec</strong></span> <span class='ocrx_word' id='word_1_568' title='bbox 2948 2960 3199 3015; x_wconf 87' lang='lat' dir='ltr'><strong>edisserit</strong></span> <span class='ocrx_word' id='word_1_569' title='bbox 3219 2976 3233 3024; x_wconf 90' lang='lat'><strong>;</strong></span> <span class='ocrx_word' id='word_1_570' title='bbox 3253 2958 3342 3013; x_wconf 91' lang='lat' dir='ltr'><strong>cui</strong></span> 
     </span>
    </p>
   </div>
   <div class='ocr_carea' id='block_1_86' title="bbox 1768 3047 3340 3120">
    <p class='ocr_par' dir='ltr' id='par_1_86' title="bbox 1768 3047 3340 3120">
     <span class='ocr_line' id='line_1_86' title="bbox 1768 3047 3340 3120; baseline 0.001 -19"><span class='ocrx_word' id='word_1_571' title='bbox 1768 3047 1931 3102; x_wconf 89' lang='lat' dir='ltr'><strong>etiam</strong></span> <span class='ocrx_word' id='word_1_572' title='bbox 1957 3056 2103 3104; x_wconf 85' lang='lat' dir='ltr'><strong>totus</strong></span> <span class='ocrx_word' id='word_1_573' title='bbox 2131 3049 2221 3106; x_wconf 86' lang='lat' dir='ltr'><strong>hic</strong></span> <span class='ocrx_word' id='word_1_574' title='bbox 2241 3051 2485 3120; x_wconf 87' lang='lat' dir='ltr'><strong>psalmus</strong></span> <span class='ocrx_word' id='word_1_575' title='bbox 2513 3051 2802 3117; x_wconf 86' lang='lat' dir='ltr'><strong>convenit;</strong></span> <span class='ocrx_word' id='word_1_576' title='bbox 2834 3051 3055 3108; x_wconf 86' lang='lat' dir='ltr'><strong>Christo</strong></span> <span class='ocrx_word' id='word_1_577' title='bbox 3080 3050 3340 3105; x_wconf 83' lang='lat' dir='ltr'><strong>nimirum</strong></span> 
     </span>
    </p>
   </div>
   <div class='ocr_carea' id='block_1_87' title="bbox 1771 3140 3344 3214">
    <p class='ocr_par' dir='ltr' id='par_1_87' title="bbox 1771 3140 3344 3214">
     <span class='ocr_line' id='line_1_87' title="bbox 1771 3140 3344 3214; baseline 0.002 -21"><span class='ocrx_word' id='word_1_578' title='bbox 1771 3140 2061 3196; x_wconf 86' lang='lat' dir='ltr'><strong>invocante</strong></span> <span class='ocrx_word' id='word_1_579' title='bbox 2084 3144 2504 3199; x_wconf 88' lang='lat' dir='ltr'><strong>etaccelerante</strong></span> <span class='ocrx_word' id='word_1_580' title='bbox 2541 3144 2824 3211; x_wconf 83' lang='lat' dir='ltr'><strong>auxilium,</strong></span> <span class='ocrx_word' id='word_1_581' title='bbox 2863 3152 3026 3214; x_wconf 88' lang='lat' dir='ltr'><strong>atque</strong></span> <span class='ocrx_word' id='word_1_582' title='bbox 3071 3142 3344 3213; x_wconf 84' lang='lat' dir='ltr'><strong>spiritales</strong></span> 
     </span>
    </p>
   </div>
   <div class='ocr_carea' id='block_1_88' title="bbox 1772 3227 3339 3301">
    <p class='ocr_par' dir='ltr' id='par_1_88' title="bbox 1772 3227 3339 3301">
     <span class='ocr_line' id='line_1_88' title="bbox 1772 3227 3339 3301; baseline 0.002 -21"><span class='ocrx_word' id='word_1_583' title='bbox 1772 3227 2044 3294; x_wconf 88' lang='lat' dir='ltr'><strong>inimicos,</strong></span> <span class='ocrx_word' id='word_1_584' title='bbox 2078 3229 2291 3285; x_wconf 85' lang='lat' dir='ltr'><strong>scilicet</strong></span> <span class='ocrx_word' id='word_1_585' title='bbox 2314 3232 2616 3297; x_wconf 75' lang='lat' dir='ltr'><strong>daemonas,</strong></span> <span class='ocrx_word' id='word_1_586' title='bbox 2670 3231 2762 3301; x_wconf 91' lang='lat' dir='ltr'><strong>qui</strong></span> <span class='ocrx_word' id='word_1_587' title='bbox 2790 3231 2951 3301; x_wconf 77' lang='lat' dir='ltr'><strong>longo</strong></span> <span class='ocrx_word' id='word_1_588' title='bbox 2976 3239 3219 3299; x_wconf 89' lang='lat' dir='ltr'><strong>tempore</strong></span> <span class='ocrx_word' id='word_1_589' title='bbox 3260 3238 3339 3298; x_wconf 81' lang='lat' dir='ltr'><strong>ty-</strong></span> 
     </span>
    </p>
   </div>
   <div class='ocr_carea' id='block_1_89' title="bbox 1772 3316 3342 3387">
    <p class='ocr_par' dir='ltr' id='par_1_89' title="bbox 1772 3316 3342 3387">
     <span class='ocr_line' id='line_1_89' title="bbox 1772 3316 3342 3387; baseline 0.003 -20"><span class='ocrx_word' id='word_1_590' title='bbox 1772 3316 1996 3369; x_wconf 88' lang='lat' dir='ltr'><strong>rannice</strong></span> <span class='ocrx_word' id='word_1_591' title='bbox 2018 3331 2119 3370; x_wconf 91' lang='lat' dir='ltr'><strong>nos</strong></span> <span class='ocrx_word' id='word_1_592' title='bbox 2144 3329 2550 3386; x_wconf 87' lang='lat' dir='ltr'><strong>oppresserant,</strong></span> <span class='ocrx_word' id='word_1_593' title='bbox 2591 3317 2852 3373; x_wconf 68' lang='lat' dir='ltr'><strong>confundi</strong></span> <span class='ocrx_word' id='word_1_594' title='bbox 2886 3317 3212 3387; x_wconf 87' lang='lat' dir='ltr'><strong>postulante.</strong></span> <span class='ocrx_word' id='word_1_595' title='bbox 3244 3317 3342 3371; x_wconf 86' lang='lat' dir='ltr'><strong>Hic</strong></span> 
     </span>
    </p>
   </div>
   <div class='ocr_carea' id='block_1_90' title="bbox 1770 3405 3342 3478">
    <p class='ocr_par' dir='ltr' id='par_1_90' title="bbox 1770 3405 3342 3478">
     <span class='ocr_line' id='line_1_90' title="bbox 1770 3405 3342 3478; baseline 0.001 -20"><span class='ocrx_word' id='word_1_596' title='bbox 1770 3405 2009 3475; x_wconf 89' lang='lat' dir='ltr'><strong>populus</strong></span> <span class='ocrx_word' id='word_1_597' title='bbox 2067 3422 2272 3478; x_wconf 83' lang='lat' dir='ltr'><strong>egenus</strong></span> <span class='ocrx_word' id='word_1_598' title='bbox 2324 3418 2380 3464; x_wconf 91' lang='lat' dir='ltr'><strong>et</strong></span> <span class='ocrx_word' id='word_1_599' title='bbox 2430 3424 2647 3478; x_wconf 17' lang='lat' dir='ltr'><strong>pauper.</strong></span> <span class='ocrx_word' id='word_1_600' title='bbox 2686 3417 2768 3463; x_wconf 89' lang='lat' dir='ltr'><strong>cst</strong></span> <span class='ocrx_word' id='word_1_601' title='bbox 2830 3425 2844 3460; x_wconf 88' lang='lat'>:</span> <span class='ocrx_word' id='word_1_602' title='bbox 2892 3423 3097 3478; x_wconf 79' lang='lat' dir='ltr'><strong>egenus</strong></span> <span class='ocrx_word' id='word_1_603' title='bbox 3124 3407 3342 3477; x_wconf 80' lang='lat' dir='ltr'><strong>quidem</strong></span> 
     </span>
    </p>
   </div>
   <div class='ocr_carea' id='block_1_91' title="bbox 1772 3496 3342 3567">
    <p class='ocr_par' dir='ltr' id='par_1_91' title="bbox 1772 3496 3342 3567">
     <span class='ocr_line' id='line_1_91' title="bbox 1772 3496 3342 3567; baseline 0.001 -20"><span class='ocrx_word' id='word_1_604' title='bbox 1772 3507 1998 3564; x_wconf 88' lang='lat' dir='ltr'><strong>propter</strong></span> <span class='ocrx_word' id='word_1_605' title='bbox 2025 3505 2328 3565; x_wconf 88' lang='lat' dir='ltr'><strong>peccatum,</strong></span> <span class='ocrx_word' id='word_1_606' title='bbox 2366 3513 2573 3567; x_wconf 87' lang='lat' dir='ltr'><strong>pauper</strong></span> <span class='ocrx_word' id='word_1_607' title='bbox 2632 3511 2765 3551; x_wconf 89' lang='lat' dir='ltr'><strong>vero</strong></span> <span class='ocrx_word' id='word_1_608' title='bbox 2814 3506 3039 3566; x_wconf 91' lang='lat' dir='ltr'><strong>pr0pter</strong></span> <span class='ocrx_word' id='word_1_609' title='bbox 3090 3496 3342 3565; x_wconf 84' lang='lat' dir='ltr'><strong>impieta-</strong></span> 
     </span>
    </p>
   </div>
   <div class='ocr_carea' id='block_1_92' title="bbox 1776 3593 1925 3640">
    <p class='ocr_par' dir='ltr' id='par_1_92' title="bbox 1776 3593 1925 3640">
     <span class='ocr_line' id='line_1_92' title="bbox 1776 3593 1925 3640; baseline -0.007 0"><span class='ocrx_word' id='word_1_610' title='bbox 1776 3593 1925 3640; x_wconf 78' lang='lat' dir='ltr'><strong>tem.-</strong></span> 
     </span>
    </p>
   </div>
   <div class='ocr_carea' id='block_1_93' title="bbox 1845 3676 3338 3747">
    <p class='ocr_par' dir='ltr' id='par_1_93' title="bbox 1845 3676 3338 3747">
     <span class='ocr_line' id='line_1_93' title="bbox 1845 3676 3338 3747; baseline 0.001 -17"><span class='ocrx_word' id='word_1_611' title='bbox 1845 3676 2095 3745; x_wconf 85' lang='lat' dir='ltr'><strong>Adjutor,</strong></span> <span class='ocrx_word' id='word_1_612' title='bbox 2130 3687 2393 3746; x_wconf 56' lang='lat' dir='ltr'><strong>tanquam.</strong></span> <span class='ocrx_word' id='word_1_613' title='bbox 2412 3678 2567 3733; x_wconf 81' lang='lat' dir='ltr'><strong>fortis</strong></span> <span class='ocrx_word' id='word_1_614' title='bbox 2624 3678 2905 3743; x_wconf 86' lang='lat' dir='ltr'><strong>liberator,</strong></span> <span class='ocrx_word' id='word_1_615' title='bbox 2934 3688 2993 3732; x_wconf 92' lang='lat' dir='ltr'><strong>ut</strong></span> <span class='ocrx_word' id='word_1_616' title='bbox 3022 3677 3112 3747; x_wconf 89' lang='lat' dir='ltr'><strong>qui</strong></span> <span class='ocrx_word' id='word_1_617' title='bbox 3137 3688 3338 3732; x_wconf 86' lang='lat' dir='ltr'><strong>semet-</strong></span> 
     </span>
    </p>
   </div>
   <div class='ocr_carea' id='block_1_94' title="bbox 1773 3766 3342 3839">
    <p class='ocr_par' dir='ltr' id='par_1_94' title="bbox 1773 3766 3342 3839">
     <span class='ocr_line' id='line_1_94' title="bbox 1773 3766 3342 3839; baseline 0.001 -19"><span class='ocrx_word' id='word_1_618' title='bbox 1773 3766 1951 3837; x_wconf 91' lang='lat' dir='ltr'><strong>ipsum</strong></span> <span class='ocrx_word' id='word_1_619' title='bbox 2002 3782 2170 3837; x_wconf 87' lang='lat' dir='ltr'><strong>parvo</strong></span> <span class='ocrx_word' id='word_1_620' title='bbox 2200 3778 2442 3839; x_wconf 85' lang='lat' dir='ltr'><strong>tempore</strong></span> <span class='ocrx_word' id='word_1_621' title='bbox 2489 3770 2777 3839; x_wconf 87' lang='lat' dir='ltr'><strong>pronobis</strong></span> <span class='ocrx_word' id='word_1_622' title='bbox 2826 3769 2881 3823; x_wconf 89' lang='lat' dir='ltr'><strong>in</strong></span> <span class='ocrx_word' id='word_1_623' title='bbox 2937 3769 3132 3839; x_wconf 78' lang='lat' dir='ltr'><strong>pignus</strong></span> <span class='ocrx_word' id='word_1_624' title='bbox 3181 3768 3342 3823; x_wconf 89' lang='lat' dir='ltr'><strong>morti</strong></span> 
     </span>
    </p>
   </div>
   <div class='ocr_carea' id='block_1_95' title="bbox 1773 3858 3343 3929">
    <p class='ocr_par' dir='ltr' id='par_1_95' title="bbox 1773 3858 3343 3929">
     <span class='ocr_line' id='line_1_95' title="bbox 1773 3858 3343 3929; baseline 0.001 -18"><span class='ocrx_word' id='word_1_625' title='bbox 1773 3858 2005 3925; x_wconf 90' lang='lat' dir='ltr'><strong>dederit,</strong></span> <span class='ocrx_word' id='word_1_626' title='bbox 2060 3867 2118 3913; x_wconf 93' lang='lat' dir='ltr'><strong>ut</strong></span> <span class='ocrx_word' id='word_1_627' title='bbox 2170 3859 2542 3929; x_wconf 87' lang='lat' dir='ltr'><strong>captivitatem</strong></span> <span class='ocrx_word' id='word_1_628' title='bbox 2593 3868 2840 3916; x_wconf 88' lang='lat' dir='ltr'><strong>nostram</strong></span> <span class='ocrx_word' id='word_1_629' title='bbox 2893 3860 3206 3914; x_wconf 86' lang='lat' dir='ltr'><strong>redimeret.</strong></span> <span class='ocrx_word' id='word_1_630' title='bbox 3263 3858 3343 3912; x_wconf 84' lang='lat' dir='ltr'><strong>Ne</strong></span> 
     </span>
    </p>
   </div>
   <div class='ocr_carea' id='block_1_96' title="bbox 1775 3949 3345 4020">
    <p class='ocr_par' dir='ltr' id='par_1_96' title="bbox 1775 3949 3345 4020">
     <span class='ocr_line' id='line_1_96' title="bbox 1775 3949 3345 4020; baseline 0 -18"><span class='ocrx_word' id='word_1_631' title='bbox 1775 3949 2091 4004; x_wconf 80' lang='lat' dir='ltr'><strong>tardaveris.</strong></span> <span class='ocrx_word' id='word_1_632' title='bbox 2117 3951 2365 4006; x_wconf 89' lang='lat' dir='ltr'><strong>Inﬁrmus</strong></span> <span class='ocrx_word' id='word_1_633' title='bbox 2393 3952 2537 4006; x_wconf 90' lang='lat' dir='ltr'><strong>enim</strong></span> <span class='ocrx_word' id='word_1_634' title='bbox 2565 3953 2632 4008; x_wconf 92' lang='lat' dir='ltr'><strong>ab</strong></span> <span class='ocrx_word' id='word_1_635' title='bbox 2647 3952 2906 4007; x_wconf 89' lang='lat' dir='ltr'><strong>omnibus</strong></span> <span class='ocrx_word' id='word_1_636' title='bbox 2934 3950 3157 4005; x_wconf 91' lang='lat' dir='ltr'><strong>medicis</strong></span> <span class='ocrx_word' id='word_1_637' title='bbox 3185 3951 3345 4020; x_wconf 85' lang='lat' dir='ltr'><strong>depo-</strong></span> 
     </span>
    </p>
   </div>
   <div class='ocr_carea' id='block_1_97' title="bbox 1775 4038 3345 4111">
    <p class='ocr_par' dir='ltr' id='par_1_97' title="bbox 1775 4038 3345 4111">
     <span class='ocr_line' id='line_1_97' title="bbox 1775 4038 3345 4111; baseline -0.001 -17"><span class='ocrx_word' id='word_1_638' title='bbox 1775 4038 1916 4094; x_wconf 89' lang='lat' dir='ltr'><strong>situs</strong></span> <span class='ocrx_word' id='word_1_639' title='bbox 1940 4049 2041 4096; x_wconf 91' lang='lat' dir='ltr'><strong>est.</strong></span> <span class='ocrx_word' id='word_1_640' title='bbox 2064 4040 2294 4111; x_wconf 88' lang='lat' dir='ltr'><strong>Propter</strong></span> <span class='ocrx_word' id='word_1_641' title='bbox 2311 4041 2455 4111; x_wconf 91' lang='lat' dir='ltr'><strong>quod</strong></span> <span class='ocrx_word' id='word_1_642' title='bbox 2476 4041 2640 4095; x_wconf 88' lang='lat' dir='ltr'><strong>etiam</strong></span> <span class='ocrx_word' id='word_1_643' title='bbox 2668 4041 2925 4095; x_wconf 84' lang='lat' dir='ltr'><strong>Habacuc</strong></span> <span class='ocrx_word' id='word_1_644' title='bbox 2953 4039 3081 4094; x_wconf 89' lang='lat' dir='ltr'><strong>dicit</strong></span> <span class='ocrx_word' id='word_1_645' title='bbox 3111 4056 3125 4092; x_wconf 86' lang='lat'><strong>:</strong></span> <span class='ocrx_word' id='word_1_646' title='bbox 3151 4039 3345 4095; x_wconf 86' lang='lat' dir='ltr'><strong>Adhuc</strong></span> 
     </span>
    </p>
   </div>
   <div class='ocr_carea' id='block_1_98' title="bbox 1773 4130 3341 4202">
    <p class='ocr_par' dir='ltr' id='par_1_98' title="bbox 1773 4130 3341 4202">
     <span class='ocr_line' id='line_1_98' title="bbox 1773 4130 3341 4202; baseline -0.003 -16"><span class='ocrx_word' id='word_1_647' title='bbox 1773 4131 2068 4197; x_wconf 86' lang='lat' dir='ltr'><strong>modicum,</strong></span> <span class='ocrx_word' id='word_1_648' title='bbox 2110 4132 2460 4202; x_wconf 76' lang='lat' dir='ltr'><strong>quiavem’ens</strong></span> <span class='ocrx_word' id='word_1_649' title='bbox 2481 4132 2668 4198; x_wconf 74' lang='lat' dir='ltr'><strong>veniet,</strong></span> <span class='ocrx_word' id='word_1_650' title='bbox 2723 4141 2771 4185; x_wconf 86' lang='lat' dir='ltr'><strong>et</strong></span> <span class='ocrx_word' id='word_1_651' title='bbox 2831 4147 2931 4184; x_wconf 87' lang='lat' dir='ltr'><strong>non</strong></span> <span class='ocrx_word' id='word_1_652' title='bbox 2993 4130 3227 4183; x_wconf 79' lang='lat' dir='ltr'><strong>tardabit</strong></span> <span class='ocrx_word' id='word_1_653' title='bbox 3261 4130 3341 4195; x_wconf 72' lang='lat'><strong>‘7;</strong></span> 
     </span>
    </p>
   </div>
   <div class='ocr_carea' id='block_1_99' title="bbox 1775 4221 2746 4278">
    <p class='ocr_par' dir='ltr' id='par_1_99' title="bbox 1775 4221 2746 4278">
     <span class='ocr_line' id='line_1_99' title="bbox 1775 4221 2746 4278; baseline 0.001 -2"><span class='ocrx_word' id='word_1_654' title='bbox 1775 4221 2070 4277; x_wconf 90' lang='lat' dir='ltr'><strong>Salvatoris</strong></span> <span class='ocrx_word' id='word_1_655' title='bbox 2093 4222 2385 4278; x_wconf 84' lang='lat' dir='ltr'><strong>adventum</strong></span> <span class='ocrx_word' id='word_1_656' title='bbox 2418 4222 2746 4277; x_wconf 89' lang='lat' dir='ltr'><strong>accelerans.</strong></span> 
     </span>
    </p>
   </div>
   <div class='ocr_carea' id='block_1_100' title="bbox 2299 4334 2817 4403">
    <p class='ocr_par' dir='ltr' id='par_1_100' title="bbox 2299 4334 2817 4403">
     <span class='ocr_line' id='line_1_100' title="bbox 2299 4334 2817 4403; baseline -0.002 -12"><span class='ocrx_word' id='word_1_657' title='bbox 2299 4334 2617 4403; x_wconf 77' lang='lat' dir='ltr'><strong>PSALMUS</strong></span> <span class='ocrx_word' id='word_1_658' title='bbox 2657 4335 2792 4391; x_wconf 80' lang='lat' dir='ltr'><strong>LXX</strong></span> <span class='ocrx_word' id='word_1_659' title='bbox 2804 4376 2817 4390; x_wconf 92' lang='lat'><strong>.</strong></span> 
     </span>
    </p>
   </div>
   <div class='ocr_carea' id='block_1_101' title="bbox 1846 4425 2965 4496">
    <p class='ocr_par' dir='ltr' id='par_1_101' title="bbox 1846 4425 2965 4496">
     <span class='ocr_line' id='line_1_101' title="bbox 1846 4425 2965 4496; baseline -0.003 -13"><span class='ocrx_word' id='word_1_660' title='bbox 1846 4427 2008 4482; x_wconf 71' lang='lat' dir='ltr'><strong>Vens.</strong></span> <span class='ocrx_word' id='word_1_661' title='bbox 2038 4427 2093 4481; x_wconf 74' lang='lat'><strong>2.</strong></span> <span class='ocrx_word' id='word_1_662' title='bbox 2121 4444 2140 4477; x_wconf 75' lang='grc' dir='ltr'><strong>ι</strong></span> <span class='ocrx_word' id='word_1_663' title='bbox 2171 4425 2230 4480; x_wconf 93' lang='lat' dir='ltr'><strong>ln</strong></span> <span class='ocrx_word' id='word_1_664' title='bbox 2255 4426 2462 4496; x_wconf 77' lang='lat' dir='ltr'><strong>iustitia</strong></span> <span class='ocrx_word' id='word_1_665' title='bbox 2491 4434 2583 4481; x_wconf 89' lang='lat' dir='ltr'><strong>tua</strong></span> <span class='ocrx_word' id='word_1_666' title='bbox 2601 4427 2769 4483; x_wconf 89' lang='lat' dir='ltr'><strong>libera</strong></span> <span class='ocrx_word' id='word_1_667' title='bbox 2796 4444 2903 4483; x_wconf 90' lang='lat' dir='ltr'><strong>me.</strong></span> <span class='ocrx_word' id='word_1_668' title='bbox 2930 4447 2965 4480; x_wconf 62' lang='grc' dir='ltr'>ι</span> 
     </span>
    </p>
   </div>
   <div class='ocr_carea' id='block_1_102' title="bbox 1844 4518 3343 4591">
    <p class='ocr_par' dir='ltr' id='par_1_102' title="bbox 1844 4518 3343 4591">
     <span class='ocr_line' id='line_1_102' title="bbox 1844 4518 3343 4591; baseline -0.001 -18"><span class='ocrx_word' id='word_1_669' title='bbox 1844 4519 2076 4576; x_wconf 88' lang='lat' dir='ltr'><strong>Pulchre</strong></span> <span class='ocrx_word' id='word_1_670' title='bbox 2099 4519 2169 4574; x_wconf 91' lang='lat' dir='ltr'><strong>ad</strong></span> <span class='ocrx_word' id='word_1_671' title='bbox 2201 4518 2353 4584; x_wconf 87' lang='lat' dir='ltr'><strong>illud,</strong></span> <span class='ocrx_word' id='word_1_672' title='bbox 2386 4534 2490 4572; x_wconf 86' lang='lat' dir='ltr'><strong>non</strong></span> <span class='ocrx_word' id='word_1_673' title='bbox 2513 4520 2822 4591; x_wconf 73' lang='lat' dir='ltr'><strong>confundat,</strong></span> <span class='ocrx_word' id='word_1_674' title='bbox 2855 4520 3099 4586; x_wconf 81' lang='lat' dir='ltr'><strong>addit,in</strong></span> <span class='ocrx_word' id='word_1_675' title='bbox 3129 4519 3343 4588; x_wconf 78' lang='lat' dir='ltr'><strong>justitiu</strong></span> 
     </span>
    </p>
   </div>
   <div class='ocr_carea' id='block_1_103' title="bbox 1775 4610 3344 4681">
    <p class='ocr_par' dir='ltr' id='par_1_103' title="bbox 1775 4610 3344 4681">
     <span class='ocr_line' id='line_1_103' title="bbox 1775 4610 3344 4681; baseline -0.001 -15"><span class='ocrx_word' id='word_1_676' title='bbox 1775 4626 1887 4667; x_wconf 85' lang='lat' dir='ltr'><strong>tua.</strong></span> <span class='ocrx_word' id='word_1_677' title='bbox 1921 4610 2038 4667; x_wconf 88' lang='lat' dir='ltr'><strong>Etsi</strong></span> <span class='ocrx_word' id='word_1_678' title='bbox 2065 4611 2209 4667; x_wconf 91' lang='lat' dir='ltr'><strong>enim</strong></span> <span class='ocrx_word' id='word_1_679' title='bbox 2234 4611 2291 4665; x_wconf 89' lang='lat' dir='ltr'><strong>in</strong></span> <span class='ocrx_word' id='word_1_680' title='bbox 2314 4619 2367 4666; x_wconf 90' lang='lat' dir='ltr'><strong>te</strong></span> <span class='ocrx_word' id='word_1_681' title='bbox 2398 4610 2760 4681; x_wconf 84' lang='lat' dir='ltr'><strong>peccaverim,</strong></span> <span class='ocrx_word' id='word_1_682' title='bbox 2785 4619 2966 4667; x_wconf 89' lang='lat' dir='ltr'><strong>tamen</strong></span> <span class='ocrx_word' id='word_1_683' title='bbox 3000 4614 3067 4665; x_wconf 88' lang='lat' dir='ltr'><strong>ab</strong></span> <span class='ocrx_word' id='word_1_684' title='bbox 3107 4610 3193 4665; x_wconf 88' lang='lat' dir='ltr'><strong>his</strong></span> <span class='ocrx_word' id='word_1_685' title='bbox 3257 4626 3344 4664; x_wconf 90' lang='lat' dir='ltr'><strong>me</strong></span> 
     </span>
    </p>
   </div>
   <div class='ocr_carea' id='block_1_104' title="bbox 1768 4700 3345 4774">
    <p class='ocr_par' dir='ltr' id='par_1_104' title="bbox 1768 4700 3345 4774">
     <span class='ocr_line' id='line_1_104' title="bbox 1768 4700 3345 4774; baseline -0.004 -16"><span class='ocrx_word' id='word_1_686' title='bbox 1768 4703 1916 4774; x_wconf 88' lang='lat' dir='ltr'><strong>juste</strong></span> <span class='ocrx_word' id='word_1_687' title='bbox 1939 4702 2198 4757; x_wconf 88' lang='lat' dir='ltr'><strong>liberabis</strong></span> <span class='ocrx_word' id='word_1_688' title='bbox 2222 4720 2235 4755; x_wconf 89' lang='lat'><strong>:</strong></span> <span class='ocrx_word' id='word_1_689' title='bbox 2263 4701 2390 4771; x_wconf 84' lang='lat' dir='ltr'><strong>quia</strong></span> <span class='ocrx_word' id='word_1_690' title='bbox 2407 4702 2611 4757; x_wconf 86' lang='lat' dir='ltr'><strong>nullam</strong></span> <span class='ocrx_word' id='word_1_691' title='bbox 2640 4702 2847 4757; x_wconf 89' lang='lat' dir='ltr'><strong>habent</strong></span> <span class='ocrx_word' id='word_1_692' title='bbox 2881 4700 3221 4754; x_wconf 83' lang='lat' dir='ltr'><strong>fortitudinis</strong></span> <span class='ocrx_word' id='word_1_693' title='bbox 3240 4707 3345 4752; x_wconf 77' lang='lat' dir='ltr'><strong>tua:</strong></span> 
     </span>
    </p>
   </div>
   <div class='ocr_carea' id='block_1_105' title="bbox 1772 4789 3093 4860">
    <p class='ocr_par' dir='ltr' id='par_1_105' title="bbox 1772 4789 3093 4860">
     <span class='ocr_line' id='line_1_105' title="bbox 1772 4789 3093 4860; baseline -0.006 -12"><span class='ocrx_word' id='word_1_694' title='bbox 1772 4793 2045 4857; x_wconf 87' lang='lat' dir='ltr'><strong>notitiam,</strong></span> <span class='ocrx_word' id='word_1_695' title='bbox 2079 4802 2136 4846; x_wconf 90' lang='lat' dir='ltr'><strong>et</strong></span> <span class='ocrx_word' id='word_1_696' title='bbox 2166 4799 2369 4846; x_wconf 87' lang='lat' dir='ltr'><strong>temere</strong></span> <span class='ocrx_word' id='word_1_697' title='bbox 2384 4792 2542 4846; x_wconf 90' lang='lat' dir='ltr'><strong>nobis</strong></span> <span class='ocrx_word' id='word_1_698' title='bbox 2570 4791 2821 4860; x_wconf 83' lang='lat' dir='ltr'><strong>injuriam</strong></span> <span class='ocrx_word' id='word_1_699' title='bbox 2858 4789 3093 4844; x_wconf 71' lang='lat' dir='ltr'><strong>faciunt.</strong></span> 
     </span>
    </p>
   </div>
   <div class='ocr_carea' id='block_1_106' title="bbox 1852 4965 2773 5021">
    <p class='ocr_par' dir='ltr' id='par_1_106' title="bbox 1852 4965 2773 5021">
     <span class='ocr_line' id='line_1_106' title="bbox 1852 4965 2773 5021; baseline -0.003 -2"><span class='ocrx_word' id='word_1_700' title='bbox 1852 4986 1870 5019; x_wconf 77' lang='grc' dir='ltr'><strong>ι</strong></span> <span class='ocrx_word' id='word_1_701' title='bbox 1900 4965 2105 5021; x_wconf 85' lang='lat' dir='ltr'><strong>lnclina</strong></span> <span class='ocrx_word' id='word_1_702' title='bbox 2126 4965 2194 5020; x_wconf 89' lang='lat' dir='ltr'><strong>ad</strong></span> <span class='ocrx_word' id='word_1_703' title='bbox 2222 4980 2309 5020; x_wconf 91' lang='lat' dir='ltr'><strong>me</strong></span> <span class='ocrx_word' id='word_1_704' title='bbox 2333 4980 2520 5019; x_wconf 89' lang='lat' dir='ltr'><strong>aurem</strong></span> <span class='ocrx_word' id='word_1_705' title='bbox 2544 4973 2713 5018; x_wconf 90' lang='lat' dir='ltr'><strong>tuam.</strong></span> <span class='ocrx_word' id='word_1_706' title='bbox 2755 4982 2773 5015; x_wconf 78' lang='grc' dir='ltr'><strong>ι</strong></span> 
     </span>
    </p>
   </div>
   <div class='ocr_carea' id='block_1_107' title="bbox 1848 5054 3348 5129">
    <p class='ocr_par' dir='ltr' id='par_1_107' title="bbox 1848 5054 3348 5129">
     <span class='ocr_line' id='line_1_107' title="bbox 1848 5054 3348 5129; baseline -0.003 -14"><span class='ocrx_word' id='word_1_707' title='bbox 1848 5060 1906 5115; x_wconf 87' lang='lat' dir='ltr'><strong>Id</strong></span> <span class='ocrx_word' id='word_1_708' title='bbox 1935 5065 2037 5124; x_wconf 89' lang='lat' dir='ltr'><strong>est,</strong></span> <span class='ocrx_word' id='word_1_709' title='bbox 2064 5066 2317 5129; x_wconf 88' lang='lat' dir='ltr'><strong>tanquam</strong></span> <span class='ocrx_word' id='word_1_710' title='bbox 2351 5054 2566 5110; x_wconf 90' lang='lat' dir='ltr'><strong>inﬁrmo</strong></span> <span class='ocrx_word' id='word_1_711' title='bbox 2594 5055 3230 5111; x_wconf 79' lang='lat' dir='ltr'><strong>condescendc._lnclina</strong></span> <span class='ocrx_word' id='word_1_712' title='bbox 3253 5072 3348 5110; x_wconf 88' lang='lat' dir='ltr'><strong>au-</strong></span> 
     </span>
    </p>
   </div>
   <div class='ocr_carea' id='block_1_108' title="bbox 1779 5146 3346 5224">
    <p class='ocr_par' dir='ltr' id='par_1_108' title="bbox 1779 5146 3346 5224">
     <span class='ocr_line' id='line_1_108' title="bbox 1779 5146 3346 5224; baseline -0.003 -17"><span class='ocrx_word' id='word_1_713' title='bbox 1779 5168 1892 5209; x_wconf 89' lang='lat' dir='ltr'><strong>rem</strong></span> <span class='ocrx_word' id='word_1_714' title='bbox 1925 5160 2072 5206; x_wconf 90' lang='lat' dir='ltr'><strong>tuam</strong></span> <span class='ocrx_word' id='word_1_715' title='bbox 2096 5159 2351 5224; x_wconf 81' lang='lat' dir='ltr'><strong>tanquam</strong></span> <span class='ocrx_word' id='word_1_716' title='bbox 2388 5147 2681 5219; x_wconf 83' lang='lat' dir='ltr'><strong>peccaturi,</strong></span> <span class='ocrx_word' id='word_1_717' title='bbox 2717 5154 2774 5203; x_wconf 84' lang='lat' dir='ltr'><strong>et</strong></span> <span class='ocrx_word' id='word_1_718' title='bbox 2825 5162 2934 5202; x_wconf 87' lang='lat' dir='ltr'><strong>non</strong></span> <span class='ocrx_word' id='word_1_719' title='bbox 2970 5146 3168 5201; x_wconf 80' lang='lat' dir='ltr'><strong>valenti</strong></span> <span class='ocrx_word' id='word_1_720' title='bbox 3190 5162 3346 5202; x_wconf 89' lang='lat' dir='ltr'><strong>orare</strong></span> 
     </span>
    </p>
   </div>
   <div class='ocr_carea' id='block_1_109' title="bbox 1779 5237 3342 5309">
    <p class='ocr_par' dir='ltr' id='par_1_109' title="bbox 1779 5237 3342 5309">
     <span class='ocr_line' id='line_1_109' title="bbox 1779 5237 3342 5309; baseline -0.005 -10"><span class='ocrx_word' id='word_1_721' title='bbox 1779 5259 1904 5299; x_wconf 90' lang='lat' dir='ltr'><strong>cum</strong></span> <span class='ocrx_word' id='word_1_722' title='bbox 1936 5241 2164 5308; x_wconf 87' lang='lat' dir='ltr'><strong>ﬁducia;</strong></span> <span class='ocrx_word' id='word_1_723' title='bbox 2196 5240 2301 5306; x_wconf 89' lang='lat' dir='ltr'><strong>vel,</strong></span> <span class='ocrx_word' id='word_1_724' title='bbox 2339 5239 2485 5308; x_wconf 91' lang='lat' dir='ltr'><strong>quod</strong></span> <span class='ocrx_word' id='word_1_725' title='bbox 2552 5239 2735 5295; x_wconf 88' lang='lat' dir='ltr'><strong>verius</strong></span> <span class='ocrx_word' id='word_1_726' title='bbox 2795 5248 2919 5303; x_wconf 69' lang='lat' dir='ltr'><strong>est,</strong></span> <span class='ocrx_word' id='word_1_727' title='bbox 2946 5237 3342 5309; x_wconf 89' lang='lat' dir='ltr'><strong>appropinqua.</strong></span> 
     </span>
    </p>
   </div>
   <div class='ocr_carea' id='block_1_110' title="bbox 1775 5330 3346 5406">
    <p class='ocr_par' dir='ltr' id='par_1_110' title="bbox 1775 5330 3346 5406">
     <span class='ocr_line' id='line_1_110' title="bbox 1775 5330 3346 5406; baseline -0.004 -16"><span class='ocrx_word' id='word_1_728' title='bbox 1775 5335 1963 5406; x_wconf 85' lang='lat' dir='ltr'><strong>Neque</strong></span> <span class='ocrx_word' id='word_1_729' title='bbox 1987 5335 2130 5390; x_wconf 90' lang='lat' dir='ltr'><strong>enim</strong></span> <span class='ocrx_word' id='word_1_730' title='bbox 2161 5349 2262 5388; x_wconf 87' lang='lat' dir='ltr'><strong>nos</strong></span> <span class='ocrx_word' id='word_1_731' title='bbox 2301 5333 2368 5387; x_wconf 90' lang='lat' dir='ltr'><strong>ad</strong></span> <span class='ocrx_word' id='word_1_732' title='bbox 2422 5333 2589 5386; x_wconf 88' lang='lat' dir='ltr'><strong>Deum</strong></span> <span class='ocrx_word' id='word_1_733' title='bbox 2647 5330 3089 5401; x_wconf 82' lang='lat' dir='ltr'><strong>appropinquare</strong></span> <span class='ocrx_word' id='word_1_734' title='bbox 3144 5343 3346 5398; x_wconf 85' lang='lat' dir='ltr'><strong>possu-</strong></span> 
     </span>
    </p>
   </div>
   <div class='ocr_carea' id='block_1_111' title="bbox 1779 5419 3347 5495">
    <p class='ocr_par' dir='ltr' id='par_1_111' title="bbox 1779 5419 3347 5495">
     <span class='ocr_line' id='line_1_111' title="bbox 1779 5419 3347 5495; baseline -0.003 -13"><span class='ocrx_word' id='word_1_735' title='bbox 1779 5443 1918 5492; x_wconf 88' lang='lat' dir='ltr'><strong>mus,</strong></span> <span class='ocrx_word' id='word_1_736' title='bbox 1952 5427 2055 5481; x_wconf 86' lang='lat' dir='ltr'><strong>nisi</strong></span> <span class='ocrx_word' id='word_1_737' title='bbox 2092 5426 2158 5491; x_wconf 85' lang='lat' dir='ltr'><strong>is,</strong></span> <span class='ocrx_word' id='word_1_738' title='bbox 2181 5427 2274 5495; x_wconf 89' lang='lat' dir='ltr'><strong>qui</strong></span> <span class='ocrx_word' id='word_1_739' title='bbox 2299 5423 2553 5479; x_wconf 89' lang='lat' dir='ltr'><strong>omnibus</strong></span> <span class='ocrx_word' id='word_1_740' title='bbox 2583 5437 2831 5492; x_wconf 67' lang='lat' dir='ltr'><strong>praesens</strong></span> <span class='ocrx_word' id='word_1_741' title='bbox 2886 5422 3062 5489; x_wconf 87' lang='lat' dir='ltr'><strong>adest,</strong></span> <span class='ocrx_word' id='word_1_742' title='bbox 3121 5419 3347 5492; x_wconf 82' lang='lat' dir='ltr'><strong>propin-</strong></span> 
     </span>
    </p>
   </div>
   <div class='ocr_carea' id='block_1_112' title="bbox 1780 5514 2866 5591">
    <p class='ocr_par' dir='ltr' id='par_1_112' title="bbox 1780 5514 2866 5591">
     <span class='ocr_line' id='line_1_112' title="bbox 1780 5514 2866 5591; baseline -0.008 -15"><span class='ocrx_word' id='word_1_743' title='bbox 1780 5536 1920 5591; x_wconf 89' lang='lat' dir='ltr'><strong>quus</strong></span> <span class='ocrx_word' id='word_1_744' title='bbox 1959 5518 2115 5575; x_wconf 90' lang='lat' dir='ltr'><strong>nobis</strong></span> <span class='ocrx_word' id='word_1_745' title='bbox 2137 5518 2228 5573; x_wconf 86' lang='lat' dir='ltr'><strong>ﬁat</strong></span> <span class='ocrx_word' id='word_1_746' title='bbox 2274 5532 2370 5588; x_wconf 88' lang='lat' dir='ltr'><strong>per</strong></span> <span class='ocrx_word' id='word_1_747' title='bbox 2409 5514 2866 5585; x_wconf 83' lang='lat' dir='ltr'><strong>compassionem.</strong></span> 
     </span>
    </p>
   </div>
  </div>
