3800 6312
46 223 202 290 1237
1221 237 1685 299 FRAGMENTA
1719 240 1801 301 IN
1841 243 2198 306 PSALMOS.
2657 275 2660 280 -
3207 259 3341 326 1233

46 343 252 413 ἠσυχῆ
287 343 396 397 καὶ⁸
425 343 708 414 ἀψοφητὶ,
742 345 994 417 καθάπερ
1021 347 1187 412 πόκος
1213 350 1307 403 τὸν
1335 351 1512 420 ὑετὸν,
1555 353 1669 406 ἐδέ-

1788 372 1931 412 secus
1962 374 2026 414 ac
2059 361 2231 416 vellus
2246 360 2507 432 pluviam,
2533 362 2794 435 suscepit.
2833 363 3132 439 Hoeipsum
3159 383 3339 430 autem

8 505 10 512 Ι
49 433 219 497 ξατο.
243 437 326 488 Τὸ
354 437 404 489 δ’
433 437 566 489 αὐτὸ
591 437 690 491 καὶ
711 433 808 490 ἐπϊ
833 437 941 492 τῶν
972 441 1248 507 σταγόνων
1273 443 1438 512 ἐρεῖς.

1788 451 1938 505 :tiam
1968 453 2034 506 de
2061 454 2356 509 stillicidiis
2385 456 2554 514 dices.

137 547 156 579 ι
207 529 490 583 Ἐνώπιον
509 529 674 583 αὐτοῦ
702 530 1103 602 προπεσοῦνται
1143 533 1419 600 Αἰθίοπες.
1469 554 1488 588 ι

1847 537 2010 592 Vens.
2046 541 2098 595 9.
2130 559 2149 592 ι
2186 542 2496 601 Coramillo
2524 552 3132 622 procidentIEtbiopcs.
3175 573 3194 603 ι

127 620 257 674 Νῦν
285 621 397 690 μὲν
430 621 670 686 ἑκόντες,
718 625 775 674 ἐν
811 623 866 676 δέ
903 623 981 694 τῷ
1023 625 1270 694 μέλλοντι
1299 629 1394 682 καὶ
1422 630 1666 694 ἄκοντες.

1839 627 1993 686 Nunc
2015 633 2237 701 quidem
2267 637 2587 708 voluntarii;
2639 645 2694 698 in
2731 645 2915 700 futuro
2933 655 3115 699 autem
3142 647 3341 701 saeculo

9 770 12 778 ι
51 708 238 762 Οὔπω
274 711 419 780 γὰρ,
459 712 606 765 κατὰ
656 713 750 766 τὸν
786 714 1142 781 Ἀπόστολον,
1177 718 1393 788 ὁρῶμεν
1422 721 1571 791 αὐτῷ
1603 720 1669 776 τὰ

1788 724 1931 779 :tiam
1958 726 2132 782 inviti.
2178 730 2430 788 Nondum
2456 737 2622 805 enim,
2677 741 2976 795 secundum
3000 739 3337 809 Apostolum,

8 791 12 796 ’
51 801 250 854 πάντα
286 802 740 874 ὑποτεταγμένα.
771 805 931 859 Ἀλλὰ
954 808 1087 861 τότε
1116 807 1334 877 κάμψει
1363 810 1521 877 αὐτῷ
1551 810 1669 868 πᾶν

1788 813 2020 871 videmus
2044 818 2144 888 ipsi
2167 822 2352 876 omnia
2383 791 2647 896 subjecta.
2683 828 2788 884 Sed
2822 839 2950 885 tunc
2985 791 3226 900 ﬂerctetur
3241 829 3342 896 ipsi

48 892 212 959 γόνυ
239 893 660 962 ἐπουρανίων,
684 897 780 953 καὶ
801 898 1098 968 ἐπιγείων,
1119 900 1216 954 καὶ
1241 902 1668 971 καταχθονίων.

64 985 307 1057 Ἐχθροὶ
338 987 404 1040 δὲ
436 987 604 1041 αὐτοῦ
639 989 914 1060 λείχοντες
951 989 1104 1061 χοῦν,
1129 994 1178 1045 οἱ
1210 992 1308 1056 τὰς
1337 994 1436 1064 τῆς
1471 995 1672 1064 σαρκὸς

50 1078 430 1149 ἡδυπαθείας
453 1079 746 1150 τιμῶντες.

135 1189 156 1221 ι
212 1171 318 1224 Ἐκ
341 1171 516 1226 τόκου
552 1172 650 1226 καὶ
670 1173 728 1239 ἐξ
752 1172 987 1237 ἀδικίας.
1013 1194 1032 1227 ι
1090 1234 1092 1236 τ

1773 922 1924 960 omne
1955 926 2109 979 genu,
2143 913 2448 982 calestium,
2475 922 2804 975 terrestrium
2854 930 2904 976 et
2927 923 3251 993 infernarum
3269 921 3336 974 ⁷⁸.

1773 997 1981 1053 Inimici
2011 1010 2193 1057 autem
2225 1007 2346 1074 ejus
2370 1009 2462 1077 qui
2490 1011 2770 1080 pulverem
2823 1013 3056 1084 lingunt,
3080 1023 3208 1068 sunt
3258 1012 3336 1066 illi

1771 1089 1862 1156 qui
1891 1092 2069 1146 carnis
2103 1095 2468 1163 voluptatibus
2487 1100 2653 1155 dediti
2675 1110 2821 1156 sunt.

1842 1180 2001 1238 Vens.
2037 1185 2122 1241 14.
2165 1206 2184 1238 ι
2214 1187 2292 1242 Ex
2321 1205 2483 1245 usura
2526 1199 2581 1246 et
2601 1193 2905 1263 iniquitate.
2944 1215 2963 1248 ι

1841 1273 2127 1331 Permittet
2145 1277 2327 1347 igitur,
2354 1281 2552 1350 inquit,
2574 1297 2668 1338 eos
2691 1285 2782 1352 qui
2833 1284 3096 1355 iniustitia
3123 1301 3178 1346 et
3215 1308 3341 1346 ava-

1773 1365 1894 1420 ritia
1926 1369 2233 1438 gaudebant
2262 1373 2632 1428 misericordia
2669 1383 2725 1428 et
2750 1375 3038 1432 clementia
3062 1379 3191 1434 frui.
3226 1382 3341 1438 Hoc

1771 1468 1953 1513 autem
1975 1469 2093 1515 erat
2121 1462 2175 1516 id
2206 1464 2350 1532 quod
2375 1464 2684 1520 insinuabat
2711 1469 3023 1538 evangelica
3059 1469 3338 1542 Scriptura

1771 1548 1996 1606 dicens:
2022 1550 2196 1622 Elegit
2225 1555 2494 1609 duodecim
2524 1571 2588 1610 ea:
2613 1557 2738 1626 ipsis
2767 1557 2938 1625 Iesus,
2965 1577 3095 1630 quos
3129 1573 3179 1615 et
3210 1580 3342 1631 apo-

1769 1641 1926 1695 stolos
1951 1645 2236 1700 nominavit
2259 1649 2322 1700 τί.

8 1259 22 1328 ἠ
130 1262 340 1315 Πείσει
395 1263 602 1327 τοίνυν,
649 1264 807 1334 φησι,
863 1265 989 1328 τοὺς
1032 1266 1216 1338 ἀδικίᾳ
1257 1270 1351 1322 καὶ
1391 1270 1672 1340 πλεονεξίᾳ

8 1353 10 1361 ’
54 1357 408 1425 χαίροντας,
451 1355 586 1427 ἐλέῳ
614 1356 706 1409 καὶ
738 1355 1122 1427 φιλανθρωπίᾳ
1154 1359 1474 1428 κεχρῆσθαι.
1503 1361 1672 1414 Τοῦτο

55 1444 115 1496 δὲ
138 1440 214 1515 ἦν
261 1446 419 1514 ὅπερ
466 1446 858 1516 ἐπεσημήνατς
898 1447 930 1516 ή
973 1445 1068 1499 τοῦ
1115 1447 1452 1516 Εὐαγγελίου
1482 1450 1670 1521 Γραφὴ

59 1534 333 1605 φήσασαο
401 1538 663 1602 Τούτους
692 1537 836 1601 τοὺς
874 1536 1103 1591 δώδεκα
1132 1537 1453 1604 ἐξελέξατο
1483 1544 1516 1596 ὀ
1555 1544 1671 1608 ’1η-

8 1625 10 1696 ί
59 1625 252 1691 σοῦς,
283 1626 406 1692 οὓς
430 1627 530 1680 καὶ
561 1627 948 1694 ἀποστόλους
978 1630 1313 1698 ὠνόμασεν.

146 1736 166 1768 ι
201 1717 324 1770 Καὶ
351 1716 578 1788 ἔντιμον
598 1718 659 1770 τὸ
676 1718 849 1788 ὄνομα
876 1719 1078 1774 αὐτῶν.
1121 1739 1140 1772 ι

1846 1751 1864 1784 ι
1897 1735 1964 1788 Et
1993 1735 2310 1793 honorabile
2339 1755 2532 1795 nomen
2555 1757 2768 1797 eorum.
2815 1761 2834 1793 ι

141 1808 320 1861 Ποῖον
348 1807 556 1878 δνομα;
600 1809 658 1859 ’0
682 1809 936 1878 Χριστὸς,
969 1810 1065 1879 ἀφ’
1109 1804 1171 1866 οὗ
1216 1811 1535 1882 Χριστιανοὶ
1577 1830 1669 1867 κε-

1844 1822 2012 1888 Quale
2033 1827 2557 1897 nomen?Christus,
2599 1849 2628 1886 a
2679 1850 2787 1904 quo
2824 1837 3120 1894 Christiani
3153 1840 3340 1909 appel—

8 1903 9 1908 “
66 1899 178 1968 κλή
190 1898 368 1969 μεθα.
399 1899 554 1954 Οὕτω
580 1901 688 1970 γὰρ
715 1900 932 1971 ἔντιμον
955 1903 1016 1956 τὸ
1035 1902 1207 1973 ὄνομα
1244 1905 1410 1958 αὐτοῦ
1441 1905 1669 1960 ἐνώπιον

1788 1915 1865 1967 .ati
1892 1929 2102 1970 sumus.
2130 1917 2171 1970 'I‘
2176 1933 2262 1972 am
2291 1921 2434 1975 enim
2455 1921 2774 1981 honorabile
2827 1937 2910 1983 est
2970 1945 3172 1984 nomen
3222 1932 3342 1996 ejus

63 1989 183 2040 τῶν
218 1987 291 2040 δι’
321 1987 496 2042 αὐτοῦ
529 1989 811 2043 σωθέντων
841 1993 936 2045 καὶ
966 1993 1375 2048 πιστευσάντων
1406 1995 1669 2067 καθέστη-

1788 2022 1827 2058 .n
1854 2016 2152 2076 conspectu
2181 2025 2370 2065 eorum
2398 2013 2488 2082 qui
2519 2030 2612 2084 per
2653 2017 2830 2087 ipsum
2859 2021 3056 2075 servati
3082 2031 3228 2086 sum,
3279 2036 3343 2075 ac

67 2095 196 2133 xsv'
240 2079 401 2134 ὥστε
431 2082 562 2144 τοὺς
610 2083 709 2150 μὲν
744 2085 1002 2150 πλούτου,
1043 2088 1172 2149 τοὺς
1224 2087 1280 2140 δέ
1321 2087 1498 2152 ἀξίας,
1548 2091 1669 2154 τοὺς

1788 2096 2153 2164 crediderunt;
2188 2109 2247 2154 ut
2269 2102 2358 2156 alii
2386 2079 2602 2172 quidem
2626 2079 2862 2173 divitias,
2891 2111 2982 2164 alii
3003 2127 3132 2166 vero
3163 2079 3339 2181 digni-

67 2171 131 2224 δέ
193 2170 301 2224 καὶ
358 2170 535 2242 αὐτῆς
593 2175 692 2242 τῆς
750 2173 896 2244 ζωῆς
948 2178 1387 2248 καταφρονῆσαι,
1457 2178 1546 2233 ἴνα
1598 2180 1669 2252 μὴ

1788 2195 1938 2254 tates,
1968 2188 2058 2243 alii
2087 2191 2320 2262 denique
2343 2170 2506 2250 vitam
2538 2195 2708 2266 ipsam
2764 2170 3248 2271 contempserint,”
3270 2217 3342 2257 ne

67 2263 136 2317 τὸ
185 2263 308 2318 τῶν
367 2265 718 2333 Χριστιανῶν
776 2267 1118 2338 ἀρνήσασθαι
1164 2269 1532 2339 ὑπομείνωσιν
1560 2270 1671 2324 ὅνο-

122 2371 184 2408 α.

122 2371 184 2408 α.

74 2371 118 2423 μ
153 2463 174 2497 ι
214 2446 338 2498 Καὶ
371 2445 765 2517 προσεύξονται
795 2433 932 2516 περ).
954 2448 1141 2503 αὐτοῦ.
1184 2467 1202 2500 ι

1774 2275 2205 2336 Christianorum
2234 2298 2432 2338 nomen
2465 2301 2690 2357 negasse
2718 2298 3057 2357 putarentur.

1849 2458 2011 2516 Vens.
2035 2462 2121 2517 l5.
2154 2480 2173 2515 ι
2204 2464 2273 2519 Et
2300 2465 2604 2522 adorabunt
2633 2468 2702 2524 de
2733 2469 2873 2540 ipso.
2913 2488 2934 2522 ι

1841 2549 1961 2603 Non
1991 2551 2166 2604 solum
2195 2553 2341 2607 enim
2370 2554 2421 2607 in
2447 2557 2712 2625 ecclesiis,
2745 2559 2841 2613 sed
2863 2559 3029 2615 etiam
3052 2561 3106 2616 in
3137 2565 3342 2634 compi-

1774 2638 1845 2694 tis
1898 2647 1954 2694 et
2009 2641 2062 2694 in
2093 2641 2344 2698 domibus
2383 2645 2599 2702 assidue
2637 2646 2842 2705 Christi
2899 2651 3230 2717 benedictio,
3288 2655 3341 2710 id

1773 2739 1858 2788 est
1911 2733 2211 2790 honoriﬁca
2273 2737 2623 2807 praedicat-io,
2684 2741 2747 2796 ﬁt
2800 2756 2830 2796 a
2879 2744 3226 2802 credentibus
3286 2748 3344 2802 in

1773 2821 1971 2892 ipsum.

1847 2913 2008 2971 Vens.
2035 2918 2122 2971 l7.
2159 2937 2178 2971 ι
2223 2919 2289 2975 Ει
2317 2920 2714 2978 benedicentur
2765 2925 2818 2980 in
2854 2927 2978 2996 ipso
3006 2943 3196 2984 omnes
3241 2918 3342 2983 tri;

1701 3007 1744 3066 C
1776 3007 1876 3062 bus
1895 3017 2067 3064 terra}.
2099 3029 2119 3063 ι
2654 3065 2658 3068 ,

1843 3095 2046 3152 Omnes
2079 3099 2226 3154 enim
2255 3101 2453 3170 tribus,
2489 3118 2680 3160 omnes
2734 3105 2932 3177 linguae
2983 3122 3046 3162 ac
3068 3109 3345 3180 regiones,

1774 3202 1896 3257 qua:
1925 3189 2078 3259 prius
2103 3191 2156 3245 in
2184 3207 2370 3248 errore
2402 3196 2782 3262 versabantur,
2826 3214 2976 3254 nunc
2996 3202 3342 3256 concorditer

1773 3277 2212 3335 benedictionem
2263 3293 2589 3353 receperunt
2633 3303 2648 3339 :
2705 3287 2849 3341 unde
2892 3287 3068 3355 ipsum
3126 3303 3342 3358 quoque

1773 3369 1992 3425 beatum
2022 3373 2356 3441 praedicant:
2397 3377 2541 3445 quali
2571 3378 2948 3433 beatitudine?
2980 3381 3084 3433 nisi
3116 3381 3340 3435 omnino

1773 3460 1865 3515 illa
1898 3476 2022 3528 quae
2049 3464 2101 3516 in
2122 3461 2428 3532 Evangeliis
2449 3467 2680 3521 habetur
2709 3483 2723 3519 :
2751 3466 2952 3521 Beatus
2967 3477 3144 3522 venter
3168 3470 3258 3540 qui
3291 3480 3348 3523 te

1776 3553 2023 3619 portarit,
2061 3564 2107 3606 et
2144 3553 2304 3606 ubera
2334 3569 2449 3623 qua?
2469 3556 2657 3608 σηπίδιὶ
2679 3557 2746 3610 τ’.

1845 3637 2006 3693 Vens.
2034 3641 2116 3695 l8.
2149 3661 2166 3692 ι
2203 3642 2521 3697 Benedictus
2549 3642 2807 3699 Dominus
2841 3645 2983 3700 Deus
3006 3647 3191 3702 Israel.
3233 3667 3248 3698 ι

1844 3729 1953 3785 Cur
1977 3741 2158 3786 autem
2192 3733 2429 3803 geminat
2450 3733 2582 3788 illud
2605 3733 2726 3789 Fiat
2755 3736 2779 3790 ?
2801 3735 3010 3806 Nempe
3043 3740 3339 3795 accelerari

1773 3823 1999 3892 cupiens
2059 3834 2302 3880 nostrain
2377 3827 2680 3881 libertatem
2745 3843 2808 3882 ac
2841 3843 2995 3898 spem
3044 3830 3336 3899 justorum.

1774 3914 2002 3979 Quando
2027 3919 2172 3972 enim
2207 3925 2347 3973 terra
2376 3919 2578 3975 Christi
2635 3921 2802 3992 gloria
2833 3921 2998 3976 fuerit
3025 3923 3338 3994 adimpleta,

1776 4016 1905 4062 tunc
1936 4024 2178 4076 praesens
2205 4010 2440 4065 mundus
2483 4011 2970 4078 consummabitur,
3032 4030 3096 4067 ac
3115 4030 3346 4085 regnum

1775 4100 2035 4154 caelorum
2063 4100 2514 4156 manifestabitur.

2284 4191 2604 4248 PSALMUS
2633 4191 2846 4246 LXXII.

165 4286 185 4319 ι
235 4268 325 4332 Ὠς
351 4268 554 4336 ἀγαθὸς
581 4272 609 4324 ὁ
635 4269 766 4333 Θεὸς
799 4269 876 4340 τῷ
908 4271 1158 4342 Ἰσραήλι
1192 4289 1212 4324 ι

1849 4281 2007 4338 Vens.
2040 4284 2088 4336 l.
2127 4301 2146 4334 ι
2177 4281 2348 4348 Quam
2373 4283 2550 4337 bonus
2581 4284 2722 4339 Deus
2747 4285 2945 4338 Isravll'
2967 4305 2984 4337 ι

159 4357 344 4420 Πόδας
374 4359 468 4411 καὶ
496 4358 807 4429 διαϐήματα
841 4359 939 4422 τὰς
975 4361 1281 4431 πρακτικὰς
1321 4361 1546 4432 πορείας
1573 4362 1668 4416 καὶ

1841 4370 2015 4427 Pedes
2044 4387 2107 4426 ac
2137 4387 2356 4442 gressus
2382 4380 2541 4428 vocat
2591 4374 2860 4442 practicos
2906 4391 3227 4446 progressus
3277 4393 3345 4434 ae

149 2537 303 2591 Οὐδέ
354 2537 466 2608 γὰρ
503 2539 562 2590 ἐν
605 2537 927 2608 ἐκκλησίαις
957 2540 1140 2610 μόνον,
1171 2541 1306 2595 ἀλλὰ
1338 2543 1432 2596 καὶ
1457 2545 1514 2596 ἐν
1542 2544 1673 2612 ἀγο-

75 2629 210 2695 ραῖς
245 2627 351 2681 καὶ
385 2628 445 2681 ἐν
473 2627 644 2691 οἴκοις
676 2629 939 2699 διηνεκῶς
959 2632 993 2702 ή
1024 2630 1120 2684 τοῦ
1152 2632 1395 2704 Χριστοῦ
1429 2634 1670 2703 εὐλογία,

71 2719 345 2772 τουτέστι
391 2718 689 2788 δοξολογία,
718 2720 871 2792 παρὰ
898 2722 1007 2777 τῶν
1038 2723 1119 2787 είς
1148 2725 1311 2779 αὐτὸν
1374 2742 1673 2780 πεπιστευ-

75 2809 268 2863 κότων
297 2809 656 2880 κηρύττεται.

161 2921 181 2953 ι
220 2903 342 2955 Καὶ
375 2901 830 2975 εὐλογηθήσονται
855 2907 912 2960 ἐν
935 2905 1081 2977 αὐτῷ
1104 2908 1274 2962 πᾶσαι
1302 2908 1359 2961 αι
1388 2908 1552 2978 φυλαὶ
1575 2911 1672 2980 τῆς

77 3011 211 3064 γης.
258 3013 280 3047 ι

155 3085 348 3137 Πᾶσαι
383 3084 490 3155 γὰρ
523 3085 705 3154 φυλαὶ,
737 3088 907 3141 πᾶσαι
937 3087 1178 3157 γλῶσσαι
1199 3091 1292 3144 καὶ
1321 3090 1516 3162 χῶραι,
1539 3092 1673 3161 πρό-

78 3190 248 3244 τερον
279 3174 342 3226 ἐν
394 3175 459 3244 τῇ
504 3174 678 3245 πλάνη
708 3174 1013 3246 διάγουσαι,
1065 3177 1158 3231 νῦν
1214 3178 1519 3248 συμφώνως
1573 3180 1673 3250 τὴν

80 3265 352 3334 εὐλογίαν
379 3266 644 3331 ἐδέξαντο·
663 3267 784 3322 ὅθεν
810 3269 972 3322 αὐτὸν
1007 3270 1102 3323 καί
1133 3268 1488 3342 μακαριοῦσι⁶
1521 3272 1673 3324 ποῖον

83 3359 493 3428 μακαρισμὸν,
545 3359 576 3428 ἢ
637 3358 856 3424 πάντως
902 3360 994 3414 τὸν
1052 3360 1112 3412 ἐν
1165 3363 1278 3424 τοῖς
1324 3361 1674 3430 Εὐαγγελίοις

82 3449 374 3518 κείμενον·
402 3451 678 3518 Μακαρία
707 3451 746 3517 ἡ
772 3451 970 3506 κοιλία
994 3452 1032 3519 ἡ
1057 3450 1430 3517 ,ϐαστάσασά
1449 3469 1544 3518 σε,
1573 3452 1672 3506 και

73 3541 314 3611 μαστοὶ
348 3541 455 3605 οὒς
481 3540 786 3607 ἐθήλασας
806 3559 824 3606 ;

164 3653 183 3684 ι
232 3631 546 3701 Εὐλογητὸς
581 3631 784 3702 Κύριος
806 3634 834 3685 ὁ
855 3631 986 3696 Θεὸς
1009 3632 1102 3686 τοῦ
1149 3633 1388 3704 Ἰσραήλ.
1428 3651 1448 3685 ι

158 3723 265 3776 Διὰ
297 3721 354 3774 τί
395 3723 453 3776 δέ
488 3723 830 3788 διπλασιάζει
859 3725 940 3790 τὸ,
977 3724 1262 3791 Peracto;
1321 3725 1672 3796 Ἐπιταχῦναι

81 3813 187 3884 τὴν
220 3812 509 3883 ἡμετέραν
535 3814 542 3819 ’
568 3814 879 3883 ἐλευθερίαν
930 3815 1254 3887 βουλόμενος
1306 3817 1401 3870 καὶ
1429 3817 1526 3889 τήν
1564 3816 1673 3870 τῶν

81 3905 328 3959 δικαίων
354 3905 566 3960 ἐλπίδα.
605 3907 774 3959 Ὅταν
797 3905 908 3978 γὰρ
936 3909 968 3980 ή
1005 3907 1077 3979 γῆ
1104 3907 1368 3980 πληρωθῇ
1391 3909 1492 3976 τῆς
1516 3907 1673 3979 δόξης

82 3999 180 4051 τοῦ
213 3996 481 4068 Χριστοῦ,
505 3997 625 4050 τότε
666 3998 695 4050 ὁ
724 3989 915 4070 παρὼν
951 4000 1156 4070 κόσμος
1195 4001 1550 4064 συντελεῖται,
1582 3999 1674 4052 καὶ

83 4091 116 4157 ἡ
148 4087 540 4159 βασιλείαχτῶν
569 4088 814 4159 οὐρανῶν
838 4091 1217 4160 ἐμφανίσεται.

663 4177 805 4230 ΨΑΛ
814 4179 955 4231 ΜοΣ
989 4178 1111 4236 OB'.

86 4446 155 4500 τὰ
186 4449 291 4517 τῆς
321 4448 563 4512 διανοίας
604 4450 1026 4520 προσαγορεύων
1057 4452 1356 4522 κινήματα,
1391 4451 1467 4515 ὡς
1506 4452 1669 4516 αὐτὸς

86 4547 237 4612 ἡμᾶς
268 4548 328 4598 ἐν
352 4545 525 4615 ἑτέρῳ
558 4547 711 4615 μέρει
746 4547 846 4615 τῆς
874 4545 982 4601 τῶν
1021 4546 1272 4617 Ψαλμῶν
1327 4546 1668 4618 προφητείας

89 4635 321 4702 ἐδίδαξε,
360 4637 600 4704 Λύχνος
631 4636 754 4703 τοῖς
777 4637 925 4691 ποσί
947 4655 1069 4706 μου
1109 4640 1143 4691 ὁ
1170 4638 1354 4706 νόμος
1401 4653 1540 4704 σου,
1571 4636 1670 4690 καὶ

90 4723 220 4794 φῶς
258 4725 394 4790 ταῖς
415 4727 635 4794 τρίϐοις
660 4745 800 4795 μου,
829 4727 1022 4795 λέγων.
1067 4728 1176 4782 Καὶ
1223 4728 1403 4782 πάλιν·
1438 4727 1512 4784 Τὰ
1544 4726 1669 4779 δια-

91 4812 326 4881 ϐιὶματά
351 4830 474 4882 μου
505 4814 873 4868 κατεύθυνον
922 4815 1072 4870 κατὰ
1095 4817 1163 4870 τὸ
1195 4817 1404 4885 λόγιόν
1425 4831 1562 4872 σου.
1595 4819 1669 4872 Οὐ

98 4903 204 4972 μὴν
235 4904 505 4974 ἐσαλεύθη
551 4908 676 4968 τοὺς
702 4905 897 4970 ,πόδαςο
940 4908 1206 4972 τουτέστι,
1247 4908 1347 4977 τὴν
1392 4909 1669 4962 πολιτείαν

97 4993 189 5042 ἐπὶ
209 4993 270 5044 τὸ
297 4996 481 5063 χεῖρον
517 4997 617 5048 οὐγ
657 4996 904 5066 ἔτρεψεν,
938 4998 1058 5050 οὐδὲ
1102 4997 1333 5067 ἐξεχύθη
1374 4998 1442 5050 τὰ
1474 4999 1669 5070 διαϐή-

67 5095 70 5097 ·
103 5098 268 5146 ματα·
323 5085 443 5138 οὐδέ
492 5086 599 5159 γὰρ
649 5088 747 5154 τὰς
777 5091 952 5161 ὁρμὰς
997 5092 1096 5162 τῆς
1133 5091 1312 5162 ψυχῆς
1332 5093 1411 5152 είς
1437 5095 1672 5147 ἀσωτίαν

102 5169 350 5241 ἔτρεψεν.

179 5277 200 5312 ι
246 5260 368 5313 Ὀτι
394 5262 493 5316 οὐκ
522 5264 665 5320 ἐστιν
692 5270 975 5332 ἀνάνευσις
1007 5270 1066 5322 ἐν
1088 5270 1164 5340 τῷ
1189 5271 1421 5342 θανάτῳ.
1465 5293 1483 5325 ι

177 5350 251 5402 Οὐ
276 5353 382 5423 γὰρ
408 5353 554 5408 ἐστιν
577 5357 860 5423 ἀνάνευσις
885 5362 948 5414 ἐκ
973 5362 1066 5414 τοῦ
1095 5361 1322 5415 θανάτου
1352 5364 1451 5431 τῆς
1484 5365 1665 5434 ἀμαρ-

102 5441 244 5504 τίις,
279 5444 465 5510 σαφῶς
497 5446 637 5500 δὲτὸ
670 5451 958 5519 εἰρημένον
981 5455 1037 5504 ἐν
1066 5453 1393 5522 Παροιμίαις
1424 5457 1666 5524 πάσχου-

1774 4464 1975 4518 mentis
2002 4463 2288 4530 motiones,
2321 4474 2482 4534 prout
2504 4466 2618 4534 ipse
2651 4480 2754 4520 nos.
2802 4466 2858 4520 in
2881 4466 2984 4521 alia
3045 4469 3343 4538 prophetiae

1774 4557 2108 4614 I’salmorum
2127 4566 2278 4627 parte
2304 4557 2488 4612 docuit
2535 4557 2722 4613 dicens
2765 4575 2779 4611 :
2845 4559 3082 4614 Lucerna
3128 4562 3341 4631 pedibus

1775 4649 1903 4702 meis
1933 4648 2016 4702 lea:
2045 4657 2135 4701 tua
2160 4644 2412 4718 [Vulgata
2464 4646 2678 4700 verbum
2733 4647 2929 4717 tuum],
2975 4658 3023 4702 et
3055 4648 3228 4702 lumen
3257 4665 3340 4702 se-

1775 4739 1917 4791 mitis
1938 4738 2086 4790 meis.
2129 4737 2197 4790 Et
2226 4736 2422 4789 iterum
2459 4753 2471 4789 :
2503 4735 2724 4790 Gressus
2766 4753 2906 4790 meos
2948 4739 3116 4806 dirige
3152 4754 3338 4790 secun-

1775 4832 1900 4878 dum
1925 4824 2188 4894 eloquium
2221 4831 2369 4876 tuum
2394 4823 2454 4875 7’.
2497 4823 2652 4876 llaud
2679 4838 2810 4877 sane
2843 4826 2972 4878 moti
3009 4829 3336 4895 suntpedes;

1777 4916 1829 4969 id
1861 4924 1964 4976 est,
2000 4915 2124 4968 vitae
2153 4913 2463 4966 institutum
2483 4913 2549 4967 ad
2579 4913 2780 4968 malum
2834 4929 2942 4968 non
2963 4915 3205 4980 divertit,
3238 4934 3337 4972 ne-

1784 5020 1888 5074 que
1914 5004 2068 5058 eﬂusi
2091 5012 2221 5058 sunt
2267 5017 2486 5074 gressus
2521 5019 2536 5056 :
2571 5017 2696 5057 nam
2758 5003 2924 5058 animi
2965 5004 3198 5073 impetus
3228 5021 3347 5060 non.

1773 5096 1971 5154 laxavit
2011 5096 2076 5150 ad
2113 5096 2612 5164 intemperantiam.

1844 5268 2006 5324 Vsus.
2034 5269 2087 5323 4.
2121 5287 2139 5321 ι
2168 5267 2308 5334 Quia
2331 5285 2438 5324 non
2472 5280 2556 5325 est
2581 5279 2862 5340 respectus
2891 5272 2946 5326 in
2973 5280 3167 5327 morte.
3205 5291 3225 5324 ι

1843 5359 1960 5416 Non
1988 5362 2133 5416 enim
2163 5371 2245 5416 est
2268 5370 2553 5439 respectus
2579 5376 2644 5416 ex
2675 5371 2856 5418 morte
2921 5364 3153 5435 peccati.
3207 5365 3336 5420 Pea-

1773 5454 1958 5524 spicue
1987 5462 2165 5509 autem
2191 5454 2469 5524 patiuntur
2496 5453 2554 5509 id.
2570 5454 2714 5524 quod
2733 5453 2792 5508 in
2808 5455 3115 5512 Proverbiis
3129 5456 3340 5513 dictum

177 5622 221 5654 το
251 5619 448 5695 Philip.
474 5640 534 5691 ιι,
568 5626 652 5682 I0.
727 5627 770 5659 “
801 5626 933 5684 Luc.
963 5644 1035 5693 vt,
1072 5630 1152 5682 l5.
1228 5631 1272 5661 τ’
1300 5630 1427 5684 Luc.
1462 5649 1532 5696 xi,
1566 5634 1652 5687 ‘27.
1726 5605 1780 5665 '3'
1802 5633 1937 5688 Ρδειι.
1975 5650 2158 5700 cxvttl,
2188 5634 2306 5689 105.
