3800 6312
18 266 135 330 241

1199 277 1665 342 FRAGMENTA
1700 282 1781 345 IN
1815 285 2170 346 PSALMOS.

3173 278 3310 343 1242

23 384 253 437 κείνων
334 383 599 457 μίμησιν,
677 385 1021 458 παραχρῆμα
1087 388 1483 460 ὲΕουθενεϊται,
1539 396 1616 447 κα⁴

1751 398 2017 468 leceptus,
2072 400 2139 452 ad
2163 412 2352 452 eorum
2404 395 2763 450 imitationem
2828 391 2992 447 fuerit
3030 391 3305 451 incitatus,

13 476 388 542 ραυλίζεται,
424 481 490 530 ὲκ
530 478 625 531 τοῦ
662 478 865 532 οἰκείου
917 481 1242 547 μεταπεσὼν
1285 483 1622 555 ἀξιώματος.

13 568 244 637 Ξφόδρα
277 568 346 623 δὲ
378 569 653 639 ἁρμοδίως
701 568 1062 639 προστέθεικε
1115 572 1197 636 τὸ,
1238 575 1358 627 Οὐκ
1409 577 1622 644 ἔγνων·

1729 488 1872 543 illico
1886 490 1953 543 ad
1981 489 2212 542 nihilum
2239 488 2528 559 redigitur,
2560 496 2616 541 et
2638 487 2998 555 ‘depravatur,
3027 498 3056 537 a
3089 484 3308 556 propria

1727 579 1991 649 dignitate
2020 580 2307 636 decidens.
2336 579 2504 633 Valde
2559 589 2742 632 autem
2772 575 3183 630 accommodate
3211 575 3309 626 ad-

13 660 342 731 ιπειδήπερ
392 661 680 728 ἀγνοοῦσιν
736 662 784 714 οἱ
827 660 1015 714 πολλοὶ
1062 662 1161 733 τὴν
1215 665 1616 735 συμϐαίνουσαν

1751 671 1904 725 unxit
1936 670 2100 735 istud,
2131 669 2198 723 Et
2227 670 2418 723 nescivi
2436 685 2455 732 ;
2485 669 2610 738 quia
2641 667 2859 738 plurimi
2896 667 3144 736 ignorant
3186 665 3309 717 vili-

13 753 208 815 [ὐτοῖς
253 754 329 806 ἑκ
365 751 476 805 τῶν
526 753 944 825 ἁμαρτημάτων
976 753 1277 809 εὐτέλειανο
1308 757 1359 809 οἱ
1405 758 1504 827 μὲν
1550 760 1628 822 ὡς

22 844 217 910 ερεϊς,
241 843 300 897 οἱ
341 841 403 895 δὲ
429 843 507 905 ὡς
532 843 814 913 ἄρχοντες,
850 845 915 896 ὲκ
938 843 1030 897 τοῦ
1070 847 1456 916 περικειμένου
1487 850 1626 919 σχή-

13 949 195 1000 ματος
224 932 625 1004 ἀπατώμενοι.

86 1038 108 1072 σ
142 1021 473 1092 Κτηνώδης
504 1021 772 1092 ἐγενήθην
794 1025 949 1093 παρὰ
980 1024 1084 1077 σοί.
1128 1043 1149 1078 ι

84 1112 370 1180 κτήνους
404 1112 512 1182 γὰρ
561 1112 689 1166 ίδιον
716 1113 779 1166 τὸ
828 1113 1158 1180 πλανᾶσθαι,
1199 1118 1293 1170 καὶ
1325 1118 1488 1173 πάλιν
1517 1120 1627 1173 ἀπὸ

13 1201 116 1270 τῆς
149 1203 390 1272 πλάνης
421 1202 600 1273 ῥάϐδῳ
625 1204 785 1274 τυχὸν
811 1204 843 1275 ἢ
873 1205 1078 1277 χαλινῷ
1107 1209 1511 1277 μετατίθεσθαι.
1534 1211 1626 1272 Et;

13 1294 227 1363 καιρὸν
290 1294 358 1346 δὲ
418 1294 480 1347 τὸ
522 1294 683 1363 παρὰ
706 1296 806 1350 σοι
846 1297 943 1350 καὶ
974 1298 1126 1366 μετὰ
1148 1298 1267 1352 σοῦ
1296 1300 1627 1371 προσέθηκε,

13 1382 107 1433 τὸν
148 1382 333 1448 λόγον
373 1383 826 1454 ἀσφαλιζόμενος·
852 1386 1039 1456 ἐπειδή
1074 1387 1217 1450 τινές
1246 1389 1377 1454 είσι,
1406 1389 1485 1459 τῷ
1508 1390 1629 1443 δια-

1731 770 1893 816 tatem
1942 777 2064 832 quae
2099 762 2232 832 ipsis
2260 760 2457 816 accidit
2508 777 2573 815 ex
2622 762 2892 830 peccatis;
2944 758 3033 812 alii
3086 757 3306 827 quidem

1730 861 1985 922 tanquam
2010 855 2345 919 sacerdotes,
2372 855 2462 908 alii
2498 868 2627 907 vero
2696 862 2956 922 tanquam
3009 849 3305 920 principes,

1731 958 1797 997 ex
1815 944 2082 1013 adjacenti
2105 945 2286 1014 specie
2311 945 2545 1014 decepti.

1802 1033 1964 1090 Vens.
1988 1036 2078 1089 23.
2118 1054 2136 1086 ι
2174 1035 2574 1105 Utjumentum
2623 1032 2800 1087 factus
2857 1046 2979 1085 sum
3002 1031 3145 1100 apud
3172 1036 3245 1083 te.
3282 1048 3301 1079 υ

1800 1114 2040 1179 Jumenti
2067 1127 2212 1179 enim
2236 1124 2518 1195 proprium
2549 1133 2633 1178 est
2661 1139 2868 1186 errare,
2899 1133 2953 1178 et
2984 1138 3205 1177 rursum
3237 1121 3307 1175 ab

1728 1230 1921 1269 errore
1954 1214 2070 1269 sive
2099 1215 2247 1286 virga
2274 1217 2389 1269 sive
2428 1215 2584 1269 freno
2650 1214 2916 1271 revocari.
2982 1213 3308 1283 Opportune

1732 1314 1915 1359 autem
1952 1306 2116 1372 istud,
2152 1309 2295 1375 apud
2326 1316 2394 1369 te,
2427 1314 2502 1370 et,
2544 1316 2713 1360 tecum
2734 1305 2964 1367 addidit,
2998 1319 3308 1359 sermonem

1732 1397 2060 1452 conﬁrmans
2092 1398 2574 1467 :quandoquidem
2606 1398 2772 1467 aliqui
2802 1406 2930 1450 sunt
2960 1398 3052 1466 qui
3071 1394 3306 1456 diabolo,

13 1472 169 1540 δόλῳ
197 1474 436 1551 κτηνῶν
463 1474 619 1545 δίκην
671 1475 917 1545 ἀνοήτων
947 1477 1227 1546 ἑπόμενον
1265 1481 1396 1547 περὶ
1434 1474 1509 1536 ὧν
1555 1481 1633 1535 εί·-

13 1578 221 1634 ρηται,
264 1564 798 1634 Παρασυνεϐλήθη
827 1565 954 1632 τοῖς
995 1567 1243 1633 κτήνεσι
1274 1571 1398 1636 τοῖς
1450 1570 1633 1639 ἀνοή-

14 1670 181 1719 τοις,
241 1653 356 1707 καὶ
403 1653 668 1723 ὡμοιώθη
727 1655 953 1721 αὐτοῖς.
989 1656 1148 1710 Ἀλλὰ
1182 1658 1302 1721 πῶς
1347 1656 1487 1714 εἶναι
1521 1661 1634 1715 δια-

16 1732 244 1806 παντὸς
269 1744 420 1814 μετὰ
443 1744 536 1797 τοῦ
557 1744 755 1811 Θεοῦ,ό
781 1746 880 1817 τὴν
900 1747 1077 1819 ὁρμὴν
1096 1748 1235 1812 ὅλως
1260 1752 1310 1803 εί
1335 1751 1432 1803 καὶ
1462 1753 1636 1823 πρόσ-
1665 1726 1709 1780 Β

14 1851 239 1905 καιρον
293 1836 550 1906 ἐσχηκὼς
597 1839 689 1891 ἐπὶ
723 1837 786 1890 τὸ
828 1842 1010 1910 χεῖρον
1064 1839 1322 1904 δύναται;
1356 1841 1427 1893 Ἦ
1454 1841 1632 1911 δῆλον,

16 1924 101 1985 ὡς
141 1923 252 1993 οὐχ
312 1925 648 1996 ἁμαρτάνων
669 1929 736 1997 τῇ
764 1928 1038 1996 προθέσει,
1064 1928 1425 1998 ἀπατώμενος
1444 1928 1504 1982 δὲ
1530 1931 1634 1984 πέ-

15 2016 225 2068 πονθε·
245 2015 451 2087 διόπερ
480 2017 776 2084 ἀνακοπεὶς
795 2018 872 2090 τῷ
903 2018 1104 2089 χαλινῷ
1141 2018 1220 2090 τῷ
1253 2020 1404 2090 νόμῳ
1438 2036 1623 2091 παρα-

18 2109 231 2179 χρῆμα
267 2110 602 2181 ἐπέστρεψε.
1512 2112 1523 2131 ‘

107 2220 129 2253 ι
167 2202 241 2255 Τί
274 2204 393 2273 γάρ
418 2220 508 2273 μοι
533 2204 768 2274 ὑπάρχει
804 2206 863 2258 ὲν
888 2204 966 2276 τῷ
987 2204 1230 2277 ούρανῷ;
1269 2222 1288 2253 ι

122 2294 466 2359 Ἐξέλιπεν
502 2298 541 2365 ἢ
586 2298 799 2366 καρδία
820 2311 939 2366 μου
965 2298 1063 2353 καὶ
1092 2299 1131 2365 ’ἡ
1158 2296 1316 2366 σάρξ
1344 2312 1483 2365 μου,
1529 2294 1636 2347 ἀπὸ

20 2381 140 2433 τῶν
180 2381 472 2451 βιωτικῶν
498 2382 698 2453 δηλαδὴ
745 2385 840 2437 καὶ
878 2384 1236 2455 ἀνθρωπίνων
1266 2383 1633 2456 πραγμάτων.

24 2473 215 2525 ’Όταν
244 2474 367 2543 γὰρ
395 2473 606 2526 ἐκεῖθεν
651 2475 870 2546 ἐκλίπῃ,
923 2476 1222 2540 τουτέστιν,
1251 2476 1380 2529 ὅταν
1408 2473 1503 2529 ἀπ’
1535 2475 1635 2527 αὑ-

21 2562 145 2616 τῶν
188 2564 537 2636 ἀναχωρήσῃ
563 2567 660 2619 καὶ
686 2567 982 2639 παύσηται,
1014 2568 1136 2621 τότε
1178 2568 1369 2639 μερίδα
1397 2567 1489 2620 τὸν
1504 2567 1635 2620 Θεὸν

23 2655 150 2719 ἕξει
201 2656 293 2716 είς
346 2654 438 2707 τὸν
483 2655 675 2709 αἰῶνα·
718 2659 906 2728 κτῆμα
952 2659 1012 2712 δὲ
1060 2659 1228 2712 αὐτοῦ
1260 2661 1359 2728 τῆς
1407 2659 1636 2731 καρδίας

28 2743 345 2810 ἐξαίρετον
382 2745 611 2813 γίνεται,
644 2746 786 2801 ὥστε
821 2749 956 2813 Θεὸς
990 2750 1159 2822 αὐτῆς
1179 2750 1270 2804 διὰ
1303 2752 1401 2820 τὴν
1442 2751 1636 2821 κτῆσιν

31 2837 139 2889 καὶ
171 2834 285 2908 τὴν
308 2837 586 2909 ἐνοίκησιν
616 2839 895 2907 λέγεσθαι.

631 2932 926 2986 ΨΔΛΜΟΣ
954 2933 1073 2988 ΟΡ.

1735 1489 1906 1544 instar
1927 1490 2299 1559 jumentorum
2328 1488 2725 1558 insipientium,
2746 1489 3024 1543 adhaerent
3047 1504 3060 1538 :
3090 1487 3157 1541 de
3184 1485 3309 1554 qui-

1733 1581 1838 1636 bus
1864 1581 2063 1637 dicitur
2092 1597 2104 1633 :
2129 1579 2484 1649 Comparatus
2507 1590 2580 1633 est
2615 1579 2874 1647 jumenlis
2920 1577 3307 1646 insipientibus.

1735 1682 1782 1727 et
1806 1672 1995 1726 similis
2024 1673 2194 1743 factus
2223 1681 2299 1726 est
2318 1671 2426 1724 illis
2444 1668 2513 1727 ⁷³.
2572 1668 2683 1725 Sed
2714 1671 2988 1740 quomodo
3018 1683 3142 1723 cum
3197 1667 3309 1720 Deo

1737 1778 1952 1833 semper
1977 1777 2099 1818 esse
2124 1763 2317 1833 possit,
2340 1762 2431 1832 qui
2466 1761 2723 1817 aﬂ‘ectum
2782 1761 3008 1814 omnino
3034 1768 3311 1827 tempora-

1736 1856 1840 1910 lem
1866 1863 1963 1908 aut
1994 1854 2060 1909 ad
2089 1853 2290 1908 malum
2322 1852 2512 1907 habuit
2532 1853 2555 1905 ?
2579 1850 2734 1906 Unde
2754 1850 3127 1912 manifestum,
3152 1848 3300 1917 quod

1738 1962 1846 2001 non
1877 1961 1940 2000 ex
1967 1944 2134 1999 animi
2171 1943 2541 2000 destinatione
2570 1936 2833 2012 peccarit,
2867 1942 2962 1996 sed
3020 1956 3087 1995 ex
3149 1940 3312 1994 dece-

1737 2038 1923 2108 ptione
1948 2038 2050 2091 hoc
2080 2050 2271 2105 passus
2301 2036 2406 2102 sit;
2436 2049 2605 2105 quare
2643 2033 2797 2088 freno
2839 2032 2977 2105 legis
3027 2039 3313 2086 revocatus

1738 2129 1881 2183 illico
1908 2128 2122 2182 resiliit.

1813 2216 2077 2285 Vens.25.
2108 2234 2127 2267 ι
2162 2216 2301 2282 Quid
2337 2214 2483 2269 enim
2508 2214 2640 2268 mihi
2668 2221 2752 2269 est
2779 2214 2832 2267 in
2862 2212 3039 2268 casio?
3082 2230 3100 2262 ι

1808 2310 2004 2379 Defecit
2033 2324 2121 2361 cor
2159 2323 2328 2361 meum
2356 2315 2403 2360 et
2430 2321 2555 2360 caro
2580 2322 2719 2371 mea,
2765 2321 2795 2359 a
2846 2304 3198 2359 saecularibus
3220 2301 3310 2355 ni—

1739 2401 1937 2455 mirum
1971 2408 2027 2454 et
2057 2398 2314 2454 humanis
2347 2397 2599 2469 negotiis.
2622 2396 2851 2462 Quando
2882 2396 3030 2451 enim
3056 2395 3186 2449 inde
3211 2395 3301 2448 ιΙε-

1738 2493 1951 2558 fecerit,
1978 2492 2032 2547 id
2059 2500 2162 2551 est.
2186 2490 2405 2561 quando
2436 2490 2503 2544 ab
2531 2490 2598 2543 iis
2634 2488 2924 2544 recesserit
2945 2496 3108 2557 atque
3130 2501 3314 2540 cessa-

1738 2582 1896 2648 verit,
1929 2589 2059 2636 tunc
2078 2591 2288 2652 partem
2320 2594 2471 2633 suam
2509 2578 2733 2633 habebit
2758 2580 2929 2632 Deum
2975 2578 3028 2630 in
3082 2575 3314 2640 saecula;

1738 2673 1917 2730 cordis
1946 2682 2127 2726 autem
2160 2671 2278 2741 ejus
2308 2670 2580 2741 possessio
2635 2668 2935 2735 ﬁteximia,
2965 2668 3041 2722 ita
3098 2674 3156 2721 ut
3219 2682 3316 2734 per

1740 2761 2140 2833 possessionem
2169 2769 2224 2815 et
2255 2759 2711 2815 inhabitationem
2743 2758 2884 2813 Deus
2937 2758 3060 2828 ejus
3129 2756 3316 2827 appel-

1740 2854 1901 2907 letur.

2232 2934 2551 2991 PSALMUS
2585 2934 2818 2990 LXXIII.

123 3041 143 3073 ι
201 3021 300 3084 Ὧς
344 3021 404 3075 ὲν
425 3021 616 3093 δρυμῷ
640 3022 834 3089 ξύλων.
875 3041 894 3076 ι

1813 3030 1975 3085 Vens.
1998 3029 2051 3084 6.
2086 3048 2104 3081 ι
2133 3028 2298 3095 Quasi
2330 3028 2384 3081 in
2417 3027 2551 3081 silva
2573 3026 2870 3096 lignorum.
2907 3042 2927 3075 ι

129 3112 360 3176 Ἀξίνας
405 3113 504 3176 τὰς
554 3112 909 3185 βλασφήμους
951 3113 1061 3168 τῶν
1102 3114 1375 3169 Ἰουδαίων
1423 3115 1616 3184 νοήσειι

1811 3120 2043 3175 Secures
2068 3119 2414 3188 blasphemas
2441 3114 2753 3170 Iudaeorum
2771 3114 2984 3184 linguas
3023 3111 3315 3181 intelliges,

38 3205 340 3273 γλώσσας,
363 3206 462 3270 τὰς
489 3206 547 3261 δὲ
576 3206 747 3269 αὐτὰς
775 3208 985 3262 πέλυκα
1018 3208 1112 3261 καὶ
1134 3206 1512 3278 λαξευτήριον·
1545 3223 1616 3260 κα

1751 3212 1961 3267 easdem
1994 3224 2124 3265 vero
2148 3208 2311 3264 etiam
2341 3222 2464 3262 esse
2515 3206 2753 3261 securim
2784 3213 2839 3259 et
2868 3204 3071 3259 asciam
3105 3221 3118 3257 :
3146 3213 3203 3256 et
3232 3203 3320 3256 ni-

44 3299 383 3369 θαυμαστὸν
413 3299 584 3353 οὐδέν·
620 3300 857 3371 ἀλλαχοῦ
882 3300 994 3371 γὰρ
1028 3302 1306 3370 μάχαιραν
1333 3299 1513 3364 ὀξεῖαν
1541 3299 1616 3353 αὑ

1751 3302 1822 3356 hil
1858 3303 1962 3356 hoc
2000 3300 2197 3355 mirum
2236 3307 2320 3353 est
2363 3314 2377 3350 :
2413 3295 2542 3351 alibi
2570 3295 2721 3350 enim
2752 3293 2871 3349 illas
2895 3293 3182 3363 appellavit
3206 3292 3319 3362 gla-

42 3390 149 3455 τὰς
200 3391 678 3463 προσηγόρευσεν.
713 3386 884 3445 Αὗται
938 3393 1118 3446 τοίνυν
1147 3392 1432 3461 ἐξέκοψαν,
1485 3391 1616 3462 φησὶ

1751 3391 1895 3447 dium
1936 3386 2356 3444 acutum".Ha3
2404 3386 2590 3457 igitur,
2641 3382 2840 3452 inquit,
2887 3382 3210 3436 exciderunt
3264 3389 3322 3436 et

46 3483 148 3535 καὶ
201 3482 560 3554 κατέῤῥαξαν
613 3484 712 3546 τὰς
750 3484 919 3550 θύρας
952 3485 1143 3554 αὐτῆς,
1174 3483 1376 3555 δηλαδὴ
1402 3483 1505 3546 τὰς
1533 3484 1616 3536 είσ

1751 3481 2132 3549 confregerunt
2152 3479 2348 3547 jauuas
2373 3479 2513 3547 ejus,
2533 3476 2741 3530 scilicet
2772 3474 3053 3545 ingressus
3078 3472 3200 3526 lidei
3252 3472 3321 3526 ad

44 3575 213 3638 ὁδους
243 3576 350 3644 τῆς
385 3577 466 3638 είς
492 3574 727 3645 Χριστὸν
755 3576 1010 3638 πίστεως.

1751 3572 2045 3628 Christum.

126 3669 357 3736 Ὄνομα
381 3666 438 3720 δὲ
460 3666 554 3720 τοῦ
578 3667 791 3737 Πατρὸς
828 3670 858 3721 ό
885 3668 1036 3732 Υἱὸς,
1067 3668 1141 3730 ὡς
1167 3666 1330 3731 αὐτὸς
1360 3665 1614 3736 γνωρίζω

1816 3660 2022 3715 Nomen
2058 3666 2238 3712 autem
2271 3655 2443 3710 Patris
2468 3662 2552 3708 est
2584 3652 2774 3718 Filius,
2827 3659 3017 3721 utpote
3068 3649 3160 3719 qui
3210 3647 3321 3723 Pa—

48 3761 146 3813 τὸν
185 3758 436 3830 Πατέρα,
470 3758 565 3812 καὶ
601 3759 668 3813 δι’
695 3760 863 3814 αὑτοῦ
906 3759 1330 3829 γνωριζόμενος.
1358 3758 1560 3813 Τούτου
1586 3776 1614 3810 τ

1751 3765 1886 3809 trem
1907 3750 2173 3814 notiﬂcet,
2199 3757 2256 3803 et
2279 3765 2375 3818 per
2406 3747 2584 3817 ipsum
2608 3753 2772 3799 notus
2797 3743 2907 3799 ﬁat.
2942 3740 3116 3811 Hujus
3136 3741 3320 3795 taber-

53 3852 339 3923 σκήνωμα
410 3850 568 3921 (φησὶ
610 3851 669 3905 δὲ
723 3851 821 3924 τὴν
872 3850 1207 3922 οἰκονομίαν)
1251 3852 1332 3915 είς
1386 3853 1491 3921 γῆν
1535 3852 1616 3903 τοῖ

1751 3845 2004 3900 naculum
2036 3842 2136 3913 (ait
2162 3849 2346 3894 autem
2377 3835 2871 3907 dispensationem)
2923 3834 2978 3887 in
3005 3843 3150 3886 terra
3199 3845 3324 3900 pas—

52 3944 301 3998 πάθεσιν
353 3942 722 4013 ὲὸεὸήλωσοιν⁸
757 3948 816 3998 ἐν
840 3943 1052 4016 ούρανῷ
1106 3944 1217 4014 γὰρ
1255 3943 1616 4014 δεδοξασμένο

1751 3937 1995 3991 sionibus
2029 3933 2389 4004 polluerunt:
2424 3929 2481 3983 in
2509 3928 2648 3983 coelo
2681 3926 2829 3982 enim
2882 3925 3048 3980 etiam
3080 3932 3325 3993 tempore

55 4039 153 4090 καὶ
177 4036 329 4090 κατά
349 4036 437 4090 τὸν
465 4037 657 4109 καιρὸν
685 4036 791 4090 τῶν
822 4036 1161 4109 παθημάτων
1182 4037 1419 4108 ἔμεινεν.

1751 4028 2019 4101 passionis
2046 4024 2338 4097 gloriosum
2369 4018 2689 4090 permansit.

137 4148 160 4182 ι
198 4125 382 4182 Εἶπαν
412 4129 472 4181 ὲν
504 4131 568 4198 τῇ
597 4128 794 4200 καρδίᾳ
822 4126 1021 4181 αὐτῶν.
1062 4146 1081 4179 ι

1822 4117 1985 4175 Vens.
2008 4118 2061 4173 8.
2092 4133 2110 4166 ι
2146 4114 2413 4169 Dixerunt
2442 4112 2495 4166 in
2519 4110 2684 4164 corde
2713 4124 2831 4164 suo.
2872 4127 2892 4159 ι

131 4221 310 4282 Π-οίας
347 4219 404 4273 δὲ
438 4194 864 4292 ἑορτάς-δῆλον
894 4218 970 4282 ὡς
1001 4218 1239 4284 ὲκείνας,
1286 4218 1493 4281 αἵτινες
1540 4220 1616 4271 ἀπ

1821 4211 2023 4278 Quales
2035 4216 2216 4263 autem
2235 4201 2641 4258 solemnitates?
2665 4200 2884 4254 Clarum
2916 4205 3001 4253 est
3022 4196 3165 4266 quod
3182 4194 3321 4260 illas,
3342 4260 3351 4266 ⁴

57 4316 163 4384 τῆς
199 4285 512 4382 ἐπιδημίας
551 4285 658 4365 τοῦ⁷
684 4285 939 4382 Σωτῆρος
978 4310 1297 4380 ὴλπίζοντο,
1322 4304 1433 4364 οἷον
1461 4310 1616 4381 άρρω

1751 4319 1873 4375 qua;
1904 4310 2027 4373 post
2060 4299 2353 4353 adventum
2409 4291 2707 4347 Salvatoris
2758 4290 3141 4366 sperabantur,
3173 4285 3325 4340 verbi

61 4377 164 4474 σξη
174 4377 590 4475 μάτων-ἰάσεις,
605 4403 813 4473 πλάνης
830 4377 1155 4472 ἀπαλλαγῆς
1181 4377 1513 4469 θεογνωσίας
1530 4377 1616 4454 είσ

1753 4396 1944 4469 gratia,
1976 4390 2347 4447 inﬁrmitatum
2377 4384 2708 4444 curationes,
2741 4380 2943 4448 erroris
2959 4377 3327 4449 depulsio,di.

1753 4468 1891 4544 visne
1910 4480 2233 4554 cognitionis
2259 4473 2617 4531 accessiollae
2634 4472 2902 4542 siquidem
2920 4485 3110 4525 revera
3131 4468 3329 4522 solem-

1755 4579 1952 4633 nitales
1987 4570 2078 4628 Dei
2101 4576 2252 4633 sunt,
2296 4580 2417 4636 quze
2470 4564 2746 4619 hominem
2794 4561 3007 4616 faciunt
3055 4560 3175 4614 sine
3220 4556 3328 4611 line

1754 4669 2011 4742 gaudere,
2040 4671 2096 4718 et
2115 4659 2431 4716 continuam
2453 4655 2855 4711 solemnitatem
2894 4653 3193 4708 celebrare.
3218 4650 3328 4703 llas

1756 4741 1938 4829 itaque
1966 4769 2060 4824 per
2086 4748 2318 4807 insidias
2357 4748 2462 4816 ipsi
2512 4755 2747 4800 structas
2793 4760 2825 4797 e
2901 4743 3083 4796 medio
3137 4741 3329 4794 tollere

1753 4848 2084 4921 cogitabant.

1824 4920 1983 4992 Vens.
2017 4934 2109 4986 l5.
2150 4949 2168 4980 ι
2196 4927 2276 4980 Tu
2296 4922 2631 4979 conﬁrmasti
2668 4922 2726 4975 in
2750 4920 2951 4974 virtute
2983 4928 3095 4974 tua.
3128 4937 3149 4970 ι

1820 5031 2119 5084 Draconem
2150 5015 2446 5073 universim
2470 5027 2687 5067 omnem
2749 5010 3114 5066 adversariam
3138 5010 3327 5079 appcl-

82 5129 229 5200 ρεύει
257 5131 509 5198 δύναμινο
550 5131 709 5183 τοῦτο
759 5128 879 5199 μὲν,
914 5126 989 5189 ὼς
1034 5127 1113 5178 ἰὸν
1145 5123 1488 5194 ἀναιρετικὸν
1511 5125 1616 5193 ἔχοι

1753 5125 1825 5178 lat
1854 5121 2179 5191 potestatem
2210 5105 2449 5178 :partim
2495 5103 2738 5174 quidem,
2775 5117 2841 5155 eo
2866 5100 3010 5171 quod
3049 5115 3345 5155 venenum

85 5189 205 5274 σαν*
229 5222 384 5274 τοῦτο
397 5189 461 5274 ’δὲ
494 5222 629 5291 πρὸς
658 5189 967 5291 ἀνάμνησιν
997 5217 1092 5271 τοῦ
1136 5189 1423 5286 γεγονότος
1456 5217 1514 5268 ὲν
1540 5189 1616 5268 ’πο

1753 5189 2095 5268 mortiferum
2134 5197 2456 5260 contineat;
2504 5193 2700 5263 partim
2740 5207 2871 5247 vero
2909 5191 2963 5245 in
2988 5189 3324 5245 recordatio-

40 5326 45 5329 '
90 5312 316 5383 ραδείσῳ
341 5282 636 5383 δράματος,
661 5314 749 5365 ὅτε
769 5282 875 5365 τὸν,
896 5310 1019 5379 ὅφιν
1050 5282 1387 5362 ὑπενισελθὼν
1404 5309 1432 5360 ὁ
1463 5305 1616 5377 ἐχθρὲ

1758 5315 1883 5356 nem
1915 5296 2039 5366 ejus
2058 5290 2202 5362 quod
2227 5290 2279 5342 in
2310 5285 2562 5356 paradiso
2583 5293 2797 5354 gestum
2830 5292 2933 5349 est,
2967 5282 3188 5352 quando
3220 5282 3324 5336 ini-

88 5375 336 5472 ἦπάτησε
492 5375 916 5471 πρωτόπλαστον
940 5375 1274 5469 ἀνθρωπον.
1307 5375 1526 5449 Τούτων
1554 5393 1616 5447 τὰ

1759 5390 1933 5445 micus
1962 5390 2273 5455 serpentem
2342 5375 2728 5447 subingressus
2789 5378 3184 5447 protoplastum
3227 5376 3325 5430 ho-

87 5466 328 5561 κεφαλὰς
350 5466 670 5562 συνέτριψεν
703 5491 732 5543 ό
754 5490 987 5560 Χριστὸς
1009 5466 1167 5559 ἐν’τῷ
1195 5486 1371 5551 ὕδατι,
1395 5483 1560 5547 αὑτός
1593 5500 1616 5535 τ

1760 5480 1960 5537 minem
1988 5473 2221 5545 decepit.
2261 5469 2463 5526 llorum
2488 5466 2666 5537 capita
2699 5468 2949 5526 Christus
2985 5467 3241 5525 contrivit
3270 5467 3324 5522 in

62 4495 205 4559 οδος.
231 4488 408 4550 Αὗται
458 4493 566 4563 γὰρ
606 4492 822 4564 ἀληθῶς
864 4492 1049 4564 ἑορταὶ¹
1090 4493 1247 4557 Θεοῦ,
1275 4492 1491 4563 χαίρειν
1523 4493 1647 4545 ἀτε-

63 4580 305 4652 λεύτητα
343 4580 437 4632 τὸν
468 4575 774 4650 ἄνθρωπον,
808 4581 896 4633 καὶ
935 4579 1328 4651 πανηγυρίζειν
1353 4579 1646 4644 διαπαντὸς

68 4673 437 4743 παρέχουσαι.
489 4672 705 4735 Ταύτας
745 4673 926 4726 τοίνυν
950 4672 1037 4726 διὰ
1081 4671 1181 4743 τῆς
1211 4673 1294 4737 είς
1330 4672 1492 4727 αὑτὸν
1521 4673 1645 4726 ἐπι-

65 4763 267 4834 ϐουλῆς
295 4763 508 4825 ἀνελεῖν
527 4762 963 4834 ὲφαντάσθησαν.

146 4967 164 4998 ι
194 4948 267 5001 Σὺ
291 4945 671 5018 ἐκραταίωσας
694 4945 751 4997 ἐν
774 4947 838 5015 τῇ
853 4944 1076 5015 δυνάμεὲ
1110 4963 1226 4999 σου.
1278 4964 1296 4995 ι

147 5040 428 5107 Δράκοντα
461 5037 692 5091 καθόλου
729 5037 911 5088 πᾶσαν
962 5035 1346 5103 ἀντικειμένην
1373 5048 1651 5102 προσαγο-

160 5677 205 5707 ⁷⁸
239 5673 373 5727 Psal.
404 5685 587 5730 xum,
618 5668 697 5721 15.
775 5667 817 5696 ἰ’
844 5664 981 5720 l’sal.
1003 5679 1107 5726 ut,
