3800 6312
14 278 144 340 245

1173 277 1637 338 FRAGMENTA
1674 278 1756 338 IN
1801 277 2156 342 PSALMOS.

3147 271 3280 336 1246

13 397 256 465 ἰεωρίας
327 398 647 467 ἀφέλκουσα
671 410 686 426 ⁸
729 395 788 448 ὲν
810 395 986 466 ταύτῃ
1031 394 1215 450 τοίνυν
1246 395 1602 465 ὴδολέσχησε,

1725 408 1828 447 eam
1858 393 2182 447 abstrahens
2230 405 2259 444 a
2313 389 2807 458 contemplatione:
2871 388 2926 441 in
2955 387 3059 442 hac
3114 385 3278 455 igitur

13 482 144 552 τερ).
181 484 293 547 τὰς
333 483 682 556 θεωρητικὰς
713 483 958 554 κινήσεις
979 483 1402 553 ἀσχολούμενος.
1439 483 1612 536 Τοῦτο

13 573 114 642 νὰρ
167 573 513 644 ἀδολεσχίαν
545 574 638 626 ἐπὶ
685 574 780 627 τοῦ
806 575 1077 644 παρόντος
1119 574 1373 644 εἰρῆσθαι
1408 574 1614 646 προλα-

13 663 202 725 ῑόντες
246 661 573 734 ἐδείξαμεν.
615 663 885 716 Ἔσκαλλε
928 663 986 716 δὲ
1021 663 1118 716 νῦν
1155 664 1322 716 αὐτοῦ
1350 664 1411 715 τὺ
1445 663 1612 716 πνεῦ-

13 771 120 807 ιαο
175 755 519 820 τουτέστιν,
600 755 1023 825 ὲδυσχεραίνεν,
1071 754 1226 807 οὔπω
1283 754 1611 808 καταλαϐεῖν

13 843 134 912 περὶ
159 842 395 896 τούτων
425 843 749 912 δυνάμενον.
804 843 861 896 '0
903 841 1093 912 παρὼν
1125 842 1266 911 βίος,
1295 843 1362 895 δι’
1388 844 1611 909 ἄγνοιαν

13 934 121 998 νὺξ,
158 936 224 988 ὲν
266 929 349 1003 ᾧ,
379 934 576 1004 φησὶν,
614 935 712 1003 οὐχ
745 933 898 1003 ὕπνῳ
940 933 1236 1004 παρέδωκα
1267 935 1387 986 κατ’
1416 933 1611 996 ἄλλους

13 1027 161 1089 τινὰς
219 1027 481 1096 ἐμαυτὸν
520 1027 612 1096 (οί
641 1024 751 1093 γὰρ
783 1024 1200 1090 καθεύδοντες,
1219 1024 1440 1089 νυκτὸς
1467 1029 1611 1079 καθ-

13 1115 268 1171 ςύδουσι
291 1133 306 1146 ·
342 1117 452 1170 καί
487 1119 542 1170 οἱ
576 1115 1021 1184 μεθυσκόμενοι
1042 1152 1055 1178 ,
1098 1115 1321 1180 νυκτὸς
1349 1116 1611 1183 μεθύου-

13 1206 129 1276 rer)
153 1223 170 1236 ο
211 1207 421 1276 νήφων
454 1207 509 1258 δὲ
543 1205 684 1275 μετὰ
712 1202 805 1256 τοῦ
837 1204 1003 1272 νόμου
1037 1204 1300 1274 περὶτῶν
1325 1205 1612 1274 πρακτέων

13 1295 376 1365 ἰιελεγόμην.
431 1295 750 1364 Πρόσκαιρα
778 1292 886 1362 γὰρ
923 1288 1064 1345 εἶναι
1107 1294 1175 1345 τά
1215 1293 1458 1363 παρόντα
1506 1309 1604 1362 μα-

13 1385 138 1450 )ὼν,
191 1385 300 1438 καὶ
337 1385 496 1446 τέλος
547 1383 708 1448 ἕξειν,
747 1383 1052 1436 κατέλαϐον
1095 1383 1163 1436 τὰ
1205 1383 1613 1453 περιεστηκότα

13 1478 185 1533 Ξεινά,
227 1477 574 1548 Γεωργικῶς
602 1477 660 1528 δὲ
684 1476 744 1530 τὸ
775 1477 910 1546 ἐμὸν
939 1477 1234 1529 ὲσκάλευον
1262 1477 1502 1546 πνεῦμα,
1523 1476 1610 1528 ἵνα

13 1566 258 1636 τπείρας
291 1569 354 1619 ὲν
381 1565 536 1634 αύτῷ
566 1565 770 1634 θερίσω
793 1564 939 1636 ζωὴν
967 1563 1205 1618 αἰώνιον.
1249 1565 1308 1616 '0
1343 1565 1610 1632 σπείρων

13 1660 120 1726 γὰρ
166 1660 264 1722 εἰς
315 1657 390 1711 τὸ
437 1657 694 1725 πνεῦμα,
738 1658 806 1711 ἐκ
851 1657 958 1712 τοῦ
1004 1659 1343 1727 πνεύματος
1387 1660 1609 1726 θερίσει

13 1723 171 1813 Ϊωῆν
235 1745 512 1800 αἰώνιον.
579 1723 860 1817 ’Ᾰνωτέρω
919 1747 1019 1816 μὲν
1055 1723 1169 1801 οὖν-
1193 1749 1409 1818 πνεῦμα
1449 1723 1609 1816 έλεγε
1639 1723 1683 1778 Β

13 1837 108 1903 τὴν
136 1837 338 1907 ψυχήν
361 1853 375 1866 ·
408 1837 646 1892 ἐνταῦθα
675 1837 731 1891 δὲ
763 1838 824 1891 τὸ
854 1839 1074 1906 πνεῦμα
1105 1838 1200 1892 τοῦ
1227 1838 1518 1906 ἀνθρώπου
1552 1840 1612 1892 τὸ

13 1931 65 1981 ὲν
97 1929 288 1998 αὐτῷ,
333 1930 458 1999 μεθ’
495 1921 557 1982 οὗ
602 1931 634 1999 ή
667 1930 814 1999 ψυχὴ
852 1930 1072 1984 σκάλλει
1100 1948 1161 1983 τε
1195 1933 1294 1985 καὶ
1312 1931 1610 2000 ἀδολεσχεῖο

13 2019 66 2069 δύ
126 2017 247 2087 γὰρ
299 2019 481 2088 δήπου
520 2019 584 2072 τὸ
625 2018 785 2088 σῶμα
826 2019 964 2089 μετὰ
996 2021 1096 2090 τῆς
1145 2021 1346 2090 ψυχῆς.
1398 2022 1463 2073 Ἦ
1520 2020 1614 2074 οὖν

13 2110 233 2178 κυρίως
275 2110 572 2181 ἀνθρώπου
606 2111 752 2182 ψυχὴ
787 2112 1070 2182 άδολεσχεῐ
1098 2112 1238 2182 μετὰ
1262 2113 1356 2166 τοῦ
1381 2113 1495 2180 νοῦ,
1521 2114 1616 2166 καὶ

13 2199 250 2252 σκάλλει
283 2199 352 2253 τὸ
386 2200 606 2270 πνεῦμα
631 2201 1067 2270 συνεζευγμένον
1105 2200 1183 2270 τῷ
1222 2200 1318 2270 νῷ.
1350 2203 1616 2269 Προσεύ-

13 2292 200 2359 ξομαι
253 2292 372 2363 γὰρ
418 2291 499 2358 τῷ
540 2292 858 2362 πνεύματι,
906 2293 1318 2360 προσεύξομαι
1385 2293 1485 2346 καί
1535 2292 1616 2360 τῷ

13 2384 134 2437 νοτ.

90 2494 114 2527 ι
144 2474 312 2545 Αὕτη
348 2476 382 2545 ἡ
415 2475 705 2534 ἀλλοίωσις
727 2475 827 2542 τῆς
852 2473 1033 2539 δεξιᾶς
1054 2473 1150 2527 τοῦ
1193 2474 1474 2544 Ὑψίστου.
1501 2493 1519 2526 ι

111 2569 184 2620 Ἦ
224 2565 390 2630 δεξιὰ
440 2567 496 2619 δὲ
541 2565 636 2618 τοῦ
686 2566 899 2637 Πατρδς
931 2568 959 2618 ὁ
988 2565 1298 2637 Μονογενὴς
1337 2565 1614 2636 ἄντικρυς,

13 2660 219 2729 ὥσπερ
253 2661 340 2721 εἰς
373 2659 434 2711 τὸ
457 2661 708 2729 κρεῖττον
737 2661 886 2729 ἡμᾶς
915 2658 1242 2728 ὴλλοίωσεν.

94 2771 116 2802 ί
165 2751 495 2822 Ἐμνήσθην
523 2749 633 2804 τῶν
664 2749 837 2821 ἔργων
872 2750 1101 2821 Κυρίου.
1135 2768 1154 2802 ι

89 2844 409 2914 Θαυμάσια
458 2841 550 2896 τοῦ
602 2841 738 2896 Θεοῦ
785 2842 886 2912 μὲν
917 2840 1088 2894 πολλὰ
1129 2840 1260 2911 περὶ
1297 2840 1397 2910 τὴν
1443 2840 1618 2894 κτίσιν

14 2937 120 2990 καὶ
148 2937 364 3006 ἕτερα·
393 2935 673 3005 ἐξαίρετον
697 2935 774 3001 δὲ,
806 2936 908 3000 ὃτι,
926 2934 1054 3004 χοῦν
1079 2933 1282 2996 λαϐὼν,
1308 2932 1444 2996 ζῶον
1469 2931 1620 2984 ἔθετο

1713 484 2073 548 exercitabar,
2106 482 2301 537 anxius
2330 481 2475 535 circa
2505 479 2958 549 contemplativas
2987 478 3273 532 motiones.

1712 573 1826 629 Hoc
1851 575 1996 628 enim
2023 574 2078 626 in
2097 571 2512 642 praesentiarum
2541 570 2988 624 exercitationem
3018 566 3278 636 appellari

1711 664 1964 734 superius
1990 662 2352 716 ostendimus.
2406 661 2561 714 Nunc
2587 670 2768 713 autem
2819 661 3067 728 spiritum
3118 671 3279 712 suum

1711 756 1994 824 scopcbat,
2023 769 2120 806 seu
2153 753 2454 806 sarricbat:
2481 752 2533 806 id
2566 761 2668 816 est,
2708 767 2852 821 aegre
2879 750 3106 812 ferebat,
3136 746 3279 816 quod

1709 847 1945 901 necdum
1966 845 2084 899 haec
2129 843 2424 913 concipere
2454 843 2681 897 valeret.
2722 843 2969 896 Praesens
3005 842 3120 892 haec
3168 838 3278 892 vita

1711 947 1934 1008 propter
1973 936 2338 1006 ignorantiam
2369 950 2476 989 nox
2503 942 2606 1000 est,
2637 935 2689 987 in
2733 948 2860 1002 qua,
2914 931 3108 1001 inquit,
3140 944 3274 990 non,

1711 1035 1772 1080 ut
1802 1027 1969 1094 aliqui
2007 1026 2117 1089 alii,
2151 1040 2346 1079 somno
2397 1040 2483 1078 me
2545 1024 2740 1078 tradidi
2808 1022 2930 1091 (Qui
2984 1021 3121 1074 enim
3155 1025 3280 1072 dor-

1711 1119 1900 1177 miunt,
1929 1126 2074 1169 nocte
2103 1116 2406 1178 dormiunt;
2436 1123 2485 1168 et
2517 1116 2607 1185 qui
2637 1116 2766 1168 ebrii
2794 1122 2935 1177 sunt,
2969 1121 3116 1164 nocte
3152 1109 3280 1162 ebrii

1709 1205 1950 1273 sunt");
1987 1205 2083 1259 sed
2139 1205 2358 1258 sobrius
2411 1219 2533 1258 cum
2581 1205 2700 1274 lege
2730 1205 2798 1257 de
2847 1204 3010 1256 rebus
3060 1197 3281 1270 agendis

1711 1296 2068 1350 disserebam.
2102 1294 2236 1347 Cum
2277 1280 2422 1347 enim
2463 1294 2752 1364 praesentia
2777 1293 3106 1347 didicissem
3159 1303 3282 1342 esse

1713 1387 2036 1457 temporaria
2063 1395 2119 1440 et
2144 1386 2306 1439 ﬁnem
2365 1385 2639 1450 habitura,
2685 1383 2940 1437 instantia
2971 1381 3112 1434 mala
3159 1395 3282 1432 sus-

1711 1480 1851 1549 cepi.
1873 1480 1956 1533 Ad
1991 1479 2212 1532 modum
2237 1487 2420 1530 autem
2453 1475 2796 1545 agricultura:
2827 1473 3075 1541 spiritum
3101 1484 3282 1522 meum

1713 1571 2028 1635 sarriebam,
2051 1578 2112 1623 ut
2148 1570 2202 1622 in
2231 1585 2297 1623 eo
2332 1567 2609 1621 seminans
2638 1572 2902 1616 metcrem
2931 1561 3098 1614 vitam
3126 1567 3284 1611 aeter-

1717 1680 1864 1718 nam.
1896 1661 2029 1716 Nam
2061 1663 2150 1731 qui
2183 1662 2408 1714 seminat
2453 1659 2508 1711 in
2545 1656 2756 1726 spiritu,
2788 1653 2852 1706 de
2899 1652 3087 1720 spiritu
3130 1658 3284 1702 metet

1714 1756 1878 1808 vitam
1943 1761 2198 1806 (sternam
2223 1751 2288 1804 δ’.
2361 1747 2628 1817 Superius
2697 1743 2964 1813 siquidem
3034 1740 3284 1809 spiritum

1714 1845 1930 1901 vocavit
1962 1843 2239 1907 animam;
2272 1841 2363 1894 hic
2394 1847 2574 1892 autem
2603 1837 2852 1906 spiritum
2913 1833 3152 1887 hominis
3192 1831 3284 1900 qui

1715 1937 1770 1990 in
1806 1936 1923 2006 ipso
1955 1941 2058 1995 est,
2092 1947 2215 1986 cum
2244 1946 2353 1994 quo
2383 1930 2562 1983 anima
2607 1927 2782 1995 scopit
2805 1941 2901 1978 seu
2950 1923 3085 1977 fodit
3128 1929 3185 1975 et
3227 1935 3287 1974 se

1715 2027 1933 2082 exercet
1973 2026 2104 2095 (non
2139 2023 2283 2078 enim
2339 2036 2538 2090 corpus
2579 2033 2702 2074 cum
2733 2018 2912 2070 anima
2964 2016 3067 2068 hoc
3111 2009 3288 2081 facit).

1715 2118 1939 2187 Proprie
1994 2116 2158 2186 igitur
2225 2115 2408 2168 anima
2460 2110 2696 2164 hominis
2763 2113 2982 2163 exercet
3047 2117 3106 2158 sc
3163 2116 3287 2155 cum

1716 2219 1917 2273 mente,
1943 2218 1999 2262 et
2022 2204 2450 2274 sarritSpiritum
2481 2200 2650 2255 menti
2684 2198 3060 2268 coniunctum.
3117 2192 3288 2248 Orabo

1716 2301 1864 2356 enim
1899 2300 2112 2367 spiritu,
2154 2296 2315 2350 orabo
2343 2303 2392 2349 et
2420 2291 2670 2347 mente”.

1787 2475 1953 2529 Vsus.
1989 2475 2075 2528 ll.
2119 2490 2138 2523 ι
2173 2471 2298 2526 Haec
2328 2468 2560 2523 mutatio
2588 2454 2828 2520 dexterae
2845 2460 3080 2518 Excelsi.
3117 2477 3136 2510 ι

1786 2567 2020 2619 Dextera
2059 2575 2242 2617 autem
2300 2559 2473 2614 Patris
2508 2568 2593 2612 est
2622 2555 2967 2624 Unigenitus,
3013 2551 3104 2620 qui
3134 2547 3287 2620 quasi

1719 2673 1751 2714 c
1790 2658 2009 2713 diverso
2032 2669 2136 2709 nos
2171 2654 2226 2707 in
2254 2653 2451 2707 melius
2484 2648 2811 2703 immutavit.

1788 2749 1951 2805 Vens.
1991 2748 2076 2801 1‘2.
2109 2766 2128 2798 ι
2164 2745 2369 2800 Memor
2393 2742 2470 2796 fui
2501 2756 2728 2811 operum
2755 2737 2988 2792 Domini.
3030 2753 3049 2787 ι

1793 2840 1954 2894 Multa
1984 2838 2202 2908 quidem
2231 2843 2285 2890 et
2316 2835 2462 2890 varia
2514 2832 2608 2886 Dei
2646 2829 2914 2884 mirabilia
2945 2827 3092 2880 circa
3138 2838 3293 2878 crea-

1723 2931 1923 2986 tionem
1953 2928 2307 2990 acciderunt;
2338 2924 2430 2978 sed
2472 2923 2576 2977 hoc
2603 2920 2885 2984 eximium,
2919 2915 3292 2986 quod,pulve-

14 3027 278 3096 λογικὸν,
304 3026 646 3079 καὶιοίκείαν
676 3028 860 3080 εἰκόνα
908 3026 1230 3094 κατέστησε.
1270 3024 1456 3078 Ταῦτα
1487 3025 1611 3094 περί

1725 3038 1833 3076 rem
1881 3018 2178 3088 accipiens,
2238 3015 2442 3070 animal
2515 3011 2776 3066 rationale
2842 3007 3172 3070 condiderit,
3237 3012 3294 3060 et

17 3122 180 3191 ἡμᾶς
232 3119 338 3172 ἀπ’
386 3120 560 3190 ἀρχῆς
598 3118 692 3172 τοῦ
734 3118 870 3172 Θεοῦ
925 3118 1224 3189 θαυμάσια,
1274 3117 1418 3188 ἅπερ
1458 3115 1615 3187 ἡμῶν

14 3212 192 3282 χάριν
231 3211 534 3281 εἰργάσατο
557 3227 570 3242 ο
609 3209 863 3278 φαίνεται
893 3210 1002 3281 γὰρ
1053 3211 1382 3280 παράδεισον
1416 3209 1616 3278 φυτεύ-

23 3320 150 3368 σας,
195 3297 328 3354 εἶτα
374 3301 538 3354 πάλιν
577 3301 928 3363 ἀποκλείσας,
977 3299 1362 3368 κατακλυσμὸν
1408 3301 1617 3366 ἐπαγα-

25 3395 168 3464 γὼν,
206 3394 281 3447 δι’
316 3390 375 3448 οὗ
399 3394 494 3447 καὶ
522 3396 868 3464 τιμωρεῖται,
906 3392 1000 3444 καὶ
1037 3392 1223 3457 σώζει,
1258 3392 1320 3444 τὸ
1344 3391 1618 3462 ἡμέτερον

24 3487 272 3556 φύραμα
300 3484 538 3555 συγχέας
560 3485 668 3537 τῶν
707 3483 1188 3554 πυργοποιούντων
1217 3483 1314 3546 τὰς
1344 3482 1615 3552 γλώσσας.

37 3579 210 3631 Ἀλλὰ
249 3579 352 3630 καὶ
391 3576 460 3629 δι’
490 3577 638 3646 ἡμᾶς
674 3576 942 3643 φαίνεται,
967 3575 1060 3628 ἐπὶ
1079 3574 1156 3645 τῷ
1194 3574 1410 3644 φυσικῷ
1441 3575 1617 3646 νόμῳ,

24 3671 206 3740 νόμον
229 3661 488 3737 ’γραπτὸν
527 3666 722 3736 εὑρὼν,
761 3667 854 3719 ἐπὶ
903 3667 1080 3736 τούτῳ
1121 3666 1219 3737 τὴν
1258 3668 1616 3737 προφητείαν.

38 3758 496 3828 Ἐπιτηδεύματα
541 3757 650 3827 γὰρ
685 3756 858 3811 ταῦτα
910 3756 1004 3810 τοῦ
1048 3757 1223 3820 Θεοῦ,
1283 3757 1454 3809 σῶσαι
1514 3775 1619 3828 μη-

25 3848 362 3922 χανωμένου
395 3849 454 3901 τὸ
493 3849 649 3918 γένος
679 3848 740 3902 τὸ
771 3848 1078 3918 ἡμέτερον·
1126 3849 1185 3901 ὲν
1217 3842 1300 3911 οἷς
1348 3849 1376 3901 ὁ
1413 3849 1621 3917 προφή-

28 3959 133 4013 της
159 3941 468 4010 ἀδολεσχεϊ,
498 3941 555 3993 έν
577 3940 788 4003 τούτοις
817 3939 998 4010 ζητῶν
1041 3940 1134 3993 ἐπὶ
1168 3940 1304 3993 πολὺ
1345 3941 1438 3993 καὶ
1471 3939 1621 4008 λογι-

33 4032 307 4101 ζόμενος,
353 4030 408 4082 τί
438 4029 601 4093 σώζει
659 4029 766 4082 τῶν
816 4029 1124 4099 εἰρημένων
1162 4029 1254 4081 τὸν
1309 4029 1618 4099 ἄνθρωπον.

34 4122 279 4193 Ἕτερον
327 4121 386 4175 δὲ
431 4123 582 4192 παρὰ
609 4119 784 4172 ταῦτα
835 4119 1034 4190 εὑρὼν,
1091 4120 1296 4184 εὐθέως
1337 4119 1497 4173 τοῦτο
1519 4123 1622 4176 έπ-

32 4217 277 4283 ἠγαγενο
779 4205 782 4208 ’

113 4325 133 4359 ι
177 4305 280 4369 Τίς
325 4303 498 4374 μέγας
518 4301 592 4365 ὡς
618 4305 646 4355 ὁ
677 4301 808 4365 Θεὸς
830 4301 1011 4371 ήμῶν;
1045 4319 1064 4352 ›

1722 3111 1998 3182 propriam
2063 3107 2355 3177 imaginem
2416 3101 2788 3159 constituerit.
2843 3099 2972 3154 Hice
3044 3107 3172 3152 sunt
3225 3095 3295 3150 ab

1723 3204 1877 3258 initio
1923 3201 2018 3255 Dei
2069 3201 2214 3254 circa
2252 3213 2352 3252 nos
2399 3195 2696 3258 mirabilia,
2749 3208 2871 3261 quae
2903 3190 3080 3246 nostri
3127 3201 3295 3243 causa

1725 3304 1986 3367 operatus
2028 3293 2166 3346 fuit:
2194 3297 2424 3360 apparet
2458 3288 2602 3340 enim
2632 3286 2946 3354 paradisum
2995 3284 3292 3350 plantasse,

1723 3386 1919 3442 deinde
1948 3384 2146 3437 iterum
2175 3379 2531 3442 destruxisse,
2563 3377 2831 3431 diluvium
2870 3373 3156 3432 inducens.
3197 3387 3296 3442 per

1723 3476 1870 3547 quod
1899 3487 2133 3527 massam
2189 3480 2430 3524 nostram
2469 3478 2524 3523 et
2559 3468 2718 3537 punit
2739 3475 2794 3518 et
2821 3473 3017 3526 servat,
3059 3463 3294 3517 confun-

1726 3569 1862 3624 dens
1885 3566 2097 3634 linguas
2123 3559 2445 3615 turriﬁcum.
2476 3557 2743 3610 Ceterum
2771 3562 2992 3624 propter
3024 3568 3124 3607 nos
3157 3567 3294 3621 quo-

1727 3673 1832 3730 que
1890 3656 2127 3717 videtur,
2179 3658 2378 3720 praeter
2431 3649 2606 3718 legem
2655 3645 2985 3708 naturalem,
3035 3644 3295 3712 scriptam

1727 3748 1902 3816 legem
1932 3741 2306 3805 adinvenisse,
2335 3747 2388 3792 et
2418 3745 2538 3807 post
2579 3737 2739 3798 hanc,
2774 3734 3137 3804 prophetiam.
3172 3732 3300 3787 Haec

1728 3836 1874 3890 enim
1903 3840 2031 3888 sunt
2050 3846 2215 3900 opera
2240 3828 2358 3892 Dei,
2392 3841 2564 3897 genus
2600 3833 2850 3878 nostrum
2894 3838 3113 3878 servare
3154 3830 3299 3876 sata-

1728 3926 1936 3996 gentis:
1961 3923 2018 3976 in
2057 3921 2255 3991 quibus
2280 3921 2546 3990 propheta
2579 3917 2934 3983 exercitatur,
2986 3932 3085 3971 seu
3122 3915 3300 3970 medi-

1730 4024 1893 4079 tatur,
1925 4015 2042 4068 halc
2065 4012 2347 4080 inquirens
2375 4019 2430 4064 et
2459 4009 2786 4079 recogitans,
2819 4007 2952 4077 quid
3010 4022 3075 4060 ex
3106 4005 3303 4076 praedi-

1729 4109 1836 4164 ctis
1865 4105 2138 4160 hominem
2165 4110 2369 4158 servet.
2392 4101 2526 4157 Cum
2557 4109 2737 4155 autem
2761 4111 2961 4169 praeter
3011 4099 3130 4153 hiec
3157 4097 3302 4151 aliud

1726 4199 1931 4270 aliquid
1964 4196 2276 4266 reperisset,
2296 4193 2480 4248 statim
2511 4192 2644 4247 illud
2671 4190 2955 4259 subiunxit
2980 4208 2994 4243 :

1796 4290 1960 4345 Vsus.
1991 4289 2078 4343 M.
2106 4307 2124 4339 ι
2155 4287 2289 4352 Quis
2328 4300 2558 4354 magnus
2591 4284 2734 4337 sicut
2761 4282 2903 4336 Deus
2926 4281 3152 4336 noster?
3179 4299 3196 4329 ι

104 4398 182 4452 Οὐ
225 4372 544 4466 συγκρίνων
583 4393 728 4461 λέγει
774 4392 1087 4464 (σύγκρισιν
1117 4391 1226 4462 γὰρ
1268 4393 1296 4444 ό
1321 4392 1611 4460 άπειρομε-

1794 4383 1914 4438 Νοιι
1948 4379 2316 4449 comparando
2343 4377 2460 4431 hate
2490 4375 2622 4430 dicit
2644 4373 2936 4444 (siquidem
2982 4373 3028 4427 is
3050 4373 3143 4441 qui
3180 4372 3305 4424 inli-

37 4487 208 4558 γέΘης
255 4487 360 4540 οὐκ
416 4483 772 4554 ἐπιδέχεται),
829 4483 1016 4553 ὑμνῶν
1046 4483 1099 4535 δὲ
1156 4484 1251 4536 καὶ
1290 4483 1623 4552 θαυμάζωνο

1726 4475 1854 4528 uitae
1881 4469 2270 4541 magnitudinis
2299 4477 2383 4521 est
2399 4464 2868 4536 comparationem
2887 4478 2997 4516 non
3022 4462 3304 4528 admittit),

39 4554 231 4649 ἐπειδὴ
276 4577 455 4648 μέγας
501 4576 601 4646 μὲν
645 4575 814 4638 ὅντως
848 4579 942 4628 καὶ
990 4575 1090 4646 τὴν
1138 4577 1323 4644 ἰσχὺν,
1369 4575 1542 4644 μέγας
1574 4573 1611 4627 δὲ

1727 4565 1824 4619 sed
1882 4561 2192 4626 laudando,
2259 4567 2316 4613 et
2366 4556 2732 4612 admirando:
2797 4554 3057 4624 quoniam
3117 4567 3308 4607 revera

43 4671 140 4723 καὶ
197 4670 302 4740 τὴν
367 4667 816 4735 συγκατάϐασιν,
879 4665 1054 4736 μέγας
1119 4666 1211 4719 διὰ
1264 4665 1626 4729 δυναστείαν,

46 4757 222 4825 μέγας
273 4754 366 4808 διὰ
405 4755 506 4824 τὴν
543 4753 988 4823 φιλανθρωπίαν,
1029 4752 1103 4817 ὡς
1137 4753 1378 4806 δείκνυσι
1422 4752 1492 4806 τὰ
1535 4755 1634 4805 ὲπ-

48 4847 326 4917 αγόμενα.

125 4959 142 4990 ι
190 4940 500 5008 Ὠδήγησας
523 4937 601 4998 ὡς
635 4936 888 5007 πρόϐατα
914 4938 1006 4991 τὸν
1035 4937 1184 4990 λαόν.
1224 4955 1243 4987 ι

126 5037 200 5086 Οὔ
241 5035 418 5104 μάτην
445 5033 680 5086 ἐνταῦθα
709 5035 774 5104 τῇ
803 5035 974 5086 εἰκόνι
1001 5033 1110 5085 τῶν
1147 5031 1436 5100 προϐάτων
1469 5032 1627 5100 ἐχρή-

58 5141 220 5177 σατοο
256 5125 370 5178 ἀλλ’
413 5126 599 5196 ἐπειδὴ
642 5125 822 5194 ῥάϐδῳ
864 5123 1036 5175 ταῦτα
1070 5122 1176 5175 ὑπὸ
1210 5120 1317 5174 τῶν
1349 5120 1626 5190 ποιμένων

58 5212 361 5277 εὐθύνεται,
390 5213 576 5284 ὥσπερ
599 5215 694 5267 καὶ
726 5215 888 5284 ἡμεῖς
922 5211 999 5281 τῷ
1046 5209 1267 5281 σταυρῷ
1304 5210 1458 5280 παρὰ
1485 5211 1626 5278 Χριο

60 5302 185 5356 στοῦ
215 5303 634 5374 ποιμαινόμεθα.
683 5305 844 5357 Ὅθεν
879 5302 1094 5357 καὶτοῦ
1139 5301 1405 5365 Μωσέως,
1451 5300 1531 5352 ἔτι
1570 5301 1626 5353 δὲ

63 5394 153 5446 καὶ
198 5395 290 5446 τοῦ
356 5394 568 5463 Ἀαρὼν
615 5394 1043 5464 ἐμνημόνευσεν,
1073 5394 1268 5453 οἵτινες
1303 5391 1476 5445 τύπον
1525 5391 1620 5442 τοῦ

66 5487 292 5558 σταυροῦ
326 5487 522 5560 ῥάϐδον
551 5485 824 5556 ἐκόμιζον,
849 5487 957 5540 τῶν
990 5488 1046 5538 ὲν
1071 5485 1330 5555 Αἰγύπτῳ
1363 5485 1456 5537 καὶ
1480 5483 1623 5538 κατὰ

1727 4669 1956 4723 magnus
1977 4651 2201 4721 quidem
2227 4656 2314 4702 est
2344 4662 2440 4715 per
2471 4645 2871 4707 fortitudinem,
2918 4658 3150 4708 magnus
3177 4657 3306 4696 vero

1729 4746 1893 4800 etiam
1916 4758 2013 4811 per
2045 4737 2594 4800 condescensionem,
2619 4751 2845 4803 magnus
2876 4749 2973 4802 per
3000 4732 3309 4802 benignita-

1734 4847 1864 4900 tem,
1907 4834 2049 4886 sicut
2065 4830 2348 4897 sequentia
2371 4829 2674 4880 declarant.

1805 4926 1966 4978 Vens.
1998 4923 2082 4975 il.
2129 4941 2147 4973 ι
2187 4919 2468 4973 Deduxisti
2498 4917 2638 4970 sicut
2661 4930 2791 4969 oves
2820 4915 3101 4984 pOpulum.
3142 4933 3160 4966 ι

1815 5010 1932 5065 Non
1963 5019 2165 5062 temere
2190 5006 2277 5060 hic
2311 5020 2440 5058 usus
2471 5010 2554 5056 cst
2577 5002 2746 5072 ﬁgura
2788 5001 3006 5064 ovium,
3055 4999 3150 5054 sed
3180 4999 3305 5069 quia

1734 5108 1851 5162 istae
1883 5119 1911 5158 a
1937 5101 2249 5173 pastoribus
2288 5098 2436 5168 virga
2460 5096 2790 5168 diriguntur,
2823 5094 2966 5148 sicut
3009 5093 3173 5147 etiam
3202 5109 3304 5148 nos

1735 5213 1894 5256 cruce
1924 5213 1952 5250 a
1976 5195 2196 5249 Christo
2228 5192 2522 5262 pascimur.
2553 5189 2712 5245 Unde
2749 5189 2914 5243 etiam
2939 5187 3122 5242 adhuc
3155 5186 3302 5256 Moy-

1734 5295 1827 5356 sis,
1857 5290 1986 5361 quin
2021 5297 2077 5344 et
2112 5286 2342 5342 Aaronis
2391 5285 2727 5338 mentionem
2772 5281 2920 5345 fecit,
2981 5280 3072 5350 qui
3123 5278 3301 5334 crucis

1731 5385 1955 5451 ﬁguram
2009 5380 2294 5452 gestabant
2341 5377 2580 5447 virgam,
2639 5384 2720 5430 tot
2770 5375 3159 5430 miraculorum
3236 5370 3292 5426 in

1729 5476 1961 5548 .‘Egypto
1991 5483 2047 5530 et
2096 5473 2150 5529 iu
2191 5473 2412 5528 deserto
2437 5468 2776 5540 genitricem.
2824 5465 3292 5534 Quemadmodum

138 5697 182 5728 "
209 5696 225 5751 l
255 5697 450 5752 Thess.
483 5715 533 5755 ν.
572 5699 622 5750 7.
699 5696 743 5727 ⁸¹
773 5696 945 5750 Galat.
973 5713 1043 5762 γι,
1072 5696 1123 5751 8.
1200 5695 1244 5727 ⁸³
1274 5696 1319 5750 ll
1357 5695 1482 5750 Cor.
1515 5708 1623 5758 xtv,
1649 5693 1731 5747 15.
