3800 6312
11 353 163 416 7249
1190 357 1652 417 FRAGMENTA
1696 358 1776 418 1N
1812 320 2166 419 PSALMos.
3168 361 3304 427 121.0

3 464 344 534 προφητῶν
373 504 386 527 ,
428 462 614 531 σαφῶς
664 461 720 514 δέ
767 463 861 514 καὶ
903 462 1160 533 Συμεὼν,
1198 464 1379 519 λαϐὼν
1417 467 1474 518 ἐν
1513 469 1624 528 ταῖς

1748 465 1932 521 liserte
1974 467 2231 538 Symeon,
2283 470 2499 539 quando
2545 470 2720 540 ipsum
2763 471 2816 524 in
2865 471 3019 525 ulnas
3069 475 3306 543 excepit.

3 555 333 622 ιγκάλαις,
363 552 632 620 ὠνόμασε.

73 662 99 695 ί
154 645 284 696 Καὶ
320 643 632 695 ἐνετείλατο
657 643 914 712 νεφέλαις
941 642 1308 714 ύπεράνωθεν.
1340 663 1358 694 ι

67 733 360 803 Νεφέλας
397 733 752 806 ύπεράνωθεν
784 734 882 798 τὰς
913 735 970 787 ἐν
1001 733 1190 805 ὑψηλῷ
1219 735 1398 802 λέγει·
1433 735 1626 806 διόπερ

3 823 202 884 ιὺτὰς
258 823 357 875 καὶ
395 821 568 893 θύρας
617 817 871 891 ούρανοῦ,
912 822 988 885 ὡς
1045 823 1504 893 προῦεϐλημένας
1531 823 1626 877 τοῦ

3 914 50 965 οὐ
65 911 268 984 ροινοῦ
301 914 774 985 προσηγόρευσεν.
807 914 927 965 Εἰσὶ
955 915 1064 986 γάρ
1089 931 1237 978 τινες
1257 915 1365 967 τῶν
1387 916 1628 984 νεφελῶν

3 1005 339 1074 τερίγε-ιοι,
385 1004 530 1058 ὥστε
587 1005 684 1057 καὶ
741 1005 850 1057 τῶν
901 1005 1046 1076 ὀρῶν
1095 1007 1264 1070 αὐτὰς
1310 1009 1629 1078 κατωτέρας

3 1094 422 1165 ;ὑρίσκεσθαι.

84 1204 108 1236 ι
150 1185 282 1236 Καὶ
315 1183 538 1254 ἔϐρεξεν
565 1185 652 1236 ἐπ’
684 1184 884 1248 αὐτοὺς
906 1184 1040 1238 ὡσεὶ
1069 1184 1198 1255 χοῦν
1225 1185 1454 1256 σάρκας.
1500 1205 1518 1237 ι

1801 642 1958 718 Vens.
1990 644 2079 698 23.
2111 664 2132 697 ι
2167 645 2232 698 Ει
2267 647 2542 702 mandavit
2575 648 2814 703 nubibus
2845 650 3098 718 desuper.
3135 669 3153 700 ι

1797 731 1978 788 Nubes
2045 734 2281 803 desuper
2330 738 2583 806 intelligit
2635 753 2730 792 eas
2779 755 2899 806 que
2967 740 3020 791 in
3073 739 3296 794 excelso

1726 822 2041 879 exsistunt:
2075 839 2242 893 quare
2269 825 2413 894 ipsas
2440 826 2599 880 etiam
2629 827 2750 881 coeli
2807 829 3000 895 januas
3047 830 3300 897 appellat,

1729 923 1983 982 tanquam
2035 915 2173 971 cmlo
2230 929 2551 984 praetensas.
2611 918 2891 987 Siquidem
2955 927 3082 972 sunt
3139 919 3302 973 etiam

1728 1003 1921 1071 aliqua;
1947 1006 2120 1060 nubes
2151 1016 2307 1060 terrae
2331 1009 2544 1074 vicinae,
2588 1008 2663 1062 ita
2696 1016 2754 1062 ut
2818 1008 2978 1062 etiam
3030 1010 3304 1063 montibus

1731 1093 2021 1149 inferiores
2041 1096 2415 1151 inveniantur.

1797 1183 1966 1238 Vens.
2009 1186 2101 1240 27.
2133 1206 2151 1238 ι
2197 1187 2263 1242 Et
2315 1189 2451 1258 pluit
2481 1204 2650 1259 super
2690 1205 2785 1245 eos
2838 1188 2978 1245 sicut
3026 1190 3303 1260 pulverem

1730 1288 1943 1329 carnes.
1982 1296 2000 1328 Ι

1799 1361 1970 1432 Igitur
1999 1366 2276 1433 copiosam
2308 1382 2527 1436 quoque
2557 1367 2697 1422 hanc
2739 1369 3142 1424 multitudinem
3176 1386 3306 1424 con-

1730 1453 1947 1520 sidera;
1981 1456 2126 1524 quod
2176 1472 2303 1510 cum
2340 1467 2491 1512 tanto
2540 1468 2686 1513 esset
2745 1473 2996 1524 numero,
3065 1460 3306 1530 adeoque

1729 1544 1908 1598 ventri
1936 1544 2141 1611 dedita,
2178 1547 2348 1601 fuerit
2374 1556 2553 1602 tamen
2589 1558 2864 1615 saturata;
2910 1551 3073 1620 idque
3103 1566 3212 1604 non
3237 1553 3304 1604 ad

77 1367 330 1420 Οὐκοῦν
362 1366 458 1420 καὶ
489 1365 647 1419 τοῦτο
689 1366 824 1419 πολὺ
855 1365 1056 1435 πλῆθος
1091 1367 1284 1436 νόησον
1313 1365 1442 1420 λαοῦ
1466 1384 1481 1398 ⁸
1508 1383 1633 1419 τοσ-

3 1459 192 1512 nitor.)
270 1459 371 1529 μὲν
401 1459 492 1510 τὸν
523 1457 778 1528 ἀριθμὸν,
815 1457 959 1510 οὓτω
987 1458 1049 1510 δὲ
1095 1459 1514 1527 γαστριμάργου
1537 1475 1630 1511 κο-

3 1549 370 1620 ρεσθέντοςο
419 1548 481 1601 οὐ
521 1547 660 1618 πρὸς
693 1548 908 1620 ἡμέραν
951 1549 1103 1618 μίαν,
1149 1547 1289 1599 ἀλλὰ
1315 1548 1452 1617 πρὸς
1480 1548 1633 1616 τριάο

3 1659 231 1704 κοντα,
289 1639 367 1703 ὡς
406 1641 614 1712 δυνήσῃ
649 1641 842 1710 μαθεῖν
881 1638 978 1710 τὴν
1015 1639 1198 1709 βίϐλον
1228 1637 1338 1692 τῶν
1355 1637 1624 1710 ’Λριθμῶν

1748 1649 1905 1688 unum
1930 1635 2077 1689 diem
2113 1636 2371 1705 aliquem,
2424 1640 2517 1693 sed
2547 1640 2614 1694 ad
2665 1641 2906 1711 triginta,
2966 1641 3046 1694 uti
3100 1642 3304 1710 poteris

3 1750 123 1803 μετ
133 1751 160 1785 ε
173 1731 288 1803 ρχό
295 1747 478 1803 μενος.
1595 1723 1606 1731 ’

1748 1741 2067 1796 :ognoscere
2091 1727 2288 1782 librum
2322 1729 2686 1785 Numerorum
2725 1732 3114 1801 pervolvendo.

100 1844 123 1876 ι
174 1824 314 1877 Ἔτι
365 1823 465 1893 τῆς
510 1821 765 1893 βρώσεως
816 1819 984 1890 ούσης
1029 1820 1087 1873 ἐν
1139 1817 1218 1890 τῷ
1265 1818 1493 1888 στόματι
1540 1818 1624 1870 αύ-

1807 1814 1968 1871 Vuns.
1997 1816 2088 1872 50.
2123 1836 2142 1868 ι
2187 1819 2382 1873 Adhuc
2411 1835 2536 1874 esca
2559 1836 2748 1875 eorum
2795 1831 2916 1876 erat
2947 1823 3001 1876 in
3033 1837 3126 1876 ore
3160 1821 3304 1892 ipso-

3 1917 160 1969 τῶν.
219 1934 240 1965 ι
1376 1975 1383 1980 1

1748 1923 1876 1960 'um.
1925 1926 1944 1959 ι

89 2007 222 2058 Καὶ
258 2004 598 2074 συμποδίσας
636 2003 696 2056 οὐ
718 2003 845 2064 τοὺς
883 1999 1176 2062 ἐκλεκτοὺς
1205 2001 1261 2052 ἐν
1293 1999 1516 2069 ἀρεταῖς
1541 1998 1629 2050 λο-

4 2098 236 2168 γάδοις,
262 2096 400 2151 ἀλλὰ
426 2096 552 2158 τοὺς
593 2096 649 2148 ἐν
680 2096 883 2166 κακία·
922 2093 1029 2145 είσλ⁸
1066 2092 1176 2163 γάρ
1203 2107 1348 2154 τινες
1383 2091 1440 2144 ἐν
1465 2106 1629 2160 πονη-

10 2193 120 2262 ρίᾳ
146 2189 459 2260 ἐξαίρετοι.

100 2301 121 2334 ι
193 2283 317 2335 Καὶ
379 2280 678 2351 ἠγάπησαν
751 2276 914 2331 αὑτὸν
971 2278 1030 2330 ἐν
1085 2274 1163 2344 τῷ
1237 2273 1464 2344 στόματι
1529 2273 1628 2326 αύ-

12 2373 164 2428 τῶν.
220 2391 241 2424 ι

95 2461 346 2523 Τούτοις
380 2461 543 2530 ὃμοια
563 2458 655 2512 καὶ
691 2457 919 2519 Ἡσαΐας
964 2455 1091 2518 τοὺς
1141 2453 1429 2516 Ἰουδαίους
1465 2451 1630 2523 ἐμέμ-

15 2557 178 2626 ψατο
207 2571 225 2585 ο
273 2555 336 2606 Ὀ
359 2551 510 2616 λαὸς
551 2546 728 2614 οὗτος
775 2548 900 2614 τοῖς
930 2547 1166 2616 χείλεσί
1181 2563 1258 2616 με
1284 2543 1422 2614 τιμᾷ
1446 2584 1460 2610 ,
1491 2545 1529 2612 ἡ
1561 2544 1630 2598 δὲ

18 2646 265 2715 καρδία
310 2642 508 2696 αὐτῶν
552 2641 750 2709 πόρῤω
791 2639 1004 2705 ἀπέχει
1054 2639 1156 2693 ἀπ’
1201 2637 1368 2706 ἐμοῦ.
1414 2636 1538 2700 Πῶς
1572 2637 1628 2689 δὲ

20 2737 204 2790 τοῦτο
268 2733 578 2802 ἐλέγχεται;
613 2729 848 2793 Πολλοὺς
904 2730 1014 2800 γὰρ
1061 2731 1158 2782 καὶ
1213 2728 1308 2781 νῦν
1367 2730 1504 2799 μόνῃ
1559 2730 1626 2799 τῇ

22 2827 275 2895 γλώσσῃ
329 2820 602 2883 θεοσεϐεῖς
659 2820 1011 2890 εὑρίσκομεν,
1054 2818 1217 2882 ὅταν,
1279 2816 1354 2881 ὥς
1396 2834 1560 2886 φησιν
1603 2819 1631 2870 ὁ

27 2916 385 2988 προφήτης,
446 2913 504 2965 ἐν
557 2911 623 2981 τῇ
684 2910 918 2981 διαθήκῃ
975 2907 1143 2962 αὑτοῦ
1201 2905 1277 2978 μὴ
1343 2905 1627 2960 πιστωθῶ-

1800 1999 1868 2053 Ει
1893 1999 2228 2069 compedivit
2267 2015 2376 2054 non
2408 2001 2462 2054 in
2505 2001 2801 2058 virtutibus
2839 2001 3069 2060 eximios
3097 2021 3162 2060 ac
3215 2022 3301 2061 se-

1733 2087 1926 2154 lectos,
1964 2088 2060 2143 sed
2099 2090 2152 2142 in
2173 2090 2415 2144 malitia:
2453 2091 2721 2160 siquidem
2747 2102 2876 2148 sunt
2913 2095 3078 2164 aliqui
3110 2098 3302 2165 nequi-

1735 2176 1807 2229 tia
1838 2177 2239 2246 praeeellentes.

1808 2265 1962 2322 Vens.
1995 2267 2083 2322 56.
2121 2287 2139 2319 ι
2173 2267 2236 2322 Et
2267 2268 2578 2323 dilexerunt
2617 2283 2742 2323 eum
2776 2270 2829 2323 in
2866 2285 2960 2342 ore
2990 2286 3108 2326 suo.
3141 2291 3159 2322 ι

1803 2450 1966 2507 Hisce
1992 2453 2188 2506 similia
2218 2453 2382 2508 etiam
2408 2452 2576 2509 Isaias
2612 2451 2813 2509 Juda‘is
2858 2456 3088 2522 obiecit:
3122 2455 3304 2525 Popu-

1732 2545 1812 2599 lus
1845 2544 1940 2597 iste
1971 2544 2127 2597 labiis
2158 2560 2237 2598 me
2285 2545 2530 2611 honorat,
2563 2561 2652 2598 cor
2697 2555 2872 2599 autem
2927 2563 3103 2600 eorum
3157 2548 3305 2618 longe

1730 2635 1926 2688 abesta
1961 2635 2200 2688 τηου-⁸⁸.
2232 2633 2518 2700 Quomodo
2578 2644 2760 2690 autem
2829 2637 2933 2691 hoc
2983 2639 3305 2707 exprobrat?

1730 2724 1866 2790 Quia
1927 2724 2135 2779 scilicet
2176 2724 2475 2778 etiamnum
2524 2725 2792 2794 plurimos
2843 2726 3152 2794 reperimus
3211 2727 3303 2795 qui

1730 2817 1844 2871 sola
1878 2816 2059 2887 lingua
2082 2817 2158 2885 pii
2196 2817 2326 2883 sint,
2360 2833 2505 2881 cum,
2538 2826 2597 2872 ut
2631 2817 2705 2872 ait
2743 2818 3103 2888 propheta,in
3137 2828 3301 2874 testa-

1729 2915 1918 2962 mento
1953 2909 2073 2978 ejus
2097 2924 2206 2963 non
2233 2908 2343 2963 sint
2377 2910 2624 2964 stabiliti.

27 3027 144 3062 σιν.

121 3120 139 3152 ι
178 3099 303 3152 Οὐκ
324 3096 674 3168 ἐμνήσθησαν
696 3093 796 3163 τῆς
825 3092 1006 3164 χειρὸς
1032 3091 1221 3143 αὐτοῦ.
1268 3109 1285 3141 ι

1802 3086 1963 3142 Vens.
2001 3088 2091 3143 4‘2.
2132 3107 2149 3139 ι
2185 3087 2303 3144 Non
2365 3098 2492 3144 sunt
2531 3087 2799 3143 recordati
2858 3104 3053 3143 manus
3097 3088 3234 3158 ejus.
3276 3108 3294 3140 ι

108 3195 299 3262 Χεῖρα
327 3163 487 3244 πάλιν
520 3163 676 3253 Θεοῦ,
724 3163 922 3256 δηλαδῆ
961 3183 1056 3237 τοῦ
1094 3183 1332 3251 Πατρὺς,
1369 3181 1460 3235 τὸν
1494 3184 1624 3254 Χρι-

1801 3179 2016 3233 Manum
2070 3180 2266 3234 iterum
2319 3180 2453 3243 Dei,
2510 3180 2717 3234 scilicet
2773 3177 2980 3243 Patris,
3025 3179 3299 3234 Christum

35 3286 170 3339 στὸν
207 3283 438 3344 εἰκότως
471 3281 661 3334 καλεῖ·
703 3277 889 3346 ἐπειδὴ
915 3317 930 3342 ,
955 3275 1033 3328 Δι’
1063 3274 1250 3328 αὐτοῦ
1288 3273 1483 3326 πάντα
1502 3272 1624 3343 ἐγέ-

1748 3271 1926 3326 nerito
1946 3281 2106 3327 vocat
2138 3290 2150 3326 :
2185 3272 2336 3342 quia,
2368 3272 2561 3325 Omnia
2597 3287 2688 3339 per
2717 3272 2886 3339 ipsum
2911 3272 3049 3340 facta
3079 3280 3217 3330 sunt.
3253 3279 3301 3324 et

31 3394 206 3443 νετο,
237 3373 341 3427 καὶ
372 3372 551 3442 χωρὶς
579 3368 765 3423 αὑτοῦ
793 3369 1029 3437 ἐγένετο
1060 3364 1202 3418 οὐδὲ
1229 3364 1329 3417 ἓν·
1365 3362 1506 3417 ὥστε
1536 3365 1624 3419 καὶ

1748 3363 1842 3414 :ine
1871 3363 1983 3431 ipso
2013 3364 2211 3432 factum
2239 3373 2312 3418 est
2339 3363 2552 3426 nihil“;
2598 3363 2668 3415 ita
2693 3371 2752 3415 ut
2791 3361 2953 3414 etiam
3005 3360 3143 3414 alius
3176 3376 3298 3429 pro-

34 3473 241 3539 ἓτερον
305 3465 591 3535 προφήτην
648 3461 864 3528 λέγειν’
943 3458 1005 3512 Ἠ
1034 3457 1145 3526 γὰρ
1219 3455 1348 3523 χεὶρ
1410 3455 1624 3523 Κυρίου

1748 3452 1894 3518 )heta
1922 3453 2098 3506 dicat:
2133 3451 2326 3506 Manus
2352 3453 2490 3505 enim
2538 3450 2752 3504 Domini
2784 3451 2902 3518 fecit
2943 3449 3051 3501 haec
3098 3452 3296 3504 omnia.

37 3538 308 3626 ἐποίησε
367 3555 555 3608 ταῦτα
604 3551 820 3605 πάντα.
860 3548 1067 3601 Τούτου
1112 3546 1291 3599 τοίνυν
1329 3545 1428 3599 οὐκ
1468 3547 1624 3617 ἐμνή-

1756 3541 1898 3608 gitur
1922 3555 2033 3594 non
2061 3548 2188 3594 sunt
2219 3539 2486 3594 recordati
2511 3539 2630 3608 ejds
2660 3540 2751 3607 qui
2792 3541 2939 3608 ipsos
2969 3538 3297 3594 liberaverat

1732 3631 1799 3686 de
1830 3629 2354 3694 manutribulantis,
2397 3629 2528 3683 dicit
2585 3639 2768 3682 autem
2819 3629 3182 3695 Pharaonem,
3241 3630 3294 3684 iu

41 3655 262 3723 σθησαν
334 3649 483 3708 ὅστις
534 3645 730 3705 αὐτοὺς
779 3638 1124 3710 ἐλυτρώσατο
1173 3639 1238 3690 ἐκ
1281 3637 1464 3708 χειρὸς
1519 3637 1633 3689 θλί-

1731 3723 1820 3778 die
1845 3721 2194 3790 egressionis.

41 3747 261 3806 ὕοντος,
296 3739 443 3806 λέγει
479 3738 535 3790 δὲ
577 3734 670 3788 τοῦ
720 3731 940 3803 Φαραὼ,
984 3730 1124 3784 κατὰ
1155 3729 1252 3800 τὴν
1291 3728 1503 3799 ἡμέραν
1533 3729 1633 3798 τῆς

42 3834 256 3901 ἐξόδου.
519 3845 530 3856 ’

131 3945 151 3977 ι
201 3919 535 3990 Ἀποστολὴν
563 3917 630 3971 δι’
661 3913 907 3984 ἀγγέλων
937 3912 1208 3983 πονηρῶν.
1254 3930 1272 3962 ι

125 4018 201 4072 Ού
229 4014 330 4084 τὴν
363 4011 522 4080 φύσιν
567 4007 839 4078 πονηρῶν,
872 4005 964 4057 τὸν
995 4004 1052 4056 δέ
1095 4002 1296 4055 σκοπόν
1326 4017 1339 4032 ·
1376 4001 1496 4054 οὐδὲ
1524 3999 1631 4071 γὰρ

48 4108 324 4166 τοιούτοις
369 4102 623 4170 ἀγγέλοις
663 4101 691 4151 ό
715 4099 856 4160 Θεὸς
893 4099 979 4159 εἰς
1009 4095 1289 4148 διακονίαν
1325 4093 1629 4166 κέχρηται·

48 4201 190 4254 ἀλλᾶ
222 4195 496 4265 πονηροὺς
555 4191 1030 4262 προσηγόρευσεν,
1071 4185 1260 4256 ἐπειδὴ
1304 4187 1502 4248 πόνους
1540 4185 1634 4264 καὶ

55 4289 334 4348 κακώσεις
369 4283 716 4345 κελευθέντες
751 4281 1037 4349 ἐπέφερον·
1057 4278 1130 4340 ὡς
1159 4279 1252 4328 καὶ
1275 4274 1520 4345 πονηρὰν
1538 4275 1634 4344 τὴν

51 4389 83 4453 ἡ
95 4387 158 4453 μέ
170 4399 269 4453 ραν
287 4378 388 4446 τῆς
404 4377 658 4446 κρίσεως,
675 4374 749 4436 ὡς
767 4371 1020 4440 ἀναγκῶν
1039 4369 1132 4422 καὶ
1146 4369 1321 4420 πόνων
1335 4369 1447 4430 τοῖς
1465 4368 1635 4437 ἁμαρο

57 4475 244 4534 τωλοῖς
264 4471 561 4537 γέμουσαν,
596 4466 755 4527 αὐτὸς
771 4456 923 4526 οὗτος
955 4463 983 4514 ὁ
1013 4457 1318 4530 Ψαλμῳδδς
1343 4459 1632 4528 ὀνομάζει·

59 4585 130 4634 φη
139 4566 184 4616 σύ
205 4565 310 4633 γὰρ
328 4559 502 4622 οὕτως
525 4572 538 4586 ’
560 4555 862 4624 Μακάριος
879 4557 910 4606 ὀ
921 4549 1148 4607 συνιῶν
1165 4550 1262 4602 ἐπὶ
1281 4549 1518 4617 πτωχὸν
1533 4548 1632 4601 καὶ

1808 3894 1964 3949 Vens.
2007 3895 2093 3948 49.
2126 3913 2146 3944 ι
2193 3893 2562 3948 Immissiones
2583 3909 2677 3963 per
2700 3894 2917 3964 angelos
2942 3893 3130 3948 malos.
3170 3911 3189 3944 ι

1802 3988 1920 4044 Non
1950 3996 2146 4042 natura
2171 3986 2319 4050 mali,
2352 3985 2445 4039 sed
2465 3984 2803 4038 intentione:
2835 3999 2961 4038 nam
2991 3983 3297 4038 istiusmodi

1735 4081 1942 4152 angelis
1967 4079 2112 4132 Deus
2153 4092 2493 4146 nequaquam
2534 4091 2668 4130 usus
2709 4075 2900 4129 fuisset
2956 4076 3020 4129 ad
3055 4075 3300 4129 ministe-

1732 4172 1875 4227 rium
1901 4169 2028 4225 :sed
2057 4184 2250 4238 pravos
2271 4166 2581 4236 appellavit,
2617 4166 2743 4236 quia
2775 4167 2988 4221 labores
3018 4177 3072 4221 et
3128 4167 3300 4220 mole-

1740 4263 1874 4317 stias
1909 4259 2050 4332 jussi
2078 4259 2419 4324 inferebant;
2480 4257 2557 4311 uti
2610 4267 2665 4312 et
2690 4258 2890 4311 malum
2910 4257 3100 4327 iudicii
3133 4258 3297 4322 diem,

1736 4355 1939 4424 quippe
1998 4351 2376 4422 peccatoribus
2438 4350 2699 4402 refertum
2756 4349 2914 4402 malis
2943 4356 2998 4402 et
3046 4349 3294 4415 miseriis,

1737 4447 1879 4500 idem
1937 4442 2024 4496 hic
2053 4442 2336 4496 Psalmista
2385 4440 2718 4510 nuncupavit
2743 4458 2755 4494 :
2781 4441 2856 4493 ait
2877 4440 3021 4494 enim
3052 4458 3065 4493 :
3106 4440 3299 4496 Beatus

1737 4539 1826 4608 qui
1851 4535 2094 4605 intelligit
2118 4550 2275 4602 super
2303 4549 2516 4602 egenum
2555 4541 2602 4585 et
2633 4547 2934 4599 pauperem,
2974 4531 3029 4583 in
3051 4531 3296 4602 diemala

63 4656 308 4719 πένητα,
325 4651 395 4702 ἐν
411 4647 600 4717 ἡμέρῃ
615 4643 848 4712 πονηρᾷ
859 4644 1113 4711 ῥύσεται
1129 4639 1316 4694 αὑτὸν
1338 4641 1370 4692 ό
1392 4639 1626 4705 Κύριος.

64 4745 235 4814 Πολλῇ
259 4743 353 4796 καὶ
377 4740 506 4810 περὶ
525 4740 648 4800 τοὺς
671 4735 1100 4806 παιδευομένους
1123 4734 1149 4785 ὁ
1168 4733 1300 4793 Θεὸς
1322 4729 1515 4800 φιλανθ
1525 4746 1629 4798 ρω-

65 4838 160 4906 πίᾳ
192 4839 457 4904 κέχρηται
480 4872 493 4896 ,
523 4830 632 4884 ἀπὸ
657 4829 765 4882 τῶν
801 4825 1097 4881 ἐλαττόνων
1127 4822 1448 4893 ἀρχόμενος,
1487 4819 1630 4883 ὥστε

67 4922 527 4995 σωφρονισθέντας
558 4918 815 4990 κερδᾶναι
847 4916 915 4969 τὰ
950 4913 1194 4984 μείζονα.
1227 4911 1326 4962 Διὰ
1355 4909 1512 4962 τοῦτο
1560 4909 1628 4961 τὰ

69 5021 234 5084 κτήνη
272 5015 512 5083 πρότερα
547 5011 655 5064 τῶν
680 5007 993 5077 Αίγυπτίων
1023 5004 1368 5056 συνέκλεισεν
1403 5002 1484 5061 είς
1527 4998 1626 5050 θά-

73 5122 250 5160 νατον’
304 5104 658 5173 ἀναισθήτους
707 5102 764 5154 δὲ
803 5099 999 5167 εὑρὼν,
1045 5092 1274 5156 ἐπέταξε
1315 5091 1384 5143 τὰ
1424 5088 1629 5160 πρωτό-

75 5212 220 5252 τοκα,
266 5194 400 5249 ὥστε
449 5193 548 5245 οὐκ
585 5193 648 5245 ἂν
696 5188 923 5262 τὴντῶν
973 5182 1333 5255 πρωτοτόκων
1377 5179 1627 5250 ἐπήγαγε

79 5283 303 5353 πληγὴν,
338 5283 384 5333 εί
408 5279 486 5351 τῷ
535 5281 747 5350 Θανάτῳ
776 5278 884 5330 τῶν
912 5273 1128 5344 κτηνῶν
1173 5267 1636 5342 σωφρονισθέντες

77 5374 356 5443 ἀνένηψαν.

153 5487 170 5517 ι
211 5466 308 5517 Καὶ
338 5463 622 5530 ὡδήγησεν
657 5458 854 5519 αὐτοὺς
883 5457 968 5508 ἐπ’
1001 5454 1198 5508 ἐλπίδι.
1234 5471 1251 5502 ι

146 5556 361 5620 Ἐλπίδι,
391 5554 555 5624 nota;
590 5551 699 5621 Τῆς
731 5548 866 5619 πρὸς
902 5547 1028 5610 τοὺς
1059 5545 1302 5614 πατέρα-ς
1343 5539 1644 5610 γενομένης

151 5757 259 5790 ⁸⁵’³⁶
295 5756 389 5809 Isa.
423 5767 572 5816 uix,
607 5751 692 5805 I3.
770 5747 990 5804 "Joan.
1024 5761 1062 5809 I,
1093 5745 1143 5798 5.

1738 4629 1977 4683 liberabit
2013 4643 2131 4680 eum
2156 4625 2430 4678 Dominus.
2465 4621 2628 4676 Multa
2651 4622 2814 4676 etiam
2842 4622 2988 4676 circa
3015 4623 3300 4691 castigatos

1736 4720 2115 4776 benevolentia
2153 4733 2287 4771 usus
2320 4725 2403 4770 est
2434 4715 2592 4777 Deus,
2630 4729 2658 4767 a
2685 4714 2986 4767 minoribus
3015 4714 3297 4775 inclioans,

1738 4824 1798 4868 ut
1844 4811 2119 4866 emendati
2179 4795 2383 4876 majora
2435 4806 2748 4858 evaderent.
2815 4803 3022 4856 Idcirco
3065 4803 3300 4870 primum

1731 4907 1980 4975 jumenta
2010 4899 2387 4969 Aigyptiorum
2415 4896 2469 4947 in
2504 4903 2680 4946 morte
2721 4893 3020 4956 conclusit;
3053 4890 3146 4945 sed
3177 4906 3299 4945 cum

1735 4991 2084 5049 insensibiles
2163 4985 2474 5055 reperiret,
2557 4983 2829 5052 percussit
2903 4981 3296 5051 primogenita,

1735 5096 2077 5154 nequaquam
2120 5075 2607 5149 primogenitorum
2657 5073 2871 5143 plagam
2925 5071 3197 5136 illaturus,
3254 5072 3297 5126 si

1735 5184 1908 5232 morte
1935 5188 2191 5244 pecorum
2215 5171 2280 5225 ad
2313 5169 2524 5238 frugem
2553 5166 2766 5222 adducti
2795 5162 3169 5234 resipuissent.

1813 5447 1976 5502 Vnus.
2005 5446 2093 5500 55.
2124 5460 2142 5494 ι
2191 5441 2257 5494 Et
2281 5437 2502 5493 deduxit
2533 5451 2627 5490 eos
2653 5435 2707 5489 in
2740 5451 2854 5505 spe.
2892 5454 2909 5485 ι

1812 5539 1970 5606 Quali
2019 5535 2156 5607 spe?
2216 5529 2564 5588 Manifestum
2619 5527 2761 5597 quod
2815 5523 3190 5596 promissionis
3235 5523 3301 5587 ad
