3800 6312
3 335 165 402 lib?!
1240 335 1651 395 FRAGMENT

1762 335 1821 393 ’Ν
1862 335 1994 393 PSA
2005 334 2219 394 LMOS.
3190 335 3326 405 125$

619 451 916 504 ΨΑΛΜΟΣ
958 450 1090 505 (lil’.

1859 437 1865 441 ’
2225 444 2545 500 PSALMUS
2584 445 2865 502 LXXVIII.

87 543 362 598 Ἔθεντο
407 540 768 612 Ἰερουσαλὴμ
793 541 872 605 είς
906 538 1377 610 όπωροφυλάκιον.
1424 557 1442 589 ι

1831 532 1991 587 Vens.
2025 534 2076 586 l.
2110 553 2126 584 ‹
2164 535 2472 589 Posuerunt
2496 534 2792 590 Jerusalem
2824 536 2880 590 in
2929 550 3210 606 pomorum
3234 553 3326 591 cu.

1754 623 2011 678 stodiam.
2041 643 2060 675 ι

1827 715 2006 780 Quare
2038 716 2092 768 in
2117 731 2402 784 pomorum
2427 716 2769 771 custodiam?
2814 717 2948 782 Quia
2983 735 3106 772 cum
3165 722 3327 789 spiri-

1755 814 1869 859 tum
1893 806 2028 876 legis
2072 822 2135 861 ac
2164 808 2552 876 prophetarum
2610 807 2980 872 sustulissent,
3013 811 3184 864 solum
3235 813 3325 864 Iit-

1755 904 1886 951 tera:
1915 913 2137 968 pomum
2164 899 2298 968 ipsis
2328 901 2748 954 custodiendum
2804 901 3156 969 reliquerunt.
3213 902 3328 957 Hoc

1753 997 1936 1041 autem
1968 1003 2078 1041 non
2109 997 2226 1042 erat
2247 1004 2312 1043 ex
2337 989 2672 1054 hominibus,
2707 989 2802 1043 sed
2827 1005 2892 1043 ex
2947 989 3055 1044 Deo
3107 992 3326 1047 volente

1752 1077 1821 1132 ab
1855 1079 2092 1133 inimicis
2123 1089 2441 1150 argumenta
2458 1079 2583 1134 ﬁdei
2608 1089 2807 1134 nostra:
2841 1081 3064 1136 servari.
3100 1080 3325 1136 Pomum

1753 1178 1937 1224 autem
1973 1171 2150 1226 littera
2201 1173 2398 1226 merito
2424 1173 2751 1242 appellatur,
2781 1187 2848 1228 eo
2901 1173 3046 1243 quod
3100 1175 3327 1228 minime

1753 1259 2008 1328 solidum,
2031 1262 2126 1316 sed
2155 1274 2568 1332 temporaueum
2615 1264 2883 1318 duntaxat
2934 1265 3116 1319 cibum
3147 1265 3323 1320 conti-

1753 1359 1928 1404 neret.

1825 1439 1988 1495 Vnus.
2021 1441 2074 1495 5.
2119 1459 2137 1492 ι
2173 1440 2501 1495 Eﬁ‘uderunt
2568 1443 2890 1512 sanguinem
2912 1458 3120 1498 eorum.
3159 1465 3179 1497 ι

93 1530 274 1607 Αἷμα
321 1535 514 1591 αὐτῶν
557 1535 626 1588 τὰ
666 1535 875 1605 ψυχικὰ
923 1533 1396 1605 πλημμελήματα,
1451 1528 1528 1587 ὧν
1575 1532 1651 1594 εἰς

1827 1529 2060 1601 Sanguis
2105 1546 2295 1586 eorum
2343 1541 2472 1586 sunt
2509 1532 2706 1586 anima:
2729 1533 2947 1598 delicta,
2993 1551 3222 1602 quorum
3269 1536 3323 1588 in

11 1623 177 1698 αἷμα
210 1629 250 1696 ή
281 1627 581 1697 ἐκδίκησις
608 1624 818 1692 γίνεται
845 1639 860 1654 ·
889 1623 1063 1676 ταῦτα
1092 1624 1167 1685 ὡς
1211 1622 1357 1694 ὕδωρ
1395 1620 1650 1692 ἐξεχύθη,

1762 1622 2020 1691 sanguine
2045 1621 2104 1675 ﬁt
2128 1621 2303 1680 ultio:
2357 1622 2475 1675 ha'c
2509 1631 2762 1691 tanquam
2793 1638 2932 1692 aqua
2973 1624 3145 1679 eﬂ’usa
3175 1634 3322 1690 sunt,

15 1716 180 1769 ὥστε
251 1716 471 1786 μηκέτι
532 1713 927 1785 ἀναληφθῆναι,
982 1712 1170 1782 ὥσπερ
1221 1712 1346 1763 οὐδὲ
1394 1710 1455 1763 τὸ
1505 1710 1651 1780 ὕδωρ

1762 1723 1815 1766 ιιι
1842 1713 2044 1767 resumi
2067 1713 2302 1780 amplius
2333 1728 2442 1765 non
2479 1713 2712 1781 possint,
2738 1713 2879 1768 sicut
2905 1731 3004 1769 nec
3036 1730 3174 1784 aqua
3201 1725 3322 1786 post

81 713 274 777 Τίνος
299 713 475 784 χάριν
505 717 584 775 είς
603 713 1056 783 όπωροφυλάκιον
1079 711 1328 782 ;Ἐπειδὴ
1353 713 1412 765 τὸ
1435 711 1653 782 πνεῦμα

3 806 105 859 τοῦ
139 806 335 876 νόμου
378 807 476 860 καὶ
528 793 637 859 τών
693 806 993 877 προφητῶν
1020 788 1294 868 λαϐόντες,
1326 805 1492 875 μόνην
1524 823 1654 857 κατ-

3 896 218 949 έλιπον
252 897 465 958 αὐτοῖς
486 895 780 964 φυλάττειν
797 896 900 964 τὴν
930 894 1156 968 ὀπώραν
1178 894 1270 946 τοῦ
1301 896 1648 964 γράμματος.

3 989 198 1041 Τοῦτο
249 987 318 1042 δὲ
370 983 447 1059 ἦν
493 989 595 1040 οὐκ
632 987 692 1052 ἐξ
744 987 1073 1058 ἀνθρώπων,
1126 986 1244 1040 ἀλλ’
1285 988 1350 1039 ἐκ
1388 986 1484 1038 τοῦ
1517 984 1654 1038 Θεοῦ

3 1079 396 1150 βουλομένου
448 1079 604 1149 παρὰ
638 1080 750 1142 τοῖς
799 1079 1015 1148 ἐχθροῖς
1061 1078 1163 1140 τὰς
1201 1075 1512 1141 ἀποδείξεις
1555 1077 1655 1145 τῆς

3 1173 282 1237 πίστεως
329 1173 468 1242 τῆςε
497 1169 778 1242 ήμετέρας
844 1170 1140 1234 σώζεσθαι.
1210 1168 1434 1239 Ὀπώρα
1481 1168 1538 1220 δὲ
1593 1167 1656 1220 τὸ

3 1264 306 1334 γράμμα,
361 1263 445 1327 ὡς
482 1262 558 1334 μὴ
603 1261 839 1330 γνησίαν
886 1261 1114 1332 τροφὴν,
1147 1262 1284 1315 ἀλλὰ
1319 1260 1654 1330 πρόσκαιρον

5 1354 174 1423 ἕχον,
197 1355 457 1417 εἰκότως
487 1351 948 1423 προσηγόρευται.

97 1464 118 1496 ‹
185 1446 476 1516 Ἐξέχεαν
507 1444 569 1497 τὸ
603 1438 746 1513 αἷμα
771 1441 970 1495 αὐτῶν.
1012 1459 1030 1492 ι

21 1807 186 1877 μετὰ
225 1806 339 1876 τὴν
392 1804 614 1874 ἔκχυσιν
664 1804 910 1858 δύναται.
954 1805 1172 1866 Κύκλῳ
1212 1801 1606 1870 Ἰερουσαλήμ
1631 1815 1648 1831 °

1762 1802 2100 1858 eﬁusionem.
2133 1802 2199 1855 In
2243 1803 2466 1855 circuitu
2495 1801 2838 1868 Jerusalem;
2903 1804 2955 1858 id
3002 1815 3106 1872 est,
3161 1821 3323 1874 super

17 1894 370 1958 τουτέστιν,
423 1894 509 1945 ἐπ’
551 1891 747 1963 αὐτὴν,
801 1893 1040 1954 καὶτοὺς
1077 1889 1140 1955 ἐξ
1184 1890 1376 1961 αὐτῆς.
1421 1891 1494 1944 Τὸ
1539 1893 1647 1961 γὰρ

1762 1909 1950 1963 ipsam,
1988 1901 2043 1947 et
2071 1907 2167 1946 eos
2191 1893 2284 1962 qui
2311 1907 2376 1946 ex
2410 1908 2473 1946 ea
2494 1903 2641 1948 sunt.
2668 1892 2898 1964 Sanguis
2923 1896 3067 1950 enim
3109 1896 3319 1950 illorum

24 1977 190 2052 αἷμα
249 1981 449 2034 αὐτῶν
480 1979 568 2033 ἐπ’
593 1981 816 2044 αὐτοὺς,
862 1981 958 2033 καὶ
999 1980 1092 2033 ἐπὶ
1131 1979 1200 2033 τὰ
1239 1980 1405 2033 τέκνα
1446 1979 1646 2046 αὐτῶν,

1762 1998 1914 2053 super
1951 1983 2121 2053 ipsos,
2153 1991 2208 2036 et
2237 1997 2404 2050 super
2427 1982 2567 2036 ﬁlios
2623 1983 2863 2052 ipsorum
2884 1983 2969 2048 9';
3022 1985 3164 2039 sicut
3221 1987 3319 2053 ipsi

24 2075 107 2136 rb;
147 2073 326 2127 αὐτοὶ
361 2073 455 2125 τὸν
496 2073 729 2143 Χριστὸν
771 2070 1236 2140 συκοφαντοῦντες
1280 2070 1495 2138 ἔλεγον.
1539 2068 1651 2122 Καὶ

1762 2075 1970 2128 Christo
2027 2073 2415 2127 maledicentes
2444 2073 2748 2127 dicebant:
2790 2071 2859 2126 Et
2891 2089 2991 2126 non
3047 2083 3166 2127 erat
3231 2077 3320 2144 qui

26 2167 157 2218 οὐκ
191 2161 282 2234 ἦν
310 2167 347 2218 ὀ
401 2164 664 2217 θάπτων.
695 2164 795 2216 Διὰ
825 2164 908 2229 τίς
967 2162 1185 2233 Ἐπειδὴ
1228 2163 1382 2214 αὐτοὶ
1426 2160 1546 2230 μὲν,
1576 2161 1649 2225 ὼς

1762 2165 2010 2232 sepeliret.
2043 2163 2146 2230 Qui
2186 2163 2302 2218 sic?
2329 2163 2456 2232 quia
2485 2163 2742 2217 nimirum
2786 2163 2911 2232 ipsi,
2953 2170 3142 2233 utpote
3174 2179 3320 2217 mor-

29 2256 269 2325 νεκροὶ,
312 2255 550 2308 θάπτειν
579 2254 844 2324 ἀλλήλους
862 2254 960 2306 οὐκ
980 2254 1164 2324 ἴσχυον
1185 2269 1200 2284 ⁸
1225 2255 1259 2324 ή
1275 2252 1573 2322 Ἐκκλησία
1596 2251 1651 2304 δέ

1762 2256 1853 2320 lui,
1888 2265 2150 2310 semutuo
2177 2254 2411 2325 sepelire
2449 2253 2674 2308 minime
2736 2255 3022 2309 valebant:
3078 2253 3319 2309 Ecclesia

30 2347 223 2399 θάπτε
236 2364 290 2399 ιν
321 2346 527 2408 αὐτοὺς
541 2344 642 2398 οὐκ
663 2345 970 2406 ἐπίσταται,
1007 2342 1308 2407 τουτέστιν,
1332 2343 1391 2395 οὐ
1424 2343 1651 2396 συσκιά-

1762 2357 1933 2402 autem
1961 2348 2141 2403 nescit
2167 2347 2315 2417 ipsos
2335 2345 2589 2415 sepelire,
2633 2347 2686 2402 id
2727 2357 2826 2412 est,
2865 2361 3053 2402 eorum
3098 2356 3318 2417 peccata

31 2438 157 2503 ζειν
180 2435 386 2490 αὐτῶν
402 2437 468 2489 τὰ
486 2436 880 2507 ἁμαρτήματα.
909 2436 974 2487 Τί
1005 2435 1062 2487 δὲ
1097 2435 1156 2488 τὸ
1186 2434 1425 2500 κωλύον;
1462 2436 1524 2489 Ἢ
1552 2435 1646 2489 τοῦ

1762 2449 2058 2512 contegere.
2088 2440 2230 2506 Quid
2254 2455 2416 2508 porro
2459 2441 2754 2510 prohibet?
2801 2440 2998 2496 Christi
3061 2440 3318 2495 nimirqu

33 2526 307 2599 Χριστοῦ
345 2526 621 2595 ἀπόφασις
656 2526 978 2596 ήλέγουσαο
1022 2527 1207 2595 ’Ἄφες
1230 2525 1372 2592 τοὺς
1399 2527 1651 2596 νεκροὺς

1762 2533 2026 2588 sententia
2049 2533 2315 2587 dicentis:
2347 2533 2570 2587 Dimitte
2599 2543 2830 2588 mortuos
2856 2533 3072 2603 sepelire
3092 2544 3319 2586 mortuos

35 2618 322 2672 θάπτειν
364 2616 507 2682 τοὺς
545 2615 778 2669 ἑαυτῶν
823 2616 1095 2684 νεκρούς.
1134 2617 1235 2670 Διὰ
1287 2617 1374 2683 τι;
1436 2617 1651 2688 Ἐπειδὴ

1762 2627 1953 2679 suos“.
2008 2623 2151 2691 Quid
2173 2625 2288 2679 ita?
2339 2625 2478 2692 Quia
2523 2625 2618 2694 qui
2673 2633 2988 2695 peccatores
3037 2633 3319 2696 protegere

39 2707 442 2779 ἁμαρτωλοὺς
517 2705 831 2770 συσκιάζειν
881 2705 1250 2778 πειρώμενοι,
1312 2708 1651 2778 γυμνοτέρας

1762 2726 2041 2784 conantur,
2101 2718 2345 2788 ipsorum
2399 2718 2646 2773 actiones
2694 2717 2864 2790 magis
2917 2717 3215 2781 denudant,
3263 2724 3319 2770 et

40 2801 277 2853 ἑαυτῶν
309 2798 411 2862 τὰς
437 2797 687 2870 πράξεις,
726 2800 819 2852 καὶ⁷
844 2799 1008 2852 πᾶσιν
1039 2799 1442 2862 ἐπονειδίστους
1474 2800 1647 2869 ἐργά-

1762 2810 2004 2865 omnibus
2041 2810 2440 2866 abominabiles
2475 2809 2732 2865 reddunt.

47 2893 280 2955 ζονται.

142 3001 161 3033 ι
197 2981 299 3050 Μὴ
345 2979 589 3051 μνησθῇς
613 2979 771 3051 ήμῶν
801 2979 1043 3052 ἀνομιῶν
1073 2978 1334 3050 ἀρχαίων.
1380 2995 1399 3028 ι

1825 3014 1993 3070 Vens.
2025 3015 2077 3070 8.
2121 3033 2139 3066 ι
2175 3012 2254 3069 Ne
2278 3015 2594 3071 memineris
2625 3015 2972 3086 iniquitatum
3010 3022 3317 3070 nostrarum

1676 3143 1720 3204 ο
1752 3108 2118 3204 antiquarum.
2149 3125 2173 3160 ι

1823 3200 1977 3255 Unde
2007 3199 2153 3255 enim
2211 3200 2280 3254 ad
2326 3200 2547 3269 antiqua
2598 3206 2655 3252 et
2706 3213 2845 3252 nova
2897 3197 3035 3252 mala
3075 3196 3321 3252 sufﬁcere

1753 3293 2086 3362 poterimus?
2111 3291 2380 3347 Fortassis
2413 3306 2544 3345 vero
2579 3291 2842 3359 propheta
2877 3298 3092 3344 veteres
3121 3289 3321 3358 iniqui—

1756 3389 1896 3435 tates
1923 3389 2082 3436 vocat
2105 3381 2222 3435 illas
2252 3396 2374 3450 qua:
2402 3381 2456 3434 in
2484 3381 2702 3434 deserto
2754 3379 3122 3449 contigerunt,
3183 3394 3321 3448 quo-

1756 3472 1904 3526 niam
1957 3473 2223 3542 plurimas
2273 3473 2409 3541 ipsis
2467 3471 2610 3526 Deus
2657 3487 2858 3540 easque
2915 3471 3094 3525 varias
3146 3471 3324 3525 minas

1757 3563 2075 3628 intentavit;
2108 3563 2402 3632 quarejam
2433 3578 2618 3616 earum
2650 3563 2736 3630 pie
2764 3562 2951 3616 recolit
2983 3562 3318 3616 memoriam.

1756 3650 1904 3705 Nihil
1966 3652 2245 3706 hominem
2295 3651 2434 3706 adeo
2505 3666 2802 3720 pauperem
2865 3651 3105 3705 declarat
3160 3661 3322 3720 atque

1758 3751 2017 3812 peccata:
2075 3757 2234 3811 porro
2289 3742 2578 3812 pauperior
2622 3741 2700 3807 ﬁt,
2758 3757 2881 3795 cum
2919 3741 2986 3795 ad
3040 3752 3320 3811 peccalum

1758 3833 2008 3902 impietas
2032 3834 2363 3904 adjungitur.
2382 3834 2724 3903 Quapropter
2758 3842 3038 3902 rogarunt,
3077 3840 3136 3885 ut
3157 3832 3320 3886 mise-

1759 3922 2002 3976 rationes
2056 3923 2148 3976 Dei
2194 3923 2328 3993 ipsis
2379 3923 2835 3988 accelerarentur,
2889 3937 2958 3976 ne
2990 3937 3103 3991 prie
3155 3922 3320 3975 nimia

1757 4022 1996 4082 egestate
2048 4013 2402 4082 desperantes
2457 4024 2732 4082 pereant:
2785 4013 2864 4069 sic
2920 4013 3082 4084 igitur
3139 4013 3320 4083 praebe

1757 4102 2014 4156 auxilium
2049 4112 2223 4156 tuum.

1828 4194 1988 4248 Vens.
2019 4193 2072 4248 9.
2114 4212 2132 4244 ι
2161 4194 2369 4263 Adjuva
2393 4210 2515 4262 nos,
2550 4195 2692 4249 Deus
2721 4195 2991 4249 salutaris.
3019 4214 3036 4246 ι

128 3181 319 3235 Πόθεν
369 3179 480 3250 γὰρ
529 3178 762 3247 ἀρκέσαι
807 3178 940 3250 πρὸς
987 3178 1190 3249 ἀρχαῖα
1227 3176 1374 3230 κακὰ
1415 3176 1509 3230 καὶ
1554 3175 1646 3230 νέα

55 3270 526 3343 δυνηθησόμεθα;
577 3271 738 3332 Ἴσως
770 3269 826 3321 δὲ
873 3271 902 3321 ό
948 3269 1234 3340 προφήτης
1290 3268 1521 3335 ἀνομίας
1554 3269 1654 3338 ἀρ-

64 3363 230 3434 (αίας
267 3361 373 3423 τὰς
403 3363 461 3413 ἐν
489 3363 556 3431 τῇ
603 3361 796 3430 ἐρήμῳ
844 3360 1033 3427 λέγει,
1086 3358 1275 3428 ἐπειδὴ
1321 3357 1524 3422 πολλὰς
1568 3358 1654 3410 ἐπ’

58 3454 264 3517 αὑταῖς
310 3454 342 3505 ό
372 3451 502 3514 Θεὸς
535 3452 766 3514 ἀπειλὰς
807 3451 900 3504 καὶ
925 3451 1212 3519 διαφόρους
1251 3449 1402 3502 ἔθετο
1426 3466 1439 3478 ·
1467 3449 1655 3519 διόπερ

58 3544 251 3598 αὐτῶν
293 3542 610 3596 εὐλαϐεῖται
637 3542 736 3609 τὴν
785 3540 1113 3610 ἀνάμνησιν.
1147 3539 1314 3591 Οὐδὲν
1343 3537 1484 3590 οὕτω
1513 3555 1659 3590 πτω-

62 3637 161 3706 χὸν
194 3634 296 3686 τὸν
323 3631 613 3702 ἄνθρωπον
638 3631 714 3693 ὡς
740 3631 797 3682 αἱ
830 3630 1094 3699 ἁμαρτίαι
1133 3627 1373 3680 δείκνυσι
1397 3645 1412 3660 ο
1445 3628 1657 3698 πτωχό-

61 3739 233 3794 τερος
283 3721 344 3774 δὲ
378 3720 770 3791 προστεθείσης
819 3719 1073 3782 ἀσεϐείας
1109 3720 1177 3790 τῇ
1227 3717 1473 3788 ἁμαρτίᾳ
1511 3718 1658 3786 γίνε-

63 3833 185 3870 ται.
214 3814 424 3882 Διόπερ
445 3812 624 3874 αὐτοῖς
646 3810 876 3881 ταχῦναι
902 3812 1029 3873 τοὺς
1054 3809 1372 3879 οἱκτιρμοὺς
1405 3808 1498 3861 τοῦ
1523 3808 1656 3860 Θεοῦ

65 3904 563 3979 ἐπρεσϐεύσαντο,
626 3905 824 3974 μήπως
877 3905 944 3973 τῇ
1013 3901 1350 3973 σφοδροτέρᾳ
1410 3901 1658 3973 πτωχείᾳ

65 3997 528 4067 ἁπογνωσθέντες
571 3996 910 4048 ἀπόλωνται·
967 3993 1138 4057 οὕτως
1174 3990 1268 4047 οὖν
1298 3994 1519 4063 χάρισαι
1559 3993 1656 4066 τὴν

71 4091 173 4162 σὴν
206 4090 492 4159 βοήθειαν.

150 4202 169 4233 ι
213 4180 493 4251 Βοήθησον
520 4179 672 4248 ἡμῖν,
704 4179 732 4232 ὀ
759 4177 890 4240 Θεὸς
924 4178 952 4229 ὁ
977 4177 1188 4247 Σωτήρ.
1229 4193 1248 4226 ι

146 4273 341 4328 Ταῦτα
367 4271 501 4342 πρὸς
517 4271 606 4324 τὸν
635 4269 867 4341 Χριστὸν
887 4267 1274 4340 πρεσϐεύεται·
1293 4264 1453 4329 αὐτὸς
1467 4265 1574 4336 γὰρ
1591 4265 1652 4318 οὐ

76 4369 240 4438 μόνον
268 4365 428 4428 Θεὸς,
451 4362 586 4416 ἀλλὰ
607 4366 701 4415 καὶ
744 4361 932 4433 Σωτὴρ
954 4361 1212 4430 ἄντικρυς
1230 4358 1615 4428 ἐπωνόμασται
1636 4372 1650 4387 ⁸

1828 4285 1954 4339 Haec
1983 4286 2049 4339 ad
2106 4286 2380 4340 Christum
2415 4295 2572 4340 orat:
2610 4286 2725 4354 ipse
2776 4287 2920 4340 enim
2975 4302 3086 4341 non
3144 4286 3318 4340 solum

1755 4374 1922 4439 Deus,
1949 4390 2138 4431 verum
2163 4375 2325 4428 etiam
2361 4375 2607 4429 Salvator
2632 4392 2728 4445 per
2749 4377 3121 4430 excellentiam
3145 4378 3318 4431 nomi-

77 4465 241 4527 αὐτὸς
281 4466 379 4515 καὶ
421 4459 546 4522 δόξα
576 4458 670 4511 τοῦ
714 4457 973 4527 ὀνόματος
1026 4454 1120 4508 τοῦ
1143 4453 1297 4515 Θεοῦ,
1327 4452 1528 4522 δηλαδὴ
1559 4451 1651 4503 τοῦ

1762 4472 1954 4519 natur:
2005 4465 2120 4533 ipse
2170 4465 2335 4518 etiam
2401 4465 2568 4536 gloria
2621 4467 2858 4520 nominis
2926 4466 3044 4531 Dei,
3112 4467 3320 4522 scilicet

78 4558 310 4627 Πατρόςο
344 4554 470 4608 ὅθεν
498 4552 660 4606 αὑτὸν
683 4551 820 4603 καὶὸ
850 4549 1057 4610 Παῦλος
1082 4546 1423 4614 ἀπαύγασμα
1450 4545 1547 4613 τῆς
1567 4543 1655 4594 δό-

81 4649 174 4718 ξης
202 4649 299 4700 τοῦ
329 4645 543 4716 Πατρὸς
573 4641 1004 4712 προσηγόρευσε.
1037 4639 1146 4690 Καὶ
1167 4637 1312 4698 τίνος
1344 4635 1534 4704 χάριν;
1559 4631 1656 4684 Διὰ

78 4743 138 4795 τὸ
162 4742 333 4810 δνομα
353 4779 369 4805 ,
408 4737 575 4808 φησὶ,
609 4734 704 4788 τοῦ
735 4734 902 4797 Θεοῦ,
951 4730 1152 4802 δηλαδή
1181 4727 1417 4800 Χριστοῦ
1436 4765 1450 4789 ,
1483 4725 1542 4786 ὃς
1569 4723 1656 4776 διὰ

83 4834 242 4887 τοῦτο
293 4831 608 4902 ἱλαστήριον
662 4827 956 4895 κέκληται·
1003 4818 1154 4885 οὗτος
1205 4822 1329 4880 ταῖς
1368 4818 1479 4870 τῶν
1521 4815 1654 4868 ἰου-

83 4926 246 4978 δαίων
277 4922 580 4995 ἁμαρτίαις
608 4917 834 4988 ἱλασμὸν
860 4914 1173 4986 ἐπορίσατο,
1203 4911 1366 4982 ήνίκα
1390 4904 1648 4976 σταυροῦ·

93 5033 248 5086 μενος
278 5015 415 5086 πρὸς
442 5013 532 5065 τὸν
559 5009 775 5079 Πατέρα
803 5007 952 5074 ἔλεγε
972 5022 984 5036 ·
1006 5003 1219 5070 Πάτερ,
1249 5001 1398 5068 ἄφες
1421 4998 1646 5064 αὐτοῖς·

90 5111 161 5161 οὐ
190 5107 296 5174 γὰρ
321 5106 495 5158 ίσασι
526 5103 583 5154 τί
609 5099 874 5154 ποιοῦσι.
910 5095 1067 5157 Τίνος
1093 5092 1253 5162 χάριν
1286 5088 1533 5160 γνώστην
1559 5105 1651 5155 γε-

95 5196 278 5250 νέσθαι
310 5195 408 5263 τὴν
436 5192 713 5262 ἐκδίκησιν
745 5193 859 5254 τοῖς
897 5187 1072 5240 ἔθνεσι
1108 5182 1392 5254 βούλεται;
1430 5183 1650 5249 Ἐπειδὴ

97 5287 237 5340 κατὰ
276 5286 544 5354 δαιμόνων
587 5282 798 5353 ἔμελλε,
849 5280 956 5333 τῶν
1001 5281 1062 5331 τὸ
1109 5272 1249 5346 αἷμα
1291 5271 1514 5344 (δηλαδὴ
1555 5273 1652 5335 τὰς

99 5380 289 5449 ψυχὰς)
313 5378 418 5431 τῶν
441 5375 644 5430 δούλων
674 5374 770 5427 τοῦ
798 5373 933 5426 Θεοῦ
961 5371 1119 5442 (φησὶ
1137 5368 1194 5422 δέ
1220 5367 1329 5420 τῶν
1368 5363 1653 5433 Ἰουδαίων)

102 5469 185 5523 διὰ
210 5470 305 5539 τῆς
342 5460 1205 5535 είδωλολατρείας,λυμηναμένων
1249 5456 1524 5527 γενέσθαι.
1559 5455 1656 5518 Τίς

104 5562 157 5612 δέ
183 5556 248 5632 ἦν
267 5560 542 5624 ἐκδίκησις
567 5575 581 5623 ;
615 5553 679 5609 'H
708 5553 816 5608 τῶν
846 5553 1076 5606 εἰδώλων
1093 5548 1467 5620 καταστροφὴ,
1497 5549 1526 5599 ό
1549 5544 1657 5598 τῶν

108 5650 412 5703 διαϐολικῶν
437 5648 582 5702 ναῶν
609 5643 961 5715 ἐμπρησμός.

1759 4554 1968 4608 Patris:
2032 4554 2175 4608 unde
2235 4555 2398 4609 etiam
2456 4555 2657 4610 Paulus
2735 4557 2913 4626 ipsum
2974 4558 3317 4627 splendorem

1753 4644 1936 4714 gloria:
1970 4643 2140 4697 Patris
2172 4645 2583 4713 nuncupavit”.
2627 4647 2692 4698 Et
2748 4648 2906 4714 cujus
2940 4649 3150 4716 gratia?
3182 4648 3319 4701 Pro—

1751 4743 1874 4803 pter
1899 4749 2120 4799 nomen,
2153 4734 2349 4806 inquit,
2377 4735 2490 4799 Dei,
2511 4736 2720 4788 scilicet
2751 4735 2973 4797 Christi,
2999 4737 3089 4802 qui
3113 4735 3318 4790 idcirco

1753 4823 2069 4892 propitiatio
2095 4833 2351 4876 vocatur:
2394 4823 2483 4874 hic
2510 4821 2746 4888 peccatis
2774 4821 3085 4874 Judaeorum
3135 4825 3319 4892 propi-

1756 4913 2038 4968 tiationem
2093 4913 2355 4980 elargitus
2409 4919 2509 4974 est,
2557 4911 2776 4977 quando
2827 4911 2978 4964 cruci
3034 4912 3222 4967 allixus
3252 4917 3318 4968 ad

1755 4999 1969 5054 Patrem
2007 4999 2172 5054 dixit:
2208 5000 2388 5063 Pater,
2419 4999 2624 5052 dimitte
2649 4997 2792 5060 illis;
2847 5015 2945 5052 non
2970 5003 3105 5054 enim
3147 5005 3317 5059 sciunt

1756 5095 1882 5166 quid
1909 5093 2191 5164 faciunt".
2249 5091 2419 5156 Quam
2455 5091 2524 5146 ob
2565 5106 2782 5145 causam
2833 5090 2945 5145 vult
2984 5101 3166 5147 notam
3198 5094 3314 5152 ﬁeri

1758 5184 2011 5255 gentibus
2055 5183 2354 5238 ultionem?
2394 5182 2530 5249 Quia
2573 5193 2760 5237 contra
2808 5185 3080 5239 daemones
3135 5186 3314 5244 futura

1759 5285 1895 5341 erat,
1929 5275 2022 5344 qui
2051 5275 2370 5344 sanguinem
2402 5273 2632 5342 (scilicet
2655 5275 2887 5338 animas)
2915 5290 3198 5329 servorum
3221 5277 3315 5334 Dei

1755 5365 1908 5436 (dicit
1939 5373 2120 5418 autem
2146 5361 2481 5421 Judazorum)
2512 5377 2609 5431 per
2653 5362 3010 5416 idololatriam
3051 5378 3313 5433 corrupe-

1754 5464 1894 5510 rant.
1929 5456 2187 5522 Quzenam
2215 5462 2395 5507 autem
2425 5463 2550 5508 erat
2586 5454 2687 5507 ista
2725 5454 3097 5524 ultio?lltique
3144 5455 3314 5510 idolo-

1754 5560 1875 5599 rum
1908 5544 2142 5606 eversio,
2198 5541 2590 5596 diabolicorum
2627 5541 2952 5610 templorum
3007 5542 3310 5597 succensio.

176 5738 218 5770 ⁸³
245 5738 404 5794 Matth
462 5753 631 5800 xxvn,
655 5734 747 5788 25.
821 5732 865 5764 "
896 5729 1086 5786 Matth.
1121 5743 1242 5793 vm,
1272 5725 1362 5780 22.
1421 5723 1486 5784 ,θ’
1509 5720 1674 5778 Hebr.
1711 5735 1751 5786 I,
1781 5718 1833 5774 3.
1908 5720 1955 5751 "
1986 5716 2116 5771 Luc.
2146 5732 2298 5783 xxiii,
2333 5716 2422 5772 ⁸54.
