3800 6312
31 229 149 293 289

1162 224 1623 287 FRAGMENTA
1684 226 1768 289 IN
1824 228 2184 290 PS.\i.MOS.

3157 224 3302 292 ’1290

56 346 259 419 θηρία
278 345 374 400 τοῦ
390 343 598 415 δρυμοῦ
615 344 708 397 καὶ
730 340 1006 412 σκύμνους
1024 343 1147 405 τοὶις
1159 342 1417 413 δαίμονάς
1432 359 1617 412 φησιν,

1798 342 2006 399 Bestias
2028 343 2177 399 silva:
2198 352 2251 398 et
2273 342 2482 398 catulos
2502 342 2722 397 leonum
2746 341 2983 412 appellat
2999 341 3300 407 daunones,

31 437 213 502 ἴτινες
230 440 296 492 ὲν
319 436 397 509 τῷ
417 434 596 505 καιρῷ
619 433 711 488 τοῦ
731 432 1067 487 Δεσποτικοῦ
1082 432 1288 497 πάθους
1307 424 1623 501 ἀναγκαίως

31 530 287 596 ιρύοντο,
308 529 628 602 νομίζοντες
657 527 782 580 τότε
815 524 993 599 Θήρας
1023 526 1167 596 ἔχειν
1196 525 1407 596 καιρόν.
1432 524 1625 577 "E615-

31 638 107 674 τον
135 622 259 692 γὰρ
287 621 495 674 Ἰούδαν
536 616 942 690 προδεδωκότα,
971 617 1065 671 τὸν
1111 616 1320 687 Πέτρον
1354 615 1623 687 ἀρνούμε-

31 731 117 780 ον,
149 714 291 778 τοὺς
308 713 539 776 λοιποὺς
565 710 903 775 ἀποστόλους
928 709 1377 780 πορπισοέντας.
1400 709 1623 781 Ὧρύον-

31 822 58 858 ο
102 806 312 859 τοίθυν
350 847 367 872 ,
436 804 688 876 ἁρπάσαι
731 802 831 857 καὶ
881 802 1122 873 ζητῆσαι
1161 800 1314 871 παρὰ
1357 799 1452 854 τοῦ
1485 798 1622 853 Θεοῦ

31 898 132 962 οὓς
165 897 428 961 δικαίους
466 895 700 962 ἐξαιτεῖν
747 897 829 957 εἰς
874 894 1236 965 πειρατήρια.
1274 894 1344 945 Ἦ
1369 892 1493 964 οὐχὶ
1532 891 1623 945 τὸν

31 990 133 1043 ιὼϐ
179 989 465 1061 ἐξῄτησεν
515 991 543 1042 6
585 985 874 1053 διάϐολος-ς
946 985 1212 1057 Ἐξῄτησε
1267 985 1325 1039 δὲ
1357 987 1451 1038 καὶ
1497 985 1625 1047 τοὺς

39 1083 362 1146 ποστόλους
416 1082 570 1153 παρὰ
615 1079 709 1133 τοῦ
754 1076 1032 1149 Χριστοῦ,
1075 1078 1217 1131 ὥστε
1271 1078 1363 1132 τὸν
1410 1077 1621 1148 Κύριον

34 1178 196 1245 ἐγειν
216 1193 232 1206 '
262 1176 488 1247 Σίμων,
527 1175 724 1242 Σίμων
747 1213 763 1238 ,
795 1170 1059 1237 ποσάκις
1107 1170 1413 1239 ἐξῄτησεν
1454 1172 1487 1223 ὀ
1513 1172 1626 1223 Σα-

33 1268 206 1336 ανᾶς
226 1267 511 1323 σινιᾶσαι
534 1265 689 1336 ὑμᾶς
707 1267 789 1331 ὡς
814 1265 919 1319 τὸν
934 1264 1125 1318 σῖτον
1150 1263 1265 1333 ἐγὼ
1287 1263 1356 1316 δὲ
1371 1262 1626 1329 ἐδεήθην

31 1356 145 1425 περὶ
177 1357 307 1410 σοῦ
341 1355 444 1408 ἵνα
469 1354 554 1424 μὴ
581 1354 800 1421 ἐκλίπῃ
827 1353 865 1420 ἡ
897 1353 1101 1417 πίστις
1120 1364 1258 1405 σου.

83 1469 103 1500 ι
133 1447 455 1502 Ἀνέτειλεν
487 1446 516 1498 6
552 1445 727 1517 ἣλιος,
757 1445 853 1498 καὶ
880 1443 1253 1515 συνήχθησαν.
1307 1463 1324 1494 ι

80 1541 464 1603 Ἀναστὰντος
493 1539 600 1609 γὰρ
627 1535 867 1609 Χριστοῦ
905 1534 1292 1606 ὑπεχώρησαν.
1341 1534 1433 1586 Διὸ
1476 1533 1616 1602 Σύμ-

31 1650 198 1702 ιαχος
258 1609 386 1686 ἀντὶ
438 1629 532 1683 τοῦ
595 1628 1004 1698 συνήχθησαν
1030 1668 1045 1691 ,
1104 1624 1624 1695 ὑποχωρήσουσιν

36 1724 260 1793 γραψε.
301 1721 416 1775 Ποῦ
457 1721 513 1774 δὲ
567 1718 966 1790 ὑπεχώρησανς
1005 1719 1084 1780 εἰς
1119 1717 1218 1780 τὰς
1249 1715 1458 1769 ἑαυτῶν
1487 1716 1622 1785 μάν-

31 1824 175 1886 ίρας·
204 1813 347 1866 ἔνθα
381 1810 870 1874 κατακοιτάζονται
894 1808 1144 1876 ἑρπετῶν
1169 1807 1325 1877 δίκην
1347 1805 1619 1874 φωλεύον-

31 1922 127 1969 εες.
177 1904 300 1958 Καὶ
333 1903 478 1974 μάλα
513 1901 761 1965 εἰκότως,
792 1898 982 1968 ἐπειδὴ
1028 1898 1089 1951 τὸ
1138 1895 1506 1967 θαρρεῖντοῖς
1538 1893 1623 1946 όν-

31 2015 126 2061 τως
144 1996 470 2066 ἀνθρώποις
492 1993 724 2047 δέδωκεν
744 1993 777 2062 ὴ
803 1991 897 2044 τοῦ
919 1987 1156 2059 Χριστοῦ
1180 1989 1500 2050 ἀνάστασις,
1527 1985 1622 2039 καὶ

31 2087 361 2160 τροέτρεψε,
373 2084 565 2156 μέχρις
582 2082 839 2152 ἑσπέρας,
859 2079 1061 2150 δηλαδὴ
1077 2078 1176 2148 τῆς
1191 2076 1285 2129 τοῦ
1305 2075 1421 2146 βίου
1437 2090 1622 2162 συντε-

31 2180 196 2245 ιείας,
260 2177 327 2229 τὸ
383 2175 545 2247 ἔργον
598 2172 661 2226 τὸ
712 2171 912 2225 οἰκεῖον
962 2166 1316 2240 ἐργάζεσθαι,
1375 2165 1623 2217 τουτέστι

31 2270 117 2341 τὴν
143 2266 361 2339 ἀρετήν
385 2280 398 2296 ο
447 2262 654 2317 ταύτην
694 2262 802 2330 γὰρ
837 2259 970 2329 ἡμῖν
1018 2259 1045 2310 6
1083 2255 1217 2319 Θεὸς
1245 2257 1325 2318 εἰς
1351 2252 1623 2323 ἐργασίαν

31 2360 267 2414 ἔδωκεν.

93 2470 114 2501 ι
167 2451 264 2512 Ὡς
298 2445 642 2518 ἐμεγαλύνθη
678 2444 747 2499 τὰ
776 2442 916 2513 ἔργα
947 2459 1064 2507 σου,
1106 2442 1300 2512 Κύριε.
1340 2460 1359 2492 ι
1434 2503 1445 2509 _

103 2622 519 2693 Ἐκπλήττεται
548 2618 640 2673 τοῦ
674 2615 811 2671 Θεοῦ
843 2616 912 2670 τὰ
960 2616 1226 2687 εἰρημένα
1264 2615 1541 2687 μυστήρια
1569 2617 1626 2669 ὲν

31 2718 196 2789 ςοφίᾳ
228 2714 403 2785 πολλῇ
434 2712 528 2767 καὶ
564 2710 779 2783 μεγάλῃ
810 2710 1080 2779 γενόμενα
1111 2725 1123 2737 ο
1157 2709 1222 2780 ἢν
1244 2709 1319 2772 ὡς
1347 2707 1624 2779 ὑπερϐάλ-

31 2825 232 2863 ιουσαν
264 2808 362 2860 καλ⁵
402 2805 524 2859 λίαν
557 2802 877 2874 ἀπόκρυφον
926 2800 1129 2866 οὐδεὶς
1161 2798 1280 2853 τῶν
1313 2801 1626 2869 ἀρχόντων

31 2903 130 2957 τοῦ
164 2899 390 2964 αἰῶνος
416 2899 631 2953 τούτου
649 2895 930 2966 ἔγνωκεν.
951 2895 1018 2946 Et
1042 2892 1152 2962 γὰρ
1181 2892 1484 2962 ἔγνωσαν,
1514 2895 1626 2948 οὐκ

1725 434 1817 503 qui
1857 445 2103 505 tempore
2137 435 2430 491 Dominicze
2470 434 2743 505 passionis
2783 435 3096 491 necessario
3131 437 3304 508 rugie-

1723 526 1876 591 baut,
1930 527 2309 583 existimantes
2369 536 2499 583 tunc
2550 528 2758 584 bestias
2804 529 3009 585 habere
3066 540 3301 600 tempus.

1726 614 1998 672 Videbunt
2041 619 2187 673 enim
2227 617 2423 674 Judam
2449 619 2795 689 prodentem,
2828 617 3051 675 Petrum
3101 636 3307 692 negan-

1725 717 1858 776 tem,
1880 710 2118 782 reliquos
2136 712 2413 782 apostolos
2439 712 2754 783 dissipatos.
2782 712 3094 784 Rugiebant
3118 714 3305 785 igitur,

1727 811 1787 855 ut
1816 812 2147 873 raperentet
2176 813 2532 874 quaererenta
2555 803 2858 875 Deojustos
2884 805 2951 861 ad
2983 806 3306 862 tentandum

1727 896 2103 964 expostulare.
2137 896 2394 967 Nunquid
2423 897 2586 953 etiam
2614 897 2809 953 Jobum
2840 898 3090 956 diabolus
3118 899 3305 969 exqui-

1728 985 1908 1041 sivit?
1949 986 2185 1059 Expetiit
2228 998 2410 1045 autem
2452 991 2732 1060 apostolos
2771 1006 2801 1045 a
2830 990 3069 1058 Christo,
3123 992 3196 1046 ita
3247 1000 3307 1045 ut

1728 1076 1892 1131 etiam
1943 1077 2208 1137 Dominus
2269 1080 2479 1136 diceret
2521 1098 2533 1134 :
2589 1078 2794 1146 Simon,
2841 1081 3048 1147 Simon,
3102 1085 3305 1152 quoties

1728 1166 1960 1223 Satanas
1979 1172 2225 1239 expetivit
2258 1188 2345 1227 vos
2368 1183 2422 1227 ut
2455 1173 2714 1227 cribraret
2746 1174 2879 1227 sicut
2908 1176 3144 1228 triticum
3164 1176 3189 1228 Σ)
3216 1191 3308 1244 ego

1729 1267 1906 1312 autem
1939 1262 2121 1329 rogavi
2158 1278 2253 1330 pro
2285 1272 2351 1327 te,
2384 1273 2440 1316 ut
2475 1280 2577 1317 non
2612 1264 2824 1333 deﬁciat
2859 1264 2990 1333 ﬁdes
3021 1273 3112 1319 tua
3135 1266 3202 1317 ⁶¹.

1802 1437 1963 1495 Vens.
1999 1440 2089 1494 ‘22.
2126 1459 2143 1492 ι
2178 1440 2342 1495 Ortus
2365 1452 2450 1497 est
2479 1442 2579 1505 sol,
2616 1451 2674 1498 et
2697 1443 3006 1514 congregati
3037 1453 3186 1497 sunt.

1803 1530 2025 1586 Christo
2053 1533 2197 1587 enim
2230 1541 2550 1605 resurgente
2574 1543 2941 1589 recesserunt.
2967 1533 3310 1605 Quapropter

1731 1622 2090 1694 Symmachus
2107 1640 2206 1695 pro
2223 1626 2657 1696 congregatisunt
2678 1625 2895 1697 scripsit
2914 1629 3169 1682 recedent.
3191 1627 3309 1692 Quo

1727 1726 1910 1769 autem
1936 1716 2323 1771 recesserunt?
2342 1716 2395 1770 in
2417 1717 2585 1772 lustra
2611 1733 2708 1773 sua
2729 1736 2743 1771 :
2765 1718 2838 1773 ibi
2857 1718 3058 1774 cubant
3081 1734 3308 1789 serpen-

1728 1805 1862 1859 tium
1901 1806 2072 1860 instar
2111 1807 2411 1862 latitantes.
2451 1806 2520 1863 Et
2552 1808 2678 1885 jure
2716 1810 3089 1876 meritissimo,
3132 1826 3307 1881 quan-

1727 1895 2020 1964 doquidem
2078 1896 2147 1951 iis
2199 1898 2291 1967 qui
2353 1913 2542 1953 revera
2605 1899 2859 1955 homines
2920 1910 3051 1956 sunt
3100 1901 3307 1957 Christi

1728 1988 2060 2043 resurrectio
2080 1988 2332 2045 ﬁduciam
2361 1990 2532 2056 dedit,
2556 2001 2612 2046 et
2633 1992 2920 2047 adhortata
2942 2003 3026 2048 est
3045 2002 3106 2048 ut
3137 2010 3309 2064 usque

1727 2083 1795 2138 ad
1823 2097 2131 2153 vesperam,
2165 2086 2373 2141 scilicet
2401 2087 2526 2141 vitae
2566 2087 2730 2156 hujus
2755 2090 3307 2157 consummationem,

1727 2176 2012 2246 proprium
2058 2193 2197 2249 opus
2250 2186 2497 2249 agerent,
2567 2195 2766 2250 nempe
2815 2181 3119 2237 virtutem:
3169 2182 3311 2238 hanc

1728 2269 1873 2323 enim
1901 2270 2061 2325 nobis
2094 2271 2237 2327 Deus
2268 2272 2335 2326 ad
2367 2275 2708 2343 operandum
2741 2275 2912 2330 dedit.

1780 2448 1943 2507 Vens.
1981 2450 2072 2504 24.
2098 2469 2116 2501 ι
2137 2449 2308 2517 Quam
2327 2451 2670 2523 magniﬁcam
2699 2459 2828 2509 sunt
2857 2466 3021 2523 opera
3057 2462 3171 2519 tua,
3208 2453 3311 2509 Do-

1729 2541 1896 2596 mine.
1931 2561 1947 2592 ι

1803 2633 2159 2706 Obstupescit
2189 2637 2336 2694 dicta
2373 2637 2471 2693 Dei
2502 2638 2760 2711 mysteria
2793 2640 2849 2694 in
2879 2639 3051 2695 multa
3084 2655 3308 2712 magna-

1735 2736 1842 2789 que
1870 2722 2138 2792 sapientia
2177 2724 2318 2779 facta
2345 2743 2358 2778 ε
2387 2742 2552 2795 quam
2582 2737 2771 2797 utpote
2797 2728 3050 2783 eximiam
3078 2739 3132 2783 et
3152 2731 3309 2786 valde

1729 2826 1980 2867 arcanam
2024 2831 2174 2870 nemo
2210 2818 2507 2887 principum
2529 2819 2687 2887 hujus
2726 2818 2904 2874 saeculi
2948 2822 3202 2890 cognovit.
3245 2822 3308 2878 Si

1730 2907 1868 2960 enim
1895 2909 2273 2977 cognovissent,
2304 2926 2573 2979 nunquam
2608 2910 2895 2967 Dominum
2925 2913 3108 2983 glorite
3136 2917 3303 2969 cruci-

31 2995 100 3049 ὶν
130 2994 247 3046 τὸν
295 2990 515 3058 Κύριον
551 2987 660 3056 τῆς
687 2986 871 3053 δόξης
892 2984 1307 3053 ἐσταύρωσαν,
1344 2983 1487 3040 καθά
1520 3002 1622 3056 φη-

1765 2997 1962 3052 xissent
1991 2999 2058 3063 θ’,
2092 2999 2170 3054 uti
2205 2999 2405 3055 Paulus
2432 3001 2526 3055 ait.

31 3100 109 3138 τιν
139 3084 170 3135 ὁ
201 3079 446 3143 Παῦλος.

100 3191 119 3223 ι
172 3167 506 3241 Ἐπληρώθη
533 3169 567 3239 ή
597 3166 668 3238 γῆ
696 3167 797 3238 τῆς
816 3164 1049 3228 κτίσεως
1073 3181 1193 3218 σου.
1231 3183 1248 3214 ι

92 3261 371 3315 Τουτέστι
417 3259 511 3313 τοῦ
557 3257 917 3328 ὲγκαινισμοῦ
956 3257 1052 3310 καὶ
1095 3256 1195 3324 τῆς
1232 3255 1622 3325 ῗὰνανεώσεως.

31 3355 91 3409 Et
114 3373 211 3422 τις
241 3354 360 3423 γὰρ
405 3354 475 3407 ὲν
513 3348 767 3419 Χριστῷ.
804 3347 982 3417 καινὴ
1024 3348 1222 3412 κτίσις
1248 3364 1263 3379 ·
1295 3346 1368 3400 τὰ
1409 3346 1628 3415 ἀρχαῖα

31 3446 372 3516 παρῆλθεν,
410 3442 540 3497 ίδοὺ
569 3443 777 3512 γέγονε
805 3441 879 3492 τὰ
911 3439 1109 3491 πάντα
1137 3437 1335 3492 καινά.
1363 3437 1464 3490 Διὰ
1490 3439 1541 3490 τί
1571 3437 1627 3489 δὲ

31 3540 188 3612 hri];
234 3535 430 3607 ἐπειδὴ
455 3537 536 3598 εἰς
576 3534 748 3605 αὐτὴν
776 3536 803 3585 6
844 3532 1034 3594 κλίνας
1081 3531 1347 3602 οὐρανοὺς
1388 3530 1627 3583 καταϐἐο

31 3634 192 3703 δηκε.
224 3629 357 3693 Πῶς
408 3629 466 3681 δὲ
531 3626 701 3695 αὐτὴν
751 3625 990 3690 ἔκτισεν,
1040 3622 1158 3677 ἀλλ’
1207 3622 1347 3695 ἢδι’
1393 3622 1624 3687 ὑδάτων,

31 3724 228 3794 ὥσπερ
262 3719 437 3791 αὐτὴν
454 3719 559 3785 διαὶ
600 3719 694 3772 ἀπ’
727 3716 903 3787 ἀρχῆς
943 3716 1273 3786 παρήγαγε;
1319 3712 1386 3767 δι’
1419 3712 1627 3766 ὑδόιτων

31 3817 82 3871 5ὲ
132 3813 236 3869 τοῦ
273 3812 671 3885 βαπτίσματος,
702 3807 925 3878 εὔδηλον
955 3825 967 3840 ο
1005 3807 1200 3879 μηνύει
1246 3806 1353 3877 γὰρ
1388 3805 1446 3858 τὸ
1497 3804 1626 3858 ἐπό-

31 3924 225 3980 μενον.

104 4020 125 4053 ι
156 3999 318 4068 Αὕτη
357 3998 391 4069 ἡ
424 3995 672 4052 θάλασσα
703 3997 737 4066 ή
773 3995 1011 4066 μεγάλη.
1061 4012 1079 4043 ι
1482 4048 1503 4065 Ι

97 4089 342 4159 Μεγάλη
392 4089 427 4157 ἡ
481 4087 640 4157 χάρις
687 4085 783 4137 τοῦ
836 4083 1236 4152 βαπτίσματος,
1287 4079 1364 4142 ὡς
1402 4078 1620 4151 μεγάλα

31 4182 378 4252 περιέχουσα
427 4176 724 4247 μυστήρια.
762 4173 1088 4246 Εὖρύχωρος
1117 4171 1199 4235 δὲ,
1224 4171 1300 4234 ὡς
1329 4170 1459 4240 ὃλην
1516 4186 1626 4240 χω-

31 4271 207 4344 ροῦσα
259 4269 363 4340 τὴν
419 4268 705 4340 ἐνέργειαν
753 4264 848 4318 τοῦ
908 4263 1239 4334 πνεύματος.
1302 4259 1544 4332 Ἐρπετά
1567 4277 1625 4313 τε

1809 3200 1826 3230 ι
1860 3181 2086 3250 impleta
2113 3191 2196 3237 est
2229 3191 2373 3259 terra
2406 3189 2657 3238 creatura
2690 3190 2800 3238 tua.
2844 3203 2864 3236 ι

1802 3272 1856 3327 Ιι]
1884 3269 1970 3327 est
2008 3274 2403 3352 instauratione
2437 3284 2492 3330 et
2534 3274 2909 3331 innovatione.
2956 3275 3018 3331 Si
3052 3293 3155 3347 qua
3186 3293 3308 3348 ergo

1728 3365 1791 3427 in,
1827 3362 2033 3419 Christo
2080 3382 2213 3420 nova
2270 3377 2515 3421 creatura
2545 3385 2563 3431 ;
2591 3376 2766 3422 vetera
2810 3368 3153 3432 transierunt,
3196 3384 3309 3422 ecce

1730 3454 1872 3522 facta
1927 3466 2049 3508 sunt
2105 3459 2285 3511 omnia
2326 3458 2551 3512 nova”.
2580 3459 2664 3513 Ad
2703 3457 2836 3530 quid
2884 3466 3068 3512 autem
3120 3460 3310 3512 terra?

1730 3545 2172 3616 quandoquidem
2204 3547 2272 3601 ad
2301 3548 2447 3601 illam
2494 3549 2664 3603 caelos
2711 3548 2984 3603 inclinans
3007 3549 3308 3606 descendit.

1731 3637 2016 3703 Quomodo
2066 3648 2247 3693 autem
2288 3639 2435 3693 illam
2485 3639 2708 3704 creavit,
2738 3640 2844 3693 nisi
2905 3654 3070 3709 super
3120 3656 3307 3711 aquas,

1730 3728 2189 3798 quemadmodum
2222 3728 2291 3784 ab
2335 3728 2489 3783 initio
2522 3742 2644 3784 eam
2688 3728 3068 3799 produxerat?
3091 3729 3308 3784 Clarum

1731 3829 1913 3874 autem
1966 3820 2108 3890 quod
2150 3835 2246 3890 per
2290 3835 2460 3889 aquas
2505 3819 2874 3889 baptismatis.
2924 3818 3038 3875 iloc
3084 3820 3230 3875 enim
3257 3822 3309 3874 id

1730 3909 1874 3978 quod
1903 3908 2150 3978 sequitur
2179 3908 2440 3964 insinuat.
2884 3902 2889 3907 ’

1806 3997 1966 4055 Vens.
1997 3999 2087 4054 25.
2126 4019 2144 4051 ι
2189 3999 2305 4056 lloe
2334 4016 2483 4056 mare
2506 4016 2787 4072 magnum.
2825 4020 2843 4053 ι

1800 4093 1987 4166 Magna
2017 4102 2101 4149 est
2137 4093 2481 4165 baptismatis
2515 4093 2709 4168 gratia,
2737 4102 2929 4162 utpote
2960 4107 3154 4164 magna
3176 4107 3310 4146 eon-

1731 4186 1912 4240 tinens
1961 4185 2239 4256 mysteria.
2280 4183 2411 4239 Lata
2453 4174 2657 4250 autem,
2689 4183 2817 4254 quia
2872 4191 3040 4239 totam
3084 4184 3312 4255 spiritus

1730 4278 2112 4348 complectitur
2178 4276 2635 4346 inopcrationem.
2697 4275 2931 4345 chtilia
2986 4284 3167 4331 autem
3229 4275 3314 4328 in-

31 4365 161 4427 τοῦς
182 4360 572 4434 ἁμαρτωλοὺς,
596 4358 685 4412 διὰ
704 4357 764 4411 τὸ
794 4355 989 4427 ἕρπειν
1016 4355 1214 4416 αὐτοὺς
1242 4353 1336 4406 ἐπὶ
1364 4351 1434 4404 τὰ
1458 4351 1622 4441 γήϊνα

1765 4344 1911 4441 διιίέο
1947 4344 2289 4440 peccatores,
2310 4384 2377 4423 eo
2412 4369 2557 4438 quod
2597 4367 2665 4422 ad
2695 4344 2910 4423 terrena
2944 4375 3138 4438 repant
3171 4385 3185 4422 :
3221 4367 3312 4436 qui

31 4454 252 4525 νόησον·
276 4453 441 4523 οἵπερ
473 4449 562 4504 διὰ
608 4449 669 4503 τὸ
713 4447 920 4517 πλῆθος
966 4446 1191 4507 εἰκότως
1224 4443 1365 4513 ὑπὲρ
1395 4440 1628 4513 ἀριθμὸν

31 4542 312 4612 λέγονται,
375 4542 409 4617 ἢ
466 4541 549 4593 ὅτι
605 4540 787 4608 μόνοις
828 4539 942 4599 τοῖς
989 4535 1218 4598 δικαίοις
1277 4531 1629 4602 ἀριθμεῖσθαι

32 4634 263 4703 πρέπει.
305 4632 447 4702 Φησὶ
476 4631 606 4701 γάρ’
656 4629 819 4699 Ἐμοί
866 4628 935 4681 δὲ
980 4628 1127 4681 λίαν
1168 4625 1546 4695 ἐτιμήθησαν
1573 4627 1627 4677 οἱ

34 4727 207 4794 φίλοι
238 4740 382 4788 σου,
419 4726 450 4777 ό
498 4724 665 4789 Θεός.
705 4720 1204 4790 Ἐξαριθμήσομαι
1252 4717 1493 4784 αὐτοὺς,
1528 4718 1627 4771 καί

36 4819 194 4885 ὑπὲρ
223 4816 425 4886 ἄμμον
467 4813 1024 4882 πληθυῦηοθήσονται.

118 4927 137 4958 ι
179 4906 305 4960 Ζῶα
337 4906 508 4976 μικρᾶ
539 4905 678 4975 μετὰ
712 4904 982 4975 μεγάλων.
1024 4924 1041 4956 ι

113 4999 180 5051 0i.
209 5000 448 5068 μετρίως
476 4999 675 5052 δίκαιοι
703 5000 796 5051 καὶ
824 4998 985 5066 ἄγαν.
1024 4998 1236 5060 Πάντας
1271 4995 1379 5064 γὰρ
1403 4995 1627 5056 τούτους

43 5086 106 5137 τὸ
149 5086 434 5156 βάπτισμα
476 5088 712 5158 δέχεται,
744 5090 838 5141 καὶ
880 5088 941 5139 οὐ
971 5088 1128 5155 μόνον
1165 5083 1479 5156 ἁμαρτωλοὶ
1530 5082 1625 5136 τοῦ

45 5176 278 5246 λουτροῦ
309 5180 405 5248 τῆς
434 5179 877 5248 παλιγγενεσίας,
906 5177 1044 5232 ἀλλὰ
1069 5179 1163 5230 καὶ
1192 5179 1242 5230 οἱ
1268 5177 1467 5229 δίκαιοι
1489 5177 1626 5246 χρῄ-

1733 4462 1802 4517 ob
1853 4461 2261 4519 multitudinem
2319 4461 2515 4515 merito
2555 4460 2817 4515 dicuntur
2857 4473 2979 4515 esse
3009 4474 3173 4530 supra
3206 4475 3312 4519 nu-

1733 4566 1965 4616 merum,
2006 4552 2092 4605 vel
2113 4551 2240 4621 quia
2275 4550 2404 4605 solis
2429 4551 2595 4620 justis
2619 4550 2895 4614 convenit,
2926 4558 2986 4605 ut
3016 4564 3312 4606 numeren-

1735 4652 1840 4697 tur.
1878 4642 1968 4696 Ait
2000 4642 2181 4697 enim:
2229 4639 2363 4695 Mihi
2394 4655 2572 4696 autem
2630 4641 2784 4696 valde
2813 4642 3144 4709 honori/icati
3192 4653 3311 4695 sunt

1734 4732 1891 4785 amici
1920 4732 2017 4793 tui,
2060 4731 2218 4784 Deus.
2259 4732 2613 4785 Dinumerabo
2667 4747 2772 4795 eos,
2812 4741 2859 4782 et
2899 4745 3056 4797 super
3089 4746 3312 4785 arenam

1739 4816 2231 4883 multiplicabuntur
2254 4816 2320 4868 δ”.
3352 4808 3363 4821 ’

1816 4925 1835 4956 ι
1874 4905 2138 4959 Animalia
2174 4904 2368 4974 pusilla
2410 4920 2533 4959 cum
2567 4904 2796 4974 magnis.
2830 4923 2852 4953 ι

1808 4993 2150 5049 Mediocriter
2194 5003 2249 5049 et
2285 4994 2441 5051 valde
2489 4995 2644 5065 justi.
2674 4995 2787 5061 Hos
2809 4994 2956 5049 enim
2992 5010 3184 5050 omnes
3217 4995 3313 5050 ba-

1730 5074 1934 5157 ptisma
1964 5084 2210 5156 suscipit,
2247 5096 2303 5141 et
2325 5102 2433 5141 non
2456 5088 2629 5142 solum
2660 5097 2996 5158 peccatores,
3031 5087 3125 5155 sed
3148 5087 3311 5143 etiam

1732 5179 1865 5251 justi
1892 5178 2107 5233 lavacro
2139 5179 2567 5249 regenerationis
2596 5195 2736 5250 opus
2784 5180 3005 5234 habent.
3036 5177 3172 5257 Nam
3210 5180 3311 5232 nisi

50 5261 260 5324 ζουσιν.
298 5264 516 5336 Ἐπειδὴ
536 5266 645 5319 ἐὰν
671 5269 755 5336 μή
781 5286 871 5334 τις
898 5266 1283 5337 ἀναγεννηοζῖ
1312 5266 1382 5329 ἐξ
1410 5266 1622 5330 ὕδατος

1765 5273 1851 5325 uis
1908 5280 2121 5325 renatus
2152 5272 2312 5343 fuerit
2362 5289 2425 5327 ea:
2474 5290 2618 5344 aqua
2661 5282 2708 5327 et
2744 5272 2954 5341 spiritu,
3003 5287 3106 5328 non
3141 5280 3311 5344 potest

50 5355 147 5407 καί
169 5356 529 5423 πνεύματος,
563 5359 634 5410 οὐ
668 5359 753 5426 μὴ
780 5359 1022 5427 εἰσέλθῃ
1053 5361 1140 5427 εις
1174 5358 1287 5426 τὴν
1302 5358 1622 5422 ,βασιλείαν

1765 5364 2022 5417 ntroirein
2053 5381 2263 5436 regnum
2297 5364 2395 5419 Dei
2427 5365 2493 5419 ".
2666 5356 2671 5373 ’

53 5443 159 5499 τοῦ
186 5446 355 5498 Θεοῦ.

114 5601 153 5633 ⁶¹
199 5602 329 5657 Luc.
366 5619 498 5665 χχιι,
540 5603 630 5656 51.
707 5602 750 5633 ⁶¹
787 5602 805 5653 1
845 5600 972 5656 Cor.
1005 5619 1062 5667 ll,
1104 5604 1156 5657 8.
1236 5603 1345 5658 "II
1372 5605 1498 5661 Cor.
1532 5623 1584 5673 ν,
1616 5621 1622 5637 λ

1779 5610 1823 5642 ⁸⁵
1853 5609 1994 5664 Psal.
2029 5625 2266 5675 cxxxvn,
2304 5610 2387 5665 18.
2466 5612 2508 5642 ⁸⁵
2539 5609 2696 5664 .loan.
2733 5628 2812 5675 Ill,
2838 5610 2892 5666 ﬁ.

430 5719 702 5778 ΡΑτιιοι..
746 5714 863 5779 Gn.
911 5718 1133 5780 XCIII.

2868 5722 2937 5785 41
