3800 6312
92 232 272 297 1297

1312 248 1779 311 FRAGMENTA
1818 252 1898 314 IN
1941 253 2298 314 PSALMOS.

3290 256 3427 322 i298

201 343 552 412 Ἀπόδειξις
610 349 786 420 σαφὴς
827 351 908 405 ὅτι
945 353 1066 424 χεὶρ
1125 353 1260 409 Θεοῦ
1304 354 1542 430 ὑπῆρχεν
1567 363 1625 429 ἐξ
1652 364 1725 416 Αί-

1924 362 2039 417 lloc
2090 363 2279 432 utique
2325 362 2676 418 manifestum
2729 373 2812 418 est
2867 375 3270 435 argumentum.
3331 369 3427 423 Dei

93 438 371 505 τύπτου
427 441 525 493 τὸν
575 441 794 514 Ἰσραὴλ
824 444 1121 515 ἐξάγουσα.
1169 450 1294 514 Πῶς
1326 452 1434 524 γὰρ
1466 455 1526 507 ἐν
1551 456 1744 510 τοσαύ-

97 547 258 594 ταις
308 534 587 604 μυριάσιν
643 535 822 602 οὐδεὶς
877 541 1125 596 ἀσθενεῖν
1154 545 1372 616 ἔμελλε,
1419 549 1520 603 καὶ
1570 550 1744 604 ταῦτα

99 624 344 688 κακῶς
416 627 597 680 αὐτῶν
653 633 993 702 πασχόντων,
1061 637 1153 689 καὶ
1206 639 1743 712 ταλαιπωρουμένων

97 721 242 782 τοῖς
273 719 481 790 ἔργοις
513 726 816 796 ὀσημέραι;
923 781 926 784 _

199 825 220 857 ι
270 809 591 884 Εὐφράνθη
620 815 894 883 Αἴγυπτος
930 819 987 870 ἐν
1019 822 1084 891 τῇ
1118 821 1304 892 ἐξόδῳ.
1346 844 1363 874 ι

193 988 519 1091 ’ξοδδ-αὐτην
585 994 680 1048 τοῦ
734 997 868 1051 Θεοῦ
922 1001 1232 1070 μεταϐολὴν
1283 1006 1577 1074 δεδωκότος
1629 1012 1744 1075 τοῖς

105 1083 509 1148 πράγμασιν,
541 1083 683 1140 ὥστε
713 1090 840 1153 τοὺς
872 1093 1138 1165 πρότερον
1167 1099 1302 1168 πρὸς
1329 1099 1450 1168 βίαν
1484 1103 1742 1173 κατέχον-

32 1415 36 1420 .
110 1380 240 1507 μεν
328 1367 791 1440 ὑπερμαχοῦντα,
853 1374 949 1428 τὸν
1001 1375 1136 1431 Θεὸν
1202 1381 1510 1450 φροντίζειν
1582 1385 1738 1452 ὀφεί-

133 1473 347 1507 .ου.εν-
1499 1493 1502 1498 -

32 1507 40 1514 ,
112 1473 347 1527 Αομεν.
1499 1493 1502 1498 -

207 1569 229 1600 ι
277 1551 567 1622 Ἵιιτησαν,
607 1558 701 1608 καὶ
733 1552 901 1627 ἦλθεν
925 1561 1323 1634 ὀρτυγομήτρα.
1360 1585 1380 1617 ι

203 1641 296 1695 Τὸ
329 1645 514 1713 μάννα
547 1647 696 1714 λέγει
741 1652 842 1721 οὐχ
888 1651 964 1715 ὼς
1003 1653 1060 1718 ἐξ
1117 1656 1284 1710 αὐτοῦ
1333 1657 1428 1710 τοῦ
1479 1660 1734 1729 οὺρανοῦ,

1854 467 2078 506 manum
2133 453 2302 506 fuisse
2348 468 2470 522 quae
2526 452 2783 508 lsraelem
2824 470 2890 509 ex
2923 453 3155 526 ,Λεωτριο
3215 457 3424 513 eduxit.

1853 541 2136 608 Quomodo
2175 544 2323 598 enim
2354 545 2498 598 inter
2531 553 2609 598 tot
2641 544 2807 599 millia
2861 560 3026 600 nemo
3071 554 3424 615 aegrotasset;

1855 633 2015 703 idque
2045 650 2169 689 cum
2221 635 2458 705 pessime
2496 636 2854 700 haberentur,
2907 643 2964 691 et
2991 635 3330 705 quotidianis
3358 637 3429 691 la-

1851 725 2076 784 boribus
2105 726 2493 797 aliligerentur.
2761 769 2765 772 -
3299 771 3310 790 κ

1921 817 2082 873 Vens.
2138 820 2228 874 '58.
2294 838 2311 869 ι
2373 819 2576 875 Laetata
2632 828 2716 874 est
2763 818 3048 891 ‘IEgyptus
3116 821 3173 873 in
3240 818 3427 889 profe-

1852 915 2051 970 ctione.
2087 935 2105 966 ι
2232 901 2241 906 ’

1921 1007 2033 1062 Deo
2052 1007 2314 1064 nimirum
2329 1017 2532 1064 tantam
2549 1024 2734 1064 rerum
2761 1007 3122 1065 mutationem
3143 1010 3422 1080 largiente,

1851 1110 1913 1155 ut
1943 1102 2037 1171 qui
2090 1103 2243 1171 prius
2290 1103 2438 1172 ipsos
2483 1103 2534 1156 vi
2583 1102 2924 1165 detinebant,
2976 1101 3326 1156 hortarentur
3371 1110 3427 1154 et

1724 1239 1736 1251 .
1849 1203 2116 1263 urgerent
2138 1194 2461 1249 discessum.
2488 1193 2832 1264 Quapropter
2867 1193 3212 1250 inimicorum
3240 1194 3322 1247 vis
3349 1194 3426 1249 nil

1713 1318 1739 1331 -ι
1848 1284 2008 1339 nobis
2029 1285 2266 1341 curanda
2295 1293 2402 1352 est,
2437 1286 2656 1355 quando
2695 1285 2868 1340 Deum
2920 1287 3186 1341 habemus
3229 1284 3424 1340 defen-

1849 1387 2028 1428 sorem
2037 1412 2052 1427 .

1920 1552 2084 1608 Vens.
2120 1552 2209 1607 40.
2253 1571 2270 1602 ι
2305 1553 2614 1618 Petierunt,
2641 1560 2694 1606 et
2724 1553 2877 1606 venit
2906 1550 3183 1606 coturnix.
3215 1569 3238 1602 ι

1918 1645 2286 1700 Manna-dicit
2317 1645 2466 1714 quod
2495 1659 2604 1701 non
2643 1657 2710 1698 ex
2755 1645 2992 1713 ipsomet
3027 1643 3197 1707 coelo,
3223 1640 3326 1701 sed.
3357 1658 3424 1697 ex

32 1765 38 1792 ε
77 1792 100 1804 ,
124 1735 269 1790 ἀλλ’
310 1739 386 1791 ἐκ
426 1739 521 1792 τοῦ
551 1741 693 1813 ὑπὲρ
739 1747 984 1814 κεφαλῆς
1021 1748 1184 1817 ἀέρος
1221 1749 1414 1821 (ὅνπερ
1441 1723 1673 1822 οὐρανὸν
1705 1755 1725 1806 ⁴Ι

1869 1748 1973 1788 iere
2013 1749 2180 1804 supra
2217 1742 2382 1803 caput
2421 1743 2670 1794 nostrum
2713 1735 3010 1789 exsistente
3049 1735 3231 1803 (quem
3273 1732 3421 1788 Scri-

122 1828 268 1882 θεία
297 1831 502 1903 Γραφὴ
522 1832 789 1900 πολλάκις
821 1840 1243 1911 προσαγορεύει)
1272 1845 1594 1914 φερόμενον,
1625 1845 1741 1916 ἅμα

32 1973 34 1978 ,
124 1919 195 1972 δὲ
227 1922 340 1973 καὶ
371 1923 448 1985 ὼς
472 1925 658 1978 εἰκόνα
679 1927 774 1980 τοῦ
805 1929 1061 1998 οὐρανίου
1086 1932 1253 2002 ἄρτου
1289 1934 1384 1986 τοῦ
1419 1934 1662 2000 δοθέντος
1683 1938 1741 1990 ὲν

32 2065 40 2073 _
128 2011 454 2080 μυστηρίῳ
482 2016 548 2083 τῇ
566 2014 866 2089 Ἐκκλησία
893 2019 1150 2090 φέροντα.

215 2118 240 2152 ε
283 2100 562 2174 Διὲρῤηξε
588 2105 830 2178 πέτραν,
865 2111 959 2162 καὶ
980 2111 1256 2182 ἐρρύησαν
1285 2113 1474 2169 ὕδατα.
1519 2135 1540 2167 ι

219 2282 352 2335 Οὐκ
379 2283 487 2353 ἄρα
516 2284 577 2336 τὸ
606 2285 853 2355 ὑπάρχον
898 2287 1046 2358 ὕδωρ
1088 2289 1147 2341 ἐν
1179 2293 1247 2361 τῇ
1282 2279 1458 2363 πέτρᾳ
1488 2293 1522 2360 ή
1556 2293 1738 2363 πληγὴ

129 2369 250 2438 τῆς
279 2369 485 2440 ῥάϐδου
517 2374 612 2424 καὶ
640 2375 672 2442 ή
701 2374 856 2442 ῥῆξις
879 2376 1163 2444 ἐπήγαγεν
1187 2391 1201 2405 ⁹
1232 2377 1369 2431 ἀλλὰ
1394 2381 1464 2432 τά
1487 2380 1582 2433 τοῦ
1603 2381 1738 2434 Θεοῦ

135 2460 604 2530 προστάγματα,
649 2465 745 2514 καὶ
795 2466 1029 2534 ῥαγῆναι
1081 2468 1182 2538 τὴν
1233 2467 1442 2539 πέτραν
1495 2471 1599 2524 ὑπὸ
1643 2476 1740 2544 τῆς

32 2613 42 2620 Α
139 2550 365 2620 ῥάϐδου
383 2591 397 2615 ,
419 2551 515 2604 καὶ
537 2551 680 2622 ὕδωρ
703 2553 890 2623 ῥεῦσαι
919 2556 948 2608 ὃ
972 2557 1237 2628 πρότερον
1268 2562 1368 2614 οὐκ
1396 2557 1466 2633 ἦν
1491 2563 1550 2616 ἐν
1577 2565 1735 2636 αὐτῇ,

32 2637 34 2642 .
139 2641 572 2711 παρεσκεύασε.
598 2645 766 2698 Τοῦτο
783 2647 888 2718 γὰρ
908 2651 935 2701 ὁ
955 2649 1247 2722 Προφήτης
1273 2654 1738 2724 μαρτυρούμενος,

157 2733 632 2799 Ἑπορεύθησαν
677 2736 746 2789 ὲν
795 2738 1080 2808 ἀνύδροις
1131 2744 1406 2812 ποταμοὶ,
1455 2745 1741 2816 ἐξεϐόησεν

35 2825 40 2830 ’
142 2824 348 2894 χάριν·
365 2824 451 2878 ἵνα
467 2825 564 2894 τῆς
589 2829 692 2896 γῆς
707 2829 919 2898 ἐκείνης
941 2833 1000 2882 τὸ
1019 2831 1178 2902 ξηρὸν
1196 2835 1425 2905 άνικμον
1441 2837 1537 2889 καὶ
1552 2838 1742 2905 ἄγονον

32 2921 35 2926 ’
143 2916 266 2968 τῶν
283 2917 496 2970 ὑδάτων
511 2919 992 2990 αίνίξηται.Ταῦτα
1007 2923 1067 2976 δὲ
1083 2925 1228 2988 τίνος
1243 2927 1740 3000 ἐθαυματουργεῖτο

1845 1833 2004 1894 ptura
2034 1826 2215 1880 divina
2253 1840 2400 1894 saepe
2433 1827 2631 1880 coelum
2667 1824 2924 1895 appellat)
2963 1824 3336 1889 deferebatur,
3366 1832 3422 1878 et

1844 1918 2005 1972 simul
2041 1919 2208 1973 etiam
2258 1917 2552 1988 imaginem
2600 1915 2872 1972 referebat
2911 1918 3069 1986 panis
3118 1918 3266 1972 illius
3306 1921 3420 1973 coe-

1844 2009 1996 2062 lestis
2024 2008 2116 2077 qui
2151 2006 2408 2063 Ecclesia:
2443 2007 2606 2061 datus
2635 2013 2719 2060 est
2753 2006 2805 2058 in
2843 2014 3206 2060 sacramento.

1916 2099 2078 2154 Vens.
2154 2099 2266 2159 4L
2323 2117 2342 2149 ι
2401 2098 2615 2166 Dirupit
2691 2105 2941 2166 petram,
3013 2103 3069 2149 et
3145 2095 3421 2150 ﬂuxerunt

1843 2207 2016 2262 aquae.
2067 2210 2088 2243 ι

1915 2283 2069 2337 Haud
2116 2282 2305 2351 utique
2346 2295 2539 2350 aquam
2586 2280 2640 2334 in
2687 2289 2840 2350 petra
2873 2280 3226 2334 exsisteutem
3256 2281 3420 2350 virga:

1843 2374 2126 2443 percussio
2164 2382 2215 2426 et
2249 2380 2417 2442 petra:
2462 2370 2656 2425 scissio
2704 2368 2986 2438 produxit;
3023 2369 3120 2423 sed
3164 2371 3419 2424 mandata

1845 2466 1938 2520 Dei
1986 2474 2094 2519 tam
2134 2475 2341 2534 petram
2380 2464 2554 2532 ipsam
2583 2477 2614 2515 a
2648 2461 2795 2532 virga
2839 2460 2995 2525 ﬁndi,
3027 2475 3189 2529 quam
3223 2475 3418 2529 aquam

1843 2559 1899 2611 in
1953 2557 2070 2626 ipsa
2123 2556 2272 2625 prius
2328 2555 2552 2609 minime
2605 2554 2956 2608 exsistentcm
3005 2552 3232 2608 ellluere
3269 2553 3416 2609 fecit.

1844 2647 1959 2703 lloc
1985 2649 2130 2702 enim
2158 2647 2431 2718 Propheta
2457 2656 2687 2702 testatus
2711 2643 3054 2708 exclamavit,
3076 2645 3420 2700 Transierunt

1844 2744 1898 2794 in
1925 2743 2073 2794 siccis
2108 2741 2331 2809 ﬂumina
2363 2757 2381 2794 :
2415 2749 2472 2794 ut
2503 2749 2655 2795 terra:
2690 2739 2835 2792 illius
2875 2737 3102 2792 ariditas
3123 2746 3178 2792 et
3202 2738 3420 2793 siccitas

1844 2832 2211 2901 stcrilitasque
2255 2845 2516 2900 aquarum
2551 2830 2892 2884 iunueretur.
2914 2826 3056 2882 .Haac
3090 2838 3271 2883 autem
3317 2830 3418 2883 mi-

1843 2926 2023 2979 racula
2059 2941 2155 2978 cur
2188 2925 2571 2996 contigerunt?
2611 2923 2872 2988 Quoniam
2911 2938 3110 2976 memor
3145 2923 3244 2992 fuit
3277 2921 3417 2974 verbi

148 3009 360 3079 χάριν;
405 3009 538 3063 Ὀτι
563 3011 834 3082 ἐμνήσθη
856 3015 961 3069 τοῦ
985 3017 1172 3086 λόγου
1202 3018 1307 3072 τοῦ
1329 3018 1502 3088 ἁγίου
1530 3021 1736 3076 αὐτοῦ.
1765 3053 1808 3111 c
1841 3015 2011 3069 εαηαί
2042 3016 2144 3070 δαί-

235 3121 256 3154 (
301 3101 370 3155 "0
384 3120 499 3166 πως
530 3104 595 3157 ἂν
626 3105 904 3174 φυλάξουσι
933 3107 1001 3161 τὰ
1022 3107 1388 3179 δικαιώματα.
1429 3129 1448 3162 ι

235 3193 352 3248 Καὶ
385 3195 489 3248 τὸν
517 3196 706 3265 νόμον
739 3198 928 3253 αὑτοῦ
968 3199 1366 3268 ἐκζητήσωσι,
1393 3203 1641 3274 δηλονότι
1681 3207 1741 3259 τὸ

153 3286 524 3355 Εὐαγγέλιον.
588 3288 654 3340 Τί
711 3290 818 3360 γὰρ
876 3291 1107 3360 ἔμελλον
1161 3295 1344 3364 ζητεῖν
1397 3297 1532 3368 ὅπερ
1589 3299 1740 3362 ἅπαξ

151 3377 346 3450 εἷχονς
397 3379 608 3433 Οὐκοῦν
645 3380 742 3452 τὴν
780 3381 1046 3453 διαθήκην
1072 3386 1290 3449 πάντως
1341 3391 1439 3458 τήν
1481 3389 1739 3459 δευτέραν

152 3473 484 3528 αἰνίττεται.

737 3567 1026 3622 ΨΑΛΜΟΣ
1051 3570 1172 3623 ΡΕ⁸.

238 3677 256 3708 ι
303 3655 412 3708 Καὶ
436 3657 719 3728 ὡδήγησεν
751 3660 952 3722 αὐτοὺς
979 3663 1036 3713 ἐν
1059 3660 1302 3731 ἀϐύσσῳ.
1337 3681 1354 3712 ι

229 3745 371 3798 Οὐδὲ
410 3745 518 3816 γὰρ
567 3746 679 3817 ἁφὴ
718 3749 818 3818 τῆς
852 3749 1089 3820 ῥάϐδου,
1135 3752 1271 3804 ἀλλὰ
1300 3752 1362 3805 τὸ
1409 3753 1738 3826 πρόσταγμα

155 3836 258 3888 τού
295 3835 430 3888 Θεοῦ
453 3839 647 3906 χέρσον
673 3839 846 3892 ἐποίει
878 3843 937 3893 τὸ
960 3841 1216 3910 πέλαγος.

239 3948 258 3978 ι
292 3929 401 3982 Καὶ
431 3928 636 3982 ἔσωσεν
665 3931 866 3996 αὐτοὺς
895 3932 959 3984 ἐκ
993 3933 1177 4005 χειρὸς
1205 3935 1528 4005 μισούντων.
1569 3957 1589 3989 ι

235 4106 313 4158 Οὐ
360 4106 536 4176 μάτην
591 4108 765 4162 ταῦτα
802 4109 976 4178 λέγει,
1028 4110 1127 4182 τὴν
1171 4111 1230 4164 δέ
1278 4113 1386 4166 τῶν
1466 4115 1736 4170 Ἰουδαίων

162 4199 491 4268 ἀχαριστίαν
537 4202 887 4272 τραγῳδήσαι
931 4203 1287 4274 βουλόμενος,
1345 4207 1426 4259 ὅτι
1479 4209 1736 4281 τοιαύτης

161 4291 486 4361 εὐεργεσίας
523 4292 912 4357 ἀπολαύοντες,
948 4294 1262 4366 ἀγνώμονες
1306 4298 1457 4368 ὅμως
1488 4303 1617 4371 περὶ
1644 4303 1736 4357 τὸν

1921 3106 2080 3162 Vens.
2114 3108 2203 3162 45.
2245 3126 2265 3160 ι
2312 3107 2382 3163 Ut
2409 3108 3189 3179 custodiantiustiﬁcationes.
3224 3123 3244 3156 ι

1916 3199 1983 3251 Et
2028 3200 2190 3269 legem
2241 3199 2354 3270 ejus
2405 3202 2716 3266 exquirant,
2773 3201 2986 3257 scilicet
3038 3195 3412 3268 Evangelium.

1841 3290 2111 3353 Quorsum
2153 3291 2297 3345 enim
2335 3303 2648 3362 quaererent
2683 3294 2734 3348 id
2765 3294 2910 3363 quod
2953 3292 3198 3346 absolute
3247 3289 3416 3344 habe-

1840 3379 2010 3432 bant?
2060 3380 2248 3449 ltaque
2292 3383 2519 3437 alterum
2567 3383 2795 3438 omnino
2841 3387 3226 3437 testamentum
3279 3378 3414 3432 insi-

1841 3478 1993 3522 nuat.

2389 3561 2708 3617 PSALMUS
2745 3561 2851 3616 CV.

1913 3652 2077 3709 Vens.
2121 3654 2174 3708 9.
2219 3674 2237 3706 ι
2281 3655 2347 3708 Εῑ
2376 3654 2600 3709 deduxit
2627 3669 2722 3710 eos
2753 3654 2808 3708 in
2837 3654 3054 3725 abysso.
3093 3671 3109 3704 ι

1909 3744 2032 3800 Non
2087 3748 2236 3800 enim
2289 3755 2526 3802 attactus
2577 3747 2764 3817 virgae,
2805 3745 2901 3800 sed
2956 3744 3269 3800 mandatum
3319 3743 3414 3801 Dei

1841 3837 2066 3906 pelagus
2093 3836 2296 3892 fecerat
2323 3848 2522 3892 terram
2558 3837 2836 3892 incultam.

1914 3929 2075 3985 Vens.
2131 3931 2216 3983 10.
2276 3948 2292 3980 ι
2351 3931 2414 3983 Et
2463 3930 2691 3984 salvavit
2745 3945 2838 3985 eos
2893 3931 2960 3986 de
3003 3945 3168 3985 manu
3223 3930 3416 3986 odien-

1841 4021 1997 4076 tium.
2041 4041 2060 4073 ι

1912 4113 2033 4168 Νοη
2075 4125 2281 4168 temere
2320 4113 2437 4166 haec
2481 4112 2632 4178 dicit,
2666 4113 2761 4168 sed
2797 4122 2854 4166 ut
2891 4112 3201 4168 Judaeorum
3237 4111 3418 4183 ingra-

1845 4206 2130 4261 titudinem
2181 4215 2555 4278 exaggeraret,
2587 4206 2733 4276 quod
2784 4215 2930 4260 tanta
2979 4204 3240 4261 beneﬁcia
3284 4220 3418 4260 con-

1842 4299 2047 4365 secuti,
2106 4307 2285 4353 tamen
2346 4313 2473 4370 erga
2533 4297 2938 4353 benefactorem
3002 4287 3160 4352 suum
3219 4296 3417 4367 ingrati

163 4377 467 4452 εὐεργέτην
492 4382 584 4436 τὸν
612 4384 816 4438 οἰκεῖον
840 4387 1118 4454 γεγόνασι,
1153 4388 1246 4441 τὸν
1276 4387 1426 4443 ὕδατι
1461 4391 1590 4456 τοὺς
1625 4393 1725 4448 θλί-

1869 4389 2181 4455 :xstiterint,
2235 4389 2327 4458 qui
2388 4389 2545 4459 aquis
2597 4389 2924 4459 sepeliverat
2973 4404 3069 4443 eos
3117 4389 3209 4458 qui
3269 4389 3417 4457 ipsos

164 4473 359 4536 δοντας
407 4474 606 4537 αὐτοὺς
649 4477 744 4528 καὶ
797 4477 926 4539 τοὺς
989 4476 1397 4550 ἐπηρεάζοντας
1444 4483 1739 4540 θάπτοντα.

170 4566 379 4632 Ὠσπερ
413 4568 664 4637 ἐπιφέρει
689 4584 703 4599 ’

244 4671 268 4706 ε
319 4653 634 4724 Ἐτάχυναν,
671 4657 1021 4716 ἐπελάθοντο.
1061 4679 1079 4712 ι

252 4744 520 4798 Ἀπίστων
547 4746 707 4800 τοῦτο
750 4749 848 4801 καὶ
882 4749 1161 4821 ὀλιγώρων
1206 4753 1370 4821 ἴδιον,
1408 4755 1484 4824 μὴ
1531 4756 1740 4829 ἀναμέ-

171 4851 282 4887 νειν
316 4834 413 4905 τὴν
443 4834 536 4888 τοῦ
576 4836 711 4888 Θεοῦ
743 4836 940 4906 βουλὴν
964 4877 979 4900 ,
1013 4840 1142 4892 ὃταν
1179 4842 1318 4909 μετὰ
1355 4844 1740 4916 μακροθυμίας

175 4924 518 4995 οἰκονομῆσαι
559 4926 767 4988 ἐκεῖνος
802 4927 1058 4998 βούληται
1092 4929 1330 4998 ἅπαντα,
1379 4935 1508 4988 ἀλλ’
1545 4938 1741 5007 ἀπογι-

179 5011 417 5079 νώσκειν,
449 5015 619 5085 λήθην
666 5017 941 5080 παθόντας
986 5019 1094 5072 τῶν
1142 5021 1438 5091 θαυμάτων
1484 5026 1592 5080 τῶν
1640 5029 1739 5099 ἐμ-

181 5107 426 5172 προσθεν.

251 5213 271 5247 ι
303 5197 411 5250 Καὶ
439 5198 790 5270 ἐπεθύμησαν
810 5201 1103 5272 ἐπιθυμίαν
1126 5205 1185 5258 ἐν
1205 5207 1270 5277 τῇ
1304 5207 1516 5279 ἐρήμῳ.
1550 5229 1568 5261 ι

245 5370 343 5423 Δύο
369 5371 475 5422 τῶν
517 5371 786 5426 Ἰουδαίων
818 5376 1054 5445 συνῆψεν
1077 5378 1452 5450 ἁμαρτήματα
1477 5400 1490 5414 ο
1518 5384 1576 5437 ἓν
1615 5388 1736 5452 μὲν,

177 5459 553 5548 ὅτιὴσαρκικὴν
598 5463 890 5534 ἐπιθυμίαν
937 5467 1249 5537 ἐπεθύμουν
1293 5473 1352 5524 ἐν
1384 5476 1452 5544 τῇ
1503 5476 1694 5548 ἐρήμῳ
1721 5520 1734 5544 ,

182 5554 234 5604 ἐν
313 5553 620 5621 φιλοσοφεῖν
655 5553 784 5620 ἔδει,
809 5556 904 5608 καὶ
933 5557 1042 5610 ἀπὸ
1064 5558 1244 5627 πάσης
1278 5562 1532 5632 τοιαύτης
1552 5547 1739 5620 ἐπιθυ-

188 5647 304 5714 μίας
345 5645 810 5718 ἐγκρατεύεσθαι·
857 5648 1103 5720 δεύτερον
1151 5653 1206 5704 δὲ
1235 5694 1248 5719 ,
1315 5654 1393 5707 ὅτι
1459 5656 1738 5717 δεηθέντες

1843 4478 2153 4549 aﬂligebant
2206 4495 2270 4534 ac
2322 4480 2668 4536 divexabant.
2719 4480 2874 4536 Unde
2919 4480 3102 4534 subdit
3141 4496 3156 4534 :
3196 4478 3416 4550 Operuit

1841 4586 1982 4638 aqua
2008 4569 2315 4623 tribulantes
2340 4586 2450 4631 eos.

1913 4673 2074 4728 Vens.
2109 4675 2196 4729 13.
2235 4694 2253 4726 ι
2290 4672 2733 4738 Festinaverunt,
2776 4674 2928 4729 obliti
2968 4682 3112 4727 sunt.
3153 4693 3172 4724 ›

1910 4763 2324 4819 lucredulorum
2355 4773 2411 4818 et
2438 4765 2828 4834 negligentium
2864 4765 2967 4818 hoc
2995 4771 3078 4817 est
3113 4763 3415 4832 proprium,

1841 4865 1904 4911 ut-
1927 4856 2152 4910 minime
2185 4863 2503 4924 exspectent
2539 4854 2635 4909 Dei
2667 4855 3016 4916 sententiam.
3047 4855 3265 4924 quando
3294 4837 3443 4909 cum-

1840 4946 2255 5017 longanimitate
2313 4954 2513 5001 cuncta
2561 4947 2881 5014 dispensare
2932 4945 3268 5010 decreverit,
3323 4947 3418 5001 sed

1843 5040 2155 5110 desperent,
2187 5037 2466 5109 praeterita
2509 5037 2770 5092 miracula
2818 5038 3078 5093 oblivioni
3121 5038 3413 5094 tradentes.

1915 5211 2074 5266 Vens.
2109 5212 2194 5266 ιι.
2231 5231 2250 5264 ι
2294 5213 2366 5265 Et
2399 5211 2795 5281 concupierunt
2826 5210 3323 5282 concupiscentiam
3355 5213 3411 5268 in

1843 5303 2080 5356 deserto.
2116 5322 2134 5352 ι

1913 5394 2029 5447 Duo
2055 5392 2373 5448 Iudaeorum
2398 5393 2928 5470 peccata-conjunxit
2956 5413 2969 5450 :
2995 5411 3166 5451 unum
3196 5396 3414 5466 quidem

1842 5485 1999 5554 quod.
2025 5486 2297 5544 carnalem
2345 5486 2845 5556 concupiscentiam
2888 5489 3305 5559 concupiverint
3355 5489 3414 5543 in

1844 5581 2079 5639 deserto,
2123 5578 2213 5631 ubi
2256 5576 2626 5646 philosophari
2674 5588 3025 5647 oportuerat,
3071 5591 3126 5636 et
3160 5582 3229 5635 ab
3263 5579 3411 5634 omni

1845 5667 2000 5721 simili
2030 5667 2469 5737 concupiscentia
2502 5669 2602 5723 sibi
2634 5678 2938 5726 temperare
2969 5689 2980 5727 :
3006 5672 3235 5728 alterum
3258 5684 3411 5740 vero,
