3800 6312
18 290 142 356 301

73 424 95 455 α
144 405 479 476 Εὐλογητὸς
515 403 719 476 Κύριος
743 405 772 460 6
795 402 930 468 Θεὸς
967 402 1205 477 Ἰσραήλ.
1245 425 1263 457 ι

74 495 293 566 Μέχρι
319 495 426 549 τῶν
451 494 692 550 ἐνταῦθα
716 494 818 565 τὴν
842 494 1115 566 τετάρτην
1149 495 1329 565 βίϐλον
1350 495 1458 548 τῶν
1480 495 1624 548 Ψαλ-

1192 294 1654 356 FRAGMENTA
1688 295 1771 357 IN
1811 297 2171 357 PSALMOS.

3172 290 3312 356 1302

1653 414 1702 470 Α
1764 409 1958 464 .Vsns.
2001 408 2092 463 48.
2132 428 2149 460 ι
2188 406 2518 464 Benedictus
2561 406 2826 460 Dominus
2868 403 3012 459 Deus
3055 403 3242 459 Israel.
3283 423 3304 457 δ

1799 500 1918 553 Huc
1958 514 2130 568 usque
2160 511 2416 569 quartum
2447 498 2786 554 Psalmorum
2817 497 3018 552 librum
3045 496 3311 552 deﬁniunt

15 585 137 638 ιῶν
193 585 480 657 Ἑϐραίων
507 584 699 650 παῖδες
732 585 1008 655 ὁρίζονται
1029 601 1042 614 ο
1079 587 1159 650 εἰς
1197 585 1359 640 πέντε
1397 587 1502 657 γὰρ
1528 586 1626 656 τὴν

1788 593 1944 648 εὶ)ιωί
1980 611 1991 647 :
2027 593 2081 647 in
2109 593 2353 663 quinque
2397 592 2544 647 enim
2589 591 2759 647 libros
2797 591 3108 646 universam
3151 589 3311 645 Davi-

15 678 106 732 :oﬁ
147 680 334 734 Δαϐὶδ
365 680 712 750 προφητείαν
737 679 1007 744 διελόντες
1043 680 1206 749 (καθά
1241 680 1626 750 καὶπρότερον

1791 699 1816 738 s
1861 684 2208 754 prophetiam
2259 683 2565 738 dividentes
2614 682 2716 754 (uti
2771 682 2926 754 prius
2971 680 3310 750 dicebamus)

17 770 301 841 ¹φαμεν),
353 771 586 824 ἕκαστον
617 769 856 842 ψαλμὸν,
903 764 946 838 ᾧ
975 771 1134 824 τοῦτο
1181 772 1332 834 τέλος
1366 771 1630 842 πρόσκει-

1731 775 2030 846 quemlibet
2073 775 2381 846 psalmum,
2433 776 2521 830 cui
2571 775 2695 831 ﬁnis
2743 784 2848 842 est,
2899 776 3090 846 Amen,
3136 791 3312 838 amen,

16 878 102 912 ςαι
162 862 393 930 Ἀμὴν,
445 861 630 931 ἀμὴν,
663 862 1058 933 συμπλήρωσιν
1093 859 1232 918 εἶναι
1273 864 1400 934 μιᾶς
1432 862 1621 932 βίϐλου

1788 869 1897 923 ιῑυε
1921 868 2046 922 libri
2077 867 2541 938 complementum
2569 881 2692 923 esse
2725 867 3081 923 arbitrantur.

17 952 378 1021 κομίζουσιν.

598 1045 898 1100 mmo}:
939 1045 1081 1112 Pq'.

98 1154 120 1186 ι
178 1134 541 1205 Ἀλληλούῖα.
582 1156 601 1190 ι

93 1225 541 1296 Παραπλησίως
560 1229 672 1291 τοῖς
702 1229 989 1298 προτέροις
1035 1229 1128 1280 καὶ
1154 1222 1311 1290 οὗτος
1338 1228 1639 1300 ἐπιγέγρα-

16 1332 212 1370 πται·
283 1318 382 1387 τῆς
431 1317 540 1388 γὰρ
572 1319 745 1388 αὐτῆς
796 1318 1107 1382 ὑποθέσεως
1150 1319 1352 1389 ἔχεται,
1408 1319 1638 1390 ἱστορῶν

16 1411 80 1461 ,ὲν
139 1409 327 1480 μέρει
358 1410 427 1462 τὰ
465 1410 733 1480 γενόμενα
761 1413 876 1474 τοῖς
907 1410 1187 1474 Ἰουδαίοις
1208 1410 1488 1482 θαύματα.

105 1517 125 1549 ι
167 1499 494 1564 Πεινῶντες
525 1501 619 1553 καὶ
647 1499 930 1570 διψῶντες.
968 1519 986 1551 ι

102 1589 308 1645 *Ὀταν
343 1592 452 1663 γὰρ
481 1591 630 1662 ψυχὴ
669 1590 882 1664 λιμὼξῃ
914 1591 1009 1644 καὶ
1041 1591 1245 1666 διψήσῃ
1287 1591 1456 1664 ἀκοὴν
1482 1591 1640 1661 λόγου

16 1682 132 1738 ,τοῦ
165 1681 345 1748 Θεοῦ,
365 1683 715 1747 διδασκαλίας
738 1684 837 1737 οὐκ
869 1683 1090 1754 ἔχουσα,
1125 1685 1442 1754 ἀναγκαίως
1471 1684 1646 1738 ἐκλεί-

2268 1042 2585 1099 PSALMUS
2624 1043 2757 1099 CVI.

1816 1152 1834 1185 ι
1874 1134 2124 1189 Alleluia.
2168 1152 2187 1184 ι

1814 1225 2020 1280 Eodem
2060 1226 2222 1280 modo
2247 1241 2356 1296 quo
2390 1225 2764 1295 praecedentes
2797 1227 2888 1280 hic
2925 1227 3090 1281 etiam
3122 1226 3318 1281 inscri-

1741 1325 1866 1385 ptus
1894 1325 1978 1371 est
2013 1335 2024 1369 :
2055 1315 2301 1385 ejusdem
2335 1316 2483 1370 enim
2523 1324 2607 1370 est
2635 1316 2966 1386 argumenti,
3003 1332 3127 1370 cum
3163 1331 3323 1370 enar-

1743 1419 1824 1463 ret
1850 1407 2113 1463 miracula
2145 1423 2266 1478 quae
2292 1407 2346 1462 in
2376 1415 2530 1478 parte
2556 1407 2758 1464 Iudaeis
2785 1409 3125 1464 acciderunt.

1807 1501 1970 1556 Vens.
2015 1501 2068 1556 5.
2105 1520 2123 1552 ι
2160 1501 2479 1555 Esurientes
2503 1510 2559 1556 et
2581 1501 2850 1558 sitientes.
2887 1521 2906 1555 ι

1816 1592 2047 1658 Quando
2084 1592 2233 1647 enim
2275 1592 2453 1647 anima
2499 1607 2759 1664 perpessa
2806 1595 2973 1650 fuerit
3011 1595 3209 1650 famem
3250 1593 3323 1648 si-

1747 1685 1952 1754 timque
1990 1684 2248 1738 audiendi
2295 1685 2521 1739 verbum
2559 1685 2678 1750 Dei,
2711 1701 2836 1742 cum
2872 1687 3175 1742 doctrinam
3210 1699 3322 1740 non

16 1792 134 1828 τπει
159 1774 270 1828 καὶ
294 1775 614 1830 ἐλαττοῦται
639 1793 653 1806 ο
678 1777 868 1848 ἐπειδὴ
898 1779 1074 1850 τροφὴ
1116 1778 1296 1852 ψυχῆς
1335 1781 1363 1833 ὁ
1395 1778 1496 1849 τῆς
1525 1779 1644 1832 Θεο-

1788 1777 1968 1842 abeat,
2005 1776 2316 1830 necessario
2355 1775 2538 1830 deﬁcit
2581 1787 2636 1832 et
2673 1787 3034 1842 extenuatur;
3077 1774 3322 1846 quando—

16 1866 308 1933 ςγνωσίας
337 1867 523 1936 ἄρτος.

123 2063 144 2096 ι
199 2036 837 2116 Ἐξομολογησάσθωσαν
871 2050 947 2120 τῷ
971 2050 1180 2121 Κυρίῳ.
1220 2069 1240 2102 ι

16 2123 18 2202 ί
132 2137 311 2207 Ἐλέη
349 2139 442 2192 καὶ
468 2137 749 2211 θαυμάσια
794 2140 888 2195 τοῦ
912 2143 1046 2196 Θεοῦ
1076 2143 1144 2196 τὰ
1178 2143 1345 2197 αὑτοῦ
1377 2144 1650 2214 προσηγό-

43 2231 450 2298 ρευσεν.⁸Ὀσα
494 2231 604 2302 γὰρ
633 2233 1182 2305 ὲθαυματούργησεν,
1230 2236 1330 2288 οὐκ
1373 2234 1650 2300 ἐνδείξεώς

38 2339 202 2384 τινος
232 2321 269 2392 ἦ
305 2323 613 2394 φιλοτιμίας
643 2327 964 2396 παρήγαγεν
1010 2326 1192 2390 ἕνεκα,
1226 2327 1408 2390 ὲλέους
1443 2327 1498 2381 δὲ
1517 2327 1652 2381 πᾶν·

16 2431 162 2480 ,τως
190 2415 299 2467 καὶ
323 2414 733 2485 φιλανθρωπίας
771 2416 934 2488 χάριν
962 2418 1058 2487 τὴν
1081 2417 1218 2487 πρὸς
1237 2418 1479 2482 ἐκείνους
1514 2419 1652 2488 ὑπὲρ

16 2502 127 2574 ,ὧν
166 2505 434 2576 ἐπράχθη
473 2508 569 2558 καὶ
598 2507 668 2559 τὰ
693 2507 967 2577 θαύματα.

131 2616 152 2648 ι
191 2598 325 2648 ”Οτι
351 2597 610 2668 ὲχόρτασε
641 2598 818 2670 ψυχὴν
845 2601 1028 2671 κενήν.
1062 2620 1079 2652 ι

16 2751 20 2758 _
129 2685 252 2737 Καὶ
289 2684 396 2755 μὴν
439 2686 537 2756 τὴν
565 2688 735 2759 αὐτὴν
769 2689 864 2742 καὶ
903 2691 1176 2746 πεινῶσαν
1221 2692 1412 2753 εἰπὼν,
1456 2689 1653 2754 ἔδειξεν

16 2773 135 2854 ζὼς
182 2777 509 2847 ἁμαρτωλοί
550 2797 693 2842 τινες
725 2776 869 2850 ἦσαν
933 2783 980 2834 οἱ
1021 2781 1399 2853 λιμώττοντες.
1432 2782 1505 2835 Τὸ
1545 2781 1654 2852 γὰρ

16 2865 19 2873 ’
54 2869 226 2920 κενὸν
265 2868 386 2920 ἀντὶ
414 2868 508 2922 τοῦ
545 2871 775 2939 ματαίου
809 2872 1204 2943 παρείληπται.

143 2981 164 3012 ε
215 2960 573 3014 Ἀντελάϐετο
606 2961 788 3016 αὐτῶν
811 2962 870 3028 ἐξ
894 2963 1014 3018 ὀδοῦ
1055 2965 1305 3036 ἀνομίας.
1348 2985 1367 3017 ι

150 3053 316 3107 ὐδὸν
336 3054 562 3124 ἀνομίας
592 3055 908 3125 ἀναγκαίως
943 3057 1341 3128 προσαγορεύει
1369 3058 1462 3113 τὸν
1485 3059 1654 3116 θςίινα⁶

60 3165 181 3201 τον.
253 3115 562 3217 Λίτία“γάρ
610 3146 688 3217 τῷ
709 3115 998 3219 ’θανάτωίί
1044 3115 1300 3220 παρακοὴ
1352 3151 1446 3204 τοῦ
1494 3153 1658 3224 νόμου
1686 3115 1729 3172 C

18 3313 20 3318 τ
62 3241 163 3294 τοῦ
209 3237 456 3303 δοθέντος
495 3240 553 3292 ὲν
589 3239 904 3311 παραδείσῳ
944 3241 1258 3310 γεγένηται.
1311 3241 1453 3296 Ἀλλ’
1511 3245 1661 3314 ὅμως

66 3329 317 3403 Χριστὸς
338 3332 485 3401 ἡμᾶς
518 3331 582 3383 ὲκ
610 3328 707 3383 τοῦ
733 3330 963 3386 θανάτου
997 3331 1344 3398 ἀντελάϐετο,
1370 3333 1536 3402 μέσον
1554 3335 1662 3386 τῶν

67 3422 294 3494 νεκρῶν
335 3424 367 3492 ἡ
403 3421 541 3492 ζωὴ,
565 3421 655 3477 ἵνα
679 3421 817 3493 λύσῃ
847 3421 942 3476 τοῦ
981 3423 1213 3480 θανάτου
1242 3424 1341 3495 τὴν
1370 3426 1663 3497 τυραννίδα

69 3515 391 3585 γενομένος.
1145 3511 1154 3528 ¹

154 3626 174 3659 ς
210 3605 332 3659 Πᾶν
357 3603 554 3675 βρῶμα
577 3601 898 3668 ὲὸδελύξατο
922 3605 957 3674 ἡ
989 3603 1160 3674 ψυχή.
1192 3623 1210 3656 ι

149 3784 366 3856 Βρῶμα
401 3783 501 3854 τὴν
530 3784 737 3855 τροφὴν
775 3781 1011 3838 ἐνταῦθα
1065 3783 1166 3853 τὴν
1201 3782 1428 3855 λογικὴν
1471 3785 1664 3854 νοήσο-

81 3893 205 3946 μεν·
241 3877 374 3946 περὶ
406 3871 473 3948 ἧς
502 3877 530 3927 6
556 3877 761 3948 Κύριος
786 3879 899 3940 τοῖς
928 3877 1253 3940 ἀποστόλοις
1275 3876 1463 3942 ἔλεγεν
1484 3893 1496 3906 °
1545 3877 1668 3944 ’Ep-

78 3969 335 4038 γάζεσθε
358 3969 445 4038 μὴ
481 3969 598 4037 τὴν
616 3967 854 4039 ,ϐρῶσιν
879 3969 991 4037 τὴν
1019 3967 1480 4037 ἀπολλυμένην,
1509 3967 1671 4020 ἀλλὰ

81 4063 200 4129 τὴν
218 4059 535 4130 μένουσαν
556 4063 642 4126 εις
675 4060 828 4128 ζωὴν
849 4061 1113 4115 αἰώνιον.
1145 4059 1362 4130 Ταύτης
1397 4061 1506 4112 πᾶν
1533 4055 1670 4123 εἶδος

80 4156 110 4205 6
165 4151 462 4220 ἄνθρωπος
507 4149 843 4234 essetam.
897 4151 1035 4204 Οὔτε
1083 4151 1194 4223 γὰρ
1235 4155 1464 4220 φυσικὸν
1508 4151 1672 4221 νόμον

83 4243 214 4295 οὔτε
246 4242 495 4309 γραπτὸν
542 4237 838 4310 ἐφύλαξαν,
868 4243 962 4296 κο.)⁵
983 4243 1073 4296 διὰ
1111 4241 1272 4294 τοῦτο
1297 4243 1536 4312 ῆγγισαν
1565 4243 1672 4308 ἕως

83 4336 198 4389 τῶν
229 4335 418 4388 πυλῶν
443 4335 535 4388 τοῦ
558 4333 812 4390 θανάτου.
844 4335 1019 4389 Πύλαι
1055 4336 1110 4389 δὲ
1137 4336 1368 4391 Θανάτου
1400 4339 1468 4393 τὰ
1495 4339 1674 4412 ἁμαρ-

1745 1868 1967 1939 quidem
2033 1861 2206 1923 cibus.
2257 1868 2454 1924 animae
2514 1869 2586 1923 sit
2649 1868 2806 1939 panis
2869 1869 3069 1925 divina:
3136 1867 3326 1939 cogni-

1749 1958 1934 2014 tionis.

1820 2049 1980 2103 Vsns.
2015 2048 2069 2103 8.
2115 2066 2134 2099 ι
2174 2047 2554 2104 Conﬁteantur
2589 2047 2836 2103 Domino.
2875 2067 2894 2099 ι

1823 2140 2220 2197 Misericordias
2261 2148 2318 2196 ct
2347 2141 2616 2196 mirabilia
2661 2140 2956 2212 appellavit
2979 2155 3041 2195 ea
3069 2154 3192 2209 quae
3232 2135 3324 2191 Dei

1751 2243 1896 2291 sunt.
1941 2234 2294 2303 Quaecunque
2337 2232 2483 2286 enim
2520 2231 2782 2285 miracula
2825 2230 3080 2300 patravit,
3115 2243 3225 2284 non
3257 2225 3327 2281 ad

1752 2326 2172 2384 ostentationem
2199 2332 2294 2379 aut
2315 2323 2498 2396 gloriae
2521 2322 2702 2378 studio
2731 2322 2962 2394 peregit,
2983 2321 3079 2377 sed
3105 2320 3329 2375 omnino

1754 2427 1974 2491 propter
2027 2416 2460 2473 misericordiam
2516 2424 2569 2470 et
2623 2414 3018 2486 benignitatem
3067 2428 3222 2468 suam
3274 2412 3328 2464 in

1754 2530 1850 2570 eos
1878 2530 1976 2584 pro
2007 2513 2204 2582 quibus
2236 2512 2353 2565 lucc
2378 2509 2641 2564 miracula
2671 2517 2882 2578 patrata
2913 2516 3059 2561 sunt.

1826 2601 1990 2656 Vsus.
2023 2603 2075 2656 9.
2115 2618 2132 2651 ι
2167 2597 2304 2664 Quia
2334 2597 2552 2653 satiavit
2582 2596 2818 2650 animam
2855 2595 3096 2648 inanem.
3131 2612 3150 2644 ι

1824 2688 2038 2743 Etenim
2075 2702 2199 2744 cum
2219 2685 2468 2741 eamdem
2502 2700 2719 2756 quoque
2750 2685 3082 2740 esurientem
3109 2681 3328 2748 dixerit,

1757 2781 1997 2837 ostendit
2043 2781 2320 2850 quomodo
2358 2787 2674 2850 peccatores
2713 2777 2880 2848 aliqui
2928 2777 3039 2832 sint
3077 2775 3330 2830 famelici.

1757 2869 1980 2925 lnanem
2010 2870 2156 2924 enim
2185 2884 2286 2939 pro
2313 2884 2454 2924 vano
2479 2867 2709 2938 accepit.

1829 2964 1991 3018 Vens.
2032 2963 2119 3016 l7.
2161 2981 2178 3014 ι
2211 2961 2464 3031 Suscepit
2493 2977 2587 3016 eos
2617 2960 2684 3016 de
2714 2960 2801 3014 via
2834 2958 3154 3029 iniquitatis.
3190 2977 3208 3010 ι

1832 3055 1988 3111 Viam
2046 3053 2350 3126 iniquitatis
2415 3052 2725 3107 necessario
2783 3052 3016 3122 appellat
3081 3056 3332 3104 mortem.

1761 3149 1937 3206 Causa
1972 3149 2117 3203 enim
2155 3147 2348 3203 mortis
2391 3145 2493 3200 fuit
2531 3142 2907 3216 praevaricatio
2938 3143 3071 3214 legis
3105 3142 3246 3196 data:
3281 3141 3334 3194 in

1764 3241 2034 3312 paradiso.
2058 3239 2444 3293 Verumtamen
2466 3237 2721 3292 Christus
2741 3251 2842 3290 nos
2864 3235 2931 3290 de
2958 3242 3131 3288 morte
3155 3248 3339 3287 susce-

1764 3334 1863 3404 pit,
1901 3333 2074 3388 l‘actus
2102 3332 2209 3386 vita
2244 3333 2298 3385 in
2333 3329 2512 3385 medio
2550 3339 2914 3394 mortuorum,
2945 3334 3004 3381 ut
3030 3326 3223 3380 mortis
3258 3333 3339 3397 ty-

1767 3425 2052 3479 rannidem
2085 3423 2424 3477 dissolveret.

1839 3605 2002 3658 Vens.
2072 3603 2156 3657 18.
2240 3621 2258 3652 ‹
2320 3597 2550 3653 Omnem
2625 3609 2807 3652 escam
2875 3592 3185 3648 abominata
3256 3601 3344 3647 est

1769 3696 1970 3752 anima.
2005 3714 2024 3746 ι

1843 3787 2036 3843 Escam
2075 3786 2177 3839 hoc
2214 3783 2336 3837 loco
2374 3779 2727 3849 intelligimus
2763 3777 2943 3832 cibum
2991 3775 3340 3840 rationalem;
3427 3814 3430 3816 .

1769 3883 1838 3938 de
1882 3895 1989 3950 qua
2031 3875 2296 3931 Dominus
2349 3871 2609 3941 apostolis
2653 3869 2791 3924 dixit
2833 3887 2845 3923 :
2883 3867 3190 3937 Operamini
3242 3881 3345 3918 non

1771 3973 1944 4029 cibum
1987 3970 2076 4041 qui
2120 3967 2286 4037 perit,
2334 3965 2423 4018 sed
2462 3963 2551 4034 qui
2597 3969 2868 4030 permanet
2910 3960 2964 4013 in
2993 3961 3158 4012 vitam
3187 3968 3346 4012 (vter-

1774 4079 1898 4119 nam
1930 4063 2002 4114 τ’.
2037 4061 2267 4114 Omnem
2310 4056 2474 4125 hujus
2515 4055 2752 4124 speciem
2788 4053 2952 4106 homo
2990 4048 3346 4105 abominaba-

1775 4165 1886 4211 tur.
1926 4154 2058 4209 Nam
2101 4165 2278 4221 neque
2315 4149 2489 4218 legem
2528 4145 2832 4200 naturalem
2873 4158 3049 4212 neque
3087 4140 3345 4209 scriptam

1775 4248 2221 4308 observaverant,
2251 4250 2308 4296 et
2336 4239 2540 4296 idcirco
2577 4237 3148 4308 appropinquaverant
3177 4247 3348 4303 usque

1777 4341 1843 4396 ad
1873 4348 2060 4410 portas
2087 4334 2299 4392 mortis.
2333 4333 2508 4388 Porta:
2537 4339 2721 4387 autem
2752 4329 2944 4385 mortis
2969 4337 3098 4384 sunt
3126 4335 3346 4398 peccata

87 4431 316 4499 τήματα
336 4423 416 4493 οἷς
439 4428 556 4482 δέον
579 4430 773 4494 αὐτοὺς
798 4428 1191 4500 μακρύνεσθαι.
1215 4430 1381 4484 Ὅσον
1409 4433 1520 4503 γὰρ
1538 4433 1640 4486 ταύ

1788 4449 1809 4486 a
1847 4430 2046 4501 quibus
2086 4431 2406 4496 oportuerat
2450 4437 2546 4477 eos
2582 4421 2843 4492 elongari.
2879 4419 3155 4485 Quantum
3200 4416 3348 4472 enim

89 4536 212 4582 ταις
245 4519 501 4588 ἤγγισαν,
533 4519 788 4571 τοσοῦτον
833 4519 1024 4588 πὸρῤω
1055 4518 1166 4571 τῶν
1198 4518 1380 4574 πυλῶν
1403 4522 1502 4590 τῆς
1529 4520 1674 4593 ζωῆς

92 4608 410 4675 ἀναγκαίως
457 4609 728 4676 ἐγένοντο.
765 4609 902 4662 Ἀλλ’
952 4611 980 4661 6
1029 4609 1269 4680 Χριστὸς
1325 4611 1522 4675 αὐτοὺς
1581 4614 1675 4666 καὶ

97 4700 321 4771 μακρὰν
363 4699 524 4762 ὄντας
585 4700 754 4768 ἐγγὺς
795 4700 884 4754 διὰ
919 4699 1014 4752 τοῦ
1060 4700 1291 4769 αἵματος
1328 4702 1426 4754 τοῦ
1467 4703 1672 4756 οἰκείου

98 4790 416 4860 πεποίηκεν.
1152 4813 1156 4816 ’

177 4903 194 4934 ι
232 4882 341 4935 Καὶ
373 4879 680 4951 ὲκέκραξαν
706 4879 843 4952 πρὸς
877 4881 1102 4953 Κύριον.
1141 4902 1160 4935 ι

173 4971 434 5042 Κραυγὴν
468 4972 498 5024 6
545 4970 679 5035 Θεὸς
729 4971 790 5025 οὐ
834 4972 932 5043 τὴν
975 4972 1064 5026 διὰ
1119 4971 1303 5041 φωνῆς
1351 4974 1672 5044 γενομένην,

107 5061 240 5113 ἀλλὰ
294 5061 392 5130 τὴν
439 5061 682 5115 διάθεσιν
728 5063 832 5132 τῆς
880 5062 1117 5126 διανοίας
1183 5061 1493 5130 λογίζεται·
1553 5065 1678 5118 ἐπεὶ

111 5152 204 5203 καὶ
253 5152 529 5215 Μωῦσέως
576 5153 890 5218 σιωπῶντος
953 5153 1139 5224 ἔλεγε,
1203 5154 1264 5209 Τί
1310 5153 1469 5222 βοᾷς
1524 5158 1676 5225 πρός

107 5257 182 5310 με
199 5254 220 5303 ;

187 5350 208 5385 ι
252 5332 563 5386 Ἀπέστειλε
591 5332 682 5386 τὸν
712 5334 886 5404 Λόγον
906 5335 1098 5389 αὑτοῦ.
1143 5355 1162 5387 ι

181 5424 246 5478 Τί
280 5423 472 5478 τούτου
520 5423 852 5496 σαφέστερον
885 5427 1022 5496 πρὸς
1054 5426 1278 5492 ἔνδειξιν
1308 5428 1406 5497 τῆς
1445 5427 1539 5482 τοῦ
1573 5429 1682 5482 Σω-

116 5519 274 5589 τῆρος
328 5515 697 5588 σαρκώσεως;
771 5519 1143 5573 ἀποσταλέντα
1193 5521 1302 5591 γὰρ
1359 5521 1533 5591 Λόγον
1588 5522 1679 5577 τὸν

191 5727 232 5760 ⁷³
258 5727 415 5786 Juan.
448 5749 519 5790 γι,
559 5726 648 5782 27.
726 5726 770 5759 ⁷³
808 5727 979 5783 Exod.
1005 5743 1113 5797 xxv,
1148 5728 1230 5783 15.

1782 4524 1868 4580 his
1924 4519 2525 4591 appropinquaverunt,
2563 4514 2901 4569 tantumdem
2950 4511 3265 4568 necessario
3320 4525 3349 4563 a

1782 4590 2110 4688 portisvitae
2138 4612 2297 4682 longe
2330 4610 2458 4665 facti
2493 4617 2639 4664 sunt.
2682 4607 2883 4662 Verum
2915 4607 3166 4662 Christus
3205 4605 3354 4673 ipsos

1781 4711 1947 4765 etiam
1978 4709 2258 4776 elongatos
2298 4719 2396 4774 per
2445 4699 2768 4771 sanguinem
2817 4713 2975 4753 suum
3017 4697 3352 4767 propinquos

1785 4801 2038 4859 reddidit.
2861 4793 2888 4811 ⁸

1858 4893 2022 4948 Vsus.
2057 4890 2145 4946 l9.
2185 4909 2203 4942 ι
2238 4887 2306 4944 Et
2333 4887 2708 4943 clamaverunt
2733 4884 2800 4940 ad
2826 4883 3139 4939 Dominum.
3171 4901 3189 4933 ι

1859 4985 2002 5040 Deus
2047 4982 2279 5038 aestimat
2317 4980 2614 5035 clamorem
2649 4992 2759 5031 non
2797 4975 2888 5046 qui
2922 4989 3021 5045 per
3049 4973 3219 5037 vocis,
3261 4969 3355 5026 sed

1789 5092 1885 5146 per
1908 5073 2107 5128 mentis
2121 5072 2374 5127 aﬂectum
2398 5068 2689 5133 emittitur;
2716 5065 3150 5137 quandoquidem
3178 5063 3356 5134 Moyse

1783 5167 1948 5222 etiam
1974 5164 2167 5219 silente
2195 5161 2424 5217 dixerit:
2457 5158 2594 5225 Quid
2619 5159 2821 5214 clamas
2847 5159 2917 5212 ad
2943 5175 3022 5212 me
3043 5157 3130 5210 7’?

1853 5340 2014 5394 Vsus.
2049 5338 2139 5393 20.
2177 5336 2378 5398 (Misit
2411 5333 2648 5389 Verbum
2682 5347 2862 5387 suum.
2900 5350 2918 5382 ι

1853 5430 1992 5496 Quid
2032 5430 2138 5484 hoc
2171 5426 2516 5483 manifestius
2545 5425 2611 5480 ad
2646 5420 3124 5479 demonstrandam
3167 5416 3356 5474 Salva-

1785 5523 1915 5580 toris
1959 5518 2430 5578 incarnationem?
2477 5515 2702 5574 Missum
2740 5514 2886 5572 enim
2925 5509 3178 5583 intelligit
3221 5507 3356 5564 Ver—
