3800 6312
43 308 162 372 305

1208 317 1669 378 FRAGMENTA
1712 318 1794 378 IN
1836 321 2191 385 PSALMOS.

3194 330 3333 397 1306

43 424 146 488 οὺς
205 425 651 499 πειραζομένους
701 426 878 495 οἰκεία
935 427 1034 497 μὲν
1092 429 1321 500 δυνάμει
1370 432 1444 502 μὴ
1491 433 1625 502 θαρο

1790 442 2015 492 utantur
2067 440 2305 510 proprite
2353 442 2575 512 quidem
2626 445 2814 501 virtuti
2861 446 3089 503 minime
3141 448 3332 518 ﬁdere,

46 515 177 581 εἰν,
219 515 369 588 μόνῃ
410 514 468 570 δὲ
513 519 583 588 τῇ
625 516 764 588 πρὸς
812 517 906 571 τὸν
941 517 1074 573 Θεὸν
1124 522 1455 592 πεποιθήσει
1501 524 1632 596 χρῆ·

46 606 171 663 Οαι.

90 720 112 752 ε
145 701 271 756 Καὶ
302 702 717 776 εὐφράνθησαν,
751 704 833 758 ὅτι
863 703 1164 774 ἡσύχασαν.
1206 726 1223 758 ι

98 791 353 863 Ἐπειδὴ
403 793 465 847 τὸ
514 793 902 862 εὐαγγελικδν,
935 794 1190 866 καθάπερ
1239 794 1469 866 ἔφημεν,
1520 797 1636 869 ᾐνί-

43 900 152 936 ατο
184 885 496 957 κήρυγμα,
555 886 876 954 ἀναγκαίως
929 885 1259 957 Ἐκκλησίας
1294 887 1538 960 ᾐνίξατο,
1572 890 1636 943 οὐ

44 976 203 1042 ναοῦ,
238 979 463 1048 μήποτε
514 978 674 1052 δόξῃς
695 980 793 1049 τὴν
818 978 1149 1051 Συναγωγὴν
1172 980 1450 1049 λέγεσθαι,
1472 980 1638 1036 λαῶν

43 1067 67 1118 ὲ
114 1066 241 1121 τῶν
299 1068 479 1122 ὲθνῶν
534 1068 980 1139 ἐμνημόνευσεν·
1029 1070 1088 1123 ἐν
1125 1064 1207 1133 οἷς
1254 1072 1350 1124 καὶ
1397 1070 1636 1141 καθέδρα

43 1159 465 1233 ερεσϐυτέρων,
487 1160 786 1217 αἰνούντων
812 1161 904 1214 τὸν
930 1161 1063 1217 Θεὸν
1085 1164 1202 1225 ταῖς
1230 1162 1636 1226 διδασκαλικαῖς

50 1251 323 1315 λῶσσαις
343 1267 360 1282 ⁸
398 1253 528 1322 περὶ
556 1245 630 1308 ὧν
660 1252 876 1315 Παῦλος
902 1252 1115 1320 ἔλεγεν·
1141 1257 1204 1307 Οἱ
1245 1255 1637 1323 πρεσϐύτεροι

43 1340 265 1410 ἰπλιῆς
295 1342 477 1413 τιμῆς
505 1343 933 1398 ἀίῖιούσθωσαν
954 1358 967 1373 ·
1000 1344 1273 1412 μάλιστα
1300 1347 1355 1398 οἱ
1385 1344 1637 1399 κοπιῶνο

44 1452 124 1500 ἐς
161 1435 242 1487 ἐν
266 1436 435 1505 λόγῳ
465 1435 565 1489 καὶ
599 1434 983 1502 διδασκαλίᾳ.

100 1544 121 1577 ι
165 1525 382 1580 Ἔθετο
412 1528 693 1598 ποταμοὺς
716 1529 794 1590 είς
825 1526 1055 1598 ἔρημον.
1102 1546 1122 1579 ο

92 1619 222 1690 Τὴν
258 1619 398 1690 παρ’
427 1618 685 1687 ’Ἓλλησιν
712 1617 947 1673 ὶνταῦθα
981 1618 1174 1688 σοφίαν
1203 1619 1442 1691 ᾐνίξατο.
1481 1618 1639 1690 Ἑζή-

43 1730 163 1765 .ουν
203 1711 325 1783 γὰρ
367 1712 646 1782 ποταμοὺς
690 1710 777 1763 διὰ
813 1710 910 1779 τὴν
944 1710 1174 1782 ῥέουσαν
1204 1711 1451 1778 γλῶτταν
1485 1712 1637 1781 φιλό-

1733 528 1828 583 sed
1861 529 1973 583 sola
2006 530 2100 587 Dei
2135 531 2334 587 ﬁducia
2366 533 2490 587 niti.

1806 706 1966 763 Vens.
2000 709 2090 764 50.
2124 730 2142 762 ι
2178 713 2246 766 Ει
2268 714 2436 768 laetati
2466 724 2616 780 sunt,
2642 715 2768 784 quia
2799 708 3098 774 silu'erunt.
3136 738 3154 770 ι

1805 799 2283 874 Quandoquidem,
2322 807 2406 860 uti
2447 808 2787 872 dicebamus,
2832 811 3149 881 evangelica
3191 826 3333 880 prae-

1737 894 1936 949 dicatio
1967 895 2144 952 fuerat
2174 898 2475 967 insinuata,
2506 902 2822 957 necessario
2860 903 3024 957 etiam
3062 904 3336 959 Eeclesias

1738 988 1939 1054 innuit,
1984 1006 2096 1044 non
2144 992 2348 1061 populi,
2386 1009 2457 1048 ne
2497 993 2641 1049 forte
2677 1004 2837 1065 putes
2880 993 3216 1066 Synagogam
3250 996 3336 1049 in-

1738 1077 1932 1150 telligi,
1967 1079 2063 1133 sed
2104 1082 2441 1150 populorum,
2475 1084 2528 1138 id
2569 1094 2652 1139 est
2692 1084 2960 1153 gentium,
2998 1085 3332 1140 mentionem

1739 1165 1911 1222 fecit:
1948 1169 2002 1223 in
2039 1171 2241 1240 quibus
2277 1172 2443 1228 etiam
2480 1184 2565 1233 est
2599 1176 2858 1231 cathedra
2899 1177 3201 1242 seniorum,
3236 1177 3337 1230 lin-

1739 1260 1859 1331 guis
1913 1261 2311 1320 doctrinalibus
2357 1267 2698 1322 laudantium
2747 1269 2917 1323 Deum
2964 1288 2977 1322 :
3019 1271 3087 1324 de
3134 1270 3334 1339 quibus

1739 1352 1941 1409 Paulus
1968 1356 2044 1409 ait
2074 1373 2087 1409 :
2120 1356 2418 1426 Presbyteri
2447 1360 2644 1426 duplici
2685 1361 2880 1413 honore
2927 1362 3074 1431 digni
3110 1361 3335 1415 habean-

1741 1453 1859 1511 tur;
1894 1447 2127 1500 maxime
2150 1449 2240 1519 qui
2265 1448 2514 1502 laborant
2544 1451 2599 1502 in
2627 1450 2780 1503 uerbo
2806 1460 2854 1504 et
2883 1452 3125 1505 doctrina
3157 1454 3223 1506 "°.

1814 1532 1972 1589 Vens.
1999 1536 2089 1591 55.
2121 1560 2138 1589 ι
2169 1535 2361 1591 Posuit
2392 1537 2617 1593 ﬁumina
2650 1539 2705 1593 in
2738 1540 3041 1594 desertum.
3079 1560 3098 1592 ι

1810 1621 2121 1679 Graecorum
2189 1626 2282 1681 hic
2345 1626 2529 1682 innuit
2596 1628 2943 1698 sapientiam.
3008 1630 3328 1702 Philosophi

1741 1712 1887 1766 enim
1912 1713 2284 1783 SOphistaeque
2307 1730 2371 1768 ac
2397 1716 2648 1770 rhetores
2675 1718 2745 1771 ob
2770 1718 2968 1789 linguae
2996 1718 3329 1775 allluentiam

43 1776 232 1873 τοφοι,⁷
255 1776 357 1857 καὶ
387 1776 657 1872 σοφισταὶ,
693 1804 787 1855 καὶ
834 1776 1060 1873 ellum;
1082 1818 1096 1833 ο
1133 1776 1250 1856 ἀλλ’
1275 1803 1481 1875 ἔρημον
1498 1776 1633 1858 -τού-

1790 1804 1934 1858 avios
1971 1805 2374 1859 aemulabantur
2407 1824 2420 1860 :
2461 1808 2556 1862 sed
2599 1808 2844 1878 ipsorum
2885 1812 3235 1866 mendacium
3264 1829 3332 1869 ac

43 1912 144 1958 ας
195 1894 437 1963 ἐλέγξας
490 1893 670 1947 αὐτῶν
722 1893 1001 1963 τὸψεῦδος
1055 1896 1148 1948 καὶ
1213 1896 1629 1966 πεπλασμένον,

49 1988 190 2040 θετο
217 1988 321 2040 καὶ
345 1987 445 2049 τὰς
473 1985 736 2053 διεξόδους
765 1985 874 2039 τῶν
909 1986 1083 2054 λόγων
1130 1986 1376 2056 (τούτους
1404 1987 1513 2057 γὰρ
1547 1989 1636 2041 διὰ

43 2078 128 2149 τὴν
187 2077 384 2147 βιαίαν
432 2076 611 2147 ὁρμὴν
676 2076 1125 2147 προσηγόρευσεν
1186 2075 1379 2145 ὕδατα)
1441 2078 1522 2140 εἰς
1560 2078 1638 2131 δί-

43 2171 162 2237 tiam.
247 2166 574 2239 Ἀκυρώσας
642 2167 751 2238 γὰρ
821 2165 1000 2220 αὐτῶν
1053 2166 1154 2237 τὴν
1205 2166 1401 2237 χρῆσιν
1465 2183 1636 2237 μετα-

43 2263 339 2331 ἱέϐληκεν.

105 2374 126 2406 ι
161 2355 287 2424 Τῆν
316 2352 664 2425 καρποφόρον
698 2353 775 2414 είς
807 2351 1005 2421 ἆλμην.
1037 2370 1055 2401 ι

98 2444 294 2498 Τοῦτο
336 2443 524 2512 σαφῶς
564 2444 645 2505 εἰς
672 2442 770 2513 τὴν
830 2443 1093 2497 Ἰουδαίαν
1145 2444 1248 2515 γῆν
1288 2446 1637 2518 καρποφόρον

43 2537 343 2607 γινομένην
368 2537 457 2587 διὰ
480 2536 604 2597 τοὺς
637 2532 696 2599 ἐξ
744 2535 913 2605 αὐτῆς
955 2537 1244 2607 προφήτας
1276 2539 1370 2590 καὶ
1396 2538 1524 2601 τοὺς
1560 2536 1639 2591 διᾲ

43 2628 242 2690 ιαίους
279 2625 519 2696 εἴρηται,
561 2626 682 2695 ἥτις
723 2626 803 2688 είς
838 2625 1019 2696 ἅλμην
1060 2627 1169 2681 ἀπὸ
1210 2628 1409 2691 κακίας
1435 2627 1545 2682 τῶν
1579 2631 1638 2684 ὲν

43 2722 180 2790 ιὺτῇ
209 2716 615 2771 κατοικούντων
638 2717 1024 2788 Γραμματέων
1059 2721 1152 2771 καὶ
1178 2720 1513 2790 Φαρισαίων,
1541 2722 1638 2774 καὶ

43 2812 273 2865 πάντων
337 2809 444 2862 τῶν
512 2808 898 2878 ἀσεϐησάντων
957 2810 1037 2872 είς
1100 2810 1336 2880 Χριστὸν
1401 2813 1639 2879 μεταϐέ-

43 2904 266 2973 Ξληται.
313 2899 512 2954 Οὐκέτι
557 2900 667 2972 γὰρ
714 2901 774 2953 ἐν
830 2900 1015 2964 αὐτοῖς
1063 2902 1262 2972 ἱερεὺς,
1315 2902 1378 2955 οὐ
1424 2905 1640 2974 προφή-

43 3012 136 3064 της
159 3010 175 3023 ο
218 2992 341 3045 ἀλλ’
367 2991 489 3046 οὐδὲ
515 2992 726 3062 καρπὸς
759 2991 945 3062 ἔτερος
971 2991 1072 3061 τῆς
1101 2992 1336 3062 ἀρχαίας
1361 2991 1638 3057 πολιτείας

43 3085 392 3155 εὑρίσκεται.

113 3195 133 3227 ι
178 3173 386 3229 Ἐθετο
422 3173 630 3246 ἔρημον
660 3176 738 3239 εἰς
765 3175 963 3242 λίμνας
1004 3175 1235 3231 ὑδάτων.
1272 3196 1292 3228 ι

107 3354 306 3410 Εἰπὼν
340 3356 439 3409 ὅσα
458 3358 570 3419 τοῖς
591 3355 838 3419 ἀπίστοις
862 3355 1139 3426 Ἕλλησιν,
1166 3357 1248 3409 ἔτι
1280 3356 1346 3429 δὴ
1378 3356 1470 3410 καὶ
1512 3356 1639 3410 Ἰου-

43 3449 214 3511 Ξαίοις
245 3446 441 3517 ἔμελλε
467 3447 786 3517 συμϐαίνειν
823 3448 1044 3517 (ἕϐλεπε
1076 3450 1186 3519 γὰρ
1227 3448 1366 3501 αὐτὰ
1394 3451 1505 3511 τοῖς
1537 3449 1637 3517 ἀφ’

43 3538 278 3609 θαλμοῖς
300 3538 393 3592 τοῦ
436 3537 791 3609 πνεύματος),
850 3541 960 3594 ἰδοὺ
986 3540 1081 3593 νῦν
1112 3542 1178 3595 τὰ
1222 3541 1351 3611 περὶ
1382 3541 1483 3610 τῆς
1517 3541 1639 3594 Ἑκ-

43 3631 281 3702 κλησίας
319 3630 627 3701 συμφώνως
664 3631 742 3703 τῷ
782 3631 981 3705 Ἡσαΐᾳ
1015 3631 1291 3687 ἐκτίθεται
1319 3650 1334 3664 ο
1368 3635 1503 3703 φησι
1529 3634 1637 3705 γὰρ

43 3725 324 3785 κάκεῖνοςο
346 3722 524 3789 Θήσω
552 3723 667 3790 τὴν
688 3722 915 3794 ἔρημον
942 3727 1030 3791 εις
1046 3724 1179 3791 ἕλη,
1210 3724 1307 3777 καὶ
1324 3723 1438 3792 τὴν
1452 3722 1638 3792 διψῶ-

43 3833 169 3871 σαν
212 3814 337 3885 γῆν
362 3818 449 3882 εἰς
475 3816 879 3888 ὑδραγωγούς.
907 3809 1081 3880 Οὗτος
1112 3817 1171 3870 δὲ
1199 3817 1397 3888 λίμνην
1432 3815 1640 3870 ὑδάτων

43 3907 142 3971 τὰς
176 3906 571 3979 κολυμϐήθρας
620 3908 812 3979 ἐνόησε
846 3909 939 3963 τοῦ
990 3909 1370 3981 βαπτίσματος
1395 3927 1410 3942 ·
1450 3909 1640 3979 ὥσπερ

43 3997 220 4060 αὑτὰς
264 4000 359 4052 καὶ
408 3999 661 4067 Σολομῶν
712 4000 769 4051 ὲν
798 4000 911 4062 τοῖς
970 4000 1271 4072 ’ᾼσμασιν,
1326 4000 1492 4069 ἡνίκα
1548 3998 1640 4051 τὸν

43 4091 288 4163 Χριστὸν
315 4091 452 4162 πρὸς
482 4091 580 4161 τὴν
616 4091 810 4144 ἑαυτοῦ
843 4091 1063 4162 νύμφην
1092 4093 1357 4163 εἰσήγαγε
1379 4092 1477 4163 τὴν
1515 4093 1638 4144 Ἕκα

43 4184 284 4255 κλησίαν
314 4185 579 4253 λέγονται
608 4187 673 4238 Ol
697 4187 994 4254 ὀφθαλμοί
1031 4202 1147 4240 σου
1192 4187 1273 4252 ὡς
1321 4187 1529 4255 λίμναι
1569 4189 1639 4242 ἐν

51 4277 332 4333 Ἔσεϐῶν
352 4276 423 4330 ἐν
450 4277 675 4343 πύλαις
714 4276 1007 4347 θυγατρὸς
1044 4277 1293 4331 πολλῶν
1314 4296 1326 4311 ·
1366 4278 1640 4349 θυγατέρα

43 4369 265 4423 πολλῶν
293 4369 393 4440 τὴν
441 4352 770 4440 Ἐκκλησίαν
791 4367 1084 4439 νενοηκῶς⁸
1109 4370 1170 4423 οὐ
1198 4369 1303 4441 γὰρ
1325 4370 1502 4440 μόνων
1527 4370 1638 4425 τῶν

1739 1894 2016 1950 ﬁctionem
2063 1911 2298 1966 arguens
2344 1897 2625 1952 desertum
2680 1899 2787 1954 illis
2832 1902 3018 1969 posuit
3061 1911 3118 1957 et
3153 1903 3332 1958 exitus

1739 2001 2051 2041 sermonum
2097 1987 2223 2058 (hos
2266 1989 2414 2043 enim
2467 1999 2694 2060 propter
2734 1993 3118 2048 vehementem
3156 1996 3331 2065 impe-

1742 2086 1854 2130 tum
1885 2092 2056 2146 aquas
2095 2079 2413 2150 appellavit)
2445 2080 2500 2134 in
2538 2080 2707 2134 sitim.
2739 2081 2964 2137 Illorum
2998 2083 3144 2138 enim
3169 2101 3329 2140 usum

1739 2169 2011 2242 abrogans
2039 2170 2368 2226 immutavit.

1703 2403 1707 2407 .
1811 2349 1974 2407 Vens.
2006 2351 2097 2406 54.
2134 2370 2153 2404 ι
2184 2351 2411 2407 Terram
2453 2352 2787 2408 fructiferam
2824 2354 2881 2408 in
2916 2353 3269 2425 salsuginem.
3304 2371 3323 2406 ι
3394 2360 3403 2368 ·

1808 2437 1926 2495 Hoc
1978 2442 2271 2512 perspicue
2326 2443 2535 2498 dictum
2583 2452 2669 2498 est
2727 2443 2783 2496 in
2837 2451 3036 2498 terram
3088 2444 3328 2499 Judaeum

1738 2531 2080 2589 lructiferam
2145 2545 2373 2605 propter
2424 2537 2726 2606 prophetas
2778 2543 2835 2590 et
2877 2536 3059 2604 justos
3111 2552 3177 2589 ex
3239 2535 3330 2588 illa

1739 2623 2022 2692 oriundos,
2052 2625 2259 2695 quae'in
2282 2625 2616 2697 salsuginem
2646 2632 2981 2679 commutata
3012 2632 3095 2679 est
3127 2640 3154 2677 a
3174 2624 3331 2677 mali-

1738 2714 1812 2769 tia
1863 2715 2294 2771 inhabitantium
2346 2717 2402 2770 in
2442 2731 2505 2771 ea
2550 2716 2868 2771 Scribarum
2912 2730 2977 2769 ac
3022 2714 3332 2770 Phariszeo-

1740 2820 1885 2872 rum,
1920 2814 1978 2861 et
2017 2809 2265 2862 omnium
2315 2822 2444 2878 erga
2498 2807 2776 2862 Christum
2829 2806 3149 2875 impiorum.
3203 2806 3325 2860 Non

1738 2898 1975 2968 amplius
2007 2899 2158 2954 enim
2205 2900 2258 2954 in
2298 2899 2404 2954 illis
2440 2900 2717 2964 sacerdos,
2751 2914 2862 2953 non
2893 2899 3198 2968 propheta;
3235 2900 3330 2953 scd

1738 3004 1918 3060 neque
1946 2990 2163 3046 fructus
2193 2991 2333 3045 alius
2355 2991 2596 3060 antiquae
2625 2989 2941 3060 reipublicae
2966 2987 3260 3059 reperitur.

1810 3174 1976 3231 Vens.
2035 3176 2124 3230 55.
2166 3194 2185 3226 ι
2226 3175 2416 3231 Posuit
2480 3175 2758 3229 desertum
2810 3174 2866 3227 in
2930 3184 3122 3246 stagna
3160 3187 3329 3243 aqua-

1740 3285 1883 3323 rum.
1921 3288 1940 3321 )
2000 3282 2001 3285 “

1807 3359 1946 3415 Cum
1974 3360 2205 3415 dixisset
2231 3360 2321 3415 illa
2349 3375 2471 3429 qua:
2502 3357 2799 3413 incredulis
2827 3358 3082 3427 gentibus
3113 3368 3169 3413 et
3204 3375 3327 3428 qua:

1740 3450 1965 3517 insuper
2000 3440 2203 3503 Iudaeis
2247 3458 2512 3504 eventura
2547 3458 2705 3503 erant
2738 3449 2850 3517 (illa
2882 3450 3028 3502 enim
3067 3450 3331 3519 spiritali-

1739 3541 1841 3595 bus
1862 3542 2035 3594 oculis
2079 3541 2396 3609 cernebat),
2433 3554 2563 3594 ecce
2601 3554 2752 3592 nunc
2786 3554 2849 3593 ea
2879 3555 3000 3608 quae
3043 3543 3109 3595 ad
3149 3540 3334 3596 Eccle-

1740 3634 1879 3688 siam
1936 3633 2217 3704 pertinent
2275 3631 2634 3687 conformiter
2693 3647 2820 3686 eum
2881 3631 3020 3687 lsaia
3072 3635 3330 3703 exponit;

1742 3742 1868 3782 nam
1896 3734 1953 3781 et
1979 3726 2069 3781 ille
2100 3727 2180 3781 ait
2216 3744 2230 3783 :
2273 3725 2479 3780 Portam
2517 3731 2781 3779 desertum
2821 3724 2875 3778 in
2911 3725 3151 3795 paludes,
3178 3735 3226 3780 et
3258 3727 3331 3780 si-

1742 3820 1953 3873 tientem
1979 3828 2178 3872 terram
2203 3819 2259 3871 in
2284 3819 2627 3889 aqua'ductus
2646 3818 2713 3870 ⁸⁰.
2742 3816 2843 3872 llic
2867 3826 3051 3872 autem
3082 3827 3333 3888 stagnum

1742 3926 2008 3980 aquarum
2052 3910 2233 3964 fontes
2270 3910 2618 3980 baptismatis
2655 3909 2772 3964 sive
2809 3909 3128 3979 baptisteria
3171 3909 3334 3962 intel-

1741 4004 1907 4071 lexit;
1960 4012 2125 4074 prout
2170 4005 2337 4059 etiam
2387 4002 2647 4058 Salomon
2698 4004 2753 4058 in
2799 4003 3075 4069 Canticis,
3117 4004 3335 4073 quando

1741 4097 2022 4152 Christum
2072 4097 2140 4151 ad
2193 4111 2450 4166 sponsam
2495 4111 2650 4150 suam
2686 4094 2987 4150 Ecclesium
3032 4096 3336 4150 introduxit

1743 4190 2015 4246 dicentem
2051 4207 2066 4244 :
2105 4188 2259 4243 Oculi
2299 4189 2376 4241 tui
2421 4197 2677 4257 tanquam
2709 4198 2901 4259 stagna
2940 4188 2994 4241 in
3027 4187 3232 4242 Esebon
3280 4188 3336 4240 in

1742 4283 1909 4353 portis
1932 4280 2062 4350 filia:
2085 4280 2378 4334 multarunt
2402 4279 2484 4346 3';
2518 4278 2683 4333 ﬁliam
2715 4279 3011 4334 multorum
3034 4279 3334 4333 Ecclesiam

1743 4375 2056 4445 intelligens
2100 4390 2114 4428 :
2167 4372 2436 4443 siquidem
2488 4388 2599 4427 non
2647 4372 2886 4427 solorum
2940 4370 3334 4440 apostolorum,

43 4462 389 4526 ἀποστόλων,
436 4460 570 4515 ἀλλὰ
609 4461 702 4515 καὶ
752 4460 1052 4532 προφητῶν
1084 4460 1335 4532 θυγάτηρ
1395 4462 1635 4531 ἐγένετο.

1790 4469 1840 4524 3d
1886 4468 2051 4522 etiam
2104 4467 2499 4537 prophetarum
2547 4463 2655 4518 ﬁlia
2710 4462 2937 4518 exstitit.
2978 4460 3176 4516 Verum
3224 4478 3335 4515 non

43 4559 164 4611 Οὐκ
207 4554 277 4628 ἦν
317 4559 373 4610 δὲ
410 4559 470 4610 ὲν
514 4557 652 4629 αὐτῇ
710 4558 980 4629 πρότερον
1020 4557 1195 4625 Λόγος
1243 4557 1400 4624 Θεοῦ,
1450 4557 1547 4612 νῦν
1581 4560 1638 4612 δὲ

44 4649 306 4704 τοσοῦτον
351 4650 573 4702 πλουτεῖ
592 4666 606 4680 ’
638 4648 780 4704 ὥστε
813 4652 890 4713 εἰς
914 4652 1095 4704 πᾶσαν
1120 4650 1291 4719 αὐτῆς
1326 4649 1426 4718 τὴν
1459 4650 1641 4702 οἰκου-

52 4742 230 4814 μένην
252 4740 550 4796 διαϐαίνειν
575 4740 642 4793 τὰ
665 4741 926 4810 δόγματα·
959 4744 1018 4796 ὲν
1050 4735 1131 4804 οἷς
1164 4739 1499 4810 φυτευθῆναι
1536 4757 1641 4810 μα-

52 4836 269 4905 κάριον.
305 4833 473 4887 Ξύλον
493 4833 602 4905 γάρ
629 4850 683 4887 τι
718 4833 1035 4904 εὑρίσκεται
1067 4834 1127 4886 ὲν
1170 4834 1350 4903 καιρῷ
1382 4833 1474 4886 τὸν
1507 4850 1640 4904 καρ-

54 4926 159 4978 πὸν
197 4926 406 4992 ποιοῦν,
434 4925 527 4979 καὶ
553 4927 763 4997 μήποτε
799 4926 862 4978 τὸ
886 4926 1083 4993 φύλλον
1113 4924 1446 4987 ἀποϐάλλον,
1474 4924 1550 4988 ὡς
1581 4927 1638 4978 ἐν

56 5015 166 5076 τοῖς
190 5016 496 5087 προοιμίοις
517 5016 627 5069 τῶν
654 5015 903 5086 Ψαλμῶν
934 5016 1376 5086 ἀναγέγραπται.

139 5123 159 5156 ι
193 5106 305 5159 Καὶ
333 5108 737 5179 συνεστήσαντο
768 5106 955 5170 πόλεις
988 5106 1367 5169 κατοικεσίας.
1402 5126 1421 5157 ι

134 5279 211 5333 Οὐ
245 5281 421 5347 πόλιν,
456 5283 591 5336 ἀλλὰ
626 5284 834 5348 πόλεις.
880 5281 1184 5353 Διαφόρους
1221 5282 1331 5353 γὰρ
1360 5283 1638 5348 πολιτείας

61 5372 91 5426 ὁ
112 5370 176 5437 ἐξ
209 5372 378 5427 ἐθνῶν
402 5372 530 5436 λαὸς
556 5371 690 5443 ἔχει,
732 5375 790 5427 ὲν
823 5371 912 5437 αἷς
940 5373 1216 5428 κατοικίαι
1260 5373 1371 5426 τῶν
1403 5375 1637 5444 ἀρετῶν,

66 5463 274 5528 αἵτινες
318 5465 410 5519 τὸν
460 5462 663 5520 ἔσωθεν
706 5464 863 5535 ἡμῶν
894 5466 1184 5537 ἄνθρωπον
1231 5465 1515 5533 σκέπουσι,
1546 5467 1642 5520 κέ-

67 5573 287 5627 κτηται.

141 5736 229 5794 "l
264 5736 402 5794 'Iim.
427 5754 481 5802 γ,
514 5735 601 5789 17.
680 5733 723 5766 ⁸ο
754 5731 856 5787 Isa.
885 5733 1101 5800 th,18.
1177 5734 1217 5767 ⁸⁸
1245 5700 1399 5789 Cant.
1432 5750 1532 5824 τυ.
1565 5737 1618 5792 4.

1748 4568 1865 4615 erat
1891 4561 1947 4613 in
1975 4574 2038 4614 ea
2064 4560 2220 4628 prius
2249 4557 2488 4612 Verbum
2518 4555 2635 4624 Dei,
2670 4557 2765 4612 sed
2804 4570 2952 4610 nunc
2993 4553 3124 4609 illud
3160 4553 3335 4623 possi-

1748 4652 1876 4716 det;
1912 4652 1984 4705 ita
2022 4659 2082 4705 ut
2113 4665 2331 4704 omnem
2377 4660 2645 4704 terrarum
2691 4648 2881 4703 orbem
2929 4646 3047 4714 ejus
3082 4646 3334 4714 degmata

1748 4749 2074 4812 penetrem;
2123 4741 2177 4793 in
2221 4740 2418 4808 quibus
2465 4739 2776 4793 institutum
2812 4750 2932 4790 esse
2970 4735 3191 4788 beatum
3229 4742 3333 4786 est.

1750 4833 1895 4888 Talis
1932 4831 2080 4886 enim
2118 4831 2390 4900 reperitur
2427 4828 2634 4897 lignum
2668 4827 2813 4895 quod
2844 4827 2899 4878 in
2934 4832 3179 4893 tempore
3220 4822 3336 4876 fru-

1746 4933 1895 4980 ctum
1944 4923 2093 4987 facit,
2130 4931 2185 4975 et
2218 4920 2306 4975 cui
2341 4933 2622 4988 nunquam
2670 4917 2862 4971 lolium
2907 4915 3133 4981 decidit,
3178 4923 3238 4969 ut
3280 4915 3335 4969 in

1749 5015 2032 5088 principiis
2062 5014 2402 5069 Psalmorum
2435 5010 2703 5079 scriptum
2734 5017 2839 5064 est.

1818 5108 1982 5164 Vens.
2034 5108 2122 5162 '56.
2176 5127 2196 5160 ι
2245 5107 2313 5162 Et
2365 5103 2772 5160 constituerunt
2817 5102 3066 5158 civitates
3118 5100 3332 5158 habita-

1748 5199 1935 5254 tionis.
1975 5217 1994 5250 ι

1817 5287 1936 5344 Νοη
1968 5288 2268 5353 civitatem,
2305 5287 2400 5342 sed
2435 5286 2704 5342 civitates.
2735 5286 2987 5339 Diversas
3025 5283 3171 5337 enim
3214 5297 3330 5337 res-

1748 5381 1994 5450 publieas
2021 5379 2187 5434 habet
2206 5378 2441 5449 populus
2462 5392 2526 5431 ex
2552 5377 2825 5448 gentibus,
2850 5375 2907 5428 in
2928 5373 3125 5444 quibus
3151 5373 3325 5443 possi-

1752 5471 1846 5526 det
1876 5471 2136 5526 virtutum
2172 5469 2555 5536 habitationes,
2587 5484 2705 5540 quae
2734 5465 3051 5522 interiorem
3082 5473 3351 5521 nostrum.

1753 5563 2030 5620 hominem
2066 5571 2372 5635 protegunt.
