3800 6312
150 286 314 350 1297

1323 291 1790 353 FRAGMENTA
1830 293 1910 354 IN
1952 292 2310 354 PSALMOS.

3303 290 3440 356 1298

259 395 565 462 Ἀπόδειξις
622 397 798 469 σαφὴς
838 399 921 453 ὅτι
957 399 1079 470 χεὶρ
1137 399 1272 454 Θεοῦ
1317 399 1554 474 ὑπῆρχεν
1579 405 1638 472 ἐξ
1664 407 1760 458 Αί-

1935 403 2051 458 lloc
2101 403 2291 471 utique
2337 400 2688 456 maniiestum
2741 409 2824 454 est
2879 409 3283 470 argumentum.
3345 402 3440 456 Dei

150 491 388 558 γύπτου
440 490 538 543 τὸν
588 491 807 562 Ἰσραὴλ
837 491 1134 562 ἐξάγουσα.
1182 494 1307 558 Πῶς
1339 497 1446 567 γὰρ
1479 499 1538 550 ἐν
1563 499 1757 553 τοσαύ-

151 600 302 647 ταις
341 584 600 654 μυριάσιν
656 584 836 650 οὐδεὶς
890 588 1138 642 ἀσθενεῖν
1167 590 1386 661 ἔμελλε,
1433 593 1534 646 καὶ
1584 593 1758 647 ταῦτα

154 676 368 740 κακῶς
429 676 611 730 αὐτῶν
667 682 1006 751 πασχόντων,
1075 684 1167 735 καὶ
1221 683 1758 755 ταλαιπωρουμένων

149 774 288 834 τοῖς
313 770 495 842 ἔργοις
528 775 832 844 ὀσημέραι;
937 829 948 832 _

255 879 272 909 ι
311 861 606 933 Εὐφράνθη
635 864 909 932 Αἴγυπτος
946 867 1002 918 ἐν
1035 869 1100 938 τῇ
1133 867 1320 938 ἐξόδῳ.
1361 889 1379 919 ι

248 1040 534 1112 Τοσαύτην
600 1043 696 1097 τοῦ
751 1045 885 1100 Θεοῦ
939 1047 1246 1116 μεταϐολὴν
1299 1051 1593 1117 δεδωκότος
1645 1055 1760 1117 τοῖς

157 1130 525 1198 πράγμασιν,
557 1133 699 1189 ὥστε
730 1137 856 1201 τοὺς
889 1140 1155 1210 πρότερον
1183 1143 1318 1213 πρὸς
1346 1144 1467 1212 βίαν
1500 1146 1759 1215 κατέχονε-

153 1240 277 1287 τας
331 1227 551 1292 αὐτοὺς,
603 1233 944 1300 παρακαλεῖν
978 1236 1192 1306 ἀπᾶραι
1239 1239 1332 1292 καὶ
1386 1241 1754 1310 κατεπείγειν.

159 1313 380 1388 Διόπερ
425 1318 579 1374 οὐδὲν
624 1320 722 1390 τῆς
769 1322 1050 1394 δυνάμεως
1076 1326 1184 1379 τῶν
1216 1327 1429 1397 ἐχθρῶν
1457 1329 1584 1383 ὅταν
1618 1329 1758 1400 Exur-

167 1432 288 1484 μεν
358 1418 834 1490 ὑπερμαχοῦντα,¹
872 1421 968 1475 τὸν
1021 1421 1154 1478 Θεὸν
1221 1425 1529 1494 φροντίζειν
1601 1427 1756 1494 ὀφεί-

161 1507 374 1578 λομεν.
1392 1543 1396 1548 -
1515 1533 1523 1552 .-

260 1619 278 1651 ι
317 1602 588 1672 νῌτησαν,
629 1606 722 1657 καὶ
753 1600 921 1676 ἦλθεν
945 1607 1344 1679 ὀρτυγομήτρα.
1381 1629 1400 1661 ι

256 1692 330 1745 Τὸ
358 1695 534 1763 μάννα
569 1696 718 1764 λέγει
762 1699 862 1768 οὐχ
909 1698 984 1762 ὡς
1024 1699 1082 1764 ἐξ
1138 1700 1305 1754 αὑτοῦ
1354 1700 1450 1754 τοῦ
1501 1703 1754 1772 οῦρανοῦ,

1867 508 2091 546 manum
2146 492 2314 546 fuisse
2360 505 2482 560 quae
2537 489 2796 545 lsraelem
2837 506 2903 544 ex
2937 488 3169 560 IEgypto
3228 491 3437 546 eduxit.
3529 495 3531 497 ’

1866 582 2150 649 Quomodo
2189 583 2336 637 enim
2366 583 2511 636 inter
2544 590 2622 636 tot
2654 580 2820 635 millia
2875 595 3038 634 nemo
3085 588 3438 650 aegrotasset;

1869 674 2029 744 idque
2059 690 2183 729 cum
2234 673 2471 744 pessime
2509 674 2868 736 haberentur,
2921 679 2978 726 et
3005 670 3443 740 quotidianisla—

1866 766 2091 822 boribus
2119 765 2507 836 aﬂligerentur.
2775 802 2779 808 ι
3315 805 3322 819 .

1935 859 2096 913 Vens.
2153 859 2242 912 58.
2309 877 2326 907 ι
2387 857 2591 913 Laatata
2647 865 2730 911 est
2777 853 3062 926 'Egyptus
3132 855 3189 908 in
3257 851 3443 924 profe-

1867 956 2120 1010 cﬁone.»

1937 1048 2048 1102 Deo
2068 1046 2330 1102 nimirum
2345 1055 2548 1102 tantam
2565 1060 2750 1101 rerum
2777 1042 3138 1099 mutationem
3160 1043 3438 1114 largiente,
3530 1038 3532 1040 ’

1867 1151 1930 1196 ut
1961 1141 2054 1211 qui
2107 1142 2259 1210 prius
2307 1141 2453 1210 ipsos
2499 1141 2551 1194 vi
2599 1138 2940 1200 detinebant,
2992 1135 3343 1191 hortarentur
3389 1143 3444 1188 et

1867 1243 2134 1304 urgerent
2155 1233 2478 1287 discessum.
2505 1230 2849 1300 Quapropter
2884 1228 3229 1286 inimicorum
3257 1227 3338 1281 vis
3367 1227 3443 1282 nil

1866 1324 2026 1380 nobis
2047 1323 2286 1380 curanda
2315 1331 2420 1390 est,
2454 1323 2673 1392 quando
2713 1321 2884 1376 Deum
2937 1322 3203 1376 habemus
3247 1318 3441 1375 deferte

1868 1428 2070 1469 sorem.

1940 1593 2104 1647 Vens.
2140 1591 2229 1646 40.
2272 1610 2290 1641 ι
2324 1591 2634 1656 Petierunt,
2660 1597 2714 1643 et
2743 1589 2896 1643 venit
2925 1585 3202 1642 coturnix.
3235 1603 3256 1636 ι

1938 1684 2306 1740 Manna-dicit
2337 1683 2486 1752 quod
2515 1696 2624 1739 non
2663 1695 2730 1736 ex
2775 1681 3012 1750 ipsemet
3049 1677 3216 1741 coelo,
3243 1672 3346 1736 sed.
3376 1691 3442 1730 ex

125 1843 148 1856 κ
172 1785 309 1841 ἀλλ’
341 1789 408 1840 ἐκ
447 1789 542 1842 τοῦ
573 1791 714 1862 ὑπὲρ
761 1765 1008 1860 κεφαλῆς
1043 1793 1206 1863 ἀέρος
1242 1765 1694 1865 (ὅνπερ-οὐρανὸν

1896 1789 1993 1830 ere
2035 1790 2201 1844 supra
2238 1782 2403 1843 caput
2441 1781 2691 1832 nostrum
2734 1771 3030 1826 exsistente
3069 1769 3252 1838 (quem
3293 1765 3441 1821 Scri-

167 1879 306 1932 Οεία
331 1881 523 1952 Γραφὴ
543 1881 811 1948 πολλάκις
843 1886 1265 1957 προσαγορεύει)
1295 1888 1616 1958 φερόμενον,
1646 1887 1762 1958 ἅμα

169 1969 242 2022 δὲ
270 1972 366 2023 καὶ
394 1972 469 2034 ὡς
493 1974 679 2027 εἰκόνα
701 1975 796 2028 τοῦ
827 1977 1083 2046 οὐρανίου
1108 1978 1276 2048 ἄρτου
1313 1979 1407 2030 τοῦ
1441 1977 1684 2043 δοθέντος
1705 1981 1763 2034 ἐν

170 2060 475 2131 μυστηρίῳ
503 2065 569 2132 τῇ
588 2063 888 2136 Ἐκκλησία
915 2066 1173 2136 φέροντα.

259 2169 280 2202 ι
319 2150 586 2223 Διέρρηξε
611 2152 854 2225 πέτραν,
887 2158 982 2210 καὶ
1003 2157 1280 2228 ἐρρύησαν
1307 2158 1498 2213 ὕδατα.
1543 2179 1564 2211 ι

262 2332 378 2386 Οὐκ
404 2332 512 2402 ἄρα
541 2332 602 2384 τὸ
631 2333 878 2403 ὑπάρχον
923 2335 1069 2404 ὕδωρ
1112 2335 1172 2388 ἐν
1203 2339 1271 2408 τῇ
1306 2324 1482 2408 πέτρᾳ
1513 2338 1546 2404 ἡ
1580 2337 1763 2407 πληγὴ

171 2420 290 2489 τῆς
315 2419 511 2490 ῥάϐδου
542 2422 638 2472 καὶ
666 2423 698 2489 ὴ
717 2421 882 2489 -ρῆξις
905 2423 1188 2492 ἐπήγαγεν
1212 2437 1226 2452 ⁸
1257 2424 1393 2478 ἀλλὰ
1418 2427 1489 2478 τὰ
1511 2425 1605 2477 τοῦ
1628 2425 1763 2478 Θεοῦ

176 2509 631 2580 προστάγματα,
675 2512 770 2562 καὶ
822 2513 1056 2580 ῥαγῆναι
1107 2514 1207 2584 τὴν
1258 2513 1467 2584 πέτραν
1520 2515 1625 2568 ὑπὸ
1668 2520 1766 2587 τῆς

181 2600 392 2671 ῥάϐδου
409 2640 424 2665 ,
445 2600 541 2653 καὶ
563 2599 706 2671 ὕδωρ
730 2600 917 2670 ῥεῦσαι
947 2602 974 2654 ὃ
999 2603 1264 2673 πρότερον
1295 2607 1395 2659 οὑκ
1423 2602 1492 2677 ἦν
1517 2607 1576 2660 ἐν
1604 2609 1762 2678 αὐτῇ,

179 2691 600 2761 παρεσκεύασε.
625 2692 794 2746 Τοῦτο
810 2694 915 2764 γὰρ
936 2697 963 2747 ὁ
982 2695 1274 2767 Προφήτης
1301 2697 1765 2768 μαρτυρούμενος,

196 2783 660 2850 Ἐπορεύθησαν
705 2784 774 2836 ἐν
823 2784 1108 2853 ἀνύδροις
1160 2788 1434 2856 ποταμοὶ,
1483 2788 1768 2859 ἐξεϐόησεν

181 2875 375 2944 χάριν·
392 2874 480 2927 ἴνα
496 2874 593 2942 τῆς
617 2877 720 2944 γῆς
735 2875 947 2944 ἐκείνης
969 2879 1029 2928 τὸ
1047 2875 1207 2946 ξηρὸν
1225 2877 1454 2948 ἄνικμον
1470 2879 1566 2932 καὶ
1581 2880 1770 2947 ἄγονον

182 2985 210 3018 τ
221 2967 302 3018 ὧν
317 2967 525 3020 ὑδάτων
540 2967 1021 3038 αἰνίξηται.Ταῦτα
1037 2969 1096 3021 δὲ
1112 2970 1257 3032 τίνος
1273 2970 1770 3042 ὲθαυματουργεῖτο

186 3059 389 3153 χάρινς
435 3058 567 3112 Ὅτι
593 3059 863 3129 ἐμνήσθη
886 3061 990 3115 τοῦ
1014 3062 1202 3131 λόγου
1232 3061 1337 3115 τοῦ
1359 3060 1532 3131 ἁγίου
1560 3063 1766 3118 αὑτοῦ.
1795 3094 1838 3153 C

274 3170 292 3203 ι
332 3151 528 3215 Ὅπως
560 3153 624 3206 ἂν
656 3153 932 3221 φυλάξωσι
963 3153 1031 3207 τὰ
1051 3151 1419 3224 δικαιώματα.
1461 3171 1478 3204 ι

273 3243 382 3297 Καὶ
414 3245 519 3298 τὸν
546 3245 736 3314 νόμον
769 3244 958 3300 αὑτοῦ
998 3245 1396 3314 ἐκζητήσωσι,
1424 3246 1672 3317 δηλονότι
1711 3248 1772 3301 τὸ

189 3336 554 3405 Εὐαγγέλιον.
619 3336 684 3389 Τί
741 3337 848 3407 γὰρ
913 3337 1137 3406 ἔμελλον
1191 3339 1375 3409 ζητεῖν
1427 3340 1563 3410 ὅπερ
1621 3341 1772 3404 ἅπαξ

187 3427 377 3500 εἷχον;
428 3427 639 3482 Οὐκοῦν
676 3428 772 3500 τὴν
810 3428 1077 3499 διαθήκην
1103 3431 1321 3494 πάντως
1373 3434 1470 3501 τὴν
1513 3432 1770 3502 δευτέραν

189 3524 516 3579 αἰνίττεται.

767 3614 1057 3668 ΨΑΛΜΟΣ
1082 3615 1204 3667 PE'.

275 3726 293 3758 ι
334 3705 445 3759 Καὶ
469 3705 751 3777 ὡδήγησεν
783 3707 984 3769 αὐτοὺς
1011 3709 1068 3758 ἐν
1091 3705 1334 3776 ἀϐύσσῳ.
1369 3725 1387 3756 ι

268 3795 404 3848 Οὑδέ
443 3794 551 3865 γὰρ
600 3793 712 3864 ἁφὴ
751 3795 850 3864 τῆς
885 3795 1083 3866 ῥάϐδου
1106 3834 1121 3859 ,
1168 3796 1304 3849 ἀλλὰ
1333 3796 1395 3848 τὸ
1442 3797 1771 3868 πρόσταγμα

191 3885 295 3938 τοῦ
329 3885 464 3938 Θεοῦ
486 3886 680 3955 χέρσον
706 3886 879 3938 ἐποίει
911 3888 971 3938 τὸ
993 3885 1250 3954 πέλαγος.

277 3997 295 4028 ι
327 3978 436 4032 Καὶ
465 3977 670 4031 ἔσωσεν
699 3977 899 4042 αὐτοὺς
929 3978 992 4030 ἐκ
1027 3979 1210 4050 χειρὸς
1239 3979 1562 4049 μισούντων.
1605 3999 1624 4031 ι

273 4157 348 4209 Ού
395 4157 571 4226 μάτην
625 4156 798 4210 ταῦτα
835 4156 1009 4226 λέγει,
1063 4156 1162 4228 τὴν
1206 4157 1265 4210 δὲ
1313 4157 1422 4212 τῶν
1501 4157 1771 4212 Ἰουδαίων

198 4249 526 4320 ἀχαριστίαν
572 4250 922 4321 τραγῳδῆσαι
965 4250 1322 4321 βουλόμενος,
1380 4253 1462 4304 ὅτι
1515 4252 1772 4323 τοιαύτης

197 4342 522 4411 εὐεργεσίας
559 4341 946 4406 ἀπολαύοντες,
984 4342 1297 4413 ἀγνώμονες
1341 4345 1493 4413 ὅμως
1524 4345 1652 4415 περὶ
1679 4345 1771 4399 τὸν

1866 1875 2026 1935 ptura
2055 1866 2236 1920 divina
2275 1879 2422 1934 saepe
2454 1865 2652 1919 uelum
2688 1860 2946 1932 appellat)
2983 1859 3356 1922 deferebatur,
3387 1865 3442 1910 et

1866 1960 2027 2014 simul
2063 1960 2229 2014 etiam
2280 1957 2574 2027 imaginem
2621 1953 2892 2010 referebat
2932 1954 3091 2022 panis
3139 1952 3288 2006 illius
3327 1954 3441 2007 coe-

1866 2050 2018 2104 lestis
2046 2049 2139 2118 qui
2173 2047 2430 2103 Ecclesiae
2465 2045 2627 2100 datus
2657 2051 2741 2098 est
2773 2043 2828 2096 in
2865 2049 3228 2096 sacramento.

1939 2141 2101 2196 Vens.
2177 2139 2289 2199 4-1..
2346 2157 2364 2189 ι
2424 2137 2637 2206 Dirupit
2712 2143 2962 2204 petram,
3035 2139 3090 2186 et
3166 2130 3444 2185 ﬂuxerunt

1867 2249 2040 2304 aqua}.
2091 2251 2111 2284 ι

1939 2323 2093 2379 Haud
2139 2322 2328 2392 utique
2371 2335 2562 2390 aquam
2609 2319 2663 2372 in
2709 2326 2864 2387 petra
2896 2316 3249 2372 exsistentem
3279 2316 3443 2385 virga:

1868 2415 2150 2485 percussio
2189 2422 2239 2467 et
2274 2421 2440 2482 petrae
2487 2408 2680 2463 scissio
2727 2405 3009 2476 produxit;
3047 2405 3142 2460 sed
3187 2406 3443 2458 mandata

1871 2508 1964 2562 Dei
2011 2516 2119 2561 tam
2159 2514 2366 2574 petram
2406 2503 2578 2572 ipsam
2609 2515 2638 2554 a
2673 2499 2820 2569 virga
2864 2497 3019 2562 ﬁndi,
3050 2511 3212 2566 quam
3247 2510 3442 2564 aquam

1871 2601 1925 2653 in
1979 2599 2096 2668 ipsa
2148 2597 2298 2666 prius
2354 2594 2578 2648 minime
2630 2592 2981 2646 exsistentcm
3029 2589 3254 2644 eiﬂuere
3293 2589 3440 2643 fecit.

1871 2689 1985 2745 l-loc
2011 2690 2156 2742 enim
2184 2689 2457 2758 Propheta
2483 2695 2713 2740 testatus
2737 2680 3080 2745 exclamavit,
3101 2681 3445 2735 Transierunt

1871 2786 1926 2836 in
1953 2784 2100 2836 siccis
2135 2782 2358 2849 ﬂumina
2391 2797 2408 2833 :
2440 2789 2498 2833 ut
2529 2788 2682 2834 terra:
2716 2777 2862 2830 illius
2901 2774 3128 2828 ariditas
3150 2781 3205 2828 et
3228 2772 3446 2828 siccitas

1873 2873 2239 2941 sterilitasque
2283 2885 2544 2940 aquarum
2579 2863 3083 2922 innueretur..ﬂtec
3117 2874 3298 2919 autem
3343 2865 3445 2918 mi-

1873 2967 2052 3020 racula
2087 2980 2183 3019 cur
2217 2964 2600 3035 contigerunt?
2639 2961 2899 3027 Quoniam
2939 2974 3136 3013 memor
3171 2957 3271 3028 fuit
3304 2955 3444 3009 verbi

1871 3056 2040 3110 sancti
2071 3056 2173 3110 sui.

1951 3147 2110 3202 Vens.
2144 3147 2232 3202 45.
2276 3165 2295 3199 ι
2341 3146 2412 3202 Ut
2439 3145 3218 3216 custodiantjustiﬁcationes.
3253 3159 3273 3192 ι

1945 3239 2013 3292 Et
2059 3240 2222 3309 legem
2272 3239 2385 3308 ejus
2435 3239 2746 3304 exquirant,
2797 3238 3016 3293 scilicet
3068 3231 3442 3304 Evangelium.

1872 3331 2142 3395 Quorsum
2183 3331 2328 3384 enim
2366 3340 2678 3400 quaererent
2713 3331 2764 3385 id
2795 3330 2939 3400 quod
2983 3329 3228 3382 absolute
3277 3324 3446 3378 habe-

1872 3421 2040 3474 bant?
2091 3421 2278 3488 ltaque
2323 3423 2550 3475 alterum
2599 3421 2826 3474 omnino
2871 3413 3445 3474 testamentuminsi-

1872 3519 2024 3563 nuat.

2421 3599 2738 3655 PSALMUS
2775 3599 2883 3653 CV.

1944 3694 2109 3750 Vens.
2153 3695 2206 3748 9.
2252 3714 2270 3746 ι
2312 3695 2380 3748 Ει
2409 3693 2632 3748 deduxit
2660 3707 2754 3747 eos
2785 3692 2840 3746 in
2870 3691 3086 3762 abysso.
3124 3707 3142 3740 ι

1942 3786 2064 3842 Non
2121 3788 2270 3841 enim
2321 3793 2558 3841 attactus
2610 3785 2796 3854 virgae,
2839 3781 2935 3836 sed
2988 3779 3302 3835 mandatum
3353 3778 3448 3835 Dei

1875 3878 2099 3948 pelagus
2127 3876 2330 3932 fecerat
2356 3887 2554 3931 terram
2591 3876 2870 3930 incultam.

1948 3969 2108 4026 Vens.
2163 3969 2250 4024 10.
2310 3987 2326 4018 ι
2385 3969 2448 4022 Et
2497 3968 2725 4022 salvavit
2780 3983 2872 4022 eos
2927 3967 2994 4021 de
3037 3981 3203 4020 manu
3257 3964 3451 4020 adien-

1875 4063 2031 4117 tium.
2075 4081 2094 4114 ι

1947 4154 2067 4208 Νοη
2108 4165 2316 4208 temere
2356 4151 2472 4206 haec
2515 4150 2667 4215 dicit,
2701 4150 2796 4205 sed
2832 4158 2889 4204 ut
2926 4147 3236 4204 Judaeorum
3273 4146 3452 4217 ingra-

1879 4247 2166 4302 titudinem
2217 4253 2590 4317 exaggeraret,
2622 4244 2769 4313 quod
2820 4251 2966 4298 tanta
3014 4239 3277 4296 beneﬁcia
3319 4254 3454 4294 con-

1878 4339 2083 4406 secuti,
2141 4348 2322 4393 tamen
2382 4352 2510 4407 erga
2569 4335 2975 4392 benefactorem
3039 4322 3197 4388 suum
3256 4329 3454 4400 ingrati

199 4427 505 4503 εὐεργέτην
529 4433 620 4486 τὸν
648 4434 852 4487 οἰκεῖον
876 4434 1155 4502 γεγόνασι,
1188 4435 1282 4487 τὸν
1312 4433 1463 4488 ὕδατι
1497 4436 1626 4500 τοὺς
1661 4436 1763 4491 θλί-

1895 4429 2218 4495 :xstiterint,
2272 4427 2365 4498 qui
2425 4427 2582 4497 aquis
2634 4427 2962 4496 sepeliverat
3011 4439 3106 4478 eos
3155 4422 3245 4493 qui
3306 4422 3456 4490 ipsos

200 4525 396 4588 δοντας
444 4524 643 4586 αὐτοὺς
685 4525 781 4578 καὶ
833 4525 962 4587 τοὺς
1026 4522 1434 4596 ἐπηρεάζοντας
1480 4528 1774 4582 θάπτοντα.

204 4618 417 4683 Ὥσπερ
451 4617 702 4686 ἐπιφέρει
728 4635 742 4648 ·

281 4722 304 4757 ι
357 4705 673 4774 Ἐτάχυναν,
709 4707 1060 4763 ἐπελάθοντο.
1098 4726 1117 4759 ι

289 4795 559 4849 Ἀπίστων
587 4795 746 4849 τοῦτο
789 4798 886 4850 καὶ
922 4797 1202 4868 ὁλιγῴρων
1246 4798 1410 4866 ἴδιον,
1447 4800 1522 4869 μὴ
1568 4801 1777 4872 ἀναμέ-

205 4902 318 4938 νειν
354 4885 452 4956 τὴν
482 4883 576 4937 τοῦ
617 4885 751 4938 Θεοῦ
783 4885 980 4954 βουλὴν
1004 4924 1019 4948 ,
1053 4887 1182 4939 ὅταν
1220 4887 1359 4955 μετὰ
1396 4889 1779 4960 μακροθυμίας

207 4976 558 5046 οἰκονομῆσαι
600 4975 807 5037 ἐκεῖνος
842 4975 1098 5046 βούληται
1132 4977 1370 5044 ἅπαντα,
1420 4979 1547 5032 ἀλλ’
1584 4982 1780 5050 ἀπογι-

209 5061 458 5130 νώσκειν,
489 5065 660 5134 λήθην
707 5066 982 5129 παθόντας
1027 5067 1134 5120 τῶν
1183 5068 1478 5138 θαυμάτων
1525 5070 1632 5124 τῶν
1679 5072 1779 5142 έμ-

209 5157 467 5225 προσθεν.

283 5265 307 5316 ιι
340 5247 453 5300 Καὶ
481 5247 831 5319 ἐπεθύμησαν
851 5250 1144 5321 ἐπιθυμίαν
1167 5253 1226 5305 ὲν
1247 5254 1312 5324 τῇ
1346 5253 1558 5324 ἐρήμῳ.
1592 5273 1610 5305 ι

281 5420 386 5474 Δύο
412 5420 519 5472 τῶν
561 5420 828 5474 Ἰουδαίων
860 5423 1097 5493 συνῆψεν
1119 5426 1494 5497 ἁμαρτήματα
1519 5445 1532 5458 ·
1561 5428 1618 5481 ἒν
1658 5431 1779 5496 μὲν,

207 5512 291 5565 ὅτι
327 5512 596 5582 σαρκικὴν
641 5511 935 5582 ἐπιθυμίαν
981 5515 1292 5583 ἐπεθύμουν
1337 5519 1395 5569 ἐν
1428 5521 1495 5588 τῇ
1547 5519 1738 5590 ἐρήμῳ
1765 5562 1777 5586 ,

213 5606 270 5656 ἐν
355 5603 663 5671 φιλοσοφεῖν
699 5602 828 5668 ἔδει,
853 5603 950 5656 καὶ
977 5603 1086 5656 ἀπὸ
1109 5604 1288 5672 πάσης
1323 5606 1576 5674 τοιαύτης
1596 5610 1783 5663 ἐπιθυ-

221 5699 346 5767 μίας
389 5691 856 5767 ἐγκρατεύεσθαιο
902 5695 1148 5766 δεύτερον
1196 5697 1251 5748 δὲ
1280 5738 1294 5764 ,
1360 5699 1438 5751 ὅτι
1504 5699 1783 5760 δεηθέντες

1879 4519 2190 4590 aﬂligcbant
2219 4534 2307 4573 ac
2360 4518 2706 4574 divexabant.
2756 4517 2912 4572 Unde
2958 4515 3141 4570 subd-it
3179 4531 3194 4568 :
3234 4511 3454 4584 Oper-uit

1878 4627 2019 4680 aqua
2045 4608 2352 4662 tribulantes
2377 4624 2488 4669 eos.

1949 4714 2112 4768 Vens.
2146 4715 2234 4769 13.
2273 4733 2291 4764 ‹
2328 4711 2771 4776 Festinaverunt,
2814 4710 3151 4780 oblitisunt.
3192 4726 3210 4758 ι

1948 4803 2362 4858 lncredulorum
2393 4811 2449 4856 et
2475 4802 2867 4872 negligentiam
2903 4802 3004 4853 hoc
3033 4806 3116 4852 est
3152 4796 3454 4868 proprium,

1878 4905 1942 4952 ut-
1966 4895 2190 4950 minime
2223 4901 2541 4963 exspectent
2577 4892 2673 4946 Dci
2704 4891 3055 4951 sententiam,
3085 4889 3304 4958 quando
3333 4903 3458 4943 cum

3479 4721 3490 4770 ί

1879 4985 2294 5058 longanimitate
2352 4990 2551 5039 cuncta
2599 4983 2920 5052 dispensare
2971 4980 3308 5044 decreverit,
3363 4981 3490 5053 scd.

1883 5081 2194 5150 desperent,
2227 5075 2506 5148 praaterita
2549 5074 2810 5130 miracula
2857 5073 3118 5128 oblivioni
3161 5073 3453 5128 tradentes.

1956 5251 2115 5307 Vens.
2150 5251 2235 5305 M.
2272 5270 2291 5302 ι
2335 5251 2406 5304 Et:
2441 5245 3364 5319 concupieruntconcupiscentiam
3395 5247 3452 5301 in

1885 5344 2122 5397 deserto.
2158 5361 2176 5392 ι

1957 5435 2072 5487 Duo
2097 5432 2416 5487 Iudaeorum
2441 5440 2660 5500 peccata
2679 5430 2971 5507 conjunxit
2998 5450 3010 5485 :
3039 5445 3208 5486 unum
3239 5430 3458 5500 quidem

1885 5525 2040 5596 quod.
2068 5525 2340 5582 carnalem
2388 5523 2888 5592 concupiscentiam
2931 5523 3348 5594 concupiverint
3398 5522 3458 5576 in

1887 5622 2123 5679 deserto,
2167 5615 2257 5669 ubi
2299 5614 2670 5683 philosolihari
2717 5624 3068 5684 oportuerat,
3115 5626 3170 5672 ct
3203 5616 3272 5670 ab
3307 5613 3454 5669 omni

1889 5707 2044 5760 simili
2075 5705 2514 5775 concupiscentia
2546 5705 2647 5760 sibi
2678 5714 2982 5761 temperare
3013 5725 3023 5763 :
3050 5707 3280 5764 alterum
3302 5718 3454 5775 vero,
