3800 6312
41 315 120 380 01
1154 317 1617 378 FRAGMENTA
1651 319 1734 380 IN
1775 319 2134 380 PSALMOS.

51 449 72 480 ι
122 429 442 500 Εὐλογητὸς
477 427 682 499 Κύριος
706 429 734 483 6
757 425 892 492 Θεὸς
930 426 1168 499 Ἰσραήλ.
1207 448 1225 480 ι

49 519 255 590 Μέχρι
281 519 388 573 τῶν
413 517 655 573 ἐνταῦθα
679 517 780 588 τὴν
805 517 1078 590 τετάρτην
1111 517 1292 588 βίϐλον
1313 517 1422 571 τῶν
1443 517 1586 571 Ψαλ-

3135 313 3278 379 1302

1617 437 1665 494 Α
1727 433 1921 487 .Vens.
1965 431 2054 486 68.
2095 451 2112 482 ι
2151 429 2481 486 Benedictus
2524 429 2788 484 Dominus
2832 426 2974 483 Deus
3017 427 3205 482 Israel.
3247 447 3266 480 ι

1762 523 1881 576 Huc
1921 537 2092 591 usque
2123 534 2378 592 quartum
2410 521 2750 576 Psalmorum
2779 520 2981 576 librum
3007 519 3274 576 deﬁniunt

41 609 112 662 ὒν
169 609 442 680 Ἐϐραίων
469 607 661 674 παῖδες
694 608 970 678 ὁρίζονται
992 624 1005 637 ·
1043 610 1122 675 είς
1160 608 1322 664 πέντε
1360 610 1465 680 γὰρ
1491 610 1589 680 τὴν

1746 616 1907 672 εί)τωί
1943 634 1955 670 :
1989 616 2044 670 in
2072 617 2316 686 quinque
2359 615 2506 670 enim
2552 615 2722 670 libros
2761 613 3072 670 universam
3114 613 3274 668 Davi-

45 703 80 755 ὖ
123 704 296 758 Δαϐὶδ
328 703 674 774 προφητείαν
699 703 970 767 διελόντες
1005 703 1170 773 (καθὰ
1205 703 1589 773 καὶπρότερον

1746 721 1778 760 .s
1825 707 2172 776 prophetiam
2221 706 2527 762 dividentes
2577 705 2678 776 (uti
2733 705 2888 776 prius
2935 703 3273 774 dicebamus)

41 794 263 865 »αμεν),
316 795 548 848 ἕκαστον
579 793 820 864 ψαλμὸν,
865 787 909 861 ᾧ
937 794 1098 848 τοῦτο
1144 795 1296 857 τέλος
1329 795 1594 865 πρόσκεισ-

1694 799 1994 869 quemlibet
2036 799 2344 869 psalmum,
2395 799 2482 854 cui
2534 797 2658 854 ﬁnis
2706 808 2810 864 est,
2861 799 3052 868 Amen,
3099 815 3275 861 amen,

41 903 77 936 ,ι
137 887 355 954 Ἀμὴν,
407 885 593 954 ἀμὴν,
625 885 1021 956 συμπλήρωσιν
1056 881 1195 940 εἶναι
1237 887 1364 957 μιᾶς
1395 885 1584 956 βίϐλου

1746 892 1860 946 nius
1884 891 2010 946 libri
2040 890 2504 960 complementum
2532 904 2655 946 esse
2687 890 3044 946 arbitrantur.

49 976 340 1044 μίζουσιν.

560 1068 860 1124 mmo}:
903 1068 1044 1136 Pq'.

73 1179 94 1209 ι
152 1158 502 1229 Ἀλληλούῖα.
544 1179 563 1214 ι

68 1249 503 1320 Παραπλησίως
523 1253 636 1315 τοῖς
664 1253 951 1322 προτέροις
998 1251 1090 1303 καὶ
1117 1245 1274 1313 οὗτος
1301 1251 1602 1324 ἐπιγέγρα-

2231 1065 2548 1122 PSALMUS
2586 1067 2721 1122 CVI.

1779 1175 1797 1208 ι
1837 1157 2087 1212 Alleluia.
2131 1175 2150 1207 ι

1776 1248 1983 1302 Eodem
2023 1249 2184 1303 modo
2211 1264 2318 1318 quo
2353 1248 2726 1318 praecedentes
2759 1249 2849 1304 hic
2888 1249 3052 1304 etiam
3084 1249 3280 1304 inseri-

41 1355 184 1393 ταιο
245 1341 344 1410 τῆς
393 1341 502 1412 γὰρ
535 1342 708 1411 αὐτῆς
759 1341 1070 1404 ὑποθέσεως
1113 1341 1316 1411 ἔχεται,
1371 1342 1601 1413 ἱστορῶν

1746 1348 1828 1393 tus
1857 1347 1940 1393 est
1975 1357 1988 1392 :
2017 1337 2264 1408 ejusdem
2297 1339 2445 1393 enim
2485 1347 2570 1393 est
2597 1339 2929 1408 argumenti,
2965 1355 3089 1393 eum
3124 1353 3285 1393 enar-

41 1450 53 1482 I
114 1432 290 1503 μέρει
322 1433 391 1485 τά
428 1434 696 1504 γενόμενα
724 1437 839 1498 τοῖς
869 1433 1150 1496 Ἰουδαίοις
1171 1433 1451 1505 Θαύματα.

80 1540 100 1572 ι
142 1521 458 1586 Πεινῶντες
488 1525 582 1577 καὶ
610 1522 893 1593 διψῶντες.
931 1543 950 1574 ›

77 1613 272 1668 ’Ὅταν
307 1615 417 1686 γὰρ
446 1614 594 1686 ψυχὴ
632 1613 846 1687 λιμώξῃ
877 1615 972 1667 καὶ
1003 1614 1208 1688 διψήσῃ
1251 1614 1418 1686 ἀκοὴν
1445 1615 1604 1684 λόγου

41 1705 104 1758 οὖ
139 1705 308 1772 Θεοῦ,
329 1707 678 1770 διδασκαλίας
701 1707 800 1760 οὐκ
832 1707 1053 1777 ἔχουσα,
1088 1707 1406 1776 ἀναγκαίως
1434 1707 1608 1762 ἐκλεί-

1705 1441 1788 1486 ret
1813 1431 2075 1486 miracula
2107 1446 2228 1500 quae
2255 1431 2308 1484 in
2338 1438 2493 1501 parte
2519 1430 2720 1486 Judaais
2747 1431 3088 1487 acciderunt.

1770 1523 1934 1579 Vens.
1978 1524 2032 1578 5.
2067 1543 2086 1575 ι
2123 1523 2442 1578 Esurientes
2465 1532 2521 1579 et
2544 1523 2813 1580 sitientes.
2850 1544 2869 1577 ι

1779 1614 2010 1681 Quando
2048 1615 2196 1670 enim
2238 1615 2416 1670 anima
2462 1630 2721 1687 perpessa
2769 1617 2936 1673 fuerit
2973 1617 3172 1673 famem
3213 1616 3286 1672 si-

1710 1708 1915 1778 timque
1952 1707 2211 1762 audiendi
2257 1708 2483 1762 verbum
2523 1707 2641 1773 Dei,
2674 1724 2799 1764 cum
2835 1709 3138 1765 doctrinam
3173 1722 3285 1763 non

42 1815 106 1852 Et
131 1798 235 1852 καὶ
257 1798 577 1854 ἐλαττοῦται
602 1816 616 1830 ·
641 1800 832 1872 ἐπειδὴ
862 1802 1037 1873 τροφὴ
1079 1801 1259 1874 ψυχῆς
1297 1804 1326 1856 6
1358 1801 1460 1872 τῆς
1487 1801 1606 1856 θεο-

1750 1799 1931 1864 abeat,
1968 1799 2280 1852 necessario
2318 1798 2501 1854 deﬁcit
2543 1809 2599 1855 et
2636 1809 2998 1865 extenuatur;
3040 1797 3286 1869 quando-

45 1889 271 1953 νωσίας
300 1891 485 1959 ἄρτος.

91 2087 113 2119 ι
169 2059 800 2140 Ἐξομολογησάσθωσαν
833 2073 910 2144 τῷ
934 2073 1143 2144 Κυρίῳ.
1183 2091 1203 2125 ι

101 2160 274 2230 Ἐλέη
311 2161 406 2215 καὶ
431 2160 712 2234 Θαυμάσια
757 2164 852 2218 τοῦ
875 2166 1009 2219 Θεοῦ
1039 2166 1107 2219 τὰ
1141 2167 1308 2220 αὐτοῦ
1341 2167 1613 2237 προσηγό-

48 2254 412 2307 ευσεν.”Οσα
457 2254 567 2326 γὰρ
597 2256 1146 2328 ὲΘαυματούργησεν,
1193 2259 1293 2311 οὐκ
1335 2257 1612 2322 ἐνδείξεώς

46 2363 169 2408 ινος
199 2345 234 2415 ἢ
267 2346 576 2417 φιλοτιμίας
605 2349 927 2419 παρήγαγεν
973 2349 1155 2413 ἕνεκα,
1189 2349 1371 2414 ἐλέους
1407 2350 1462 2403 δὲ
1481 2350 1615 2403 πάν·

44 2455 128 2499 ως
158 2437 261 2490 καὶ
285 2437 697 2508 φιλανθρωπίας
734 2438 896 2510 χάριν
925 2441 1022 2510 τὴν
1044 2440 1180 2510 πρὸς
1200 2441 1442 2505 ἐκείνους
1477 2442 1616 2512 ὑπὲρ

41 2525 93 2582 ὶν
133 2528 397 2599 ἐπράχθη
436 2531 532 2582 καὶ
560 2529 630 2582 τὰ
656 2530 930 2600 θαύματα.

98 2639 118 2670 ι
157 2621 288 2672 ’Ότι
314 2621 573 2691 ἐχόρτασε
604 2621 780 2693 ψυχὴν
807 2623 992 2694 κενήν.
1025 2643 1042 2674 ι

95 2709 217 2760 Καὶ
251 2708 360 2778 μὴν
401 2709 500 2779 τὴν
528 2711 698 2782 αὐτὴν
731 2712 827 2764 καὶ
865 2713 1139 2769 πεινῶσαν
1184 2714 1374 2775 εἰπὼν,
1420 2711 1616 2776 ἔδειξεν

41 2802 101 2862 ος
149 2800 473 2870 ἁμαρτωλοί
513 2819 656 2866 τινες
689 2799 832 2874 ἦσαν
895 2806 943 2857 οί
983 2805 1362 2876 λιμώττοντες.
1395 2804 1469 2857 Τὸ
1507 2803 1618 2874 γὰρ

41 2892 193 2944 κενὸν
227 2891 349 2944 ἀντὶ
377 2891 470 2945 τοῦ
508 2894 738 2962 ματαίου
772 2895 1168 2966 παρείληπται.

109 3004 129 3036 ε
182 2983 536 3038 Ἀντελόιϐετο
569 2985 750 3040 αὐτῶν
773 2985 833 3051 ἐξ
857 2986 978 3040 ὁδοῦ
1019 2988 1268 3058 ἀνομίας.
1311 3007 1330 3040 ι

115 3077 278 3130 ὐδὸν
299 3077 525 3148 ἀνομίας
555 3078 871 3148 ἀναγκαίως
906 3080 1304 3152 προσαγορεύει
1332 3081 1425 3135 τὸν
1449 3082 1616 3138 Θάνα-

43 3187 147 3224 ;ον.
217 3138 525 3240 Δίτία’γάρ
573 3138 962 3242 τῷΙΘανάττῳηίί
1007 3138 1262 3243 παρακοὴ
1315 3173 1410 3226 τοῦ
1457 3138 1692 3246 νόμους

43 3264 128 3318 τοῦ
175 3261 419 3326 δοθέντος
459 3263 516 3314 ἐν
553 3262 867 3334 παραδείσῳ
907 3264 1221 3334 γεγένηται.
1274 3264 1417 3317 Ἀλλ’
1475 3267 1624 3336 ὅμως

43 3359 74 3408 ’ἱ
88 3353 280 3427 ριστὸς
302 3355 448 3424 ἡμᾶς
481 3355 545 3406 ὲκ
573 3351 670 3406 τοῦ
695 3353 926 3408 θανάτου
960 3355 1307 3420 ἀντελάϐετο,
1333 3355 1499 3425 μέσον
1517 3357 1626 3409 τῶν

43 3445 259 3518 κεκρῶν
297 3447 330 3515 ἡ
366 3445 504 3515 ζωὴ,
527 3444 618 3500 ἵνα
643 3445 780 3516 λύσῃ
811 3444 905 3499 τοῦ
943 3445 1174 3502 θανάτου
1205 3447 1304 3518 τὴν
1333 3449 1626 3520 τυραννίδα

45 3539 354 3608 γενομένος.
1109 3533 1116 3550 ’

119 3650 138 3682 ς
177 3629 296 3682 Πᾶν
320 3627 518 3698 βρῶμα
539 3625 860 3690 ὲὸδελύξατο
885 3628 920 3697 ἠ
953 3625 1122 3697 ψυχή.
1155 3645 1173 3678 ι

114 3807 330 3878 Βρῶμα
365 3807 464 3877 τὴν
493 3806 700 3877 τροφὴν
739 3803 974 3860 ἐνταῦθα
1028 3805 1129 3875 τὴν
1165 3805 1390 3877 λογικὴν
1435 3808 1627 3876 νοὴσο-

47 3916 171 3970 μεν·
207 3899 339 3969 περὶ
370 3893 437 3970 ἦς
466 3899 494 3948 6
520 3899 725 3970 Κύριος
749 3901 862 3962 τοῖς
892 3899 1216 3962 ἀποστόλοις
1238 3899 1426 3964 ἔλεγεν
1447 3916 1460 3928 ·
1507 3900 1631 3967 Ἐρ-

47 3991 298 4062 γ-ἁζεσθε
322 3991 409 4062 μὴ
446 3992 562 4060 τὴν
580 3990 817 4061 βρῶσιν
842 3991 954 4059 τὴν
983 3989 1444 4060 ἀπολλυμένην,
1473 3989 1634 4043 ἀλλὰ

47 4086 166 4152 τὴν
183 4083 499 4153 μένουσαν
520 4086 606 4148 εὶς
639 4082 792 4150 ζωὴν
812 4083 1076 4137 αἰώνιον.
1109 4081 1326 4152 Ταύτης
1361 4084 1469 4135 πᾶν
1496 4077 1634 4145 εἶδος

47 4180 72 4229 6
130 4174 425 4244 ἄνθρωπος
470 4172 806 4246 ὲὸδελύξατο.
860 4174 998 4228 Οὖτε
1047 4174 1158 4246 γὰρ
1199 4178 1427 4243 φυσικὸν
1471 4174 1635 4245 νόμον

49 4266 178 4319 οὔτε
211 4266 459 4334 γραπτὸν
505 4245 800 4334 ἐφύλαξαν,
831 4267 924 4319 καὶ
946 4267 1036 4320 διὰ
1073 4245 1234 4318 τοῦτο
1260 4266 1499 4336 ἤγγισαν
1529 4266 1635 4331 ἕως

1707 1891 1930 1962 quidem
1996 1884 2169 1946 cibus"
2221 1891 2417 1946 animae
2477 1892 2550 1946 sit
2613 1891 2769 1962 panis
2832 1892 3032 1947 divinae
3099 1890 3289 1962 cogni-

1712 1982 1898 2037 tionis.

1783 2072 1942 2126 Vens.
1978 2071 2032 2125 8.
2078 2089 2097 2122 ‹
2137 2070 2516 2126 Conﬁteantur
2552 2071 2798 2126 Domino.
2838 2090 2856 2122 ι

1786 2163 2183 2220 Misericordias
2225 2171 2281 2219 et
2310 2163 2578 2219 mirabilia
2624 2163 2918 2234 appellavit
2941 2179 3004 2218 ea
3032 2177 3155 2232 quae
3194 2158 3286 2214 Dei

1715 2266 1859 2314 sunt.
1905 2257 2258 2326 Quaecunque
2300 2254 2446 2310 enim
2483 2253 2744 2308 miracula
2787 2253 3043 2323 patravit,
3079 2266 3188 2306 non
3220 2249 3291 2304 ad

1715 2349 2136 2406 ostentationem
2162 2355 2257 2402 aut
2278 2346 2461 2418 gloriae
2484 2345 2665 2401 studio
2693 2345 2924 2417 peregit,
2946 2343 3042 2400 sed
3068 2343 3292 2398 omnino

1717 2450 1937 2513 propter
1991 2438 2423 2496 misericordiam
2479 2447 2532 2492 et
2586 2437 2981 2508 benignitatem
3030 2451 3185 2491 suam
3237 2435 3291 2488 in

1717 2552 1812 2592 eos
1841 2553 1940 2607 pro
1969 2535 2167 2605 quibus
2199 2535 2316 2588 hzec
2341 2532 2604 2586 miracula
2634 2540 2846 2600 patrata
2875 2539 3022 2584 sunt.

1789 2623 1953 2678 Vens.
1985 2626 2038 2678 9.
2077 2641 2095 2674 ι
2130 2620 2267 2687 Quia
2297 2619 2514 2676 satiavit
2545 2619 2782 2674 animam
2819 2618 3059 2672 inanem.
3093 2635 3112 2667 ι

1787 2711 2001 2765 Etenim
2038 2725 2162 2766 cum
2182 2709 2431 2764 eamdem
2465 2723 2682 2778 quoque
2713 2707 3045 2762 esurientem
3073 2704 3290 2770 dixerit,

1721 2804 1960 2859 ostendit
2006 2803 2283 2873 quomodo
2321 2810 2638 2873 peccatores
2676 2799 2843 2870 aliqui
2891 2799 3002 2854 sint
3039 2797 3293 2852 famelici.

1720 2891 1943 2948 lnanem
1973 2893 2119 2947 enim
2149 2907 2249 2962 pro
2276 2907 2416 2946 vano
2442 2889 2672 2960 accepit.

1793 2986 1954 3040 Vens.
1995 2986 2082 3040 l7.
2123 3003 2141 3036 ι
2174 2984 2428 3054 Suscepit
2455 2999 2550 3038 eos
2580 2983 2647 3039 de
2676 2982 2763 3037 via
2797 2981 3116 3052 iniquitatis.
3153 3000 3171 3033 ι

1795 3078 1951 3134 Viam
2009 3076 2312 3148 iniquitatis
2378 3075 2688 3130 necessario
2745 3075 2980 3145 appellat
3043 3078 3295 3127 mortem.

1725 3171 1900 3228 Causa
1935 3171 2080 3226 enim
2119 3170 2311 3226 mortis
2353 3168 2456 3223 fuit
2494 3165 2870 3238 praevaricatio
2902 3165 3034 3236 legis
3068 3165 3208 3219 data:
3244 3163 3296 3217 in

1727 3263 1998 3334 paradiso.
2021 3262 2406 3316 Verumtamen
2429 3259 2683 3314 Christus
2704 3273 2804 3313 nos
2827 3257 2894 3312 de
2919 3265 3094 3311 morte
3119 3271 3301 3310 susce-

1727 3357 1827 3427 pit,
1863 3356 2037 3410 factus
2065 3355 2172 3409 vita
2207 3355 2261 3407 in
2295 3352 2476 3408 medio
2513 3361 2877 3417 mortuorum,
2908 3357 2968 3404 ut
2993 3349 3186 3403 mortis
3221 3356 3302 3420 ty-

1730 3447 2015 3502 rannidem
2048 3446 2387 3500 dissolveret.

1801 3628 1965 3682 Vens.
2035 3625 2119 3680 18.
2204 3643 2221 3674 ι
2283 3620 2512 3677 Omnem
2588 3633 2770 3674 eseam
2838 3615 3147 3671 abominata
3219 3623 3307 3669 est

1731 3719 1932 3775 anima.
1969 3736 1987 3768 ι

1806 3810 2000 3866 Eseam
2038 3809 2140 3862 hoe
2177 3806 2298 3860 loco
2338 3802 2690 3872 intelligimus
2726 3801 2906 3855 cibum
2953 3797 3303 3862 rationalem;
3388 3836 3394 3845 ν.

1732 3906 1801 3960 de
1845 3917 1952 3973 qua
1995 3897 2260 3954 Dominus
2312 3893 2571 3964 apostolis
2616 3892 2754 3947 dixit
2796 3909 2808 3946 :
2846 3889 3154 3960 Operamini
3206 3904 3308 3941 non

1735 3997 1907 4052 cibum
1951 3992 2040 4063 qui
2083 3990 2249 4059 perit,
2297 3988 2386 4040 sed
2425 3986 2514 4057 qui
2561 3992 2830 4053 permanet
2873 3983 2927 4036 in
2957 3983 3121 4036 vitam
3150 3990 3310 4034 mter-

1737 4102 1862 4141 nam
1893 4086 1964 4138 ⁷³,
2001 4083 2230 4136 Omnem
2273 4079 2437 4148 hujus
2478 4079 2714 4146 Speciem
2751 4075 2916 4129 homo
2953 4071 3310 4127 abominaba-

1737 4188 1848 4234 tur.
1889 4177 2022 4232 Nam
2065 4188 2241 4243 neque
2279 4172 2452 4242 legem
2492 4167 2796 4222 naturalem
2836 4181 3013 4235 neque
3051 4163 3309 4232 scriptam

1738 4270 2184 4330 observaverant,
2214 4272 2271 4320 et
2299 4262 2504 4318 idcirco
2540 4259 3112 4331 appropinquaverant
3141 4269 3312 4326 usque

49 4360 162 4413 τῶν
195 4359 382 4412 πυλῶν
406 4360 498 4412 τοῦ
522 4358 776 4416 Θανάτου.
808 4359 983 4413 Πύλαι
1018 4360 1072 4413 δὲ
1100 4359 1332 4414 θανάτου
1363 4362 1432 4416 τά
1459 4362 1609 4435 ἁμαρ

1746 4364 1806 4418 ad
1836 4371 2022 4434 portas
2049 4357 2262 4415 mortis.
2297 4356 2471 4411 Portze
2500 4363 2685 4410 autem
2716 4352 2908 4408 mortis
2933 4359 3062 4407 sunt
3091 4358 3310 4420 peccata

49 4455 280 4523 τήματα
300 4447 381 4517 οἷς
403 4453 520 4507 δέον
543 4455 737 4518 αὐτοὺς
761 4453 1154 4524 μακρύνεσθαι.
1177 4454 1345 4508 Ὀσον
1372 4456 1483 4527 γὰρ
1503 4456 1603 4510 ταύ

1746 4471 1773 4509 a
1811 4453 2010 4524 quibus
2050 4454 2369 4520 oportuerat
2414 4460 2509 4500 eos
2546 4443 2807 4515 elongari.
2843 4442 3120 4508 Quantum
3165 4439 3312 4494 enim

49 4560 178 4605 ταις
211 4543 465 4612 ἤγγισαν,
497 4543 752 4596 τοσοῦτον
797 4543 988 4613 πόρρω
1019 4541 1130 4595 τῶν
1162 4543 1343 4597 πυλῶν
1367 4545 1466 4614 τῆς
1493 4543 1603 4616 ζωῆ

1746 4547 1832 4602 his
1888 4543 2488 4616 appropinquaverunt,
2527 4537 2866 4592 tantumdem
2915 4533 3230 4590 necessario
3284 4548 3313 4586 a

52 4632 374 4698 ἀναγκαίως
421 4633 692 4700 ἐγένοντο.
729 4633 866 4686 Ἀλλ’
916 4635 944 4685 6
993 4632 1233 4703 Χριστὸς
1289 4613 1486 4698 αὐτοὺς
1544 4613 1609 4689 κα

1746 4613 2074 4711 portisvitaa
2103 4635 2260 4704 longe
2294 4633 2421 4688 facti
2457 4640 2603 4687 sunt.
2645 4629 2848 4685 Verum
2880 4629 3130 4684 Christus
3170 4627 3319 4696 ipsos

57 4723 285 4795 μακρὰν
328 4722 488 4786 ὄντας
549 4724 718 4793 ἐγγὺς
759 4724 848 4778 διὰ
883 4723 978 4776 τοῦ
1023 4724 1256 4793 αἵματος
1293 4725 1390 4778 τοῦ
1432 4725 1609 4780 οἰκείοπ

1746 4733 1911 4788 etiam
1941 4732 2222 4800 elongatos
2262 4743 2360 4797 per
2409 4722 2732 4793 sanguinem
2781 4736 2940 4775 suum
2981 4719 3317 4790 propinquos

57 4813 382 4884 πεποίηκεν.

1749 4823 2002 4882 reddidit.
2825 4815 2852 4833 ⁸

139 4927 157 4958 ι
196 4905 306 4958 Καὶ
338 4903 645 4975 ὲκέκραξαν
671 4903 808 4975 πρὸς
841 4905 1067 4978 Κύριον.
1106 4926 1124 4958 ι

1822 4915 1986 4970 Vens.
2022 4913 2108 4968 l9.
2149 4931 2167 4965 ι
2200 4910 2269 4966 Et
2297 4909 2672 4965 elamaverunt
2696 4907 2764 4962 ad
2790 4905 3104 4961 Dominum.
3136 4923 3154 4955 ι

134 4995 399 5065 Κραυγὴν
433 4996 463 5047 6
509 4994 644 5059 Θεὸς
694 4995 755 5049 οὐ
799 4995 896 5066 τὴν
940 4995 1029 5049 διὰ
1083 4994 1268 5065 φωνῆς
1315 4997 1609 5067 γενομένην

1823 5007 1966 5063 Deus
2011 5005 2243 5061 aestimat
2282 5003 2579 5057 clamorem
2612 5014 2723 5054 non
2761 4997 2852 5068 qui
2887 5012 2985 5067 per
3013 4995 3183 5059 vocis,
3225 4991 3320 5047 sed

65 5086 204 5137 ἀλλὰ
259 5085 356 5154 τὴν
404 5085 646 5138 διάθεσιν
693 5086 797 5156 τῆς
844 5086 1082 5149 διανοίας
1147 5085 1457 5154 λογίζεται·
1517 5088 1609 5140 ἐπε

1753 5115 1849 5169 per
1872 5096 2070 5151 mentis
2085 5095 2338 5150 aﬂ'ectum
2361 5090 2652 5156 emittitur;
2679 5088 3115 5160 quandoquidem
3142 5084 3320 5156 Moyse

68 5176 165 5227 καὶ
217 5175 494 5239 Μωῦσέως
541 5177 854 5242 σιωπῶντος
917 5178 1103 5247 ἔλεγε,
1167 5179 1228 5233 Τί
1274 5177 1433 5246 βοᾷς
1489 5181 1609 5248 πρό.

1748 5189 1913 5244 etiam
1938 5187 2130 5242 silente
2158 5183 2388 5240 dixerit:
2421 5181 2558 5248 Quid
2583 5182 2786 5236 clamas
2812 5181 2881 5234 ad
2907 5197 2986 5234 me
3007 5179 3095 5232 ⁷³2

64 5281 142 5334 με
160 5278 183 5328 ;

147 5374 169 5409 ι
215 5357 527 5411 Ἀπέστειλε
555 5356 646 5410 τὸν
677 5357 850 5428 Λόγον
872 5359 1064 5413 αὑτοῦ.
1107 5379 1126 5412 ι

1817 5363 1978 5417 Vens.
2013 5361 2103 5416 20.
2141 5358 2343 5418 LMisit
2375 5355 2613 5412 Verbum
2646 5369 2826 5410 suum.
2864 5373 2882 5405 ι

141 5449 209 5502 Τί
245 5447 437 5502 τούτου
484 5447 817 5520 σαφέστερον
849 5451 986 5520 πρὸς
1018 5451 1242 5516 ἔνδειξιν
1273 5452 1371 5522 τῆς
1409 5451 1504 5506 τοῦ
1538 5453 1609 5506 Σιι

1818 5454 1956 5519 Quid
1997 5453 2103 5507 hoc
2136 5449 2481 5505 manifestius
2509 5448 2576 5502 ad
2610 5443 3089 5502 demonstrandam
3131 5439 3321 5496 Salva-

73 5543 239 5614 τῆρος
293 5540 661 5612 σαρκώσεως;
735 5543 1108 5597 ἀποσταλέντα
1159 5545 1268 5614 γὰρ
1325 5544 1498 5615 Λόγον
1553 5545 1609 5600 τὸ

1749 5545 1880 5602 toris
1923 5540 2394 5601 incarnationem?
2442 5538 2666 5596 Missum
2705 5537 2850 5594 enim
2889 5531 3142 5605 intelligit
3185 5530 3321 5587 Ver—

152 5752 194 5784 ”
222 5751 378 5810 Joan.
411 5773 481 5815 γι,
523 5752 611 5807 9.7.
690 5750 734 5783 ’⁷³
773 5751 944 5807 Exod.
969 5767 1078 5821 xw,
1112 5752 1195 5806 15.
