3800 6312
7 299 191 367 1305

1245 308 1707 369 FRAGMENTA
1749 309 1831 369 ΙΝ
1873 313 2228 377 I‘SALMOS.

3231 322 3370 390 1306

7 418 173 481 τοὺς
238 416 686 490 πειραζομένους
736 417 915 486 οἰκεία
972 418 1071 488 μὲν
1129 420 1358 491 δυνάμει
1406 423 1480 493 μὴ
1527 423 1661 493 01p-

1830 434 2052 483 ntantur
2104 432 2342 501 propria:
2391 435 2612 504 quidem
2664 437 2850 493 virtuti
2898 438 3125 496 minime
3178 441 3368 510 ﬁdere,

13 509 208 578 ῥεῖν,
253 506 405 580 μόνῃ
446 506 504 562 δὲ
548 510 618 579 τῇ
660 508 800 580 πρὸς
848 508 942 563 τὸν
977 509 1110 564 Θεὸν
1163 513 1491 584 πεποιθήσει
1537 515 1668 587 χρῆ-

12 599 203 655 σΟαι.

117 713 139 746 ι
175 694 308 748 Καὶ
339 693 753 767 εύφράνθησαν,
786 696 869 748 ὅτι
899 695 1200 766 ήσύχασαν.
1242 717 1259 750 ι

127 783 389 854 Ἐπειδὴ
438 784 501 839 τὸ
549 785 938 854 εὐαγγελικὸν,
971 786 1227 857 καθάπερ
1274 785 1505 857 ἔφημεν,
1556 788 1672 859 ᾐνί-

23 877 189 941 ξατο
222 877 531 949 κήρυγμα,
590 877 912 946 ἀναγκαίως
966 876 1296 947 Ἐκκλησίας
1331 878 1574 952 ᾐνίξατο,
1608 881 1672 933 οὐ

22 968 244 1034 λαοῦ,
278 971 498 1040 μήποτε
549 969 710 1044 δόξῃς
730 972 829 1041 τὴν
854 969 1186 1042 Συναγωγὴν
1208 971 1486 1041 λέγεσθαι,
1508 972 1674 1028 λαῶν

24 1057 101 1110 δὲ
151 1058 281 1112 τῶν
339 1059 514 1113 ἐθνῶν
568 1059 1018 1131 ἐμνημόνευσεν·
1065 1061 1125 1113 ὲν
1161 1055 1244 1124 οἷς
1290 1063 1386 1115 καὶ
1433 1062 1673 1132 καθέδρα

32 1151 498 1223 πρεσϐυτέρων,
522 1152 822 1208 αίνούντων
847 1153 940 1205 τὸν
966 1151 1099 1207 Θεὸν
1122 1155 1237 1216 ταῖς
1266 1152 1672 1218 διδασκαλικαϊς

35 1242 361 1310 γλώσσαις
380 1258 396 1273 ο
434 1244 564 1313 περὶ
591 1236 665 1298 ὧν
694 1244 913 1306 Παῦλος
938 1243 1151 1311 ἔλεγεν·
1177 1248 1240 1298 Ol
1280 1246 1674 1313 πρεσϐύτεροι

37 1331 305 1401 διπλῆς
334 1333 513 1403 τιμῆς
540 1335 969 1389 ἁέιούσθωσαν
990 1350 1004 1363 ο
1036 1335 1309 1404 μάλιστα
1336 1338 1391 1390 οί
1422 1335 1673 1390 κοπιῶν-ο

41 1443 165 1492 τες
201 1426 283 1478 ἐν
307 1427 472 1495 λόγῳ
502 1427 601 1481 καί
634 1426 1020 1493 διδασκαλίᾳ.

140 1534 161 1568 ι
206 1516 419 1571 Ἐθετο
450 1519 729 1589 ποταμοὺς
752 1521 831 1581 είς
862 1517 1092 1589 ἔρημον.
1140 1537 1159 1570 ι

132 1610 262 1680 Τὴν
298 1610 435 1681 παρ’
465 1610 722 1679 Ἕλλησιν
748 1609 984 1664 ενταῦθα
1017 1609 1210 1678 σοφίαν
1240 1610 1479 1681 ᾐνίξατο.
1517 1609 1674 1682 Ἐζή-

50 1700 204 1756 λουν
243 1702 362 1775 γὰρ
403 1704 681 1773 ποταμοὺς
726 1702 814 1755 διὰ
849 1701 946 1771 τὴν
980 1701 1210 1773 ῥέουσαν
1240 1702 1486 1769 γλῶτταν
1522 1703 1673 1772 φιλό-

1770 519 1865 574 sed
1897 520 2009 574 sola
2042 521 2137 577 Dei
2172 522 2371 578 ﬁducia
2403 525 2527 579 niti.

1843 697 2003 754 Vens.
2037 700 2127 755 50.
2160 721 2179 753 ι
2216 704 2283 758 Ει
2305 705 2472 760 laetati
2502 715 2652 772 sunt,
2679 706 2805 776 quia
2836 702 3134 766 silu'erunt.
3172 730 3189 762 ι

1842 790 2320 865 Quandoquidem,
2359 799 2443 852 uti
2484 800 2824 863 dicebamus,
2869 803 3185 874 evangelica
3227 819 3369 873 prae-

1773 885 1973 940 dicatio
2003 887 2181 943 fuerat
2212 890 2512 958 insinuata,
2543 894 2859 949 necessario
2897 895 3060 949 etiam
3098 896 3372 951 Ecclesias

1774 978 1975 1045 innuit,
2021 997 2131 1035 non
2180 983 2385 1052 populi,
2424 1000 2494 1040 ne
2534 985 2677 1041 forte
2715 996 2873 1057 putes
2916 986 3252 1059 Synagogam
3286 989 3372 1042 in-

1775 1068 1968 1141 telligi,
2004 1071 2100 1125 sed
2141 1073 2478 1141 populorum,
2511 1075 2565 1129 id
2605 1085 2689 1131 est
2729 1077 2997 1143 gentium,
3034 1078 3368 1132 mentionem

1775 1158 1946 1213 fecit:
1984 1160 2039 1214 in
2076 1163 2278 1231 quibus
2314 1164 2478 1219 etiam
2516 1175 2601 1223 est
2636 1168 2895 1223 cathedra
2936 1169 3238 1233 seniorum,
3272 1169 3374 1223 lin-

1775 1251 1896 1321 guis
1949 1251 2348 1312 doctrinalibus
2393 1259 2735 1313 laudantium
2784 1261 2954 1315 Deum
3000 1280 3012 1314 :
3055 1262 3123 1316 de
3170 1262 3370 1331 quibus

1775 1343 1978 1400 Paulus
2005 1347 2081 1400 ait
2110 1364 2124 1400 :
2157 1347 2455 1417 Presbyteri
2484 1351 2681 1418 duplici
2722 1353 2916 1406 honore
2963 1354 3110 1423 digni
3146 1353 3372 1407 habean-

1777 1444 1895 1502 tur;
1930 1438 2163 1491 maxime
2187 1440 2277 1510 qui
2302 1440 2550 1493 laborant
2581 1443 2635 1494 in
2663 1443 2816 1495 verba
2842 1452 2890 1496 et
2919 1444 3161 1497 doctrina
3193 1446 3259 1498 τ’.

1850 1523 2009 1580 Vens.
2035 1528 2125 1582 55.
2157 1551 2175 1580 ι
2206 1527 2397 1583 Posuit
2428 1529 2652 1584 ﬁumina
2686 1532 2741 1585 in
2775 1532 3077 1587 desertum.
3114 1551 3134 1585 ι

1846 1612 2157 1671 Graecorum
2226 1618 2318 1673 hic
2381 1618 2565 1673 innuit
2632 1620 2979 1690 sapientiam.
3044 1622 3364 1693 l’hiIOSOphi

1777 1703 1923 1757 enim
1948 1705 2320 1775 sophistaeque
2343 1722 2407 1760 ac
2433 1708 2683 1762 rhetores
2711 1710 2780 1763 ob
2805 1710 3004 1780 lingua!
3032 1710 3365 1767 atlluentiam

53 1767 271 1864 σιτνφοι,⁷
294 1767 393 1848 καὶ
422 1767 693 1863 σοφισταὶ,
730 1795 823 1846 καί¹
870 1767 1098 1864 ῥήτορες
1118 1809 1133 1823 ’
1170 1767 1286 1847 ἀλλ’
1311 1794 1518 1866 ἔρημον
1534 1767 1669 1849 -τού-

1830 1795 1971 1848 ινίοε
2008 1796 2409 1851 aemulabantur
2443 1815 2456 1851 :
2496 1799 2592 1853 sed
2634 1800 2879 1870 ipsorum
2921 1803 3270 1858 mendacium
3302 1821 3367 1861 ac

49 1903 187 1949 τοις
236 1886 473 1953 ἐλέγξας
526 1884 705 1939 αὐτῶν
758 1886 819 1938 τὸ
844 1885 1038 1954 ψεῦδος
1090 1887 1184 1939 καὶ
1249 1886 1665 1957 πεπλασμένον,

52 1978 232 2031 ἔθετο
257 1979 358 2030 καὶ
381 1978 481 2040 τὰς
508 1977 773 2044 διεξόδους
801 1977 910 2031 τῶν
945 1977 1120 2045 λόγων
1166 1977 1412 2047 (τούτους
1440 1978 1550 2047 γὰρ
1583 1980 1672 2032 διὰ

53 2069 173 2140 τὴν
229 2068 420 2138 βιαίαν
468 2068 646 2138 ὁρμὴν
712 2067 1161 2139 προσηγόρευσεν
1222 2066 1415 2135 ὕδατα)
1478 2069 1558 2131 είς
1596 2069 1674 2122 δί-

59 2161 206 2229 ψει-ι.
285 2157 610 2230 Ἀκυρὼσας
678 2158 786 2228 γὰρ
857 2156 1036 2211 αὐτῶν
1089 2156 1190 2228 τὴν
1241 2157 1437 2228 χρῆσιν
1501 2174 1673 2227 μετα-

59 2253 376 2322 ϐέϐληκεν.

151 2364 171 2396 ι
204 2346 323 2415 Τῆν
352 2343 699 2415 καρποφόρον
733 2344 811 2405 είς
843 2341 1041 2412 ἅλμην.
1074 2360 1090 2391 ι

145 2435 329 2488 Τοῦτο
372 2434 560 2502 σαφῶς
600 2435 680 2496 εἰς
708 2433 806 2503 τὴν
865 2434 1129 2487 Ἰουδαίαν
1180 2435 1284 2505 γῆν
1323 2437 1673 2508 καρποφόρον

80 2527 379 2597 (ινομένην
404 2527 492 2578 διὰ
516 2527 640 2588 τοὺς
673 2522 731 2589 ὲξ
780 2526 949 2595 αὐτῆς
991 2527 1279 2597 προφήτας
1312 2529 1405 2581 καὶ
1432 2529 1560 2591 τοὺς
1596 2528 1675 2582 δμ

70 2618 279 2679 καίους
314 2616 554 2687 εἴρηται,
596 2616 718 2685 ἥτις
758 2617 839 2678 είς
874 2616 1055 2686 ἅλμην
1096 2618 1205 2671 ἀπὸ
1246 2619 1445 2682 κακίας
1471 2618 1582 2672 τῶν
1616 2622 1674 2675 ὲν

8 2726 9 2729 ‘
66 2711 222 2779 αὐτῇ
249 2707 650 2761 κατοικούντων
674 2707 1060 2778 Γραμματὲων
1094 2712 1188 2761 καὶ
1214 2711 1549 2780 Φαρισαίων,
1577 2713 1674 2765 καὶ

74 2802 307 2855 πάντων
372 2799 479 2853 τῶν
548 2798 934 2869 ἀσεϐησάντων
992 2800 1073 2862 είς
1136 2801 1372 2870 Χριστὸν
1437 2804 1674 2871 μεταϐἐοι

75 2893 301 2963 ὄληται.
348 2890 548 2945 Οὐκέτι
593 2891 702 2962 γὰρ
750 2892 810 2943 ἐν
866 2891 1050 2954 αὐτοῖς
1099 2892 1298 2962 ἱερεὺς,
1351 2893 1413 2945 ού
1460 2896 1675 2965 προφή-

8 3006 9 3009 η
73 3002 184 3054 της
205 2999 219 3012 ο
258 2982 377 3036 ἀλλ’
403 2981 525 3036 οὐδὲ
551 2982 761 3053 καρπὸς
794 2982 981 3053 ἕτερος
1006 2982 1106 3052 τῆς
1136 2982 1372 3053 ἀρχαίας
1396 2982 1673 3048 πολιτείας

78 3075 426 3146 εὑρίσκεται.

163 3185 181 3217 ι
222 3164 420 3220 Ἐθετο
458 3165 666 3237 ἔρημον
695 3167 774 3230 εἰς
801 3165 999 3233 λίμνας
1038 3166 1271 3222 ὑδάτων.
1308 3186 1328 3219 ι

160 3345 341 3401 Εἰπὼν
375 3348 475 3400 ὅσα
493 3348 605 3410 τοῖς
626 3346 874 3409 ἀπίστοις
897 3346 1175 3417 Ἕλλησιν,
1201 3348 1283 3399 ἐτι
1315 3346 1381 3419 δὴ
1412 3347 1505 3401 καὶ
1548 3347 1674 3401 Ἰου-

84 3438 257 3501 δαίοις
284 3438 476 3509 ἔμελλε
502 3439 822 3508 συμϐαίνειν
859 3438 1079 3507 (ἔϐλεπε
1111 3440 1221 3509 γάρ
1262 3439 1401 3492 αὐτὰ
1429 3442 1540 3503 τοῖς
1573 3440 1672 3508 ὀφ-

88 3529 314 3598 θαλμοῖς
336 3529 429 3583 τοῦ
472 3529 826 3600 πνεύματος),
886 3531 995 3584 ἰδοὺ
1022 3530 1116 3583 νῦν
1147 3532 1214 3586 τὰ
1256 3532 1386 3602 περὶ
1417 3532 1518 3601 τῆς
1552 3533 1674 3585 Ἐκ-

91 3622 318 3691 κλησίας
355 3620 661 3690 συμφώνως
699 3621 777 3693 τῷ
816 3621 1016 3694 Ἡσαΐᾳ
1050 3622 1326 3677 ἐκτίθεται
1354 3641 1368 3655 ·
1403 3626 1537 3695 φησὶ
1564 3626 1672 3697 γὰρ

90 3715 360 3775 κάκεῖνοςο
382 3712 559 3778 Θήσω
587 3713 702 3779 τὴν
724 3713 950 3783 ἔρημον
976 3717 1065 3781 εις
1082 3714 1214 3781 ἕλη,
1244 3714 1342 3767 καὶ
1359 3715 1473 3783 τὴν
1487 3714 1673 3783 διψῶ-

88 3823 216 3862 σαν
255 3804 372 3875 γῆν
397 3808 485 3872 είς
511 3805 914 3877 ὑδραγωγούς.
942 3799 1116 3870 Οὗτος
1147 3807 1206 3859 δὲ
1234 3807 1432 3879 λίμνην
1467 3806 1675 3862 ὑδάτων

87 3898 193 3960 τὰς
222 3897 607 3969 κολυμϐήθρας
655 3898 847 3969 ἐνόησε
881 3899 974 3952 τοῦ
1025 3899 1405 3971 βαπτίσματος
1430 3918 1445 3933 ·
1485 3901 1676 3971 ὥσπερ

94 3987 262 4051 αὑτὰς
302 3991 394 4043 καὶ
443 3988 696 4059 Σολομῶν
746 3990 804 4041 ἐν
833 3990 946 4052 τοῖς
1006 3991 1306 4062 Ι’ᾼσμασιν,
1361 3991 1527 4060 ἡνίκα
1584 3990 1675 4043 τὸν

95 4083 325 4153 Χριστὸν
350 4082 487 4154 πρὸς
517 4083 615 4153 τὴν
650 4082 845 4135 ἑαυτοῦ
878 4082 1098 4153 νύμφην
1126 4084 1392 4153 εἰσήγαγε
1414 4083 1512 4154 τὴν
1551 4084 1674 4136 Ἔκ-

10 4226 11 4231 η
95 4175 320 4245 κλησίαν
350 4177 613 4245 λέγονται
643 4180 707 4231 Ol
731 4178 1028 4246 ὀφθαλμοί
1065 4194 1181 4231 σου
1227 4178 1308 4243 ὡς
1356 4179 1565 4247 λίμναι
1604 4181 1675 4233 ἐν

111 4269 367 4324 Ἐσεϐῶν
386 4269 458 4323 ἐν
484 4270 709 4335 πύλαις
748 4268 1042 4338 θυγατρὸς
1078 4268 1327 4322 πολλῶν
1349 4287 1361 4302 η
1401 4269 1676 4341 θυγατέρα

100 4361 302 4414 πολλῶν
329 4362 429 4432 τὴν
475 4346 804 4432 Ἐκκλησίαν
826 4359 1119 4431 νενοηκὼςο
1144 4362 1205 4414 οὑ
1232 4360 1338 4433 γὰρ
1360 4362 1537 4431 μόνων
1563 4362 1673 4416 τῶν

1776 1886 2052 1941 ﬁctionem
2099 1902 2333 1957 arguens
2379 1889 2660 1943 desertum
2716 1891 2822 1946 illis
2868 1893 3054 1961 posuit
3097 1903 3153 1949 et
3188 1895 3367 1949 exitus

1775 1992 2087 2032 sermonum
2133 1980 2258 2049 (hos
2302 1981 2450 2035 enim
2503 1990 2730 2051 propter
2770 1985 3154 2039 vehementem
3190 1987 3366 2056 impe-

1778 2077 1890 2121 tum
1921 2083 2092 2138 aquas
2131 2070 2448 2141 appellavit)
2481 2071 2535 2125 in
2573 2072 2742 2126 sitim.
2775 2072 3000 2128 Illorum
3033 2075 3180 2129 enim
3204 2093 3364 2132 usum

1775 2160 2046 2233 abrogans
2075 2161 2404 2217 immutavit.

1740 2394 1743 2397 .
1847 2339 2010 2397 Vens.
2042 2342 2132 2396 54.
2170 2361 2188 2394 ι
2220 2342 2447 2399 Terram
2489 2343 2823 2400 fructiferam
2859 2345 2915 2399 in
2951 2345 3304 2416 salsuginem.
3339 2363 3358 2398 ι
3430 2352 3438 2361 ’

1845 2428 1962 2486 Hoc
2014 2433 2307 2503 perspicue
2362 2434 2570 2489 dictum
2619 2443 2704 2489 est
2763 2435 2818 2488 in
2872 2443 3071 2489 terram
3124 2435 3363 2490 Judaeum

1774 2522 2117 2580 lructit‘eram
2182 2537 2408 2596 propter
2459 2527 2761 2597 prophetas
2814 2535 2870 2581 et
2913 2528 3094 2596 justos
3147 2544 3212 2581 ex
3274 2527 3365 2580 illa

1774 2614 2058 2682 oriundos,
2088 2630 2211 2685 qua:
2239 2617 2295 2670 in
2318 2617 2652 2688 salsuginem
2682 2624 3016 2671 commutata
3047 2624 3130 2670 est
3161 2632 3190 2669 a
3210 2616 3366 2669 mali-

1774 2705 1848 2760 tia
1899 2706 2329 2762 inhabitantium
2381 2709 2437 2761 in
2477 2723 2540 2762 ea
2586 2708 2903 2762 Scribarum
2947 2722 3012 2761 ac
3056 2706 3367 2761 Pharisreo-

1775 2812 1921 2863 rum,
1956 2805 2013 2852 et
2053 2799 2301 2853 omnium
2351 2814 2480 2869 erga
2533 2798 2812 2854 Christum
2865 2798 3185 2867 impiorum.
3238 2798 3361 2852 Non

1773 2889 2011 2959 amplius
2043 2890 2193 2945 enim
2240 2891 2293 2945 in
2333 2890 2440 2945 illis
2475 2891 2753 2955 sacerdos,
2787 2906 2897 2945 non
2930 2891 3233 2960 pr0pheta;
3269 2891 3365 2945 sed

1774 2995 1954 3051 neque
1982 2980 2198 3037 fructus
2228 2982 2368 3037 ali-us
2391 2982 2631 3052 antiqum
2662 2980 2976 3051 reipublicae
3001 2980 3295 3050 reperitur.

1845 3165 2012 3222 Vens.
2070 3167 2160 3222 55.
2202 3185 2220 3218 ‹
2261 3167 2451 3222 Posuit
2515 3167 2793 3221 desertum
2847 3166 2901 3219 in
2965 3176 3157 3238 stagna
3196 3179 3365 3235 aqua-

1776 3275 1918 3315 rum.
1956 3279 1975 3312 ι

1842 3350 1981 3406 Cum
2010 3351 2240 3406 dixisset
2267 3351 2357 3406 illa
2385 3367 2507 3421 qua:
2538 3349 2835 3405 incredulis
2863 3350 3118 3418 gentibus
3147 3360 3204 3405 et
3238 3367 3362 3419 qua:

1775 3441 2000 3509 insuper
2035 3432 2239 3495 Iudaeis
2282 3450 2548 3496 eventura
2581 3449 2740 3495 erant
2773 3440 2885 3508 (illa
2917 3442 3063 3494 enim
3102 3442 3366 3511 spiritali-

1774 3532 1876 3587 bus
1898 3533 2069 3585 oeulis
2114 3532 2431 3601 cernebat),
2468 3546 2597 3585 ecce
2637 3546 2787 3584 nunc
2821 3546 2883 3584 ea
2914 3548 3035 3601 quae
3078 3534 3145 3587 ad
3183 3532 3369 3588 Eccle-

1775 3626 1913 3679 siam
1971 3625 2252 3695 pertinent
2310 3623 2669 3679 conformiter
2728 3639 2855 3678 cum
2916 3624 3055 3679 lsaia
3107 3626 3365 3695 exponit;

1777 3734 1903 3773 nam
1931 3724 1988 3772 et
2015 3718 2104 3773 ille
2135 3719 2215 3773 ait
2251 3736 2265 3775 :
2309 3716 2514 3771 Ponam
2552 3724 2816 3772 desertum
2856 3716 2910 3770 in
2946 3717 3185 3787 paludes,
3213 3728 3261 3772 et
3293 3720 3367 3772 si-

1777 3813 1988 3865 tientem
2014 3821 2212 3864 terram
2238 3812 2295 3864 in
2319 3811 2661 3881 aquwductus
2681 3809 2748 3862 ‘°.
2777 3808 2878 3864 llic
2902 3819 3085 3864 autem
3116 3819 3368 3880 stagnum

1778 3918 2043 3972 aquarum
2087 3903 2268 3956 fontes
2306 3902 2653 3971 baptismatis
2690 3901 2807 3957 sive
2844 3901 3163 3971 baptisteria
3206 3902 3369 3955 intel-

1776 3997 1942 4063 lexit;
1995 4004 2159 4065 prout
2205 3998 2371 4050 etiam
2422 3994 2681 4050 Salomon
2732 3995 2787 4050 in
2834 3994 3109 4060 Canticis,
3152 3996 3370 4065 quando

1776 4089 2058 4143 Christum
2107 4089 2176 4143 ad
2227 4103 2484 4157 Sponsam
2530 4103 2685 4142 suam
2722 4086 3021 4142 Ecclesiam
3067 4088 3371 4142 introduxit

1778 4182 2050 4237 dicentem
2086 4198 2101 4236 :
2140 4180 2293 4235 Oculi
2334 4181 2411 4233 tui
2456 4189 2711 4249 tanquam
2744 4189 2936 4250 stagna
2975 4180 3029 4232 in
3062 4180 3266 4233 Esebon
3315 4181 3371 4232 in

1778 4275 1944 4345 portis
1967 4273 2097 4342 ﬁlim
2121 4272 2413 4327 multorum
2437 4271 2519 4338 8';
2553 4270 2718 4325 ﬁliam
2749 4271 3047 4325 multorum
3069 4271 3369 4325 Ecclesiam
3418 4276 3421 4277 ⁷

1778 4366 2091 4437 intelligens
2135 4383 2149 4420 :
2202 4364 2471 4435 siquidem
2523 4379 2633 4419 non
2682 4364 2921 4418 solorum
2975 4362 3368 4432 apostolorum,

103 4454 424 4518 ἀποστόλων,
472 4452 605 4508 ἀλλά
644 4454 737 4506 καὶ¹
786 4452 1087 4524 προφητῶν
1118 4452 1370 4524 θυγάτηρ
1430 4453 1670 4522 ἐγένετο.

1830 4460 1876 4515 ιι]
1920 4436 2085 4514 etiam
2139 4459 2533 4528 prophetarum
2582 4456 2689 4510 ﬁlia
2745 4454 2973 4510 exstitit.
3014 4452 3212 4508 Verum
3259 4469 3369 4507 non

10 4604 11 4625 ἦ
106 4550 215 4603 Οὐκ
251 4545 315 4620 ἦν
353 4550 409 4602 δὲ
445 4551 505 4603 ὲν
550 4549 688 4621 αὐτῇ
746 4550 1015 4621 πρότερον
1054 4549 1229 4617 Λόγος
1277 4550 1434 4616 Θεοῦ,
1485 4549 1581 4603 νῦν
1616 4551 1674 4604 δὲ

10 4704 11 4709 η
106 4640 342 4694 τοσοῦτον
387 4642 642 4694 πλουτεῖο
674 4640 815 4695 ὥστε
849 4643 924 4704 είς
949 4643 1129 4695 πᾶσαν
1155 4642 1326 4711 αὐτῆς
1360 4641 1461 4711 τὴν
1494 4642 1676 4695 οἰκου-

73 4710 85 4725 δ
116 4732 272 4805 μένην
292 4731 586 4786 διαϐαίνειν
610 4732 678 4785 τὰ
700 4732 961 4802 δόγματα·
994 4735 1053 4787 ἐν
1085 4727 1166 4796 οἷς
1199 4710 1534 4802 φυτευθῆναι
1571 4750 1677 4802 μα-

115 4826 309 4896 κάριον.
341 4824 509 4878 Ξύλον
529 4825 638 4895 γάρ
665 4843 719 4877 τι
754 4825 1070 4895 εὑρίσκεται
1104 4826 1163 4878 ἐν
1205 4825 1385 4895 καιρῷ
1417 4825 1509 4879 τὸν
1542 4843 1676 4896 καρ-

117 4918 210 4971 πὸν
243 4918 444 4983 ποιοῦν,
469 4916 564 4970 καὶ
589 4919 800 4988 μήποτε
836 4917 899 4969 τὸ
922 4917 1119 4985 φύλλον
1149 4916 1482 4979 ἀποϐάλλον,
1510 4917 1585 4980 ὡς
1616 4920 1673 4971 ἐν

119 5008 216 5069 τοῖς
237 5007 532 5078 προοιμίοις
554 5007 664 5061 τῶν
691 5006 939 5077 Ψαλμῶν
970 5008 1411 5078 ἀναγέγραπται.

192 5116 211 5150 ι
241 5098 341 5165 καὶ
368 5099 773 5170 συνεστήσαντο
805 5098 992 5162 πόλεις
1025 5097 1403 5161 κατοικεσίας.
1438 5118 1456 5150 ι

188 5272 255 5327 Οὐ
286 5273 456 5339 πόλιν,
491 5274 627 5328 ἀλλὰ
662 5276 870 5340 πόλεις.
915 5275 1220 5346 Διαφόρους
1258 5274 1368 5345 γὰρ
1396 5275 1675 5339 πολιτείας

125 5367 152 5420 ό
170 5363 225 5431 ἐξ
254 5363 413 5418 ἐθνῶν
437 5364 565 5427 λαὸς
592 5363 725 5435 ἔχει,
767 5366 826 5420 ὲν
858 5363 947 5429 αἷς
976 5366 1253 5421 κατοικίαι
1296 5365 1407 5418 τῶν
1438 5367 1673 5437 ἀρετῶν,

131 5457 312 5520 αἵτινες
354 5456 446 5509 τὸν
496 5455 698 5511 ἔσωθεν
741 5457 898 5527 ήμῶν
930 5459 1220 5529 ἄνθρωπον
1268 5458 1551 5526 σκέπουσι,
1582 5459 1678 5512 κέ-

131 5566 323 5620 κτηται.

195 5728 271 5787 "l
303 5728 436 5786 'Iirn.
463 5745 516 5792 v,
550 5726 637 5780 17.
716 5726 757 5758 ⁸ο
789 5724 890 5781 Isa.
920 5743 1028 5793 xu,
1054 5727 1135 5785 l8.
1212 5726 1253 5759 ’”
1281 5694 1434 5781 Cant.
1472 5743 1567 5789 vu.
1601 5729 1653 5785 4.

1783 4560 1900 4606 erat
1927 4552 1982 4606 in
2010 4566 2073 4605 ea
2101 4551 2255 4620 prius
2284 4549 2522 4605 Verbum
2553 4547 2670 4615 Dei,
2705 4548 2800 4603 sed
2840 4561 2987 4601 nunc
3028 4545 3161 4600 illud
3196 4545 3370 4614 possi-

1783 4643 1912 4708 det;
1948 4643 2019 4697 ita
2057 4650 2117 4696 ut
2148 4656 2366 4696 omnem
2412 4651 2680 4695 terrarum
2725 4640 2915 4695 orbem
2964 4637 3083 4706 ejus
3118 4637 3369 4705 dogmata

1783 4741 2109 4804 penetrem;
2158 4732 2211 4785 in
2256 4732 2453 4800 quibus
2500 4730 2811 4785 institutum
2846 4742 2967 4782 esse
3006 4726 3227 4780 beatum
3264 4734 3369 4778 est.

1784 4824 1930 4880 Talis
1967 4823 2115 4878 enim
2152 4823 2425 4892 reperitur
2462 4820 2669 4889 lignum
2702 4819 2847 4886 quod
2879 4818 2935 4870 in
2969 4824 3214 4884 tempore
3256 4813 3371 4867 l‘ru-

1782 4925 1931 4971 ctum
1979 4915 2128 4979 facit,
2164 4923 2220 4967 et
2252 4912 2340 4967 cui
2376 4926 2657 4981 nunquam
2705 4910 2897 4963 lolium
2942 4906 3168 4973 decidit,
3213 4914 3273 4961 ut
3314 4907 3371 4960 in

1784 5007 2066 5080 principiis
2097 5006 2437 5061 Psalmorum
2470 5002 2737 5071 scriptum
2769 5009 2874 5057 est.

1855 5100 2017 5156 Vens.
2069 5099 2157 5154 56.
2211 5119 2231 5152 ι
2279 5099 2347 5155 Et
2399 5095 2806 5153 constituerunt
2852 5094 3101 5150 civitates
3154 5092 3367 5149 habita-

1783 5191 1970 5246 tionis.
2011 5209 2029 5243 ι

1852 5279 1972 5336 Νοη
2004 5280 2303 5346 civitatem,
2339 5280 2434 5336 sed
2470 5278 2739 5334 civitates.
2769 5278 3022 5333 Diversas
3060 5275 3206 5329 enim
3249 5289 3366 5329 res-

1783 5372 2029 5443 publicas
2056 5372 2221 5426 habet
2241 5371 2475 5441 populus
2496 5385 2561 5424 ex
2587 5369 2860 5441 gentibus,
2886 5368 2942 5421 in
2964 5365 3161 5436 quibus
3186 5366 3361 5434 possi-

1788 5463 1880 5518 det
1912 5463 2171 5518 virtutum
2207 5462 2590 5528 habitationes,
2622 5475 2740 5532 qua:
2770 5458 3087 5515 interiorem
3118 5464 3387 5512 nostrum.

1788 5556 2065 5612 hominem
2101 5564 2406 5627 protegunt.
