3800 6312
442 284 584 350 1307

507 406 669 460 Vsus.
705 403 795 458 57.
834 422 853 455 ι
888 402 955 458 Ει
980 404 1392 460 seminaverunt
1425 421 1606 477 agros.
1648 426 1667 460 ι

507 497 652 567 Ager
670 494 941 565 siquidem
963 504 1049 551 est
1068 497 1412 567 philOSOphia
1437 498 1525 552 illa
1550 514 1671 569 quae
1696 498 1763 554 ad
1793 515 2025 570 regnum

438 587 705 643 etelorum
748 587 991 643 adducit.
1042 587 1135 642 Sic
1179 589 1327 643 enim
1369 590 1446 642 ait
1488 590 1755 647 Dominus
1793 592 2025 650 :Simile

440 688 513 732 est
557 695 776 749 regnum
819 677 1067 733 extorum
1120 678 1367 733 thesauro
1413 681 1717 739 abscondito
1753 685 1810 738 in
1846 701 2021 754 agro:

440 786 592 839 quem
624 771 713 839 qui
739 770 934 823 invenit
960 770 1114 823 homo
1140 770 1431 835 abscondit,
1467 782 1513 826 et
1535 790 1645 844 pra'
1667 778 1863 848 gaudio
1880 778 2022 830 illius

439 860 584 913 vadit
617 869 663 912 et
688 860 860 913 vendit
885 860 1131 913 universa
1161 875 1278 929 qua:
1306 860 1479 925 habet,
1504 872 1551 915 et
1582 865 1705 918 emit
1738 881 1928 935 agrum
1958 865 2023 917 il-

441 949 549 1002 lum
578 950 644 1001 δ’.
682 950 826 1003 idem
862 964 961 1019 per
1006 951 1319 1019 parabolam
1361 955 1738 1022 Operariorum
1772 957 2023 1012 mercede

439 1022 833 1095 conductorum
859 1042 1100 1097 ostendit
1123 1057 1245 1097 esse
1271 1045 1486 1101 vineam
1511 1044 1591 1113 ⁸³;
1624 1047 1863 1102 fructum
1891 1064 2022 1104 vero

437 1132 732 1201 geniminis
776 1140 887 1186 tam
935 1133 1275 1189 tricesimum
1320 1154 1482 1205 quam
1527 1140 1920 1210 sexagesimum
1967 1151 2023 1195 et

438 1221 801 1276 centesimum
833 1222 881 1253 ”
918 1238 1014 1278 eos
1060 1225 1265 1282 referre
1313 1229 1518 1283 clarqu
1563 1243 1644 1285 est
1687 1232 1781 1302 qui
1814 1233 2017 1289 Christi

436 1314 838 1384 philosophiam
897 1316 1191 1384 excolunt,
1243 1329 1301 1398 et
1352 1322 1586 1377 virtutes
1643 1323 1699 1377 in
1748 1342 1812 1380 ea
1862 1325 2020 1396 plan-

440 1412 576 1460 tam.
1042 1418 1046 1422 ’

505 1587 668 1642 Vens.
718 1589 807 1645 38.
857 1608 879 1642 ι
918 1590 987 1646 Ει
1039 1592 1320 1650 benedixit
1375 1608 1510 1663 eos,
1563 1604 1621 1651 et
1676 1597 2018 1669 multiplicati

436 1687 585 1733 sunt.
632 1698 651 1730 ι

507 1769 728 1826 Scilicet
754 1787 821 1826 ex
848 1772 1137 1830 duodecim
1164 1775 1250 1830 vel
1280 1775 1422 1832 forte
1451 1777 1796 1849 septuaginta
1828 1778 1884 1834 in
1914 1779 2017 1836 tria
2047 1752 2093 1814 Β

436 1861 628 1928 millia,
658 1863 858 1920 deinde
882 1867 1147 1937 quinque,
1171 1868 1370 1925 deinde
1395 1870 1450 1924 in
1480 1879 1559 1926 tot
1586 1880 1818 1927 centena
1848 1875 2018 1932 millia

435 1963 569 2024 quot
627 1956 876 2013 videmus
932 1960 1317 2030 profecerunt;
1366 1978 1488 2032 quae
1536 1963 1614 2019 uti
1662 1980 1762 2035 par
1805 1974 1889 2021 est
1927 1968 2018 2039 ju-

434 2056 621 2101 menta
662 2049 1035 2119 apostolorum
1077 2051 1390 2122 appellavit,
1427 2062 1614 2124 utpote
1653 2055 1723 2111 ab
1759 2056 1896 2127 ipsis
1931 2057 2016 2114 iu-

433 2134 642 2190 stitnta.

502 2227 664 2284 Vsus.
705 2229 793 2284 40.
837 2250 857 2283 ι
906 2232 1091 2288 Effusa
1141 2244 1226 2292 est
1269 2238 1610 2309 contemptio
1652 2255 1820 2311 super
1859 2242 2014 2314 prin-

432 2321 478 2375 ei
484 2335 582 2390 pes
612 2336 824 2379 eorum.
856 2343 874 2376 ι

502 2416 605 2482 Qui
641 2433 836 2490 nempe
867 2429 1136 2494 martyres
1173 2424 1241 2479 ad
1284 2426 1618 2497 impietatem
1658 2429 2009 2502 instigabant.

430 2506 543 2561 lllis
578 2509 724 2565 enim
766 2510 1096 2570 instantibus
1142 2517 1259 2571 zelo
1308 2517 1469 2585 fidei,
1518 2520 1829 2592 principum
1877 2539 2009 2579 con-

432 2598 681 2667 temptio,
718 2600 772 2654 id
817 2609 901 2657 est
934 2603 1212 2673 despectio
1256 2622 1324 2663 ac
1357 2608 1557 2675 vilitas,
1595 2610 1772 2667 eﬂ‘usa
1818 2623 1921 2681 est,
1957 2623 2012 2669 et

430 2689 745 2745 exundavit.
797 2691 1096 2762 [inpiorum
1146 2697 1461 2770 principum
1510 2704 1852 2773 propositum
1897 2723 2008 2762 non

430 2789 550 2831 erat
569 2780 687 2836 via:
718 2796 898 2852 neque
919 2785 1066 2839 enim
1091 2803 1190 2857 per
1210 2787 1491 2846 Christum
1519 2795 1891 2865 ambulabant,
1917 2798 2010 2868 qui

430 2879 565 2926 erat
598 2885 789 2928 revera
836 2874 955 2943 via,
1001 2885 1058 2932 et
1102 2880 1337 2949 veritas,
1390 2892 1445 2939 et
1492 2884 1622 2941 vita.
1668 2886 2012 2959 Quapropter

431 2978 632 3034 scopus
671 2981 864 3023 eorum
894 2979 1014 3025 erat
1047 2972 1231 3028 invius
1270 2992 1284 3028 :
1319 2974 1586 3046 siquidem
1617 2980 1790 3049 spinis
1815 2982 2012 3054 impie-

1640 290 2004 353 IIESYCHII
2043 292 2519 357 PRESBYTER!

3632 300 3745 369 tam

2052 412 2101 471 Α
2203 432 2224 465 ‹
2258 414 2368 467 Kal
2402 414 2669 487 ἕσπειραν
2692 414 2916 486 ἀγρούς.
2956 435 2976 467 ι

2207 503 2404 575 Ἀγρὸς
2440 507 2538 576 μὲν
2561 501 2654 560 οὖν
2672 508 2823 560 ἐστιν
2848 507 2881 578 ὴ
2902 506 3201 577 φιλοσοφία
3219 509 3254 577 ή
3289 508 3452 579 πρὸς
3483 508 3593 581 τὴν
3610 510 3737 579 3cm-

2125 596 2273 651 λείαν
2318 598 2429 651 τῶν
2472 599 2718 669 οὐρανῶν
2763 599 2981 669 ἀπάγου
2996 617 3087 654 σα.
3134 601 3288 671 ⁴Ῑιησῖ.
3336 600 3466 672 γὰρ
3512 602 3733 667 οὕτωςέ

2125 688 2364 759 Κύριος·
2415 691 2623 759 Ὅμοια
2658 691 2834 745 ἐστὶν
2875 693 2915 761 ἡ
2963 692 3266 757 βασιλεία
3299 693 3439 747 τῶν
3478 696 3727 764 οὐρα-ὼ

2125 779 2407 849 θησαυρῷ
2428 782 2499 834 ἐν
2524 781 2687 852 ἀγρῷ
2717 784 3138 852 κεκρυμμένῳ·
3177 785 3257 838 ὃν
3286 786 3514 853 εὑρὼν
3544 787 3725 855 ἄνειν

2124 882 2239 936 πος
2274 871 2523 940 ἔκρυψε,
2553 874 2653 927 καὶ
2696 872 2817 928 ἀπὸ
2867 872 2978 943 τῆς
3021 873 3220 945 χαρᾶς
3277 876 3498 931 αὐτοῦ
3538 878 3723 947 ὑπάγει

2123 961 2235 1016 καὶ
2265 962 2457 1017 πωλεῖ
2499 962 2702 1018 πάντα
2756 964 2876 1019 ὅσα
2925 965 3092 1034 ἔχει,
3139 966 3250 1021 καὶ
3301 966 3611 1067 ἀγοράζει
3642 971 3719 1023 τὰ
3774 961 3782 1067 δ

2123 1054 2310 1124 timor
2351 1055 2608 1113 ἐκεῖνον.
2642 1057 2967 1132 Τὴν-αὐτὴν
3007 1061 3103 1114 καὶ
3148 1060 3491 1132 ἀμπελῶνα
3532 1060 3713 1134 Grati;

2123 1147 2440 1219 παραϐολῆς
2473 1150 2583 1205 τῶν
2618 1152 2868 1222 ἐργατῶν
2908 1153 3019 1208 τῶν
3069 1154 3497 1225 μισθωθέντων
3540 1154 3712 1219 ἔδειξε.

2122 1240 2335 1310 καρπὸν
2357 1241 2415 1294 δὲ
2437 1244 2775 1314 γεννήματος
2806 1244 2897 1299 τὸν
2916 1246 2974 1299 ὲν
3007 1245 3320 1317 τριάκοντα
3358 1247 3467 1301 καὶ
3496 1249 3561 1302 ὲν
3592 1250 3693 1319 ἑξή-

2122 1352 2288 1387 κοντα
2341 1337 2434 1388 καὶ
2468 1337 2663 1390 ἑκατὸν
2689 1336 2912 1408 εὔδηλον
2941 1338 3018 1402 ὡς
3050 1337 3420 1410 γεωργοῦσιν
3452 1341 3511 1393 οἱ
3545 1340 3637 1411 τὴν
3662 1343 3701 1394 ἐς

2119 1424 2342 1496 Χριστῷ
2372 1425 2694 1495 φιλοσοφίαν
2720 1427 3138 1498 μελετήσαντες,
3161 1428 3265 1482 καὶ
3294 1429 3529 1500 ἀρετὰς
3560 1430 3618 1483 ὲν
3640 1432 3709 1483 :1-

2119 1517 2187 1586 τῇ
2218 1517 2754 1586 καταφυτεύσαντες.

2196 1625 2215 1658 ι
2258 1607 2369 1661 Καὶ
2401 1607 2697 1679 εὐλόγησεν
2729 1610 2954 1677 αὐτοὺς,
2994 1610 3091 1665 καὶ
3119 1612 3605 1686 ὲπληθὺνθησανι
3640 1634 3660 1668 ι

2205 1788 2337 1841 Ἀπὸ
2365 1786 2477 1858 γὰρ
2504 1785 2712 1841 δώδεκα
2745 1787 2779 1857 ἢ
2817 1788 2979 1859 τυχὸν
3010 1788 3411 1861 ἑϐδομήκοντα
3449 1792 3540 1857 εἰς
3563 1793 3708 1864 χιλιὲ·

2118 1877 2216 1942 δας
2262 1880 2414 1948 τρεῖς
2438 1917 2452 1942 ,
2490 1875 2610 1931 εἶτα
2662 1878 2850 1946 πέντε,
2890 1877 3013 1934 εἷτα
3053 1881 3262 1952 μυρίας
3328 1884 3477 1947 ὅσας
3515 1886 3703 1956 ὁρῶβδ

2122 1968 2470 2041 προέκοψανο
2499 1968 2757 2035 οὕστινας
2793 1972 2968 2042 κτήνη
3013 1972 3125 2028 τῶν
3196 1975 3548 2032 ἀποστόλων
3588 1978 3701 2031 εἱώ-

2117 2078 2247 2130 τως,
2276 2061 2350 2126 ὡς
2378 2061 2471 2116 ὐπ’
2493 2062 2674 2117 αὐτῶν
2700 2062 3175 2135 μαθητευθέντας,
3208 2068 3519 2124 ἐκάλεσεν.

2195 2260 2213 2291 ι
2265 2240 2525 2313 Ἐξεχύθη
2548 2241 2899 2309 ὲξουδένωσις
2934 2245 3023 2298 ἐπ’
3044 2244 3325 2318 ἄρχοντας
3363 2247 3575 2304 αὐτῶν.
3608 2268 3629 2303 ι

2186 2421 2325 2484 Τοὺς
2384 2419 2602 2474 ἀσεϐεῖν
2663 2422 3152 2492 προτρεπομένους
3210 2424 3350 2487 τοὺς
3409 2427 3692 2497 μάρτυρες.

2125 2510 2527 2581 Ἐνισταμένων
2565 2511 2677 2582 γὰρ
2738 2510 2919 2565 αὐτῶν
2952 2512 3031 2583 τῷ
3063 2512 3218 2584 ζήλῳ
3248 2515 3356 2584 τῆς
3396 2518 3693 2583 πίστεως,ἠ

2110 2603 2222 2659 τῶν
2250 2603 2530 2675 ἀρχόντων
2547 2602 2918 2669 ὲξουδένωσις,
2933 2606 3215 2660 τουτέστιν
3242 2606 3273 2658 ό
3286 2609 3607 2680 φαυλισμὸς
3627 2612 3694 2661 ni

2113 2698 2146 2767 ἡ
2169 2686 2438 2759 εὐτέλεια,
2478 2694 2735 2766 ἐξεχεῖτο,
2761 2697 2855 2749 καὶ
2883 2696 3239 2762 ὲπλεόναζεν.
3277 2700 3405 2753 Οὐκ
3446 2697 3519 2771 ἦν
3541 2701 3643 2763 ea;
3666 2704 3693 2770 ἡ

2111 2791 2221 2845 τῶν
2260 2791 2480 2845 ἀσεϐῶν
2513 2791 2797 2862 ἀρχόντων
2833 2792 3129 2863 πρόθεσις’
3172 2793 3302 2847 οὐδὲ
3328 2794 3457 2867 γὰρ
3492 2797 3695 2867 Χριστὸν

2110 2886 2211 2955 τὴν
2239 2884 2408 2947 ὅντως
2453 2883 2594 2952 ὁδὸν,
2636 2884 2734 2939 καὶ
2783 2883 2952 2955 ζωὴν,
3000 2886 3098 2940 καὶ
3140 2886 3462 2957 ἀλήθειαν,
3504 2888 3694 2942 ὥδευσε.

2111 2978 2315 3049 Διόπερ
2351 2978 2556 3041 άϐατος
2580 2979 2763 3033 αὐτῶν
2803 2981 2833 3032 ό
2878 2978 3082 3043 σκοπὸς
3130 2980 3399 3052 ὑπῆρχεν
3421 2999 3437 3012 ’
3472 2983 3696 3037 inﬁda

432 3056 559 3109 tatis
588 3059 669 3111 ac
709 3058 924 3113 tribulis
976 3062 1304 3133 opplebatur
1345 3084 1360 3122 :
1403 3068 1460 3123 in
1512 3086 1621 3139 quo
1668 3070 1814 3128 Deus
1863 3073 2000 3145 ipsos

2158 3070 2224 3140 ἀρ
2241 3070 2351 3123 τῶν
2391 3069 2450 3136 ἐξ
2495 3068 2757 3133 ἀσεϐείας
2789 3070 2885 3123 καὶ
2920 3071 3188 3142 τριϐόλων
3238 3072 3622 3147 πεπλήρωτο·
3655 3076 3697 3125 ἓν

429 3147 664 3217 decepit.
709 3149 1094 3211 Existimantes
1140 3157 1288 3213 enim
1329 3175 1389 3216 se
1425 3176 1526 3231 per
1561 3172 1859 3236 martyrum
1900 3183 2008 3224 cae-

428 3239 554 3293 dem
585 3240 698 3310 jam
744 3242 1025 3299 dilatatam
1068 3262 1132 3303 ac
1171 3263 1485 3308 currentem
1524 3253 1686 3310 ﬁdem
1718 3257 2008 3328 incisuros,

426 3332 785 3401 aberrarunt;
813 3337 1258 3411 quandoquidem
1285 3344 1390 3415 ipsi
1409 3346 1477 3402 ad
1499 3348 1724 3419 gloriam
1747 3360 1803 3406 et
1828 3352 2009 3410 incre-

429 3428 677 3477 mentum
703 3426 950 3496 mysterii
978 3429 1130 3486 zelus
1158 3441 1457 3505 martyrum
1487 3439 1778 3496 exstiterit.

497 3596 661 3687 Vens.
686 3599 777 3655 ιι.
807 3619 826 3654 ι
861 3601 928 3658 Ει
947 3604 1159 3675 adjuvit
1185 3624 1481 3680 pauperem
1509 3613 1578 3669 de
1600 3615 1805 3687 inopia.
1843 3638 1860 3670 ι

498 3686 824 3759 Pauperem,
866 3692 923 3748 id
970 3704 1076 3764 est,
1124 3699 1385 3768 populum
1431 3702 1524 3771 qui
1570 3686 2008 3774 persecutionem

430 3781 758 3849 patiebatur.
804 3782 1021 3855 Pauper
1059 3789 1209 3843 enim
1249 3799 1366 3846 erat
1399 3793 1493 3862 qui
1534 3796 1745 3851 nullum
1777 3799 2011 3857 habebat

431 3873 484 3925 in
532 3872 849 3930 hominibus
896 3878 1209 3946 praesidium
1246 3900 1262 3938 :
1302 3899 1490 3939 verum
1533 3901 1600 3942 ex
1638 3888 1741 3945 hac
1770 3906 2009 3963 pauper-

432 3973 541 4019 tate
567 3966 672 4036 ipsi
693 3982 852 4039 opem
878 3970 1022 4026 tulit.
1047 3973 1182 4028 Cum
1208 3975 1494 4034 hominum
1518 3980 1760 4039 favorem
1783 3986 2010 4044 minime

432 4056 691 4125 haberet,
732 4061 829 4116 sed
871 4078 1092 4132 omnes,
1140 4075 1250 4122 tam
1297 4072 1485 4142 populi
1534 4090 1697 4144 quam
1752 4094 1907 4151 reges
1953 4073 2010 4138 et

432 4146 727 4217 principes,
761 4149 938 4220 ipsum
977 4168 1379 4227 oppugnarent,
1412 4161 1553 4219 Deus
1595 4176 1715 4222 erat
1752 4146 2008 4243 ei'adju-

431 4252 519 4297 tor
546 4261 560 4296 :
586 4244 641 4298 in
683 4261 791 4314 quo
813 4248 979 4302 etiam
1013 4264 1206 4306 omnes
1244 4252 1496 4312 inimicos
1533 4263 1830 4330 superavit.

506 4352 526 4385 ι
564 4332 630 4388 Ει
651 4337 835 4405 posuit
865 4339 1006 4394 sicut
1029 4355 1163 4394 oves
1189 4342 1443 4401 familias.
1476 4367 1496 4401 ι

2113 3157 2198 3236 ᾗό
2219 3163 2350 3226 Θεὸς
2379 3162 2579 3227 αὐτοὺς
2613 3162 2945 3233 ἐπλάνησεν.
2987 3164 3248 3234 Οίόμενοι
3295 3166 3420 3236 γὰρ
3456 3167 3695 3221 κλεεννα-

2114 3255 2280 3326 μένην
2310 3255 2410 3327 τὴν
2448 3255 2632 3308 πίστιν
2680 3255 2777 3309 καὶ
2804 3256 3109 3326 τρέχουσαν
3132 3258 3490 3313 ἀνακόπτειν
3514 3260 3599 3313 διὰ
3618 3261 3695 3328 τῆς

2109 3346 2217 3401 τῶν
2246 3346 2545 3418 μαρτύρων
2575 3347 2937 3419 ἀναιρέσεως,
2962 3347 3285 3403 ἐπλανῶντο
3309 3366 3325 3381 ·
3360 3352 3564 3422 ἐπειδὴ
3585 3354 3695 3422 πρὸς

2110 3437 2267 3508 δόξης
2292 3439 2427 3509 αὐτῇ
2463 3439 2558 3492 καὶ
2579 3436 2868 3509 προκοπῆς
2893 3439 2990 3493 τοῦ
3028 3441 3346 3511 μυστηρίου
3374 3444 3410 3496 ὁ
3429 3443 3592 3514 ζῆλος
3608 3444 3692 3497 τῶν

2113 3531 2409 3603 μαρτύρων
2439 3531 2679 3600 ἐγένετο.

2187 3640 2205 3672 ι
2236 3622 2346 3675 Kal
2378 3620 2680 3693 ἐϐοήθησεν
2714 3622 2912 3693 πένητι
2937 3625 3003 3678 ὲκ
3042 3625 3355 3695 πτωχείας.
3399 3646 3424 3681 ι

2181 3712 2403 3784 Πένητι,
2439 3714 2710 3779 τουτέστι,
2749 3712 2827 3783 τῷ
2864 3713 3185 3788 διωκομένῳ
3219 3717 3365 3789 λαῷ.
3394 3720 3577 3791 Πένης
3605 3721 3686 3789 γᾶρ

2109 3802 2178 3876 ἦν
2197 3804 2455 3875 οὐδεμίαν
2484 3804 2627 3875 ἔχων
2651 3806 2709 3860 ὲν
2739 3806 3049 3878 ἀνθρώποις
3076 3810 3419 3882 ἐπικουρίας
3442 3813 3685 3884 ὓπαρξιν-

2108 3896 2224 3952 air
2244 3898 2309 3950 ὲκ
2327 3895 2531 3966 ταύτης
2544 3895 2690 3968 αὐτῷ
2707 3900 2807 3970 τῆς
2833 3901 3108 3970 πτωχείας
3133 3900 3480 3974 ἐϐοήθησεν,
3497 3905 3687 3969 Ἐκειῆ

2109 3988 2219 4061 γὰρ
2264 3988 2570 4060 ἀνθρώπων
2612 3990 2714 4044 οὐκ
2760 3987 2876 4062 εἶχε
2926 3993 3120 4066 ῥοπὴν,
3174 3994 3387 4059 πάντες
3441 3998 3506 4052 δὲ

2109 4082 2430 4153 ἐπολέμουν,
2459 4081 2621 4153 δῆμοι
2652 4083 2749 4136 καὶ
2788 4082 3032 4154 βασιλεῖς
3082 4087 3177 4140 καὶ
3194 4086 3497 4159 ἄρχοντες,
3526 4091 3557 4142 ό
3582 4090 3687 4150 θεὸς

2108 4171 2177 4247 ἦν
2226 4174 2454 4247 βοηθός·
2494 4175 2581 4245 ἐφ’
2622 4167 2669 4243 ᾧ
2711 4176 2808 4231 καὶ
2858 4177 3069 4244 πάντας
3119 4179 3250 4245 τοὺς
3314 4182 3597 4254 πολέμους
3620 4199 3688 4237 ve-

2109 4270 2352 4339 νικηκεν.

2186 4380 2207 4415 ι
2248 4360 2357 4415 Kal
2379 4359 2531 4414 ἔθετο
2562 4361 2639 4426 ὡς
2666 4362 2918 4434 πρόϐατα
2946 4358 3202 4436 πατριᾶςζ
3240 4383 3261 4417 ι

396 4504 397 4507 η
501 4424 962 4497 Congregationes
1019 4440 1318 4500 martyrum
1378 4438 1699 4507 appellavit;
1756 4447 2000 4513 quando-

2183 4451 2264 4506 Τὰ
2295 4424 2632 4522 συστήματα
2658 4424 2767 4507 τῶν
2810 4424 3107 4526 μαρτύρων
3145 4424 3420 4514 ἐκάλεσεν
3447 4479 3463 4493 ο
3498 4462 3680 4529 ἐπαγ

430 4513 653 4582 quidem
685 4529 753 4569 ex
786 4517 958 4573 variis
997 4517 1338 4579 facinoribus
1368 4531 1648 4596 generosis
1680 4534 1763 4588 vel
1798 4539 2008 4598 meritis

430 4606 765 4662 exstiterint.
815 4608 927 4665 llos
992 4620 1251 4684 tanquam
1310 4633 1443 4675 oves
1502 4624 1719 4692 posuit,
1771 4638 2006 4686 mortem

432 4697 679 4767 ipsorum
711 4715 812 4770 pro
844 4703 1116 4760 sacrificio
1145 4708 1474 4780 suscipiens.
1629 4752 1635 4759 .
1884 4776 1888 4782 ,

504 4784 665 4843 Vsus.
701 4790 792 4845 45.
831 4810 850 4844 ι
886 4790 1020 4859 Quis
1050 4798 1270 4868 sapiens
1299 4808 1354 4856 et
1378 4802 1648 4861 custodiet
1672 4807 1824 4866 haec?
1855 4829 1874 4863 ι

502 4881 627 4938 Uno
663 4885 917 4956 sapiente
955 4888 1059 4945 ista
1105 4895 1454 4951 custodiente
1489 4899 1659 4955 multa
1695 4918 1798 4970 per
1827 4904 2005 4976 ipsum

428 4976 660 5032 scientia
700 4981 1051 5053 cognitioque
1082 4986 1322 5041 exsistit.
1363 4987 1444 5043 Tu
1489 4990 1656 5062 igitur
1695 5011 1821 5051 cum
1865 5000 2008 5056 scias

429 5067 611 5138 ipsum
650 5068 786 5143 legis
827 5075 1113 5130 custodem
1144 5077 1447 5147 appellasse
1475 5085 1802 5153 sapientem,
1837 5090 1883 5145 si
1916 5106 2006 5148 sa-

429 5157 697 5229 pientiam
744 5160 1061 5228 desideres,
1115 5164 1288 5235 legem
1339 5182 1569 5238 operare
1607 5188 1622 5228 :
1658 5177 1802 5232 actio
1852 5180 2003 5235 enim

429 5248 678 5318 proficua
715 5258 803 5305 est
847 5250 1296 5322 iutelligentibus.
1347 5256 1504 5316 Haud
1550 5279 1779 5332 parvum
1820 5277 2004 5325 autem

432 5337 564 5394 hinc
595 5352 815 5396 emanat
851 5342 1304 5412 emolumentum,
1342 5351 1782 5422 quandoquidem
1820 5365 1884 5413 to
1924 5361 2005 5415 le-

433 5444 554 5497 gem
592 5432 938 5489 custodiente
982 5433 1173 5504 reliqui
1222 5438 1629 5500 misericordias
1660 5444 1874 5504 Domini
1914 5452 2002 5507 in-

433 5519 708 5577 tellecturi
742 5523 874 5585 sint.

2110 4561 2218 4615 περ
2237 4544 2301 4597 ἐκ
2320 4543 2594 4614 διαφόρων
2629 4545 3136 4619 ὲπιτηδευμάτωνῆ
3170 4548 3518 4623 ἀξιωμάτων
3546 4552 3679 4622 ξτέτ-

2109 4655 2292 4710 χανον.
2328 4636 2564 4700 Τούτους
2591 4637 2668 4701 ὡς
2710 4635 2962 4708 πρόϐατα
2993 4638 3174 4705 ἔθετο,
3206 4640 3304 4697 τὸν
3335 4643 3575 4700 θάνατον
3599 4643 3679 4698 εὗ-

2109 4734 2219 4788 τῶν
2246 4734 2368 4787 ἀντὶ
2396 4732 2592 4797 θυσίας
2621 4732 2936 4803 δεξάμενος.

2186 4844 2206 4879 ε
2232 4826 2329 4888 Τίς
2358 4825 2539 4895 σοφὸς,
2574 4826 2669 4879 καὶ
2692 4825 2921 4893 φυλάξει
2948 4826 3123 4883 ταῦτα
3153 4845 3170 4893 ;
3205 4848 3225 4882 ι

2198 4916 2349 4980 Ἐνὸς
2384 4915 2546 4984 σοφοῦ
2564 4915 2737 4970 ταῦτα
2770 4916 3131 4986 φυλάττοντος
3171 4921 3350 4991 πολλὴ
3382 4923 3605 4988 σῦνεσις
3628 4924 3685 4977 δι’

2111 5005 2279 5061 αὐτοῦ
2310 5006 2408 5060 καὶ
2448 5006 2743 5075 ἐπίγνωσις
2770 5009 3006 5075 γίνεται.
3044 5010 3118 5064 Σὺ
3154 5012 3342 5064 τοίνυν
3388 5015 3587 5085 μαθὼν
3617 5016 3687 5070 ὃτι

2072 5148 2083 5163 ,
2115 5094 2276 5166 σοφὸν
2295 5096 2387 5150 τὸν
2419 5096 2640 5164 φύλακα
2690 5097 2783 5152 τοῦ
2813 5099 2981 5170 νόμου
3028 5103 3507 5174 προσηγόρευσεν,
3549 5109 3602 5161 sl
3624 5124 3687 5161 σοι

2112 5188 2242 5259 φίας
2278 5186 2590 5257 ἐπιθυμεῖς,
2628 5186 2863 5258 ἐργάζου
2913 5188 3003 5244 τὸν
3048 5191 3249 5263 νόμον·
3300 5200 3570 5269 προκοπὴ
3597 5200 3685 5268 γὰρ
3780 5182 3781 5189 “

2108 5281 2222 5342 τοῖς
2269 5279 2511 5343 συνετοῖς
2549 5279 2584 5349 ἡ
2631 5276 2851 5348 πρᾶξις.
2901 5279 2974 5333 Τὸ
3017 5282 3217 5354 ,κέρδος
3256 5285 3317 5338 δὲ
3362 5286 3429 5340 οὐ
3482 5289 3684 5361 μικρὸν,
3780 5318 3781 5323 η

2110 5368 2297 5439 ἐπειδὴ
2353 5367 2448 5422 σοῦ
2477 5368 2569 5422 τὸν
2605 5369 2766 5440 νόμον
2801 5370 3169 5441 φυλάττοντος
3227 5375 3406 5450 hepa-
3456 5381 3537 5436 τὰ
3580 5379 3683 5450 illa
3780 5378 3781 5439 Ῐ

2113 5458 2211 5513 τοῦ
2241 5457 2378 5512 Θεοῦ
2409 5459 2749 5531 συνήσουσιν.

509 5720 554 5750 ⁸³
585 5718 776 5778 Matth.
816 5743 934 5796 xm,
960 5726 1047 5783 Η.
1126 5731 1171 5766 ⁸³
1199 5731 1395 5792 Matth.
1426 5753 1517 5805 xx,
1557 5738 1607 5794 Ι.
1685 5736 1734 5771 ⁸⁵
1758 5737 1950 5796 Matth.
1976 5758 2090 5813 sui,
2127 5744 2180 5800 8.
