3800 6312
3 270 67 335 l9
1133 294 1592 360 FRAGMENTA
1631 303 1711 362 ΙΝ
1749 304 2108 368 PSALMOS.

1608 429 1655 479 Α

514 437 526 452 .
540 396 838 451 ΨΑΛΜΟΣ
875 400 997 457 PZ'.

3 495 22 530 I
83 479 236 555 ᾨδὴ
265 483 498 556 ψαλμοῦ
515 485 594 556 τῷ
623 487 812 544 Δαυΐδ.
864 509 884 542 ι

10 569 204 642 ᾮδὴν
218 575 456 648 ψαλμοῦ
470 577 570 650 τὴν
590 580 648 634 ὲν
666 581 884 634 συνέσει
903 581 1215 656 δοξολογίαν
1232 589 1398 658 λέγει·
1418 591 1579 648 τοῦτο

3 679 38 733 ρ
70 667 186 718 καὶ
219 669 352 733 τοῖς
384 670 513 742 ἑξῆς
540 671 918 744 δειχθήσεται.

3 858 24 890 ι
85 840 354 916 Ἑτοίμη
387 847 642 920 ήκαρδία
683 868 814 922 μου,
850 853 881 906 ό
915 853 1067 920 Θεός.
1095 875 1115 908 ι

3 932 341 1007 Μακάρων
371 939 684 1011 ἑτοιμάζειν
712 943 836 1016 Θεῷ
861 945 962 1017 τὴν
1003 949 1235 1020 καρδίαν
1261 968 1274 980 ·
1319 953 1435 1021 ἕξει
1469 957 1576 1029 γὰρ

3 1024 108 1078 τὸν
143 1029 178 1080 6
206 1029 537 1102 ἐτοιμάζων
581 1035 816 1092 ἔνοικον.
862 1039 1087 1113 Ἐπειδὴ
1124 1043 1182 1096 δὲ
1213 1045 1316 1099 τὸν
1343 1024 1520 1117 Λόγον

3 1119 270 1188 ιοφήτης
309 1120 593 1189 δίεσωσεν,
643 1127 757 1198 ἄρα
787 1128 988 1200 διπλῆν
1014 1133 1164 1204 αὐτῷ
1208 1135 1310 1204 τὴν
1353 1139 1576 1210 ἑτοιμα-

3 1221 60 1297 tv
91 1212 468 1281 προσφέρειν
496 1214 812 1288 ὀφείλομεν.
841 1219 952 1272 Καὶ
991 1221 1243 1297 καθάπερ
1276 1227 1326 1280 οἰ
1353 1226 1578 1297 βασιλέα

7 1295 278 1390 λλοντες
317 1303 678 1375 ὑποδέχεσθαι
707 1309 1064 1379 ἑτοιμάζουσι
1090 1315 1184 1368 τὸν
1214 1295 1388 1385 οἰκον,
1419 1319 1575 1390 πρῶ-

3 1404 30 1440 ν
75 1389 200 1458 μὲν
235 1392 694 1468 ἐκκαθαίροντες,
732 1398 986 1472 δεύτερον
1019 1403 1074 1458 δὲ
1128 1398 1300 1479 σκεύη
1331 1409 1391 1462 ὲν
1423 1389 1576 1481 αῦτῷ

50 1481 221 1551 πρὸς
255 1482 366 1555 τὴν
406 1487 596 1557 χρείαν
639 1490 1062 1564 ἀποτιθέμενον
1106 1497 1248 1551 οὕτω
1287 1499 1386 1552 καὶ
1414 1501 1574 1570 ἡμεῖς

3 1569 156 1642 τλῆν
195 1573 535 1645 ἑτοιμασίαν
557 1578 636 1647 τῷ
656 1579 774 1652 Θεῷ
800 1586 1245 1654 παρασκευάζειν
1270 1569 1570 1661 χρῄζομεν·

4 1680 82 1718 αν
128 1665 276 1734 μὲν,
313 1667 671 1741 καθαίροντες
700 1673 790 1726 τὸν
811 1673 909 1743 τῆς
947 1675 1175 1746 καρδίας
1203 1679 1363 1732 ναόν·
1396 1679 1573 1734 δεύτε-

5 1769 56 1807 ν“
91 1756 189 1823 δὲ,
229 1758 449 1829 ἀρετὰς
485 1761 624 1833 αὐτῇ
669 1763 766 1816 καὶ
799 1765 1027 1834 πράξεις
1071 1768 1284 1837 ἀγαθὰς
1314 1771 1576 1841 ὲπεισφέ-
1609 1767 1652 1822 Β

3 1864 172 1910 ντες.
220 1847 394 1902 Οὕτω
432 1852 543 1922 γὰρ
572 1853 704 1923 ἡμῖν
743 1855 771 1906 ό
803 1854 939 1919 Θεὸς
980 1857 1083 1910 οὐκ
1133 1857 1431 1929 ἐνδημήσει
1476 1859 1574 1930 μό-

3 1953 58 1999 ν,
95 1937 260 1991 ἀλλὰ
291 1940 386 1993 καί
412 1942 738 2012 ὲγχρονίσει.
760 1945 930 2012 Δόξαν
965 1948 1160 2002 ἑαυτοῦ
1207 1952 1236 2004 ό
1279 1951 1574 2022 Προφήτης

5 2045 38 2081 ν
133 2029 398 2100 Χριστὸν
437 2035 915 2107 προσηγόρευσεν·
962 2040 1152 2112 ἐπειδὴ
1216 2042 1574 2114 συμμόρφους

3 2120 104 2181 ta;
137 2121 255 2190 τῆς
293 2121 454 2192 δόξης
479 2125 579 2193 τῆς
607 2127 840 2193 οἰκείας,
870 2129 1154 2185 ἀναλασὼν
1179 2133 1248 2186 τὰ
1291 2134 1568 2205 ἡμέτερα,

3 2210 302 2281 ιποίηκεν.
334 2214 426 2266 Ἐν
459 2216 635 2288 τούτῳ
655 2216 835 2272 τοίνυν
865 2220 1012 2290 ᾅδειν
1039 2223 1135 2276 καὶ
1159 2223 1327 2292 ψάλλε
1339 2243 1386 2278 ιν
1414 2227 1569 2294 φησὶ,

4 2304 244 2369 υτέστι,
284 2307 385 2361 σὺν
429 2309 635 2362 αἰνέσει
676 2311 1002 2380 δοξολογεῖν.
1053 2317 1118 2368 Τί
1143 2316 1198 2368 δὲ
1229 2319 1288 2370 ὲν
1332 2317 1410 2388 τῷ
1447 2320 1573 2389 Χρι-

9 2391 60 2462 ᾦ
101 2393 434 2464 δοεολογείν
463 2400 560 2452 καὶ
577 2399 802 2468 ψάλλειν
826 2420 842 2469 ;
872 2403 940 2457 τὰ
971 2407 1098 2475 περὶ
1127 2407 1292 2460 αὐτοῦ
1327 2407 1570 2479 δηλονότι

3 2485 281 2556 ιστήρια.

22 2698 46 2731 σ
93 2680 494 2754 Ἐξεγέρθητι,
528 2686 562 2756 ἡ
593 2685 724 2751 δόξα
757 2705 881 2758 μου.
921 2710 942 2741 ι

21 2771 223 2825 Πόθεν
251 2789 270 2837 ;
320 2773 386 2825 ἐκ
416 2773 525 2828 τῶν
563 2779 836 2833 ταπεινῶν
879 2782 978 2853 τῆς
1011 2783 1428 2857 ἀνορωπότητος
1461 2804 1568 2858 μυ-

3 2863 239 2933 πιρίων,
282 2866 349 2917 ἐκ
395 2865 504 2919 τῶν
550 2871 763 2940 νεκρῶν
808 2871 903 2936 οὓς
957 2875 1234 2930 κατελθὼν
1273 2880 1302 2931 6
1331 2880 1567 2949 Χριστὸς

3 2953 364 3022 τεσκέψατο·
412 2957 620 3012 ἐκεῖθεν
669 2961 832 3015 αὑτὸν
876 2963 1263 3038 ἐξαναστῆσαι,
1316 2971 1404 3022 ἵνα
1476 2973 1567 3025 καὶ

3 3043 265 3115 eamea
286 3086 302 3111 ,
333 3044 409 3108 ὡς
443 3047 746 3117 μελλόντων
783 3054 944 3123 ἡμῶν
977 3062 1249 3113 κοινωνεῖν
1283 3061 1430 3131 αὐτῷ
1463 3062 1565 3132 τῆς

3 3135 122 3206 ἱξης
163 3136 274 3206 τῆς
315 3138 392 3202 εἰς
437 3140 699 3211 οὐρανοὺς
747 3144 1018 3215 βούλεται.
1071 3151 1205 3203 Οὐδὲ
1240 3152 1349 3224 γὰρ
1396 3154 1557 3223 μόνον

3 3229 309 3300 ›νήγειρεν
355 3232 533 3302 ἡμᾶς,
582 3234 720 3288 ἀλλὰ
763 3240 859 3292 καὶ
910 3243 1270 3298 συνεκάθισεν
1311 3247 1371 3298 ὲν
1413 3247 1568 3318 δεξιᾷ

3 3319 172 3374 ιυτοῦ
226 3324 288 3374 ἐν
327 3325 442 3386 τοῖς
488 3327 856 3396 ἐπουρανίοις.
909 3331 1155 3386 Παλαιὰν
1197 3335 1432 3389 ἐνταῦθα
1475 3339 1568 3390 καὶ

3 3411 189 3483 .αινὴν
217 3413 499 3486 Διαθήκην
545 3415 925 3490 ἐξεγερθῆναι,
979 3424 1059 3485 εἰς
1107 3424 1206 3488 τὰς
1258 3429 1384 3498 περὶ
1432 3427 1568 3482 Θεοῦ

6 3502 296 3573 αρτυρίας
330 3506 669 3584 παρακαλεῖ,
702 3507 843 3562 ὥστε
875 3511 942 3563 δι’
985 3515 1168 3567 αὐτῶν
1208 3519 1568 3589 πιστευθῆναι

3 3587 57 3638 νῦ
93 3589 347 3658 Χριστοῦ
390 3591 488 3662 τὴν
537 3593 855 3652 ἀνάστασιν.
896 3599 960 3652 Ἢ
1010 3603 1110 3672 μὲν
1163 3604 1272 3676 γὰρ
1313 3587 1567 3678 προλέγει

3 3679 97 3743 οὺς
124 3679 364 3748 καιροὺς
387 3682 482 3734 καὶ
510 3682 637 3747 τοὺς
664 3685 864 3750 τόπους
883 3705 898 3720 ·
924 3691 958 3760 ἠ
985 3690 1040 3744 δὲ
1062 3693 1155 3746 ἐπὶ
1189 3696 1287 3762 τῆς
1319 3699 1562 3769 ἱστορίας

3 3768 35 3820 ἀ
74 3769 459 3839 προλεχθέντα
492 3772 782 3831 δείκνυσιν.

44 3876 65 3909 ί
121 3859 600 3933 ἶΕξεγερΘήσομαι
632 3863 854 3936 ὄρθρου.
895 3886 915 3920 ι

47 3950 378 4022 Ἀπόκρισιν
416 3955 674 4025 εἰσήγαγε
709 3957 802 4011 τοῦ
839 3960 1078 4031 Χριστοῦ
1125 3967 1190 4037 τῇ
1244 3968 1427 4039 δεήσει
1473 3974 1566 4027 τοῦ

3 4041 271 4135 [ροφήτου
324 4043 758 4114 συμϐαίνουσανο
803 4053 831 4103 6
872 4051 971 4123 μὲν
1001 4055 1110 4126 γὰρ
1150 4059 1311 4112 αὑτὸν
1336 4061 1566 4135 ἐξεγερ-

3 4133 133 4198 ῆναι
173 4132 452 4188 ἱκέτευσεν
486 4137 692 4206 εἰπὼν,
737 4141 1098 4214 Ἐξεγέρθητι
1121 4188 1136 4215 ,
1170 4149 1209 4218 ἡ
1238 4150 1390 4216 δόξα

3 4228 39 4278 ί)
108 4226 170 4278 δὲ
219 4227 316 4280 καὶ
355 4227 444 4281 τὸν
481 4231 672 4301 καιρὸν
695 4233 839 4298 ,καθ’
908 4235 969 4288 ὃν
1023 4237 1330 4309 οἰκονομεῖν
1385 4245 1569 4312 μέλλει

3 4317 168 4381 οῦτο,
221 4319 614 4390 κατήγγειλεν·
671 4324 1171 4400 Ἐξεγ-ερθήσομαι
1212 4332 1341 4405 γὰρ,
1378 4337 1563 4406 φησὶν,

3137 321 3272 386 1310

2217 423 2538 483 PSALMUS
2575 429 2735 485 CVII.

1749 507 1915 567 Vens.
1952 512 2000 566 l.
2043 532 2062 566 ι
2100 515 2385 573 Canticum
2419 523 2614 590 psalmi
2648 523 2751 594 ipsi
2785 524 2976 583 David.
3013 547 3032 582 ι

1747 601 2040 659 Canticum
2072 608 2264 676 psalmi
2301 619 2462 666 vocat
2494 614 2955 672 collautlationem
2991 619 3046 674 in
3081 622 3265 679 scien-

1678 696 1802 750 tia:
1843 698 1949 754 hoc
2000 699 2148 754 enim
2200 703 2365 758 etiam
2424 721 2526 775 per
2577 709 2866 778 sequentia
2919 711 3264 771 demonstra-

1679 789 1850 844 bitur.

1753 875 1908 932 Vens.
1935 878 1988 932 2.
2031 898 2050 932 ι
2093 879 2344 938 Paratum
2379 899 2475 940 cor
2507 901 2714 954 meum,
2753 889 2916 945 Deus.
2951 911 2971 944 ι

1752 966 1976 1024 Beatum
2021 981 2105 1027 est
2151 989 2464 1044 praeparare
2508 993 2605 1032 cor
2653 979 2765 1035 Deo
2801 999 2814 1034 :
2848 997 2976 1037 nam
3022 987 3115 1054 qui
3158 988 3262 1044 hoc

1678 1069 1835 1128 parat
1877 1062 2110 1118 habebit
2161 1065 2338 1134 ipsum
2397 1069 2654 1124 incolam.
2711 1072 2847 1128 Cum
2894 1085 3077 1130 autem
3125 1077 3260 1133 Pro-

1679 1153 1844 1222 pheta
1884 1153 2120 1210 Verbum
2163 1157 2268 1213 hoc
2305 1163 2628 1227 servaverit,
2662 1166 2852 1236 utique
2897 1168 3170 1239 duplicem
3210 1171 3260 1225 ei

1678 1247 2130 1315 praeparationem
2185 1248 2386 1306 aﬂ‘erre
2441 1251 2731 1309 debemus.
2787 1257 2854 1312 Et
2901 1262 3260 1328 quemadmo-

1676 1337 1805 1391 dum
1869 1338 1948 1392 illi
1988 1339 2085 1408 qui
2135 1355 2322 1408 regem
2376 1343 2618 1412 hospitio
2663 1349 2946 1417 excepturi
2985 1360 3116 1406 sunt
3157 1353 3257 1408 do-

1675 1444 1825 1484 mum
1877 1439 2106 1500 parant,
2151 1432 2390 1502 primum
2434 1434 2656 1504 quidem
2699 1452 2821 1492 eam
2869 1451 3258 1512 expurgantes,

1675 1521 1876 1577 deinde
1916 1538 2050 1578 vero
2097 1538 2228 1580 vasa
2278 1525 2347 1579 ad
2393 1535 2552 1580 usum
2603 1528 2919 1584 necessaria
2964 1531 3022 1584 in
3064 1533 3260 1588 eadem

1674 1615 2042 1682 collocantes;
2093 1616 2174 1672 sic
2218 1616 2387 1672 etiam
2438 1633 2542 1674 nos
2583 1619 2858 1689 duplicem
2900 1625 3258 1693 praeparatio-

1676 1724 1804 1763 nem
1845 1708 1959 1764 Deo
1997 1709 2263 1765 exhibere
2294 1710 2562 1766 debemus
2594 1729 2609 1766 :
2641 1729 2806 1768 unam
2853 1715 3078 1785 quidem
3119 1726 3259 1772 tem-

1677 1803 1827 1873 plum
1859 1803 2043 1859 cordis
2076 1804 2463 1872 emundando;
2506 1804 2736 1860 alteram
2770 1823 2902 1863 vero
2931 1809 3163 1866 virtutes
3193 1827 3260 1866 ac

1674 1894 1877 1962 probas
1907 1892 2155 1946 actiones
2190 1891 2269 1947 illi
2304 1891 2619 1948 inferendo.
2656 1891 2748 1948 Sic
2780 1894 2926 1948 enim
2969 1896 3111 1952 Deus
3145 1913 3254 1954 non

1673 1979 1849 2032 solum
1889 1980 1954 2032 ad
1999 1995 2103 2034 nos
2139 1979 2528 2044 diversabitur,
2571 1995 2765 2037 verum
2803 1982 2971 2038 etiam
3004 1985 3059 2038 in
3097 1988 3256 2042 nobis

1672 2069 2125 2126 commorabitur.
2165 2071 2408 2126 Gloriam
2449 2087 2604 2127 suam
2648 2073 2739 2130 hic
2777 2072 3052 2144 Propheta
3089 2076 3253 2131 Chri-

1674 2170 1816 2215 stum
1867 2161 2195 2232 appellavit;
2249 2164 2693 2234 quandoquidem
2745 2182 2872 2222 cum
2923 2179 3110 2223 nostra
3167 2187 3258 2226 as-

1672 2254 1934 2322 sumpsit,
1985 2252 2302 2309 conl'ormes
2351 2271 2456 2311 nos
2503 2257 2689 2326 gloriae
2732 2274 2844 2314 suae
2887 2260 3144 2316 reddidit.
3195 2263 3253 2317 In

1672 2358 1738 2397 eo
1786 2343 1951 2414 igitur
1999 2345 2336 2400 cantandum
2389 2354 2445 2400 et
2495 2349 2839 2417 psallendum
2888 2351 2995 2418 ait,
3047 2351 3100 2407 id
3147 2363 3251 2418 est,

1672 2450 1797 2490 cum
1846 2435 2008 2490 laude
2056 2436 2471 2492 celebrandum.
2525 2438 2666 2504 Quid
2720 2457 2887 2512 porro
2935 2442 2991 2496 in
3038 2442 3256 2498 Christo

1671 2530 2063 2585 celebrandum
2140 2541 2196 2585 et
2275 2533 2662 2601 psallendum?
2735 2536 2922 2607 utique
2999 2538 3254 2609 mysteria

1671 2620 1860 2690 ipsius.

1747 2712 1904 2767 Vsus.
1937 2713 1988 2768 5.
2024 2731 2044 2766 σ
2076 2714 2344 2785 Exsurge,
2378 2715 2546 2787 gloria
2577 2731 2719 2772 mea.
2753 2737 2771 2769 ι

1739 2803 1938 2860 Unde?
1972 2804 2050 2860 Ex
2095 2806 2398 2863 humilibus
2443 2808 2802 2865 humanitatis
2843 2810 3138 2880 mysteriis,
3184 2825 3252 2866 ex

1670 2897 1803 2966 ipsis
1844 2897 2077 2952 mortuis
2125 2914 2266 2968 quos
2311 2899 2655 2955 descendens
2696 2900 2948 2956 Christus
2993 2902 3252 2960 visi-tare-

1669 2999 1754 3045 rat
1780 3008 1792 3044 :
1825 2990 1950 3046 inde
1980 2990 2101 3045 vult
2130 2991 2310 3061 ipsum
2343 3007 2657 3062 exsurgere,
2685 3001 2748 3048 ut
2773 2994 2935 3048 etiam
2968 2995 3248 3062 ascendat,

1594 3112 1638 3171 α
1670 3096 1778 3149 quo
1805 3089 1861 3136 et
1897 3096 2000 3136 nos
2035 3097 2254 3166 quoque
2298 3082 2536 3138 caelestis
2571 3083 2692 3153 ejus
2730 3085 2915 3155 gloriae
2956 3087 3251 3157 participes

1671 3172 1989 3227 evadamus.
2031 3160 2153 3228 Non
2183 3174 2362 3229 solum
2393 3175 2543 3229 enim
2578 3177 3124 3238 nos-consuscitavit.
3155 3179 3250 3233 sed

1671 3263 1832 3315 etiam
1863 3264 2166 3319 consedere
2195 3264 2326 3320 fecit
2353 3264 2408 3320 in
2439 3266 2665 3322 dextera
2695 3281 2792 3320 sua
2823 3267 2879 3320 in
2911 3268 3250 3329 ccelcstibos.

1669 3351 1934 3408 Provocat
1978 3355 2083 3409 hoc
2125 3355 2248 3410 loco
2278 3357 2450 3412 Vetus
2477 3372 2543 3412 ac
2569 3355 2781 3413 Novum
2812 3357 3246 3423 Testamentum,

1671 3453 1731 3498 ut
1770 3453 2027 3514 exsurgat
2069 3445 2136 3498 ad
2176 3447 2490 3502 testimonia
2535 3448 2603 3503 de
2648 3447 2760 3502 Deo
2807 3448 3152 3517 proferenda,
3193 3459 3250 3502 ut

1668 3551 1768 3606 per
1805 3550 1869 3588 ea
1901 3534 2108 3588 Christi
2152 3537 2487 3590 resurrectio
2521 3537 2894 3592 conﬁrmetur.
2930 3538 3067 3592 Illud
3101 3539 3246 3591 enim

1668 3627 1914 3698 praedicit
1945 3635 2194 3696 tempora
2223 3635 2280 3680 et
2309 3626 2458 3694 loca;
2496 3627 2599 3681 hoc
2627 3641 2761 3682 vero
2788 3627 2841 3681 in
2879 3627 3101 3683 historia
3127 3645 3250 3699 quae

1669 3719 1926 3790 praedicta
1952 3718 2173 3773 fuerant
2199 3718 2459 3774 ostendit.

1747 3913 1766 3946 ι
1803 3893 2101 3964 Exsurgam
2132 3894 2393 3950 diluculo.
2433 3915 2452 3948 ι
2841 3937 2856 3954 -κ

1741 3985 2179 4054 Responsionem
2219 3985 2428 4041 Christi
2479 3986 2780 4042 introduxit
2823 3988 3106 4058 Propheta!
3148 4003 3248 4059 pe-

1673 4074 1848 4130 titioni
1884 4084 2282 4145 congruentem
2310 4094 2324 4130 :
2357 4076 2447 4130 hic
2475 4077 2622 4130 enim
2662 4076 2810 4130 illum
2842 4089 3148 4148 rogaverat,
3189 4090 3248 4134 ut

1669 4171 1989 4234 exsurgeret
2017 4164 2228 4231 dicens,
2261 4164 2522 4236 Exsurge,
2549 4165 2720 4236 gloria
2748 4182 2885 4221 mea.
2916 4167 3038 4237 Ipse
3067 4180 3249 4223 autem

1670 4257 1834 4312 etiam
1872 4267 2086 4328 tempus
2116 4257 2487 4323 annuntiavit,
2535 4274 2644 4328 quo
2685 4259 2829 4314 istud
2867 4269 2986 4315 erat
3021 4261 3245 4331 dispen-

1670 4359 1887 4405 saturus
1917 4369 1931 4405 :
1962 4350 2260 4421 Exsurgam
2291 4351 2458 4417 enim,
2522 4350 2729 4421 inquit,
2757 4350 3009 4406 diluculo.
3048 4352 3246 4410 Iisdem

3 4416 219 4511 ρθροσρ.
281 4409 372 4474 Ἐξ
404 4412 572 4484 αὐτῆς
616 4414 812 4482 λέξεως
844 4418 906 4471 τὸ
948 4419 1027 4490 τῷ
1064 4421 1246 4491 Λουκᾷ
1292 4427 1422 4497 περὶ
1469 4430 1568 4497 τῆς

1697 4455 1789 4494 ere
1827 4441 2006 4496 verbis
2051 4441 2251 4511 quibus
2291 4441 2467 4496 Lucas
2504 4443 2789 4497 historiam
2825 4445 3244 4501 resurrectionis

4 4497 328 4562 vastasse);
363 4501 715 4573 ἱστορημένον
743 4506 1115 4580 φθεγξάμενος
1132 4529 1148 4543 ·
1176 4514 1428 4584 Ὀρθρου
1452 4519 1570 4582 ,βα-

3 4588 112 4654 ¹ἐος
145 4586 341 4659 ἦλθον
378 4594 659 4661 γυναῖκες
685 4597 784 4650 ἐπὶ
827 4598 895 4651 τὸ
929 4601 1156 4670 μνῆμα,
1197 4605 1488 4674 φέρουσαι
1533 4608 1572 4664 ἅ

3 4680 320 4748 ιτοίμασαν
341 4680 618 4751 ἀρώματα
642 4701 655 4714 ·
688 4681 768 4750 οἷς
815 4689 908 4742 καὶ
963 4692 1030 4744 τὰ
1084 4692 1218 4747 ἄλλα
1277 4696 1376 4766 τῆς
1438 4700 1568 4752 ἀνα-

3 4771 229 4831 πτάσσως
283 4770 376 4823 τοῦ
435 4772 686 4844 Σωτῆρος
715 4778 1018 4848 ἐπήγαγεν.

53 4878 73 4912 ι
113 4861 240 4913 ’Ότι
273 4861 417 4931 μέγα
450 4862 637 4916 ἐπάνω
670 4866 776 4919 τῶν
807 4870 1074 4936 οὐρανῶν.
1120 4894 1141 4924 ρ

51 4951 244 5015 Ἔλεος
279 4953 370 5006 καὶ
419 4954 648 5026 ἀλήθεια
689 4959 785 5028 τῆς
823 4962 1138 5034 οἰκονομίας
1181 4967 1275 5021 τοῦ
1322 4971 1560 5040 Χριστοῦ

3 5039 38 5090 εὖ
65 5043 361 5112 μυστήριον
385 5060 399 5073 ’
437 5045 579 5100 ὥστε
614 5048 705 5103 τὸν
739 5053 1033 5125 Προφήτην
1064 5056 1255 5110 τοῦτον
1287 5059 1558 5132 ἀλλαχόσε

3 5133 166 5200 ἐγει·
215 5137 419 5203 Ἔλεος
457 5142 556 5194 καὶ
604 5143 857 5215 ἀλήθεια
899 5150 1324 5221 συνήντησαν.
1363 5157 1458 5222 Εἰς
1500 5158 1559 5212 ἓν

3 5226 93 5324 ξαρ
133 5227 167 5296 ή
200 5227 289 5281 τοῦ
321 5230 559 5324 ὶίριστοῦ
599 5235 930 5309 θεότης,,καὶ
978 5244 1336 5324 ἁνθρωπόιεης
1363 5253 1427 5322 τῇ
1462 5252 1557 5306 τοῦ

3 5317 145 5385 ιὸγου
179 5319 451 5391 σαρκώσει
480 5318 854 5398 ’κατήντησαν.
873 5333 1036 5389 Ἀλλὰ
1059 5338 1118 5391 τὸ
1154 5317 1430 5409 μὲν’.ἕλεος
1456 5347 1559 5416 ἁρ-

3 5411 175 5512 ιόττιει
198 5417 261 5485 τῇ
294 5415 388 5468 τοῦ
423 5419 797 5488 σαρκωθὲντος
839 5425 1004 5495 λόγου
1031 5429 1242 5504 θεότητι
1266 5435 1424 5507 (αὐτὴ
1449 5411 1556 5512 γαρ

3 5501 47 5556 ιδ
76 5504 296 5576 πλάσμα
317 5513 378 5562 τὸ
399 5510 600 5564 οἰκεῖον
623 5513 890 5588 ἐλέησεν),
925 5522 959 5592 ὴ
986 5501 1213 5594 ἀλήθεια
1240 5501 1295 5581 δέ.
1323 5533 1387 5601 τῇ
1413 5501 1554 5603 ’σάρξ

67 5679 109 5714 ⁸⁵
145 5681 437 5752 Luc.xx1v,
478 5688 522 5741 l.
600 5686 644 5719 ⁸⁸
675 5687 1145 5762 Psal.txxxn',ll.

1667 4542 2057 4588 commemorat
2097 4531 2288 4588 dicens
2320 4553 2332 4588 :
2373 4534 2532 4589 Valde
2573 4535 2805 4590 diluculo
2843 4547 3094 4592 venerunt
3129 4553 3245 4590 mu-

1667 4620 1818 4675 lieres
1866 4623 1937 4676 ad
1986 4633 2400 4690 monumentum,
2441 4634 2711 4694 portantes
2759 4643 2875 4696 qua:
2923 4636 3247 4698 paraverant

1665 4721 1910 4766 aromata
1939 4712 1986 4746 ⁸³
2012 4731 2026 4767 :
2057 4715 2259 4782 quibus
2297 4716 2461 4769 etiam
2495 4717 2705 4786 reliqua
2739 4717 2808 4770 de
2841 4717 3252 4776 resurrectione

1667 4801 1968 4859 Salvatoris
2001 4806 2302 4872 subiunxit.

1743 4894 1882 4949 Vsus
1904 4894 1956 4950 5.
1995 4915 2011 4945 ι
2042 4893 2179 4960 Quia
2211 4889 2402 4966 magna
2432 4905 2516 4948 est
2545 4909 2708 4964 super
2738 4896 2924 4950 oculos.
2973 4918 2990 4950 ι

1740 4986 2110 5042 Misericordia
2136 4995 2192 5042 et
2219 4987 2422 5041 veritas
2447 4995 2575 5041 sunt
2596 4987 3018 5056 dispensationis
3039 4988 3246 5046 Christi

1669 5079 2013 5150 mysterium;
2073 5079 2146 5134 ita
2204 5087 2261 5133 ut
2313 5078 2580 5148 Propheta
2639 5079 2806 5133 etiam
2857 5081 2982 5134 alibi
3033 5082 3179 5136 dicat.
3223 5103 3245 5144 ;_

1667 5170 2025 5224 Misericordia
2079 5182 2128 5225 el
2177 5172 2371 5226 ueritas
2425 5171 2763 5226 obuiaverunt
2801 5172 2869 5227 ⁸⁸.
2915 5173 3024 5228 Per
3076 5174 3246 5231 Verbi

1666 5260 1810 5314 enim
1857 5251 2288 5315 incarnationem
2333 5260 2536 5315 Christi
2592 5262 2849 5318 divinitas
2887 5272 2941 5318 ct
2983 5265 3241 5320 humani—

1665 5359 1746 5406 tas
1776 5351 1831 5405 in
1866 5368 2034 5405 unum
2069 5362 2466 5407 convenerunt.
2503 5352 2892 5409 Verumtamen
2923 5357 3243 5412 miscricor-

1664 5440 1749 5494 dia
1807 5441 2026 5510 quidem
2091 5442 2359 5498 incarnati
2427 5443 2588 5499 Verbi
2649 5445 2922 5501 divinitati
2987 5449 3239 5519 congruit

1665 5532 1804 5604 (ipsa
1828 5535 1973 5590 enim
2010 5535 2248 5607 ﬁgmenti
2283 5535 2370 5592 sui
2411 5536 2630 5593 miserta
2674 5536 2825 5609 fuit),
2859 5539 3061 5596 veritas
3107 5556 3240 5597 vero
