3800 6312
21 225 162 291 313
1242 228 1706 292 FRAGMENTA
1741 231 1824 292 ΙΝ
1857 234 2215 298 PSALMOS.
3200 242 3339 308 13M

75 343 219 397 Διὰ
254 343 362 398 τοῦ
395 343 571 399 Μωὰϐ
612 342 681 398 τὰ
705 342 837 414 ἔθνη
867 343 1163 398 αἰνίττεται
1191 361 1204 376 °
1233 344 1437 417 λέϐητα
1475 346 1531 401 δὲ
1565 347 1652 401 ὲλ-

1832 348 1936 405 Per
1974 351 2132 407 Moab
2178 361 2368 423 gentes
2419 352 2660 411 insinuat
2709 375 2721 410 :
2765 357 3000 414 lelietcm
3049 375 3180 416 vero
3222 364 3337 433 spei

21 435 187 500 κίδος
232 437 392 491 αὐτὰ
432 436 611 501 καλεῖ,
654 437 902 489 τουτέστι
947 434 1342 507 θερμαίνοντας
1382 437 1480 492 καὶ
1515 440 1650 492 ἀνα-

1783 459 1902 513 psas
1955 455 2135 510 vocat,
2192 447 2245 501 id
2292 457 2377 502 est
2403 447 2788 507 calefacientes
2841 460 2896 506 et
2945 455 3339 512 resuscitantes

21 530 455 602 ωπυροῦντας
496 530 594 601 τὴν
621 531 702 594 εἰς
728 529 895 583 αὐτὸν
929 528 1142 589 ἐλπίδα.
1172 528 1299 592 Πῶς
1332 530 1389 583 δὲ
1430 529 1652 599 θερμαί-

1788 549 1909 603 pem
1967 535 2021 589 in
2080 535 2278 605 ipsum.
2338 538 2627 604 Quomodo
2677 549 2859 597 autem
2920 544 3338 601 calefacientes?

21 637 237 685 οντας
272 639 291 688 ;
323 622 404 693 τῷ
432 620 611 693 νοητῷ
637 622 773 693 πυρὶ
811 619 913 690 τῆς
948 620 1233 691 ἐνεργείας
1271 620 1368 673 τοῦ
1397 621 1649 693 Πνεῦμα-

1783 623 1945 692 ltique
1989 624 2218 694 Spiritali
2256 626 2378 697 igne
2415 627 2808 699 inoperationis
2847 614 3107 703 Spiritus.
3139 635 3333 690 sancti.

26 730 133 776 ος.
184 714 356 783 Πυρὶ
386 714 495 786 γὰρ
525 714 657 784 ὁρᾷς
686 713 778 766 τὸν
808 712 1014 783 λέϐητα
1041 712 1493 782 θερμαινόμενον.

1783 715 2015 777 .cbetem
2047 717 2194 770 enim
2225 718 2378 773 vides
2409 720 2532 790 igne
2560 720 2815 775 caleﬁeri.

80 824 107 856 ‹
166 806 326 859 Ἐπὶ
360 805 461 873 τὴν
506 805 815 875 Ἰδουμαίαν
845 802 1053 857 ἐκτενῶ
1081 804 1142 856 τὸ
1178 805 1450 875 ὑπόδημα.
1491 824 1509 856 ι

1834 824 1852 856 ‹
1884 804 1943 859 In
1970 805 2248 861 ldutueam
2268 810 2556 864 extendam
2586 796 3033 868 caleeamentum.
3069 834 3087 865 ι

75 898 412 953 Δείκνυσιν
447 899 475 950 ὁ
503 897 742 967 Χριστὸς
764 897 913 959 ὅπως
948 896 1045 966 τὴν
1073 895 1183 949 τῶν
1214 896 1387 951 ἐθνῶν
1421 895 1649 967 Ἐκκλη-

1825 897 2077 954 Christus
2125 900 2366 955 ostendit
2420 903 2692 970 quomodo
2750 905 2990 974 gentium
3036 906 3335 962 Ecelesiam

21 988 148 1042 ’ίαν
188 989 528 1061 ἔμπροσθεν
571 989 632 1055 ἐξ
690 989 910 1059 Ἰσραὴλ
955 990 1323 1057 ὑποταγεῖσαν
1370 989 1646 1061 ἐποίησεν,

1783 1006 1938 1048 oram
1986 992 2152 1046 Israel
2194 993 2299 1049 sibi
2342 995 2641 1064 subiectam
2676 994 2886 1061 fecerit,
2916 1013 3086 1068 usque
3117 1000 3182 1053 ad
3218 1000 3337 1055 illas

29 1081 312 1143 κτείνας
358 1082 454 1134 καὶ
500 1082 700 1153 μέχρις
729 1080 912 1135 αὐτῶν
944 1081 1005 1134 τὸ
1047 1081 1323 1151 ὑπόδημα,
1360 1081 1561 1152 δηλαδὴ
1589 1082 1650 1135 τὸ

1783 1099 1973 1154 tuoque
1999 1086 2428 1141 calceamentqu
2454 1103 2611 1142 suum
2640 1090 2963 1154 extendens,
2988 1092 3040 1146 id
3063 1102 3143 1147 est
3163 1094 3336 1148 Evan-

21 1173 437 1242 Ξύοιγγέλιον·
487 1174 624 1244 ὅπερ
683 1174 907 1245 μηνύων
958 1173 1214 1245 Ἰωάννης
1262 1176 1290 1227 ὁ
1341 1174 1649 1242 Βαπτιστὴς

1783 1175 1954 1238 ;elium
2002 1193 2015 1229 :
2059 1177 2203 1246 quod
2262 1177 2549 1234 insinuans
2598 1179 2838 1236 Joannes
2894 1181 3132 1253 Baptista
3180 1184 3332 1248 dixit.

22 1264 236 1332 ἱλεγεν
263 1306 281 1330 ,
317 1266 594 1333 Ἔρχεται
620 1258 744 1334 μετ’
772 1264 897 1333 ἐμὲ,
928 1259 1001 1320 οὗ
1029 1266 1139 1318 οὐκ
1165 1265 1283 1334 εἰμί
1305 1266 1513 1331 ἱκανὸς
1544 1265 1650 1319 λῦ-

1783 1266 1917 1320 Vem't
1939 1276 2053 1336 post
2078 1285 2180 1331 me,
2216 1270 2368 1339 cujus
2404 1287 2507 1323 non
2536 1288 2651 1325 sum
2676 1273 2864 1342 dignus
2904 1282 2959 1326 ut
2988 1274 3186 1327 solvam
3223 1275 3337 1343 ejus

21 1372 129 1408 rat.
189 1355 321 1410 τὸν
371 1356 589 1425 ἱμάντα
634 1357 739 1410 τοῦ
789 1355 1174 1426 ὑποδήματος
1224 1357 1430 1411 αὐτοῦ.
1481 1355 1648 1408 Οὔπω

1784 1360 2037 1430 orrigiam
2106 1360 2449 1415 calceamenli
2499 1362 2565 1416 ³³.
2618 1362 2872 1417 Nondum
2939 1366 3086 1419 enim
3148 1366 3337 1420 aderat

21 1448 140 1518 γὰρ
172 1442 316 1518 εἶχε
356 1448 549 1519 καιρὸν
577 1450 956 1519 ἐκφρασθῆναι
1002 1449 1063 1501 τὸ
1106 1448 1462 1518 Εὑαγγέλιον.
1489 1447 1649 1501 Οὕτω

1783 1462 1972 1518 empus
2026 1450 2349 1505 enuntiandi
2400 1452 2776 1524 Evangelium.
2835 1454 2928 1512 Sic
2982 1470 3112 1509 vero
3172 1454 3335 1510 etiam

21 1540 67 1592 3‘s
122 1539 297 1593 αὐτὸ
328 1539 489 1594 καλεί
520 1540 615 1593 καὶ
648 1539 887 1603 Παῦλος
940 1541 1074 1611 φησὶ
1116 1541 1225 1610 γάρ
1248 1556 1261 1569 '
1322 1540 1379 1592 Ὺ
1377 1538 1647 1606 30611011-

1783 1539 1955 1594 'aulus
1998 1540 2130 1599 illud
2179 1542 2436 1612 appellat,
2468 1543 2543 1598 ait
2589 1544 2733 1598 enim
2770 1563 2782 1597 :
2817 1544 3056 1600 Culeeati
3094 1548 3249 1617 pedes
3281 1549 3337 1601 :‘n

21 1650 218 1688 κενοι
256 1632 407 1699 τοὺς
456 1633 647 1699 πόδας
690 1633 761 1689 ἐν
797 1633 1110 1702 ἑτοιμασίᾳ
1137 1633 1243 1687 τοῦ
1281 1634 1648 1702 Εὑαγγελίου

1783 1634 2202 1701 νντεραναιὶοηθηι
2253 1633 2534 1704 Evangelii
2588 1638 2736 1704 pacis
2781 1638 2847 1691 9‘.
2910 1638 3118 1693 Idcirco
3171 1638 3336 1709 igitur

21 1725 94 1793 ῖῆ
102 1747 141 1791 ς
165 1725 458 1794 εἰρήνης.
488 1726 586 1779 Διά
606 1725 762 1779 τοῦτο
781 1725 961 1779 τοίνυν
979 1726 1127 1797 αὐτῷ
1147 1726 1273 1787 τοὺς
1295 1724 1647 1795 ἀλλοφύλους,

1787 1721 2106 1792 lienigenas,
2141 1722 2350 1778 scilicet
2378 1739 2474 1778 eos
2505 1725 2596 1793 qui
2628 1734 2755 1782 sunt
2785 1742 2848 1780 ex
2875 1729 3145 1798 gentibus,
3177 1727 3335 1784 Jesns

21 1815 258 1886 Ξηλαδὴ
317 1817 447 1878 τοὺς
503 1815 561 1882 ἐξ
612 1816 802 1881 ἐθνῶν,
863 1819 891 1870 ὁ
949 1817 1156 1887 Ἰησοῦς
1224 1816 1489 1882 ὑπέταξε,
1553 1817 1648 1869 καὶ

1787 1813 1857 1866 ibi
1879 1812 2128 1881 subjecit,
2159 1820 2213 1866 et
2243 1821 2497 1884 tanquam
2534 1816 2786 1872 subditos
2826 1817 2879 1871 in
2912 1817 3124 1874 Israelis
3158 1820 3333 1874 luere-

22 1907 97 1972 ὓς
147 1907 552 1976 ὑποταγέντας
602 1909 683 1972 είς
731 1907 829 1980 τὴν
876 1908 973 1962 τοῦ
1016 1908 1234 1980 Ἰσραὴλ
1280 1908 1649 1980 κληρονομίαν

1783 1902 1981 1958 litatem
2014 1902 2330 1960 introduxit.

21 2000 389 2070 συνήγαγεν.
1352 2068 1357 2072 ἢ
2454 2054 2465 2058 -

108 2109 131 2143 ι
175 2090 294 2154 Τίς
314 2089 513 2154 ἀπάξει
544 2107 614 2161 με
645 2090 724 2152 εἰς
760 2087 916 2142 πόλιν
946 2088 1243 2160 περιοχῆς;
1275 2108 1293 2140 ι

1829 2085 1990 2141 Vens.
2026 2087 2112 2143 11.
2161 2107 2179 2140 ‹
2210 2087 2345 2152 Quis
2390 2087 2624 2142 adducet
2673 2103 2761 2143 me
2806 2088 2857 2142 in
2902 2089 3176 2143 civitatem
3224 2088 3332 2144 eir-

1758 2175 2138 2231 cumstantim?
2175 2196 2191 2226 ι

1829 2264 2118 2320 Civitatem
2150 2265 2572 2321 circumstantite
2605 2275 2764 2321 vocat
2788 2265 3084 2321 Ecclesiam
3114 2284 3127 2319 :
3164 2264 3219 2320 in
3246 2250 3367 2321 illa.

1758 2354 1902 2407 enim
1962 2354 2315 2409 continentur
2367 2355 2620 2410 universa
2675 2353 2879 2409 Christi
2935 2353 3219 2425 mysteria;
3282 2363 3337 2409 et

1758 2447 1843 2501 lex
1872 2457 1926 2500 et
1956 2448 2234 2518 prophetae
2279 2448 2332 2501 in
2372 2447 2563 2502 eadem
2611 2463 2828 2518 quoque
2866 2447 3049 2517 politia
3087 2460 3337 2516 compre-

1759 2539 2090 2593 henduntur.
2169 2539 2431 2593 Eamdem
2510 2555 2642 2594 vero
2705 2540 2868 2594 etiam
2925 2534 3158 2609 appellat
3208 2537 3334 2593 Iduc

1758 2647 1971 2685 meeam.
2002 2629 2296 2685 Constituit
2334 2631 2503 2686 solius
2527 2631 2730 2686 Christi
2780 2646 2900 2686 esse
2924 2630 3181 2685 Israelem
3234 2630 3334 2684 ad-

1758 2723 1959 2777 ducere
1999 2723 2066 2777 ad
2112 2722 2432 2786 Ecclesium,
2461 2723 2553 2793 qui
2590 2723 2807 2778 Iudaeos
2836 2723 3038 2793 repulit
3079 2731 3335 2792 tauquam

1757 2830 1865 2868 non
1908 2815 2196 2869 credentes
2237 2813 2288 2867 in
2320 2830 2475 2881 eum;
2519 2830 2707 2869 verum
2749 2831 2859 2869 non
2898 2831 3125 2869 omnes:
3155 2831 3336 2884 neque

1759 2918 2008 2981 egressus
2057 2902 2155 2957 fuit
2200 2906 2253 2956 in
2298 2899 2593 2958 virtutibus
2646 2919 2854 2969 eorum,
2891 2904 2942 2957 id
2974 2911 3076 2968 est,
3116 2919 3210 2957 eos
3242 2896 3333 2973 qui

102 2267 297 2321 Πόλιν
337 2267 599 2337 περιοχῆς
636 2264 735 2336 τὴν
788 2264 1121 2335 Ἐκκλησίαν
1152 2265 1310 2319 καλεῖ
1335 2284 1348 2297 ’
1380 2267 1437 2318 ὲν
1475 2267 1651 2339 ταύτῃ

21 2358 148 2430 γὰρ
179 2358 299 2412 ὅλα
332 2358 652 2429 περιέχεται
701 2355 796 2410 τοῦ
830 2356 1070 2423 Χριστοῦ
1101 2357 1168 2410 τά
1203 2359 1478 2427 μυστήρια
1501 2372 1514 2384 ·
1560 2359 1653 2411 καὶ

23 2450 219 2516 νόμος
280 2449 376 2502 καὶ
405 2447 682 2518 προφῆται
730 2446 817 2500 διὰ
855 2446 956 2516 τῆς
997 2448 1168 2516 αὐτῆς
1223 2448 1502 2511 πολιτείας
1557 2466 1652 2502 πε-

28 2541 368 2612 ριέχονται.
422 2538 533 2608 Τὴν
589 2536 758 2609 αὐτὴν
816 2538 872 2591 δὲ
931 2540 1030 2591 καὶ
1102 2540 1407 2609 Ἰδουμαίαν
1473 2540 1647 2593 καλεῖ.

27 2633 242 2687 Μάνου
294 2629 387 2683 τοῦ
437 2630 674 2702 Χριστοῦ
703 2630 794 2684 τὸν
833 2631 1048 2703 Ἰσραὴλ
1103 2633 1243 2702 πρὸς
1298 2633 1653 2703 τὴνἙκκλη-

33 2724 179 2777 σίαν
222 2721 515 2790 ὁδηγῆσαι.
554 2720 913 2793 καθέστηκεν,
958 2722 1017 2784 ὃς
1068 2721 1327 2775 ἀπώσατο
1354 2724 1481 2786 τοὺς
1526 2726 1652 2776 Ἰου-

31 2815 244 2876 δαίους
277 2812 354 2875 ὡς
373 2813 455 2875 είς
473 2813 638 2866 αὐτὸν
676 2813 751 2884 μὴ
790 2812 1224 2877 πιστεύσανταςο
1271 2814 1387 2866 ἀλλ’
1415 2814 1477 2866 οὐ
1518 2816 1653 2868 πάν-

34 2921 188 2968 τας·
229 2903 359 2956 ούδὲ
398 2902 621 2973 ἐξῆλθεν
662 2904 840 2957 αὐτῶν
883 2906 940 2958 ὲν
984 2907 1105 2966 ταῖς
1137 2905 1461 2974 δυνάμεσινο
1493 2923 1653 2958 τουτ-

40 2999 199 3061 ἐστι,
245 2994 377 3058 τοὺς
409 2996 466 3047 ἐν
503 2997 688 3059 αὐτοῖς
730 2996 1009 3061 δυνατοὺς,
1038 2996 1242 3067 δηλαδὴ
1276 2997 1403 3059 τοὺς
1438 2997 1515 3067 μὴ
1560 3015 1652 3049 πι-

43 3090 428 3153 στεύσαντας,
460 3090 561 3143 οὐκ
596 3088 838 3143 ἀπέϐαλε
867 3089 957 3142 διὰ
994 3090 1121 3152 τοὺς
1152 3089 1580 3154 πιστεύσαντας.

1761 2997 1901 3050 inter
1946 2998 2093 3067 ipsos
2136 3005 2391 3065 potentes
2442 3004 2617 3060 erant,
2660 2996 2872 3050 scilicet
2917 2995 3181 3061 inﬁdeles,
3224 3011 3334 3049 non

1681 3065 1722 3123 ο
1758 3065 2215 3156 repulit‘propter
2254 3086 2458 3140 ﬁdeles.

129 3200 151 3235 ς
203 3182 311 3246 Δὸς
340 3184 470 3253 ἡμῖν
493 3181 747 3252 βοήθειαν
776 3182 840 3234 ἐκ
863 3181 1117 3250 θλίψεως.
1153 3201 1171 3233 ι

126 3357 407 3428 Βοήθειαν
432 3359 496 3411 ἐκ
530 3356 762 3426 θλίψεως
783 3355 859 3426 τῷ
881 3355 996 3425 λαῷ
1029 3355 1137 3409 τῶν
1170 3356 1445 3411 Ἰουδαίων
1472 3357 1654 3410 πίστιν
1670 3394 1687 3411 ,ι

51 3452 116 3516 ἐξ
148 3450 420 3512 ἀπιστίας
474 3448 863 3519 πρεσϐεύεται.
928 3446 1212 3518 Σωτηρίαν
1263 3448 1320 3500 δὲ
1362 3447 1653 3519 ἀνθρώπου

50 3542 159 3612 τὴν
194 3538 260 3603 ἐξ
282 3539 629 3610 ἀνθρωπίνης
657 3538 1005 3599 διδασκαλίας
1040 3537 1503 3609 προσδοκωμένην
1531 3539 1656 3608 νόη-

58 3652 157 3688 σον
182 3650 194 3662 ’
246 3631 337 3684 οἵα
366 3648 449 3694 τις
477 3626 546 3703 ἦν
574 3633 607 3702 ή
654 3631 760 3688 τῶν
791 3630 1063 3683 Ἰουδαίων
1098 3630 1418 3685 διδασκαλία
1439 3672 1452 3685 .
1513 3631 1656 3703 Πρὸς

55 3727 173 3799 γὰρ
211 3726 276 3778 τὸ
297 3726 478 3787 αὐτοῖς
504 3722 699 3778 δοκοῦν
725 3723 960 3790 ἐγίνετο.

637 3815 931 3868 ΨΑΛΜΟΣ
956 3813 1084 3867 Pil'.

142 3929 163 3962 ι
199 3910 295 3971 Εἰς
325 3907 385 3961 τὸ
413 3908 566 3971 τέλος
594 3906 809 3977 ψαλμδς
839 3904 917 3974 τῷ
948 3905 1134 3958 Δαυῖδ.
1182 3923 1202 3957 ι

150 4000 497 4067 Ἀναγκαίως
525 4000 616 4052 τὸν
633 3997 849 4068 autem
870 3998 975 4060 Εἰς
992 3996 1058 4048 τὸ
1084 3995 1258 4061 τέλος
1290 3996 1379 4047 τὸν
1410 3996 1655 4067 παρόντα

65 4088 348 4162 ἔγραψεν
398 4087 511 4157 ἔχει
541 4086 651 4155 γὰρ
691 4086 790 4139 ὅσα
826 4085 904 4155 τῷ
942 4084 1087 4137 τέλει
1126 4087 1226 4155 τῆς
1268 4084 1363 4136 τοῦ
1403 4085 1656 4159 Σωτῆρος

68 4179 234 4251 ἡμῶν
268 4177 756 4247 ὲνανθρωπήσεως,
808 4174 1012 4245 δηλαδὴ
1042 4174 1357 4245 πρὸςαύτῷ
1386 4173 1461 4245 τῷ
1493 4176 1655 4229 πάθει

69 4274 150 4344 τῷ
199 4271 535 4342 Δεσποτικῷ,
594 4273 934 4341 πέπρακταιο
966 4269 1157 4342 διόπερ
1200 4269 1293 4321 καὶ
1324 4269 1415 4322 τὸν
1444 4268 1657 4339 ψαλμὸν

72 4365 438 4437 ἐμελῲδησεν.
504 4363 701 4416 Είκὸνα
746 4362 852 4433 γὰρ
907 4361 1096 4432 φέρειν
1143 4361 1236 4413 τοῦ
1283 4360 1522 4431 Χριστοῦ
1565 4360 1656 4413 τὸν

72 4458 244 4519 Δαϐὶδ
275 4458 578 4528 εἰρήκαμεν
612 4455 940 4524 φθάσαντες.

153 4569 175 4602 ι
221 4548 280 4602 '0
309 4549 439 4610 Θεὸς
479 4548 576 4615 τὴν
608 4545 813 4601 αῐνεσίν
855 4562 956 4615 μου
1019 4544 1095 4614 μὴ
1127 4542 1593 4613 παρασιωπήσῃς.
1633 4563 1651 4593 ι

158 4639 263 4693 Τὸν
288 4638 492 4691 Ἰούδαν
514 4637 832 4691 αἰνίττεταυ
860 4626 1117 4705 περὶγὰρ
1148 4633 1313 4687 αὐτοῦ
1359 4634 1453 4705 τῆς
1474 4632 1659 4704 ψαλμ-

80 4732 244 4803 ιεςδίας
270 4731 326 4783 τὸ
357 4730 606 4784 πλεῖστον
646 4730 743 4799 τῆς
775 4727 1191 4799 προκειμμένης
1215 4727 1523 4797 γέγραπται
1550 4741 1564 4755 ⁸
1595 4719 1656 4778 οῦ

80 4826 141 4878 τὸ
171 4826 343 4895 στόμα
386 4825 651 4894 πρότερον
693 4822 767 4885 ὡς
801 4820 1148 4894 ἀμαρτωλοῦ,
1192 4820 1444 4890 δεύτερον
1481 4817 1537 4871 δὲ
1582 4816 1658 4880 ὡς

85 4917 257 4969 δολίου
297 4915 435 4970 κατὰ
460 4914 553 4968 τοῦ
609 4914 815 4984 Κυρίου
872 4913 1155 4982 ἀνοιγῆναι
1189 4912 1498 4981 εὑρήσομεν
1523 4925 1536 4939 ο
1581 4909 1658 4972 ὡς

86 5006 193 5075 γὰρ
224 5006 539 5077 ἁμαρτωλὸς
561 5008 654 5060 καὶ
679 5005 1001 5076 παράνομος
1024 5005 1137 5065 τοῖς
1174 5000 1447 5065 Ἰουδαίοις
1482 5002 1657 5067 ἔλεγε·

95 5097 157 5150 Τί
183 5095 378 5151 θέλετέ
417 5115 518 5165 μοι
560 5097 792 5167 δοῦκιιι,
834 5096 995 5164 κάγὼ
1028 5094 1171 5164 ὑμῖν
1197 5092 1537 5165 παραδώσω
1557 5096 1661 5147 αὐ-

94 5188 241 5247 τόν;
275 5184 347 5248 ὡς
375 5186 544 5248 δόλιος
584 5186 780 5255 Χαῖρε,
824 5185 1044 5254 Ῥαϐϐί,
1074 5185 1208 5257 πρὸς
1250 5183 1457 5255 Ἰησοῦν
1493 5176 1612 5236 εἷπε
1642 5223 1657 5248 ,

99 5275 192 5329 καί
244 5276 640 5345 κατεφίλησεν
698 5276 885 5329 αὐτόν
915 5292 929 5306 ο
997 5274 1294 5347 ἀρραϐῶνα
1351 5275 1464 5337 τοῖς
1520 5273 1660 5343 λαμ-

101 5369 309 5424 ϐάνουσι
332 5368 579 5432 δεδωκὼς
608 5369 707 5438 τῆς
742 5369 1036 5439 προδοσίας
1068 5369 1130 5422 τὸ
1155 5368 1389 5440 φίλημα.

172 5478 192 5514 ι
238 5460 525 5531 Ἐλάλησαν
549 5461 668 5514 κατ’
699 5461 833 5530 ἐμοῦ
860 5461 1102 5532 γλώσσῃ.
1150 5481 1168 5512 ι

1824 3176 1991 3232 Vens.
2046 3179 2134 3234 l3.
2196 3195 2214 3229 ι
2274 3177 2348 3231 Da
2401 3177 2565 3232 nobis
2634 3178 2901 3232 auxilium
2974 3177 3040 3232 de
3111 3176 3334 3231 tribula-

1758 3262 1925 3320 tione.
1957 3286 1975 3317 ι

1825 3358 2102 3411 Auxilium
2128 3358 2195 3412 de
2227 3359 2577 3413 tribulatione
2608 3361 2806 3428 pOpulo
2831 3357 3142 3412 Judzcorum
3175 3359 3335 3414 ﬁdem

1757 3464 1824 3503 ex
1876 3446 2200 3501 inﬁdelitate
2253 3449 2565 3501 annuntiat.
2620 3449 2863 3502 Salutem
2915 3463 3046 3503 vero
3095 3450 3332 3505 hominis

1756 3537 1993 3609 intellige
2020 3537 2165 3591 illam
2185 3552 2305 3606 qure
2332 3552 2395 3590 ex
2416 3538 2655 3590 humana
2682 3537 2925 3591 doctrina
2947 3547 3326 3607 exspectatur:

1755 3632 1931 3701 qualis
1971 3639 2090 3686 erat
2135 3631 2223 3685 illa
2269 3630 2518 3705 doctrina
2554 3628 2869 3685 Judaaorum
2902 3647 2915 3683 :
2963 3630 3030 3684 ad
3071 3631 3330 3701 placitum

1757 3724 1901 3779 enim
1935 3725 2176 3794 ipsorum
2206 3725 2389 3779 ﬁebat.

2285 3815 2601 3870 I‘SALMUS
2630 3815 2807 3871 CVIII.

1826 3907 1991 3963 Vens.
2036 3908 2086 3963 I.
2125 3926 2144 3960 ι
2177 3910 2236 3983 In
2262 3908 2424 3963 ﬁnem
2459 3909 2699 3978 psalmus
2732 3909 2918 3963 David.
2951 3927 2968 3958 ι

1828 3998 2148 4058 Necessario
2168 4010 2491 4071 praesentem
2531 4001 2797 4069 psalmum
2854 4000 3131 4071 inscripsit
3162 4002 3226 4056 In
3271 4002 3339 4071 ﬁ-

1757 4110 1874 4148 nem
1897 4109 1923 4153 :.
1946 4093 2191 4149 continet
2221 4092 2368 4163 enim
2426 4107 2767 4161 quaecunque
2805 4090 3102 4147 Salvatoris
3162 4093 3339 4148 nostri

1758 4178 2146 4237 incarnationis
2172 4181 2263 4235 ﬁni
2294 4181 2632 4244 acciderunt,
2658 4178 2867 4234 scilicet
2898 4194 2961 4233 ea
2987 4194 3108 4248 qua:
3133 4180 3188 4233 in
3224 4180 3339 4251 ipsa

1760 4271 2042 4327 Dominica
2070 4271 2322 4341 passione
2358 4278 2507 4341 gesta
2536 4279 2665 4324 sunt
2689 4289 2702 4324 :
2731 4278 2955 4339 propter
2981 4285 3144 4339 quam
3169 4270 3338 4325 etiam

1691 4404 1734 4456 υ
1765 4366 1910 4418 hunc
1938 4350 2204 4435 psalmum
2236 4364 2457 4418 cecinit.
2494 4362 2748 4417 Davidem
2780 4362 2927 4416 enim
2956 4360 3158 4417 Christi
3202 4361 3341 4416 ima-

1764 4457 1941 4527 ginem
1975 4455 2178 4512 referre
2204 4455 2453 4526 superius
2483 4452 2741 4509 diximus.

1809 4546 1994 4604 .Vens.
2021 4547 2076 4600 ‘2.
2107 4536 2125 4598 ι
2155 4548 2313 4609 heus,
2336 4546 2549 4601 laudem
2581 4561 2754 4600 meam
2783 4561 2853 4601 ne
2886 4543 3141 4602 tacueris.
3172 4562 3192 4597 ι

1835 4624 2027 4694 Judam
2060 4639 2338 4703 insinuat;
2370 4638 2438 4692 de
2468 4638 2585 4707 ipso
2618 4636 2763 4692 enim
2798 4638 3026 4692 maxima
3058 4652 3183 4707 pars
3238 4636 3341 4690 hu-

1760 4729 1852 4797 jus
1910 4728 2103 4797 psalmi
2161 4729 2361 4797 scripta
2417 4735 2539 4791 est;
2579 4728 2734 4796 cujus
2787 4742 2849 4781 os
2885 4727 3035 4795 prius
3087 4734 3341 4794 tanquam

1766 4818 2087 4887 peccatoris,
2113 4817 2308 4870 deinde
2336 4832 2464 4868 vero
2511 4824 2765 4885 tanquam
2797 4817 2966 4871 dolosi
3012 4826 3197 4871 contra
3237 4816 3341 4870 Do-

1769 4909 1976 4963 minum
2011 4918 2258 4978 apertum
2307 4907 2475 4961 fuisse
2514 4907 2852 4977 reperiemus
2882 4927 2895 4962 :
2926 4923 3051 4961 nam
3088 4915 3338 4977 tanquam

1768 5012 2021 5071 peccator
2043 5010 2097 5055 et
2129 5000 2346 5069 iniquus
2374 4999 2577 5054 Judaeis
2598 4999 2805 5056 dixerat
2831 5016 2845 5055 :
2878 4999 3014 5064 Quid
3035 4999 3190 5053 vultis
3239 5000 3340 5053 mi-

1766 5091 1819 5143 hi
1847 5096 1996 5156 dare,
2019 5100 2067 5144 et
2097 5105 2189 5160 ego
2215 5090 2355 5144 vobis
2385 5106 2504 5143 cum
2530 5082 2747 5142 tradam
2777 5090 2862 5143 9‘?
2893 5080 3146 5159 tanquam
3192 5089 3344 5144 dolo-

1767 5196 1860 5236 sus
1891 5176 2176 5235 Ave'llabbi
2196 5182 2260 5236 ad
2279 5181 2466 5235 Jesum
2489 5181 2649 5247 dixit,
2674 5189 2725 5234 et
2745 5181 3010 5234 osculatus
3036 5189 3112 5235 est
3141 5181 3341 5246 eum”,

1767 5275 2011 5328 osculum
2042 5275 2097 5326 in
2133 5273 2344 5345 signum
2385 5272 2711 5345 proditionis
2743 5273 2955 5329 donans
3004 5271 3344 5343 capientibus

1764 5380 1911 5419 eum.

1838 5459 1996 5515 Vens.
2023 5462 2077 5515 5.
2111 5481 2127 5512 ι
2166 5459 2351 5517 Locuti
2377 5471 2503 5518 sunt
2529 5460 2814 5517 adversum
2836 5474 2924 5516 me
2953 5459 3152 5530 lingua.
3188 5474 3210 5511 ι
3288 5534 3291 5537 _

170 5631 370 5691 9".Ioan.
406 5652 444 5703 I,
473 5634 562 5689 27.
640 5635 684 5666 ’³
718 5634 919 5704 Ephes.
953 5651 1023 5698 ri,
1057 5632 1141 5686 15.
1220 5633 1265 5666 ⁸⁵
1300 5630 1486 5686 Matth.
1523 5647 1643 5687 xxv:

1783 5672 1786 5683 .
1864 5632 1907 5664 ⁹⁶
1948 5631 2080 5684 ibid.
2108 5631 2196 5686 49.
