3800 6312
33 283 199 355 13η

1247 276 1711 339 FRAGMENTA
1751 273 1834 335 IN
1872 273 2233 336 PSAthOS.

3244 274 3379 340 1313

121 397 306 463 Τίνι;
365 395 520 465 δῆλον
551 391 624 456 ὡς
682 388 893 460 ἐαυτῷ·
928 384 1050 440 οὐδὲ
1103 384 1210 457 γὰρ
1254 386 1336 449 εἰς
1388 386 1668 457 μετάνοιαι

1853 379 1999 435 Cui?
2053 379 2238 450 utique
2299 380 2648 437 manifestum
2698 383 2842 454 quod
2877 384 2978 439 sibi
3029 384 3379 456 ipsizneque

38 485 238 554 εἶδεν,
270 490 400 542 ὅθεν
428 488 614 549 ἐλέους
644 483 827 554 τυχεῖν
852 480 949 534 καὶ
975 478 1394 551 φιλανθρωπίας
1431 476 1677 533 ἀπολαῦ-

44 599 158 636 σαι
185 579 457 652 ἠδύνατο.
474 581 535 633 Ὀ
562 578 618 632 δὲ
651 575 845 630 ἐαυτὸν
868 574 945 648 μὴ
974 573 1228 646 ἐλεήσας,
1266 572 1384 637 πῶς
1413 573 1563 646 παρὰ
1584 570 1677 626 τοῦ

44 674 290 746 Κριτοῦ
317 674 614 746 ἐλεηθῆναι
641 670 871 725 δύναται
898 686 914 737 ;

145 871 166 905 ι
213 853 334 908 Καὶ
365 849 692 915 κατεδίωξεν
724 848 1015 919 ἄνθρωπον
1056 847 1284 914 πένητα.
1316 863 1334 894 ι

133 946 333 1016 Πένης
361 945 456 997 καὶ
484 943 702 1012 πτωχὸς
726 943 758 996 6
791 940 1000 1010 Κύριος
1024 956 1038 970 ·
1074 936 1266 1008 ἐπειδὴ
1294 935 1550 1000 πλούσιος
1579 933 1676 1001 ὢν,

49 1039 220 1109 ὑπὲρ
265 1036 428 1107 ἡμῶν
467 1035 816 1105 ἐπτώχευσεν
842 1049 857 1063 ο
903 1033 964 1086 ού
1001 1031 1161 1102 μόνον
1205 1029 1263 1084 δέ
1299 1028 1676 1100 ἐπτώχευσεν,

54 1126 222 1179 ἀλλὰ
272 1127 373 1179 καὶ
421 1127 500 1189 εἰς
536 1123 796 1177 τοσοῦτον
843 1123 932 1176 διὰ
984 1123 1082 1192 τὴν
1119 1121 1230 1175 τῶν
1276 1120 1542 1173 Ἰουδαίων
1584 1119 1678 1170 άν-

61 1214 287 1285 ηκοῒαν
343 1215 510 1286 πένης
570 1215 812 1283 ἐγένετο,
867 1213 1008 1265 ὥστε
1049 1212 1337 1281 λέγεινοΑί
1370 1209 1678 1273 ἀλώπεκες

53 1305 363 1375 φωλεοὺς
415 1304 652 1374 ἔχουσι,
715 1304 812 1358 καὶ
857 1302 933 1357 τὰ
982 1302 1222 1356 πετεινὰ
1259 1299 1368 1354 τοῦ
1412 1298 1677 1368 οὐρανοῦ

6 1398 7 1401 “
57 1395 613 1464 κατασκηνώσεις·
680 1398 713 1449 ὁ
759 1395 827 1446 δὲ
882 1395 1011 1459 Υἱὸς
1060 1394 1166 1448 τοῦ
1214 1393 1528 1464 ἀνθρώπου
1563 1393 1676 1445 οὐκ

6 1534 7 1539 η
58 1492 207 1560 ἔχει
257 1488 381 1543 ποῦ
412 1487 528 1557 τὴν
552 1485 830 1557 κεφαλὴν
880 1487 1087 1556 κλίνῃ.
1127 1485 1308 1556 Ὅπερ
1334 1484 1452 1538 ἐστὶ
1486 1482 1678 1545 πενίας

6 1574 7 1589 ³
60 1578 540 1653 ὑπερϐαλλούσης
564 1576 859 1642 ἀπόδειξις.

150 1694 171 1726 ι
212 1676 332 1728 Καὶ
363 1673 841 1744 κατανενυγμένον
871 1675 936 1745 τῇ
958 1672 1179 1743 καρδίᾳ.
1225 1690 1245 1723 ι

1782 477 1934 533 enim
1965 477 2031 531 ad
2054 477 2438 548 paenitentiam
2466 478 2727 548 respexit,
2775 480 2921 534 unde
2950 480 3379 536 misericordiam

1783 580 1948 642 atque
1975 571 2325 627 clementiam
2347 572 2611 641 consequi
2644 573 2940 642 potuisset.
2967 572 3143 639 Quem
3194 582 3369 629 autem

1783 663 1870 717 sui
1909 660 2081 732 ipsius
2108 677 2219 716 non
2251 663 2499 728 miseret,
2537 664 2811 732 quomodo
2850 678 2880 718 a
2927 662 3122 719 Judice
3156 664 3379 719 miseri-

1784 754 2030 809 cordiam
2072 755 2334 824 consequi
2368 755 2586 824 possit?

1853 843 2016 900 Vens.
2053 845 2137 900 17.
2168 862 2185 896 ι
2215 847 2284 900 Et
2312 856 2637 916 persecutus
2666 857 2751 901 est
2774 846 3056 902 hominem
3093 848 3371 919 inopem.»

1852 937 2075 1010 Egenns
2115 946 2170 992 et
2205 939 2364 1009 inops
2404 938 2665 993 Dominus
2691 956 2705 1004 ;
2735 939 2860 1009 quia
2883 955 3005 994 eum
3027 950 3173 995 esset
3201 940 3373 1005 dives,

1781 1044 1881 1100 pro
1914 1029 2073 1085 nobis
2115 1045 2320 1102 egenus
2351 1029 2528 1085 factus
2554 1039 2639 1085 est
2668 1049 2681 1085 :
2712 1040 2768 1086 et
2804 1047 2912 1085 non
2949 1033 3124 1086 solum
3167 1047 3378 1102 pauper

1781 1118 1904 1184 fuit,
1938 1134 2129 1173 verum
2171 1119 2336 1174 etiam
2369 1129 2594 1191 propter
2612 1118 2929 1176 Judzrorum
2969 1123 3372 1177 contumaciam

1780 1212 1847 1267 ad
1881 1214 2086 1267 tantam
2126 1213 2380 1268 redactus
2408 1222 2492 1267 est
2510 1222 2830 1284 egestatem,
2863 1222 2922 1268 ut
2951 1214 3161 1269 diceret
3193 1231 3207 1269 :
3248 1215 3375 1269 Vul-

1780 1318 1868 1371 pes
1898 1303 2072 1372 foveas
2093 1302 2283 1356 habent
2308 1312 2357 1356 et
2393 1303 2626 1357 volucres
2661 1303 2774 1356 cwli
2807 1304 2995 1366 nidos;
3034 1304 3205 1358 Filius
3254 1321 3374 1358 vero

1779 1393 2004 1446 hominis
2026 1410 2129 1447 non
2158 1395 2311 1449 habet
2339 1394 2430 1448 ubi
2458 1404 2619 1465 caput
2652 1394 2868 1449 reclinet
2908 1397 2950 1448 ’.
2984 1395 3140 1461 Quod
3157 1395 3374 1467 signum

1780 1490 1863 1535 est
1887 1489 2145 1537 extrema:
2170 1485 2447 1554 egestatis.

1856 1677 1875 1709 ι
1905 1658 1973 1713 Ει
2006 1670 2397 1731 compunctum
2421 1660 2611 1716 corde.
2648 1679 2668 1713 ι

165 1765 229 1819 Ὃ
261 1767 319 1820 δέ
345 1767 512 1830 αὐτὸς
541 1732 727 1837 καὶ
758 1732 959 1837 καρδίᾷ
986 1732 1054 1818 δέ
1096 1732 1245 1836 ἡμᾶς
1272 1765 1668 1837 κατανενυγμέ-

1853 1749 2002 1804 Idem
2039 1761 2221 1805 autem
2259 1760 2485 1820 propter
2518 1767 2620 1806 nos
2651 1767 2871 1821 quoque
2899 1752 3066 1809 corde
3104 1768 3375 1824 compun-

63 1874 171 1919 νος
209 1873 223 1886 °
262 1856 454 1926 διόπερ
493 1856 648 1924 ἔλεγε
677 1873 692 1886 ·
724 1855 1063 1924 Περίλυπός
1084 1855 1256 1909 ἐστιν
1290 1855 1329 1924 ἠ
1354 1857 1526 1925 ψυχή
1556 1874 1674 1927 μου

64 1948 196 2014 ἕως
227 1947 519 2002 θανάτου.
1566 1930 1585 1941 ⁴

160 2061 181 2094 ι
218 2042 329 2094 Καὶ
352 2040 607 2110 ἠγάπησε
636 2038 903 2111 κατάραν.
944 2056 963 2090 ι

8 2120 11 2201 ξ
156 2131 330 2185 Ποίαν
385 2130 482 2199 τὴν
524 2127 621 2182 τοῦ
671 2112 1011 2196 Μονογενοῦς
1060 2126 1313 2197 ἤκουσεν,
1367 2126 1530 2196 ἡνίκα
1576 2124 1676 2196 τὴν

71 2222 384 2292 προδοσίαν
439 2220 736 2290 ἐμελέτησε
783 2217 1073 2286 λέγοντος*
1118 2216 1182 2269 '0
1222 2214 1341 2285 μὲν
1386 2217 1519 2281 Υἱὸς
1567 2216 1675 2271 τοῦ

6 2306 11 2337 ⁵
70 2314 408 2381 ἀνθρώπου
446 2310 834 2380 παραδίδοται
859 2324 873 2338 ο
913 2306 1109 2361 καλὸν
1146 2302 1225 2377 ἦν
1257 2306 1438 2372 αὐτῷ,
1480 2310 1533 2361 εί
1563 2311 1675 2363 οὐκ

6 2422 29 2465 ’.
68 2404 384 2473 ἐγεννήθη
414 2407 446 2458 ὀ
473 2403 786 2471 ἅνθρωπος
815 2400 1067 2465 ἐκεῖνος.

166 2516 186 2547 ι
221 2496 334 2549 Καὶ
367 2497 467 2548 οὐκ
495 2494 758 2564 ὴθέλησεν
788 2490 1064 2561 εὐλογίαν.
1096 2511 1114 2544 ι

160 2586 432 2654 Εὑλογίαν
466 2585 567 2653 τὴν
613 2585 722 2637 τῶν
765 2582 1086 2639 ἀποστόλων
1118 2583 1291 2653 λέγει,
1333 2586 1401 2655 ἢν
1439 2585 1621 2649 αὐτοῖς
1646 2587 1674 2639 ὁ

6 2696 7 2703 η
76 2675 327 2744 Χριστὸς
360 2673 705 2744 ἐξεφώνησεν
736 2689 751 2705 ο
796 2672 978 2742 Ἆμὴν
1023 2673 1181 2742 λέγω
1229 2672 1392 2743 ὑμῖν,
1425 2675 1594 2743 ὑμεῖς
1619 2679 1674 2730 οὶ

75 2762 630 2831 ἀκολουθήσαντές
651 2780 771 2832 μοι,
804 2763 1131 2820 καθίσεσθε
1156 2763 1257 2818 ἐπὶ
1287 2763 1517 2819 δώδεκα
1539 2768 1675 2835 θρό-

78 2873 238 2920 νους
257 2897 272 2920 ,
312 2855 619 2922 κρίνοντες
647 2854 754 2920 τὰς
780 2852 1009 2908 δώδεκα
1039 2853 1240 2923 φυλὰς
1266 2853 1374 2908 τοῦ
1412 2853 1670 2923 Ἰσραήλ.

173 2967 192 2998 ι
235 2949 345 2999 Καὶ
370 2946 660 3000 ἐνεδύσατο
694 2945 957 3016 κατάραν.
994 2965 1014 2998 ι

169 3037 359 3091 Ταῦτα
397 3036 503 3108 γὰρ
543 3037 637 3090 τοῦ
672 3036 964 3109 ἀνθρώπου
1005 3037 1263 3108 τυγχάνει
1292 3037 1361 3091 τὰ
1383 3037 1629 3091 ἐνδόσοια
1655 3056 1668 3068 ο

85 3127 236 3181 ὥστε
282 3128 380 3179 καὶ
425 3126 682 3196 δυνάμεις
716 3126 817 3195 τῆς
853 3125 1031 3197 ψυχῆς
1066 3122 1206 3181 εἶναι
1238 3126 1308 3180 τὰ
1338 3127 1435 3195 μὲν
1468 3126 1675 3195 ἔγκατα

6 3236 9 3245 ’
86 3218 192 3282 τὰς
229 3218 470 3287 λογικάς,
506 3218 692 3289 ἐπειδὴ
716 3218 785 3272 τὰ
803 3217 1012 3287 ἔγκατα
1035 3220 1095 3272 οὐ
1128 3218 1226 3290 τὴν
1252 3219 1424 3290 αὐτὴν
1454 3220 1675 3289 κατέχει

6 3330 9 3339 ν
87 3310 325 3380 τροφὴν,
365 3309 500 3361 ἀλλὰ
530 3311 623 3362 καὶ
655 3309 749 3363 νῦν
780 3311 878 3379 μὲν
905 3310 1141 3380 δέχεται,
1177 3309 1270 3363 νῦν
1299 3310 1355 3361 δὲ
1378 3308 1632 3363 ἐκϐάλλει
1658 3328 1672 3342 ’

88 3399 283 3470 ὥσπερ
310 3401 404 3452 καὶ
437 3402 485 3452 οἱ
504 3398 756 3468 λογισμοὶ
778 3401 879 3453 οὐκ
909 3401 1004 3452 ἐπὶ
1028 3399 1136 3455 τῶν
1159 3401 1341 3455 αὐτῶν
1371 3402 1636 3469 ἑστήκασι
1655 3419 1669 3433 ’

93 3492 337 3562 συνεχῶς
375 3492 482 3563 γὰρ
521 3492 972 3562 μεταϐάλλονται.
1006 3493 1086 3547 Τά
1117 3495 1174 3547 δὲ
1203 3495 1337 3547 όστᾶ
1357 3534 1372 3559 ,
1406 3492 1507 3556 τὰς
1535 3511 1676 3564 πρα-

92 3584 314 3650 κτικὰς,
359 3586 433 3648 ὡς
483 3584 696 3655 ἰσχυρὰ,
748 3584 1054 3655 νοήσωμεν.
1100 3585 1320 3656 Ἐπειδὴ
1367 3586 1422 3638 δὲ
1472 3586 1534 3638 τὸ
1575 3586 1675 3656 μὲν

94 3676 244 3748 ὕδωρ
289 3679 400 3740 τοῖς
449 3677 704 3746 ἐγκάτοις
747 3676 841 3748 (ὡς
882 3678 941 3731 ἐν
985 3678 1245 3751 ὑγρότητι
1294 3678 1674 3750 τρεφομένοις)

93 3765 454 3836 κατάλληλον,
493 3765 555 3819 τὸ
589 3765 646 3819 δέ
690 3765 869 3821 ἔλαιον
904 3769 1019 3830 τοῖς
1054 3768 1264 3832 ὀστέοις
1302 3769 1533 3841 (σφόδρα
1566 3769 1674 3842 γὰρ

93 3858 278 3929 χαίρει
309 3861 374 3929 τῇ
407 3858 475 3911 δι’
510 3857 689 3912 ἐλαίου
741 3859 962 3931 ἀλοιφῇ)
987 3876 1002 3891 ο
1036 3859 1265 3925 εἰκότως
1284 3861 1346 3914 τὸ
1385 3860 1532 3934 ὕδωρ
1558 3864 1674 3927 τοῖς

94 3949 371 4016 ὲγκάτοις,
403 3948 464 4002 τὸ
492 3948 670 4003 ἔλαιον
693 3953 807 4014 τοῖς
834 3951 1041 4014 ὀστέοις
1064 3951 1424 4017 ἀποδέδωκεν.
1456 3953 1536 4019 ὡς
1564 3954 1674 4008 δεί-

96 4037 188 4103 ξαι
206 4037 394 4108 ὅτιπερ
418 4037 566 4110 αὐτῷ
590 4039 657 4093 τὰ
684 4042 783 4111 τῆς
807 4043 1054 4112 κατάρας
1083 4042 1348 4113 ἥρμοσεν,
1373 4046 1449 4108 ὡς
1471 4045 1673 4099 κατάλ-

96 4127 257 4198 ληλον
288 4127 424 4198 αὐτῇ
462 4128 728 4198 πονηρίαν
760 4130 1174 4198 μεταδιώξαντι.

176 4234 195 4270 ι
242 4217 353 4271 Καὶ
384 4217 686 4289 σὺ,Κύριε,
725 4218 950 4289 ποίησον
983 4221 1102 4290 μετ’
1129 4220 1289 4291 ἐμοῦ.
1330 4240 1349 4274 ι

175 4308 398 4381 Εῐρηται
433 4308 714 4376 πολλάκις,
745 4310 830 4364 ὅτι
868 4310 947 4383 τῷ
977 4310 1257 4383 προσώπῳ
1303 4312 1399 4367 τοῦ
1430 4313 1670 4384 Χριστοῦ

1782 1851 1903 1894 ctus
1926 1839 2061 1906 fuit;
2098 1851 2435 1911 quapmpter
2469 1843 2642 1897 dixit:
2679 1842 2865 1899 Tristis
2918 1855 2995 1900 est
3030 1846 3213 1900 anima
3256 1862 3372 1899 mea

1783 1946 1947 2010 usque
1972 1933 2044 1986 ad
2067 1941 2288 1987 mortem
2310 1934 2352 1987 ³.

1747 2071 1757 2086 ,
1857 2022 2018 2077 Vens.
2044 2024 2131 2077 18.
2180 2043 2198 2075 ι
2231 2023 2298 2079 Et
2330 2023 2520 2079 dilexit
2553 2024 3016 2081 maledictionem.
3053 2047 3073 2080 ι

1854 2113 2082 2181 Qualem
2115 2130 2313 2185 nempe
2338 2115 2569 2181 audivit,
2600 2117 2820 2185 quando
2849 2116 2956 2188 ipsi
3003 2118 3371 2188 proditionem

1782 2207 2065 2262 meditanti
2095 2208 2424 2278 Unigenitus
2471 2208 2630 2276 dixit,
2672 2209 2845 2265 Filius
2891 2212 3102 2282 quidem
3147 2212 3372 2265 hominis

1784 2298 2052 2353 traditur:
2076 2297 2267 2352 bonum
2284 2306 2462 2352 autem
2479 2307 2595 2352 erat
2608 2300 2676 2363 ei,
2693 2299 2740 2352 si
2758 2306 2916 2353 natus
2944 2315 3048 2354 non
3071 2299 3255 2372 fuisset
3274 2299 3373 2354 Ito-

1784 2406 1870 2444 mo
1894 2389 1985 2444 ille
2008 2389 2051 2444 ⁸.

1859 2500 1877 2533 ι
1907 2482 1974 2536 Et
2000 2481 2172 2536 noluit
2192 2480 2658 2538 benedictionem.
2709 2501 2729 2534 ι
3146 2540 3151 2548 ι

1852 2572 2294 2629 Benedictionem
2316 2573 2570 2646 intelligit
2597 2574 2996 2644 apostolorum,
3017 2590 3182 2644 quam
3209 2573 3370 2631 Chri-

1781 2672 1898 2718 stus
1921 2662 2054 2732 ipsis
2079 2663 2367 2733 promisit:
2409 2663 2573 2718 Amen
2606 2664 2722 2718 dico
2754 2665 2914 2731 vobis,
2945 2665 3083 2735 quod
3141 2681 3249 2731 vos,
3279 2665 3370 2736 qui

1779 2756 1941 2810 secuti
1962 2756 2085 2810 estis
2119 2772 2222 2820 me,
2244 2757 2490 2811 sedebitis
2511 2772 2667 2826 super
2700 2759 2850 2811 sedes
2895 2757 3191 2825 duodecim,
3214 2759 3369 2829 judi-

1782 2856 1958 2901 cantes
1984 2847 2255 2901 duodecim
2285 2847 2451 2902 tribus
2485 2846 2660 2903 Israel
2687 2849 2731 2903 ⁸.

1857 2959 1875 2991 ι
1917 2940 1983 2993 Et
2010 2939 2189 2994 induit
2216 2940 2680 2996 maledictionem.
2716 2961 2735 2993 ι

1853 3031 1978 3087 Ητεο
2005 3033 2151 3087 enim
2179 3032 2417 3087 hominis
2447 3033 2703 3088 interiora
2741 3040 2912 3100 sunt;
2950 3036 3023 3091 ita
3050 3048 3111 3091 ut
3143 3035 3366 3092 intesti-

1730 3120 1744 3138 ⁸
1777 3140 1845 3180 na
1877 3126 2096 3195 quidem
2126 3126 2236 3180 sint
2260 3126 2550 3181 rationales
2597 3127 2798 3183 animae
2839 3128 3092 3195 virtutes,
3124 3130 3370 3201 quando-

1777 3218 1995 3287 quidem
2019 3218 2278 3274 intestina
2310 3234 2420 3273 non
2452 3219 2707 3274 eumdem
2747 3221 2931 3276 cibum
2982 3222 3241 3285 retinent,
3273 3222 3369 3277 sed

1778 3310 1938 3363 modo
1970 3310 2190 3379 quidem
2215 3310 2366 3364 illum
2392 3310 2720 3380 suscipiunt.
2753 3310 2918 3366 modo
2946 3326 3076 3367 vero
3105 3312 3365 3383 ejiciunt;

1777 3402 1918 3455 sicut
1944 3402 2110 3455 etiam
2139 3401 2499 3475 cogitationes
2529 3401 2724 3457 iisdem
2755 3402 2923 3458 rebus
2965 3403 3195 3457 minime
3228 3402 3368 3458 insi—

1778 3484 1948 3556 stunt,
1977 3490 2071 3545 sed
2113 3489 2330 3545 assidue
2353 3497 2657 3546 mutantur.
2685 3489 2819 3547 Ossa
2847 3507 3000 3556 vero,
3032 3502 3219 3562 utpote
3248 3509 3369 3564 qua:

1775 3582 1933 3637 ﬁrma
1961 3581 2093 3648 sint,
2125 3582 2354 3637 virtutes
2375 3583 2642 3650 practicas
2675 3582 3065 3653 intelligemus.
3096 3583 3365 3650 Quoniam

1777 3689 1914 3743 aqua
1941 3673 2162 3744 quidem
2188 3673 2465 3729 intestinis
2488 3673 2570 3744 (ut
2599 3688 2720 3743 quae
2767 3673 2997 3729 humore
3026 3675 3364 3745 nutriantur)

1776 3766 1957 3821 oleum
2007 3780 2138 3822 vero
2175 3764 2389 3821 ossibus
2423 3764 2654 3835 quadrat
2706 3764 2844 3837 (haec
2888 3764 3036 3820 enim
3093 3766 3199 3821 olei
3257 3783 3364 3821 un-

1775 3859 1958 3912 ctione
1985 3857 2281 3928 plurimum
2311 3854 2612 3928 gaudent);
2654 3857 2854 3912 merito
2895 3872 3090 3928 aquam
3141 3857 3365 3913 iutesti~

1774 3949 1882 4015 nis,
1915 3949 2097 4004 oleum
2125 3963 2257 4004 vero
2284 3948 2500 4005 ossibus
2535 3948 2803 4014 attribuit,
2837 3949 2906 4005 ad
2954 3949 3357 4004 ostendendum

1773 4041 1876 4110 ipsi
1913 4048 2224 4111 competere
2271 4028 2696 4106 exsecrationes,
2727 4049 2918 4110 utpote
2948 4040 3100 4098 hisce
3157 4057 3356 4099 conve-

1774 4133 2021 4189 nientem
2049 4133 2315 4188 malitiam
2336 4133 2697 4188 consectanti.

1843 4224 2006 4280 Vens.
2040 4226 2131 4281 2|.
2171 4242 2191 4277 ι
2221 4225 2291 4280 Ει
2319 4233 2398 4290 tu,
2432 4222 2679 4288 Domine,
2704 4222 2790 4279 fac
2820 4237 3056 4283 mecum.
3087 4242 3107 4278 ι

1843 4315 2230 4388 Saepenumero
2255 4315 2462 4371 dictum
2492 4322 2596 4381 est,
2627 4329 2879 4386 personat
2901 4313 3109 4373 Christi
3132 4315 3358 4373 humilia

99 4403 358 4473 ἁρμόττει
389 4403 458 4455 τὰ
500 4404 736 4458 ταπεινὰ
784 4403 871 4457 διὰ
908 4405 1008 4474 τὴν
1045 4404 1444 4476 άνθρωπότητα
1479 4422 1494 4448 '-
1534 4406 1668 4462 ἀλλὰ

1818 4422 2074 4480 ingruere
2119 4415 2343 4478 propter
2390 4405 2829 4474 humanitatem;
2861 4414 3242 4462 verumtamen
3297 4415 3360 4460 ut

100 4496 198 4550 καὶ
222 4495 361 4550 οὕτω
383 4495 452 4550 τὰ
485 4495 666 4566 ὑψηλά
708 4498 821 4560 τοῖς
848 4499 1130 4562 ταπεινοῖς
1158 4496 1536 4561 συνέζευκται.
1575 4499 1670 4552 Ei-

1773 4499 1852 4555 sic
1888 4500 2053 4555 etiam
2079 4497 2335 4555 sublimia
2362 4513 2488 4553 cum
2536 4497 2837 4553 humilibus
2864 4496 3160 4568 conjuncta
3205 4507 3354 4553 sunt.

98 4586 218 4639 ⁴ιιὼν
258 4587 385 4656 γὰρ,
442 4589 714 4655 Ποίησον
748 4588 879 4657 μετ’
898 4587 1067 4656 ἐμοῦ,
1098 4587 1443 4659 προσέθηκεν
1466 4588 1668 4643 ἕνεκεν

1818 4606 1902 4645 am
1929 4605 2055 4645 cum
2077 4589 2302 4646 dixisset
2337 4589 2448 4645 Fac
2470 4606 2696 4654 mecum,
2728 4589 2978 4661 adiunxit
3003 4600 3218 4659 propter
3256 4605 3355 4643 no-

99 4675 205 4730 τοῦ
237 4678 523 4745 ὀνόματός
554 4690 672 4731 σου
700 4716 714 4739 ,
747 4678 936 4731 ἕνεκεν
960 4679 1059 4747 τῆς
1088 4678 1230 4748 ἐμῆς
1250 4678 1429 4743 ἀξίας.
1464 4680 1668 4750 Ὀνομα

1818 4698 1889 4735 ιεη
1917 4690 2087 4747 tuum,
2119 4690 2341 4753 propter
2370 4695 2549 4736 meam
2573 4681 2913 4754 dignitatem.
2954 4678 3163 4735 Nomen
3194 4680 3345 4734 enim

98 4767 210 4839 γὰρ
237 4768 325 4821 τοῦ
358 4769 572 4839 Πατρὸς
607 4770 635 4822 ό
658 4769 786 4832 Υίός
809 4785 823 4799 ·
855 4769 1045 4839 διόπερ
1088 4771 1203 4835 καὶ,
1246 4772 1671 4840 Εὐλογημένος

101 4865 137 4917 ό
165 4861 476 4932 ἐρχόμενος
512 4861 583 4915 ἐν
611 4862 857 4932 ὀνόματι
882 4863 1104 4930 Κυρίου
1135 4863 1388 4932 λέγεται,
1439 4864 1515 4927 ὡς
1558 4864 1671 4928 ἶσος

101 4952 248 5022 αὐτῷ
294 4953 577 5024 τυγχάνων
633 4953 728 5008 καὶ
778 4953 1219 5024 ἀπαράλλακτος,
1266 4956 1361 5009 καὶ
1394 4955 1481 5009 διὰ
1509 4955 1670 5011 τοῦτο

104 5039 197 5094 τοῦ
237 5043 446 5114 Harpe;
476 5044 883 5116 ἀναλαμϐάνων
930 5044 992 5097 τὸ
1028 5044 1220 5115 ὄνομα.
1260 5046 1373 5100 Καὶ
1412 5049 1462 5100 εἰ
1491 5046 1673 5111 οὕτως

108 5131 255 5196 ἀξίας
275 5132 477 5202 ἔχεται,
492 5135 637 5200 τίνος
666 5137 826 5208 χάριν
844 5135 1204 5208 προσεύχεται
1221 5139 1363 5202 ;Ὄτι
1379 5138 1668 5207 χρηστὸν,

111 5225 258 5293 φησὶ,
292 5224 356 5278 τὸ
381 5224 550 5292 ἔλεός
583 5244 699 5282 σου
733 5245 748 5261 ο
788 5228 938 5292 ἔλεος
969 5230 1133 5282 πάλιν
1162 5229 1257 5282 τοῦ
1289 5229 1501 5300 Πατρδς
1541 5230 1668 5281 ἐαυ-

109 5314 198 5368 τὸν
240 5313 416 5368 καλῶν
449 5330 462 5345 ·
496 5315 642 5380 ἔλεος
677 5318 776 5387 μὲν
810 5318 998 5390 ἐπειδὴ
1032 5317 1121 5372 διὰ
1149 5319 1247 5388 τῆς
1275 5316 1438 5370 αὐτοῦ
1462 5332 1664 5389 παρου-

115 5407 225 5470 σίας
252 5405 560 5477 ἠλεήθημεν
581 5424 595 5437 ·
632 5408 777 5471 ἔλεος
797 5410 854 5461 δὲ
876 5410 971 5463 τοῦ
998 5410 1211 5480 Πατρὸς
1246 5409 1491 5474 εἰκότωςο
1519 5408 1666 5477 γνώο-

116 5516 186 5570 μῃ
209 5498 309 5569 γὰρ
339 5498 504 5552 αὐτοῦ
535 5502 568 5570 ἡ
600 5500 848 5570 σωτηρία
879 5501 1036 5571 ἡμῶν
1066 5503 1404 5575 πέπρακται.
1446 5501 1663 5572 Ἐπειδὴ

177 5636 195 5665 ²
228 5632 408 5689 Matth.
441 5649 559 5701 vm,
585 5632 657 5686 20
689 5640 742 5687 et
766 5630 924 5689 Luca:
954 5649 1029 5701 ιιι,
1066 5635 1155 5689 58.
1230 5636 1251 5668 ³
1274 5634 1469 5689 Matth.
1502 5649 1617 5701 XXI,
1642 5634 1734 5690 58.

120 5719 253 5767 xxut,
281 5704 365 5757 54.

1777 4772 1959 4827 Patris
1982 4783 2069 4827 est
2090 4771 2261 4827 Filius
2289 4789 2303 4830 :
2331 4780 2664 4841 quapropter
2697 4771 2860 4825 etiam
2901 4770 3132 4838 dicitur,
3181 4770 3355 4825 Bene-

1776 4865 1948 4919 dictus
2009 4863 2101 4933 qui
2133 4864 2273 4916 venit
2331 4862 2389 4913 in
2416 4861 2623 4914 nomine
2666 4860 2881 4914 Domini
2914 4863 2972 4927 ⁶;
3006 4870 3190 4932 utpote
3249 4862 3356 4933 ipsi

1774 4955 2001 5027 atqnalis
2029 4963 2084 5009 et
2119 4951 2581 5009 incommutabilis
2612 4952 2903 5017 exsistens,
2938 4963 3103 5023 atque
3147 4955 3356 5010 idcirco

1776 5046 1952 5104 Patris
1983 5060 2185 5102 nomen
2216 5059 2520 5101 assumens.
2559 5046 2721 5115 Atqui
2781 5045 2824 5113 si
2854 5053 3018 5101 tantae
3073 5046 3353 5119 dignitatis

1779 5136 1872 5203 sit,
1902 5138 2196 5193 cur’orat?
2240 5134 2402 5202 Quia,
2443 5136 2640 5206 inquit,
2665 5137 2841 5191 suavis
2865 5145 2940 5193 est
2994 5138 3352 5195 misericordia

1777 5234 1867 5279 tua
1897 5243 1915 5280 :
1946 5242 2140 5282 rursus
2178 5226 2534 5296 semetipsum
2566 5225 2742 5281 Patris
2773 5227 3211 5283 misericordiam
3251 5243 3351 5299 ap-

1773 5317 2475 5388 pellans;misericordiam
2507 5318 2748 5387 quidem,
2780 5318 2911 5388 quia
2930 5333 3029 5389 per
3062 5319 3185 5389 ejus
3207 5333 3350 5390 prte-

1772 5410 2001 5464 scntiam
2030 5410 2310 5465 consecuti
2339 5424 2528 5465 sumus
2548 5409 2976 5465 misericordiam
3001 5427 3016 5475 ;
3050 5408 3223 5467 Patris
3249 5425 3350 5465 au-

1777 5510 1883 5557 tem
1937 5501 2387 5565 miscricordiam,
2426 5503 2554 5573 quia
2609 5503 2869 5558 nimirum
2926 5503 3044 5574 ejus
3070 5503 3351 5561 voluntate

1830 5635 1851 5666 ⁸
1877 5635 2071 5695 Matth.
2104 5653 2257 5705 nrt,
2291 5638 2383 5693 9.4.
2487 5641 2505 5671 ⁸
2536 5637 2724 5694 Matth.
2766 5654 2876 5706 XIX,
2906 5637 2998 5696 28.
3097 5642 3119 5673 ⁸
3156 5639 3343 5696 Matth.
