3800 6312
93 348 157 412 31
1167 331 1635 396 FRAGMENTA
1673 331 1750 389 l-N
1797 331 2158 392 PSALMOS.

1643 452 1686 507 Α
1794 445 1950 502 Vens.
1983 447 2076 502 28.
2116 466 2134 500 ι
2174 447 2498 506 Malediceut
2531 448 2628 503 illi.
2670 468 2688 500 ι

97 484 118 518 ι
152 459 572 534 Καταράσονται
594 453 771 509 αὐτοί.
793 469 812 503 ι

93 557 358 627 Κατάραν
405 548 646 605 ἐνταῦθα
697 546 790 599 τὸν
841 542 1076 614 σταυρὸν
1102 542 1294 597 καλεῖ·
1329 540 1524 610 ἐπειδὴ
1553 541 1612 592 ὲν

57 653 102 723 ᾦ
127 653 278 720 νόμῳ
316 643 712 718 γεγραμμένον
760 634 829 709 ἦν
853 655 866 669 ’
912 635 1378 704 Ἐπικατάρατος
1424 631 1546 698 πᾶς
1579 635 1613 686 ό

49 742 400 813 ςρεμὰμενος
448 736 549 790 ἐπὶ
595 733 814 799 ξύλου.
845 731 1045 800 Διόπερ
1070 728 1236 783 αὐτὸν
1277 727 1400 780 οὐδὲ
1437 723 1614 786 ἄλλως

49 833 406 905 ιναιρεθῆνοιι,
434 828 575 883 ἀλλὰ
623 824 714 878 διὰ
746 821 842 876 τοῦ
875 821 1111 894 σταυροῦ
1144 817 1438 890 ἐζήτησαν,
1464 815 1617 886 ὑϐρί-

49 946 115 982 ται
148 929 212 997 τῇ
239 924 460 994 κατάρᾳ.
486 923 556 992 τῇ
597 916 966 991 γεγραμμένῃ
994 916 1053 966 ὲν
1075 913 1154 984 τῷ
1177 912 1331 983 νόμῳ
1358 909 1615 981 βουλόμε-

50 1034 132 1071 Ιοι·
166 1017 283 1070 ἀλλ’
314 1017 464 1085 ὅμως
493 1013 522 1065 ὸ
552 1010 740 1080 Πατὴρ
771 1007 907 1062 αὐτὸ
937 1007 1019 1069 εἰς
1057 1002 1310 1071 εὐλογίαν
1337 999 1613 1069 ἐξέλαϐεν.

49 1110 159 1164 mss
187 1109 296 1178 γὰρ
318 1106 495 1168 ἄλλως
526 1105 576 1156 εἰ
601 1102 678 1173 μὴ
709 1099 800 1154 διὰ
825 1097 1063 1169 σταυροῦ
1092 1097 1349 1166 ἀνέχεται
1379 1108 1618 1164 προσκυ-

49 1201 258 1265 ιεῖσθαι,
289 1199 324 1270 ἢ
359 1198 497 1260 ὅλως
529 1191 908 1249 πιστεύεσθαι.

103 1314 122 1347 ι
155 1296 220 1346 Οἱ
250 1286 680 1358 ἐπανιστάμενοί
713 1302 807 1356 μοι
839 1281 1321 1354 αἰσχυνθήτωσαν.
1353 1300 1372 1332 ι

98 1383 587 1455 Αἰσχυνθήτωσαν,
623 1378 811 1450 φησὶν,
841 1378 890 1429 οἱ
951 1373 1212 1434 Ἰουδαῖοι.
1247 1373 1337 1426 τὸν
1362 1372 1494 1442 παρ’
1520 1370 1619 1425 αὑ-

49 1479 138 1530 :in
167 1473 555 1543 σταυρωθέντα
589 1471 741 1541 παρά
765 1468 983 1522 πάντων
1014 1465 1248 1537 ὁρῶντες
1281 1462 1619 1534 προσκυνού-

49 1583 222 1621 ιενον.
262 1565 435 1628 Αὐτὸς
464 1562 524 1616 δὲ
551 1561 614 1614 οῦ
648 1557 904 1612 τοσοῦτον
927 1556 1018 1611 διὰ
1053 1554 1157 1626 τὴν
1187 1555 1298 1608 τῶν
1347 1553 1620 1607 Ἰουδαίων

49 1661 323 1732 ιίσχύνην,
373 1657 499 1710 ὅσον
542 1653 630 1706 eis
685 1651 787 1722 τὴν
835 1646 1111 1721 σωτηρίαν
1143 1646 1242 1714 τῆς
1288 1643 1619 1715 οἰκουμένης

49 1754 410 1824 ιύφραίνεται.

107 1864 128 1898 ι
167 1839 619 1897 Ἐνδυσόισθωσαν
648 1838 696 1890 οὶ
722 1832 1160 1896 ὲνδιαϐἀλλοντές
1193 1847 1265 1903 με
1284 1828 1614 1902 ἐντροπὴν.»

109 2023 416 2097 Ἐντροπὴν
447 2023 598 2092 λέγει
627 2020 739 2075 τῶν
779 2016 1054 2074 Ἰουδαίων
1086 2013 1196 2068 τῶν
1217 2011 1627 2067 διαϐαλλόντων

49 2121 124 2174 cui
158 2115 643 2192 βλασφημούντων
679 2114 769 2170 τὸν
797 2110 1058 2183 Χριστὸν,
1097 2109 1178 2162 ὅτι
1211 2105 1304 2160 τὸν
1334 2105 1394 2172 ἑξ
1443 2102 1625 2158 αὐτῶν

49 2213 162 2267 ὅντα
197 2210 344 2266 κατά
371 2211 573 2281 σάρκα,
606 2207 705 2261 καὶ
743 2207 918 2260 σῶσαι
941 2201 1142 2264 αὐτοὺς
1172 2198 1399 2260 ἐλθόντα
1433 2193 1626 2250 ἐσταύ-

49 2323 237 2361 >ωσαν.
273 2302 420 2357 Ἀλλ’
453 2303 602 2373 ὅμως
631 2297 840 2367 ταύτην
864 2297 966 2367 τὴν
991 2292 1263 2364 ἐντροπὴν
1306 2289 1585 2346 ἐνδύονται
1609 2304 1622 2320 ο

49 2398 150 2450 ρύδὲ
197 2396 314 2467 γὰρ
359 2392 655 2465 ἀρνοῦνται
695 2389 758 2442 τὸ
804 2385 1052 2457 γεγονὸς,
1086 2383 1224 2438 ἀλλά
1280 2381 1377 2436 καὶ
1415 2379 1624 2449 σφόδρα

49 2488 368 2542 ιίκειοῦνται
391 2483 488 2538 τοῦ
515 2479 754 2552 σταυροῦ
776 2477 838 2532 τὸ
857 2477 1140 2548 τόλμημα.
1173 2475 1288 2546 Τὴν
1313 2473 1447 2543 γοῦν
1469 2473 1624 2541 εἰρη-

49 2583 208 2650 ιὲνην
233 2579 503 2647 αἰσχύνην
527 2575 604 2637 ὡς
629 2571 880 2626 διπλοΐδα
905 2568 1332 2642 περιϐάλλονται
1357 2583 1370 2598 ·
1399 2568 1493 2621 ἐπὶ
1516 2564 1626 2634 γὰρ

49 2673 110 2743 ,ᾧ
138 2670 452 2740 τολμήματι
488 2665 584 2719 τοῦ
616 2661 876 2733 σταυροῦ,
910 2662 1047 2731 ὅπερ
1079 2658 1294 2730 ἰμάτιον
1339 2656 1624 2726 κέκληται,

49 2764 332 2836 ἰρνοῦνται
365 2760 458 2814 τὸν
490 2758 582 2812 διὰ
623 2756 724 2826 τῆς
757 2754 968 2820 οἰκείας
999 2753 1271 2823 ὲγέρσεως
1311 2748 1409 2849 τὴν
1450 2748 1627 2849 often:

49 2857 209 2927 ιινην
231 2854 548 2923 ἐγείραντα.
583 2847 752 2901 Τοῦτο
783 2846 839 2900 δὲ
863 2845 1049 2908 αὐτοῖς
1067 2844 1147 2907 ὡς
1176 2841 1412 2912 αἰσχύνη
1462 2837 1626 2908 διπλῆ

49 2946 308 3010 ῑιπλοῖδος
341 2944 527 3006 αὐτοῖς
555 2939 784 3001 εἰκότως
813 2935 1160 3009 περιϐόλαιον
1193 2932 1426 3002 γίνεται.

110 3059 130 3093 ι
171 3035 675 3109 Ἐξομολογὴσομαι
713 3029 792 3100 τῷ
841 3027 1270 3100 Κυρίῳισφόδρα
1315 3026 1375 3078 ὲν
1406 3021 1485 3094 τῷ
1509 3020 1628 3106 a16-

49 3132 173 3202 μτί
203 3149 330 3202 μου.
354 3149 375 3183 ι
1167 3167 1169 3170 ι

103 3224 298 3294 Στόμα
323 3221 418 3275 τοῦ
444 3217 684 3291 Χριστοῦ
709 3218 744 3289 η
787 3213 1088 3286 Ἐκκλησία
1107 3229 1119 3243 ο
1157 3211 1350 3282 ἐπειδὴ
1388 3210 1484 3266 καὶ
1522 3211 1622 3265 αύ-

49 3320 124 3382 rb;
158 3317 330 3387 αὐτῆς
354 3313 564 3385 κεφαλὴ
591 3309 904 3379 ἀναγκαίως
933 3307 1242 3378 καθέστηκε
1261 3322 1275 3336 ο
1294 3305 1386 3359 διὰ
1417 3304 1625 3376 ταύτης

49 3408 219 3463 τοίνυν
279 3400 786 3476 ἐξομολογήσασθαι
835 3398 914 3470 τῷ
974 3398 1154 3470 Πατρὶ
1198 3394 1622 3464 ἐπαγγέλλεται.

49 3499 208 3554 Γοῦτο
233 3499 344 3568 γὰρ
365 3498 446 3559 εἰς
484 3494 785 3563 σαφήνειαν
818 3491 1069 3560 ἐπήγαγε
1103 3488 1166 3540 τὸ
1191 3488 1480 3558 ἑπόμενον.

111 3609 131 3642 ι
172 3589 262 3642 Ἐν
292 3587 446 3658 μέσῳ
474 3583 686 3637 πολλῶν
718 3580 917 3636 αἰνέσω
949 3577 1136 3633 αὐτόν.
1164 3595 1185 3652 ι

105 3679 320 3735 Οὐκοῦν
349 3679 448 3750 τὴν
487 3676 765 3747 ἡμετέραν
816 3671 1148 3740 δοξολογίαν,
1192 3669 1401 3728 οἰκείαν
1433 3667 1626 3740 ὲξομο·

49 3775 288 3844 δόγησιν,
354 3771 632 3824 τουτέστιν
684 3765 1060 3837 εὐχαριστίαν,
1113 3763 1432 3832 ἀναγκαίως
1483 3762 1626 3816 κατά

49 3865 197 3932 ιόγον
225 3863 300 3926 ὼς
341 3857 546 3930 ποιμὴν
577 3857 836 3928 ποίμνης,
868 3854 964 3909 καὶ
1002 3853 1076 3918 ὡς
1109 3851 1334 3923 ἀπαρχὴ
1365 3852 1625 3924 φυράμα-

49 3973 128 4019 ιος
158 3954 396 4009 τίθεται.

111 4065 131 4098 ι
163 4048 290 4101 Ὅτι
325 4045 572 4116 παρέστη
602 4045 665 4095 ὲκ
693 4041 880 4108 δεξιῶν
910 4041 1164 4112 πένητος.
1191 4057 1210 4089 ι

120 4139 214 4192 Ἐν
249 4138 359 4209 γάρ
412 4139 524 4200 τοῖς
573 4133 850 4197 Ἰουδαίοις
894 4131 1058 4188 αὑτὸν
1112 4130 1201 4184 διὰ
1247 4129 1347 4201 τὴν
1397 4129 1624 4184 ἐκείνων

49 4233 310 4286 ἰπιστίαν
353 4228 655 4302 πενόμενον
720 4225 972 4279 πλουτεῖν
1028 4222 1333 4293 πεποίηκεν
1405 4225 1463 4275 ὲν
1513 4223 1626 4285 τοῖς

49 4324 271 4386 ἑθνεσιν,
323 4323 388 4375 ὲκ
427 4320 618 4385 δεξιῶν
673 4317 838 4374 αὑτοῦ
897 4315 1221 4388 παραστᾶς’
1254 4316 1392 4384 ὅπερ
1421 4313 1487 4368 σὺ
1525 4313 1626 4383 μὲν

49 4418 214 4479 ἰοκεῖς
246 4408 391 4468 εἶναι
442 4411 718 4476 ταπεινὸν,
765 4409 882 4462 ἐστι
916 4408 974 4462 δὲ
1025 4407 1234 4476 σφόδρα
1275 4404 1499 4476 ὑψηλὸν,
1529 4405 1626 4458 καὶ

1651 3139 1702 3204 G

3164 331 3302 399 1322

1789 537 2138 594 Maledictum
2169 539 2273 595 hoc
2301 540 2422 595 loco
2451 541 2693 611 appellat
2751 553 3010 608 crucem;
3050 543 3301 614 quando-

1715 631 1935 702 quidem
1971 633 2025 686 in
2059 634 2176 704 lege
2205 636 2470 705 scriptum
2523 646 2645 690 erat
2697 654 2711 690 :
2767 637 3080 693 Maledicta:
3133 641 3301 694 omnia

1717 725 1805 794 qui
1835 726 2021 794 pendet
2066 728 2123 780 in
2176 727 2318 798 ligno
2352 729 2416 781 “.
2481 729 2690 784 Idcirco
2729 729 2912 798 ipsum
2971 745 3083 786 non
3141 732 3302 787 aliter

1717 829 1880 883 quam
1914 831 2010 886 per
2036 816 2242 886 lignum
2277 817 2597 873 interimere
2623 820 2968 889 quaerebant,
3002 821 3302 878 maledicto

1718 908 1774 962 in
1807 909 1924 981 lege
1946 910 2153 980 scripto
2183 910 2364 980 ipsum
2412 910 2630 968 allicere
2670 911 2958 968 volentes:
3019 923 3303 969 verumtar

1718 1017 1844 1056 men
1873 1001 2033 1058 Pater
2072 1003 2204 1058 illud
2234 1003 2293 1058 in
2321 1003 2766 1058 benedictionem
2792 1004 3086 1061 ordinavit.
3113 1005 3302 1076 Neque

1717 1094 1866 1152 enim
1897 1095 2056 1150 aliter
2081 1112 2246 1166 quam
2302 1111 2401 1168 per
2430 1112 2650 1152 erucem
2693 1097 2932 1154 sustinet
2961 1100 3198 1166 adorari,
3216 1099 3302 1154 vel

1719 1187 1950 1241 omnino
1973 1188 2148 1243 credi.

1793 1294 1813 1327 ι
1849 1275 1952 1343 Qui
2015 1277 2306 1350 insurgunt
2361 1281 2628 1337 adversus
2688 1284 3230 1341 meeonfundantur.
3275 1303 3298 1336 ο

1789 1369 2674 1441 Conlundantur,iuquitJudazi,
2721 1389 2853 1430 eum
2904 1378 3001 1446 qui
3041 1378 3111 1432 ab
3173 1379 3306 1447 ipsis

1719 1461 2013 1520 cruciﬁxus
2041 1462 2220 1518 fuerat
2252 1464 2321 1519 ab
2349 1464 2612 1520 omnibus
2643 1465 2936 1521 adoratum
2981 1477 3300 1523 cernentes.

1721 1554 1845 1624 Ipse
1877 1561 2060 1609 autem
2090 1569 2203 1609 non
2229 1565 2443 1612 tantum
2477 1567 2706 1626 propter
2732 1555 3049 1613 Judteorum
3105 1560 3303 1614 confu-

1720 1644 1956 1711 sionem,
2016 1653 2283 1714 quantum
2339 1646 2411 1702 ob
2449 1648 2631 1702 totius
2659 1649 2812 1704 orbis
2859 1650 3092 1706 salutem
3150 1650 3305 1706 laeta-

1721 1746 1780 1794 tu
1787 1754 1832 1794 ι’.

1649 1805 1690 1860 Β
1795 1823 1959 1881 Vnus.
1991 1827 2081 1882 29.
2125 1845 2146 1879 ι
2183 1825 2489 1884 Induantur
2533 1830 2627 1900 qui
2651 1830 2954 1889 detrahunt
3015 1834 3156 1890 mihi
3199 1850 3306 1906 pu-

1723 1917 1876 1974 dore.
1918 1937 1937 1970 ι

1797 2011 2067 2068 Pudorcm
2091 2013 2169 2069 ait
2193 2014 2512 2072 Iudaeorum
2537 2016 2943 2076 detrahentium
2971 2031 3028 2078 et
3077 2023 3308 2080 maledi-

1723 2101 1966 2156 eentium
1992 2103 2234 2170 Christo,
2255 2106 2402 2176 quod
2432 2106 2696 2163 nimirum
2739 2110 2920 2180 ipsum
2945 2113 3094 2168 cruci
3115 2114 3307 2170 attinea-

1727 2191 1856 2256 rint,
1879 2192 1970 2262 qui
2004 2211 2070 2248 ex
2097 2194 2205 2250 illis
2235 2205 2352 2251 erat
2382 2199 2687 2254 secundum
2720 2215 2965 2269 carnem,
2997 2205 3134 2260 etad
3157 2205 3310 2275 ipsos

1727 2285 2026 2342 servandos
2064 2287 2384 2344 advenerat.
2415 2289 2808 2356 Verumtamen
2850 2295 3004 2352 hunc
3037 2297 3306 2367 pudorem

1726 2375 1995 2445 induunt;
2026 2394 2135 2434 non
2154 2381 2301 2437 enim
2333 2381 2539 2440 factum
2561 2395 2780 2456 negant,
2817 2389 2914 2444 sed
2950 2391 3133 2447 crucis
3171 2392 3307 2448 faci-

1728 2482 1833 2523 nus
1863 2468 1964 2523 sibi
1988 2471 2269 2540 proprium
2307 2474 2613 2531 vindicant.
2640 2477 2858 2536 Dictum
2917 2480 3105 2552 itaque
3131 2485 3308 2554 pudo~

1728 2575 1844 2615 rem
1880 2569 2137 2633 tanquam
2161 2565 2458 2636 diploidem
2497 2568 2738 2626 induunt
2773 2586 2939 2626 :nam
2967 2589 3132 2646 supra
3165 2577 3307 2633 faci-

1727 2671 1836 2710 nus
1862 2658 2063 2725 crucis,
2087 2660 2232 2731 quod
2263 2662 2433 2717 vestis
2493 2674 2868 2735 nuncupatur,
2891 2677 3094 2739 negant
3155 2671 3310 2727 illum

1726 2760 1826 2817 per
1857 2748 2138 2821 propriam
2198 2751 2659 2809 resurrectionem
2743 2755 3060 2822 universum
3114 2760 3309 2818 orbem

1729 2837 2020 2900 excitasse.
2054 2839 2169 2897 Hoc
2191 2849 2376 2898 autem
2429 2851 2692 2914 tanquam
2711 2845 2912 2916 duplex
2966 2851 3143 2920 pudor
3186 2853 3312 2922 jure

1729 2934 1927 2990 merito
1949 2935 2080 3006 ipsis
2109 2935 2370 3006 diploidis
2392 2937 2780 2995 indumentum
2808 2942 3046 3000 exsistit.

1802 3023 1968 3081 Vens.
2024 3027 2115 3082 50.
2151 3044 2171 3078 ι
2227 3026 2547 3084 Conﬁtebor
2611 3030 2850 3089 Domino.
2894 3033 3060 3092 nimis
3117 3036 3174 3093 in
3215 3055 3314 3095 ore

1730 3132 1874 3174 meo.
1906 3136 1928 3170 δ

1797 3209 1871 3266 Os
1892 3212 2095 3269 Christi
2119 3223 2204 3270 est
2233 3213 2510 3281 Ecclesia;
2552 3217 2998 3290 quandoquidem
3031 3222 3151 3292 ipse
3177 3239 3316 3294 quo-

1729 3318 1838 3372 que
1867 3307 2181 3364 necessario
2208 3308 2329 3380 ejus
2348 3319 2514 3382 caput
2543 3312 2884 3369 constitutus
2901 3323 2986 3369 est
3017 3331 3030 3367 :
3062 3331 3158 3385 per
3170 3317 3314 3374 hanc

1730 3395 1898 3467 igitur
1917 3396 2062 3454 Patri
2089 3401 2339 3457 conﬁteri
2359 3403 2710 3473 perhibetur.
2754 3403 2870 3461 [Ioc
2898 3406 3047 3461 enim
3082 3408 3138 3462 id
3163 3410 3312 3479 quod

1731 3488 1978 3558 sequitur
2005 3490 2323 3548 declaravit.
3217 3523 3220 3526 ’

1805 3596 1831 3631 ,ι
1870 3577 1932 3633 In
1954 3580 2138 3639 medio
2159 3581 2456 3638 multorum
2482 3583 2719 3641 laudabo
2746 3602 2896 3642 eum.
2928 3607 2950 3644 ι

1803 3669 2057 3727 Nostram
2074 3672 2241 3745 igitur
2262 3673 2736 3749 gloriﬁcationem,
2767 3679 3048 3752 propriam
3091 3683 3312 3742 confes-

1733 3765 1966 3830 sionem,
1994 3765 2047 3821 id
2070 3775 2158 3822 est
2175 3767 2470 3838 gratiarum
2489 3769 2783 3838 actionem,
2811 3773 2970 3843 juxta
2997 3789 3312 3833 sermonem

1732 3857 1883 3912 hunc
1901 3859 2215 3914 necessario
2233 3860 2400 3929 ponit
2447 3865 2714 3933 tanquam
2753 3873 2943 3936 pastor
2993 3867 3196 3941 gregis,
3257 3879 3318 3927 et

1734 3956 1991 4019 tanquam
2017 3950 2274 4018 primitia
2304 3954 2734 4022 conspersionis.

1808 4033 2084 4108 Vsas.q3l.
2107 4059 2127 4091 ι
2165 4039 2302 4106 Quia
2337 4043 2511 4097 astitit
2538 4059 2569 4096 a
2598 4044 2804 4100 dextris
2829 4048 3107 4117 pauperis.
3135 4069 3170 4101 ιη

1805 4131 1987 4203 Ipsum
2011 4133 2164 4188 enim
2183 4134 2326 4189 inter
2352 4132 2574 4192 ludmos
2625 4137 2698 4192 ob
2725 4137 2944 4194 illorum
2967 4140 3317 4200 incredulita-

1737 4234 1844 4281 tem
1869 4224 2099 4296 penuria
2121 4225 2458 4282 laborantem
2479 4226 2760 4284 abtmdare
2777 4228 2907 4286 fecit
2926 4231 3070 4286 inter
3099 4243 3314 4304 gentes,

1732 4333 1765 4372 a
1791 4316 1998 4373 dextris
2029 4317 2201 4387 ipsius
2237 4318 2501 4374 assistens
2535 4334 2549 4371 :
2585 4320 2816 4394 quod'tu-
2847 4321 3069 4392 quidem
3106 4325 3314 4384 hinnile

1731 4424 1857 4464 esse
1881 4409 2188 4476 arbitraris,
2208 4410 2318 4489 sed
2353 4421 2441 4466 est
2484 4412 2643 4466 valde
2697 4412 2952 4479 sublime,
3007 4417 3153 4472 etde
3196 4418 3316 4474 solo

49 4510 169 4580 ιτερί
199 4508 364 4578 μόνου
399 4504 531 4559 Υἰοῦ
573 4505 649 4568 ὡς
702 4500 836 4556 Θεοῦ
869 4501 966 4556 καὶ
1011 4498 1302 4570 ὀμοουσίου
1331 4499 1618 4568 δυνάμενοι

1781 4501 1871 4555 ilio
1904 4509 2162 4572 tanquam
2196 4501 2307 4555 Deo
2347 4508 2402 4556 et
2444 4503 2894 4559 consubstantiali
2945 4505 3056 4562 diei
3107 4516 3311 4577 potest.

49 4599 322 4670 λέγεσθαι.
351 4599 566 4666 Ὥσπερ
601 4595 710 4666 γὰρ
742 4594 870 4657 Υἱὸς
897 4592 958 4645 οὐ
1005 4590 1165 4662 μόνον
1196 4590 1261 4643 ὲκ
1285 4587 1476 4653 δεξιῶν
1499 4587 1628 4643 κάθ-

49 4709 168 4763 ιιται
219 4689 317 4743 τοῦ
370 4687 608 4758 Πατρὸς,
657 4685 794 4739 ἀλλά
841 4686 937 4739 καὶ
989 4684 1054 4736 ὲκ
1115 4680 1308 4746 δεξιῶν
1382 4681 1620 4736 ἵσταται.

57 4784 199 4853 φησι
221 4781 333 4852 γὰρ
355 4782 383 4833 ὁ
411 4781 702 4846 Στέφανος·
747 4775 895 4843 Ἰδοὺ
927 4770 1123 4842 θεωρῶ
1158 4770 1300 4838 τοὺς
1325 4769 1624 4840 οὐρανοὺς

49 4872 474 4944 ἰνεῳῃιένους,
501 4868 600 4924 καὶ
646 4868 882 4938 Ἰησοῦν
917 4863 1150 4922 ἑστῶτα
1176 4865 1246 4918 ἐκ
1271 4862 1489 4928 δεξιῶν
1510 4860 1624 4930 τῆς

49 4963 390 5034 ἴ-υνάμεωςψ
429 4961 576 5016 οὕτω
602 4961 697 5016 καί⁵
741 4962 770 5015 ό
831 4957 1022 5030 Πατὴρ
1053 4958 1119 5010 ἐκ
1151 4954 1342 5022 δεξιῶν
1371 4952 1624 5007 ἵστασθαι

49 5056 256 5121 ιέγεται
287 5055 382 5110 τοῦ
432 5053 586 5120 Υἰοῦ,
623 5054 710 5110 ἵνα
761 5052 893 5125 μίαν
937 5053 1098 5122 ἡμεῖς
1151 5047 1310 5112 ἀξίαν
1361 5044 1496 5100 Υἰοῦ
1527 5043 1623 5098 καὶ

50 5145 250 5217 ἰατρὸς
277 5146 556 5218 μάθωμεν.

601 5239 897 5293 ΨΛΔΜΟΣ
935 5235 1062 5292 ΡΘ’.

111 5347 132 5382 ι
157 5325 328 5384 Εῐπεν
357 5331 385 5383 ὁ
419 5329 622 5400 Κύριος
649 5330 727 5400 τῷ
759 5331 952 5402 Κυρίῳ
985 5347 1109 5402 μου.
1138 5349 1158 5382 ι

109 5420 229 5473 Ἵνα
268 5419 451 5491 δειχθῇ
493 5419 588 5473 τοῦ
620 5421 830 5493 [ἰατρὸς
858 5423 954 5476 καὶ
983 5419 1078 5475 τοῦ
1111 5419 1241 5474 Υἰοῦ
1276 5418 1337 5472 τδ
1363 5420 1424 5472 ὲν
1454 5416 1619 5470 πᾶσιν

49 5509 319 5581 ίμότιμον,
348 5511 444 5565 καί
489 5512 572 5565 ὅτι
609 5512 710 5564 οὐκ
739 5513 902 5577 αὐτὸς
936 5513 1116 5584 ἑαυτῷ
1140 5515 1168 5566 ὁ
1197 5513 1329 5575 Υίδς
1376 5509 1620 5580 ἁρπάζει

49 5599 318 5672 βασιλείας
359 5604 392 5674 ἢ
433 5606 688 5668 θεότητος
740 5603 896 5668 ἀξίαν
932 5605 1036 5677 (διό
1082 5620 1248 5675 φησιν
1298 5605 1326 5656 ὁ
1380 5599 1612 5665 Παῦλος,

109 5779 151 5812 ⁸⁸
174 5782 328 5840 Deut.
355 5800 465 5848 xst,
489 5782 578 5836 25.

355 5880 629 5938 ΡΑΤιιοι..
676 5878 770 5932 Gn
840 5877 1039 5937 XCIII.

1733 4591 2203 4658 Quemadmodum
2223 4593 2370 4650 enim
2417 4592 2588 4649 Filius
2612 4611 2723 4650 non
2745 4597 2920 4653 solum
2945 4599 3100 4654 sedet
3122 4615 3153 4654 a
3178 4601 3315 4655 dex-

1738 4681 1838 4737 tris
1867 4681 2064 4749 Patris,
2086 4699 2279 4740 verum
2301 4684 2468 4740 etiam
2494 4701 2525 4742 a
2565 4687 2774 4743 dextris
2841 4698 2974 4758 stat.
3003 4691 3096 4744 Ait
3163 4693 3312 4746 enim

1734 4771 2094 4842 Stephanus:
2149 4773 2285 4832 Ecce
2345 4775 2493 4829 uideo
2546 4774 2700 4829 antas
2767 4786 2998 4846 apertas,
3027 4787 3078 4833 et
3129 4777 3316 4834 Jestmt

1731 4871 1967 4916 stantem
1993 4881 2025 4917 a
2055 4863 2254 4918 dextris
2279 4864 2516 4918 uirtutis.
2545 4863 2638 4920 Sic
2667 4866 2834 4922 etiam
2857 4865 3020 4923 Pater
3039 4885 3072 4924 a
3102 4871 3314 4926 dextris

1732 4954 1853 5011 Filii
1877 4967 2024 5017 stare
2050 4955 2272 5019 dicitur,
2297 4963 2358 5010 ut
2385 4971 2489 5012 nos
2523 4956 2803 5028 discamus
2845 4975 3015 5017 unam
3039 4963 3323 5020 eamdem-

1733 5061 1842 5120 que
1864 5060 1989 5102 esse
2017 5045 2196 5102 Patris
2245 5044 2486 5120 Filiique
2512 5049 2859 5122 dignitatem.
2887 5080 2895 5089 -

2281 5229 2602 5292 PSALMUS
2639 5233 2777 5292 CIX.

1793 5317 1972 5376 .Vens.
2002 5323 2053 5377 1.
2084 5343 2104 5376 ι
2139 5324 2281 5380 Dixit
2307 5325 2573 5381 Dominus
2603 5325 2834 5384 Domino
2854 5345 3000 5386 meo.
3041 5350 3061 5383 ι

1802 5411 1877 5467 Ut
1903 5411 2080 5470 Patris
2118 5414 2350 5487 Filiique
2373 5417 2428 5471 in
2453 5419 2709 5475 omnibus
2742 5423 3024 5492 aequalitas
3053 5425 3311 5482 ostende-

1729 5512 1903 5572 retur,
1921 5515 1979 5561 et
2008 5517 2069 5562 ut
2097 5524 2208 5564 non
2241 5510 2358 5580 ipse
2387 5510 2490 5566 sibi
2524 5511 2628 5582 ipsi
2658 5512 2827 5570 Filius
2861 5517 3011 5587 regni
3043 5525 3137 5574 aut
3166 5517 3311 5572 divi-

1728 5595 1916 5653 nitatis
1943 5599 2122 5671 rapiat
2155 5601 2474 5674 dignitatem
2529 5602 2775 5676 (propter
2812 5607 2957 5677 quod
2985 5605 3186 5665 Paulus
3209 5608 3309 5665 ait:

2879 5827 2956 5940 ιε
