3800 6312
17 288 202 358 1345

357 438 716 499 ΚΕΦΑΛΑΙΑ
751 447 831 518 (5)
864 449 1040 505 ΩΣΗΕ
1071 453 1464 513 ΠΡΟΦΗῚῸΥ.

104 557 200 607 α’.
238 551 456 610 Είκὼν
491 557 593 628 τῆς
613 558 723 612 τῶν
774 560 1048 620 Ἰουδαίων
1092 570 1442 640 συναγωγῆς,
1495 571 1556 637 ἐξ
1582 567 1650 645 ἦς
1676 575 1706 626 ὁ

1184 311 1265 375 IN
1305 315 1420 375 XII
1460 318 1907 382 PROTHETAS
1947 323 2310 386 MINORES.

3255 330 3389 406 1346

1729 445 1778 501 Α
2162 466 2413 524 CAPITA
2445 468 2624 526 esse
2663 470 3077 527 mortisue.

1874 577 1917 632 1.
1960 577 2174 652 Elligies
2199 581 2491 656 Synagogae
2517 584 2831 643 Judmorum
2871 603 2933 644 ex
2986 604 3092 658 qua
3129 588 3382 644 Christus

17 639 332 714 Χριστὸς
354 648 420 701 τὸ
437 653 579 705 κατὰ
613 652 793 724 σάρκα
821 654 1101 712 τίκτεται·
1129 661 1222 714 καὶ
1256 639 1388 716 λαοῦ
1415 663 1477 716 τὸ
1509 639 1617 734 μὲν·
1645 667 1662 718 ἐ

1838 639 2103 726 ecundum
2140 639 2363 729 carnem
2413 639 2682 742 nascitur,
2719 687 2774 734 et
2800 680 2987 751 populi
3023 678 3041 753 [
3073 680 3166 750 qvi
3200 679 3221 752 1
3267 681 3384 750 pri-

17 739 320 810 ἀπιστίᾳ
375 741 615 813 ἔμεινεν,
646 747 785 801 τὸδὲ
839 748 1065 822 ὕστερον
1093 753 1412 826 ἐπιστρέφει
1456 757 1550 812 καὶ
1594 758 1662 812 cui

1838 778 1952 816 ium
1996 764 2216 834 quidem
2269 767 2324 820 in
2377 768 2764 826 incredulitate
2824 773 3146 842 permansit,
3193 782 3381 845 postea

17 827 244 888 ζεται.

124 940 208 1011 β’.
248 932 510 1019 Ἀτὶ-ειλὴ
532 948 676 1003 κατά
703 950 804 1021 τῆς
844 955 1168 1026 συναγωγῆς
1189 996 1204 1021 ,
1234 953 1315 1013 ὅτι
1343 960 1561 1016 πάντων
1590 963 1699 1020 τῶν

17 1033 363 1090 δοθέντων
393 1040 532 1111 αὐτῇ
561 1041 712 1113 παρά
737 1041 874 1097 Θεοῦ
905 1045 1147 1114 ἀγαθῶν,
1196 1049 1333 1106 ἀλλά
1357 1055 1452 1107 καὶ
1485 1048 1560 1109 ὧν
1580 1057 1696 1112 ἐδο-

22 1125 140 1191 ξεν
179 1128 263 1182 ἐκ
293 1131 423 1183 τῶν
452 1132 688 1187 εἰδώλων
724 1135 893 1206 ἔχειν,
927 1140 1373 1212 γυμνωθήσεται.

112 1226 204 1286 γ’.
235 1221 601 1294 Πρόρρησις,
629 1225 777 1290 ὅπως
803 1229 835 1298 ἡ
857 1229 957 1298 μὲν
979 1230 1279 1305 Συναγωγή
1297 1236 1406 1290 τῶν
1423 1238 1695 1294 Ἰουδαίων

25 1312 475 1382 ταπεινοῦται,
501 1315 594 1368 καὶ
611 1317 706 1386 τῆς
737 1317 983 1383 δουλείας
1002 1321 1101 1390 τῆς
1122 1323 1232 1376 τῶν
1264 1326 1498 1382 εἰδώλων
1521 1330 1695 1383 παύε-

26 1415 141 1453 ται
169 1417 185 1430 ·
222 1403 289 1455 οἰ
341 1403 406 1469 ἐξ
426 1404 600 1476 αὐτῆς
629 1407 686 1461 δὲ
741 1408 1134 1480 πιστεύσαντες
1179 1419 1569 1490 κοινωνήσουσι
1597 1422 1694 1492 τῆς

31 1491 196 1556 νέας
237 1493 554 1568 διαθήκης,
589 1499 682 1552 καὶ
712 1498 820 1552 τῶν
848 1502 906 1554 ὲν
932 1502 1152 1576 Χριστῷ
1203 1510 1526 1583 μυστηρίων
1578 1491 1692 1576 τοίς

30 1583 285 1640 ἔθνεσι.

83 1766 88 1772 _
123 1701 201 1754 δ’.
241 1703 587 1777 Κατηγορία
607 1709 706 1779 τῆς
733 1707 1186 1783 Συναγωγῆς,ὄτι
1213 1704 1368 1786 παρά
1389 1718 1525 1773 Θεοῦ
1553 1720 1689 1790 ἀγα-

36 1793 474 1863 πωμένη-τοῖς
513 1799 757 1864 εἰδώλοις
810 1804 1162 1878 προσέδραμε
1182 1825 1197 1840 ·
1229 1810 1324 1863 καὶ
1355 1810 1681 1883 πρόρρησις,

18 1883 223 1950 ¹ὅπως
262 1885 594 1958 ὁλοκλήρως
620 1891 758 1962 αὐτῇ
792 1895 862 1950 τὰ
897 1895 996 1966 τῆς
1026 1897 1261 1969 ἀρχαίας
1283 1901 1558 1967 πολιτείας
1581 1905 1683 1978 ἀρ·

37 1975 122 2044 γή
135 1991 242 2046 σῃ,
273 1977 426 2047 αὑτὴ
450 1979 506 2031 δὲ
541 1982 844 2056 ἐπιστρέψῃ
879 1987 1016 2058 πρὸς
1044 1989 1136 2046 τὸν
1157 1991 1396 2063 Χριστὸν
1417 1997 1497 2059 εἰς
1527 1975 1684 2051 ὔστε-

21 2082 224 2136 ¹ρον.,

18 2225 20 2230 .
122 2189 199 2239 ε’.
238 2185 526 2256 Διήγησις
562 2183 638 2244 ὧν
657 2191 688 2243 ό
711 2190 838 2256 λαὸς
869 2193 980 2247 τῶν
1005 2194 1278 2253 Ἰουδαίων
1304 2200 1466 2255 καὶοί
1493 2203 1682 2258 τούτου

18 2319 22 2348 τ
47 2274 244 2343 ἱερεῖς
269 2275 521 2344 ἠσέϐουν
547 2280 642 2332 καὶ
664 2281 1008 2352 ἡμάρτανον.

18 2435 20 2440 Ι
132 2365 219 2430 ς’.
254 2368 595 2440 Κατηγορία
620 2373 729 2426 τῶν
757 2373 1065 2432 Ἰουδαϊκῶν
1089 2381 1369 2453 ἀρχόντων
1388 2402 1402 2415 ⁶
1425 2385 1505 2440 ὅτι
1531 2389 1683 2461 παρά

47 2457 165 2528 τὴν
199 2459 408 2512 αὐτῶν
437 2463 616 2515 αἰτίαν
643 2465 670 2516 ὀ
719 2463 848 2529 λαὸς
895 2467 1273 2541 ἒξημάρτανε·
1303 2477 1398 2530 καὶ
1442 2457 1683 2548 γνησίως

18 2601 20 2628 ζ
51 2551 170 2620 μὲν
193 2551 353 2621 πρὸς
379 2553 472 2606 τὸν
501 2554 634 2606 Θεὸν
684 2557 786 2610 οὐκ
814 2559 1172 2633 ἐπέστρεφον,
1223 2569 1361 2637 μετά
1391 2569 1596 2626 θυσιῶν
1626 2573 1683 2628 δὲ

50 2641 244 2695 αὐτὸν
270 2641 493 2711 ἀλόγων
527 2644 736 2715 ἐζήτει,
767 2651 860 2703 καὶ
881 2651 968 2705 διά
992 2653 1151 2708 τοῦτο
1177 2657 1275 2728 οὐχ
1303 2659 1558 2734 ηὕρισκε.

18 2787 21 2812 ε
59 2845 67 2847 Α
135 2752 212 2818 ζ’.
248 2755 620 2828 Πρόσταγμα,
671 2763 1016 2835 κηρυχθῆναι
1063 2765 1154 2822 οἰα
1199 2769 1228 2823 ό
1281 2771 1408 2838 λαὸς
1442 2775 1542 2847 μὲν
1574 2777 1682 2832 τῶν

18 2879 26 2907 ς
56 2845 368 2901 Ἰουδαίων
398 2851 736 2925 ἐξήμαρτεν
787 2858 816 2909 ὁ
846 2858 1082 2928 Χριστὸς
1113 2861 1171 2914 δὲ
1213 2861 1301 2916 διὰ
1329 2845 1680 2939 couinno-«cn-

18 2993 23 2998 ,
59 2936 194 3008 ρίου
233 2939 342 2993 καὶ
366 2941 467 3011 τῆς
498 2943 853 3012 ἀναστάσεως
879 2949 975 3004 καί⁵
1000 2951 1102 3023 τῆς
1134 2952 1456 3026 ἀναλήψεως
1484 2959 1584 3032 τῆς
1601 2936 1680 3028 εἰς

18 3067 22 3094 μ
60 3030 354 3100 οὐρανοὺς
384 3032 636 3105 ἔπραξεν.

137 3153 219 3213 η’.
269 3146 540 3240 Ἔνδειξις
561 3151 660 3221 τῆς
695 3151 790 3207 τοῦ
814 3152 950 3208 Θεοῦ
982 3157 1416 3232 φιλανθρωπίας,
1456 3165 1554 3220 καὶ
1580 3167 1680 3240 τῆς
1705 3123 1749 3183 c

18 3253 24 3282 :
65 3237 186 3291 τῶν
221 3239 505 3294 Ἰουδαίων
563 3244 998 3320 ἀγνωμοσύνηςο
1039 3253 1135 3305 καὶ
1170 3256 1494 3326 παραίνεσις
1543 3237 1681 3331 πρδς

18 3351 20 3370 ῖ
65 3330 312 3396 αὐτοὺς,
339 3331 556 3398 ῖνατοῖς
595 3335 774 3390 ἔθνεσι
794 3338 896 3410 τῆς
931 3342 1274 3415 ἐπιστροφῆς
1303 3347 1398 3401 καὶ
1436 3349 1538 3420 τῆς
1586 3330 1679 3417 eg-

69 3422 474 3494 ομολογήσεως
501 3424 580 3497 τῷ
598 3427 768 3502 λῃστῇ
785 3430 861 3502 τῷ
891 3433 1036 3488 κατά
1055 3435 1147 3489 τὸν
1170 3438 1366 3510 καιρὸν
1392 3441 1486 3494 τοῦ
1512 3459 1677 3498 σταυ-

71 3516 175 3586 ροῦ
209 3517 447 3570 σωθέντι
474 3522 868 3590 κοινωνήσωσι.

149 3607 220 3663 θ’.
248 3611 580 3682 Κατηγορία
629 3613 722 3666 τοῦ
749 3615 1008 3687 αἰσθητοῦ
1056 3617 1296 3694 Ἰσραὴλ,
1337 3623 1438 3678 ὅσα
1470 3627 1552 3691 εἰς
1585 3628 1677 3683 τὸν

18 3717 22 3727 ι
73 3702 326 3792 Χριστὸν
347 3702 618 3776 διαφόρως
654 3704 962 3780 ἐξήμαρτε’
1009 3713 1104 3766 καὶ
1144 3715 1227 3768 ὅτι
1262 3717 1678 3792 παλαιωθείσης

19 3831 23 3836 .
77 3791 270 3844 αὐτῶν
293 3793 395 3857 τῆς
419 3793 694 3859 πολιτείας
709 3796 810 3850 οὐκ
835 3798 1157 3869 ᾐσθάνοντο,
1181 3803 1464 3876 ἐζήλωσαν
1486 3807 1544 3862 δὲ
1569 3791 1678 3862 τῶν

18 3900 20 3926 τ
75 3883 256 3936 ἐθνῶν
303 3884 401 3955 τὴν
432 3885 665 3956 ἀρχαίαν
697 3888 976 3959 ἀσέϐειαν,
1031 3892 1147 3947 ἀνθ’
1171 3888 1248 3950 ὧν
1273 3898 1459 3962 αὐτοῖς
1485 3900 1678 3953 ταπεί-

18 3997 20 4002 ν
78 3992 252 4029 νωσιν
281 3976 571 4047 ἠπείλησε.

157 4075 210 4122 ι’.
253 4068 469 4138 Θρῆνος
496 4071 592 4123 τοῦ
623 4071 752 4125 λαοῦ
783 4073 891 4128 τῶν
925 4075 1218 4143 Ἰουδαίων,
1237 4076 1325 4134 οἶα
1360 4080 1459 4152 μὲν
1485 4083 1566 4146 εἰς
1585 4085 1677 4138 τὸν

78 4157 218 4210 Θεὸν
260 4156 591 4230 ἐξήμαρτεν,
625 4155 714 4214 οἷα
758 4161 814 4215 δὲ
858 4164 987 4236 παρ’
1010 4166 1181 4220 αὐτοῦ
1228 4167 1632 4242 ὲπαιδεύθησαν
1658 4191 1672 4206 °

82 4251 184 4303 καὶ
208 4251 359 4313 ὅπως
390 4251 477 4306 διὰ
502 4252 603 4326 τὴν
630 4252 842 4326 πλάνην
873 4256 979 4310 τῶν
1006 4256 1240 4314 εἰδώλων
1269 4261 1542 4334 ἀπόληται
1581 4266 1679 4320 αὐ-

18 4389 19 4392 η
79 4340 194 4394 τῶν
226 4341 256 4393 ὁ
281 4340 403 4406 ναὸς
450 4343 543 4395 καὶ
587 4343 623 4415 ή
665 4341 849 4416 χώρω
877 4345 970 4398 καὶ
1014 4345 1158 4418 ἅπερ
1185 4346 1375 4404 ἔλαϐον
1408 4353 1558 4424 παρά
1581 4355 1676 4408 τοῦ

85 4432 222 4486 Θεοῦ
249 4433 479 4506 νόμιμα.

160 4552 252 4600 ια’.
291 4547 623 4616 Ἀπόγνωσις
652 4550 750 4620 τῆς
783 4551 1080 4624 Ἰουδαϊκῆς
1111 4555 1306 4625 χαρᾶς,
1336 4555 1452 4610 ἀνθ’
1480 4551 1556 4612 ὧν
1579 4577 1670 4630 μι-

90 4639 399 4710 μησάμενοι
424 4639 534 4693 τῶν
562 4641 732 4694 ἐθνῶν
765 4643 865 4714 τὴν
905 4643 1181 4713 ἀσέϐειαν,
1209 4645 1311 4710 τὰς
1354 4647 1546 4713 θυσίας
1575 4653 1668 4704 τοῦ

86 4729 227 4784 Θεοῦ
256 4730 349 4784 καὶ
374 4733 470 4796 τὰς
495 4732 729 4796 σπονδὰς
752 4734 1038 4803 ἐμόλυναν,
1063 4736 1158 4791 καὶ
1182 4737 1284 4810 τὴν
1303 4738 1415 4793 τῶν
1433 4739 1668 4796 εἰδώλων

94 4825 302 4896 πλάνην
329 4825 408 4890 εἰς
437 4825 528 4879 τὸν
561 4824 688 4880 ναὸν
717 4827 1032 4898 εἰσήγαγον.

161 4936 248 5005 ιβ’.
273 4936 459 5001 Ὅπως
476 4936 569 4992 τὸν
601 4937 819 5012 Ἰσραὴλ
847 4939 1145 5012 ἀγαπητῶς
1168 4942 1342 5008 ὁΘεὺς
1368 4945 1668 5013 ἐξελέξατο,

97 5024 247 5076 αὐτοὶ
269 5025 324 5078 δὲ
343 5025 583 5092 εἰδώλοις
609 5027 1011 5100 προσέδραμον,
1039 5031 1134 5084 καὶ
1151 5030 1245 5085 τοῦ
1266 5033 1402 5087 Θεοῦ
1426 5033 1525 5106 τῆς
1547 5035 1669 5089 δου-

96 5113 242 5176 λείας
267 5115 600 5187 ἀπέστησαν,
631 5119 727 5172 καὶ
747 5120 868 5173 οὐδὲ
889 5119 946 5185 ἐξ
969 5121 1150 5176 αὐτῶν
1176 5122 1268 5177 τὸν
1285 5125 1521 5195 Χριστὸν
1545 5143 1672 5198 σαρο

102 5204 336 5264 κωθέντα
364 5208 696 5282 ᾐδέσθησαν·
729 5213 852 5266 ὅθεν
883 5213 1067 5277 αὐτοῖς
1099 5213 1211 5285 ἀρά
1238 5215 1544 5288 ἀκαρπίας,
1574 5219 1669 5271 καὶ

100 5297 196 5368 τῆς
224 5298 299 5364 εἰς
327 5300 396 5354 τὰ
426 5300 555 5373 ἔθνη
583 5303 882 5377 διασπορᾶς
915 5307 1205 5377 ἐπάγεται.

1799 868 1931 909 vero
1969 870 2029 910 se
2065 858 2335 913 convertit
2363 867 2417 914 et
2454 860 2714 916 salvatur.

1870 962 1936 1020 Il.
1983 965 2141 1022 Minae
2203 969 2467 1026 adversus
2513 970 2873 1045 Synagogam,
2930 973 3140 1029 scilicet
3198 976 3379 1031 eumi-

1795 1054 1901 1111 bns
1961 1073 1992 1112 a
2043 1059 2152 1114 Deo
2186 1063 2426 1132 acceptis
2457 1063 2619 1120 bonis
2645 1106 2660 1132 ,
2696 1065 2827 1135 quin
2856 1066 3024 1121 etiam
3071 1067 3136 1123 iis
3164 1083 3284 1137 quae
3309 1067 3378 1124 ab

1797 1149 1955 1205 idolis
1983 1151 2231 1209 obtinere
2261 1155 2492 1212 sibivisa
2519 1166 2624 1226 est,
2659 1159 2916 1214 nudatam
2938 1161 3022 1217 iri.

1868 1242 1956 1298 lll.
2006 1246 2299 1303 Praedictio
2358 1251 2633 1320 quomodo
2707 1252 3041 1328 Judmorum.
3095 1255 3375 1327 Synagoga

1795 1331 2133 1400 humiliatur,
2165 1350 2222 1392 et
2255 1354 2288 1394 a
2323 1343 2588 1397 servitute
2641 1342 2908 1399 idolorum
2956 1347 3237 1402 liberatur.
3273 1348 3375 1415 Qui

1794 1439 1860 1478 ex
1891 1440 1955 1480 ea
1985 1427 2321 1484 crediderint
2382 1433 2868 1491 communicabunt
2937 1453 3063 1493 cum
3123 1440 3376 1512 gentibus

1794 1531 1990 1572 novum
2024 1518 2204 1576 foedus
2235 1530 2291 1576 et
2341 1511 2396 1576 in
2433 1520 2651 1579 Christo
2696 1527 2973 1598 mysteria.

1862 1729 1956 1786 IV.
1994 1729 2290 1788 Accusatio
2330 1730 2648 1804 Synagogm,
2680 1737 2846 1805 quod,
2884 1752 3007 1793 cum
3044 1754 3075 1793 a
3107 1739 3217 1796 Deo
3246 1740 3372 1796 dilii-

1718 1791 1759 1848 Β
1789 1829 2006 1891 geretur
2035 1861 2050 1886 ,
2089 1823 2158 1876 ad
2197 1823 2342 1877 idola
2371 1791 2446 1880 ’σε
2478 1791 2816 1883 “colu-tulerit.
2836 1828 2904 1883 Et
2926 1831 3206 1899 praedictio
3231 1847 3370 1902 quo-

1787 1912 1948 1968 modo
1981 1928 2141 1969 suum
2191 1914 2266 1968 illi
2294 1917 2577 1986 antiquum
2621 1917 2863 1988 regimen
2901 1923 3124 1976 omnino
3157 1923 3368 1980 irritum

1787 2005 1918 2072 ﬁet;
1955 2006 2072 2076 ipsa
2104 2021 2235 2062 vero
2272 2022 2330 2063 se
2360 2018 2642 2065 convertet
2670 2018 2858 2080 postea
2897 2014 2964 2067 ad
3003 2014 3310 2071 Christum.

1855 2190 1921 2247 V.
1963 2190 2218 2249 Narratio
2249 2209 2442 2250 eorum
2471 2195 2525 2250 in
2557 2197 2760 2266 quibus
2781 2197 3098 2254 Iudaeorum
3130 2205 3368 2272 populus

1784 2292 1840 2339 et
1865 2284 1985 2354 ejus
2012 2285 2324 2340 sacerdotes
2358 2286 2524 2356 impie
2546 2296 2776 2358 egerunt
2800 2300 2856 2345 et
2883 2303 3267 2360 peccaverunt.

1855 2375 1942 2431 Vl.
1996 2377 2288 2433 Aecusatio
2329 2377 2645 2433 Iudaeorum
2700 2380 3010 2451 principum
3034 2423 3050 2448 ,
3087 2385 3232 2452 quod
3272 2401 3368 2455 per

1784 2483 1974 2524 eorum
2017 2471 2233 2539 culpam
2260 2470 2496 2540 populus
2525 2473 2806 2540 peccavit,
2843 2488 2948 2528 nec
2975 2475 3214 2545 ingenue
3245 2477 3368 2546 qui-

1783 2562 1906 2616 dem
1941 2563 2007 2618 ad
2045 2563 2216 2617 Deum
2281 2578 2342 2618 se
2373 2565 2666 2630 convertit;
2698 2565 2796 2620 sed
2827 2579 2954 2620 eum
3012 2582 3138 2622 cum
3191 2568 3364 2640 illegi-

1786 2653 1931 2710 timis
1977 2655 2213 2712 victimis
2263 2656 2463 2726 quaerit
2514 2663 2572 2712 et
2597 2664 2886 2727 propterea
2919 2673 3030 2713 non
3061 2659 3292 2716 invenit.

1851 2768 1964 2825 VII.
2004 2767 2186 2826 Jnssio
2211 2779 2273 2826 ut
2327 2771 2684 2826 denuntietur
2721 2787 2840 2842 quae
2871 2775 3104 2844 populus
3145 2772 3364 2832 Judaeo~

1783 2877 1902 2916 rum
1949 2863 2297 2933 peccaverit;
2328 2878 2450 2934 qua:
2507 2873 2692 2921 autem
2747 2866 3007 2922 Christus
3051 2882 3150 2938 per
3183 2882 3364 2922 resur-

1783 2954 2043 3011 rectionis
2076 2965 2131 3011 et
2157 2957 2492 3014 ascensionis
2508 2959 2827 3030 mysterium
2849 2957 3114 3014 effecerit.

1852 3159 1992 3217 VIII.
2036 3162 2448 3220 Demonstratio
2517 3163 2687 3220 divini
2727 3165 2785 3220 in
2851 3165 3103 3222 homines
3159 3169 3362 3224 amoris

1779 3249 2202 3324 Judaorumque
2253 3256 2592 3312 immemoris
2626 3257 2816 3312 animi.
2864 3256 2932 3312 Et
2964 3258 3032 3313 ad
3079 3259 3222 3330 ipsos
3267 3277 3359 3314 ex-

1780 3342 2019 3398 hortatio
2049 3353 2110 3398 ut
2132 3346 2375 3416 gentium
2395 3347 2776 3404 conversionis
2807 3357 2861 3402 et
2882 3347 3112 3403 latronis
3143 3349 3198 3404 in
3225 3336 3364 3405 tem-

1779 3447 1913 3502 pore
1936 3433 2114 3488 crucis
2139 3434 2332 3489 salvati
2361 3435 2658 3506 participes
2689 3436 2841 3491 (iant.

1848 3619 1941 3674 IX.
1983 3619 2277 3675 Accusatio
2307 3620 2570 3677 adversus
2618 3621 2928 3677 sensualem
2961 3621 3130 3680 Israel
3152 3626 3363 3683 scilicet

1777 3723 1911 3781 quot
1944 3721 2001 3769 et
2055 3720 2259 3783 quanta
2307 3713 2362 3768 in
2407 3712 2686 3769 Christum
2747 3718 3084 3790 pecca_verit,
3120 3728 3177 3774 et
3214 3721 3360 3790 quod

1777 3800 2120 3870 antiquatum
2151 3815 2309 3855 suum
2337 3801 2582 3872 regimen
2637 3818 2747 3872 non.
2783 3806 3040 3873 senserit,
3071 3807 3167 3862 scd
3189 3824 3362 3876 temu-

1777 3891 1918 3946 latus
1954 3892 2023 3946 sit
2050 3891 2294 3961 gentium
2327 3893 2609 3963 antiquam
2644 3892 2978 3964 impietatem
3003 3938 3019 3964 ,
3083 3914 3184 3968 pro
3237 3900 3361 3970 qui-

1777 3983 1881 4038 bus
1927 3981 2248 4037 criminibus
2289 3983 2721 4039 humiliationem
2771 3986 2903 4056 ipsis
2944 3989 3212 4044 n'iittatur.

1849 4072 1918 4127 X.
1961 4073 2305 4129 Lamentatio
2332 4075 2518 4146 populi
2539 4073 2876 4143 Judazorum,
2911 4089 3113 4150 quanta
3137 4081 3359 4153 quidem

1779 4166 1833 4220 in
1869 4166 2040 4222 Deum
2076 4166 2407 4236 peccaverit,
2444 4167 2666 4237 quantis
2695 4184 2824 4224 vero
2854 4169 2922 4225 ab
2983 4170 3105 4242 ipso
3159 4174 3360 4229 multas

1781 4267 1867 4312 tus
1914 4257 2006 4324 sit,
2059 4265 2116 4312 et
2147 4257 2420 4327 quomodo
2473 4267 2698 4328 propter
2756 4260 3078 4318 idololatriae
3115 4279 3360 4321 errorem

1778 4352 2045 4423 perierint
2071 4366 2261 4408 eorum
2298 4351 2562 4424 templum
2593 4363 2648 4409 et
2680 4355 2880 4422 locum,
2907 4363 2964 4411 et
3012 4372 3136 4428 quae
3165 4373 3195 4413 a
3248 4359 3359 4415 Deo

1705 4468 1750 4524 ο
1779 4443 2092 4514 acceperint
2121 4441 2332 4514 legalis.

1847 4555 1941 4610 XI.
1983 4553 2230 4610 Deiectio
2261 4553 2577 4611 Iudaeorum
2608 4556 2813 4628 gaudii,
2852 4567 2908 4612 et
2935 4573 3002 4613 ex
3033 4559 3179 4631 quod
3219 4575 3357 4630 gen-

1779 4647 1916 4701 tium
1950 4646 2288 4717 impietatem
2319 4646 2562 4709 imitati,
2618 4647 2713 4701 Dei
2749 4647 3038 4702 sacriﬁicia
3094 4657 3150 4703 et
3207 4649 3358 4704 obla-

1779 4741 1954 4795 tiones
1977 4739 2470 4794 contaminaverint
2494 4747 2550 4792 et
2579 4737 2847 4792 idolorum
2870 4753 3115 4794 errorem
3144 4740 3198 4793 in
3226 4747 3357 4795 tem-

1777 4832 1927 4901 plum
1967 4829 2393 4884 introduxerint.

1847 4942 1960 4999 Xll.
2009 4943 2294 5010 Quomodo
2329 4941 2493 4998 Israel
2549 4941 2692 4999 Deus
2724 4944 2886 5000 unice
2941 4944 3046 5001 sibi
3079 4944 3302 5018 elegerit
3333 4964 3350 5014 ;

1769 5037 1874 5106 ipsi
1939 5052 2072 5092 vero
2155 5036 2224 5092 ad
2273 5035 2563 5091 simulacra
2627 5044 3011 5100 cucurrerunt,
3074 5046 3131 5092 et
3181 5052 3212 5092 a
3253 5035 3350 5094 Dei

1769 5129 2035 5184 servitute
2052 5128 2422 5191 desciverunt,
2442 5141 2544 5182 nec
2573 5127 2715 5182 inter
2738 5142 2832 5183 eos
2853 5127 3136 5186 Christum
3166 5129 3356 5184 incar-

1769 5230 1957 5276 natum
1993 5221 2215 5276 reveriti
2242 5229 2411 5286 sunt;
2445 5219 2591 5276 unde
2623 5209 2762 5291 ipsis
2786 5220 3112 5292 imprecatio
3143 5221 3350 5278 sterili-

1768 5311 1894 5369 tatis
1929 5321 1986 5368 et
2021 5313 2078 5367 in
2109 5321 2300 5385 gentes
2327 5312 2689 5384 di5persionis
2723 5313 3022 5370 inducitur.

1615 5482 1850 5544 NOTAE.

171 5619 240 5703 (5)
288 5619 606 5691 meritam.
642 5619 782 5675 Cum
846 5622 931 5676 his
979 5623 1215 5679 conferri
1259 5634 1492 5695 possunt
1544 5625 1634 5681 illa
1675 5627 1920 5699 Eusebii,
1961 5647 2084 5702 quae
2134 5629 2402 5703 Procopio
2432 5632 2658 5690 Parisiis
2707 5633 2856 5691 edito
2903 5634 2958 5690 in
3003 5632 3193 5692 Isaiam
3215 5643 3376 5700 sunt,
