  <div class='ocr_page' id='page_1' title='image "/cluster/home/n/w/nwhite01/storage/ocr_20150623/93/pst.000005712991/702.png"; bbox 0 0 3800 6312; ppageno 0'>
   <div class='ocr_carea' id='block_1_1' title="bbox 48 288 213 358">
    <p class='ocr_par' dir='ltr' id='par_1_1' title="bbox 48 288 213 358">
     <span class='ocr_line' id='line_1_1' title="bbox 48 288 213 358; baseline 0.036 -6"><span class='ocrx_word' id='word_1_1' title='bbox 48 288 213 358; x_wconf 68' lang='grc'><strong>1345</strong></span> 
     </span>
    </p>
   </div>
   <div class='ocr_carea' id='block_1_2' title="bbox 349 439 1466 518">
    <p class='ocr_par' dir='ltr' id='par_1_2' title="bbox 349 439 1466 518">
     <span class='ocr_line' id='line_1_2' title="bbox 349 439 1466 518; baseline 0.017 -24"><span class='ocrx_word' id='word_1_2' title='bbox 349 439 717 499; x_wconf 73' lang='grc' dir='ltr'><strong>ΚΕΦΑΛΑΙΑ</strong></span> <span class='ocrx_word' id='word_1_3' title='bbox 752 447 831 518; x_wconf 78' lang='lat'><strong>(&#39;5)</strong></span> <span class='ocrx_word' id='word_1_4' title='bbox 865 450 1042 505; x_wconf 80' lang='grc' dir='ltr'><strong>ΩΣΗΕ</strong></span> <span class='ocrx_word' id='word_1_5' title='bbox 1073 453 1466 514; x_wconf 78' lang='grc' dir='ltr'><strong>ΠΡΟΦΗΤΟΥ.</strong></span> 
     </span>
    </p>
   </div>
   <div class='ocr_carea' id='block_1_3' title="bbox 128 551 1707 646">
    <p class='ocr_par' dir='ltr' id='par_1_3' title="bbox 128 551 1707 646">
     <span class='ocr_line' id='line_1_3' title="bbox 128 551 1707 646; baseline 0.015 -42"><span class='ocrx_word' id='word_1_6' title='bbox 128 557 212 606; x_wconf 84' lang='grc' dir='ltr'>α’.</span> <span class='ocrx_word' id='word_1_7' title='bbox 244 551 456 610; x_wconf 81' lang='grc' dir='ltr'>Εἰκὼν</span> <span class='ocrx_word' id='word_1_8' title='bbox 491 558 593 628; x_wconf 85' lang='grc' dir='ltr'>τῆς</span> <span class='ocrx_word' id='word_1_9' title='bbox 614 559 724 613; x_wconf 84' lang='grc' dir='ltr'><strong>τῶν</strong></span> <span class='ocrx_word' id='word_1_10' title='bbox 775 561 1049 620; x_wconf 78' lang='grc' dir='ltr'><strong>Ἰουδαίων</strong></span> <span class='ocrx_word' id='word_1_11' title='bbox 1093 571 1444 640; x_wconf 74' lang='grc' dir='ltr'><strong>συναγωγῆς,</strong></span> <span class='ocrx_word' id='word_1_12' title='bbox 1496 572 1557 637; x_wconf 78' lang='grc' dir='ltr'>ἐξ</span> <span class='ocrx_word' id='word_1_13' title='bbox 1583 568 1652 646; x_wconf 77' lang='grc' dir='ltr'><strong>ἧς</strong></span> <span class='ocrx_word' id='word_1_14' title='bbox 1677 575 1707 627; x_wconf 83' lang='grc' dir='ltr'><strong>δ</strong></span> 
     </span>
    </p>
   </div>
   <div class='ocr_carea' id='block_1_4' title="bbox 1185 312 2312 388">
    <p class='ocr_par' dir='ltr' id='par_1_4' title="bbox 1185 312 2312 388">
     <span class='ocr_line' id='line_1_4' title="bbox 1185 312 2312 388; baseline 0.013 -16"><span class='ocrx_word' id='word_1_15' title='bbox 1185 312 1266 376; x_wconf 83' lang='grc' dir='ltr'><strong>ΙΝ</strong></span> <span class='ocrx_word' id='word_1_16' title='bbox 1306 315 1421 375; x_wconf 81' lang='grc' dir='ltr'><strong>ΧΠ</strong></span> <span class='ocrx_word' id='word_1_17' title='bbox 1462 319 1908 382; x_wconf 74' lang='lat' dir='ltr'><strong>PROTHETAS</strong></span> <span class='ocrx_word' id='word_1_18' title='bbox 1949 324 2312 388; x_wconf 79' lang='lat' dir='ltr'><strong>MINORES.</strong></span> 
     </span>
    </p>
   </div>
   <div class='ocr_carea' id='block_1_5' title="bbox 3257 332 3390 398">
    <p class='ocr_par' dir='ltr' id='par_1_5' title="bbox 3257 332 3390 398">
     <span class='ocr_line' id='line_1_5' title="bbox 3257 332 3390 398; baseline -0.008 0"><span class='ocrx_word' id='word_1_19' title='bbox 3257 332 3390 398; x_wconf 68' lang='grc'><strong>1346</strong></span> 
     </span>
    </p>
   </div>
   <div class='ocr_carea' id='block_1_6' title="bbox 1730 445 3078 529">
    <p class='ocr_par' dir='ltr' id='par_1_6' title="bbox 1730 445 3078 529">
     <span class='ocr_line' id='line_1_6' title="bbox 1730 445 3078 529; baseline 0.007 -9"><span class='ocrx_word' id='word_1_20' title='bbox 1730 445 1779 502; x_wconf 72' lang='grc' dir='ltr'><strong>Α</strong></span> <span class='ocrx_word' id='word_1_21' title='bbox 2013 489 2016 496; x_wconf 68' lang='grc' dir='ltr'><strong>ι</strong></span> <span class='ocrx_word' id='word_1_22' title='bbox 2164 468 2414 525; x_wconf 81' lang='lat' dir='ltr'><strong>CAPITA</strong></span> <span class='ocrx_word' id='word_1_23' title='bbox 2446 470 2624 527; x_wconf 79' lang='lat' dir='ltr'><strong>OSEE</strong></span> <span class='ocrx_word' id='word_1_24' title='bbox 2664 472 3078 529; x_wconf 68' lang='lat' dir='ltr'><strong>enornem.</strong></span> 
     </span>
    </p>
   </div>
   <div class='ocr_carea' id='block_1_7' title="bbox 1875 577 3383 660">
    <p class='ocr_par' dir='ltr' id='par_1_7' title="bbox 1875 577 3383 660">
     <span class='ocr_line' id='line_1_7' title="bbox 1875 577 3383 660; baseline 0.009 -28"><span class='ocrx_word' id='word_1_25' title='bbox 1875 577 1918 633; x_wconf 79' lang='grc' dir='ltr'><strong>ι.</strong></span> <span class='ocrx_word' id='word_1_26' title='bbox 1962 578 2175 653; x_wconf 83' lang='lat' dir='ltr'><strong>Elligies</strong></span> <span class='ocrx_word' id='word_1_27' title='bbox 2201 582 2492 658; x_wconf 67' lang='lat' dir='ltr'><strong>Synagoga:</strong></span> <span class='ocrx_word' id='word_1_28' title='bbox 2519 586 2832 644; x_wconf 68' lang='lat' dir='ltr'><strong>Judmorum</strong></span> <span class='ocrx_word' id='word_1_29' title='bbox 2872 605 2934 646; x_wconf 81' lang='lat' dir='ltr'><strong>ex</strong></span> <span class='ocrx_word' id='word_1_30' title='bbox 2987 606 3093 660; x_wconf 60' lang='lat' dir='ltr'><strong>qua</strong></span> <span class='ocrx_word' id='word_1_31' title='bbox 3130 590 3383 646; x_wconf 83' lang='lat' dir='ltr'><strong>Christus</strong></span> 
     </span>
    </p>
   </div>
   <div class='ocr_carea' id='block_1_8' title="bbox 45 638 1669 755">
    <p class='ocr_par' dir='ltr' id='par_1_8' title="bbox 45 638 1669 734">
     <span class='ocr_line' id='line_1_8' title="bbox 45 638 1669 734; baseline 0.016 -40"><span class='ocrx_word' id='word_1_32' title='bbox 45 638 326 714; x_wconf 74' lang='grc' dir='ltr'>Χριστὸς</span> <span class='ocrx_word' id='word_1_33' title='bbox 346 648 416 701; x_wconf 83' lang='grc' dir='ltr'>τὺ</span> <span class='ocrx_word' id='word_1_34' title='bbox 437 653 580 706; x_wconf 86' lang='grc' dir='ltr'><strong>κατά</strong></span> <span class='ocrx_word' id='word_1_35' title='bbox 614 653 794 724; x_wconf 84' lang='grc' dir='ltr'>σάρκα</span> <span class='ocrx_word' id='word_1_36' title='bbox 822 655 1066 712; x_wconf 77' lang='grc' dir='ltr'><strong>τίκτεται</strong></span> <span class='ocrx_word' id='word_1_37' title='bbox 1089 675 1102 690; x_wconf 89' lang='grc'><strong>·</strong></span> <span class='ocrx_word' id='word_1_38' title='bbox 1130 638 1389 716; x_wconf 33' lang='grc' dir='ltr'>καὶίλαοῦ</span> <span class='ocrx_word' id='word_1_39' title='bbox 1417 663 1479 717; x_wconf 82' lang='grc' dir='ltr'>τὸ</span> <span class='ocrx_word' id='word_1_40' title='bbox 1510 638 1618 734; x_wconf 46' lang='grc' dir='ltr'>μὲν.</span> <span class='ocrx_word' id='word_1_41' title='bbox 1647 667 1669 719; x_wconf 88' lang='grc' dir='ltr'><strong>ἐ</strong></span> 
     </span>
    </p>
   </div>
   <div class='ocr_carea' id='block_1_9' title="bbox 1838 638 3384 755">
    <p class='ocr_par' dir='ltr' id='par_1_9' title="bbox 1838 638 3384 755">
     <span class='ocr_line' id='line_1_9' title="bbox 1838 638 3384 755; baseline 0.009 -31"><span class='ocrx_word' id='word_1_42' title='bbox 1838 638 2105 727; x_wconf 70' lang='grc' dir='ltr'>εει]ηάυῶ</span> <span class='ocrx_word' id='word_1_43' title='bbox 2142 638 2375 730; x_wconf 52' lang='grc' dir='ltr'>(εδιτιοῐὲ</span> <span class='ocrx_word' id='word_1_44' title='bbox 2414 638 2683 744; x_wconf 54' lang='lat' dir='ltr'><strong>nascitur,</strong></span> <span class='ocrx_word' id='word_1_45' title='bbox 2719 689 2776 736; x_wconf 89' lang='lat' dir='ltr'><strong>et</strong></span> <span class='ocrx_word' id='word_1_46' title='bbox 2801 638 3042 755; x_wconf 52' lang='lat' dir='ltr'><strong>populll[</strong></span> <span class='ocrx_word' id='word_1_47' title='bbox 3074 682 3166 752; x_wconf 81' lang='lat' dir='ltr'><strong>qui</strong></span> <span class='ocrx_word' id='word_1_48' title='bbox 3201 681 3222 754; x_wconf 61' lang='grc' dir='ltr'>ξ</span> <span class='ocrx_word' id='word_1_49' title='bbox 3269 683 3384 752; x_wconf 91' lang='lat' dir='ltr'><strong>pri-</strong></span> 
     </span>
    </p>
   </div>
   <div class='ocr_carea' id='block_1_10' title="bbox 48 738 1703 826">
    <p class='ocr_par' dir='ltr' id='par_1_10' title="bbox 48 738 1703 826">
     <span class='ocr_line' id='line_1_10' title="bbox 48 738 1703 826; baseline 0.016 -38"><span class='ocrx_word' id='word_1_50' title='bbox 48 738 316 811; x_wconf 79' lang='grc' dir='ltr'>ἀπιστίᾳ</span> <span class='ocrx_word' id='word_1_51' title='bbox 365 742 616 813; x_wconf 76' lang='grc' dir='ltr'>ἔμεινεν,</span> <span class='ocrx_word' id='word_1_52' title='bbox 646 747 706 800; x_wconf 85' lang='grc' dir='ltr'>τὸ</span> <span class='ocrx_word' id='word_1_53' title='bbox 727 747 786 802; x_wconf 87' lang='grc' dir='ltr'><strong>δέ</strong></span> <span class='ocrx_word' id='word_1_54' title='bbox 839 749 1066 823; x_wconf 78' lang='grc' dir='ltr'>ὕστερον</span> <span class='ocrx_word' id='word_1_55' title='bbox 1094 754 1413 826; x_wconf 79' lang='grc' dir='ltr'><strong>ἐπιστρέφει</strong></span> <span class='ocrx_word' id='word_1_56' title='bbox 1457 758 1551 812; x_wconf 77' lang='grc' dir='ltr'>καὶ</span> <span class='ocrx_word' id='word_1_57' title='bbox 1595 759 1703 812; x_wconf 79' lang='grc' dir='ltr'>σώ-</span> 
     </span>
    </p>
   </div>
   <div class='ocr_carea' id='block_1_11' title="bbox 47 827 250 888">
    <p class='ocr_par' dir='ltr' id='par_1_11' title="bbox 47 827 250 888">
     <span class='ocr_line' id='line_1_11' title="bbox 47 827 250 888; baseline 0.03 -9"><span class='ocrx_word' id='word_1_58' title='bbox 47 827 250 888; x_wconf 81' lang='grc' dir='ltr'>ζεται.</span> 
     </span>
    </p>
   </div>
   <div class='ocr_carea' id='block_1_12' title="bbox 142 932 1700 1026">
    <p class='ocr_par' dir='ltr' id='par_1_12' title="bbox 142 932 1700 1026">
     <span class='ocr_line' id='line_1_12' title="bbox 142 932 1700 1026; baseline 0.015 -30"><span class='ocrx_word' id='word_1_59' title='bbox 142 941 218 1012; x_wconf 84' lang='grc' dir='ltr'><strong>β’.</strong></span> <span class='ocrx_word' id='word_1_60' title='bbox 253 932 510 1020; x_wconf 66' lang='grc' dir='ltr'>Ἀπειλὴ</span> <span class='ocrx_word' id='word_1_61' title='bbox 532 949 677 1004; x_wconf 88' lang='grc' dir='ltr'>κατά</span> <span class='ocrx_word' id='word_1_62' title='bbox 703 951 804 1022; x_wconf 85' lang='grc' dir='ltr'>τῆς</span> <span class='ocrx_word' id='word_1_63' title='bbox 845 955 1169 1026; x_wconf 83' lang='grc' dir='ltr'><strong>συναγωγῆς</strong></span> <span class='ocrx_word' id='word_1_64' title='bbox 1191 997 1204 1021; x_wconf 88' lang='grc'><strong>,</strong></span> <span class='ocrx_word' id='word_1_65' title='bbox 1235 955 1317 1013; x_wconf 81' lang='grc' dir='ltr'><strong>δτι</strong></span> <span class='ocrx_word' id='word_1_66' title='bbox 1344 960 1562 1017; x_wconf 89' lang='grc' dir='ltr'>πάντων</span> <span class='ocrx_word' id='word_1_67' title='bbox 1591 964 1700 1020; x_wconf 88' lang='grc' dir='ltr'><strong>τῶν</strong></span> 
     </span>
    </p>
   </div>
   <div class='ocr_carea' id='block_1_13' title="bbox 44 1033 1698 1115">
    <p class='ocr_par' dir='ltr' id='par_1_13' title="bbox 44 1033 1698 1115">
     <span class='ocr_line' id='line_1_13' title="bbox 44 1033 1698 1115; baseline 0.016 -28"><span class='ocrx_word' id='word_1_68' title='bbox 44 1033 356 1090; x_wconf 80' lang='grc' dir='ltr'>δοθέντων</span> <span class='ocrx_word' id='word_1_69' title='bbox 385 1041 532 1112; x_wconf 80' lang='grc' dir='ltr'>αὐτῇ</span> <span class='ocrx_word' id='word_1_70' title='bbox 561 1042 712 1114; x_wconf 83' lang='grc' dir='ltr'><strong>παρά</strong></span> <span class='ocrx_word' id='word_1_71' title='bbox 737 1043 875 1097; x_wconf 87' lang='grc' dir='ltr'>Θεοῦ</span> <span class='ocrx_word' id='word_1_72' title='bbox 905 1045 1148 1115; x_wconf 84' lang='grc' dir='ltr'><strong>ἀγαθῶν,</strong></span> <span class='ocrx_word' id='word_1_73' title='bbox 1197 1050 1334 1106; x_wconf 88' lang='grc' dir='ltr'><strong>ἀλλά</strong></span> <span class='ocrx_word' id='word_1_74' title='bbox 1357 1055 1452 1107; x_wconf 82' lang='grc' dir='ltr'>καὶ</span> <span class='ocrx_word' id='word_1_75' title='bbox 1486 1049 1560 1110; x_wconf 82' lang='grc' dir='ltr'>ὧν</span> <span class='ocrx_word' id='word_1_76' title='bbox 1581 1057 1698 1114; x_wconf 80' lang='grc' dir='ltr'>ἐδο-</span> 
     </span>
    </p>
   </div>
   <div class='ocr_carea' id='block_1_14' title="bbox 47 1126 1374 1212">
    <p class='ocr_par' dir='ltr' id='par_1_14' title="bbox 47 1126 1374 1212">
     <span class='ocr_line' id='line_1_14' title="bbox 47 1126 1374 1212; baseline 0.015 -34"><span class='ocrx_word' id='word_1_77' title='bbox 47 1126 154 1192; x_wconf 83' lang='grc' dir='ltr'><strong>ξεν</strong></span> <span class='ocrx_word' id='word_1_78' title='bbox 189 1129 266 1182; x_wconf 85' lang='grc' dir='ltr'><strong>ἐκ</strong></span> <span class='ocrx_word' id='word_1_79' title='bbox 292 1131 421 1184; x_wconf 82' lang='grc' dir='ltr'><strong>τῶν</strong></span> <span class='ocrx_word' id='word_1_80' title='bbox 452 1133 688 1188; x_wconf 78' lang='grc' dir='ltr'><strong>εἰδώλων</strong></span> <span class='ocrx_word' id='word_1_81' title='bbox 725 1135 894 1206; x_wconf 76' lang='grc' dir='ltr'>ἔχειν,</span> <span class='ocrx_word' id='word_1_82' title='bbox 928 1140 1374 1212; x_wconf 87' lang='grc' dir='ltr'>γυμνωθήσεται.</span> 
     </span>
    </p>
   </div>
   <div class='ocr_carea' id='block_1_15' title="bbox 129 1221 1697 1306">
    <p class='ocr_par' dir='ltr' id='par_1_15' title="bbox 129 1221 1697 1306">
     <span class='ocr_line' id='line_1_15' title="bbox 129 1221 1697 1306; baseline 0.016 -36"><span class='ocrx_word' id='word_1_83' title='bbox 129 1226 212 1286; x_wconf 85' lang='grc' dir='ltr'><strong>γ’.</strong></span> <span class='ocrx_word' id='word_1_84' title='bbox 240 1221 602 1295; x_wconf 76' lang='grc' dir='ltr'>Πρόρῤησις,</span> <span class='ocrx_word' id='word_1_85' title='bbox 629 1226 778 1291; x_wconf 80' lang='grc' dir='ltr'>ὅπως</span> <span class='ocrx_word' id='word_1_86' title='bbox 804 1229 835 1299; x_wconf 82' lang='grc' dir='ltr'>ἡ</span> <span class='ocrx_word' id='word_1_87' title='bbox 858 1229 958 1298; x_wconf 76' lang='grc' dir='ltr'><strong>μὲν</strong></span> <span class='ocrx_word' id='word_1_88' title='bbox 979 1230 1280 1306; x_wconf 88' lang='grc' dir='ltr'>Συναγωγὴ</span> <span class='ocrx_word' id='word_1_89' title='bbox 1299 1237 1407 1291; x_wconf 91' lang='grc' dir='ltr'><strong>τῶν</strong></span> <span class='ocrx_word' id='word_1_90' title='bbox 1425 1238 1697 1294; x_wconf 80' lang='grc' dir='ltr'><strong>Ἰουδαίων</strong></span> 
     </span>
    </p>
   </div>
   <div class='ocr_carea' id='block_1_16' title="bbox 47 1313 1696 1390">
    <p class='ocr_par' dir='ltr' id='par_1_16' title="bbox 47 1313 1696 1390">
     <span class='ocr_line' id='line_1_16' title="bbox 47 1313 1696 1390; baseline 0.015 -30"><span class='ocrx_word' id='word_1_91' title='bbox 47 1313 476 1380; x_wconf 80' lang='grc' dir='ltr'><strong>ταπεινοῦται,</strong></span> <span class='ocrx_word' id='word_1_92' title='bbox 501 1316 594 1368; x_wconf 71' lang='grc' dir='ltr'><strong>καὶ</strong></span> <span class='ocrx_word' id='word_1_93' title='bbox 611 1317 707 1386; x_wconf 77' lang='grc' dir='ltr'>τῆς</span> <span class='ocrx_word' id='word_1_94' title='bbox 738 1318 983 1384; x_wconf 75' lang='grc' dir='ltr'>δουλείας</span> <span class='ocrx_word' id='word_1_95' title='bbox 1003 1321 1101 1390; x_wconf 82' lang='grc' dir='ltr'>τῆς</span> <span class='ocrx_word' id='word_1_96' title='bbox 1123 1323 1232 1376; x_wconf 89' lang='grc' dir='ltr'><strong>τῶν</strong></span> <span class='ocrx_word' id='word_1_97' title='bbox 1265 1326 1499 1383; x_wconf 75' lang='grc' dir='ltr'>εἰδώλων</span> <span class='ocrx_word' id='word_1_98' title='bbox 1522 1330 1696 1384; x_wconf 80' lang='grc' dir='ltr'>παύε-</span> 
     </span>
    </p>
   </div>
   <div class='ocr_carea' id='block_1_17' title="bbox 48 1403 1695 1493">
    <p class='ocr_par' dir='ltr' id='par_1_17' title="bbox 48 1403 1695 1493">
     <span class='ocr_line' id='line_1_17' title="bbox 48 1403 1695 1493; baseline 0.015 -41"><span class='ocrx_word' id='word_1_99' title='bbox 48 1417 153 1454; x_wconf 84' lang='grc' dir='ltr'><strong>ται</strong></span> <span class='ocrx_word' id='word_1_100' title='bbox 179 1417 193 1430; x_wconf 88' lang='grc'><strong>·</strong></span> <span class='ocrx_word' id='word_1_101' title='bbox 227 1403 288 1455; x_wconf 84' lang='grc' dir='ltr'><strong>οἰ</strong></span> <span class='ocrx_word' id='word_1_102' title='bbox 336 1403 405 1469; x_wconf 85' lang='grc' dir='ltr'>ἐξ</span> <span class='ocrx_word' id='word_1_103' title='bbox 425 1405 600 1476; x_wconf 82' lang='grc' dir='ltr'>αὐτῆς</span> <span class='ocrx_word' id='word_1_104' title='bbox 629 1408 686 1462; x_wconf 82' lang='grc' dir='ltr'>δὲ</span> <span class='ocrx_word' id='word_1_105' title='bbox 742 1409 1134 1480; x_wconf 79' lang='grc' dir='ltr'>πιστεύσαντες</span> <span class='ocrx_word' id='word_1_106' title='bbox 1180 1419 1570 1490; x_wconf 87' lang='grc' dir='ltr'>κοινωνήσουσι</span> <span class='ocrx_word' id='word_1_107' title='bbox 1597 1423 1695 1493; x_wconf 79' lang='grc' dir='ltr'>τῆς</span> 
     </span>
    </p>
   </div>
   <div class='ocr_carea' id='block_1_18' title="bbox 49 1491 1694 1584">
    <p class='ocr_par' dir='ltr' id='par_1_18' title="bbox 49 1491 1694 1584">
     <span class='ocr_line' id='line_1_18' title="bbox 49 1491 1694 1584; baseline 0.015 -40"><span class='ocrx_word' id='word_1_108' title='bbox 49 1491 202 1557; x_wconf 79' lang='grc' dir='ltr'>νέας</span> <span class='ocrx_word' id='word_1_109' title='bbox 240 1493 554 1568; x_wconf 76' lang='grc' dir='ltr'>διαθήκης,</span> <span class='ocrx_word' id='word_1_110' title='bbox 588 1499 682 1552; x_wconf 71' lang='grc' dir='ltr'>καὶ</span> <span class='ocrx_word' id='word_1_111' title='bbox 713 1499 821 1553; x_wconf 89' lang='grc' dir='ltr'><strong>τῶν</strong></span> <span class='ocrx_word' id='word_1_112' title='bbox 849 1503 907 1555; x_wconf 91' lang='grc' dir='ltr'><strong>ἐν</strong></span> <span class='ocrx_word' id='word_1_113' title='bbox 932 1503 1152 1576; x_wconf 82' lang='grc' dir='ltr'>Χριστῷ</span> <span class='ocrx_word' id='word_1_114' title='bbox 1205 1510 1526 1584; x_wconf 76' lang='grc' dir='ltr'>μυστηρίων</span> <span class='ocrx_word' id='word_1_115' title='bbox 1579 1491 1694 1578; x_wconf 80' lang='grc' dir='ltr'>τοίς</span> 
     </span>
    </p>
   </div>
   <div class='ocr_carea' id='block_1_19' title="bbox 48 1583 284 1640">
    <p class='ocr_par' dir='ltr' id='par_1_19' title="bbox 48 1583 284 1640">
     <span class='ocr_line' id='line_1_19' title="bbox 48 1583 284 1640; baseline 0.017 -4"><span class='ocrx_word' id='word_1_116' title='bbox 48 1583 284 1640; x_wconf 80' lang='grc' dir='ltr'>ἔθνεσι.</span> 
     </span>
    </p>
   </div>
   <div class='ocr_carea' id='block_1_20' title="bbox 95 1701 1690 1790">
    <p class='ocr_par' dir='ltr' id='par_1_20' title="bbox 95 1701 1690 1790">
     <span class='ocr_line' id='line_1_20' title="bbox 95 1701 1690 1790; baseline 0.016 -37"><span class='ocrx_word' id='word_1_117' title='bbox 95 1767 100 1772; x_wconf 88' lang='lat'><strong>_</strong></span> <span class='ocrx_word' id='word_1_118' title='bbox 132 1701 206 1755; x_wconf 90' lang='grc' dir='ltr'>δ’.</span> <span class='ocrx_word' id='word_1_119' title='bbox 243 1704 587 1777; x_wconf 74' lang='grc' dir='ltr'>Κατηγορία</span> <span class='ocrx_word' id='word_1_120' title='bbox 607 1709 706 1779; x_wconf 83' lang='grc' dir='ltr'><strong>τῆς</strong></span> <span class='ocrx_word' id='word_1_121' title='bbox 733 1708 1186 1784; x_wconf 82' lang='grc' dir='ltr'>Συναγωγῆς,ὂτι</span> <span class='ocrx_word' id='word_1_122' title='bbox 1214 1717 1369 1787; x_wconf 81' lang='grc' dir='ltr'><strong>παρά</strong></span> <span class='ocrx_word' id='word_1_123' title='bbox 1389 1718 1525 1774; x_wconf 90' lang='grc' dir='ltr'>Θεοῦ</span> <span class='ocrx_word' id='word_1_124' title='bbox 1554 1721 1690 1790; x_wconf 89' lang='grc' dir='ltr'>ἀγα-</span> 
     </span>
    </p>
   </div>
   <div class='ocr_carea' id='block_1_21' title="bbox 1804 765 3382 847">
    <p class='ocr_par' dir='ltr' id='par_1_21' title="bbox 1804 765 3382 847">
     <span class='ocr_line' id='line_1_21' title="bbox 1804 765 3382 847; baseline 0.009 -32"><span class='ocrx_word' id='word_1_125' title='bbox 1804 778 1954 817; x_wconf 90' lang='lat' dir='ltr'><strong>mum</strong></span> <span class='ocrx_word' id='word_1_126' title='bbox 1997 765 2218 835; x_wconf 84' lang='lat' dir='ltr'><strong>quidem</strong></span> <span class='ocrx_word' id='word_1_127' title='bbox 2270 768 2326 822; x_wconf 91' lang='lat' dir='ltr'><strong>in</strong></span> <span class='ocrx_word' id='word_1_128' title='bbox 2379 768 2766 828; x_wconf 85' lang='lat' dir='ltr'><strong>incredulitate</strong></span> <span class='ocrx_word' id='word_1_129' title='bbox 2825 775 3148 844; x_wconf 74' lang='lat' dir='ltr'><strong>permansit,</strong></span> <span class='ocrx_word' id='word_1_130' title='bbox 3195 784 3382 847; x_wconf 82' lang='lat' dir='ltr'><strong>postea</strong></span> 
     </span>
    </p>
   </div>
   <div class='ocr_carea' id='block_1_22' title="bbox 1801 859 2715 918">
    <p class='ocr_par' dir='ltr' id='par_1_22' title="bbox 1801 859 2715 918">
     <span class='ocr_line' id='line_1_22' title="bbox 1801 859 2715 918; baseline 0.015 -14"><span class='ocrx_word' id='word_1_131' title='bbox 1801 869 1932 910; x_wconf 83' lang='lat' dir='ltr'><strong>vero</strong></span> <span class='ocrx_word' id='word_1_132' title='bbox 1970 871 2030 911; x_wconf 91' lang='lat' dir='ltr'><strong>se</strong></span> <span class='ocrx_word' id='word_1_133' title='bbox 2066 859 2336 914; x_wconf 79' lang='lat' dir='ltr'><strong>convertit</strong></span> <span class='ocrx_word' id='word_1_134' title='bbox 2364 869 2418 916; x_wconf 88' lang='lat' dir='ltr'><strong>et</strong></span> <span class='ocrx_word' id='word_1_135' title='bbox 2455 861 2715 918; x_wconf 89' lang='lat' dir='ltr'><strong>salvatur.</strong></span> 
     </span>
    </p>
   </div>
   <div class='ocr_carea' id='block_1_23' title="bbox 1871 963 3380 1046">
    <p class='ocr_par' dir='ltr' id='par_1_23' title="bbox 1871 963 3380 1046">
     <span class='ocr_line' id='line_1_23' title="bbox 1871 963 3380 1046; baseline 0.01 -28"><span class='ocrx_word' id='word_1_136' title='bbox 1871 963 1938 1020; x_wconf 91' lang='lat' dir='ltr'><strong>ll.</strong></span> <span class='ocrx_word' id='word_1_137' title='bbox 1985 965 2142 1023; x_wconf 78' lang='lat' dir='ltr'><strong>Minze</strong></span> <span class='ocrx_word' id='word_1_138' title='bbox 2204 971 2468 1027; x_wconf 84' lang='lat' dir='ltr'><strong>adversus</strong></span> <span class='ocrx_word' id='word_1_139' title='bbox 2513 971 2874 1046; x_wconf 81' lang='lat' dir='ltr'><strong>Synagogam,</strong></span> <span class='ocrx_word' id='word_1_140' title='bbox 2931 975 3141 1031; x_wconf 80' lang='lat' dir='ltr'><strong>scilicet</strong></span> <span class='ocrx_word' id='word_1_141' title='bbox 3199 978 3380 1033; x_wconf 90' lang='lat' dir='ltr'><strong>omni-</strong></span> 
     </span>
    </p>
   </div>
   <div class='ocr_carea' id='block_1_24' title="bbox 1797 1055 3379 1139">
    <p class='ocr_par' dir='ltr' id='par_1_24' title="bbox 1797 1055 3379 1139">
     <span class='ocr_line' id='line_1_24' title="bbox 1797 1055 3379 1139; baseline 0.009 -28"><span class='ocrx_word' id='word_1_142' title='bbox 1797 1055 1902 1112; x_wconf 88' lang='lat' dir='ltr'><strong>bus</strong></span> <span class='ocrx_word' id='word_1_143' title='bbox 1962 1074 1993 1114; x_wconf 90' lang='lat' dir='ltr'><strong>a</strong></span> <span class='ocrx_word' id='word_1_144' title='bbox 2044 1061 2154 1115; x_wconf 90' lang='lat' dir='ltr'><strong>Deo</strong></span> <span class='ocrx_word' id='word_1_145' title='bbox 2187 1065 2427 1134; x_wconf 90' lang='lat' dir='ltr'><strong>acceptis</strong></span> <span class='ocrx_word' id='word_1_146' title='bbox 2458 1065 2620 1122; x_wconf 85' lang='lat' dir='ltr'><strong>bonis</strong></span> <span class='ocrx_word' id='word_1_147' title='bbox 2645 1107 2661 1134; x_wconf 87' lang='lat'><strong>,</strong></span> <span class='ocrx_word' id='word_1_148' title='bbox 2697 1067 2828 1137; x_wconf 84' lang='lat' dir='ltr'><strong>quin</strong></span> <span class='ocrx_word' id='word_1_149' title='bbox 2857 1067 3025 1123; x_wconf 89' lang='lat' dir='ltr'><strong>etiam</strong></span> <span class='ocrx_word' id='word_1_150' title='bbox 3071 1069 3137 1124; x_wconf 91' lang='lat' dir='ltr'><strong>iis</strong></span> <span class='ocrx_word' id='word_1_151' title='bbox 3165 1085 3284 1139; x_wconf 82' lang='lat' dir='ltr'><strong>quae</strong></span> <span class='ocrx_word' id='word_1_152' title='bbox 3309 1069 3379 1126; x_wconf 84' lang='lat' dir='ltr'><strong>ab</strong></span> 
     </span>
    </p>
   </div>
   <div class='ocr_carea' id='block_1_25' title="bbox 1798 1150 3022 1227">
    <p class='ocr_par' dir='ltr' id='par_1_25' title="bbox 1798 1150 3022 1227">
     <span class='ocr_line' id='line_1_25' title="bbox 1798 1150 3022 1227; baseline 0.011 -24"><span class='ocrx_word' id='word_1_153' title='bbox 1798 1150 1956 1206; x_wconf 83' lang='lat' dir='ltr'><strong>idolis</strong></span> <span class='ocrx_word' id='word_1_154' title='bbox 1984 1152 2232 1211; x_wconf 77' lang='lat' dir='ltr'><strong>obtinere</strong></span> <span class='ocrx_word' id='word_1_155' title='bbox 2262 1157 2364 1212; x_wconf 89' lang='lat' dir='ltr'><strong>sibi</strong></span> <span class='ocrx_word' id='word_1_156' title='bbox 2381 1158 2493 1214; x_wconf 88' lang='lat' dir='ltr'><strong>visa</strong></span> <span class='ocrx_word' id='word_1_157' title='bbox 2521 1168 2625 1227; x_wconf 90' lang='lat' dir='ltr'><strong>est,</strong></span> <span class='ocrx_word' id='word_1_158' title='bbox 2660 1161 2916 1216; x_wconf 78' lang='lat' dir='ltr'><strong>nudatam</strong></span> <span class='ocrx_word' id='word_1_159' title='bbox 2938 1163 3022 1218; x_wconf 90' lang='lat' dir='ltr'><strong>iri.</strong></span> 
     </span>
    </p>
   </div>
   <div class='ocr_carea' id='block_1_26' title="bbox 1869 1243 3376 1329">
    <p class='ocr_par' dir='ltr' id='par_1_26' title="bbox 1869 1243 3376 1329">
     <span class='ocr_line' id='line_1_26' title="bbox 1869 1243 3376 1329; baseline 0.009 -30"><span class='ocrx_word' id='word_1_160' title='bbox 1869 1243 1956 1299; x_wconf 93' lang='lat' dir='ltr'><strong>lll.</strong></span> <span class='ocrx_word' id='word_1_161' title='bbox 2007 1247 2300 1304; x_wconf 80' lang='lat' dir='ltr'><strong>Praedictio</strong></span> <span class='ocrx_word' id='word_1_162' title='bbox 2359 1253 2634 1322; x_wconf 86' lang='lat' dir='ltr'><strong>quomodo</strong></span> <span class='ocrx_word' id='word_1_163' title='bbox 2707 1254 3042 1329; x_wconf 72' lang='lat' dir='ltr'><strong>Judmorum</strong></span> <span class='ocrx_word' id='word_1_164' title='bbox 3096 1256 3376 1329; x_wconf 81' lang='lat' dir='ltr'><strong>Synagoga</strong></span> 
     </span>
    </p>
   </div>
   <div class='ocr_carea' id='block_1_27' title="bbox 1797 1333 3375 1417">
    <p class='ocr_par' dir='ltr' id='par_1_27' title="bbox 1797 1333 3375 1417">
     <span class='ocr_line' id='line_1_27' title="bbox 1797 1333 3375 1417; baseline 0.012 -31"><span class='ocrx_word' id='word_1_165' title='bbox 1797 1333 2134 1401; x_wconf 89' lang='lat' dir='ltr'><strong>humiliatur,</strong></span> <span class='ocrx_word' id='word_1_166' title='bbox 2166 1351 2223 1393; x_wconf 94' lang='lat' dir='ltr'><strong>et</strong></span> <span class='ocrx_word' id='word_1_167' title='bbox 2256 1355 2288 1395; x_wconf 91' lang='lat' dir='ltr'><strong>a</strong></span> <span class='ocrx_word' id='word_1_168' title='bbox 2324 1344 2588 1398; x_wconf 90' lang='lat' dir='ltr'><strong>servitute</strong></span> <span class='ocrx_word' id='word_1_169' title='bbox 2641 1344 2909 1401; x_wconf 90' lang='lat' dir='ltr'><strong>idolorum</strong></span> <span class='ocrx_word' id='word_1_170' title='bbox 2957 1348 3238 1404; x_wconf 83' lang='lat' dir='ltr'><strong>liberatur.</strong></span> <span class='ocrx_word' id='word_1_171' title='bbox 3274 1350 3375 1417; x_wconf 84' lang='lat' dir='ltr'><strong>Qui</strong></span> 
     </span>
    </p>
   </div>
   <div class='ocr_carea' id='block_1_28' title="bbox 1795 1428 3376 1514">
    <p class='ocr_par' dir='ltr' id='par_1_28' title="bbox 1795 1428 3376 1514">
     <span class='ocr_line' id='line_1_28' title="bbox 1795 1428 3376 1514; baseline 0.012 -35"><span class='ocrx_word' id='word_1_172' title='bbox 1795 1440 1860 1480; x_wconf 79' lang='lat' dir='ltr'><strong>ex</strong></span> <span class='ocrx_word' id='word_1_173' title='bbox 1893 1441 1955 1480; x_wconf 90' lang='lat' dir='ltr'><strong>ea</strong></span> <span class='ocrx_word' id='word_1_174' title='bbox 1987 1428 2322 1484; x_wconf 81' lang='lat' dir='ltr'><strong>crediderint</strong></span> <span class='ocrx_word' id='word_1_175' title='bbox 2383 1435 2869 1504; x_wconf 85' lang='lat' dir='ltr'><strong>communicabunt</strong></span> <span class='ocrx_word' id='word_1_176' title='bbox 2939 1454 3064 1494; x_wconf 90' lang='lat' dir='ltr'><strong>cum</strong></span> <span class='ocrx_word' id='word_1_177' title='bbox 3124 1442 3376 1514; x_wconf 81' lang='lat' dir='ltr'><strong>gentibus</strong></span> 
     </span>
    </p>
   </div>
   <div class='ocr_carea' id='block_1_29' title="bbox 1795 1519 2974 1599">
    <p class='ocr_par' dir='ltr' id='par_1_29' title="bbox 1795 1519 2974 1599">
     <span class='ocr_line' id='line_1_29' title="bbox 1795 1519 2974 1599; baseline 0.01 -27"><span class='ocrx_word' id='word_1_178' title='bbox 1795 1533 1990 1573; x_wconf 88' lang='lat' dir='ltr'><strong>novum</strong></span> <span class='ocrx_word' id='word_1_179' title='bbox 2025 1519 2205 1577; x_wconf 75' lang='lat' dir='ltr'><strong>ftedus</strong></span> <span class='ocrx_word' id='word_1_180' title='bbox 2236 1531 2292 1577; x_wconf 91' lang='lat' dir='ltr'><strong>et</strong></span> <span class='ocrx_word' id='word_1_181' title='bbox 2342 1521 2398 1577; x_wconf 86' lang='lat' dir='ltr'><strong>in</strong></span> <span class='ocrx_word' id='word_1_182' title='bbox 2433 1522 2652 1580; x_wconf 78' lang='lat' dir='ltr'><strong>Christo</strong></span> <span class='ocrx_word' id='word_1_183' title='bbox 2697 1528 2974 1599; x_wconf 81' lang='lat' dir='ltr'><strong>mysteria.</strong></span> 
     </span>
    </p>
   </div>
   <div class='ocr_carea' id='block_1_30' title="bbox 1863 1729 3372 1806">
    <p class='ocr_par' dir='ltr' id='par_1_30' title="bbox 1863 1729 3372 1806">
     <span class='ocr_line' id='line_1_30' title="bbox 1863 1729 3372 1806; baseline 0.009 -22"><span class='ocrx_word' id='word_1_184' title='bbox 1863 1730 1956 1787; x_wconf 83' lang='lat' dir='ltr'><strong>IV.</strong></span> <span class='ocrx_word' id='word_1_185' title='bbox 1994 1729 2292 1789; x_wconf 83' lang='lat' dir='ltr'><strong>Accusatio</strong></span> <span class='ocrx_word' id='word_1_186' title='bbox 2331 1731 2648 1806; x_wconf 74' lang='lat' dir='ltr'><strong>Synagogae,</strong></span> <span class='ocrx_word' id='word_1_187' title='bbox 2680 1739 2847 1806; x_wconf 87' lang='lat' dir='ltr'><strong>quod,</strong></span> <span class='ocrx_word' id='word_1_188' title='bbox 2885 1753 3007 1795; x_wconf 86' lang='lat' dir='ltr'><strong>cum</strong></span> <span class='ocrx_word' id='word_1_189' title='bbox 3045 1755 3076 1795; x_wconf 92' lang='lat' dir='ltr'><strong>a</strong></span> <span class='ocrx_word' id='word_1_190' title='bbox 3107 1741 3218 1798; x_wconf 85' lang='lat' dir='ltr'><strong>Deo</strong></span> <span class='ocrx_word' id='word_1_191' title='bbox 3247 1741 3372 1798; x_wconf 59' lang='lat' dir='ltr'><strong>dilii-</strong></span> 
     </span>
    </p>
   </div>
   <div class='ocr_carea' id='block_1_31' title="bbox 52 1792 1669 1904">
    <p class='ocr_par' dir='ltr' id='par_1_31' title="bbox 52 1793 1669 1884">
     <span class='ocr_line' id='line_1_31' title="bbox 52 1793 1669 1884; baseline 0.013 -40"><span class='ocrx_word' id='word_1_192' title='bbox 52 1793 475 1863; x_wconf 82' lang='grc' dir='ltr'>πωμένη-τοίς</span> <span class='ocrx_word' id='word_1_193' title='bbox 513 1799 757 1865; x_wconf 86' lang='grc' dir='ltr'>εἰδώλοις</span> <span class='ocrx_word' id='word_1_194' title='bbox 810 1805 1163 1878; x_wconf 78' lang='grc' dir='ltr'>προσέδραμε</span> <span class='ocrx_word' id='word_1_195' title='bbox 1183 1825 1198 1840; x_wconf 91' lang='grc'><strong>·</strong></span> <span class='ocrx_word' id='word_1_196' title='bbox 1230 1811 1324 1863; x_wconf 82' lang='grc' dir='ltr'><strong>καὶ</strong></span> <span class='ocrx_word' id='word_1_197' title='bbox 1356 1811 1669 1884; x_wconf 69' lang='grc' dir='ltr'>πρόρρησις.</span> 
     </span>
    </p>
   </div>
   <div class='ocr_carea' id='block_1_32' title="bbox 1838 1792 3370 1904">
    <p class='ocr_par' dir='ltr' id='par_1_32' title="bbox 1838 1792 3370 1904">
     <span class='ocr_line' id='line_1_32' title="bbox 1838 1792 3370 1904; baseline 0.009 -28"><span class='ocrx_word' id='word_1_198' title='bbox 1838 1830 2007 1878; x_wconf 71' lang='grc' dir='ltr'>πριιιι-</span> <span class='ocrx_word' id='word_1_199' title='bbox 2035 1863 2050 1887; x_wconf 90' lang='grc'><strong>,</strong></span> <span class='ocrx_word' id='word_1_200' title='bbox 2089 1823 2158 1878; x_wconf 87' lang='lat' dir='ltr'><strong>ad</strong></span> <span class='ocrx_word' id='word_1_201' title='bbox 2198 1824 2343 1879; x_wconf 81' lang='lat' dir='ltr'><strong>idola</strong></span> <span class='ocrx_word' id='word_1_202' title='bbox 2371 1792 2447 1881; x_wconf 52' lang='grc' dir='ltr'>’σε</span> <span class='ocrx_word' id='word_1_203' title='bbox 2479 1792 2817 1884; x_wconf 58' lang='grc' dir='ltr'><strong>υ(κῖἰιιιιιίξι-ἱι.</strong></span> <span class='ocrx_word' id='word_1_204' title='bbox 2837 1829 2905 1884; x_wconf 84' lang='grc' dir='ltr'>Ει</span> <span class='ocrx_word' id='word_1_205' title='bbox 2927 1833 3206 1900; x_wconf 70' lang='lat' dir='ltr'><strong>praedictio</strong></span> <span class='ocrx_word' id='word_1_206' title='bbox 3233 1849 3370 1904; x_wconf 87' lang='lat' dir='ltr'><strong>quo-</strong></span> 
     </span>
    </p>
   </div>
   <div class='ocr_carea' id='block_1_33' title="bbox 50 1884 1684 1979">
    <p class='ocr_par' dir='ltr' id='par_1_33' title="bbox 50 1884 1684 1979">
     <span class='ocr_line' id='line_1_33' title="bbox 50 1884 1684 1979; baseline 0.016 -45"><span class='ocrx_word' id='word_1_207' title='bbox 50 1884 226 1947; x_wconf 83' lang='grc' dir='ltr'>ὅπως</span> <span class='ocrx_word' id='word_1_208' title='bbox 262 1885 594 1958; x_wconf 80' lang='grc' dir='ltr'>ὁλοκλήρως</span> <span class='ocrx_word' id='word_1_209' title='bbox 620 1891 758 1963; x_wconf 77' lang='grc' dir='ltr'>αὐτῇ</span> <span class='ocrx_word' id='word_1_210' title='bbox 792 1895 862 1950; x_wconf 82' lang='grc' dir='ltr'><strong>τὰ</strong></span> <span class='ocrx_word' id='word_1_211' title='bbox 897 1895 996 1966; x_wconf 87' lang='grc' dir='ltr'>τῆς</span> <span class='ocrx_word' id='word_1_212' title='bbox 1026 1897 1262 1970; x_wconf 82' lang='grc' dir='ltr'>ἀρχαίας</span> <span class='ocrx_word' id='word_1_213' title='bbox 1284 1902 1559 1968; x_wconf 85' lang='grc' dir='ltr'>πολιτείας</span> <span class='ocrx_word' id='word_1_214' title='bbox 1582 1906 1684 1979; x_wconf 78' lang='grc' dir='ltr'>ἀρο</span> 
     </span>
    </p>
   </div>
   <div class='ocr_carea' id='block_1_34' title="bbox 50 1975 1684 2063">
    <p class='ocr_par' dir='ltr' id='par_1_34' title="bbox 50 1975 1684 2063">
     <span class='ocr_line' id='line_1_34' title="bbox 50 1975 1684 2063; baseline 0.018 -39"><span class='ocrx_word' id='word_1_215' title='bbox 50 1975 244 2047; x_wconf 78' lang='grc' dir='ltr'>γὴσῃ,</span> <span class='ocrx_word' id='word_1_216' title='bbox 273 1977 425 2048; x_wconf 84' lang='grc' dir='ltr'><strong>αὑτὴ</strong></span> <span class='ocrx_word' id='word_1_217' title='bbox 450 1979 507 2032; x_wconf 84' lang='grc' dir='ltr'><strong>δὲ</strong></span> <span class='ocrx_word' id='word_1_218' title='bbox 541 1983 844 2057; x_wconf 74' lang='grc' dir='ltr'>ἐπιστρέψῃ</span> <span class='ocrx_word' id='word_1_219' title='bbox 879 1988 1016 2059; x_wconf 83' lang='grc' dir='ltr'>πρὸς</span> <span class='ocrx_word' id='word_1_220' title='bbox 1045 1989 1136 2046; x_wconf 83' lang='grc' dir='ltr'><strong>τὸν</strong></span> <span class='ocrx_word' id='word_1_221' title='bbox 1158 1992 1396 2063; x_wconf 80' lang='grc' dir='ltr'>Χριστὸν</span> <span class='ocrx_word' id='word_1_222' title='bbox 1417 1998 1497 2060; x_wconf 82' lang='grc' dir='ltr'><strong>εἰς</strong></span> <span class='ocrx_word' id='word_1_223' title='bbox 1527 1975 1684 2052; x_wconf 77' lang='grc' dir='ltr'>ὓστε-</span> 
     </span>
    </p>
   </div>
   <div class='ocr_carea' id='block_1_35' title="bbox 55 2082 226 2136">
    <p class='ocr_par' dir='ltr' id='par_1_35' title="bbox 55 2082 226 2136">
     <span class='ocr_line' id='line_1_35' title="bbox 55 2082 226 2136; baseline 0.029 -19"><span class='ocrx_word' id='word_1_224' title='bbox 55 2082 226 2136; x_wconf 66' lang='grc' dir='ltr'>ρον.,</span> 
     </span>
    </p>
   </div>
   <div class='ocr_carea' id='block_1_36' title="bbox 127 2183 1682 2258">
    <p class='ocr_par' dir='ltr' id='par_1_36' title="bbox 127 2183 1682 2258">
     <span class='ocr_line' id='line_1_36' title="bbox 127 2183 1682 2258; baseline 0.017 -24"><span class='ocrx_word' id='word_1_225' title='bbox 127 2189 200 2239; x_wconf 78' lang='grc' dir='ltr'>ε’.</span> <span class='ocrx_word' id='word_1_226' title='bbox 238 2185 527 2257; x_wconf 85' lang='grc' dir='ltr'>Διήγησις</span> <span class='ocrx_word' id='word_1_227' title='bbox 562 2183 638 2244; x_wconf 82' lang='grc' dir='ltr'>ὧν</span> <span class='ocrx_word' id='word_1_228' title='bbox 658 2192 688 2244; x_wconf 82' lang='grc' dir='ltr'><em>ὁ</em></span> <span class='ocrx_word' id='word_1_229' title='bbox 712 2191 839 2256; x_wconf 73' lang='grc' dir='ltr'>λαὸς</span> <span class='ocrx_word' id='word_1_230' title='bbox 869 2193 980 2247; x_wconf 87' lang='grc' dir='ltr'><strong>τῶν</strong></span> <span class='ocrx_word' id='word_1_231' title='bbox 1005 2194 1278 2253; x_wconf 81' lang='grc' dir='ltr'>Ἰουδαίων</span> <span class='ocrx_word' id='word_1_232' title='bbox 1304 2201 1399 2256; x_wconf 74' lang='grc' dir='ltr'>καὶ</span> <span class='ocrx_word' id='word_1_233' title='bbox 1417 2203 1466 2256; x_wconf 80' lang='grc' dir='ltr'>οξ</span> <span class='ocrx_word' id='word_1_234' title='bbox 1493 2203 1682 2258; x_wconf 82' lang='grc' dir='ltr'>τούτου</span> 
     </span>
    </p>
   </div>
   <div class='ocr_carea' id='block_1_37' title="bbox 55 2274 1009 2353">
    <p class='ocr_par' dir='ltr' id='par_1_37' title="bbox 55 2274 1009 2353">
     <span class='ocr_line' id='line_1_37' title="bbox 55 2274 1009 2353; baseline 0.017 -29"><span class='ocrx_word' id='word_1_235' title='bbox 55 2274 242 2343; x_wconf 86' lang='grc' dir='ltr'>ίερείς</span> <span class='ocrx_word' id='word_1_236' title='bbox 266 2275 522 2344; x_wconf 79' lang='grc' dir='ltr'>ἠσέϐουν</span> <span class='ocrx_word' id='word_1_237' title='bbox 548 2280 642 2334; x_wconf 81' lang='grc' dir='ltr'><strong>καὶ</strong></span> <span class='ocrx_word' id='word_1_238' title='bbox 664 2281 1009 2353; x_wconf 77' lang='grc' dir='ltr'>ἡμάρτανον.</span> 
     </span>
    </p>
   </div>
   <div class='ocr_carea' id='block_1_38' title="bbox 137 2365 1682 2461">
    <p class='ocr_par' dir='ltr' id='par_1_38' title="bbox 137 2365 1682 2461">
     <span class='ocr_line' id='line_1_38' title="bbox 137 2365 1682 2461; baseline 0.017 -43"><span class='ocrx_word' id='word_1_239' title='bbox 137 2365 220 2431; x_wconf 82' lang='grc' dir='ltr'>ς’.</span> <span class='ocrx_word' id='word_1_240' title='bbox 253 2369 596 2441; x_wconf 84' lang='grc' dir='ltr'>Κατηγορία</span> <span class='ocrx_word' id='word_1_241' title='bbox 619 2373 729 2427; x_wconf 90' lang='grc' dir='ltr'><strong>τῶν</strong></span> <span class='ocrx_word' id='word_1_242' title='bbox 757 2374 1065 2432; x_wconf 85' lang='grc' dir='ltr'>Ἰουδαϊκῶν</span> <span class='ocrx_word' id='word_1_243' title='bbox 1089 2381 1370 2454; x_wconf 86' lang='grc' dir='ltr'>ἀρχόντων</span> <span class='ocrx_word' id='word_1_244' title='bbox 1389 2402 1402 2416; x_wconf 94' lang='grc'><strong>·</strong></span> <span class='ocrx_word' id='word_1_245' title='bbox 1425 2387 1505 2441; x_wconf 82' lang='grc' dir='ltr'><strong>δτι</strong></span> <span class='ocrx_word' id='word_1_246' title='bbox 1531 2389 1682 2461; x_wconf 85' lang='grc' dir='ltr'><strong>παρά</strong></span> 
     </span>
    </p>
   </div>
   <div class='ocr_carea' id='block_1_39' title="bbox 54 2458 1683 2549">
    <p class='ocr_par' dir='ltr' id='par_1_39' title="bbox 54 2458 1683 2549">
     <span class='ocr_line' id='line_1_39' title="bbox 54 2458 1683 2549; baseline 0.015 -39"><span class='ocrx_word' id='word_1_247' title='bbox 54 2458 168 2528; x_wconf 84' lang='grc' dir='ltr'>τὴν</span> <span class='ocrx_word' id='word_1_248' title='bbox 200 2459 408 2513; x_wconf 83' lang='grc' dir='ltr'>αὐτῶν</span> <span class='ocrx_word' id='word_1_249' title='bbox 437 2463 616 2515; x_wconf 89' lang='grc' dir='ltr'>αἰτίαν</span> <span class='ocrx_word' id='word_1_250' title='bbox 643 2466 672 2517; x_wconf 86' lang='grc' dir='ltr'>ὁ</span> <span class='ocrx_word' id='word_1_251' title='bbox 719 2464 848 2530; x_wconf 83' lang='grc' dir='ltr'>λαὸς</span> <span class='ocrx_word' id='word_1_252' title='bbox 895 2467 1274 2542; x_wconf 76' lang='grc' dir='ltr'>ἐξημάρτανε·</span> <span class='ocrx_word' id='word_1_253' title='bbox 1304 2479 1399 2531; x_wconf 80' lang='grc' dir='ltr'>καὶ</span> <span class='ocrx_word' id='word_1_254' title='bbox 1442 2458 1683 2549; x_wconf 81' lang='grc' dir='ltr'>γνησίως</span> 
     </span>
    </p>
   </div>
   <div class='ocr_carea' id='block_1_40' title="bbox 59 2551 1682 2638">
    <p class='ocr_par' dir='ltr' id='par_1_40' title="bbox 59 2551 1682 2638">
     <span class='ocr_line' id='line_1_40' title="bbox 59 2551 1682 2638; baseline 0.018 -38"><span class='ocrx_word' id='word_1_255' title='bbox 59 2551 174 2620; x_wconf 77' lang='grc' dir='ltr'>μὲν</span> <span class='ocrx_word' id='word_1_256' title='bbox 195 2553 352 2621; x_wconf 83' lang='grc' dir='ltr'>πρὸς</span> <span class='ocrx_word' id='word_1_257' title='bbox 379 2553 472 2607; x_wconf 65' lang='grc' dir='ltr'>τὸν</span> <span class='ocrx_word' id='word_1_258' title='bbox 501 2555 634 2607; x_wconf 78' lang='grc' dir='ltr'>Θεὸν</span> <span class='ocrx_word' id='word_1_259' title='bbox 684 2557 786 2611; x_wconf 81' lang='grc' dir='ltr'>οὐκ</span> <span class='ocrx_word' id='word_1_260' title='bbox 814 2559 1173 2634; x_wconf 79' lang='grc' dir='ltr'>ἐπέστρεφον,</span> <span class='ocrx_word' id='word_1_261' title='bbox 1223 2569 1362 2638; x_wconf 83' lang='grc' dir='ltr'><strong>μετά</strong></span> <span class='ocrx_word' id='word_1_262' title='bbox 1391 2570 1596 2627; x_wconf 88' lang='grc' dir='ltr'>θυσιῶν</span> <span class='ocrx_word' id='word_1_263' title='bbox 1626 2574 1682 2628; x_wconf 57' lang='grc' dir='ltr'><strong>ἢ</strong></span> 
     </span>
    </p>
   </div>
   <div class='ocr_carea' id='block_1_41' title="bbox 57 2642 1557 2734">
    <p class='ocr_par' dir='ltr' id='par_1_41' title="bbox 57 2642 1557 2734">
     <span class='ocr_line' id='line_1_41' title="bbox 57 2642 1557 2734; baseline 0.016 -41"><span class='ocrx_word' id='word_1_264' title='bbox 57 2642 244 2695; x_wconf 74' lang='grc' dir='ltr'>αὐτὸν</span> <span class='ocrx_word' id='word_1_265' title='bbox 270 2642 493 2712; x_wconf 80' lang='grc' dir='ltr'>ἀλόγων</span> <span class='ocrx_word' id='word_1_266' title='bbox 527 2645 736 2716; x_wconf 81' lang='grc' dir='ltr'>ἐζήτει,</span> <span class='ocrx_word' id='word_1_267' title='bbox 767 2651 861 2704; x_wconf 78' lang='grc' dir='ltr'><strong>καὶ</strong></span> <span class='ocrx_word' id='word_1_268' title='bbox 881 2652 968 2706; x_wconf 81' lang='grc' dir='ltr'>διὰ</span> <span class='ocrx_word' id='word_1_269' title='bbox 992 2654 1151 2709; x_wconf 87' lang='grc' dir='ltr'>τοῦτο</span> <span class='ocrx_word' id='word_1_270' title='bbox 1176 2658 1275 2729; x_wconf 85' lang='grc' dir='ltr'><strong>οὐχ</strong></span> <span class='ocrx_word' id='word_1_271' title='bbox 1303 2659 1557 2734; x_wconf 80' lang='grc' dir='ltr'>ηὕρισκε.</span> 
     </span>
    </p>
   </div>
   <div class='ocr_carea' id='block_1_42' title="bbox 139 2753 1682 2848">
    <p class='ocr_par' dir='ltr' id='par_1_42' title="bbox 139 2753 1682 2848">
     <span class='ocr_line' id='line_1_42' title="bbox 139 2753 1682 2848; baseline 0.016 -40"><span class='ocrx_word' id='word_1_272' title='bbox 139 2753 214 2819; x_wconf 76' lang='grc' dir='ltr'><strong>ζ’.</strong></span> <span class='ocrx_word' id='word_1_273' title='bbox 249 2755 620 2829; x_wconf 84' lang='grc' dir='ltr'>Πρόσταγμα,</span> <span class='ocrx_word' id='word_1_274' title='bbox 671 2764 1015 2835; x_wconf 84' lang='grc' dir='ltr'>κηρυχθῆναι</span> <span class='ocrx_word' id='word_1_275' title='bbox 1063 2766 1154 2823; x_wconf 75' lang='grc' dir='ltr'>οἷα</span> <span class='ocrx_word' id='word_1_276' title='bbox 1199 2771 1229 2824; x_wconf 85' lang='grc' dir='ltr'><strong>δ</strong></span> <span class='ocrx_word' id='word_1_277' title='bbox 1281 2771 1408 2838; x_wconf 83' lang='grc' dir='ltr'>λαδς</span> <span class='ocrx_word' id='word_1_278' title='bbox 1442 2776 1542 2848; x_wconf 76' lang='grc' dir='ltr'>μὲν</span> <span class='ocrx_word' id='word_1_279' title='bbox 1574 2778 1682 2833; x_wconf 87' lang='grc' dir='ltr'><strong>τῶν</strong></span> 
     </span>
    </p>
   </div>
   <div class='ocr_carea' id='block_1_43' title="bbox 14 2846 1679 2940">
    <p class='ocr_par' dir='ltr' id='par_1_43' title="bbox 14 2846 1679 2940">
     <span class='ocr_line' id='line_1_43' title="bbox 14 2846 1679 2940; baseline 0.015 -42"><span class='ocrx_word' id='word_1_280' title='bbox 14 2885 15 2888; x_wconf 59' lang='grc' dir='ltr'><strong>η</strong></span> <span class='ocrx_word' id='word_1_281' title='bbox 61 2846 368 2902; x_wconf 86' lang='grc' dir='ltr'>Ἰουδαίων</span> <span class='ocrx_word' id='word_1_282' title='bbox 399 2851 736 2926; x_wconf 74' lang='grc' dir='ltr'>ἐξήμαρτεν·</span> <span class='ocrx_word' id='word_1_283' title='bbox 787 2858 816 2910; x_wconf 89' lang='grc' dir='ltr'><strong>ὁ</strong></span> <span class='ocrx_word' id='word_1_284' title='bbox 846 2859 1082 2928; x_wconf 75' lang='grc' dir='ltr'>Χριστὸς</span> <span class='ocrx_word' id='word_1_285' title='bbox 1113 2861 1170 2914; x_wconf 86' lang='grc' dir='ltr'><strong>δέ</strong></span> <span class='ocrx_word' id='word_1_286' title='bbox 1213 2863 1300 2917; x_wconf 80' lang='grc' dir='ltr'><strong>διὰ</strong></span> <span class='ocrx_word' id='word_1_287' title='bbox 1328 2846 1679 2940; x_wconf 12' lang='grc' dir='ltr'>τοῦήμυστη-</span> 
     </span>
    </p>
   </div>
   <div class='ocr_carea' id='block_1_44' title="bbox 65 2937 1680 3033">
    <p class='ocr_par' dir='ltr' id='par_1_44' title="bbox 65 2937 1680 3033">
     <span class='ocr_line' id='line_1_44' title="bbox 65 2937 1680 3033; baseline 0.017 -44"><span class='ocrx_word' id='word_1_288' title='bbox 65 2937 196 3008; x_wconf 82' lang='grc' dir='ltr'>ρίου</span> <span class='ocrx_word' id='word_1_289' title='bbox 235 2940 342 2994; x_wconf 79' lang='grc' dir='ltr'>καὶ</span> <span class='ocrx_word' id='word_1_290' title='bbox 367 2942 467 3012; x_wconf 84' lang='grc' dir='ltr'>τῆς</span> <span class='ocrx_word' id='word_1_291' title='bbox 499 2944 854 3013; x_wconf 80' lang='grc' dir='ltr'>ἀναστάσεως</span> <span class='ocrx_word' id='word_1_292' title='bbox 879 2949 975 3005; x_wconf 75' lang='grc' dir='ltr'>καὶ</span> <span class='ocrx_word' id='word_1_293' title='bbox 1001 2951 1102 3023; x_wconf 84' lang='grc' dir='ltr'><strong>τῆς</strong></span> <span class='ocrx_word' id='word_1_294' title='bbox 1134 2953 1456 3027; x_wconf 79' lang='grc' dir='ltr'>ἀναλήψεως</span> <span class='ocrx_word' id='word_1_295' title='bbox 1484 2960 1584 3033; x_wconf 84' lang='grc' dir='ltr'>τῆς</span> <span class='ocrx_word' id='word_1_296' title='bbox 1601 2937 1680 3028; x_wconf 72' lang='grc' dir='ltr'><strong>εἰς</strong></span> 
     </span>
    </p>
   </div>
   <div class='ocr_carea' id='block_1_45' title="bbox 63 3030 637 3106">
    <p class='ocr_par' dir='ltr' id='par_1_45' title="bbox 63 3030 637 3106">
     <span class='ocr_line' id='line_1_45' title="bbox 63 3030 637 3106; baseline 0.017 -25"><span class='ocrx_word' id='word_1_297' title='bbox 63 3030 354 3101; x_wconf 77' lang='grc' dir='ltr'>οὐρανοὺς</span> <span class='ocrx_word' id='word_1_298' title='bbox 384 3033 637 3106; x_wconf 79' lang='grc' dir='ltr'>ἔπραξεν.</span> 
     </span>
    </p>
   </div>
   <div class='ocr_carea' id='block_1_46' title="bbox 140 3123 1749 3241">
    <p class='ocr_par' dir='ltr' id='par_1_46' title="bbox 140 3123 1749 3241">
     <span class='ocr_line' id='line_1_46' title="bbox 140 3123 1749 3241; baseline 0.016 -42"><span class='ocrx_word' id='word_1_299' title='bbox 140 3152 220 3214; x_wconf 92' lang='grc' dir='ltr'><strong>η’.</strong></span> <span class='ocrx_word' id='word_1_300' title='bbox 269 3147 540 3214; x_wconf 83' lang='grc' dir='ltr'>Ἔνδειξις</span> <span class='ocrx_word' id='word_1_301' title='bbox 561 3151 660 3222; x_wconf 81' lang='grc' dir='ltr'>τῆς</span> <span class='ocrx_word' id='word_1_302' title='bbox 695 3153 790 3208; x_wconf 87' lang='grc' dir='ltr'><strong>τοῦ</strong></span> <span class='ocrx_word' id='word_1_303' title='bbox 814 3153 950 3209; x_wconf 84' lang='grc' dir='ltr'>Θεοῦ</span> <span class='ocrx_word' id='word_1_304' title='bbox 983 3155 1417 3232; x_wconf 83' lang='grc' dir='ltr'>φιλανθρωπίας,</span> <span class='ocrx_word' id='word_1_305' title='bbox 1456 3167 1553 3221; x_wconf 78' lang='grc' dir='ltr'>καὶ</span> <span class='ocrx_word' id='word_1_306' title='bbox 1704 3123 1749 3184; x_wconf 77' lang='lat' dir='ltr'><strong>c</strong></span> 
     </span>
    </p>
   </div>
   <div class='ocr_carea' id='block_1_47' title="bbox 14 3236 1680 3332">
    <p class='ocr_par' dir='ltr' id='par_1_47' title="bbox 14 3236 1680 3332">
     <span class='ocr_line' id='line_1_47' title="bbox 14 3236 1680 3332; baseline 0.016 -44"><span class='ocrx_word' id='word_1_307' title='bbox 14 3273 15 3280; x_wconf 59' lang='grc' dir='ltr'><strong>η</strong></span> <span class='ocrx_word' id='word_1_308' title='bbox 69 3236 189 3291; x_wconf 87' lang='grc' dir='ltr'><strong>τῶν</strong></span> <span class='ocrx_word' id='word_1_309' title='bbox 223 3240 505 3296; x_wconf 81' lang='grc' dir='ltr'>Ἰουδαίων</span> <span class='ocrx_word' id='word_1_310' title='bbox 563 3245 998 3321; x_wconf 72' lang='grc' dir='ltr'>ἀγνωμοσύνης*</span> <span class='ocrx_word' id='word_1_311' title='bbox 1039 3253 1134 3306; x_wconf 75' lang='grc' dir='ltr'>καὶ</span> <span class='ocrx_word' id='word_1_312' title='bbox 1170 3256 1494 3326; x_wconf 89' lang='grc' dir='ltr'>παραίνεσις</span> <span class='ocrx_word' id='word_1_313' title='bbox 1543 3236 1680 3332; x_wconf 77' lang='grc' dir='ltr'>πρδς</span> 
     </span>
    </p>
   </div>
   <div class='ocr_carea' id='block_1_48' title="bbox 69 3331 1678 3421">
    <p class='ocr_par' dir='ltr' id='par_1_48' title="bbox 69 3331 1678 3421">
     <span class='ocr_line' id='line_1_48' title="bbox 69 3331 1678 3421; baseline 0.013 -37"><span class='ocrx_word' id='word_1_314' title='bbox 69 3331 313 3396; x_wconf 82' lang='grc' dir='ltr'>αὐτοὺς,</span> <span class='ocrx_word' id='word_1_315' title='bbox 340 3332 556 3399; x_wconf 83' lang='grc' dir='ltr'>ἴνατοῖς</span> <span class='ocrx_word' id='word_1_316' title='bbox 595 3337 774 3392; x_wconf 74' lang='grc' dir='ltr'>ἔθνεσι</span> <span class='ocrx_word' id='word_1_317' title='bbox 794 3339 896 3411; x_wconf 83' lang='grc' dir='ltr'>τῆς</span> <span class='ocrx_word' id='word_1_318' title='bbox 930 3342 1273 3416; x_wconf 83' lang='grc' dir='ltr'>ἐπιστροφῆς</span> <span class='ocrx_word' id='word_1_319' title='bbox 1303 3347 1396 3401; x_wconf 74' lang='grc' dir='ltr'><strong>καὶ</strong></span> <span class='ocrx_word' id='word_1_320' title='bbox 1436 3349 1538 3421; x_wconf 85' lang='grc' dir='ltr'>τῆς</span> <span class='ocrx_word' id='word_1_321' title='bbox 1586 3331 1678 3418; x_wconf 77' lang='grc' dir='ltr'><strong>ἐξ·</strong></span> 
     </span>
    </p>
   </div>
   <div class='ocr_carea' id='block_1_49' title="bbox 71 3421 1677 3510">
    <p class='ocr_par' dir='ltr' id='par_1_49' title="bbox 71 3421 1677 3510">
     <span class='ocr_line' id='line_1_49' title="bbox 71 3421 1677 3510; baseline 0.017 -38"><span class='ocrx_word' id='word_1_322' title='bbox 71 3421 473 3494; x_wconf 83' lang='grc' dir='ltr'>ομολογήσεως</span> <span class='ocrx_word' id='word_1_323' title='bbox 501 3425 579 3498; x_wconf 83' lang='grc' dir='ltr'>τῷ</span> <span class='ocrx_word' id='word_1_324' title='bbox 598 3427 768 3502; x_wconf 80' lang='grc' dir='ltr'>λῃστῇ</span> <span class='ocrx_word' id='word_1_325' title='bbox 784 3431 860 3502; x_wconf 82' lang='grc' dir='ltr'>τῷ</span> <span class='ocrx_word' id='word_1_326' title='bbox 891 3434 1036 3489; x_wconf 87' lang='grc' dir='ltr'><strong>κατά</strong></span> <span class='ocrx_word' id='word_1_327' title='bbox 1055 3435 1146 3490; x_wconf 83' lang='grc' dir='ltr'>τὸν</span> <span class='ocrx_word' id='word_1_328' title='bbox 1170 3439 1366 3510; x_wconf 84' lang='grc' dir='ltr'>καιρὸν</span> <span class='ocrx_word' id='word_1_329' title='bbox 1392 3441 1486 3495; x_wconf 82' lang='grc' dir='ltr'><strong>τοῦ</strong></span> <span class='ocrx_word' id='word_1_330' title='bbox 1511 3459 1677 3500; x_wconf 88' lang='grc' dir='ltr'>σταυ-</span> 
     </span>
    </p>
   </div>
   <div class='ocr_carea' id='block_1_50' title="bbox 73 3515 867 3590">
    <p class='ocr_par' dir='ltr' id='par_1_50' title="bbox 73 3515 867 3590">
     <span class='ocr_line' id='line_1_50' title="bbox 73 3515 867 3590; baseline 0.013 -23"><span class='ocrx_word' id='word_1_331' title='bbox 73 3515 177 3587; x_wconf 81' lang='grc' dir='ltr'><strong>ροῦ</strong></span> <span class='ocrx_word' id='word_1_332' title='bbox 211 3517 447 3571; x_wconf 81' lang='grc' dir='ltr'>σωθέντι</span> <span class='ocrx_word' id='word_1_333' title='bbox 475 3522 867 3590; x_wconf 87' lang='grc' dir='ltr'>κοινωνήσωσι.</span> 
     </span>
    </p>
   </div>
   <div class='ocr_carea' id='block_1_51' title="bbox 149 3608 1677 3694">
    <p class='ocr_par' dir='ltr' id='par_1_51' title="bbox 149 3608 1677 3694">
     <span class='ocr_line' id='line_1_51' title="bbox 149 3608 1677 3694; baseline 0.014 -32"><span class='ocrx_word' id='word_1_334' title='bbox 149 3608 220 3663; x_wconf 80' lang='grc' dir='ltr'>θ’.</span> <span class='ocrx_word' id='word_1_335' title='bbox 249 3611 580 3682; x_wconf 80' lang='grc' dir='ltr'>Κατηγορία</span> <span class='ocrx_word' id='word_1_336' title='bbox 629 3613 722 3666; x_wconf 88' lang='grc' dir='ltr'><strong>τοῦ</strong></span> <span class='ocrx_word' id='word_1_337' title='bbox 749 3616 1008 3687; x_wconf 75' lang='grc' dir='ltr'>αἰσθητοῦ</span> <span class='ocrx_word' id='word_1_338' title='bbox 1056 3617 1296 3694; x_wconf 75' lang='grc' dir='ltr'>Ἰσραὴλ,</span> <span class='ocrx_word' id='word_1_339' title='bbox 1336 3625 1438 3679; x_wconf 81' lang='grc' dir='ltr'>ὅσα</span> <span class='ocrx_word' id='word_1_340' title='bbox 1469 3627 1552 3692; x_wconf 87' lang='grc' dir='ltr'><strong>εἰς</strong></span> <span class='ocrx_word' id='word_1_341' title='bbox 1585 3629 1677 3684; x_wconf 80' lang='grc' dir='ltr'><strong>τὸν</strong></span> 
     </span>
    </p>
   </div>
   <div class='ocr_carea' id='block_1_52' title="bbox 73 3702 1677 3792">
    <p class='ocr_par' dir='ltr' id='par_1_52' title="bbox 73 3702 1677 3792">
     <span class='ocr_line' id='line_1_52' title="bbox 73 3702 1677 3792; baseline 0.012 -37"><span class='ocrx_word' id='word_1_342' title='bbox 73 3702 326 3792; x_wconf 78' lang='grc' dir='ltr'>Χριστὸν</span> <span class='ocrx_word' id='word_1_343' title='bbox 348 3703 619 3775; x_wconf 80' lang='grc' dir='ltr'>διαφόρως</span> <span class='ocrx_word' id='word_1_344' title='bbox 654 3704 962 3780; x_wconf 77' lang='grc' dir='ltr'>ἐξήμαρτε·</span> <span class='ocrx_word' id='word_1_345' title='bbox 1009 3713 1104 3766; x_wconf 74' lang='grc' dir='ltr'><strong>καὶ</strong></span> <span class='ocrx_word' id='word_1_346' title='bbox 1144 3715 1226 3768; x_wconf 83' lang='grc' dir='ltr'><strong>ὅτι</strong></span> <span class='ocrx_word' id='word_1_347' title='bbox 1263 3717 1677 3792; x_wconf 87' lang='grc' dir='ltr'>παλαιωθείσης</span> 
     </span>
    </p>
   </div>
   <div class='ocr_carea' id='block_1_53' title="bbox 75 3791 1677 3875">
    <p class='ocr_par' dir='ltr' id='par_1_53' title="bbox 75 3791 1677 3875">
     <span class='ocr_line' id='line_1_53' title="bbox 75 3791 1677 3875; baseline 0.012 -32"><span class='ocrx_word' id='word_1_348' title='bbox 75 3791 270 3844; x_wconf 81' lang='grc' dir='ltr'>αὐτῶν</span> <span class='ocrx_word' id='word_1_349' title='bbox 295 3793 395 3858; x_wconf 84' lang='grc' dir='ltr'>τῆς</span> <span class='ocrx_word' id='word_1_350' title='bbox 419 3793 695 3860; x_wconf 82' lang='grc' dir='ltr'>πολιτείας</span> <span class='ocrx_word' id='word_1_351' title='bbox 710 3796 809 3849; x_wconf 78' lang='grc' dir='ltr'><strong>οὐκ</strong></span> <span class='ocrx_word' id='word_1_352' title='bbox 835 3798 1158 3868; x_wconf 75' lang='grc' dir='ltr'>ᾐσθάνοντο,</span> <span class='ocrx_word' id='word_1_353' title='bbox 1181 3803 1464 3875; x_wconf 73' lang='grc' dir='ltr'>ἐζήλωσαν</span> <span class='ocrx_word' id='word_1_354' title='bbox 1486 3807 1544 3862; x_wconf 83' lang='grc' dir='ltr'>δὲ</span> <span class='ocrx_word' id='word_1_355' title='bbox 1568 3791 1677 3862; x_wconf 86' lang='grc' dir='ltr'><strong>τῶν</strong></span> 
     </span>
    </p>
   </div>
   <div class='ocr_carea' id='block_1_54' title="bbox 75 3883 1678 3964">
    <p class='ocr_par' dir='ltr' id='par_1_54' title="bbox 75 3883 1678 3964">
     <span class='ocr_line' id='line_1_54' title="bbox 75 3883 1678 3964; baseline 0.011 -28"><span class='ocrx_word' id='word_1_356' title='bbox 75 3883 259 3947; x_wconf 85' lang='grc' dir='ltr'><strong>ἐθνῶν¹</strong></span> <span class='ocrx_word' id='word_1_357' title='bbox 303 3885 402 3956; x_wconf 80' lang='grc' dir='ltr'>τὴν</span> <span class='ocrx_word' id='word_1_358' title='bbox 432 3885 665 3957; x_wconf 84' lang='grc' dir='ltr'>ἀρχαίαν</span> <span class='ocrx_word' id='word_1_359' title='bbox 698 3888 976 3959; x_wconf 84' lang='grc' dir='ltr'>ἀσέϐειαν,</span> <span class='ocrx_word' id='word_1_360' title='bbox 1032 3893 1147 3947; x_wconf 86' lang='grc' dir='ltr'>ἀνθ’</span> <span class='ocrx_word' id='word_1_361' title='bbox 1172 3888 1248 3950; x_wconf 81' lang='grc' dir='ltr'>ὧν</span> <span class='ocrx_word' id='word_1_362' title='bbox 1273 3898 1459 3964; x_wconf 78' lang='grc' dir='ltr'>αὐτοῖς</span> <span class='ocrx_word' id='word_1_363' title='bbox 1485 3900 1678 3953; x_wconf 87' lang='grc' dir='ltr'>ταπεί-</span> 
     </span>
    </p>
   </div>
   <div class='ocr_carea' id='block_1_55' title="bbox 77 3977 572 4048">
    <p class='ocr_par' dir='ltr' id='par_1_55' title="bbox 77 3977 572 4048">
     <span class='ocr_line' id='line_1_55' title="bbox 77 3977 572 4048; baseline 0.008 -19"><span class='ocrx_word' id='word_1_364' title='bbox 77 3993 252 4030; x_wconf 85' lang='grc' dir='ltr'>νωσιν</span> <span class='ocrx_word' id='word_1_365' title='bbox 282 3977 572 4048; x_wconf 81' lang='grc' dir='ltr'>ἠπείλησε.</span> 
     </span>
    </p>
   </div>
   <div class='ocr_carea' id='block_1_56' title="bbox 157 4069 1677 4152">
    <p class='ocr_par' dir='ltr' id='par_1_56' title="bbox 157 4069 1677 4152">
     <span class='ocr_line' id='line_1_56' title="bbox 157 4069 1677 4152; baseline 0.012 -31"><span class='ocrx_word' id='word_1_366' title='bbox 157 4075 210 4123; x_wconf 86' lang='grc' dir='ltr'>ι’.</span> <span class='ocrx_word' id='word_1_367' title='bbox 254 4069 469 4140; x_wconf 84' lang='grc' dir='ltr'>Θρῆνος</span> <span class='ocrx_word' id='word_1_368' title='bbox 496 4071 592 4124; x_wconf 87' lang='grc' dir='ltr'><strong>τοῦ</strong></span> <span class='ocrx_word' id='word_1_369' title='bbox 624 4071 752 4126; x_wconf 88' lang='grc' dir='ltr'>λαοῦ</span> <span class='ocrx_word' id='word_1_370' title='bbox 783 4074 891 4128; x_wconf 91' lang='grc' dir='ltr'><strong>τῶν</strong></span> <span class='ocrx_word' id='word_1_371' title='bbox 925 4075 1218 4144; x_wconf 82' lang='grc' dir='ltr'>Ἰουδαίων,</span> <span class='ocrx_word' id='word_1_372' title='bbox 1238 4076 1326 4135; x_wconf 79' lang='grc' dir='ltr'><strong>οἷα</strong></span> <span class='ocrx_word' id='word_1_373' title='bbox 1360 4079 1459 4152; x_wconf 78' lang='grc' dir='ltr'><strong>μὲν</strong></span> <span class='ocrx_word' id='word_1_374' title='bbox 1485 4083 1566 4147; x_wconf 83' lang='grc' dir='ltr'><strong>εἰς</strong></span> <span class='ocrx_word' id='word_1_375' title='bbox 1585 4085 1677 4139; x_wconf 82' lang='grc' dir='ltr'><strong>τὸν</strong></span> 
     </span>
    </p>
   </div>
   <div class='ocr_carea' id='block_1_57' title="bbox 77 4156 1672 4243">
    <p class='ocr_par' dir='ltr' id='par_1_57' title="bbox 77 4156 1672 4243">
     <span class='ocr_line' id='line_1_57' title="bbox 77 4156 1672 4243; baseline 0.011 -32"><span class='ocrx_word' id='word_1_376' title='bbox 77 4158 218 4211; x_wconf 81' lang='grc' dir='ltr'>Θεὸν</span> <span class='ocrx_word' id='word_1_377' title='bbox 261 4158 590 4232; x_wconf 79' lang='grc' dir='ltr'>ἐξήμαρτεν,</span> <span class='ocrx_word' id='word_1_378' title='bbox 626 4156 714 4216; x_wconf 73' lang='grc' dir='ltr'><strong>οἷα</strong></span> <span class='ocrx_word' id='word_1_379' title='bbox 759 4162 815 4216; x_wconf 86' lang='grc' dir='ltr'>δὲ</span> <span class='ocrx_word' id='word_1_380' title='bbox 858 4164 987 4237; x_wconf 86' lang='grc' dir='ltr'>παρ’</span> <span class='ocrx_word' id='word_1_381' title='bbox 1010 4167 1181 4221; x_wconf 85' lang='grc' dir='ltr'>αὐτοῦ</span> <span class='ocrx_word' id='word_1_382' title='bbox 1229 4167 1632 4243; x_wconf 80' lang='grc' dir='ltr'>ἐπαιδεύθησαν</span> <span class='ocrx_word' id='word_1_383' title='bbox 1657 4192 1672 4207; x_wconf 93' lang='grc'><strong>·</strong></span> 
     </span>
    </p>
   </div>
   <div class='ocr_carea' id='block_1_58' title="bbox 80 4251 1678 4334">
    <p class='ocr_par' dir='ltr' id='par_1_58' title="bbox 80 4251 1678 4334">
     <span class='ocr_line' id='line_1_58' title="bbox 80 4251 1678 4334; baseline 0.011 -30"><span class='ocrx_word' id='word_1_384' title='bbox 80 4251 182 4304; x_wconf 72' lang='grc' dir='ltr'><strong>καὶ</strong></span> <span class='ocrx_word' id='word_1_385' title='bbox 207 4252 360 4314; x_wconf 84' lang='grc' dir='ltr'>ὅπως</span> <span class='ocrx_word' id='word_1_386' title='bbox 391 4253 478 4308; x_wconf 84' lang='grc' dir='ltr'>διὰ</span> <span class='ocrx_word' id='word_1_387' title='bbox 502 4253 604 4326; x_wconf 82' lang='grc' dir='ltr'><strong>τὴν</strong></span> <span class='ocrx_word' id='word_1_388' title='bbox 630 4253 842 4328; x_wconf 87' lang='grc' dir='ltr'>πλάνην</span> <span class='ocrx_word' id='word_1_389' title='bbox 873 4257 979 4311; x_wconf 86' lang='grc' dir='ltr'><strong>τῶν</strong></span> <span class='ocrx_word' id='word_1_390' title='bbox 1006 4258 1240 4315; x_wconf 85' lang='grc' dir='ltr'>εἰδώλων</span> <span class='ocrx_word' id='word_1_391' title='bbox 1269 4262 1542 4334; x_wconf 89' lang='grc' dir='ltr'>ἀπόληται</span> <span class='ocrx_word' id='word_1_392' title='bbox 1581 4266 1678 4320; x_wconf 87' lang='grc' dir='ltr'><strong>αὑ-</strong></span> 
     </span>
    </p>
   </div>
   <div class='ocr_carea' id='block_1_59' title="bbox 77 4341 1675 4425">
    <p class='ocr_par' dir='ltr' id='par_1_59' title="bbox 77 4341 1675 4425">
     <span class='ocr_line' id='line_1_59' title="bbox 77 4341 1675 4425; baseline 0.009 -31"><span class='ocrx_word' id='word_1_393' title='bbox 77 4341 193 4395; x_wconf 76' lang='grc' dir='ltr'><strong>τῶν</strong></span> <span class='ocrx_word' id='word_1_394' title='bbox 226 4342 256 4395; x_wconf 85' lang='grc' dir='ltr'><strong>δ</strong></span> <span class='ocrx_word' id='word_1_395' title='bbox 280 4342 404 4406; x_wconf 78' lang='grc' dir='ltr'>ναὸς</span> <span class='ocrx_word' id='word_1_396' title='bbox 451 4344 543 4397; x_wconf 77' lang='grc' dir='ltr'><strong>καὶ</strong></span> <span class='ocrx_word' id='word_1_397' title='bbox 588 4345 623 4416; x_wconf 85' lang='grc' dir='ltr'><strong>ή</strong></span> <span class='ocrx_word' id='word_1_398' title='bbox 665 4343 848 4417; x_wconf 85' lang='grc' dir='ltr'>χώρα·</span> <span class='ocrx_word' id='word_1_399' title='bbox 877 4346 970 4400; x_wconf 72' lang='grc' dir='ltr'><strong>καὶ</strong></span> <span class='ocrx_word' id='word_1_400' title='bbox 1014 4346 1158 4419; x_wconf 72' lang='grc' dir='ltr'>άπερ</span> <span class='ocrx_word' id='word_1_401' title='bbox 1184 4347 1376 4405; x_wconf 77' lang='grc' dir='ltr'>ἔλαϐον</span> <span class='ocrx_word' id='word_1_402' title='bbox 1408 4353 1558 4425; x_wconf 87' lang='grc' dir='ltr'><strong>παρά</strong></span> <span class='ocrx_word' id='word_1_403' title='bbox 1580 4355 1675 4408; x_wconf 90' lang='grc' dir='ltr'><strong>τοῦ</strong></span> 
     </span>
    </p>
   </div>
   <div class='ocr_carea' id='block_1_60' title="bbox 81 4433 479 4507">
    <p class='ocr_par' dir='ltr' id='par_1_60' title="bbox 81 4433 479 4507">
     <span class='ocr_line' id='line_1_60' title="bbox 81 4433 479 4507; baseline 0.013 -21"><span class='ocrx_word' id='word_1_404' title='bbox 81 4433 221 4487; x_wconf 87' lang='grc' dir='ltr'>Θεοῦ</span> <span class='ocrx_word' id='word_1_405' title='bbox 249 4435 479 4507; x_wconf 80' lang='grc' dir='ltr'>νόμιμα.</span> 
     </span>
    </p>
   </div>
   <div class='ocr_carea' id='block_1_61' title="bbox 158 4549 1669 4631">
    <p class='ocr_par' dir='ltr' id='par_1_61' title="bbox 158 4549 1669 4631">
     <span class='ocr_line' id='line_1_61' title="bbox 158 4549 1669 4631; baseline 0.01 -32"><span class='ocrx_word' id='word_1_406' title='bbox 158 4554 251 4600; x_wconf 83' lang='grc' dir='ltr'>ια’.</span> <span class='ocrx_word' id='word_1_407' title='bbox 290 4549 624 4617; x_wconf 84' lang='grc' dir='ltr'>Ἀπόγνωσις</span> <span class='ocrx_word' id='word_1_408' title='bbox 653 4551 751 4622; x_wconf 80' lang='grc' dir='ltr'>τῆς</span> <span class='ocrx_word' id='word_1_409' title='bbox 783 4553 1080 4625; x_wconf 84' lang='grc' dir='ltr'>Ἰουδαϊκῆς</span> <span class='ocrx_word' id='word_1_410' title='bbox 1110 4557 1306 4627; x_wconf 81' lang='grc' dir='ltr'>χαρᾶς,</span> <span class='ocrx_word' id='word_1_411' title='bbox 1335 4557 1452 4612; x_wconf 82' lang='grc' dir='ltr'>ἀνθ’</span> <span class='ocrx_word' id='word_1_412' title='bbox 1479 4552 1554 4613; x_wconf 82' lang='grc' dir='ltr'>ὧν</span> <span class='ocrx_word' id='word_1_413' title='bbox 1578 4577 1669 4631; x_wconf 89' lang='grc' dir='ltr'>μι-</span> 
     </span>
    </p>
   </div>
   <div class='ocr_carea' id='block_1_62' title="bbox 86 4640 1667 4715">
    <p class='ocr_par' dir='ltr' id='par_1_62' title="bbox 86 4640 1667 4715">
     <span class='ocr_line' id='line_1_62' title="bbox 86 4640 1667 4715; baseline 0.009 -25"><span class='ocrx_word' id='word_1_414' title='bbox 86 4640 399 4710; x_wconf 81' lang='grc' dir='ltr'>μησάμενοι</span> <span class='ocrx_word' id='word_1_415' title='bbox 425 4641 534 4694; x_wconf 89' lang='grc' dir='ltr'><strong>τῶν</strong></span> <span class='ocrx_word' id='word_1_416' title='bbox 563 4643 732 4696; x_wconf 89' lang='grc' dir='ltr'>ἐθνῶν</span> <span class='ocrx_word' id='word_1_417' title='bbox 766 4645 865 4715; x_wconf 82' lang='grc' dir='ltr'><strong>τὴν</strong></span> <span class='ocrx_word' id='word_1_418' title='bbox 905 4646 1181 4715; x_wconf 87' lang='grc' dir='ltr'>ἀσέϐειαν,</span> <span class='ocrx_word' id='word_1_419' title='bbox 1209 4647 1310 4712; x_wconf 83' lang='grc' dir='ltr'>τὰς</span> <span class='ocrx_word' id='word_1_420' title='bbox 1353 4648 1545 4714; x_wconf 87' lang='grc' dir='ltr'>θυσίας</span> <span class='ocrx_word' id='word_1_421' title='bbox 1573 4654 1667 4705; x_wconf 88' lang='grc' dir='ltr'><strong>τοῦ</strong></span> 
     </span>
    </p>
   </div>
   <div class='ocr_carea' id='block_1_63' title="bbox 81 4729 1668 4812">
    <p class='ocr_par' dir='ltr' id='par_1_63' title="bbox 81 4729 1668 4812">
     <span class='ocr_line' id='line_1_63' title="bbox 81 4729 1668 4812; baseline 0.009 -29"><span class='ocrx_word' id='word_1_422' title='bbox 81 4729 226 4784; x_wconf 85' lang='grc' dir='ltr'>Θεοῦ</span> <span class='ocrx_word' id='word_1_423' title='bbox 256 4731 350 4786; x_wconf 79' lang='grc' dir='ltr'>καὶ</span> <span class='ocrx_word' id='word_1_424' title='bbox 375 4734 471 4796; x_wconf 85' lang='grc' dir='ltr'>τὰς</span> <span class='ocrx_word' id='word_1_425' title='bbox 497 4733 730 4796; x_wconf 82' lang='grc' dir='ltr'>σπονδὰς</span> <span class='ocrx_word' id='word_1_426' title='bbox 753 4735 1038 4804; x_wconf 87' lang='grc' dir='ltr'>ἐμόλυναν,</span> <span class='ocrx_word' id='word_1_427' title='bbox 1063 4737 1158 4793; x_wconf 79' lang='grc' dir='ltr'>καὶ</span> <span class='ocrx_word' id='word_1_428' title='bbox 1182 4738 1283 4812; x_wconf 82' lang='grc' dir='ltr'><strong>τὴν</strong></span> <span class='ocrx_word' id='word_1_429' title='bbox 1301 4739 1414 4795; x_wconf 90' lang='grc' dir='ltr'><strong>τῶν</strong></span> <span class='ocrx_word' id='word_1_430' title='bbox 1432 4739 1668 4798; x_wconf 87' lang='grc' dir='ltr'>εἰδώλων</span> 
     </span>
    </p>
   </div>
   <div class='ocr_carea' id='block_1_64' title="bbox 87 4825 1032 4900">
    <p class='ocr_par' dir='ltr' id='par_1_64' title="bbox 87 4825 1032 4900">
     <span class='ocr_line' id='line_1_64' title="bbox 87 4825 1032 4900; baseline 0.006 -22"><span class='ocrx_word' id='word_1_431' title='bbox 87 4826 301 4897; x_wconf 84' lang='grc' dir='ltr'>πλάνην</span> <span class='ocrx_word' id='word_1_432' title='bbox 329 4826 409 4890; x_wconf 87' lang='grc' dir='ltr'><strong>εἰς</strong></span> <span class='ocrx_word' id='word_1_433' title='bbox 438 4825 529 4880; x_wconf 81' lang='grc' dir='ltr'><strong>τὸν</strong></span> <span class='ocrx_word' id='word_1_434' title='bbox 561 4825 688 4881; x_wconf 84' lang='grc' dir='ltr'>ναὸν</span> <span class='ocrx_word' id='word_1_435' title='bbox 718 4828 1032 4900; x_wconf 85' lang='grc' dir='ltr'>εἰσήγαγον.</span> 
     </span>
    </p>
   </div>
   <div class='ocr_carea' id='block_1_65' title="bbox 157 4937 1668 5015">
    <p class='ocr_par' dir='ltr' id='par_1_65' title="bbox 157 4937 1668 5015">
     <span class='ocr_line' id='line_1_65' title="bbox 157 4937 1668 5015; baseline 0.009 -27"><span class='ocrx_word' id='word_1_436' title='bbox 157 4937 246 5006; x_wconf 77' lang='grc' dir='ltr'>ιβ’.</span> <span class='ocrx_word' id='word_1_437' title='bbox 271 4937 460 5002; x_wconf 87' lang='grc' dir='ltr'>Ὅπως</span> <span class='ocrx_word' id='word_1_438' title='bbox 477 4937 570 4992; x_wconf 73' lang='grc' dir='ltr'>τὸν</span> <span class='ocrx_word' id='word_1_439' title='bbox 603 4939 820 5012; x_wconf 84' lang='grc' dir='ltr'>Ἰσραὴλ</span> <span class='ocrx_word' id='word_1_440' title='bbox 848 4940 1146 5014; x_wconf 87' lang='grc' dir='ltr'>ἀγαπητῶς</span> <span class='ocrx_word' id='word_1_441' title='bbox 1168 4943 1343 5009; x_wconf 84' lang='grc' dir='ltr'>όΘεὸς</span> <span class='ocrx_word' id='word_1_442' title='bbox 1367 4946 1668 5015; x_wconf 77' lang='grc' dir='ltr'>ἐξελέξατο,</span> 
     </span>
    </p>
   </div>
   <div class='ocr_carea' id='block_1_66' title="bbox 88 5026 1668 5107">
    <p class='ocr_par' dir='ltr' id='par_1_66' title="bbox 88 5026 1668 5107">
     <span class='ocr_line' id='line_1_66' title="bbox 88 5026 1668 5107; baseline 0.008 -30"><span class='ocrx_word' id='word_1_443' title='bbox 88 5026 243 5078; x_wconf 76' lang='grc' dir='ltr'>αὐτοὶ</span> <span class='ocrx_word' id='word_1_444' title='bbox 266 5026 323 5079; x_wconf 87' lang='grc' dir='ltr'><strong>δέ</strong></span> <span class='ocrx_word' id='word_1_445' title='bbox 342 5026 584 5092; x_wconf 86' lang='grc' dir='ltr'>εἰδώλοις</span> <span class='ocrx_word' id='word_1_446' title='bbox 611 5028 1012 5102; x_wconf 83' lang='grc' dir='ltr'>προσέδραμον,</span> <span class='ocrx_word' id='word_1_447' title='bbox 1040 5031 1245 5086; x_wconf 74' lang='grc' dir='ltr'>καὶτοῦ</span> <span class='ocrx_word' id='word_1_448' title='bbox 1267 5034 1402 5088; x_wconf 88' lang='grc' dir='ltr'>Θεοῦ</span> <span class='ocrx_word' id='word_1_449' title='bbox 1426 5034 1524 5107; x_wconf 76' lang='grc' dir='ltr'>τῆς</span> <span class='ocrx_word' id='word_1_450' title='bbox 1547 5037 1668 5090; x_wconf 89' lang='grc' dir='ltr'>δου-</span> 
     </span>
    </p>
   </div>
   <div class='ocr_carea' id='block_1_67' title="bbox 87 5114 1672 5200">
    <p class='ocr_par' dir='ltr' id='par_1_67' title="bbox 87 5114 1672 5200">
     <span class='ocr_line' id='line_1_67' title="bbox 87 5114 1672 5200; baseline 0.009 -34"><span class='ocrx_word' id='word_1_451' title='bbox 87 5114 238 5178; x_wconf 84' lang='grc' dir='ltr'>λείας</span> <span class='ocrx_word' id='word_1_452' title='bbox 263 5116 601 5187; x_wconf 88' lang='grc' dir='ltr'>ἀπέστησαν,</span> <span class='ocrx_word' id='word_1_453' title='bbox 633 5121 728 5172; x_wconf 77' lang='grc' dir='ltr'><strong>καὶ</strong></span> <span class='ocrx_word' id='word_1_454' title='bbox 748 5121 868 5175; x_wconf 80' lang='grc' dir='ltr'>οὐδὲ</span> <span class='ocrx_word' id='word_1_455' title='bbox 889 5121 947 5186; x_wconf 86' lang='grc' dir='ltr'><strong>ἐξ</strong></span> <span class='ocrx_word' id='word_1_456' title='bbox 970 5123 1151 5178; x_wconf 83' lang='grc' dir='ltr'>αὐτῶν</span> <span class='ocrx_word' id='word_1_457' title='bbox 1177 5124 1270 5179; x_wconf 84' lang='grc' dir='ltr'><strong>τὸν</strong></span> <span class='ocrx_word' id='word_1_458' title='bbox 1285 5125 1520 5197; x_wconf 85' lang='grc' dir='ltr'>Χριστὸν</span> <span class='ocrx_word' id='word_1_459' title='bbox 1545 5145 1672 5200; x_wconf 81' lang='grc' dir='ltr'>σαρ-</span> 
     </span>
    </p>
   </div>
   <div class='ocr_carea' id='block_1_68' title="bbox 92 5206 1668 5290">
    <p class='ocr_par' dir='ltr' id='par_1_68' title="bbox 92 5206 1668 5290">
     <span class='ocr_line' id='line_1_68' title="bbox 92 5206 1668 5290; baseline 0.009 -31"><span class='ocrx_word' id='word_1_460' title='bbox 92 5206 334 5265; x_wconf 84' lang='grc' dir='ltr'>κωθέντα</span> <span class='ocrx_word' id='word_1_461' title='bbox 363 5209 698 5282; x_wconf 77' lang='grc' dir='ltr'>ᾐδέσθησαν·</span> <span class='ocrx_word' id='word_1_462' title='bbox 729 5213 852 5266; x_wconf 80' lang='grc' dir='ltr'>ὅθεν</span> <span class='ocrx_word' id='word_1_463' title='bbox 884 5213 1068 5279; x_wconf 79' lang='grc' dir='ltr'>αὐτοῖς</span> <span class='ocrx_word' id='word_1_464' title='bbox 1099 5215 1212 5286; x_wconf 82' lang='grc' dir='ltr'><strong>ἀρά</strong></span> <span class='ocrx_word' id='word_1_465' title='bbox 1239 5216 1544 5290; x_wconf 82' lang='grc' dir='ltr'>ἀκαρπίας,</span> <span class='ocrx_word' id='word_1_466' title='bbox 1573 5221 1668 5274; x_wconf 74' lang='grc' dir='ltr'>καὶ</span> 
     </span>
    </p>
   </div>
   <div class='ocr_carea' id='block_1_69' title="bbox 89 5299 1206 5378">
    <p class='ocr_par' dir='ltr' id='par_1_69' title="bbox 89 5299 1206 5378">
     <span class='ocr_line' id='line_1_69' title="bbox 89 5299 1206 5378; baseline 0.011 -26"><span class='ocrx_word' id='word_1_467' title='bbox 89 5299 189 5371; x_wconf 84' lang='grc' dir='ltr'><strong>τῆς</strong></span> <span class='ocrx_word' id='word_1_468' title='bbox 217 5300 295 5366; x_wconf 84' lang='grc' dir='ltr'><strong>εἰς</strong></span> <span class='ocrx_word' id='word_1_469' title='bbox 324 5301 395 5356; x_wconf 86' lang='grc' dir='ltr'><strong>τά</strong></span> <span class='ocrx_word' id='word_1_470' title='bbox 426 5301 555 5375; x_wconf 82' lang='grc' dir='ltr'>ἔθνη</span> <span class='ocrx_word' id='word_1_471' title='bbox 583 5304 882 5378; x_wconf 60' lang='grc' dir='ltr'>διασπορᾶς</span> <span class='ocrx_word' id='word_1_472' title='bbox 915 5307 1206 5377; x_wconf 86' lang='grc' dir='ltr'>ἐπάγεται.</span> 
     </span>
    </p>
   </div>
   <div class='ocr_carea' id='block_1_70' title="bbox 1788 1914 3369 1990">
    <p class='ocr_par' dir='ltr' id='par_1_70' title="bbox 1788 1914 3369 1990">
     <span class='ocr_line' id='line_1_70' title="bbox 1788 1914 3369 1990; baseline 0.01 -23"><span class='ocrx_word' id='word_1_473' title='bbox 1788 1914 1949 1969; x_wconf 90' lang='lat' dir='ltr'><strong>modo</strong></span> <span class='ocrx_word' id='word_1_474' title='bbox 1981 1929 2141 1970; x_wconf 87' lang='lat' dir='ltr'><strong>suum</strong></span> <span class='ocrx_word' id='word_1_475' title='bbox 2191 1915 2267 1970; x_wconf 85' lang='lat' dir='ltr'><strong>illi</strong></span> <span class='ocrx_word' id='word_1_476' title='bbox 2295 1918 2578 1987; x_wconf 85' lang='lat' dir='ltr'><strong>antiquum</strong></span> <span class='ocrx_word' id='word_1_477' title='bbox 2621 1919 2864 1990; x_wconf 80' lang='lat' dir='ltr'><strong>regimen</strong></span> <span class='ocrx_word' id='word_1_478' title='bbox 2902 1924 3125 1978; x_wconf 87' lang='lat' dir='ltr'><strong>omnino</strong></span> <span class='ocrx_word' id='word_1_479' title='bbox 3157 1925 3369 1982; x_wconf 88' lang='lat' dir='ltr'><strong>irritum</strong></span> 
     </span>
    </p>
   </div>
   <div class='ocr_carea' id='block_1_71' title="bbox 1785 2007 3310 2082">
    <p class='ocr_par' dir='ltr' id='par_1_71' title="bbox 1785 2007 3310 2082">
     <span class='ocr_line' id='line_1_71' title="bbox 1785 2007 3310 2082; baseline 0.008 -21"><span class='ocrx_word' id='word_1_480' title='bbox 1785 2007 1918 2073; x_wconf 85' lang='lat' dir='ltr'><strong>ﬁet;</strong></span> <span class='ocrx_word' id='word_1_481' title='bbox 1955 2007 2072 2078; x_wconf 84' lang='lat' dir='ltr'><strong>ipsa</strong></span> <span class='ocrx_word' id='word_1_482' title='bbox 2104 2022 2234 2064; x_wconf 84' lang='lat' dir='ltr'><strong>vero</strong></span> <span class='ocrx_word' id='word_1_483' title='bbox 2272 2023 2330 2064; x_wconf 86' lang='lat' dir='ltr'><strong>se</strong></span> <span class='ocrx_word' id='word_1_484' title='bbox 2361 2019 2643 2066; x_wconf 82' lang='lat' dir='ltr'><strong>convertet</strong></span> <span class='ocrx_word' id='word_1_485' title='bbox 2671 2020 2858 2082; x_wconf 87' lang='lat' dir='ltr'><strong>postea</strong></span> <span class='ocrx_word' id='word_1_486' title='bbox 2897 2015 2964 2069; x_wconf 85' lang='lat' dir='ltr'><strong>ad</strong></span> <span class='ocrx_word' id='word_1_487' title='bbox 3004 2016 3310 2073; x_wconf 83' lang='lat' dir='ltr'><strong>Christum.</strong></span> 
     </span>
    </p>
   </div>
   <div class='ocr_carea' id='block_1_72' title="bbox 1855 2184 3368 2274">
    <p class='ocr_par' dir='ltr' id='par_1_72' title="bbox 1855 2184 3368 2274">
     <span class='ocr_line' id='line_1_72' title="bbox 1855 2184 3368 2274; baseline 0.009 -28"><span class='ocrx_word' id='word_1_488' title='bbox 1855 2191 1920 2248; x_wconf 82' lang='lat' dir='ltr'><strong>V.</strong></span> <span class='ocrx_word' id='word_1_489' title='bbox 1963 2184 2218 2250; x_wconf 77' lang='lat' dir='ltr'><strong>Narratio</strong></span> <span class='ocrx_word' id='word_1_490' title='bbox 2248 2210 2441 2251; x_wconf 90' lang='lat' dir='ltr'><strong>eorum</strong></span> <span class='ocrx_word' id='word_1_491' title='bbox 2470 2197 2526 2252; x_wconf 87' lang='lat' dir='ltr'><strong>in</strong></span> <span class='ocrx_word' id='word_1_492' title='bbox 2557 2198 2760 2267; x_wconf 85' lang='lat' dir='ltr'><strong>quibus</strong></span> <span class='ocrx_word' id='word_1_493' title='bbox 2781 2199 3098 2256; x_wconf 83' lang='lat' dir='ltr'><strong>Judaeorum</strong></span> <span class='ocrx_word' id='word_1_494' title='bbox 3131 2207 3368 2274; x_wconf 86' lang='lat' dir='ltr'><strong>populus</strong></span> 
     </span>
    </p>
   </div>
   <div class='ocr_carea' id='block_1_73' title="bbox 1783 2285 3268 2361">
    <p class='ocr_par' dir='ltr' id='par_1_73' title="bbox 1783 2285 3268 2361">
     <span class='ocr_line' id='line_1_73' title="bbox 1783 2285 3268 2361; baseline 0.007 -22"><span class='ocrx_word' id='word_1_495' title='bbox 1783 2293 1840 2339; x_wconf 91' lang='lat' dir='ltr'><strong>et</strong></span> <span class='ocrx_word' id='word_1_496' title='bbox 1865 2285 1984 2355; x_wconf 88' lang='lat' dir='ltr'><strong>ejus</strong></span> <span class='ocrx_word' id='word_1_497' title='bbox 2011 2286 2323 2342; x_wconf 82' lang='lat' dir='ltr'><strong>sacerdotes</strong></span> <span class='ocrx_word' id='word_1_498' title='bbox 2358 2287 2524 2358; x_wconf 90' lang='lat' dir='ltr'><strong>impie</strong></span> <span class='ocrx_word' id='word_1_499' title='bbox 2545 2297 2775 2360; x_wconf 71' lang='lat' dir='ltr'><strong>egerunt</strong></span> <span class='ocrx_word' id='word_1_500' title='bbox 2800 2301 2856 2346; x_wconf 90' lang='lat' dir='ltr'><strong>et</strong></span> <span class='ocrx_word' id='word_1_501' title='bbox 2883 2304 3268 2361; x_wconf 87' lang='lat' dir='ltr'><strong>peccaverunt.</strong></span> 
     </span>
    </p>
   </div>
   <div class='ocr_carea' id='block_1_74' title="bbox 1855 2376 3368 2456">
    <p class='ocr_par' dir='ltr' id='par_1_74' title="bbox 1855 2376 3368 2456">
     <span class='ocr_line' id='line_1_74' title="bbox 1855 2376 3368 2456; baseline 0.007 -25"><span class='ocrx_word' id='word_1_502' title='bbox 1855 2376 1942 2432; x_wconf 74' lang='lat' dir='ltr'><strong>Vl.</strong></span> <span class='ocrx_word' id='word_1_503' title='bbox 1995 2379 2288 2434; x_wconf 81' lang='lat' dir='ltr'><strong>Accusatio</strong></span> <span class='ocrx_word' id='word_1_504' title='bbox 2328 2379 2644 2434; x_wconf 79' lang='lat' dir='ltr'><strong>Judaeorum</strong></span> <span class='ocrx_word' id='word_1_505' title='bbox 2700 2381 3011 2452; x_wconf 86' lang='lat' dir='ltr'><strong>principum</strong></span> <span class='ocrx_word' id='word_1_506' title='bbox 3035 2425 3050 2449; x_wconf 96' lang='lat'><strong>,</strong></span> <span class='ocrx_word' id='word_1_507' title='bbox 3087 2387 3232 2453; x_wconf 79' lang='lat' dir='ltr'><strong>quod</strong></span> <span class='ocrx_word' id='word_1_508' title='bbox 3273 2403 3368 2456; x_wconf 84' lang='lat' dir='ltr'><strong>per</strong></span> 
     </span>
    </p>
   </div>
   <div class='ocr_carea' id='block_1_75' title="bbox 1783 2471 3368 2547">
    <p class='ocr_par' dir='ltr' id='par_1_75' title="bbox 1783 2471 3368 2547">
     <span class='ocr_line' id='line_1_75' title="bbox 1783 2471 3368 2547; baseline 0.005 -23"><span class='ocrx_word' id='word_1_509' title='bbox 1783 2485 1974 2525; x_wconf 91' lang='lat' dir='ltr'><strong>eorum</strong></span> <span class='ocrx_word' id='word_1_510' title='bbox 2017 2472 2233 2541; x_wconf 79' lang='lat' dir='ltr'><strong>culpam</strong></span> <span class='ocrx_word' id='word_1_511' title='bbox 2260 2471 2496 2542; x_wconf 86' lang='lat' dir='ltr'><strong>populus</strong></span> <span class='ocrx_word' id='word_1_512' title='bbox 2525 2475 2806 2541; x_wconf 86' lang='lat' dir='ltr'><strong>peccavit,</strong></span> <span class='ocrx_word' id='word_1_513' title='bbox 2843 2489 2948 2529; x_wconf 85' lang='lat' dir='ltr'><strong>nec</strong></span> <span class='ocrx_word' id='word_1_514' title='bbox 2977 2476 3214 2546; x_wconf 82' lang='lat' dir='ltr'><strong>ingenue</strong></span> <span class='ocrx_word' id='word_1_515' title='bbox 3245 2479 3368 2547; x_wconf 87' lang='lat' dir='ltr'><strong>qui-</strong></span> 
     </span>
    </p>
   </div>
   <div class='ocr_carea' id='block_1_76' title="bbox 1783 2563 3365 2641">
    <p class='ocr_par' dir='ltr' id='par_1_76' title="bbox 1783 2563 3365 2641">
     <span class='ocr_line' id='line_1_76' title="bbox 1783 2563 3365 2641; baseline 0.005 -25"><span class='ocrx_word' id='word_1_516' title='bbox 1783 2563 1904 2617; x_wconf 89' lang='lat' dir='ltr'><strong>dem</strong></span> <span class='ocrx_word' id='word_1_517' title='bbox 1940 2564 2006 2619; x_wconf 86' lang='lat' dir='ltr'><strong>ad</strong></span> <span class='ocrx_word' id='word_1_518' title='bbox 2045 2565 2215 2618; x_wconf 87' lang='lat' dir='ltr'><strong>Deum</strong></span> <span class='ocrx_word' id='word_1_519' title='bbox 2281 2580 2342 2619; x_wconf 88' lang='lat' dir='ltr'><strong>se</strong></span> <span class='ocrx_word' id='word_1_520' title='bbox 2372 2566 2665 2632; x_wconf 82' lang='lat' dir='ltr'><strong>convertit;</strong></span> <span class='ocrx_word' id='word_1_521' title='bbox 2697 2566 2796 2622; x_wconf 90' lang='lat' dir='ltr'><strong>sed</strong></span> <span class='ocrx_word' id='word_1_522' title='bbox 2827 2581 2954 2621; x_wconf 87' lang='lat' dir='ltr'><strong>eum</strong></span> <span class='ocrx_word' id='word_1_523' title='bbox 3012 2583 3138 2622; x_wconf 89' lang='lat' dir='ltr'><strong>cum</strong></span> <span class='ocrx_word' id='word_1_524' title='bbox 3191 2569 3365 2641; x_wconf 79' lang='lat' dir='ltr'><strong>illegi-</strong></span> 
     </span>
    </p>
   </div>
   <div class='ocr_carea' id='block_1_77' title="bbox 1786 2653 3292 2728">
    <p class='ocr_par' dir='ltr' id='par_1_77' title="bbox 1786 2653 3292 2728">
     <span class='ocr_line' id='line_1_77' title="bbox 1786 2653 3292 2728; baseline 0.007 -20"><span class='ocrx_word' id='word_1_525' title='bbox 1786 2653 1931 2711; x_wconf 88' lang='lat' dir='ltr'><strong>timis</strong></span> <span class='ocrx_word' id='word_1_526' title='bbox 1976 2656 2213 2713; x_wconf 78' lang='lat' dir='ltr'><strong>victimis</strong></span> <span class='ocrx_word' id='word_1_527' title='bbox 2262 2657 2462 2727; x_wconf 79' lang='lat' dir='ltr'><strong>quaerit</strong></span> <span class='ocrx_word' id='word_1_528' title='bbox 2514 2665 2572 2714; x_wconf 93' lang='lat' dir='ltr'><strong>ct</strong></span> <span class='ocrx_word' id='word_1_529' title='bbox 2597 2666 2885 2728; x_wconf 88' lang='lat' dir='ltr'><strong>propterea</strong></span> <span class='ocrx_word' id='word_1_530' title='bbox 2919 2673 3030 2714; x_wconf 88' lang='lat' dir='ltr'><strong>non</strong></span> <span class='ocrx_word' id='word_1_531' title='bbox 3061 2659 3292 2717; x_wconf 84' lang='lat' dir='ltr'><strong>invenit.</strong></span> 
     </span>
    </p>
   </div>
   <div class='ocr_carea' id='block_1_78' title="bbox 1851 2769 3364 2845">
    <p class='ocr_par' dir='ltr' id='par_1_78' title="bbox 1851 2769 3364 2845">
     <span class='ocr_line' id='line_1_78' title="bbox 1851 2769 3364 2845; baseline 0.005 -19"><span class='ocrx_word' id='word_1_532' title='bbox 1851 2769 1964 2826; x_wconf 84' lang='lat' dir='ltr'><strong>Vll.</strong></span> <span class='ocrx_word' id='word_1_533' title='bbox 2003 2769 2186 2828; x_wconf 83' lang='lat' dir='ltr'><strong>Jussio</strong></span> <span class='ocrx_word' id='word_1_534' title='bbox 2210 2781 2272 2828; x_wconf 91' lang='lat' dir='ltr'><strong>ut</strong></span> <span class='ocrx_word' id='word_1_535' title='bbox 2326 2773 2684 2828; x_wconf 89' lang='lat' dir='ltr'><strong>denuntietur</strong></span> <span class='ocrx_word' id='word_1_536' title='bbox 2720 2788 2840 2843; x_wconf 80' lang='lat' dir='ltr'><strong>quae</strong></span> <span class='ocrx_word' id='word_1_537' title='bbox 2871 2775 3105 2845; x_wconf 91' lang='lat' dir='ltr'><strong>populus</strong></span> <span class='ocrx_word' id='word_1_538' title='bbox 3145 2773 3364 2833; x_wconf 79' lang='lat' dir='ltr'><strong>Judaeo-</strong></span> 
     </span>
    </p>
   </div>
   <div class='ocr_carea' id='block_1_79' title="bbox 1783 2864 3364 2939">
    <p class='ocr_par' dir='ltr' id='par_1_79' title="bbox 1783 2864 3364 2939">
     <span class='ocr_line' id='line_1_79' title="bbox 1783 2864 3364 2939; baseline 0.002 -22"><span class='ocrx_word' id='word_1_539' title='bbox 1783 2878 1902 2917; x_wconf 91' lang='lat' dir='ltr'><strong>rum</strong></span> <span class='ocrx_word' id='word_1_540' title='bbox 1949 2864 2296 2934; x_wconf 87' lang='lat' dir='ltr'><strong>peccaverit;</strong></span> <span class='ocrx_word' id='word_1_541' title='bbox 2327 2880 2450 2935; x_wconf 82' lang='lat' dir='ltr'><strong>quae</strong></span> <span class='ocrx_word' id='word_1_542' title='bbox 2507 2874 2691 2922; x_wconf 91' lang='lat' dir='ltr'><strong>autem</strong></span> <span class='ocrx_word' id='word_1_543' title='bbox 2746 2868 3008 2922; x_wconf 81' lang='lat' dir='ltr'><strong>Christus</strong></span> <span class='ocrx_word' id='word_1_544' title='bbox 3051 2883 3150 2939; x_wconf 90' lang='lat' dir='ltr'><strong>per</strong></span> <span class='ocrx_word' id='word_1_545' title='bbox 3183 2883 3364 2923; x_wconf 87' lang='lat' dir='ltr'><strong>resur-</strong></span> 
     </span>
    </p>
   </div>
   <div class='ocr_carea' id='block_1_80' title="bbox 1780 2955 3114 3032">
    <p class='ocr_par' dir='ltr' id='par_1_80' title="bbox 1780 2955 3114 3032">
     <span class='ocr_line' id='line_1_80' title="bbox 1780 2955 3114 3032; baseline 0.001 -20"><span class='ocrx_word' id='word_1_546' title='bbox 1780 2955 2043 3013; x_wconf 85' lang='lat' dir='ltr'><strong>rectionis</strong></span> <span class='ocrx_word' id='word_1_547' title='bbox 2075 2966 2131 3012; x_wconf 90' lang='lat' dir='ltr'><strong>et</strong></span> <span class='ocrx_word' id='word_1_548' title='bbox 2157 2959 2492 3015; x_wconf 87' lang='lat' dir='ltr'><strong>ascensionis</strong></span> <span class='ocrx_word' id='word_1_549' title='bbox 2507 2959 2826 3032; x_wconf 88' lang='lat' dir='ltr'><strong>mysterium</strong></span> <span class='ocrx_word' id='word_1_550' title='bbox 2849 2957 3114 3015; x_wconf 79' lang='lat' dir='ltr'><strong>eﬂ‘ecerit.</strong></span> 
     </span>
    </p>
   </div>
   <div class='ocr_carea' id='block_1_81' title="bbox 1851 3160 3362 3224">
    <p class='ocr_par' dir='ltr' id='par_1_81' title="bbox 1851 3160 3362 3224">
     <span class='ocr_line' id='line_1_81' title="bbox 1851 3160 3362 3224; baseline 0.005 -8"><span class='ocrx_word' id='word_1_551' title='bbox 1851 3160 1992 3218; x_wconf 80' lang='lat' dir='ltr'><strong>Vlll.</strong></span> <span class='ocrx_word' id='word_1_552' title='bbox 2035 3163 2447 3222; x_wconf 87' lang='lat' dir='ltr'><strong>Demonstratio</strong></span> <span class='ocrx_word' id='word_1_553' title='bbox 2516 3165 2687 3222; x_wconf 83' lang='lat' dir='ltr'><strong>divini</strong></span> <span class='ocrx_word' id='word_1_554' title='bbox 2727 3167 2784 3221; x_wconf 85' lang='lat' dir='ltr'><strong>in</strong></span> <span class='ocrx_word' id='word_1_555' title='bbox 2850 3166 3103 3224; x_wconf 83' lang='lat' dir='ltr'><strong>homines</strong></span> <span class='ocrx_word' id='word_1_556' title='bbox 3159 3170 3362 3224; x_wconf 87' lang='lat' dir='ltr'><strong>amoris</strong></span> 
     </span>
    </p>
   </div>
   <div class='ocr_carea' id='block_1_82' title="bbox 1779 3251 3359 3344">
    <p class='ocr_par' dir='ltr' id='par_1_82' title="bbox 1779 3251 3359 3344">
     <span class='ocr_line' id='line_1_82' title="bbox 1779 3251 3359 3344; baseline 0.006 -38"><span class='ocrx_word' id='word_1_557' title='bbox 1779 3251 2201 3326; x_wconf 79' lang='lat' dir='ltr'><strong>Judaeorumque</strong></span> <span class='ocrx_word' id='word_1_558' title='bbox 2252 3257 2592 3313; x_wconf 88' lang='lat' dir='ltr'><strong>immemoris</strong></span> <span class='ocrx_word' id='word_1_559' title='bbox 2626 3258 2816 3314; x_wconf 91' lang='lat' dir='ltr'><strong>animi.</strong></span> <span class='ocrx_word' id='word_1_560' title='bbox 2864 3258 2932 3312; x_wconf 85' lang='lat' dir='ltr'><strong>Et</strong></span> <span class='ocrx_word' id='word_1_561' title='bbox 2964 3259 3031 3314; x_wconf 87' lang='lat' dir='ltr'><strong>ad</strong></span> <span class='ocrx_word' id='word_1_562' title='bbox 3079 3260 3359 3344; x_wconf 67' lang='lat' dir='ltr'><strong>ipsese:-</strong></span> 
     </span>
    </p>
   </div>
   <div class='ocr_carea' id='block_1_83' title="bbox 1780 3343 3364 3417">
    <p class='ocr_par' dir='ltr' id='par_1_83' title="bbox 1780 3343 3364 3417">
     <span class='ocr_line' id='line_1_83' title="bbox 1780 3343 3364 3417; baseline 0.004 -20"><span class='ocrx_word' id='word_1_563' title='bbox 1780 3343 2018 3400; x_wconf 85' lang='lat' dir='ltr'><strong>hortatio</strong></span> <span class='ocrx_word' id='word_1_564' title='bbox 2048 3355 2108 3400; x_wconf 92' lang='lat' dir='ltr'><strong>ut</strong></span> <span class='ocrx_word' id='word_1_565' title='bbox 2131 3347 2375 3417; x_wconf 81' lang='lat' dir='ltr'><strong>gentium</strong></span> <span class='ocrx_word' id='word_1_566' title='bbox 2395 3348 2776 3404; x_wconf 87' lang='lat' dir='ltr'><strong>conversionis</strong></span> <span class='ocrx_word' id='word_1_567' title='bbox 2807 3357 2861 3402; x_wconf 87' lang='lat' dir='ltr'><strong>et</strong></span> <span class='ocrx_word' id='word_1_568' title='bbox 2883 3349 3112 3404; x_wconf 85' lang='lat' dir='ltr'><strong>latronis</strong></span> <span class='ocrx_word' id='word_1_569' title='bbox 3142 3351 3198 3404; x_wconf 89' lang='lat' dir='ltr'><strong>in</strong></span> <span class='ocrx_word' id='word_1_570' title='bbox 3225 3361 3364 3406; x_wconf 83' lang='lat' dir='ltr'><strong>tem-</strong></span> 
     </span>
    </p>
   </div>
   <div class='ocr_carea' id='block_1_84' title="bbox 1779 3434 2840 3507">
    <p class='ocr_par' dir='ltr' id='par_1_84' title="bbox 1779 3434 2840 3507">
     <span class='ocr_line' id='line_1_84' title="bbox 1779 3434 2840 3507; baseline 0.003 -20"><span class='ocrx_word' id='word_1_571' title='bbox 1779 3448 1913 3502; x_wconf 91' lang='lat' dir='ltr'><strong>pore</strong></span> <span class='ocrx_word' id='word_1_572' title='bbox 1935 3434 2114 3489; x_wconf 87' lang='lat' dir='ltr'><strong>crucis</strong></span> <span class='ocrx_word' id='word_1_573' title='bbox 2138 3435 2331 3499; x_wconf 85' lang='lat' dir='ltr'><strong>salvati</strong></span> <span class='ocrx_word' id='word_1_574' title='bbox 2361 3437 2658 3507; x_wconf 87' lang='lat' dir='ltr'><strong>participes</strong></span> <span class='ocrx_word' id='word_1_575' title='bbox 2689 3437 2840 3492; x_wconf 84' lang='lat' dir='ltr'><strong>ﬁant.</strong></span> 
     </span>
    </p>
   </div>
   <div class='ocr_carea' id='block_1_85' title="bbox 1849 3619 3363 3684">
    <p class='ocr_par' dir='ltr' id='par_1_85' title="bbox 1849 3619 3363 3684">
     <span class='ocr_line' id='line_1_85' title="bbox 1849 3619 3363 3684; baseline 0.005 -10"><span class='ocrx_word' id='word_1_576' title='bbox 1849 3620 1940 3675; x_wconf 84' lang='grc' dir='ltr'>ΙΧ.</span> <span class='ocrx_word' id='word_1_577' title='bbox 1982 3619 2276 3676; x_wconf 84' lang='lat' dir='ltr'><strong>Accusatio</strong></span> <span class='ocrx_word' id='word_1_578' title='bbox 2306 3620 2570 3677; x_wconf 87' lang='lat' dir='ltr'><strong>adversus</strong></span> <span class='ocrx_word' id='word_1_579' title='bbox 2617 3621 2928 3678; x_wconf 88' lang='lat' dir='ltr'><strong>sensualem</strong></span> <span class='ocrx_word' id='word_1_580' title='bbox 2962 3622 3130 3681; x_wconf 87' lang='lat' dir='ltr'><strong>Israel</strong></span> <span class='ocrx_word' id='word_1_581' title='bbox 3153 3627 3363 3684; x_wconf 90' lang='lat' dir='ltr'><strong>scilicet</strong></span> 
     </span>
    </p>
   </div>
   <div class='ocr_carea' id='block_1_86' title="bbox 1777 3713 3360 3791">
    <p class='ocr_par' dir='ltr' id='par_1_86' title="bbox 1777 3713 3360 3791">
     <span class='ocr_line' id='line_1_86' title="bbox 1777 3713 3360 3791; baseline 0.007 -26"><span class='ocrx_word' id='word_1_582' title='bbox 1777 3723 1910 3782; x_wconf 91' lang='lat' dir='ltr'><strong>quot</strong></span> <span class='ocrx_word' id='word_1_583' title='bbox 1943 3722 2000 3769; x_wconf 93' lang='lat' dir='ltr'><strong>et</strong></span> <span class='ocrx_word' id='word_1_584' title='bbox 2054 3721 2258 3784; x_wconf 87' lang='lat' dir='ltr'><strong>quanta</strong></span> <span class='ocrx_word' id='word_1_585' title='bbox 2307 3714 2362 3768; x_wconf 90' lang='lat' dir='ltr'><strong>in</strong></span> <span class='ocrx_word' id='word_1_586' title='bbox 2406 3713 2686 3770; x_wconf 89' lang='lat' dir='ltr'><strong>Christum</strong></span> <span class='ocrx_word' id='word_1_587' title='bbox 2747 3718 3084 3791; x_wconf 69' lang='lat' dir='ltr'><strong>peccaverit,</strong></span> <span class='ocrx_word' id='word_1_588' title='bbox 3121 3729 3178 3774; x_wconf 92' lang='lat' dir='ltr'><strong>et</strong></span> <span class='ocrx_word' id='word_1_589' title='bbox 3214 3721 3360 3790; x_wconf 92' lang='lat' dir='ltr'><strong>quod</strong></span> 
     </span>
    </p>
   </div>
   <div class='ocr_carea' id='block_1_87' title="bbox 1777 3801 3362 3873">
    <p class='ocr_par' dir='ltr' id='par_1_87' title="bbox 1777 3801 3362 3873">
     <span class='ocr_line' id='line_1_87' title="bbox 1777 3801 3362 3873; baseline 0.007 -18"><span class='ocrx_word' id='word_1_590' title='bbox 1777 3801 2119 3870; x_wconf 85' lang='lat' dir='ltr'><strong>antiquatum</strong></span> <span class='ocrx_word' id='word_1_591' title='bbox 2150 3815 2308 3856; x_wconf 91' lang='lat' dir='ltr'><strong>suum</strong></span> <span class='ocrx_word' id='word_1_592' title='bbox 2337 3802 2582 3872; x_wconf 81' lang='lat' dir='ltr'><strong>regimen</strong></span> <span class='ocrx_word' id='word_1_593' title='bbox 2637 3819 2748 3870; x_wconf 81' lang='lat' dir='ltr'><strong>non</strong></span> <span class='ocrx_word' id='word_1_594' title='bbox 2783 3806 3040 3873; x_wconf 89' lang='lat' dir='ltr'><strong>senserit,</strong></span> <span class='ocrx_word' id='word_1_595' title='bbox 3071 3807 3167 3862; x_wconf 89' lang='lat' dir='ltr'><strong>sed</strong></span> <span class='ocrx_word' id='word_1_596' title='bbox 3190 3824 3362 3866; x_wconf 67' lang='lat' dir='ltr'><strong>aemu-</strong></span> 
     </span>
    </p>
   </div>
   <div class='ocr_carea' id='block_1_88' title="bbox 1777 3891 3362 3970">
    <p class='ocr_par' dir='ltr' id='par_1_88' title="bbox 1777 3891 3362 3970">
     <span class='ocr_line' id='line_1_88' title="bbox 1777 3891 3362 3970; baseline 0.005 -25"><span class='ocrx_word' id='word_1_597' title='bbox 1777 3891 1918 3947; x_wconf 87' lang='lat' dir='ltr'><strong>latus</strong></span> <span class='ocrx_word' id='word_1_598' title='bbox 1953 3892 2022 3946; x_wconf 91' lang='lat' dir='ltr'><strong>sit</strong></span> <span class='ocrx_word' id='word_1_599' title='bbox 2049 3892 2294 3962; x_wconf 77' lang='lat' dir='ltr'><strong>gentium</strong></span> <span class='ocrx_word' id='word_1_600' title='bbox 2327 3893 2609 3963; x_wconf 88' lang='lat' dir='ltr'><strong>antiquam</strong></span> <span class='ocrx_word' id='word_1_601' title='bbox 2644 3893 2979 3965; x_wconf 88' lang='lat' dir='ltr'><strong>impietatem</strong></span> <span class='ocrx_word' id='word_1_602' title='bbox 3004 3937 3019 3964; x_wconf 93' lang='lat'><strong>,</strong></span> <span class='ocrx_word' id='word_1_603' title='bbox 3084 3914 3184 3968; x_wconf 92' lang='lat' dir='ltr'><strong>pro</strong></span> <span class='ocrx_word' id='word_1_604' title='bbox 3238 3900 3362 3970; x_wconf 89' lang='lat' dir='ltr'><strong>qui-</strong></span> 
     </span>
    </p>
   </div>
   <div class='ocr_carea' id='block_1_89' title="bbox 1776 3983 3212 4056">
    <p class='ocr_par' dir='ltr' id='par_1_89' title="bbox 1776 3983 3212 4056">
     <span class='ocr_line' id='line_1_89' title="bbox 1776 3983 3212 4056; baseline 0.004 -18"><span class='ocrx_word' id='word_1_605' title='bbox 1776 3983 1880 4038; x_wconf 88' lang='lat' dir='ltr'><strong>bus</strong></span> <span class='ocrx_word' id='word_1_606' title='bbox 1927 3983 2248 4038; x_wconf 87' lang='lat' dir='ltr'><strong>criminibus</strong></span> <span class='ocrx_word' id='word_1_607' title='bbox 2288 3984 2722 4040; x_wconf 89' lang='lat' dir='ltr'><strong>humiliationem</strong></span> <span class='ocrx_word' id='word_1_608' title='bbox 2771 3986 2904 4056; x_wconf 91' lang='lat' dir='ltr'><strong>ipsis</strong></span> <span class='ocrx_word' id='word_1_609' title='bbox 2945 3989 3212 4044; x_wconf 89' lang='lat' dir='ltr'><strong>minatur.</strong></span> 
     </span>
    </p>
   </div>
   <div class='ocr_carea' id='block_1_90' title="bbox 1848 4073 3359 4154">
    <p class='ocr_par' dir='ltr' id='par_1_90' title="bbox 1848 4073 3359 4154">
     <span class='ocr_line' id='line_1_90' title="bbox 1848 4073 3359 4154; baseline 0.007 -26"><span class='ocrx_word' id='word_1_610' title='bbox 1848 4073 1917 4128; x_wconf 82' lang='lat' dir='ltr'><strong>X.</strong></span> <span class='ocrx_word' id='word_1_611' title='bbox 1960 4073 2305 4129; x_wconf 88' lang='lat' dir='ltr'><strong>Lamentatio</strong></span> <span class='ocrx_word' id='word_1_612' title='bbox 2333 4075 2518 4146; x_wconf 88' lang='lat' dir='ltr'><strong>populi</strong></span> <span class='ocrx_word' id='word_1_613' title='bbox 2540 4074 2876 4143; x_wconf 72' lang='lat' dir='ltr'><strong>Judzcorum,</strong></span> <span class='ocrx_word' id='word_1_614' title='bbox 2912 4089 3114 4150; x_wconf 87' lang='lat' dir='ltr'><strong>quanta</strong></span> <span class='ocrx_word' id='word_1_615' title='bbox 3137 4082 3359 4154; x_wconf 64' lang='lat' dir='ltr'><strong>quidem</strong></span> 
     </span>
    </p>
   </div>
   <div class='ocr_carea' id='block_1_91' title="bbox 1778 4166 3361 4242">
    <p class='ocr_par' dir='ltr' id='par_1_91' title="bbox 1778 4166 3361 4242">
     <span class='ocr_line' id='line_1_91' title="bbox 1778 4166 3361 4242; baseline 0.006 -23"><span class='ocrx_word' id='word_1_616' title='bbox 1778 4166 1832 4220; x_wconf 92' lang='lat' dir='ltr'><strong>in</strong></span> <span class='ocrx_word' id='word_1_617' title='bbox 1869 4167 2038 4221; x_wconf 90' lang='lat' dir='ltr'><strong>Deum</strong></span> <span class='ocrx_word' id='word_1_618' title='bbox 2076 4166 2408 4236; x_wconf 87' lang='lat' dir='ltr'><strong>peccaverit,</strong></span> <span class='ocrx_word' id='word_1_619' title='bbox 2445 4167 2666 4237; x_wconf 86' lang='lat' dir='ltr'><strong>quantis</strong></span> <span class='ocrx_word' id='word_1_620' title='bbox 2694 4184 2825 4225; x_wconf 88' lang='lat' dir='ltr'><strong>vero</strong></span> <span class='ocrx_word' id='word_1_621' title='bbox 2855 4169 2922 4225; x_wconf 86' lang='lat' dir='ltr'><strong>ab</strong></span> <span class='ocrx_word' id='word_1_622' title='bbox 2984 4171 3105 4242; x_wconf 90' lang='lat' dir='ltr'><strong>ipso</strong></span> <span class='ocrx_word' id='word_1_623' title='bbox 3159 4174 3361 4229; x_wconf 83' lang='lat' dir='ltr'><strong>multa-</strong></span> 
     </span>
    </p>
   </div>
   <div class='ocr_carea' id='block_1_92' title="bbox 1781 4257 3360 4328">
    <p class='ocr_par' dir='ltr' id='par_1_92' title="bbox 1781 4257 3360 4328">
     <span class='ocr_line' id='line_1_92' title="bbox 1781 4257 3360 4328; baseline 0.006 -17"><span class='ocrx_word' id='word_1_624' title='bbox 1781 4267 1866 4312; x_wconf 91' lang='lat' dir='ltr'><strong>tus</strong></span> <span class='ocrx_word' id='word_1_625' title='bbox 1914 4257 2005 4325; x_wconf 90' lang='lat' dir='ltr'><strong>sit,</strong></span> <span class='ocrx_word' id='word_1_626' title='bbox 2059 4266 2114 4312; x_wconf 92' lang='lat' dir='ltr'><strong>et</strong></span> <span class='ocrx_word' id='word_1_627' title='bbox 2147 4257 2420 4327; x_wconf 88' lang='lat' dir='ltr'><strong>quomodo</strong></span> <span class='ocrx_word' id='word_1_628' title='bbox 2474 4267 2698 4328; x_wconf 88' lang='lat' dir='ltr'><strong>propter</strong></span> <span class='ocrx_word' id='word_1_629' title='bbox 2757 4260 3078 4318; x_wconf 69' lang='lat' dir='ltr'><strong>idololatriae</strong></span> <span class='ocrx_word' id='word_1_630' title='bbox 3115 4279 3360 4321; x_wconf 85' lang='lat' dir='ltr'><strong>errorem</strong></span> 
     </span>
    </p>
   </div>
   <div class='ocr_carea' id='block_1_93' title="bbox 1777 4352 3359 4428">
    <p class='ocr_par' dir='ltr' id='par_1_93' title="bbox 1777 4352 3359 4428">
     <span class='ocr_line' id='line_1_93' title="bbox 1777 4352 3359 4428; baseline 0.005 -21"><span class='ocrx_word' id='word_1_631' title='bbox 1777 4352 2046 4424; x_wconf 90' lang='lat' dir='ltr'><strong>perierint</strong></span> <span class='ocrx_word' id='word_1_632' title='bbox 2071 4367 2261 4408; x_wconf 89' lang='lat' dir='ltr'><strong>eorum</strong></span> <span class='ocrx_word' id='word_1_633' title='bbox 2298 4352 2563 4423; x_wconf 89' lang='lat' dir='ltr'><strong>templum</strong></span> <span class='ocrx_word' id='word_1_634' title='bbox 2593 4363 2648 4410; x_wconf 91' lang='lat' dir='ltr'><strong>et</strong></span> <span class='ocrx_word' id='word_1_635' title='bbox 2679 4354 2880 4422; x_wconf 87' lang='lat' dir='ltr'><strong>locum,</strong></span> <span class='ocrx_word' id='word_1_636' title='bbox 2907 4363 2964 4412; x_wconf 93' lang='lat' dir='ltr'><strong>et</strong></span> <span class='ocrx_word' id='word_1_637' title='bbox 3013 4373 3136 4428; x_wconf 74' lang='lat' dir='ltr'><strong>qua:</strong></span> <span class='ocrx_word' id='word_1_638' title='bbox 3165 4373 3196 4414; x_wconf 88' lang='lat' dir='ltr'><strong>a</strong></span> <span class='ocrx_word' id='word_1_639' title='bbox 3248 4359 3359 4416; x_wconf 87' lang='lat' dir='ltr'><strong>Deo</strong></span> 
     </span>
    </p>
   </div>
   <div class='ocr_carea' id='block_1_94' title="bbox 1705 4442 2332 4524">
    <p class='ocr_par' dir='ltr' id='par_1_94' title="bbox 1705 4442 2332 4524">
     <span class='ocr_line' id='line_1_94' title="bbox 1705 4442 2332 4524; baseline -0.005 -25"><span class='ocrx_word' id='word_1_640' title='bbox 1705 4469 1749 4524; x_wconf 76' lang='grc' dir='ltr'><strong>ι)</strong></span> <span class='ocrx_word' id='word_1_641' title='bbox 1778 4443 2092 4514; x_wconf 87' lang='lat' dir='ltr'><strong>acceperint</strong></span> <span class='ocrx_word' id='word_1_642' title='bbox 2122 4442 2332 4514; x_wconf 78' lang='lat' dir='ltr'><strong>legalia.</strong></span> 
     </span>
    </p>
   </div>
   <div class='ocr_carea' id='block_1_95' title="bbox 1847 4553 3357 4631">
    <p class='ocr_par' dir='ltr' id='par_1_95' title="bbox 1847 4553 3357 4631">
     <span class='ocr_line' id='line_1_95' title="bbox 1847 4553 3357 4631; baseline 0.005 -23"><span class='ocrx_word' id='word_1_643' title='bbox 1847 4555 1942 4610; x_wconf 79' lang='lat' dir='ltr'><strong>XI.</strong></span> <span class='ocrx_word' id='word_1_644' title='bbox 1983 4554 2232 4610; x_wconf 75' lang='lat' dir='ltr'><strong>Deiectio</strong></span> <span class='ocrx_word' id='word_1_645' title='bbox 2263 4553 2577 4610; x_wconf 73' lang='lat' dir='ltr'><strong>Iudaeorum</strong></span> <span class='ocrx_word' id='word_1_646' title='bbox 2608 4557 2814 4628; x_wconf 84' lang='lat' dir='ltr'><strong>gaudii,</strong></span> <span class='ocrx_word' id='word_1_647' title='bbox 2852 4568 2908 4613; x_wconf 89' lang='lat' dir='ltr'><strong>et</strong></span> <span class='ocrx_word' id='word_1_648' title='bbox 2935 4573 3002 4613; x_wconf 79' lang='lat' dir='ltr'><strong>ex</strong></span> <span class='ocrx_word' id='word_1_649' title='bbox 3033 4559 3180 4631; x_wconf 88' lang='lat' dir='ltr'><strong>quod</strong></span> <span class='ocrx_word' id='word_1_650' title='bbox 3219 4576 3357 4631; x_wconf 77' lang='lat' dir='ltr'><strong>gen-</strong></span> 
     </span>
    </p>
   </div>
   <div class='ocr_carea' id='block_1_96' title="bbox 1778 4646 3358 4718">
    <p class='ocr_par' dir='ltr' id='par_1_96' title="bbox 1778 4646 3358 4718">
     <span class='ocr_line' id='line_1_96' title="bbox 1778 4646 3358 4718; baseline 0.002 -16"><span class='ocrx_word' id='word_1_651' title='bbox 1778 4648 1916 4702; x_wconf 90' lang='lat' dir='ltr'><strong>tium</strong></span> <span class='ocrx_word' id='word_1_652' title='bbox 1951 4646 2289 4718; x_wconf 87' lang='lat' dir='ltr'><strong>impietatem</strong></span> <span class='ocrx_word' id='word_1_653' title='bbox 2320 4646 2562 4710; x_wconf 90' lang='lat' dir='ltr'><strong>imitati,</strong></span> <span class='ocrx_word' id='word_1_654' title='bbox 2618 4648 2714 4701; x_wconf 92' lang='lat' dir='ltr'><strong>Dei</strong></span> <span class='ocrx_word' id='word_1_655' title='bbox 2750 4647 3039 4702; x_wconf 81' lang='lat' dir='ltr'><strong>sacriﬁicia</strong></span> <span class='ocrx_word' id='word_1_656' title='bbox 3094 4657 3151 4704; x_wconf 88' lang='lat' dir='ltr'><strong>et</strong></span> <span class='ocrx_word' id='word_1_657' title='bbox 3207 4650 3358 4705; x_wconf 86' lang='lat' dir='ltr'><strong>obla-</strong></span> 
     </span>
    </p>
   </div>
   <div class='ocr_carea' id='block_1_97' title="bbox 1778 4737 3358 4797">
    <p class='ocr_par' dir='ltr' id='par_1_97' title="bbox 1778 4737 3358 4797">
     <span class='ocr_line' id='line_1_97' title="bbox 1778 4737 3358 4797; baseline -0.001 0"><span class='ocrx_word' id='word_1_658' title='bbox 1778 4743 1955 4797; x_wconf 87' lang='lat' dir='ltr'><strong>tiones</strong></span> <span class='ocrx_word' id='word_1_659' title='bbox 1977 4740 2470 4796; x_wconf 86' lang='lat' dir='ltr'><strong>contaminaverint</strong></span> <span class='ocrx_word' id='word_1_660' title='bbox 2494 4748 2550 4792; x_wconf 89' lang='lat' dir='ltr'><strong>et</strong></span> <span class='ocrx_word' id='word_1_661' title='bbox 2579 4737 2848 4794; x_wconf 91' lang='lat' dir='ltr'><strong>idolorum</strong></span> <span class='ocrx_word' id='word_1_662' title='bbox 2870 4753 3115 4794; x_wconf 89' lang='lat' dir='ltr'><strong>errorem</strong></span> <span class='ocrx_word' id='word_1_663' title='bbox 3144 4741 3199 4794; x_wconf 89' lang='lat' dir='ltr'><strong>in</strong></span> <span class='ocrx_word' id='word_1_664' title='bbox 3226 4748 3358 4796; x_wconf 86' lang='lat' dir='ltr'><strong>tem-</strong></span> 
     </span>
    </p>
   </div>
   <div class='ocr_carea' id='block_1_98' title="bbox 1775 4831 2394 4903">
    <p class='ocr_par' dir='ltr' id='par_1_98' title="bbox 1775 4831 2394 4903">
     <span class='ocr_line' id='line_1_98' title="bbox 1775 4831 2394 4903; baseline -0.003 -17"><span class='ocrx_word' id='word_1_665' title='bbox 1775 4833 1927 4903; x_wconf 89' lang='lat' dir='ltr'><strong>plum</strong></span> <span class='ocrx_word' id='word_1_666' title='bbox 1967 4831 2394 4886; x_wconf 80' lang='lat' dir='ltr'><strong>introduxerint.</strong></span> 
     </span>
    </p>
   </div>
   <div class='ocr_carea' id='block_1_99' title="bbox 1845 4943 3350 5018">
    <p class='ocr_par' dir='ltr' id='par_1_99' title="bbox 1845 4943 3350 5018">
     <span class='ocr_line' id='line_1_99' title="bbox 1845 4943 3350 5018; baseline 0.001 -18"><span class='ocrx_word' id='word_1_667' title='bbox 1845 4945 1961 5001; x_wconf 77' lang='lat' dir='ltr'><strong>Xll.</strong></span> <span class='ocrx_word' id='word_1_668' title='bbox 2009 4945 2294 5012; x_wconf 84' lang='lat' dir='ltr'><strong>Quomodo</strong></span> <span class='ocrx_word' id='word_1_669' title='bbox 2329 4943 2493 5000; x_wconf 86' lang='lat' dir='ltr'><strong>Israel</strong></span> <span class='ocrx_word' id='word_1_670' title='bbox 2549 4943 2692 5000; x_wconf 85' lang='lat' dir='ltr'><strong>Deus</strong></span> <span class='ocrx_word' id='word_1_671' title='bbox 2724 4945 2886 5002; x_wconf 90' lang='lat' dir='ltr'><strong>unice</strong></span> <span class='ocrx_word' id='word_1_672' title='bbox 2941 4945 3046 5002; x_wconf 87' lang='lat' dir='ltr'><strong>sibi</strong></span> <span class='ocrx_word' id='word_1_673' title='bbox 3079 4945 3302 5018; x_wconf 79' lang='lat' dir='ltr'><strong>elegerit</strong></span> <span class='ocrx_word' id='word_1_674' title='bbox 3333 4965 3350 5015; x_wconf 89' lang='lat'><strong>;</strong></span> 
     </span>
    </p>
   </div>
   <div class='ocr_carea' id='block_1_100' title="bbox 1768 5036 3350 5108">
    <p class='ocr_par' dir='ltr' id='par_1_100' title="bbox 1768 5036 3350 5108">
     <span class='ocr_line' id='line_1_100' title="bbox 1768 5036 3350 5108; baseline 0 -14"><span class='ocrx_word' id='word_1_675' title='bbox 1768 5039 1874 5108; x_wconf 91' lang='lat' dir='ltr'><strong>ipsi</strong></span> <span class='ocrx_word' id='word_1_676' title='bbox 1939 5054 2072 5096; x_wconf 79' lang='lat' dir='ltr'><strong>vero</strong></span> <span class='ocrx_word' id='word_1_677' title='bbox 2155 5038 2223 5095; x_wconf 92' lang='lat' dir='ltr'><strong>ad</strong></span> <span class='ocrx_word' id='word_1_678' title='bbox 2273 5037 2563 5094; x_wconf 89' lang='lat' dir='ltr'><strong>simulacra</strong></span> <span class='ocrx_word' id='word_1_679' title='bbox 2627 5045 3011 5102; x_wconf 72' lang='lat' dir='ltr'><strong>cucurrerunt,</strong></span> <span class='ocrx_word' id='word_1_680' title='bbox 3074 5047 3131 5094; x_wconf 88' lang='lat' dir='ltr'><strong>et</strong></span> <span class='ocrx_word' id='word_1_681' title='bbox 3181 5053 3212 5092; x_wconf 90' lang='lat' dir='ltr'><strong>a</strong></span> <span class='ocrx_word' id='word_1_682' title='bbox 3254 5036 3350 5094; x_wconf 85' lang='lat' dir='ltr'><strong>Dei</strong></span> 
     </span>
    </p>
   </div>
   <div class='ocr_carea' id='block_1_101' title="bbox 1769 5127 3356 5193">
    <p class='ocr_par' dir='ltr' id='par_1_101' title="bbox 1769 5127 3356 5193">
     <span class='ocr_line' id='line_1_101' title="bbox 1769 5127 3356 5193; baseline 0 -9"><span class='ocrx_word' id='word_1_683' title='bbox 1769 5131 2035 5186; x_wconf 89' lang='lat' dir='ltr'><strong>servitute</strong></span> <span class='ocrx_word' id='word_1_684' title='bbox 2052 5130 2422 5193; x_wconf 89' lang='lat' dir='ltr'><strong>desciverunt,</strong></span> <span class='ocrx_word' id='word_1_685' title='bbox 2442 5143 2544 5184; x_wconf 91' lang='lat' dir='ltr'><strong>nec</strong></span> <span class='ocrx_word' id='word_1_686' title='bbox 2573 5129 2716 5184; x_wconf 85' lang='lat' dir='ltr'><strong>inter</strong></span> <span class='ocrx_word' id='word_1_687' title='bbox 2738 5144 2833 5184; x_wconf 89' lang='lat' dir='ltr'><strong>eos</strong></span> <span class='ocrx_word' id='word_1_688' title='bbox 2853 5127 3135 5186; x_wconf 84' lang='lat' dir='ltr'><strong>Christum</strong></span> <span class='ocrx_word' id='word_1_689' title='bbox 3167 5130 3356 5185; x_wconf 86' lang='lat' dir='ltr'><strong>incar-</strong></span> 
     </span>
    </p>
   </div>
   <div class='ocr_carea' id='block_1_102' title="bbox 1768 5210 3349 5293">
    <p class='ocr_par' dir='ltr' id='par_1_102' title="bbox 1768 5210 3349 5293">
     <span class='ocr_line' id='line_1_102' title="bbox 1768 5210 3349 5293; baseline 0 -17"><span class='ocrx_word' id='word_1_690' title='bbox 1768 5231 1957 5278; x_wconf 88' lang='lat' dir='ltr'><strong>natum</strong></span> <span class='ocrx_word' id='word_1_691' title='bbox 1993 5223 2215 5280; x_wconf 89' lang='lat' dir='ltr'><strong>reveriti</strong></span> <span class='ocrx_word' id='word_1_692' title='bbox 2243 5231 2411 5288; x_wconf 88' lang='lat' dir='ltr'><strong>sunt;</strong></span> <span class='ocrx_word' id='word_1_693' title='bbox 2446 5221 2592 5277; x_wconf 90' lang='lat' dir='ltr'><strong>unde</strong></span> <span class='ocrx_word' id='word_1_694' title='bbox 2623 5210 2762 5293; x_wconf 26' lang='lat' dir='ltr'><strong>ipsis.</strong></span> <span class='ocrx_word' id='word_1_695' title='bbox 2787 5221 3112 5293; x_wconf 89' lang='lat' dir='ltr'><strong>imprecatio</strong></span> <span class='ocrx_word' id='word_1_696' title='bbox 3144 5221 3349 5278; x_wconf 83' lang='lat' dir='ltr'><strong>sterili-</strong></span> 
     </span>
    </p>
   </div>
   <div class='ocr_carea' id='block_1_103' title="bbox 1767 5313 3022 5387">
    <p class='ocr_par' dir='ltr' id='par_1_103' title="bbox 1767 5313 3022 5387">
     <span class='ocr_line' id='line_1_103' title="bbox 1767 5313 3022 5387; baseline 0.002 -18"><span class='ocrx_word' id='word_1_697' title='bbox 1767 5313 1894 5371; x_wconf 87' lang='lat' dir='ltr'><strong>tatis</strong></span> <span class='ocrx_word' id='word_1_698' title='bbox 1929 5323 1986 5371; x_wconf 89' lang='lat' dir='ltr'><strong>et</strong></span> <span class='ocrx_word' id='word_1_699' title='bbox 2021 5315 2078 5369; x_wconf 88' lang='lat' dir='ltr'><strong>in</strong></span> <span class='ocrx_word' id='word_1_700' title='bbox 2109 5323 2300 5387; x_wconf 80' lang='lat' dir='ltr'><strong>gentes</strong></span> <span class='ocrx_word' id='word_1_701' title='bbox 2327 5314 2690 5386; x_wconf 80' lang='lat' dir='ltr'><strong>diSpersionis</strong></span> <span class='ocrx_word' id='word_1_702' title='bbox 2724 5314 3022 5371; x_wconf 85' lang='lat' dir='ltr'><strong>inducitur.</strong></span> 
     </span>
    </p>
   </div>
   <div class='ocr_carea' id='block_1_104' title="bbox 1615 5483 1851 5546">
    <p class='ocr_par' dir='ltr' id='par_1_104' title="bbox 1615 5483 1851 5546">
     <span class='ocr_line' id='line_1_104' title="bbox 1615 5483 1851 5546; baseline 0.025 -6"><span class='ocrx_word' id='word_1_703' title='bbox 1615 5483 1851 5546; x_wconf 65' lang='lat' dir='ltr'><strong>NOTAE.</strong></span> 
     </span>
    </p>
   </div>
   <div class='ocr_carea' id='block_1_105' title="bbox 159 5619 3377 5706">
    <p class='ocr_par' dir='ltr' id='par_1_105' title="bbox 159 5619 3377 5706">
     <span class='ocr_line' id='line_1_105' title="bbox 159 5619 3377 5706; baseline 0.005 -30"><span class='ocrx_word' id='word_1_704' title='bbox 159 5619 232 5706; x_wconf 67' lang='grc'><strong>(5)</strong></span> <span class='ocrx_word' id='word_1_705' title='bbox 279 5619 606 5692; x_wconf 54' lang='lat' dir='ltr'><strong>negatam.</strong></span> <span class='ocrx_word' id='word_1_706' title='bbox 641 5621 780 5678; x_wconf 88' lang='lat' dir='ltr'><strong>Cum</strong></span> <span class='ocrx_word' id='word_1_707' title='bbox 844 5625 930 5680; x_wconf 88' lang='lat' dir='ltr'><strong>his</strong></span> <span class='ocrx_word' id='word_1_708' title='bbox 977 5626 1214 5682; x_wconf 74' lang='lat' dir='ltr'><strong>conferri</strong></span> <span class='ocrx_word' id='word_1_709' title='bbox 1258 5636 1491 5699; x_wconf 82' lang='lat' dir='ltr'><strong>possunt</strong></span> <span class='ocrx_word' id='word_1_710' title='bbox 1544 5627 1633 5683; x_wconf 85' lang='lat' dir='ltr'><strong>illa</strong></span> <span class='ocrx_word' id='word_1_711' title='bbox 1675 5629 1920 5702; x_wconf 85' lang='lat' dir='ltr'><strong>Eusebii,</strong></span> <span class='ocrx_word' id='word_1_712' title='bbox 1961 5648 2084 5704; x_wconf 67' lang='lat' dir='ltr'><strong>quae</strong></span> <span class='ocrx_word' id='word_1_713' title='bbox 2134 5632 2402 5706; x_wconf 87' lang='lat' dir='ltr'><strong>Procopio</strong></span> <span class='ocrx_word' id='word_1_714' title='bbox 2433 5633 2658 5691; x_wconf 85' lang='lat' dir='ltr'><strong>Parisiis</strong></span> <span class='ocrx_word' id='word_1_715' title='bbox 2708 5635 2856 5692; x_wconf 88' lang='lat' dir='ltr'><strong>edito</strong></span> <span class='ocrx_word' id='word_1_716' title='bbox 2904 5635 2958 5691; x_wconf 90' lang='lat' dir='ltr'><strong>in</strong></span> <span class='ocrx_word' id='word_1_717' title='bbox 3003 5633 3194 5692; x_wconf 84' lang='lat' dir='ltr'><strong>Isaiam</strong></span> <span class='ocrx_word' id='word_1_718' title='bbox 3216 5644 3377 5701; x_wconf 72' lang='grc' dir='ltr'>ειιιιι,</span> 
     </span>
    </p>
   </div>
  </div>
