3764 6320
2184 164 2203 171 -η
2233 158 2308 172 νδπ

47 301 176 369 1357
1105 285 1188 345 IN
1231 283 1346 344 XII
1389 280 1837 342 PROPHETAS
1874 282 2241 345 MINORES.
3163 279 3295 343 1358

16 401 18 406 I
43 416 178 486 αῦτη
221 415 318 486 μὲν
346 412 455 482 γὰρ
486 411 520 480 ή
542 401 847 474 Ἐκκλησία
875 399 966 453 διὰ
998 397 1288 493 μετανοίας
1317 395 1604 493 ἀναστήσε-

1806 402 1817 416 ”
1869 387 2256 456 paenitentiam
2313 403 2601 463 resurget;
2654 392 2747 447 illa
2795 399 2978 446 autem
3030 391 3296 463 legalibus

16 507 148 572 ’ται,
167 475 369 574 ’ἐκείνην
391 475 448 557 δέ
476 475 572 554 καὶ
601 497 714 551 τῶν
741 493 992 564 νομίμων
1015 491 1356 556 ἐκπεσεῖται,
1381 487 1479 540 καὶ
1505 487 1604 549 τοῖς

1806 475 1951 544 :idet,
1977 485 2033 532 et
2059 479 2442 548 spiritualibus
2471 481 2710 555 Assyriis
2741 482 3011 539 tradetur.

23 602 246 671 ’νοητοῖς
271 593 584 666 Ἀσσυρίοις
611 586 1086 659 παραδοθήσεται.
1177 589 1186 594 ⁷

108 696 195 759 ιγ’.
235 685 566 758 Παραίνεσις
598 680 678 752 τῷ
700 676 925 750 Ἰσραὴλ
947 716 962 741 ,
996 675 1085 728 διὰ
1119 673 1356 747 σταυροῦ
1389 672 1619 744 ποιμαί-

16 781 216 838 ’νεσθαι
236 797 250 811 ·
288 780 384 833 καὶ
413 776 760 849 πρόρρησις,
792 771 943 832 ὅπως
979 769 1048 822 τά
1085 768 1185 838 μὲν
1217 766 1345 837 ἔθνη
1375 765 1486 820 τῶν
1505 767 1621 820 δαι-

22 876 211 946 μόνων
259 869 732 942 αἰσχυνθήσεται,
780 853 943 934 ήμεῖς
994 860 1052 913 δὲ
1097 860 1187 914 διά
1239 859 1621 930 βαπτίσματος

16 961 227 1040 ἄφεσιν
265 960 691 1034 ἁμαρτημάτων
719 955 874 1027 παρὰ
901 952 1040 1007 Θεοῦ
1064 950 1372 1022 ληψόμεθα.

101 1073 338 1144 Μιχαίας
365 1068 738 1144 ἑρμηνεύεται
771 1063 1203 1133 ταπείνωσις,ἢ
1228 1063 1620 1132 ταπεινούμε-

20 1143 159 1231 ἰνος.
184 1143 357 1228 bino;
383 1159 454 1234 ἦν
481 1161 590 1216 ἀπὸ
615 1158 864 1230 Μοραθεὶ
889 1156 964 1226 (9)
995 1154 1235 1228 [Momm
1267 1153 1620 1226 Theophyl'L

18 1241 97 1310 ³ἐκ
128 1257 302 1326 φυλῆς
326 1253 569 1325 Ἐφραίμ
587 1269 602 1284 ⁶
630 1246 786 1313 οὗτος
812 1247 985 1302 πολλὰ
1017 1248 1252 1318 ποιήσας
1283 1246 1362 1318 τῷ
1385 1247 1619 1317 Ἀχαά6,

17 1337 380 1417 ³ὑπὺΊωράμ
428 1344 523 1398 τοῦ
573 1341 698 1397 υἱοῦ
744 1339 914 1397 αὐτοῦ
965 1337 1205 1412 ἀνῃρέθη
1256 1338 1510 1410 κρημνῷ,
1542 1339 1623 1393 ὅτι

36 1438 272 1509 ήλεγχεν
307 1437 473 1490 αὐτὸν
519 1437 614 1491 ἐπὶ
639 1437 758 1498 ταῖς
790 1429 1205 1494 ἀσεϐείαιςτῶν
1233 1432 1488 1503 πατέρων
1526 1432 1624 1484 αὐ-

16 1530 129 1600 Ζτοῦ
149 1545 163 1558 ·
201 1529 299 1582 καὶ
329 1526 508 1599 ἐτάφη
541 1531 600 1582 ἐν
623 1530 689 1600 τῇ
714 1529 785 1598 γῇ
805 1523 970 1581 αὑτοῦ
1007 1523 1190 1596 μόνος,
1224 1523 1492 1594 σύνεγγυς
1523 1540 1624 1578 πο-

16 1595 325 1690 Ἀυανδρίου
345 1595 628 1690 Ἐνακείμ.
662 1595 689 1638 τί
1008 1595 1017 1610 ἑ

200 1733 570 1832 amamus
603 1741 850 1829 ΝΑΟῩΜ
889 1771 1028 1827 ΤΟΥ
1066 1771 1458 1827 Προφιιτογ.

16 1896 30 1924 ’⁷
78 1909 178 1968 καθ.
210 1902 484 1968 Ἔνδειξις
513 1902 750 1974 ἀπειλῆς
780 1903 941 1970 Θεοῦ,
975 1905 1073 1960 καὶ
1104 1905 1206 1976 τῆς
1237 1905 1318 1970 είς
1355 1903 1418 1959 τὸ
1457 1923 1632 1977 τιμω⁴

24 1987 253 2065 τρεῖσθαι
281 1995 570 2067 δυνάμεως
589 2011 605 2026 ·
627 1997 768 2051 κατὰ
789 1997 1060 2069 δαιμόνων
1081 1995 1218 2067 όμοῦ
1242 1996 1338 2051 καὶ
1362 1996 1633 2052 Ἰουδαίων

36 2086 201 2139 ἐκάτε
210 2103 324 2157 ρον.

110 2177 177 2248 β’.
215 2177 447 2250 Ἀπειλή
493 2179 638 2234 κατὰ
683 2180 970 2234 διαϐόλοψ
1011 2182 1106 2234 καὶ
1150 2182 1540 2253 προσφώνησις
1563 2182 1633 2253 τῇ

15 2265 344 2339 τἘκκλησία
375 2268 477 2340 τῆς
521 2268 634 2322 τῶν
678 2268 912 2323 είδώλων
951 2269 1274 2341 ἀπαλλαγῆς
1297 2285 1311 2300 ο
1349 2271 1441 2324 καὶ
1465 2270 1636 2339 εὐαγ-

16 2361 302 2434 ’γελισμὺς
328 2362 427 2416 τοῦ
467 2363 740 2435 σωτηρίου
779 2363 1155 2434 κηρύγματος,
1193 2363 1402 2437 ἑορτῶν
1436 2381 1498 2418 τε
1527 2363 1636 2418 τῶν

37 2452 130 2507 διά
175 2453 424 2526 Χριστοῦ
449 2494 465 2521 ,
504 2457 600 2511 καὶ
634 2455 946 2527 ἀφανισμοῦ
981 2455 1254 2527 δαιμόνων
1300 2456 1396 2510 καὶ
1433 2454 1638 2528 συγχῦο

25 2562 210 2608 σεως.

17 2667 27 2674 υ
115 2637 189 2709 γ’.
236 2639 558 2710 Πρόρῥησις
601 2640 952 2704 ἀναστάσεως
976 2616 1214 2713 Χριστοῦ
1246 2641 1342 2696 καλ⁸
1368 2643 1477 2696 τῶν
1511 2659 1640 2696 συν-

38 2732 439 2802 ἀνισταμένων
467 2731 616 2802 αὐτῷ
641 2731 853 2803 ψυχῶν,
888 2733 983 2787 καὶ
1027 2735 1129 2804 τῆς
1176 2733 1299 2788 τότε
1345 2735 1641 2808 γινομένης

16 2826 286 2882 θανάτου
323 2825 420 2879 καὶ
449 2823 694 2879 διαϐόλου
732 2826 986 2898 ἁρπαγῆς
1013 2825 1108 2880 καὶ
1132 2825 1494 2893 σκυλεύσεως.

115 2940 184 2996 δ’.
223 2938 456 3010 ’Λπειλὴ
499 2939 642 2994 κατά
688 2937 782 2993 τοῦ
833 2938 1132 2995 Ἰουδαϊκοῦ
1171 2938 1303 2993 λαοῦ
1323 2980 1353 3026 ,7
1378 2940 1474 2994 καὶ
1520 2958 1643 3026 σχε-

16 3018 324 3101 ”τλιασμδς
347 3029 846 3102 τῆςἸερουσαλήμ’
871 3031 964 3084 καὶ
989 3029 1294 3104 πρόρρησις
1323 3025 1399 3086 ὧν
1419 3018 1642 3101 ἔμελλεν

20 3112 106 3175 ’ἐν
136 3124 207 3193 τῇ
243 3120 450 3174 ἁλώσει
480 3124 546 3193 τῇ
577 3121 861 3194 Ῥωμαϊκῇ
912 3121 1226 3187 πείσεσθαι,
1263 3120 1382 3175 ἀνθ’
1409 3115 1485 3177 ὧν
1531 3125 1644 3188 τοῖς

16 3205 26 3237 ⁵
46 3213 269 3268 ἔθνεσιν
300 3215 330 3267 ό
354 3213 481 3278 λαὸς
503 3213 722 3283 ἐγένετο
757 3214 1111 3286 πρόσκομμα.

16 3323 21 3400 ξ
121 3329 188 3382 ε’.
231 3328 462 3398 Ἀπειλὴ
518 3329 660 3383 κατὰ
723 3329 822 3398 τῆς
874 3326 1232 3400 Ἰερουσαλὴμ
1287 3331 1374 3384 ἐπ’
1413 3330 1646 3404 αἰσχύνῃ

17 3417 21 3424 ’
47 3423 402 3496 γυμνώσεως
421 3438 435 3452 ·
467 3421 563 3475 καὶ
591 3422 738 3484 ὅπως
766 3420 992 3492 ζητήσει
1033 3421 1130 3490 μὲν
1159 3422 1192 3491 ἡ
1227 3421 1524 3492 Ἐκκλησία
1549 3424 1648 3493 τῆς

59 3513 435 3587 Ἰερουσαλὴμ
468 3513 839 3583 παράκλησιν,
859 3512 998 3584 αὐτὴ
1029 3512 1084 3565 δὲ
1107 3512 1370 3578 ποικίλοις
1398 3514 1650 3586 ὁμιλήσει

15 3587 20 3596 ’
50 3611 256 3671 κακοῖς
291 3605 670 3677 Ἰερουσαλὴμ,
701 3605 791 3659 διὰ
823 3605 882 3658 τὸ
910 3606 1140 3677 νοσῆσαι
1172 3607 1374 3661 κακίαν
1402 3607 1646 3679 ἀνυπέρ-

16 3707 18 3710 ’
50 3702 285 3772 ϐλητον.
651 3731 655 3736 -
1559 3749 1561 3751 ,

19 3773 22 3778 ⁵
129 3792 342 3861 Ναοὺμ
389 3790 754 3862 ἑρμηνεύεται
786 3791 1172 3861 παράκλητος·
1212 3791 1604 3864 [παράκλησις
1632 3835 1648 3860 ,

52 3881 400 3955 Theophy|.]
429 3875 599 3946 Οὗτος
620 3879 688 3953 ἦν
718 3883 828 3936 ἀπὸ
855 3882 1446 3955 Ἐλκεσεὶν[Ἐλκασα⁴ί
1478 3885 1652 3957 πέραν

19 3961 154 4031 τοῦ
196 3975 472 4046 Ἰορδάνου
523 3976 603 4036 είς
650 3973 917 4045 Βιγαϐρὶ,
952 3972 1282 4047 Theophyl.]
1326 3975 1505 4046 πέραν
1555 3977 1651 4031 τοῦ

16 4055 20 4080 ί
51 4065 380 4140 Τηνὸαρεὶν
409 4065 542 4135 (l0),
579 4067 644 4118 ἐκ
685 4065 855 4135 φυλῆς
888 4065 1134 4136 Συμεών,
1168 4061 1338 4130 Οὗτος
1382 4068 1521 4138 μετά
1561 4069 1652 4123 τὸν

17 4171 20 4174 ’
66 4160 273 4214 Ἴωνᾶν
308 4157 474 4228 τέρας
520 4157 742 4221 ἔδωκεν,
772 4157 854 4209 ὅτι
891 4157 998 4210 ἀπὸ
1041 4157 1250 4211 ὑδάτων
1279 4159 1526 4226 γλυκέων
1562 4162 1656 4214 καὶ

16 4244 18 4248 ’
51 4252 240 4322 πυρὸς
271 4249 555 4302 ἀπολεῖται
583 4252 616 4319 ἡ
643 4249 858 4302 Νινευῖ·
883 4248 911 4300 ὃ
933 4248 1026 4301 καὶ
1046 4249 1238 4316 γέγονε
1258 4265 1271 4280 ·
1307 4251 1340 4320 ἡ
1369 4251 1478 4323 γὰρ
1497 4269 1655 4324 περι.

53 4347 274 4416 ἐχουσοι
324 4340 495 4411 αὐτὴν
539 4340 702 4412 λίμνη
747 4340 1084 4395 κατέκλυσεν
1129 4341 1300 4412 αὐτὴν
1331 4345 1390 4396 ἐν
1418 4345 1649 4416 σεισμῷ,

1793 657 1932 714 ΧΠΙ.
1966 658 2282 715 Exhortatio
2307 659 2372 714 ad
2407 658 2570 714 Israel
2601 668 2658 713 ut
2713 672 2810 726 per
2837 672 3056 713 crucem
3087 664 3306 730 regatur

1721 760 1779 806 et
1833 751 2112 822 quomodo
2141 762 2336 825 gentes
2387 752 2610 823 quidem
2638 769 2668 808 a
2696 751 3039 808 daemonibus
3068 749 3305 806 confun-

1720 843 1924 906 dentur
1961 859 1978 910 ;
2042 859 2145 900 nos
2189 855 2372 900 autem
2414 861 2514 916 per
2548 845 2878 916 baptismum
2931 841 3308 901 remissionem
3403 847 3410 855 '

1721 944 2073 1006 peccatorum
2099 951 2130 991 a
2161 937 2272 992 Deo
2294 937 2653 1008 accipiemur.
2700 1006 2706 1011 ι

1793 1046 2047 1105 Μίοιιεεε
2079 1049 2351 1121 signiﬁcat
2377 1051 2651 1106 humilitas
2689 1051 2807 1107 sive
2838 1049 3176 1106 humiliatus.
3214 1048 3313 1103 llle

1723 1149 1841 1194 erat
1877 1154 1947 1195 ex
1976 1140 2229 1208 Morathi,
2261 1143 2330 1198 de
2358 1143 2502 1198 tribu
2531 1140 2815 1212 Ephraim.
2866 1140 2917 1197 ls
2960 1157 3085 1198 cum
3141 1140 3310 1196 mults

1726 1231 1952 1290 fecisset
1997 1236 2209 1302 Achab,
2241 1251 2271 1291 a
2327 1235 2439 1292 ﬁlio
2484 1234 2607 1304 ejus
2641 1233 2827 1291 Joram
2871 1249 3119 1306 preceps
3151 1233 3314 1289 datus

1725 1327 1909 1396 periit,
1945 1329 2076 1398 quia
2105 1329 2158 1385 ei
2204 1330 2502 1400 objiciebat
2533 1328 2845 1400 impietates
2901 1337 3119 1398 patrum
3170 1328 3312 1398 ejus.

1726 1418 1794 1472 Et
1824 1420 2075 1490 sepultus
2106 1431 2192 1478 est
2237 1423 2293 1476 in
2336 1431 2478 1478 terra
2510 1436 2607 1478 sua
2640 1422 2814 1489 solus,
2847 1435 3023 1493 prope
3055 1428 3317 1478 caemete-

1727 1509 1869 1565 rium
1903 1512 2158 1568 Enacim.

2008 1760 2265 1818 CAPITA
2315 1761 2561 1818 NAHUM
2616 1762 3036 1822 ΡΒΟΡΗΕΤᾸΞ.

1801 1890 1844 1945 l.
1875 1890 2231 1948 Denuntiatio
2258 1893 2534 1950 minarum
2567 1893 2660 1950 Dei
2691 1905 2748 1951 et
2773 1895 2896 1967 ejus
2927 1897 2995 1953 ad
3025 1897 3316 1956 vindican-

1731 1980 1862 2034 dum
1891 1981 2194 2051 potestatis,
2241 1990 2356 2038 tum
2395 1992 2583 2039 contra
2628 1984 2934 2053 daemones,
2987 1997 3100 2042 tum
3153 1989 3318 2046 etiam

1732 2082 1922 2129 contra
1941 2073 2189 2130 Iudaeos.

1806 2165 1873 2220 ll.
1914 2165 2074 2222 Minae
2102 2167 2370 2224 adversus
2395 2168 2702 2233 diabolum,
2733 2178 2790 2225 et
2816 2170 3081 2226 allocutio
3113 2172 3181 2228 ad
3213 2171 3321 2228 Ec-

1735 2257 1961 2313 clesiam
2021 2258 2089 2314 de
2122 2259 2453 2317 liberatione
2503 2261 2572 2317 ab
2609 2262 2816 2319 idolis:
2863 2271 2922 2319 et
2977 2265 3322 2322 annuutiatio

1736 2348 2148 2418 praedicationis
2182 2350 2376 2406 salutis
2403 2359 2460 2407 et
2488 2350 2851 2408 l’estivitatum
2886 2369 2986 2425 per
3015 2353 3320 2422 Christum,

1737 2447 1794 2494 et
1819 2439 2132 2497 abolitionis
2161 2441 2472 2498 daemonum
2519 2452 2575 2498 et
2603 2444 2968 2503 confusionis.

1813 2621 1900 2678 Ill.
1932 2623 2222 2680 Praedictio
2248 2626 2671 2682 resurrectionis
2700 2625 2908 2683 Christi
2941 2637 2997 2684 et
3021 2645 3325 2687 animarum

1740 2729 1864 2770 cum
1886 2715 2005 2786 ipso
2027 2717 2603 2785 conresuscitatarum,
2633 2727 2690 2775 et
2720 2719 2892 2778 ruinm
2912 2729 2968 2778 et
2985 2723 3329 2794 spoliationis

1741 2809 1933 2864 mortis
1951 2818 2008 2864 et
2031 2809 2234 2865 diaboli
2270 2817 2404 2866 tunc
2432 2810 2650 2868 futura.

1813 2922 1904 2978 Ν.
1939 2922 2097 2980 Minae
2123 2926 2178 2980 in
2202 2927 2467 2997 populum
2499 2926 2815 2997 Judaicum,
2849 2937 2906 2985 et
2939 2931 3206 2987 desolatio
3233 2932 3331 2988 Je-

1745 3016 2004 3084 rusalem,
2035 3026 2092 3073 et
2110 3019 2396 3089 praedictio
2424 3036 2613 3077 eorum
2636 3037 2758 3093 quae
2793 3023 2849 3078 in
2878 3023 3123 3082 Romana
3147 3025 3332 3097 direp-

1750 3108 1900 3164 tione
1943 3125 2174 3180 passura
2213 3121 2322 3176 est,
2357 3129 2456 3184 pro
2492 3130 2560 3171 eo
2585 3117 2730 3186 quod
2763 3118 3020 3189 gentibus
3083 3121 3321 3190 populus

1745 3197 1920 3258 factus
1950 3211 2034 3258 est
2081 3205 2420 3262 scandalum.

1816 3314 1883 3369 V.
1912 3316 2072 3372 Minae
2092 3331 2284 3376 contra
2309 3322 2612 3379 Jerusalem
2634 3324 2702 3379 de
2721 3327 3016 3395 opprobrio
3037 3327 3302 3384 nuditatis
3324 3340 3340 3389 ς

1747 3417 1804 3464 et
1831 3415 2106 3478 quomodo
2131 3420 2339 3479 quaaret
2379 3413 2624 3468 Ecclesia
2673 3413 2977 3470 Jerusalem
3004 3417 3337 3472 consolatio-

1749 3515 1898 3566 nem,
1924 3499 2041 3569 ipsa
2070 3507 2252 3555 autem
2285 3501 2341 3556 in
2375 3503 2542 3556 variis
2585 3503 2746 3558 malis
2786 3505 3219 3573 conversabitur,
3253 3517 3336 3563 nt-

1749 3600 1879 3662 pote
1911 3607 2034 3662 quas
2055 3592 2270 3648 laboret
2295 3593 2505 3648 malitia
2519 3594 2990 3666 inexsuperabili.
3224 3595 3230 3601 ’

1821 3777 2042 3833 Nahum
2072 3777 2346 3849 signiﬁcat
2397 3779 2700 3838 consolator
2736 3780 2853 3837 sive
2898 3784 3205 3840 consolatio.
3242 3786 3339 3842 Ille

1752 3878 1871 3923 erat
1891 3885 1959 3924 ex
1985 3869 2263 3935 Helcesin,
2290 3869 2432 3926 ultra
2481 3871 2788 3938 Timbarin,
2814 3875 2881 3929 de
2910 3875 3052 3931 tribu
3086 3877 3332 3936 Simeon.

1753 3958 1850 4016 llle
1871 3971 1995 4031 post
2020 3961 2213 4017 Jonam
2245 3963 2463 4033 signum
2495 3964 2686 4032 edidit,
2722 3966 2933 4023 scilicet
2978 3970 3136 4038 aquis
3162 3971 3340 4029 dulci-

1755 4054 1858 4109 bus
1897 4064 1953 4110 et
2005 4054 2128 4125 igne
2179 4055 2475 4125 perituram
2509 4055 2743 4112 Niniven
2782 4076 2796 4124 ;
2847 4062 2992 4130 quod
3043 4073 3099 4118 et
3130 4064 3337 4120 evenit.

1757 4145 1935 4201 Lacus
1965 4147 2112 4202 enim
2139 4148 2233 4216 qui
2266 4163 2388 4203 eam
2421 4148 2794 4208 circumdabat
2817 4152 3081 4209 demersit
3117 4171 3239 4211 eam
3282 4158 3339 4213 in

1758 4245 1919 4292 terrae
1959 4245 2132 4302 motu,
2175 4246 2232 4292 et
2281 4237 2422 4310 ignis
2454 4254 2520 4293 ex
2555 4239 2776 4296 deserto
2829 4243 3170 4312 superiorem
3219 4247 3342 4317 ejus

1758 4339 1966 4399 partem
1997 4329 2317 4386 combussit.
2361 4331 2605 4388 Mortuus
2659 4343 2745 4390 est
2774 4345 2959 4391 autem
2993 4338 3048 4392 in
3094 4354 3250 4410 pace,
3285 4347 3341 4394 et

16 4447 18 4454 '
49 4408 157 4491 καὶ
187 4435 310 4504 πῦρ
338 4435 402 4486 ἐκ
432 4408 530 4503 τῆς
557 4408 764 4504 ἐρήμου
799 4433 1072 4506 [ἐπελθὸν]
1098 4433 1162 4487 τὸ
1191 4408 1524 4508 ὑψηλότερον
1542 4408 1604 4492 ,αξ

1806 4423 2011 4493 apultus
2033 4431 2119 4480 est
2153 4424 2211 4479 in
2235 4433 2376 4481 terra
2403 4441 2524 4480 sua.

50 4528 162 4596 τῆς
212 4524 384 4595 μέρος
432 4525 738 4594 ἐνέπρησεν
765 4540 780 4558 ’
833 4523 1073 4577 ἀπέθανε
1118 4523 1164 4577 δ’
1196 4527 1256 4578 ὲν
1298 4526 1514 4600 εἰρήνῃ,
1566 4531 1662 4583 καὶ

51 4619 244 4687 ἐτάφη
276 4618 333 4667 ἐν
364 4617 428 4684 τῇ
462 4618 532 4685 γῇ
567 4615 754 4672 αὑτοῦ.

153 4765 517 4822 ΚΕΦΑΛΑΙΑ
556 4766 951 4820 ΑΜΒΑΚΟΥΜ
990 4767 1131 4822 ΤΟΥ
1168 4770 1565 4829 ΠΡΟΦΗΤΟΥ.

134 4889 211 4936 α’,
259 4877 631 4949 Σχετλιασμὸς
659 4876 755 4931 τοῦ
782 4881 1064 4950 προφήτου
1088 4883 1339 4953 περὶτῆς
1369 4886 1427 4938 ἐν
1451 4885 1528 4957 τῷ
1553 4885 1654 4957 βίῳ

54 4971 502 5042 πολιτευομένης
553 4967 799 5030 ἀδικίαςο
852 4971 945 5024 καὶ
1002 4973 1310 5044 πρόρρησις
1368 4975 1462 5029 τοῦ
1512 4981 1655 5032 κατά

53 5063 311 5137 Χριστὸν
345 5063 669 5132 μυστηρίου,
703 5063 799 5116 καὶ
827 5066 927 5134 τῆς
954 5064 1062 5116 τῶν
1089 5066 1261 5120 ἐθνῶν
1287 5067 1533 5138 κλήσεως
1560 5073 1657 5125 καὶ

55 5152 416 5216 δυναστείας,
449 5154 506 5205 ἐν
605 5153 822 5216 παίζειν
851 5155 946 5208 καὶ
974 5153 1259 5226 καθαίρειν
1286 5156 1378 5209 τὸν
1411 5157 1657 5214 διάϐολον

61 5245 356 5319 μέλλουσι.

2022 4769 2279 4828 CAPITA
2306 4772 2626 4831 HABACUC
2667 4776 3085 4835 PROPHETE.

1830 4881 1873 4937 Ι.
1895 4881 2128 4949 Quereia
2152 4887 2434 4955 propheta:
2464 4887 2533 4942 de
2565 4888 2850 4958 iniquitate
2879 4893 3258 4950 administrata
3286 4899 3341 4952 in

1761 4973 1872 5029 vita
1903 4992 1919 5030 :
1951 4983 2007 5029 et
2041 4975 2366 5030 vaticinium
2401 4978 2644 5048 mysterii
2670 4978 2726 5034 in
2757 4979 2998 5048 Christo,
3018 4992 3075 5038 et
3095 4986 3340 5056 gentium

1764 5067 2082 5135 vocationis,
2113 5077 2168 5122 et
2200 5068 2414 5124 virtutis
2467 5086 2573 5141 qua
2607 5069 2836 5128 illudent
2861 5073 3078 5131 diabolo
3106 5091 3342 5149 eumque

1763 5159 2064 5215 destruent.

1602 5431 1810 5486 NOTA'J
1821 5470 1836 5484 .

141 5567 225 5638 (9)
262 5562 539 5639 Μιηοςιθεζ.
579 5557 821 5639 Ιιςοξραθίι,
853 5557 1401 5639 Ερίρζιῖριῡοτοιιι.
1446 5564 1653 5639 lbi_d._i.

65 5628 285 5694 xx‘xv'n.
327 5632 420 5704 Τῷ
468 5628 698 5704 Ἀχαάσ,
744 5628 928 5704 iidem.
956 5628 1116 5704 —Ibid.
1151 5635 1188 5688 i.
1241 5652 1463 5690 xxxvm.
1517 5634 1656 5700 Ταῖς

62 5699 403 5766 ἀσεϐείαιςζ
463 5699 637 5756 Αὐτοῦ
676 5699 908 5754 καὶτῶν
952 5703 1205 5773 πατέρων
1233 5705 1418 5769 αὑτοῦ,
1456 5699 1655 5777 Ερὶρδί.

1837 5567 1948 5649 (Ψ)
1990 5568 2714 5649 Πέρᾳνκτῆςηβηθιξϐᾳρῤ.
2767 5574 2988 5631 Doroth.
3027 5577 3206 5649 Πέραν
3248 5574 3342 5630 τοῦ

1776 5638 2043 5709 Ἰορδάνου
2079 5642 2160 5705 είς
2187 5638 2467 5714 Βηγαϐάρ,
2508 5638 2704 5714 Epiph.
2916 5668 2924 5677 ·
