  <div class='ocr_page' id='page_1' title='image "/cluster/home/n/w/nwhite01/storage/ocr_20150623/93/pst.000005712991/710.png"; bbox 0 0 3764 6320; ppageno 0'>
   <div class='ocr_carea' id='block_1_1' title="bbox 79 332 228 406">
    <p class='ocr_par' dir='ltr' id='par_1_1' title="bbox 79 332 228 406">
     <span class='ocr_line' id='line_1_1' title="bbox 79 332 228 406; baseline 0.06 -9"><span class='ocrx_word' id='word_1_1' title='bbox 79 332 228 406; x_wconf 77' lang='lat' dir='ltr'><strong>t361</strong></span> 
     </span>
    </p>
   </div>
   <div class='ocr_carea' id='block_1_2' title="bbox 1136 335 2238 404">
    <p class='ocr_par' dir='ltr' id='par_1_2' title="bbox 1136 335 2238 404">
     <span class='ocr_line' id='line_1_2' title="bbox 1136 335 2238 404; baseline 0.001 -6"><span class='ocrx_word' id='word_1_2' title='bbox 1136 339 1219 399; x_wconf 86' lang='lat' dir='ltr'><strong>IN</strong></span> <span class='ocrx_word' id='word_1_3' title='bbox 1255 338 1371 404; x_wconf 82' lang='grc' dir='ltr'>ΧΠ</span> <span class='ocrx_word' id='word_1_4' title='bbox 1411 335 1850 396; x_wconf 76' lang='lat' dir='ltr'><strong>PROPHE-TAS</strong></span> <span class='ocrx_word' id='word_1_5' title='bbox 1880 337 2238 399; x_wconf 76' lang='lat' dir='ltr'><strong>MINORES.</strong></span> 
     </span>
    </p>
   </div>
   <div class='ocr_carea' id='block_1_3' title="bbox 3204 339 3340 406">
    <p class='ocr_par' dir='ltr' id='par_1_3' title="bbox 3204 339 3340 406">
     <span class='ocr_line' id='line_1_3' title="bbox 3204 339 3340 406; baseline 0.015 -2"><span class='ocrx_word' id='word_1_6' title='bbox 3204 339 3340 406; x_wconf 80' lang='lat'><strong>1362</strong></span> 
     </span>
    </p>
   </div>
   <div class='ocr_carea' id='block_1_4' title="bbox 78 445 1660 522">
    <p class='ocr_par' dir='ltr' id='par_1_4' title="bbox 78 445 1660 520">
     <span class='ocr_line' id='line_1_4' title="bbox 78 445 1660 520; baseline -0.002 -20"><span class='ocrx_word' id='word_1_7' title='bbox 78 449 442 520; x_wconf 78' lang='grc' dir='ltr'><strong>μυστηρίων,</strong></span> <span class='ocrx_word' id='word_1_8' title='bbox 472 447 616 518; x_wconf 72' lang='grc' dir='ltr'>ἅπερ</span> <span class='ocrx_word' id='word_1_9' title='bbox 639 448 700 501; x_wconf 90' lang='grc' dir='ltr'><strong>ἐν</strong></span> <span class='ocrx_word' id='word_1_10' title='bbox 719 449 859 519; x_wconf 78' lang='grc' dir='ltr'>αὐτῇ</span> <span class='ocrx_word' id='word_1_11' title='bbox 885 445 1036 518; x_wconf 67' lang='grc' dir='ltr'>παρὰ</span> <span class='ocrx_word' id='word_1_12' title='bbox 1062 446 1301 518; x_wconf 80' lang='grc' dir='ltr'><strong>Χριστοῦ</strong></span> <span class='ocrx_word' id='word_1_13' title='bbox 1331 446 1660 500; x_wconf 71' lang='grc' dir='ltr'><strong>τετέλεσται⁴</strong></span> 
     </span>
    </p>
   </div>
   <div class='ocr_carea' id='block_1_5' title="bbox 1823 445 3341 522">
    <p class='ocr_par' dir='ltr' id='par_1_5' title="bbox 1823 446 3341 522">
     <span class='ocr_line' id='line_1_5' title="bbox 1823 446 3341 522; baseline 0.007 -25"><span class='ocrx_word' id='word_1_14' title='bbox 1823 446 2030 516; x_wconf 69' lang='lat' dir='ltr'><strong>lysteria</strong></span> <span class='ocrx_word' id='word_1_15' title='bbox 2054 462 2177 516; x_wconf 72' lang='lat' dir='ltr'><strong>qua:</strong></span> <span class='ocrx_word' id='word_1_16' title='bbox 2209 447 2263 500; x_wconf 93' lang='lat' dir='ltr'><strong>in</strong></span> <span class='ocrx_word' id='word_1_17' title='bbox 2286 447 2399 516; x_wconf 90' lang='lat' dir='ltr'><strong>ipsa</strong></span> <span class='ocrx_word' id='word_1_18' title='bbox 2427 462 2457 502; x_wconf 89' lang='lat' dir='ltr'><strong>a</strong></span> <span class='ocrx_word' id='word_1_19' title='bbox 2489 446 2707 504; x_wconf 76' lang='lat' dir='ltr'><strong>Christo</strong></span> <span class='ocrx_word' id='word_1_20' title='bbox 2723 446 2963 519; x_wconf 79' lang='lat' dir='ltr'><strong>perfecta</strong></span> <span class='ocrx_word' id='word_1_21' title='bbox 2984 458 3129 513; x_wconf 79' lang='lat' dir='ltr'><strong>sunt,</strong></span> <span class='ocrx_word' id='word_1_22' title='bbox 3153 459 3207 506; x_wconf 89' lang='lat' dir='ltr'><strong>et</strong></span> <span class='ocrx_word' id='word_1_23' title='bbox 3225 452 3341 522; x_wconf 76' lang='lat' dir='ltr'><strong>glo-</strong></span> 
     </span>
    </p>
   </div>
   <div class='ocr_carea' id='block_1_6' title="bbox 75 534 1675 611">
    <p class='ocr_par' dir='ltr' id='par_1_6' title="bbox 75 534 1675 611">
     <span class='ocr_line' id='line_1_6' title="bbox 75 534 1675 611; baseline -0.004 -21"><span class='ocrx_word' id='word_1_24' title='bbox 75 541 181 592; x_wconf 68' lang='grc' dir='ltr'><strong>κα)⁸</strong></span> <span class='ocrx_word' id='word_1_25' title='bbox 218 541 326 611; x_wconf 86' lang='grc' dir='ltr'><strong>τῆς</strong></span> <span class='ocrx_word' id='word_1_26' title='bbox 372 540 552 610; x_wconf 81' lang='grc' dir='ltr'><strong>δόξης,</strong></span> <span class='ocrx_word' id='word_1_27' title='bbox 576 541 642 610; x_wconf 74' lang='grc' dir='ltr'>ἢν</span> <span class='ocrx_word' id='word_1_28' title='bbox 675 541 709 608; x_wconf 89' lang='grc' dir='ltr'><strong>ή</strong></span> <span class='ocrx_word' id='word_1_29' title='bbox 754 535 1054 608; x_wconf 74' lang='grc' dir='ltr'><strong>Ἐκκλησία</strong></span> <span class='ocrx_word' id='word_1_30' title='bbox 1084 536 1227 590; x_wconf 83' lang='grc' dir='ltr'>κατὰ</span> <span class='ocrx_word' id='word_1_31' title='bbox 1259 537 1439 590; x_wconf 77' lang='grc' dir='ltr'>πᾶσαν</span> <span class='ocrx_word' id='word_1_32' title='bbox 1467 535 1567 605; x_wconf 83' lang='grc' dir='ltr'><strong>τὴν</strong></span> <span class='ocrx_word' id='word_1_33' title='bbox 1596 534 1675 585; x_wconf 70' lang='lat' dir='ltr'><strong>oi-</strong></span> 
     </span>
    </p>
   </div>
   <div class='ocr_carea' id='block_1_7' title="bbox 1777 540 3340 610">
    <p class='ocr_par' dir='ltr' id='par_1_7' title="bbox 1777 540 3340 610">
     <span class='ocr_line' id='line_1_7' title="bbox 1777 540 3340 610; baseline 0.006 -20"><span class='ocrx_word' id='word_1_34' title='bbox 1777 541 1870 592; x_wconf 68' lang='grc' dir='ltr'><strong>τίω</strong></span> <span class='ocrx_word' id='word_1_35' title='bbox 1889 555 2008 608; x_wconf 66' lang='lat' dir='ltr'><strong>quae</strong></span> <span class='ocrx_word' id='word_1_36' title='bbox 2035 540 2294 595; x_wconf 70' lang='lat' dir='ltr'><strong>Ecclesia:</strong></span> <span class='ocrx_word' id='word_1_37' title='bbox 2322 557 2421 610; x_wconf 89' lang='lat' dir='ltr'><strong>per</strong></span> <span class='ocrx_word' id='word_1_38' title='bbox 2461 543 2776 597; x_wconf 87' lang='lat' dir='ltr'><strong>universum</strong></span> <span class='ocrx_word' id='word_1_39' title='bbox 2816 544 3024 606; x_wconf 88' lang='lat' dir='ltr'><strong>orbem,</strong></span> <span class='ocrx_word' id='word_1_40' title='bbox 3076 560 3340 600; x_wconf 76' lang='lat' dir='ltr'><strong>conversa</strong></span> 
     </span>
    </p>
   </div>
   <div class='ocr_carea' id='block_1_8' title="bbox 77 624 1660 703">
    <p class='ocr_par' dir='ltr' id='par_1_8' title="bbox 77 624 1660 702">
     <span class='ocr_line' id='line_1_8' title="bbox 77 624 1660 702; baseline 0.001 -20"><span class='ocrx_word' id='word_1_41' title='bbox 77 633 408 702; x_wconf 82' lang='grc' dir='ltr'>κουμένην,</span> <span class='ocrx_word' id='word_1_42' title='bbox 479 630 919 702; x_wconf 86' lang='grc' dir='ltr'>ἐπιστρεφούσης</span> <span class='ocrx_word' id='word_1_43' title='bbox 975 629 1084 698; x_wconf 14' lang='grc' dir='ltr'>τῆς,</span> <span class='ocrx_word' id='word_1_44' title='bbox 1134 626 1512 698; x_wconf 78' lang='grc' dir='ltr'><strong>αἰχμαλωσίας</strong></span> <span class='ocrx_word' id='word_1_45' title='bbox 1567 624 1660 683; x_wconf 59' lang='lat' dir='ltr'><strong>tibi</strong></span> 
     </span>
    </p>
   </div>
   <div class='ocr_carea' id='block_1_9' title="bbox 1823 624 2674 703">
    <p class='ocr_par' dir='ltr' id='par_1_9' title="bbox 1823 627 2674 703">
     <span class='ocr_line' id='line_1_9' title="bbox 1823 627 2674 703; baseline 0.007 -20"><span class='ocrx_word' id='word_1_46' title='bbox 1823 627 2039 684; x_wconf 79' lang='lat' dir='ltr'><strong>:rvitute</strong></span> <span class='ocrx_word' id='word_1_47' title='bbox 2065 640 2432 699; x_wconf 75' lang='lat' dir='ltr'><strong>peccatorum,</strong></span> <span class='ocrx_word' id='word_1_48' title='bbox 2464 630 2674 703; x_wconf 82' lang='lat' dir='ltr'><strong>obtigit.</strong></span> 
     </span>
    </p>
   </div>
   <div class='ocr_carea' id='block_1_10' title="bbox 72 719 672 790">
    <p class='ocr_par' dir='ltr' id='par_1_10' title="bbox 72 719 672 790">
     <span class='ocr_line' id='line_1_10' title="bbox 72 719 672 790; baseline 0.003 -18"><span class='ocrx_word' id='word_1_49' title='bbox 72 720 460 790; x_wconf 86' lang='grc' dir='ltr'>ἁμαρτωλῶν,</span> <span class='ocrx_word' id='word_1_50' title='bbox 489 719 672 790; x_wconf 79' lang='grc' dir='ltr'>ἔλαχε.</span> 
     </span>
    </p>
   </div>
   <div class='ocr_carea' id='block_1_11' title="bbox 153 802 1672 882">
    <p class='ocr_par' dir='ltr' id='par_1_11' title="bbox 153 802 1672 882">
     <span class='ocr_line' id='line_1_11' title="bbox 153 802 1672 882; baseline -0.004 -19"><span class='ocrx_word' id='word_1_51' title='bbox 153 811 436 879; x_wconf 85' lang='grc' dir='ltr'>Σοφονίας</span> <span class='ocrx_word' id='word_1_52' title='bbox 465 809 831 882; x_wconf 77' lang='grc' dir='ltr'><strong>ἑρμηνεύεται</strong></span> <span class='ocrx_word' id='word_1_53' title='bbox 848 809 1073 864; x_wconf 81' lang='grc' dir='ltr'>σκοπιὰ</span> <span class='ocrx_word' id='word_1_54' title='bbox 1088 809 1328 876; x_wconf 80' lang='grc' dir='ltr'>Κυρίου.</span> <span class='ocrx_word' id='word_1_55' title='bbox 1347 802 1592 878; x_wconf 81' lang='grc' dir='ltr'>Οῦτοςῆν</span> <span class='ocrx_word' id='word_1_56' title='bbox 1607 808 1672 859; x_wconf 89' lang='grc' dir='ltr'><strong>ἐκ</strong></span> 
     </span>
    </p>
   </div>
   <div class='ocr_carea' id='block_1_12' title="bbox 75 899 1671 975">
    <p class='ocr_par' dir='ltr' id='par_1_12' title="bbox 75 899 1671 975">
     <span class='ocr_line' id='line_1_12' title="bbox 75 899 1671 975; baseline -0.003 -20"><span class='ocrx_word' id='word_1_57' title='bbox 75 904 269 974; x_wconf 81' lang='grc' dir='ltr'>φυλῆς</span> <span class='ocrx_word' id='word_1_58' title='bbox 302 904 557 973; x_wconf 88' lang='grc' dir='ltr'>Συμεὼν,</span> <span class='ocrx_word' id='word_1_59' title='bbox 600 902 771 975; x_wconf 85' lang='grc' dir='ltr'><strong>ἀγροῦ</strong></span> <span class='ocrx_word' id='word_1_60' title='bbox 817 899 1078 972; x_wconf 87' lang='grc' dir='ltr'>Σαϐαρὼθ</span> <span class='ocrx_word' id='word_1_61' title='bbox 1131 901 1242 971; x_wconf 71' lang='grc'><strong>(12)</strong></span> <span class='ocrx_word' id='word_1_62' title='bbox 1287 899 1381 954; x_wconf 78' lang='grc' dir='ltr'>καὶ</span> <span class='ocrx_word' id='word_1_63' title='bbox 1427 899 1671 968; x_wconf 83' lang='grc' dir='ltr'>προεφή-</span> 
     </span>
    </p>
   </div>
   <div class='ocr_carea' id='block_1_13' title="bbox 73 987 1671 1067">
    <p class='ocr_par' dir='ltr' id='par_1_13' title="bbox 73 987 1671 1067">
     <span class='ocr_line' id='line_1_13' title="bbox 73 987 1671 1067; baseline -0.004 -20"><span class='ocrx_word' id='word_1_64' title='bbox 73 1011 254 1047; x_wconf 85' lang='grc' dir='ltr'>τευσε</span> <span class='ocrx_word' id='word_1_65' title='bbox 307 995 570 1067; x_wconf 76' lang='grc' dir='ltr'>περὶτῆς</span> <span class='ocrx_word' id='word_1_66' title='bbox 605 994 813 1056; x_wconf 84' lang='grc' dir='ltr'>πόλεως</span> <span class='ocrx_word' id='word_1_67' title='bbox 864 991 1220 1064; x_wconf 81' lang='grc' dir='ltr'>Ἰερουσαλὴμ</span> <span class='ocrx_word' id='word_1_68' title='bbox 1267 989 1362 1043; x_wconf 81' lang='grc' dir='ltr'>καὶ</span> <span class='ocrx_word' id='word_1_69' title='bbox 1403 988 1534 1059; x_wconf 76' lang='grc' dir='ltr'>περὶ</span> <span class='ocrx_word' id='word_1_70' title='bbox 1577 987 1671 1040; x_wconf 87' lang='grc' dir='ltr'>τέ-</span> 
     </span>
    </p>
   </div>
   <div class='ocr_carea' id='block_1_14' title="bbox 75 1079 1669 1156">
    <p class='ocr_par' dir='ltr' id='par_1_14' title="bbox 75 1079 1669 1156">
     <span class='ocr_line' id='line_1_14' title="bbox 75 1079 1669 1156; baseline -0.002 -20"><span class='ocrx_word' id='word_1_71' title='bbox 75 1084 216 1148; x_wconf 84' lang='grc' dir='ltr'>λους</span> <span class='ocrx_word' id='word_1_72' title='bbox 250 1085 499 1156; x_wconf 82' lang='grc' dir='ltr'>Ἰσραὴλ,</span> <span class='ocrx_word' id='word_1_73' title='bbox 517 1085 613 1139; x_wconf 72' lang='grc' dir='ltr'>καὶ</span> <span class='ocrx_word' id='word_1_74' title='bbox 634 1085 1050 1153; x_wconf 79' lang='grc' dir='ltr'>ἁντεισαγωγῆς</span> <span class='ocrx_word' id='word_1_75' title='bbox 1067 1083 1162 1136; x_wconf 72' lang='grc' dir='ltr'><strong>καὶ</strong></span> <span class='ocrx_word' id='word_1_76' title='bbox 1183 1081 1454 1152; x_wconf 80' lang='grc' dir='ltr'><strong>σωτηρίας</strong></span> <span class='ocrx_word' id='word_1_77' title='bbox 1479 1079 1669 1145; x_wconf 82' lang='grc' dir='ltr'>ἐθνῶν,</span> 
     </span>
    </p>
   </div>
   <div class='ocr_carea' id='block_1_15' title="bbox 76 1171 1672 1247">
    <p class='ocr_par' dir='ltr' id='par_1_15' title="bbox 76 1171 1672 1247">
     <span class='ocr_line' id='line_1_15' title="bbox 76 1171 1672 1247; baseline -0.005 -17"><span class='ocrx_word' id='word_1_78' title='bbox 76 1177 184 1230; x_wconf 72' lang='grc' dir='ltr'><strong>καὶ</strong></span> <span class='ocrx_word' id='word_1_79' title='bbox 244 1175 516 1247; x_wconf 73' lang='grc' dir='ltr'><strong>αἰσχύνης</strong></span> <span class='ocrx_word' id='word_1_80' title='bbox 561 1175 797 1240; x_wconf 83' lang='grc' dir='ltr'>ἀσεϐῶν,</span> <span class='ocrx_word' id='word_1_81' title='bbox 830 1175 926 1228; x_wconf 76' lang='grc' dir='ltr'><strong>καὶ</strong></span> <span class='ocrx_word' id='word_1_82' title='bbox 956 1174 1114 1242; x_wconf 76' lang='grc' dir='ltr'>δόξης</span> <span class='ocrx_word' id='word_1_83' title='bbox 1139 1173 1385 1236; x_wconf 86' lang='grc' dir='ltr'>δικαίων,</span> <span class='ocrx_word' id='word_1_84' title='bbox 1430 1171 1523 1226; x_wconf 72' lang='grc' dir='ltr'>καὶ</span> <span class='ocrx_word' id='word_1_85' title='bbox 1550 1186 1672 1241; x_wconf 86' lang='grc' dir='ltr'>κρι-</span> 
     </span>
    </p>
   </div>
   <div class='ocr_carea' id='block_1_16' title="bbox 75 1259 1672 1337">
    <p class='ocr_par' dir='ltr' id='par_1_16' title="bbox 75 1259 1672 1337">
     <span class='ocr_line' id='line_1_16' title="bbox 75 1259 1672 1337; baseline -0.001 -19"><span class='ocrx_word' id='word_1_86' title='bbox 75 1266 184 1319; x_wconf 88' lang='grc' dir='ltr'><strong>τοῦ</strong></span> <span class='ocrx_word' id='word_1_87' title='bbox 239 1267 428 1337; x_wconf 84' lang='grc' dir='ltr'>πάσης</span> <span class='ocrx_word' id='word_1_88' title='bbox 474 1267 674 1337; x_wconf 56' lang='lat' dir='ltr'><strong>moi-5&#39;</strong></span> <span class='ocrx_word' id='word_1_89' title='bbox 709 1265 804 1320; x_wconf 62' lang='grc' dir='ltr'><strong>καὶ⁵</strong></span> <span class='ocrx_word' id='word_1_90' title='bbox 853 1263 1032 1320; x_wconf 87' lang='grc' dir='ltr'>θανὼν</span> <span class='ocrx_word' id='word_1_91' title='bbox 1080 1264 1252 1334; x_wconf 80' lang='grc' dir='ltr'>ἐτάφη</span> <span class='ocrx_word' id='word_1_92' title='bbox 1298 1266 1354 1318; x_wconf 84' lang='grc' dir='ltr'><strong>ἐν</strong></span> <span class='ocrx_word' id='word_1_93' title='bbox 1397 1261 1474 1332; x_wconf 81' lang='grc' dir='ltr'>τῷ</span> <span class='ocrx_word' id='word_1_94' title='bbox 1516 1259 1672 1331; x_wconf 80' lang='grc' dir='ltr'>ἀγρῷ</span> 
     </span>
    </p>
   </div>
   <div class='ocr_carea' id='block_1_17' title="bbox 77 1376 290 1412">
    <p class='ocr_par' dir='ltr' id='par_1_17' title="bbox 77 1376 290 1412">
     <span class='ocr_line' id='line_1_17' title="bbox 77 1376 290 1412; baseline -0.005 0"><span class='ocrx_word' id='word_1_95' title='bbox 77 1376 290 1412; x_wconf 70' lang='grc' dir='ltr'>αυτοῦ.</span> 
     </span>
    </p>
   </div>
   <div class='ocr_carea' id='block_1_18' title="bbox 329 1516 1445 1573">
    <p class='ocr_par' dir='ltr' id='par_1_18' title="bbox 329 1516 1445 1573">
     <span class='ocr_line' id='line_1_18' title="bbox 329 1516 1445 1573; baseline -0.002 -2"><span class='ocrx_word' id='word_1_96' title='bbox 329 1517 675 1573; x_wconf 80' lang='grc' dir='ltr'><strong>ΚΕΦΑΛΑΙΑ</strong></span> <span class='ocrx_word' id='word_1_97' title='bbox 711 1516 1004 1570; x_wconf 75' lang='grc' dir='ltr'><strong>ΑΓΓΑΙΟΥ</strong></span> <span class='ocrx_word' id='word_1_98' title='bbox 1057 1516 1445 1571; x_wconf 75' lang='grc' dir='ltr'><strong>ΠΡΟΦΗΤΟΥ.</strong></span> 
     </span>
    </p>
   </div>
   <div class='ocr_carea' id='block_1_19' title="bbox 155 1627 1670 1700">
    <p class='ocr_par' dir='ltr' id='par_1_19' title="bbox 155 1627 1670 1700">
     <span class='ocr_line' id='line_1_19' title="bbox 155 1627 1670 1700; baseline -0.004 -16"><span class='ocrx_word' id='word_1_99' title='bbox 155 1637 234 1684; x_wconf 85' lang='grc' dir='ltr'>α’.</span> <span class='ocrx_word' id='word_1_100' title='bbox 306 1630 702 1700; x_wconf 79' lang='grc' dir='ltr'>Ἀγανάκτησις</span> <span class='ocrx_word' id='word_1_101' title='bbox 747 1628 884 1684; x_wconf 83' lang='grc' dir='ltr'>Θεοῦ</span> <span class='ocrx_word' id='word_1_102' title='bbox 931 1630 1075 1685; x_wconf 79' lang='grc' dir='ltr'>κατὰ</span> <span class='ocrx_word' id='word_1_103' title='bbox 1119 1629 1228 1683; x_wconf 90' lang='grc' dir='ltr'><strong>τῶν</strong></span> <span class='ocrx_word' id='word_1_104' title='bbox 1284 1627 1670 1699; x_wconf 76' lang='grc' dir='ltr'>ῥᾳθυμούντων</span> 
     </span>
    </p>
   </div>
   <div class='ocr_carea' id='block_1_20' title="bbox 1843 811 3337 884">
    <p class='ocr_par' dir='ltr' id='par_1_20' title="bbox 1843 811 3337 884">
     <span class='ocr_line' id='line_1_20' title="bbox 1843 811 3337 884; baseline 0.003 -19"><span class='ocrx_word' id='word_1_105' title='bbox 1843 811 2151 882; x_wconf 89' lang='lat' dir='ltr'><strong>Sophonias</strong></span> <span class='ocrx_word' id='word_1_106' title='bbox 2181 812 2451 883; x_wconf 77' lang='lat' dir='ltr'><strong>signiﬁcat</strong></span> <span class='ocrx_word' id='word_1_107' title='bbox 2486 813 2698 884; x_wconf 74' lang='lat' dir='ltr'><strong>specula</strong></span> <span class='ocrx_word' id='word_1_108' title='bbox 2735 812 2963 869; x_wconf 77' lang='lat' dir='ltr'><strong>Domini.</strong></span> <span class='ocrx_word' id='word_1_109' title='bbox 2997 812 3096 871; x_wconf 87' lang='lat' dir='ltr'><strong>llic</strong></span> <span class='ocrx_word' id='word_1_110' title='bbox 3127 823 3244 870; x_wconf 89' lang='lat' dir='ltr'><strong>erat</strong></span> <span class='ocrx_word' id='word_1_111' title='bbox 3271 831 3337 871; x_wconf 75' lang='lat' dir='ltr'><strong>ex</strong></span> 
     </span>
    </p>
   </div>
   <div class='ocr_carea' id='block_1_21' title="bbox 1774 903 3340 975">
    <p class='ocr_par' dir='ltr' id='par_1_21' title="bbox 1774 903 3340 975">
     <span class='ocr_line' id='line_1_21' title="bbox 1774 903 3340 975; baseline 0.003 -17"><span class='ocrx_word' id='word_1_112' title='bbox 1774 903 1918 959; x_wconf 85' lang='lat' dir='ltr'><strong>tribu</strong></span> <span class='ocrx_word' id='word_1_113' title='bbox 1949 903 2192 968; x_wconf 83' lang='lat' dir='ltr'><strong>Simeon,</strong></span> <span class='ocrx_word' id='word_1_114' title='bbox 2218 919 2248 958; x_wconf 92' lang='lat' dir='ltr'><strong>e</strong></span> <span class='ocrx_word' id='word_1_115' title='bbox 2269 905 2488 975; x_wconf 80' lang='lat' dir='ltr'><strong>regione</strong></span> <span class='ocrx_word' id='word_1_116' title='bbox 2504 904 2791 960; x_wconf 88' lang='lat' dir='ltr'><strong>Sabaroth.</strong></span> <span class='ocrx_word' id='word_1_117' title='bbox 2828 905 2894 960; x_wconf 89' lang='lat' dir='ltr'><strong>Et</strong></span> <span class='ocrx_word' id='word_1_118' title='bbox 2914 906 3239 964; x_wconf 69' lang='lat' dir='ltr'><strong>vaticinatus</strong></span> <span class='ocrx_word' id='word_1_119' title='bbox 3257 917 3340 963; x_wconf 87' lang='lat' dir='ltr'><strong>est</strong></span> 
     </span>
    </p>
   </div>
   <div class='ocr_carea' id='block_1_22' title="bbox 1772 992 3341 1058">
    <p class='ocr_par' dir='ltr' id='par_1_22' title="bbox 1772 992 3341 1058">
     <span class='ocr_line' id='line_1_22' title="bbox 1772 992 3341 1058; baseline 0.001 -8"><span class='ocrx_word' id='word_1_120' title='bbox 1772 995 1844 1050; x_wconf 91' lang='lat' dir='ltr'><strong>de</strong></span> <span class='ocrx_word' id='word_1_121' title='bbox 1871 994 2006 1050; x_wconf 82' lang='lat' dir='ltr'><strong>urbe</strong></span> <span class='ocrx_word' id='word_1_122' title='bbox 2033 992 2358 1058; x_wconf 83' lang='lat' dir='ltr'><strong>Jerusalem,</strong></span> <span class='ocrx_word' id='word_1_123' title='bbox 2388 1007 2442 1050; x_wconf 86' lang='lat' dir='ltr'><strong>et</strong></span> <span class='ocrx_word' id='word_1_124' title='bbox 2472 995 2540 1050; x_wconf 90' lang='lat' dir='ltr'><strong>de</strong></span> <span class='ocrx_word' id='word_1_125' title='bbox 2563 996 2668 1052; x_wconf 87' lang='lat' dir='ltr'><strong>line</strong></span> <span class='ocrx_word' id='word_1_126' title='bbox 2691 997 2854 1052; x_wconf 84' lang='lat' dir='ltr'><strong>Israel</strong></span> <span class='ocrx_word' id='word_1_127' title='bbox 2886 1006 2942 1052; x_wconf 89' lang='lat' dir='ltr'><strong>et</strong></span> <span class='ocrx_word' id='word_1_128' title='bbox 2971 997 3039 1053; x_wconf 87' lang='lat' dir='ltr'><strong>de</strong></span> <span class='ocrx_word' id='word_1_129' title='bbox 3066 997 3341 1053; x_wconf 71' lang='lat' dir='ltr'><strong>suﬂectio-</strong></span> 
     </span>
    </p>
   </div>
   <div class='ocr_carea' id='block_1_23' title="bbox 1772 1085 3339 1157">
    <p class='ocr_par' dir='ltr' id='par_1_23' title="bbox 1772 1085 3339 1157">
     <span class='ocr_line' id='line_1_23' title="bbox 1772 1085 3339 1157; baseline 0.001 -17"><span class='ocrx_word' id='word_1_130' title='bbox 1772 1100 1840 1142; x_wconf 91' lang='lat' dir='ltr'><strong>ne</strong></span> <span class='ocrx_word' id='word_1_131' title='bbox 1857 1085 2099 1155; x_wconf 76' lang='lat' dir='ltr'><strong>gentium</strong></span> <span class='ocrx_word' id='word_1_132' title='bbox 2117 1085 2172 1146; x_wconf 87' lang='lat' dir='ltr'><strong>in</strong></span> <span class='ocrx_word' id='word_1_133' title='bbox 2192 1086 2312 1157; x_wconf 75' lang='lat' dir='ltr'><strong>ejus</strong></span> <span class='ocrx_word' id='word_1_134' title='bbox 2330 1086 2450 1142; x_wconf 91' lang='lat' dir='ltr'><strong>loco</strong></span> <span class='ocrx_word' id='word_1_135' title='bbox 2461 1087 2966 1157; x_wconf 78' lang='lat' dir='ltr'><strong>earumquesalute,</strong></span> <span class='ocrx_word' id='word_1_136' title='bbox 2987 1097 3042 1142; x_wconf 85' lang='lat' dir='ltr'><strong>et</strong></span> <span class='ocrx_word' id='word_1_137' title='bbox 3059 1089 3128 1144; x_wconf 89' lang='lat' dir='ltr'><strong>de</strong></span> <span class='ocrx_word' id='word_1_138' title='bbox 3146 1087 3339 1143; x_wconf 81' lang='lat' dir='ltr'><strong>confu-</strong></span> 
     </span>
    </p>
   </div>
   <div class='ocr_carea' id='block_1_24' title="bbox 1773 1176 3340 1248">
    <p class='ocr_par' dir='ltr' id='par_1_24' title="bbox 1773 1176 3340 1248">
     <span class='ocr_line' id='line_1_24' title="bbox 1773 1176 3340 1248; baseline 0 -18"><span class='ocrx_word' id='word_1_139' title='bbox 1773 1176 1928 1232; x_wconf 86' lang='lat' dir='ltr'><strong>sione</strong></span> <span class='ocrx_word' id='word_1_140' title='bbox 1956 1177 2266 1246; x_wconf 88' lang='lat' dir='ltr'><strong>impiorum,</strong></span> <span class='ocrx_word' id='word_1_141' title='bbox 2293 1185 2348 1230; x_wconf 89' lang='lat' dir='ltr'><strong>et</strong></span> <span class='ocrx_word' id='word_1_142' title='bbox 2377 1177 2443 1232; x_wconf 91' lang='lat' dir='ltr'><strong>de</strong></span> <span class='ocrx_word' id='word_1_143' title='bbox 2467 1177 2637 1248; x_wconf 77' lang='lat' dir='ltr'><strong>gloria</strong></span> <span class='ocrx_word' id='word_1_144' title='bbox 2660 1178 2963 1247; x_wconf 81' lang='lat' dir='ltr'><strong>justorum,</strong></span> <span class='ocrx_word' id='word_1_145' title='bbox 2980 1185 3037 1232; x_wconf 90' lang='lat' dir='ltr'><strong>et</strong></span> <span class='ocrx_word' id='word_1_146' title='bbox 3063 1177 3132 1233; x_wconf 85' lang='lat' dir='ltr'><strong>de</strong></span> <span class='ocrx_word' id='word_1_147' title='bbox 3157 1177 3340 1248; x_wconf 76' lang='lat' dir='ltr'><strong>judice</strong></span> 
     </span>
    </p>
   </div>
   <div class='ocr_carea' id='block_1_25' title="bbox 1771 1265 3340 1338">
    <p class='ocr_par' dir='ltr' id='par_1_25' title="bbox 1771 1265 3340 1338">
     <span class='ocr_line' id='line_1_25' title="bbox 1771 1265 3340 1338; baseline 0 -18"><span class='ocrx_word' id='word_1_148' title='bbox 1771 1266 1952 1322; x_wconf 86' lang='lat' dir='ltr'><strong>omnis</strong></span> <span class='ocrx_word' id='word_1_149' title='bbox 1982 1265 2228 1336; x_wconf 75' lang='lat' dir='ltr'><strong>spiritus.</strong></span> <span class='ocrx_word' id='word_1_150' title='bbox 2281 1266 2348 1321; x_wconf 86' lang='lat' dir='ltr'><strong>Et</strong></span> <span class='ocrx_word' id='word_1_151' title='bbox 2377 1276 2624 1322; x_wconf 81' lang='lat' dir='ltr'><strong>mortuus</strong></span> <span class='ocrx_word' id='word_1_152' title='bbox 2651 1266 2898 1338; x_wconf 83' lang='lat' dir='ltr'><strong>sepultus</strong></span> <span class='ocrx_word' id='word_1_153' title='bbox 2923 1275 3007 1323; x_wconf 88' lang='lat' dir='ltr'><strong>cst</strong></span> <span class='ocrx_word' id='word_1_154' title='bbox 3031 1266 3087 1322; x_wconf 86' lang='lat' dir='ltr'><strong>in</strong></span> <span class='ocrx_word' id='word_1_155' title='bbox 3121 1266 3340 1337; x_wconf 75' lang='lat' dir='ltr'><strong>regione</strong></span> 
     </span>
    </p>
   </div>
   <div class='ocr_carea' id='block_1_26' title="bbox 1773 1374 1891 1415">
    <p class='ocr_par' dir='ltr' id='par_1_26' title="bbox 1773 1374 1891 1415">
     <span class='ocr_line' id='line_1_26' title="bbox 1773 1374 1891 1415; baseline -0.017 -3"><span class='ocrx_word' id='word_1_156' title='bbox 1773 1374 1891 1415; x_wconf 82' lang='lat' dir='ltr'><strong>sua.</strong></span> 
     </span>
    </p>
   </div>
   <div class='ocr_carea' id='block_1_27' title="bbox 2051 1517 3056 1577">
    <p class='ocr_par' dir='ltr' id='par_1_27' title="bbox 2051 1517 3056 1577">
     <span class='ocr_line' id='line_1_27' title="bbox 2051 1517 3056 1577; baseline 0.001 -4"><span class='ocrx_word' id='word_1_157' title='bbox 2051 1517 2299 1574; x_wconf 79' lang='lat' dir='ltr'><strong>CAPITA</strong></span> <span class='ocrx_word' id='word_1_158' title='bbox 2357 1519 2589 1577; x_wconf 73' lang='lat' dir='ltr'><strong>AGG/El</strong></span> <span class='ocrx_word' id='word_1_159' title='bbox 2641 1517 3056 1575; x_wconf 62' lang='lat' dir='ltr'><strong>PROPHETJE.</strong></span> 
     </span>
    </p>
   </div>
   <div class='ocr_carea' id='block_1_28' title="bbox 1845 1626 3341 1703">
    <p class='ocr_par' dir='ltr' id='par_1_28' title="bbox 1845 1626 3341 1703">
     <span class='ocr_line' id='line_1_28' title="bbox 1845 1626 3341 1703; baseline -0.003 -18"><span class='ocrx_word' id='word_1_160' title='bbox 1845 1631 1883 1686; x_wconf 90' lang='grc' dir='ltr'>Ι.</span> <span class='ocrx_word' id='word_1_161' title='bbox 1912 1632 2216 1703; x_wconf 80' lang='lat' dir='ltr'><strong>Indignatio</strong></span> <span class='ocrx_word' id='word_1_162' title='bbox 2247 1631 2342 1685; x_wconf 89' lang='lat' dir='ltr'><strong>Dei</strong></span> <span class='ocrx_word' id='word_1_163' title='bbox 2369 1641 2561 1685; x_wconf 85' lang='lat' dir='ltr'><strong>contra</strong></span> <span class='ocrx_word' id='word_1_164' title='bbox 2599 1630 2922 1700; x_wconf 84' lang='lat' dir='ltr'><strong>pigritantes</strong></span> <span class='ocrx_word' id='word_1_165' title='bbox 2950 1628 3004 1682; x_wconf 91' lang='lat' dir='ltr'><strong>in</strong></span> <span class='ocrx_word' id='word_1_166' title='bbox 3028 1626 3341 1683; x_wconf 55' lang='lat' dir='ltr'><strong>aediﬁcatio-</strong></span> 
     </span>
    </p>
   </div>
   <div class='ocr_carea' id='block_1_29' title="bbox 75 1719 1660 1796">
    <p class='ocr_par' dir='ltr' id='par_1_29' title="bbox 75 1719 1660 1793">
     <span class='ocr_line' id='line_1_29' title="bbox 75 1719 1660 1793; baseline -0.001 -19"><span class='ocrx_word' id='word_1_167' title='bbox 75 1723 186 1790; x_wconf 78' lang='grc' dir='ltr'>τῆς</span> <span class='ocrx_word' id='word_1_168' title='bbox 220 1722 514 1793; x_wconf 75' lang='grc' dir='ltr'><strong>οἰκοδομῆς</strong></span> <span class='ocrx_word' id='word_1_169' title='bbox 557 1721 652 1775; x_wconf 88' lang='grc' dir='ltr'><strong>τοῦ</strong></span> <span class='ocrx_word' id='word_1_170' title='bbox 701 1721 864 1776; x_wconf 84' lang='grc' dir='ltr'>ναοῦ’</span> <span class='ocrx_word' id='word_1_171' title='bbox 918 1721 1013 1774; x_wconf 75' lang='grc' dir='ltr'>καὶ</span> <span class='ocrx_word' id='word_1_172' title='bbox 1061 1720 1310 1791; x_wconf 77' lang='grc' dir='ltr'><strong>διήγησις</strong></span> <span class='ocrx_word' id='word_1_173' title='bbox 1355 1721 1457 1775; x_wconf 80' lang='grc' dir='ltr'><strong>ὅσα</strong></span> <span class='ocrx_word' id='word_1_174' title='bbox 1486 1719 1660 1784; x_wconf 80' lang='grc' dir='ltr'>αὐτοῖς</span> 
     </span>
    </p>
   </div>
   <div class='ocr_carea' id='block_1_30' title="bbox 1823 1719 3337 1796">
    <p class='ocr_par' dir='ltr' id='par_1_30' title="bbox 1823 1723 3337 1796">
     <span class='ocr_line' id='line_1_30' title="bbox 1823 1723 3337 1796; baseline -0.001 -16"><span class='ocrx_word' id='word_1_175' title='bbox 1823 1742 1845 1780; x_wconf 82' lang='lat' dir='ltr'><strong>e</strong></span> <span class='ocrx_word' id='word_1_176' title='bbox 1875 1726 2084 1795; x_wconf 80' lang='lat' dir='ltr'><strong>templi;</strong></span> <span class='ocrx_word' id='word_1_177' title='bbox 2101 1735 2158 1782; x_wconf 88' lang='lat' dir='ltr'><strong>et</strong></span> <span class='ocrx_word' id='word_1_178' title='bbox 2189 1725 2481 1796; x_wconf 81' lang='lat' dir='ltr'><strong>exponitur</strong></span> <span class='ocrx_word' id='word_1_179' title='bbox 2504 1725 2794 1796; x_wconf 78' lang='lat' dir='ltr'><strong>quotipsis</strong></span> <span class='ocrx_word' id='word_1_180' title='bbox 2824 1725 2954 1783; x_wconf 86' lang='lat' dir='ltr'><strong>inde</strong></span> <span class='ocrx_word' id='word_1_181' title='bbox 2976 1723 3116 1784; x_wconf 87' lang='lat' dir='ltr'><strong>mala</strong></span> <span class='ocrx_word' id='word_1_182' title='bbox 3143 1737 3337 1794; x_wconf 75' lang='lat' dir='ltr'><strong>snper-</strong></span> 
     </span>
    </p>
   </div>
   <div class='ocr_carea' id='block_1_31' title="bbox 77 1812 1508 1886">
    <p class='ocr_par' dir='ltr' id='par_1_31' title="bbox 77 1812 1508 1886">
     <span class='ocr_line' id='line_1_31' title="bbox 77 1812 1508 1886; baseline 0 -21"><span class='ocrx_word' id='word_1_183' title='bbox 77 1815 349 1868; x_wconf 80' lang='grc' dir='ltr'>ἐντεῦθεν</span> <span class='ocrx_word' id='word_1_184' title='bbox 379 1814 574 1886; x_wconf 87' lang='grc' dir='ltr'>συνέϐη</span> <span class='ocrx_word' id='word_1_185' title='bbox 614 1814 780 1878; x_wconf 84' lang='grc' dir='ltr'>κακὰ,</span> <span class='ocrx_word' id='word_1_186' title='bbox 811 1815 910 1868; x_wconf 82' lang='grc' dir='ltr'>ὅσα</span> <span class='ocrx_word' id='word_1_187' title='bbox 937 1813 993 1866; x_wconf 79' lang='grc' dir='ltr'>δὲ</span> <span class='ocrx_word' id='word_1_188' title='bbox 1024 1815 1117 1867; x_wconf 76' lang='grc' dir='ltr'><strong>καὶ</strong></span> <span class='ocrx_word' id='word_1_189' title='bbox 1147 1812 1508 1885; x_wconf 87' lang='grc' dir='ltr'>συμϐήσεται.</span> 
     </span>
    </p>
   </div>
   <div class='ocr_carea' id='block_1_32' title="bbox 157 1901 1667 1976">
    <p class='ocr_par' dir='ltr' id='par_1_32' title="bbox 157 1901 1667 1976">
     <span class='ocr_line' id='line_1_32' title="bbox 157 1901 1667 1976; baseline -0.001 -18"><span class='ocrx_word' id='word_1_190' title='bbox 157 1905 231 1976; x_wconf 86' lang='grc' dir='ltr'><strong>β’.</strong></span> <span class='ocrx_word' id='word_1_191' title='bbox 299 1903 542 1976; x_wconf 82' lang='grc' dir='ltr'>’Υπακοὴ</span> <span class='ocrx_word' id='word_1_192' title='bbox 589 1904 698 1957; x_wconf 91' lang='grc' dir='ltr'><strong>τῶν</strong></span> <span class='ocrx_word' id='word_1_193' title='bbox 729 1904 1029 1975; x_wconf 81' lang='grc' dir='ltr'><strong>ἀρχόντων,</strong></span> <span class='ocrx_word' id='word_1_194' title='bbox 1080 1902 1246 1958; x_wconf 76' lang='grc' dir='ltr'>αὐτοῦ</span> <span class='ocrx_word' id='word_1_195' title='bbox 1277 1920 1337 1957; x_wconf 89' lang='grc' dir='ltr'><strong>τε</strong></span> <span class='ocrx_word' id='word_1_196' title='bbox 1369 1903 1462 1956; x_wconf 90' lang='grc' dir='ltr'><strong>τοῦ</strong></span> <span class='ocrx_word' id='word_1_197' title='bbox 1502 1901 1667 1958; x_wconf 87' lang='grc' dir='ltr'>λαοῦ·</span> 
     </span>
    </p>
   </div>
   <div class='ocr_carea' id='block_1_33' title="bbox 77 1994 1669 2068">
    <p class='ocr_par' dir='ltr' id='par_1_33' title="bbox 77 1994 1669 2068">
     <span class='ocr_line' id='line_1_33' title="bbox 77 1994 1669 2068; baseline -0.001 -19"><span class='ocrx_word' id='word_1_198' title='bbox 77 1997 181 2051; x_wconf 77' lang='grc' dir='ltr'>καὶ</span> <span class='ocrx_word' id='word_1_199' title='bbox 230 1997 442 2066; x_wconf 85' lang='grc' dir='ltr'>σπουδὴ</span> <span class='ocrx_word' id='word_1_200' title='bbox 477 1995 704 2065; x_wconf 77' lang='grc' dir='ltr'>περὶτὰ</span> <span class='ocrx_word' id='word_1_201' title='bbox 747 1996 884 2068; x_wconf 77' lang='grc' dir='ltr'>ἔργα</span> <span class='ocrx_word' id='word_1_202' title='bbox 926 1995 1019 2050; x_wconf 93' lang='grc' dir='ltr'><strong>τοῦ</strong></span> <span class='ocrx_word' id='word_1_203' title='bbox 1069 1996 1231 2051; x_wconf 90' lang='grc' dir='ltr'>ναοῦ·</span> <span class='ocrx_word' id='word_1_204' title='bbox 1269 1995 1491 2050; x_wconf 74' lang='grc' dir='ltr'>καὶτοῦ</span> <span class='ocrx_word' id='word_1_205' title='bbox 1535 1994 1669 2049; x_wconf 80' lang='grc' dir='ltr'>Θεοῦ</span> 
     </span>
    </p>
   </div>
   <div class='ocr_carea' id='block_1_34' title="bbox 75 2085 1668 2159">
    <p class='ocr_par' dir='ltr' id='par_1_34' title="bbox 75 2085 1668 2159">
     <span class='ocr_line' id='line_1_34' title="bbox 75 2085 1668 2159; baseline 0 -21"><span class='ocrx_word' id='word_1_206' title='bbox 75 2088 227 2157; x_wconf 81' lang='grc' dir='ltr'>πρὸς</span> <span class='ocrx_word' id='word_1_207' title='bbox 256 2087 459 2151; x_wconf 82' lang='grc' dir='ltr'>αὐτοὺς</span> <span class='ocrx_word' id='word_1_208' title='bbox 487 2086 892 2157; x_wconf 83' lang='grc' dir='ltr'>προσφώνησις,</span> <span class='ocrx_word' id='word_1_209' title='bbox 923 2085 1393 2156; x_wconf 72' lang='grc' dir='ltr'>ἁνδρίξεσθαικαὶ</span> <span class='ocrx_word' id='word_1_210' title='bbox 1423 2086 1668 2159; x_wconf 78' lang='grc' dir='ltr'>θαρρεῖν,</span> 
     </span>
    </p>
   </div>
   <div class='ocr_carea' id='block_1_35' title="bbox 77 2176 1673 2251">
    <p class='ocr_par' dir='ltr' id='par_1_35' title="bbox 77 2176 1673 2251">
     <span class='ocr_line' id='line_1_35' title="bbox 77 2176 1673 2251; baseline 0.001 -21"><span class='ocrx_word' id='word_1_211' title='bbox 77 2180 176 2230; x_wconf 71' lang='grc' dir='ltr'>καὶ</span> <span class='ocrx_word' id='word_1_212' title='bbox 207 2176 510 2247; x_wconf 77' lang='grc' dir='ltr'>γινώσκειν</span> <span class='ocrx_word' id='word_1_213' title='bbox 543 2179 635 2234; x_wconf 84' lang='grc' dir='ltr'><strong>τὸν</strong></span> <span class='ocrx_word' id='word_1_214' title='bbox 668 2178 801 2232; x_wconf 86' lang='grc' dir='ltr'>Θεὸν</span> <span class='ocrx_word' id='word_1_215' title='bbox 832 2177 997 2233; x_wconf 75' lang='grc' dir='ltr'>αὑτὸν</span> <span class='ocrx_word' id='word_1_216' title='bbox 1042 2176 1271 2251; x_wconf 80' lang='grc' dir='ltr'>[αὐτῶν]</span> <span class='ocrx_word' id='word_1_217' title='bbox 1310 2177 1673 2250; x_wconf 76' lang='grc' dir='ltr'>ἐφιστάμενον</span> 
     </span>
    </p>
   </div>
   <div class='ocr_carea' id='block_1_36' title="bbox 75 2271 342 2342">
    <p class='ocr_par' dir='ltr' id='par_1_36' title="bbox 75 2271 342 2342">
     <span class='ocr_line' id='line_1_36' title="bbox 75 2271 342 2342; baseline 0 -18"><span class='ocrx_word' id='word_1_218' title='bbox 75 2271 342 2342; x_wconf 75' lang='grc' dir='ltr'>ἔχοντας.</span> 
     </span>
    </p>
   </div>
   <div class='ocr_carea' id='block_1_37' title="bbox 152 2359 1670 2433">
    <p class='ocr_par' dir='ltr' id='par_1_37' title="bbox 152 2359 1670 2433">
     <span class='ocr_line' id='line_1_37' title="bbox 152 2359 1670 2433; baseline -0.002 -18"><span class='ocrx_word' id='word_1_219' title='bbox 152 2368 229 2428; x_wconf 77' lang='grc' dir='ltr'>γ’.</span> <span class='ocrx_word' id='word_1_220' title='bbox 267 2362 581 2433; x_wconf 80' lang='grc' dir='ltr'>Πρόρῤησις</span> <span class='ocrx_word' id='word_1_221' title='bbox 616 2360 730 2415; x_wconf 80' lang='grc' dir='ltr'><strong>τῶν</strong></span> <span class='ocrx_word' id='word_1_222' title='bbox 752 2362 844 2414; x_wconf 80' lang='grc' dir='ltr'><strong>ἐπὶ</strong></span> <span class='ocrx_word' id='word_1_223' title='bbox 870 2359 964 2414; x_wconf 90' lang='grc' dir='ltr'><strong>τοῦ</strong></span> <span class='ocrx_word' id='word_1_224' title='bbox 991 2360 1225 2430; x_wconf 88' lang='grc' dir='ltr'>σταυροῦ</span> <span class='ocrx_word' id='word_1_225' title='bbox 1250 2363 1363 2425; x_wconf 85' lang='grc' dir='ltr'>τοῖς</span> <span class='ocrx_word' id='word_1_226' title='bbox 1389 2359 1670 2431; x_wconf 80' lang='grc' dir='ltr'>στοιχείοις</span> 
     </span>
    </p>
   </div>
   <div class='ocr_carea' id='block_1_38' title="bbox 80 2452 1666 2524">
    <p class='ocr_par' dir='ltr' id='par_1_38' title="bbox 80 2452 1666 2524">
     <span class='ocr_line' id='line_1_38' title="bbox 80 2452 1666 2524; baseline 0.001 -19"><span class='ocrx_word' id='word_1_227' title='bbox 80 2453 570 2523; x_wconf 72' lang='grc' dir='ltr'>συμϐησομένων·</span> <span class='ocrx_word' id='word_1_228' title='bbox 609 2453 704 2506; x_wconf 79' lang='grc' dir='ltr'><strong>καὶ</strong></span> <span class='ocrx_word' id='word_1_229' title='bbox 747 2454 846 2523; x_wconf 76' lang='grc' dir='ltr'>τῆς</span> <span class='ocrx_word' id='word_1_230' title='bbox 894 2453 1002 2507; x_wconf 88' lang='grc' dir='ltr'><strong>τῶν</strong></span> <span class='ocrx_word' id='word_1_231' title='bbox 1052 2452 1224 2508; x_wconf 86' lang='grc' dir='ltr'>ἐθνῶν</span> <span class='ocrx_word' id='word_1_232' title='bbox 1271 2453 1666 2524; x_wconf 79' lang='grc' dir='ltr'>καρποφορίας,</span> 
     </span>
    </p>
   </div>
   <div class='ocr_carea' id='block_1_39' title="bbox 83 2542 1672 2617">
    <p class='ocr_par' dir='ltr' id='par_1_39' title="bbox 83 2542 1672 2617">
     <span class='ocr_line' id='line_1_39' title="bbox 83 2542 1672 2617; baseline 0.002 -21"><span class='ocrx_word' id='word_1_233' title='bbox 83 2546 186 2596; x_wconf 74' lang='grc' dir='ltr'><strong>καὶ</strong></span> <span class='ocrx_word' id='word_1_234' title='bbox 217 2544 324 2614; x_wconf 77' lang='grc' dir='ltr'>τῆς</span> <span class='ocrx_word' id='word_1_235' title='bbox 357 2544 449 2596; x_wconf 88' lang='grc' dir='ltr'><strong>τοῦ</strong></span> <span class='ocrx_word' id='word_1_236' title='bbox 484 2544 606 2596; x_wconf 90' lang='grc' dir='ltr'>νέου</span> <span class='ocrx_word' id='word_1_237' title='bbox 634 2543 764 2600; x_wconf 85' lang='grc' dir='ltr'>ναοῦ</span> <span class='ocrx_word' id='word_1_238' title='bbox 789 2542 948 2613; x_wconf 76' lang='grc' dir='ltr'>δόξης</span> <span class='ocrx_word' id='word_1_239' title='bbox 972 2560 987 2575; x_wconf 78' lang='grc'><strong>⁸</strong></span> <span class='ocrx_word' id='word_1_240' title='bbox 1022 2545 1115 2598; x_wconf 74' lang='grc' dir='ltr'>καὶ</span> <span class='ocrx_word' id='word_1_241' title='bbox 1143 2545 1239 2614; x_wconf 82' lang='grc' dir='ltr'>τῆς</span> <span class='ocrx_word' id='word_1_242' title='bbox 1271 2545 1516 2617; x_wconf 78' lang='grc' dir='ltr'>εἰρήνης,</span> <span class='ocrx_word' id='word_1_243' title='bbox 1549 2546 1672 2615; x_wconf 81' lang='grc' dir='ltr'>ἥτις</span> 
     </span>
    </p>
   </div>
   <div class='ocr_carea' id='block_1_40' title="bbox 94 2634 1671 2708">
    <p class='ocr_par' dir='ltr' id='par_1_40' title="bbox 94 2634 1671 2708">
     <span class='ocr_line' id='line_1_40' title="bbox 94 2634 1671 2708; baseline 0.003 -22"><span class='ocrx_word' id='word_1_244' title='bbox 94 2635 262 2704; x_wconf 84' lang='grc' dir='ltr'>παρὰ</span> <span class='ocrx_word' id='word_1_245' title='bbox 293 2634 386 2687; x_wconf 91' lang='grc' dir='ltr'><strong>τοῦ</strong></span> <span class='ocrx_word' id='word_1_246' title='bbox 435 2634 670 2704; x_wconf 87' lang='grc' dir='ltr'>Χριστοῦ</span> <span class='ocrx_word' id='word_1_247' title='bbox 699 2635 787 2688; x_wconf 84' lang='grc' dir='ltr'><strong>διὰ</strong></span> <span class='ocrx_word' id='word_1_248' title='bbox 834 2636 927 2689; x_wconf 90' lang='grc' dir='ltr'><strong>τοῦ</strong></span> <span class='ocrx_word' id='word_1_249' title='bbox 975 2637 1210 2708; x_wconf 88' lang='grc' dir='ltr'>σταυροῦ</span> <span class='ocrx_word' id='word_1_250' title='bbox 1246 2638 1357 2700; x_wconf 78' lang='grc' dir='ltr'>τοῖς</span> <span class='ocrx_word' id='word_1_251' title='bbox 1390 2635 1671 2694; x_wconf 79' lang='grc' dir='ltr'>εὐσεϐοῦσι</span> 
     </span>
    </p>
   </div>
   <div class='ocr_carea' id='block_1_41' title="bbox 92 2725 487 2796">
    <p class='ocr_par' dir='ltr' id='par_1_41' title="bbox 92 2725 487 2796">
     <span class='ocr_line' id='line_1_41' title="bbox 92 2725 487 2796; baseline -0.01 -15"><span class='ocrx_word' id='word_1_252' title='bbox 92 2725 487 2796; x_wconf 83' lang='grc' dir='ltr'>κατώρθωται.</span> 
     </span>
    </p>
   </div>
   <div class='ocr_carea' id='block_1_42' title="bbox 159 2817 1672 2890">
    <p class='ocr_par' dir='ltr' id='par_1_42' title="bbox 159 2817 1672 2890">
     <span class='ocr_line' id='line_1_42' title="bbox 159 2817 1672 2890; baseline -0.001 -14"><span class='ocrx_word' id='word_1_253' title='bbox 159 2822 229 2876; x_wconf 85' lang='grc' dir='ltr'>δ’.</span> <span class='ocrx_word' id='word_1_254' title='bbox 292 2817 610 2888; x_wconf 82' lang='grc' dir='ltr'>Κατηγορία</span> <span class='ocrx_word' id='word_1_255' title='bbox 664 2818 952 2882; x_wconf 76' lang='grc' dir='ltr'>Ἰουδαίων,</span> <span class='ocrx_word' id='word_1_256' title='bbox 999 2818 1076 2883; x_wconf 86' lang='grc' dir='ltr'>ὡς</span> <span class='ocrx_word' id='word_1_257' title='bbox 1121 2817 1246 2873; x_wconf 82' lang='grc' dir='ltr'>οῦτε</span> <span class='ocrx_word' id='word_1_258' title='bbox 1291 2819 1672 2890; x_wconf 79' lang='grc' dir='ltr'>ἀγιαζομένων</span> 
     </span>
    </p>
   </div>
   <div class='ocr_carea' id='block_1_43' title="bbox 83 2910 1671 2986">
    <p class='ocr_par' dir='ltr' id='par_1_43' title="bbox 83 2910 1671 2986">
     <span class='ocr_line' id='line_1_43' title="bbox 83 2910 1671 2986; baseline 0.003 -23"><span class='ocrx_word' id='word_1_259' title='bbox 83 2913 212 2974; x_wconf 81' lang='grc' dir='ltr'>ταῖς</span> <span class='ocrx_word' id='word_1_260' title='bbox 265 2910 498 2977; x_wconf 79' lang='grc' dir='ltr'>θυσίαις,</span> <span class='ocrx_word' id='word_1_261' title='bbox 535 2912 625 2964; x_wconf 80' lang='grc' dir='ltr'>καὶ</span> <span class='ocrx_word' id='word_1_262' title='bbox 655 2913 978 2982; x_wconf 82' lang='grc' dir='ltr'>μιαινόντων</span> <span class='ocrx_word' id='word_1_263' title='bbox 1007 2915 1128 2976; x_wconf 82' lang='grc' dir='ltr'>ταῖς</span> <span class='ocrx_word' id='word_1_264' title='bbox 1173 2913 1354 2968; x_wconf 84' lang='grc' dir='ltr'>αὐτῶν</span> <span class='ocrx_word' id='word_1_265' title='bbox 1388 2915 1671 2986; x_wconf 84' lang='grc' dir='ltr'>πονηρίαις</span> 
     </span>
    </p>
   </div>
   <div class='ocr_carea' id='block_1_44' title="bbox 83 2999 1671 3076">
    <p class='ocr_par' dir='ltr' id='par_1_44' title="bbox 83 2999 1671 3076">
     <span class='ocr_line' id='line_1_44' title="bbox 83 2999 1671 3076; baseline 0.004 -20"><span class='ocrx_word' id='word_1_266' title='bbox 83 3005 221 3064; x_wconf 73' lang='grc' dir='ltr'>τοὺς</span> <span class='ocrx_word' id='word_1_267' title='bbox 268 3002 616 3071; x_wconf 77' lang='grc' dir='ltr'>ἐγγίζοντας·</span> <span class='ocrx_word' id='word_1_268' title='bbox 659 3003 755 3056; x_wconf 75' lang='grc' dir='ltr'>καὶ</span> <span class='ocrx_word' id='word_1_269' title='bbox 802 3004 1056 3076; x_wconf 83' lang='grc' dir='ltr'>διήγησις</span> <span class='ocrx_word' id='word_1_270' title='bbox 1088 2999 1164 3059; x_wconf 82' lang='grc' dir='ltr'>ὧν</span> <span class='ocrx_word' id='word_1_271' title='bbox 1211 3005 1365 3060; x_wconf 74' lang='grc' dir='ltr'>αὐτοί</span> <span class='ocrx_word' id='word_1_272' title='bbox 1389 3024 1447 3061; x_wconf 87' lang='grc' dir='ltr'><strong>τε</strong></span> <span class='ocrx_word' id='word_1_273' title='bbox 1489 3007 1582 3061; x_wconf 75' lang='grc' dir='ltr'><strong>καὶ</strong></span> <span class='ocrx_word' id='word_1_274' title='bbox 1622 3009 1671 3062; x_wconf 76' lang='grc' dir='ltr'>οἱ</span> 
     </span>
    </p>
   </div>
   <div class='ocr_carea' id='block_1_45' title="bbox 1703 1792 2170 1873">
    <p class='ocr_par' dir='ltr' id='par_1_45' title="bbox 1703 1792 2170 1873">
     <span class='ocr_line' id='line_1_45' title="bbox 1703 1792 2170 1873; baseline -0.006 0"><span class='ocrx_word' id='word_1_275' title='bbox 1703 1792 1742 1846; x_wconf 76' lang='grc' dir='ltr'><strong>Β</strong></span> <span class='ocrx_word' id='word_1_276' title='bbox 1773 1792 2005 1873; x_wconf 79' lang='lat' dir='ltr'><strong>ventura</strong></span> <span class='ocrx_word' id='word_1_277' title='bbox 2040 1817 2170 1871; x_wconf 88' lang='lat' dir='ltr'><strong>sint.</strong></span> 
     </span>
    </p>
   </div>
   <div class='ocr_carea' id='block_1_46' title="bbox 1839 1877 3344 1976">
    <p class='ocr_par' dir='ltr' id='par_1_46' title="bbox 1839 1877 3344 1976">
     <span class='ocr_line' id='line_1_46' title="bbox 1839 1877 3344 1976; baseline 0.003 -18"><span class='ocrx_word' id='word_1_278' title='bbox 1839 1905 1908 1962; x_wconf 90' lang='lat' dir='ltr'><strong>ll.</strong></span> <span class='ocrx_word' id='word_1_279' title='bbox 1939 1905 2232 1962; x_wconf 85' lang='lat' dir='ltr'><strong>Obauditio</strong></span> <span class='ocrx_word' id='word_1_280' title='bbox 2249 1877 2556 1976; x_wconf 83' lang='lat' dir='ltr'><strong>principum</strong></span> <span class='ocrx_word' id='word_1_281' title='bbox 2582 1920 2795 1962; x_wconf 80' lang='lat' dir='ltr'><strong>necnon</strong></span> <span class='ocrx_word' id='word_1_282' title='bbox 2822 1917 2877 1962; x_wconf 91' lang='lat' dir='ltr'><strong>et</strong></span> <span class='ocrx_word' id='word_1_283' title='bbox 2917 1906 3200 1975; x_wconf 84' lang='lat' dir='ltr'><strong>ipsiusmet</strong></span> <span class='ocrx_word' id='word_1_284' title='bbox 3239 1922 3344 1976; x_wconf 74' lang='grc' dir='ltr'>ρο·-</span> 
     </span>
    </p>
   </div>
   <div class='ocr_carea' id='block_1_47' title="bbox 1771 1998 3336 2070">
    <p class='ocr_par' dir='ltr' id='par_1_47' title="bbox 1771 1998 3336 2070">
     <span class='ocr_line' id='line_1_47' title="bbox 1771 1998 3336 2070; baseline 0 -19"><span class='ocrx_word' id='word_1_285' title='bbox 1771 1998 1907 2069; x_wconf 90' lang='lat' dir='ltr'><strong>puli,</strong></span> <span class='ocrx_word' id='word_1_286' title='bbox 1935 2006 1991 2054; x_wconf 90' lang='lat' dir='ltr'><strong>et</strong></span> <span class='ocrx_word' id='word_1_287' title='bbox 2027 1999 2268 2054; x_wconf 85' lang='lat' dir='ltr'><strong>studium</strong></span> <span class='ocrx_word' id='word_1_288' title='bbox 2301 2015 2440 2070; x_wconf 76' lang='lat' dir='ltr'><strong>Opus</strong></span> <span class='ocrx_word' id='word_1_289' title='bbox 2470 1999 2676 2069; x_wconf 80' lang='lat' dir='ltr'><strong>templi.</strong></span> <span class='ocrx_word' id='word_1_290' title='bbox 2708 1999 2776 2056; x_wconf 85' lang='lat' dir='ltr'><strong>Et</strong></span> <span class='ocrx_word' id='word_1_291' title='bbox 2819 1999 3072 2056; x_wconf 73' lang='lat' dir='ltr'><strong>allocutio</strong></span> <span class='ocrx_word' id='word_1_292' title='bbox 3131 1999 3222 2054; x_wconf 87' lang='lat' dir='ltr'><strong>Dei</strong></span> <span class='ocrx_word' id='word_1_293' title='bbox 3269 1999 3336 2052; x_wconf 88' lang='lat' dir='ltr'><strong>ad</strong></span> 
     </span>
    </p>
   </div>
   <div class='ocr_carea' id='block_1_48' title="bbox 1770 2087 3337 2159">
    <p class='ocr_par' dir='ltr' id='par_1_48' title="bbox 1770 2087 3337 2159">
     <span class='ocr_line' id='line_1_48' title="bbox 1770 2087 3337 2159; baseline 0.001 -18"><span class='ocrx_word' id='word_1_294' title='bbox 1770 2087 1917 2157; x_wconf 89' lang='lat' dir='ltr'><strong>ipsos</strong></span> <span class='ocrx_word' id='word_1_295' title='bbox 1960 2097 2018 2142; x_wconf 91' lang='lat' dir='ltr'><strong>ut</strong></span> <span class='ocrx_word' id='word_1_296' title='bbox 2037 2088 2414 2144; x_wconf 81' lang='lat' dir='ltr'><strong>confortentur</strong></span> <span class='ocrx_word' id='word_1_297' title='bbox 2434 2098 2488 2144; x_wconf 85' lang='lat' dir='ltr'><strong>et</strong></span> <span class='ocrx_word' id='word_1_298' title='bbox 2505 2089 2729 2144; x_wconf 87' lang='lat' dir='ltr'><strong>viriliter</strong></span> <span class='ocrx_word' id='word_1_299' title='bbox 2753 2097 2981 2159; x_wconf 78' lang='lat' dir='ltr'><strong>agantet</strong></span> <span class='ocrx_word' id='word_1_300' title='bbox 3001 2088 3177 2143; x_wconf 82' lang='lat' dir='ltr'><strong>sciant</strong></span> <span class='ocrx_word' id='word_1_301' title='bbox 3213 2089 3337 2158; x_wconf 85' lang='lat' dir='ltr'><strong>quia</strong></span> 
     </span>
    </p>
   </div>
   <div class='ocr_carea' id='block_1_49' title="bbox 1772 2180 3224 2252">
    <p class='ocr_par' dir='ltr' id='par_1_49' title="bbox 1772 2180 3224 2252">
     <span class='ocr_line' id='line_1_49' title="bbox 1772 2180 3224 2252; baseline -0.001 -16"><span class='ocrx_word' id='word_1_302' title='bbox 1772 2180 2038 2240; x_wconf 86' lang='lat' dir='ltr'><strong>Dominus</strong></span> <span class='ocrx_word' id='word_1_303' title='bbox 2075 2181 2192 2252; x_wconf 90' lang='lat' dir='ltr'><strong>ipse</strong></span> <span class='ocrx_word' id='word_1_304' title='bbox 2220 2191 2328 2240; x_wconf 83' lang='lat' dir='ltr'><strong>stat</strong></span> <span class='ocrx_word' id='word_1_305' title='bbox 2348 2198 2513 2252; x_wconf 80' lang='lat' dir='ltr'><strong>super</strong></span> <span class='ocrx_word' id='word_1_306' title='bbox 2542 2197 2638 2239; x_wconf 87' lang='lat' dir='ltr'><strong>eos</strong></span> <span class='ocrx_word' id='word_1_307' title='bbox 2657 2181 3157 2251; x_wconf 71' lang='lat' dir='ltr'><strong>quipersevera&#39;nt.</strong></span> <span class='ocrx_word' id='word_1_308' title='bbox 3221 2225 3224 2228; x_wconf 94' lang='lat'><strong>.</strong></span> 
     </span>
    </p>
   </div>
   <div class='ocr_carea' id='block_1_50' title="bbox 1839 2361 3339 2434">
    <p class='ocr_par' dir='ltr' id='par_1_50' title="bbox 1839 2361 3339 2434">
     <span class='ocr_line' id='line_1_50' title="bbox 1839 2361 3339 2434; baseline -0.003 -13"><span class='ocrx_word' id='word_1_309' title='bbox 1839 2365 1928 2421; x_wconf 91' lang='lat' dir='ltr'><strong>Ill.</strong></span> <span class='ocrx_word' id='word_1_310' title='bbox 1963 2365 2251 2421; x_wconf 68' lang='lat' dir='ltr'><strong>Praedictio</strong></span> <span class='ocrx_word' id='word_1_311' title='bbox 2287 2380 2478 2421; x_wconf 89' lang='lat' dir='ltr'><strong>eorum</strong></span> <span class='ocrx_word' id='word_1_312' title='bbox 2506 2378 2629 2434; x_wconf 60' lang='lat' dir='ltr'><strong>qua:</strong></span> <span class='ocrx_word' id='word_1_313' title='bbox 2654 2363 2711 2417; x_wconf 90' lang='lat' dir='ltr'><strong>in</strong></span> <span class='ocrx_word' id='word_1_314' title='bbox 2740 2376 2905 2419; x_wconf 86' lang='lat' dir='ltr'><strong>cruce</strong></span> <span class='ocrx_word' id='word_1_315' title='bbox 2933 2361 3220 2418; x_wconf 87' lang='lat' dir='ltr'><strong>elementis</strong></span> <span class='ocrx_word' id='word_1_316' title='bbox 3243 2377 3339 2416; x_wconf 83' lang='lat' dir='ltr'><strong>su-</strong></span> 
     </span>
    </p>
   </div>
   <div class='ocr_carea' id='block_1_51' title="bbox 1773 2449 3338 2528">
    <p class='ocr_par' dir='ltr' id='par_1_51' title="bbox 1773 2449 3338 2528">
     <span class='ocr_line' id='line_1_51' title="bbox 1773 2449 3338 2528; baseline -0.006 -15"><span class='ocrx_word' id='word_1_317' title='bbox 1773 2459 2174 2528; x_wconf 87' lang='lat' dir='ltr'><strong>pervenient,et</strong></span> <span class='ocrx_word' id='word_1_318' title='bbox 2199 2455 2441 2528; x_wconf 82' lang='lat' dir='ltr'><strong>gentium</strong></span> <span class='ocrx_word' id='word_1_319' title='bbox 2467 2453 2838 2520; x_wconf 79' lang='lat' dir='ltr'><strong>fecunditatis,</strong></span> <span class='ocrx_word' id='word_1_320' title='bbox 2885 2461 2942 2506; x_wconf 90' lang='lat' dir='ltr'><strong>et</strong></span> <span class='ocrx_word' id='word_1_321' title='bbox 2987 2452 3169 2522; x_wconf 59' lang='lat' dir='ltr'><strong>gloriae</strong></span> <span class='ocrx_word' id='word_1_322' title='bbox 3212 2449 3338 2504; x_wconf 87' lang='lat' dir='ltr'><strong>novi</strong></span> 
     </span>
    </p>
   </div>
   <div class='ocr_carea' id='block_1_52' title="bbox 1774 2541 3340 2624">
    <p class='ocr_par' dir='ltr' id='par_1_52' title="bbox 1774 2541 3340 2624">
     <span class='ocr_line' id='line_1_52' title="bbox 1774 2541 3340 2624; baseline -0.006 -19"><span class='ocrx_word' id='word_1_323' title='bbox 1774 2549 1982 2620; x_wconf 85' lang='lat' dir='ltr'><strong>templi,</strong></span> <span class='ocrx_word' id='word_1_324' title='bbox 2003 2555 2058 2604; x_wconf 87' lang='lat' dir='ltr'><strong>et</strong></span> <span class='ocrx_word' id='word_1_325' title='bbox 2087 2547 2237 2624; x_wconf 81' lang='lat' dir='ltr'><strong>pacis</strong></span> <span class='ocrx_word' id='word_1_326' title='bbox 2256 2562 2376 2619; x_wconf 66' lang='lat' dir='ltr'><strong>quae</strong></span> <span class='ocrx_word' id='word_1_327' title='bbox 2403 2561 2434 2601; x_wconf 87' lang='lat' dir='ltr'><strong>a</strong></span> <span class='ocrx_word' id='word_1_328' title='bbox 2460 2545 2678 2601; x_wconf 85' lang='lat' dir='ltr'><strong>Christo</strong></span> <span class='ocrx_word' id='word_1_329' title='bbox 2708 2560 2806 2614; x_wconf 85' lang='lat' dir='ltr'><strong>per</strong></span> <span class='ocrx_word' id='word_1_330' title='bbox 2827 2541 3055 2600; x_wconf 86' lang='lat' dir='ltr'><strong>Crucem</strong></span> <span class='ocrx_word' id='word_1_331' title='bbox 3079 2541 3340 2613; x_wconf 89' lang='lat' dir='ltr'><strong>disposita</strong></span> 
     </span>
    </p>
   </div>
   <div class='ocr_carea' id='block_1_53' title="bbox 1771 2641 2102 2697">
    <p class='ocr_par' dir='ltr' id='par_1_53' title="bbox 1771 2641 2102 2697">
     <span class='ocr_line' id='line_1_53' title="bbox 1771 2641 2102 2697; baseline -0.012 0"><span class='ocrx_word' id='word_1_332' title='bbox 1771 2651 1857 2697; x_wconf 89' lang='lat' dir='ltr'><strong>est</strong></span> <span class='ocrx_word' id='word_1_333' title='bbox 1883 2641 2102 2696; x_wconf 88' lang='lat' dir='ltr'><strong>sanctis.</strong></span> 
     </span>
    </p>
   </div>
   <div class='ocr_carea' id='block_1_54' title="bbox 1843 2789 3339 2893">
    <p class='ocr_par' dir='ltr' id='par_1_54' title="bbox 1843 2789 3339 2893">
     <span class='ocr_line' id='line_1_54' title="bbox 1843 2789 3339 2893; baseline -0.007 -9"><span class='ocrx_word' id='word_1_334' title='bbox 1843 2829 1932 2884; x_wconf 80' lang='grc' dir='ltr'><strong>ιν.</strong></span> <span class='ocrx_word' id='word_1_335' title='bbox 1960 2825 2252 2882; x_wconf 83' lang='lat' dir='ltr'><strong>Accusatio</strong></span> <span class='ocrx_word' id='word_1_336' title='bbox 2275 2789 2611 2888; x_wconf 83' lang='lat' dir='ltr'><strong>Judaeorum,</strong></span> <span class='ocrx_word' id='word_1_337' title='bbox 2637 2821 2838 2893; x_wconf 85' lang='lat' dir='ltr'><strong>quippe</strong></span> <span class='ocrx_word' id='word_1_338' title='bbox 2871 2820 2964 2890; x_wconf 86' lang='lat' dir='ltr'><strong>qui</strong></span> <span class='ocrx_word' id='word_1_339' title='bbox 2999 2835 3107 2878; x_wconf 89' lang='lat' dir='ltr'><strong>non</strong></span> <span class='ocrx_word' id='word_1_340' title='bbox 3136 2819 3339 2876; x_wconf 60' lang='lat' dir='ltr'><strong>sancti»</strong></span> 
     </span>
    </p>
   </div>
   <div class='ocr_carea' id='block_1_55' title="bbox 1773 2919 3338 2991">
    <p class='ocr_par' dir='ltr' id='par_1_55' title="bbox 1773 2919 3338 2991">
     <span class='ocr_line' id='line_1_55' title="bbox 1773 2919 3338 2991; baseline -0.003 -13"><span class='ocrx_word' id='word_1_341' title='bbox 1773 2923 1936 2980; x_wconf 85' lang='lat' dir='ltr'><strong>ﬁcant</strong></span> <span class='ocrx_word' id='word_1_342' title='bbox 1965 2921 2264 2988; x_wconf 88' lang='lat' dir='ltr'><strong>sacriliciis,</strong></span> <span class='ocrx_word' id='word_1_343' title='bbox 2302 2924 2398 2978; x_wconf 88' lang='lat' dir='ltr'><strong>sed</strong></span> <span class='ocrx_word' id='word_1_344' title='bbox 2442 2921 2798 2991; x_wconf 78' lang='lat' dir='ltr'><strong>coinquinant</strong></span> <span class='ocrx_word' id='word_1_345' title='bbox 2821 2921 2939 2976; x_wconf 85' lang='lat' dir='ltr'><strong>suis</strong></span> <span class='ocrx_word' id='word_1_346' title='bbox 2965 2919 3189 2974; x_wconf 88' lang='lat' dir='ltr'><strong>malitiis</strong></span> <span class='ocrx_word' id='word_1_347' title='bbox 3214 2934 3338 2989; x_wconf 78' lang='lat' dir='ltr'><strong>pro-</strong></span> 
     </span>
    </p>
   </div>
   <div class='ocr_carea' id='block_1_56' title="bbox 1772 3007 3340 3084">
    <p class='ocr_par' dir='ltr' id='par_1_56' title="bbox 1772 3007 3340 3084">
     <span class='ocr_line' id='line_1_56' title="bbox 1772 3007 3340 3084; baseline -0.004 -16"><span class='ocrx_word' id='word_1_348' title='bbox 1772 3014 1965 3069; x_wconf 82' lang='lat' dir='ltr'><strong>ximos.</strong></span> <span class='ocrx_word' id='word_1_349' title='bbox 1992 3012 2057 3068; x_wconf 87' lang='lat' dir='ltr'><strong>Et</strong></span> <span class='ocrx_word' id='word_1_350' title='bbox 2083 3014 2351 3084; x_wconf 82' lang='lat' dir='ltr'><strong>expositio</strong></span> <span class='ocrx_word' id='word_1_351' title='bbox 2379 3028 2565 3068; x_wconf 90' lang='lat' dir='ltr'><strong>eorum</strong></span> <span class='ocrx_word' id='word_1_352' title='bbox 2587 3012 2788 3082; x_wconf 85' lang='lat' dir='ltr'><strong>quibus</strong></span> <span class='ocrx_word' id='word_1_353' title='bbox 2817 3019 2873 3064; x_wconf 89' lang='lat' dir='ltr'><strong>et</strong></span> <span class='ocrx_word' id='word_1_354' title='bbox 2907 3009 3012 3080; x_wconf 86' lang='lat' dir='ltr'><strong>ipsi</strong></span> <span class='ocrx_word' id='word_1_355' title='bbox 3039 3016 3094 3066; x_wconf 90' lang='lat' dir='ltr'><strong>et</strong></span> <span class='ocrx_word' id='word_1_356' title='bbox 3129 3007 3340 3062; x_wconf 76' lang='lat' dir='ltr'><strong>fructus</strong></span> 
     </span>
    </p>
   </div>
   <div class='ocr_carea' id='block_1_57' title="bbox 87 3095 1660 3182">
    <p class='ocr_par' dir='ltr' id='par_1_57' title="bbox 87 3095 1660 3170">
     <span class='ocr_line' id='line_1_57' title="bbox 87 3095 1660 3170; baseline 0.003 -21"><span class='ocrx_word' id='word_1_357' title='bbox 87 3097 304 3165; x_wconf 72' lang='grc' dir='ltr'>καρποὶ</span> <span class='ocrx_word' id='word_1_358' title='bbox 336 3096 434 3165; x_wconf 81' lang='grc' dir='ltr'>τῆς</span> <span class='ocrx_word' id='word_1_359' title='bbox 461 3095 562 3166; x_wconf 83' lang='grc' dir='ltr'>γῆς</span> <span class='ocrx_word' id='word_1_360' title='bbox 589 3095 676 3150; x_wconf 79' lang='grc' dir='ltr'>διὰ</span> <span class='ocrx_word' id='word_1_361' title='bbox 705 3095 802 3168; x_wconf 85' lang='grc' dir='ltr'>τὴν</span> <span class='ocrx_word' id='word_1_362' title='bbox 830 3096 922 3149; x_wconf 90' lang='grc' dir='ltr'><strong>τοῦ</strong></span> <span class='ocrx_word' id='word_1_363' title='bbox 954 3095 1084 3152; x_wconf 83' lang='grc' dir='ltr'>λαοῦ</span> <span class='ocrx_word' id='word_1_364' title='bbox 1135 3099 1399 3169; x_wconf 83' lang='grc' dir='ltr'>πονηρίαν</span> <span class='ocrx_word' id='word_1_365' title='bbox 1429 3099 1660 3170; x_wconf 86' lang='grc' dir='ltr'>ὑπέστη-</span> 
     </span>
    </p>
   </div>
   <div class='ocr_carea' id='block_1_58' title="bbox 1823 3095 3336 3182">
    <p class='ocr_par' dir='ltr' id='par_1_58' title="bbox 1823 3099 3336 3182">
     <span class='ocr_line' id='line_1_58' title="bbox 1823 3099 3336 3182; baseline -0.005 -22"><span class='ocrx_word' id='word_1_366' title='bbox 1823 3122 1930 3160; x_wconf 72' lang='lat' dir='ltr'><strong>me</strong></span> <span class='ocrx_word' id='word_1_367' title='bbox 1949 3116 2172 3176; x_wconf 84' lang='lat' dir='ltr'><strong>propter</strong></span> <span class='ocrx_word' id='word_1_368' title='bbox 2201 3106 2383 3176; x_wconf 86' lang='lat' dir='ltr'><strong>populi</strong></span> <span class='ocrx_word' id='word_1_369' title='bbox 2419 3105 2676 3162; x_wconf 84' lang='lat' dir='ltr'><strong>malitiam</strong></span> <span class='ocrx_word' id='word_1_370' title='bbox 2725 3103 3138 3182; x_wconf 59' lang='lat' dir='ltr'><strong>subiacuerunt,</strong></span> <span class='ocrx_word' id='word_1_371' title='bbox 3166 3108 3221 3156; x_wconf 91' lang='lat' dir='ltr'><strong>et</strong></span> <span class='ocrx_word' id='word_1_372' title='bbox 3247 3099 3336 3154; x_wconf 80' lang='lat' dir='ltr'><strong>fu-</strong></span> 
     </span>
    </p>
   </div>
   <div class='ocr_carea' id='block_1_59' title="bbox 89 3188 1668 3261">
    <p class='ocr_par' dir='ltr' id='par_1_59' title="bbox 89 3188 1668 3261">
     <span class='ocr_line' id='line_1_59' title="bbox 89 3188 1668 3261; baseline 0.004 -19"><span class='ocrx_word' id='word_1_373' title='bbox 89 3205 235 3242; x_wconf 77' lang='grc' dir='ltr'>σαν’</span> <span class='ocrx_word' id='word_1_374' title='bbox 277 3189 370 3240; x_wconf 68' lang='grc' dir='ltr'><strong>καὶ</strong></span> <span class='ocrx_word' id='word_1_375' title='bbox 410 3190 508 3258; x_wconf 82' lang='grc' dir='ltr'>τῆς</span> <span class='ocrx_word' id='word_1_376' title='bbox 553 3188 818 3260; x_wconf 73' lang='grc' dir='ltr'>ἐσομένης</span> <span class='ocrx_word' id='word_1_377' title='bbox 859 3188 946 3241; x_wconf 81' lang='grc' dir='ltr'>διὰ</span> <span class='ocrx_word' id='word_1_378' title='bbox 988 3191 1225 3261; x_wconf 82' lang='grc' dir='ltr'>Χριστοῦ</span> <span class='ocrx_word' id='word_1_379' title='bbox 1256 3190 1506 3260; x_wconf 77' lang='grc' dir='ltr'>εὐλογίας</span> <span class='ocrx_word' id='word_1_380' title='bbox 1533 3193 1668 3248; x_wconf 85' lang='grc' dir='ltr'>ὑπό-</span> 
     </span>
    </p>
   </div>
   <div class='ocr_carea' id='block_1_60' title="bbox 87 3297 308 3352">
    <p class='ocr_par' dir='ltr' id='par_1_60' title="bbox 87 3297 308 3352">
     <span class='ocr_line' id='line_1_60' title="bbox 87 3297 308 3352; baseline -0.005 -19"><span class='ocrx_word' id='word_1_381' title='bbox 87 3297 308 3352; x_wconf 88' lang='grc' dir='ltr'>σχεσις.</span> 
     </span>
    </p>
   </div>
   <div class='ocr_carea' id='block_1_61' title="bbox 164 3371 1668 3445">
    <p class='ocr_par' dir='ltr' id='par_1_61' title="bbox 164 3371 1668 3445">
     <span class='ocr_line' id='line_1_61' title="bbox 164 3371 1668 3445; baseline 0.007 -23"><span class='ocrx_word' id='word_1_382' title='bbox 164 3378 228 3423; x_wconf 86' lang='grc' dir='ltr'>ε’.</span> <span class='ocrx_word' id='word_1_383' title='bbox 289 3371 597 3445; x_wconf 80' lang='grc' dir='ltr'>Πρόρρησις</span> <span class='ocrx_word' id='word_1_384' title='bbox 651 3373 1036 3444; x_wconf 78' lang='grc' dir='ltr'>καταστροφῆς</span> <span class='ocrx_word' id='word_1_385' title='bbox 1082 3373 1372 3444; x_wconf 85' lang='grc' dir='ltr'>δαιμόνων,</span> <span class='ocrx_word' id='word_1_386' title='bbox 1424 3379 1525 3439; x_wconf 47' lang='grc' dir='ltr'>καὶ,</span> <span class='ocrx_word' id='word_1_387' title='bbox 1560 3379 1668 3432; x_wconf 89' lang='grc' dir='ltr'><strong>τῶν</strong></span> 
     </span>
    </p>
   </div>
   <div class='ocr_carea' id='block_1_62' title="bbox 91 3461 1669 3540">
    <p class='ocr_par' dir='ltr' id='par_1_62' title="bbox 91 3461 1669 3540">
     <span class='ocr_line' id='line_1_62' title="bbox 91 3461 1669 3540; baseline 0.004 -24"><span class='ocrx_word' id='word_1_388' title='bbox 91 3463 230 3534; x_wconf 87' lang='grc' dir='ltr'>παρ’</span> <span class='ocrx_word' id='word_1_389' title='bbox 281 3461 505 3515; x_wconf 82' lang='grc' dir='ltr'>ἐκείνων</span> <span class='ocrx_word' id='word_1_390' title='bbox 559 3463 1000 3534; x_wconf 59' lang='grc' dir='ltr'>ἐνεργουμένων</span> <span class='ocrx_word' id='word_1_391' title='bbox 1057 3467 1362 3537; x_wconf 75' lang='grc' dir='ltr'>προφητεία</span> <span class='ocrx_word' id='word_1_392' title='bbox 1414 3468 1472 3522; x_wconf 77' lang='grc' dir='ltr'>δὲ</span> <span class='ocrx_word' id='word_1_393' title='bbox 1518 3471 1669 3540; x_wconf 83' lang='grc' dir='ltr'>παρὰ</span> 
     </span>
    </p>
   </div>
   <div class='ocr_carea' id='block_1_63' title="bbox 91 3553 1670 3634">
    <p class='ocr_par' dir='ltr' id='par_1_63' title="bbox 91 3553 1670 3634">
     <span class='ocr_line' id='line_1_63' title="bbox 91 3553 1670 3634; baseline 0.006 -28"><span class='ocrx_word' id='word_1_394' title='bbox 91 3554 211 3626; x_wconf 71' lang='grc' dir='ltr'>[ἴον.</span> <span class='ocrx_word' id='word_1_395' title='bbox 250 3571 310 3606; x_wconf 89' lang='grc' dir='ltr'><strong>τε</strong></span> <span class='ocrx_word' id='word_1_396' title='bbox 342 3553 490 3626; x_wconf 77' lang='grc' dir='ltr'>περὶ]</span> <span class='ocrx_word' id='word_1_397' title='bbox 522 3554 781 3624; x_wconf 88' lang='grc' dir='ltr'>Χριστοῦ,</span> <span class='ocrx_word' id='word_1_398' title='bbox 813 3557 904 3609; x_wconf 74' lang='grc' dir='ltr'><strong>καὶ</strong></span> <span class='ocrx_word' id='word_1_399' title='bbox 930 3557 1028 3627; x_wconf 82' lang='grc' dir='ltr'>τὴν</span> <span class='ocrx_word' id='word_1_400' title='bbox 1056 3559 1368 3631; x_wconf 85' lang='grc' dir='ltr'>οίκονομίαν</span> <span class='ocrx_word' id='word_1_401' title='bbox 1395 3561 1496 3632; x_wconf 81' lang='grc' dir='ltr'>τῆς</span> <span class='ocrx_word' id='word_1_402' title='bbox 1534 3579 1670 3634; x_wconf 82' lang='grc' dir='ltr'>σαρ-</span> 
     </span>
    </p>
   </div>
   <div class='ocr_carea' id='block_1_64' title="bbox 92 3646 1084 3720">
    <p class='ocr_par' dir='ltr' id='par_1_64' title="bbox 92 3646 1084 3720">
     <span class='ocr_line' id='line_1_64' title="bbox 92 3646 1084 3720; baseline 0.005 -20"><span class='ocrx_word' id='word_1_403' title='bbox 92 3648 192 3710; x_wconf 84' lang='grc' dir='ltr'><strong>κὸς</strong></span> <span class='ocrx_word' id='word_1_404' title='bbox 226 3647 322 3700; x_wconf 72' lang='grc' dir='ltr'><strong>καὶ</strong></span> <span class='ocrx_word' id='word_1_405' title='bbox 357 3647 458 3715; x_wconf 84' lang='grc' dir='ltr'><strong>τῆς</strong></span> <span class='ocrx_word' id='word_1_406' title='bbox 489 3646 738 3718; x_wconf 79' lang='grc' dir='ltr'>θεότητος</span> <span class='ocrx_word' id='word_1_407' title='bbox 774 3648 1084 3720; x_wconf 68' lang='grc' dir='ltr'><strong>μηνύουσα.⁵</strong></span> 
     </span>
    </p>
   </div>
   <div class='ocr_carea' id='block_1_65' title="bbox 181 3736 1672 3816">
    <p class='ocr_par' dir='ltr' id='par_1_65' title="bbox 181 3736 1672 3816">
     <span class='ocr_line' id='line_1_65' title="bbox 181 3736 1672 3816; baseline 0.006 -25"><span class='ocrx_word' id='word_1_408' title='bbox 181 3739 436 3806; x_wconf 84' lang='grc' dir='ltr'>Ἀγγαῖος</span> <span class='ocrx_word' id='word_1_409' title='bbox 460 3736 746 3807; x_wconf 74' lang='grc' dir='ltr'>ἑορτάζων</span> <span class='ocrx_word' id='word_1_410' title='bbox 767 3740 1150 3812; x_wconf 78' lang='grc' dir='ltr'>ἑρμηνεύεται.</span> <span class='ocrx_word' id='word_1_411' title='bbox 1184 3736 1352 3809; x_wconf 77' lang='grc' dir='ltr'>Οὗτος</span> <span class='ocrx_word' id='word_1_412' title='bbox 1375 3745 1567 3816; x_wconf 75' lang='grc' dir='ltr'>ἐτέχθη</span> <span class='ocrx_word' id='word_1_413' title='bbox 1591 3749 1672 3812; x_wconf 87' lang='grc' dir='ltr'>εἰς</span> 
     </span>
    </p>
   </div>
   <div class='ocr_carea' id='block_1_66' title="bbox 95 3821 1672 3900">
    <p class='ocr_par' dir='ltr' id='par_1_66' title="bbox 95 3821 1672 3900">
     <span class='ocr_line' id='line_1_66' title="bbox 95 3821 1672 3900; baseline 0.007 -21"><span class='ocrx_word' id='word_1_414' title='bbox 95 3826 418 3888; x_wconf 68' lang='grc' dir='ltr'>Βαϐυλῶνα,</span> <span class='ocrx_word' id='word_1_415' title='bbox 455 3821 522 3898; x_wconf 81' lang='grc' dir='ltr'>ἦν</span> <span class='ocrx_word' id='word_1_416' title='bbox 561 3829 638 3881; x_wconf 65' lang='grc' dir='ltr'><strong>δὲ’</strong></span> <span class='ocrx_word' id='word_1_417' title='bbox 652 3829 717 3882; x_wconf 88' lang='grc' dir='ltr'><strong>ἐκ</strong></span> <span class='ocrx_word' id='word_1_418' title='bbox 749 3829 924 3900; x_wconf 84' lang='grc' dir='ltr'>φυλῆς</span> <span class='ocrx_word' id='word_1_419' title='bbox 969 3832 1100 3886; x_wconf 76' lang='grc' dir='ltr'>Λευῒ</span> <span class='ocrx_word' id='word_1_420' title='bbox 1123 3849 1137 3864; x_wconf 87' lang='grc'><strong>·</strong></span> <span class='ocrx_word' id='word_1_421' title='bbox 1189 3834 1284 3888; x_wconf 82' lang='grc' dir='ltr'>καὶ</span> <span class='ocrx_word' id='word_1_422' title='bbox 1321 3835 1400 3887; x_wconf 80' lang='grc' dir='ltr'><strong>ἐτι</strong></span> <span class='ocrx_word' id='word_1_423' title='bbox 1433 3837 1551 3900; x_wconf 74' lang='grc' dir='ltr'>νέος</span> <span class='ocrx_word' id='word_1_424' title='bbox 1595 3836 1672 3890; x_wconf 86' lang='grc' dir='ltr'>ὣν</span> 
     </span>
    </p>
   </div>
   <div class='ocr_carea' id='block_1_67' title="bbox 94 3915 1674 3998">
    <p class='ocr_par' dir='ltr' id='par_1_67' title="bbox 94 3915 1674 3998">
     <span class='ocr_line' id='line_1_67' title="bbox 94 3915 1674 3998; baseline 0.009 -30"><span class='ocrx_word' id='word_1_425' title='bbox 94 3915 266 3988; x_wconf 76' lang='grc' dir='ltr'>ἦλθεν</span> <span class='ocrx_word' id='word_1_426' title='bbox 292 3918 398 3970; x_wconf 78' lang='grc' dir='ltr'>ἀπὸ</span> <span class='ocrx_word' id='word_1_427' title='bbox 423 3919 736 3982; x_wconf 79' lang='grc' dir='ltr'>Βαϐυλῶνος</span> <span class='ocrx_word' id='word_1_428' title='bbox 767 3923 847 3984; x_wconf 76' lang='grc' dir='ltr'>εἰς</span> <span class='ocrx_word' id='word_1_429' title='bbox 886 3922 1269 3996; x_wconf 80' lang='grc' dir='ltr'>Ἰερουσαλήμ’</span> <span class='ocrx_word' id='word_1_430' title='bbox 1296 3927 1388 3980; x_wconf 78' lang='grc' dir='ltr'>καὶ</span> <span class='ocrx_word' id='word_1_431' title='bbox 1421 3928 1674 3998; x_wconf 84' lang='grc' dir='ltr'>φανερῶς</span> 
     </span>
    </p>
   </div>
   <div class='ocr_carea' id='block_1_68' title="bbox 97 4003 1674 4086">
    <p class='ocr_par' dir='ltr' id='par_1_68' title="bbox 97 4003 1674 4086">
     <span class='ocr_line' id='line_1_68' title="bbox 97 4003 1674 4086; baseline 0.008 -26"><span class='ocrx_word' id='word_1_432' title='bbox 97 4007 234 4076; x_wconf 77' lang='grc' dir='ltr'>περὶ</span> <span class='ocrx_word' id='word_1_433' title='bbox 266 4008 366 4076; x_wconf 78' lang='grc' dir='ltr'><strong>τῆς</strong></span> <span class='ocrx_word' id='word_1_434' title='bbox 415 4009 749 4080; x_wconf 84' lang='grc' dir='ltr'>ἐπιστροφῆς</span> <span class='ocrx_word' id='word_1_435' title='bbox 802 4011 896 4065; x_wconf 82' lang='grc' dir='ltr'><strong>τοῦ</strong></span> <span class='ocrx_word' id='word_1_436' title='bbox 940 4011 1070 4070; x_wconf 86' lang='grc' dir='ltr'>λαοῦ</span> <span class='ocrx_word' id='word_1_437' title='bbox 1121 4003 1527 4086; x_wconf 78' lang='grc' dir='ltr'>προεφήτευσε’</span> <span class='ocrx_word' id='word_1_438' title='bbox 1581 4020 1674 4072; x_wconf 79' lang='grc' dir='ltr'><strong>καὶ</strong></span> 
     </span>
    </p>
   </div>
   <div class='ocr_carea' id='block_1_69' title="bbox 95 4093 1674 4174">
    <p class='ocr_par' dir='ltr' id='par_1_69' title="bbox 95 4093 1674 4174">
     <span class='ocr_line' id='line_1_69' title="bbox 95 4093 1674 4174; baseline 0.009 -24"><span class='ocrx_word' id='word_1_439' title='bbox 95 4093 241 4152; x_wconf 74' lang='grc' dir='ltr'>εἶδεν</span> <span class='ocrx_word' id='word_1_440' title='bbox 271 4099 334 4151; x_wconf 89' lang='grc' dir='ltr'><strong>ἐκ</strong></span> <span class='ocrx_word' id='word_1_441' title='bbox 365 4099 561 4168; x_wconf 86' lang='grc' dir='ltr'>μέρους</span> <span class='ocrx_word' id='word_1_442' title='bbox 589 4100 686 4170; x_wconf 83' lang='grc' dir='ltr'><strong>τὴν</strong></span> <span class='ocrx_word' id='word_1_443' title='bbox 719 4102 1006 4174; x_wconf 80' lang='grc' dir='ltr'>οἰκοδομὴν</span> <span class='ocrx_word' id='word_1_444' title='bbox 1032 4105 1126 4158; x_wconf 85' lang='grc' dir='ltr'><strong>τοῦ</strong></span> <span class='ocrx_word' id='word_1_445' title='bbox 1157 4105 1288 4163; x_wconf 81' lang='grc' dir='ltr'>ναοῦ</span> <span class='ocrx_word' id='word_1_446' title='bbox 1307 4121 1321 4136; x_wconf 80' lang='grc'><strong>⁸</strong></span> <span class='ocrx_word' id='word_1_447' title='bbox 1354 4108 1446 4160; x_wconf 77' lang='grc' dir='ltr'><strong>καὶ</strong></span> <span class='ocrx_word' id='word_1_448' title='bbox 1469 4109 1674 4164; x_wconf 80' lang='grc' dir='ltr'>ἀποθα-</span> 
     </span>
    </p>
   </div>
   <div class='ocr_carea' id='block_1_70' title="bbox 96 4189 1674 4267">
    <p class='ocr_par' dir='ltr' id='par_1_70' title="bbox 96 4189 1674 4267">
     <span class='ocr_line' id='line_1_70' title="bbox 96 4189 1674 4267; baseline 0.009 -27"><span class='ocrx_word' id='word_1_449' title='bbox 96 4189 209 4243; x_wconf 85' lang='grc' dir='ltr'><strong>νὼν</strong></span> <span class='ocrx_word' id='word_1_450' title='bbox 251 4191 308 4242; x_wconf 87' lang='grc' dir='ltr'><strong>ἐν</strong></span> <span class='ocrx_word' id='word_1_451' title='bbox 354 4189 731 4262; x_wconf 83' lang='grc' dir='ltr'>Ἰερουσαλὴμ,</span> <span class='ocrx_word' id='word_1_452' title='bbox 755 4193 930 4264; x_wconf 85' lang='grc' dir='ltr'>ἐτάφη</span> <span class='ocrx_word' id='word_1_453' title='bbox 984 4195 1212 4266; x_wconf 83' lang='grc' dir='ltr'>πλησίον</span> <span class='ocrx_word' id='word_1_454' title='bbox 1250 4199 1420 4267; x_wconf 83' lang='grc' dir='ltr'>τάφου</span> <span class='ocrx_word' id='word_1_455' title='bbox 1469 4198 1576 4252; x_wconf 83' lang='grc' dir='ltr'><strong>τῶν</strong></span> <span class='ocrx_word' id='word_1_456' title='bbox 1602 4201 1674 4254; x_wconf 80' lang='lat' dir='ltr'><strong>ie-</strong></span> 
     </span>
    </p>
   </div>
   <div class='ocr_carea' id='block_1_71' title="bbox 101 4281 1675 4361">
    <p class='ocr_par' dir='ltr' id='par_1_71' title="bbox 101 4281 1675 4361">
     <span class='ocr_line' id='line_1_71' title="bbox 101 4281 1675 4361; baseline 0.006 -25"><span class='ocrx_word' id='word_1_457' title='bbox 101 4283 245 4353; x_wconf 84' lang='grc' dir='ltr'><strong>ρέων</strong></span> <span class='ocrx_word' id='word_1_458' title='bbox 272 4281 516 4348; x_wconf 86' lang='grc' dir='ltr'>ἐνδόξως,</span> <span class='ocrx_word' id='word_1_459' title='bbox 547 4283 621 4346; x_wconf 84' lang='grc' dir='ltr'><strong>ὡς</strong></span> <span class='ocrx_word' id='word_1_460' title='bbox 653 4284 827 4349; x_wconf 75' lang='grc' dir='ltr'>αὐτοὶ,</span> <span class='ocrx_word' id='word_1_461' title='bbox 861 4287 1048 4358; x_wconf 79' lang='grc' dir='ltr'>ἐπειδὴ</span> <span class='ocrx_word' id='word_1_462' title='bbox 1088 4290 1182 4342; x_wconf 74' lang='grc' dir='ltr'>καὶ</span> <span class='ocrx_word' id='word_1_463' title='bbox 1210 4289 1374 4354; x_wconf 78' lang='grc' dir='ltr'>αὐτὸς</span> <span class='ocrx_word' id='word_1_464' title='bbox 1395 4286 1465 4361; x_wconf 78' lang='grc' dir='ltr'>ἦν</span> <span class='ocrx_word' id='word_1_465' title='bbox 1489 4291 1558 4344; x_wconf 77' lang='grc' dir='ltr'><strong>ἐκ</strong></span> <span class='ocrx_word' id='word_1_466' title='bbox 1591 4294 1675 4360; x_wconf 85' lang='grc' dir='ltr'>γέ-</span> 
     </span>
    </p>
   </div>
   <div class='ocr_carea' id='block_1_72' title="bbox 96 4373 551 4444">
    <p class='ocr_par' dir='ltr' id='par_1_72' title="bbox 96 4373 551 4444">
     <span class='ocr_line' id='line_1_72' title="bbox 96 4373 551 4444; baseline 0.002 -18"><span class='ocrx_word' id='word_1_467' title='bbox 96 4389 226 4436; x_wconf 88' lang='grc' dir='ltr'>νους</span> <span class='ocrx_word' id='word_1_468' title='bbox 257 4373 551 4444; x_wconf 85' lang='grc' dir='ltr'>ἱερατικοῦ.</span> 
     </span>
    </p>
   </div>
   <div class='ocr_carea' id='block_1_73' title="bbox 302 4518 1462 4593">
    <p class='ocr_par' dir='ltr' id='par_1_73' title="bbox 302 4518 1462 4593">
     <span class='ocr_line' id='line_1_73' title="bbox 302 4518 1462 4593; baseline 0.008 -9"><span class='ocrx_word' id='word_1_469' title='bbox 302 4531 648 4585; x_wconf 78' lang='grc' dir='ltr'><strong>ΚΕΦΑΛΑΙΑ</strong></span> <span class='ocrx_word' id='word_1_470' title='bbox 685 4531 1029 4588; x_wconf 76' lang='grc' dir='ltr'><strong>ΖΑΧΑΡιοΥ</strong></span> <span class='ocrx_word' id='word_1_471' title='bbox 1076 4518 1462 4593; x_wconf 69' lang='lat' dir='ltr'><strong>npoort&#39;ror.</strong></span> 
     </span>
    </p>
   </div>
   <div class='ocr_carea' id='block_1_74' title="bbox 171 4641 1670 4721">
    <p class='ocr_par' dir='ltr' id='par_1_74' title="bbox 171 4641 1670 4721">
     <span class='ocr_line' id='line_1_74' title="bbox 171 4641 1670 4721; baseline 0.006 -25"><span class='ocrx_word' id='word_1_472' title='bbox 171 4651 240 4696; x_wconf 90' lang='grc' dir='ltr'>α’.</span> <span class='ocrx_word' id='word_1_473' title='bbox 303 4641 592 4712; x_wconf 84' lang='grc' dir='ltr'>Προτροπὴ</span> <span class='ocrx_word' id='word_1_474' title='bbox 642 4642 779 4713; x_wconf 84' lang='grc' dir='ltr'>πρὸς</span> <span class='ocrx_word' id='word_1_475' title='bbox 836 4644 1156 4714; x_wconf 84' lang='grc' dir='ltr'>μετάνοιαν,</span> <span class='ocrx_word' id='word_1_476' title='bbox 1217 4647 1311 4700; x_wconf 74' lang='grc' dir='ltr'>καὶ</span> <span class='ocrx_word' id='word_1_477' title='bbox 1368 4649 1670 4721; x_wconf 77' lang='grc' dir='ltr'>ὀνειδισμὸς</span> 
     </span>
    </p>
   </div>
   <div class='ocr_carea' id='block_1_75' title="bbox 97 4732 1670 4810">
    <p class='ocr_par' dir='ltr' id='par_1_75' title="bbox 97 4732 1670 4810">
     <span class='ocr_line' id='line_1_75' title="bbox 97 4732 1670 4810; baseline 0.006 -24"><span class='ocrx_word' id='word_1_478' title='bbox 97 4733 194 4786; x_wconf 87' lang='grc' dir='ltr'><strong>τοῦ</strong></span> <span class='ocrx_word' id='word_1_479' title='bbox 242 4733 530 4786; x_wconf 84' lang='grc' dir='ltr'>Ἰουδαϊκοῦ</span> <span class='ocrx_word' id='word_1_480' title='bbox 574 4732 725 4798; x_wconf 86' lang='grc' dir='ltr'>λαοῦ,</span> <span class='ocrx_word' id='word_1_481' title='bbox 773 4735 854 4788; x_wconf 83' lang='grc' dir='ltr'><strong>ὅτι</strong></span> <span class='ocrx_word' id='word_1_482' title='bbox 892 4736 1001 4789; x_wconf 91' lang='grc' dir='ltr'><strong>τῶν</strong></span> <span class='ocrx_word' id='word_1_483' title='bbox 1035 4737 1311 4808; x_wconf 82' lang='grc' dir='ltr'>προγόνων</span> <span class='ocrx_word' id='word_1_484' title='bbox 1341 4739 1441 4810; x_wconf 76' lang='grc' dir='ltr'><strong>τὴν</strong></span> <span class='ocrx_word' id='word_1_485' title='bbox 1471 4743 1670 4798; x_wconf 79' lang='grc' dir='ltr'>κακίαν</span> 
     </span>
    </p>
   </div>
   <div class='ocr_carea' id='block_1_76' title="bbox 97 4823 402 4895">
    <p class='ocr_par' dir='ltr' id='par_1_76' title="bbox 97 4823 402 4895">
     <span class='ocr_line' id='line_1_76' title="bbox 97 4823 402 4895; baseline -0.003 -19"><span class='ocrx_word' id='word_1_486' title='bbox 97 4823 402 4895; x_wconf 79' lang='grc' dir='ltr'>ἐζήλωσαν.</span> 
     </span>
    </p>
   </div>
   <div class='ocr_carea' id='block_1_77' title="bbox 172 4896 1722 4988">
    <p class='ocr_par' dir='ltr' id='par_1_77' title="bbox 172 4896 1722 4988">
     <span class='ocr_line' id='line_1_77' title="bbox 172 4896 1722 4988; baseline -0.001 -10"><span class='ocrx_word' id='word_1_487' title='bbox 172 4915 239 4988; x_wconf 71' lang='grc' dir='ltr'><strong>β’.</strong></span> <span class='ocrx_word' id='word_1_488' title='bbox 294 4913 608 4986; x_wconf 80' lang='grc' dir='ltr'>Προφητεία</span> <span class='ocrx_word' id='word_1_489' title='bbox 639 4914 853 4985; x_wconf 88' lang='grc' dir='ltr'>δρόμων</span> <span class='ocrx_word' id='word_1_490' title='bbox 877 4919 1270 4988; x_wconf 83' lang='grc' dir='ltr'>ἀποστολικῶν,</span> <span class='ocrx_word' id='word_1_491' title='bbox 1303 4925 1397 4977; x_wconf 80' lang='grc' dir='ltr'><strong>καὶ</strong></span> <span class='ocrx_word' id='word_1_492' title='bbox 1428 4911 1672 4979; x_wconf 77' lang='grc' dir='ltr'>ἀνα-νεώ·</span> <span class='ocrx_word' id='word_1_493' title='bbox 1695 4896 1722 4915; x_wconf 56' lang='grc'><strong>⁸</strong></span> 
     </span>
    </p>
   </div>
   <div class='ocr_carea' id='block_1_78' title="bbox 101 5003 1668 5086">
    <p class='ocr_par' dir='ltr' id='par_1_78' title="bbox 101 5003 1668 5086">
     <span class='ocr_line' id='line_1_78' title="bbox 101 5003 1668 5086; baseline 0.008 -28"><span class='ocrx_word' id='word_1_494' title='bbox 101 5024 258 5070; x_wconf 83' lang='grc' dir='ltr'>σεως,</span> <span class='ocrx_word' id='word_1_495' title='bbox 297 5007 401 5070; x_wconf 77' lang='grc' dir='ltr'><strong>ἕως</strong></span> <span class='ocrx_word' id='word_1_496' title='bbox 430 5006 529 5076; x_wconf 84' lang='grc' dir='ltr'>τῆς</span> <span class='ocrx_word' id='word_1_497' title='bbox 566 5003 939 5079; x_wconf 83' lang='grc' dir='ltr'>Ἰερουσαλὴμ,</span> <span class='ocrx_word' id='word_1_498' title='bbox 970 5011 1090 5082; x_wconf 78' lang='grc' dir='ltr'>ἥτις</span> <span class='ocrx_word' id='word_1_499' title='bbox 1127 5013 1265 5083; x_wconf 79' lang='grc' dir='ltr'>αὐτή</span> <span class='ocrx_word' id='word_1_500' title='bbox 1295 5014 1384 5068; x_wconf 80' lang='grc' dir='ltr'>διὰ</span> <span class='ocrx_word' id='word_1_501' title='bbox 1413 5016 1514 5086; x_wconf 83' lang='grc' dir='ltr'><strong>τῆς</strong></span> <span class='ocrx_word' id='word_1_502' title='bbox 1543 5015 1668 5081; x_wconf 86' lang='grc' dir='ltr'>νέας</span> 
     </span>
    </p>
   </div>
   <div class='ocr_carea' id='block_1_79' title="bbox 99 5101 414 5167">
    <p class='ocr_par' dir='ltr' id='par_1_79' title="bbox 99 5101 414 5167">
     <span class='ocr_line' id='line_1_79' title="bbox 99 5101 414 5167; baseline 0.01 -18"><span class='ocrx_word' id='word_1_503' title='bbox 99 5101 414 5167; x_wconf 79' lang='grc' dir='ltr'>γεγένηται.</span> 
     </span>
    </p>
   </div>
   <div class='ocr_carea' id='block_1_80' title="bbox 168 5189 1666 5270">
    <p class='ocr_par' dir='ltr' id='par_1_80' title="bbox 168 5189 1666 5270">
     <span class='ocr_line' id='line_1_80' title="bbox 168 5189 1666 5270; baseline 0.007 -28"><span class='ocrx_word' id='word_1_504' title='bbox 168 5195 240 5258; x_wconf 72' lang='grc' dir='ltr'>γ’.</span> <span class='ocrx_word' id='word_1_505' title='bbox 293 5189 531 5270; x_wconf 78' lang='grc' dir='ltr'>Δίνιγμσ.</span> <span class='ocrx_word' id='word_1_506' title='bbox 558 5191 664 5244; x_wconf 87' lang='grc' dir='ltr'><strong>τῶν</strong></span> <span class='ocrx_word' id='word_1_507' title='bbox 695 5192 1060 5260; x_wconf 84' lang='grc' dir='ltr'>Εὐαγγελίων,</span> <span class='ocrx_word' id='word_1_508' title='bbox 1088 5195 1147 5262; x_wconf 79' lang='grc' dir='ltr'><strong>ἐξ</strong></span> <span class='ocrx_word' id='word_1_509' title='bbox 1179 5189 1253 5250; x_wconf 83' lang='grc' dir='ltr'>ὧν</span> <span class='ocrx_word' id='word_1_510' title='bbox 1279 5196 1346 5251; x_wconf 78' lang='grc' dir='ltr'>τὰ</span> <span class='ocrx_word' id='word_1_511' title='bbox 1366 5197 1492 5269; x_wconf 82' lang='grc' dir='ltr'>ἔθνη</span> <span class='ocrx_word' id='word_1_512' title='bbox 1527 5199 1666 5254; x_wconf 79' lang='grc' dir='ltr'>κατὰ</span> 
     </span>
    </p>
   </div>
   <div class='ocr_carea' id='block_1_81' title="bbox 100 5279 1360 5356">
    <p class='ocr_par' dir='ltr' id='par_1_81' title="bbox 100 5279 1360 5356">
     <span class='ocr_line' id='line_1_81' title="bbox 100 5279 1360 5356; baseline 0.006 -25"><span class='ocrx_word' id='word_1_513' title='bbox 100 5282 200 5348; x_wconf 82' lang='grc' dir='ltr'>τῆς</span> <span class='ocrx_word' id='word_1_514' title='bbox 246 5279 594 5349; x_wconf 81' lang='grc' dir='ltr'>Ἰερουσαλὴμ</span> <span class='ocrx_word' id='word_1_515' title='bbox 639 5283 736 5352; x_wconf 85' lang='grc' dir='ltr'><strong>τῆς</strong></span> <span class='ocrx_word' id='word_1_516' title='bbox 769 5283 1001 5354; x_wconf 85' lang='grc' dir='ltr'>ἀρχαίας</span> <span class='ocrx_word' id='word_1_517' title='bbox 1028 5285 1360 5356; x_wconf 79' lang='grc' dir='ltr'>ώξύνθησαν.</span> 
     </span>
    </p>
   </div>
   <div class='ocr_carea' id='block_1_82' title="bbox 171 5370 1663 5453">
    <p class='ocr_par' dir='ltr' id='par_1_82' title="bbox 171 5370 1663 5453">
     <span class='ocr_line' id='line_1_82' title="bbox 171 5370 1663 5453; baseline 0.011 -33"><span class='ocrx_word' id='word_1_518' title='bbox 171 5370 233 5422; x_wconf 83' lang='grc' dir='ltr'>δ’.</span> <span class='ocrx_word' id='word_1_519' title='bbox 285 5370 615 5440; x_wconf 86' lang='grc' dir='ltr'>Προφητεία,</span> <span class='ocrx_word' id='word_1_520' title='bbox 638 5374 736 5442; x_wconf 83' lang='grc' dir='ltr'>τὴν</span> <span class='ocrx_word' id='word_1_521' title='bbox 763 5375 889 5428; x_wconf 90' lang='grc' dir='ltr'>νέαν</span> <span class='ocrx_word' id='word_1_522' title='bbox 931 5375 1280 5450; x_wconf 79' lang='grc' dir='ltr'>Ἰερουσαλὴμ</span> <span class='ocrx_word' id='word_1_523' title='bbox 1309 5381 1398 5435; x_wconf 85' lang='grc' dir='ltr'>διὰ</span> <span class='ocrx_word' id='word_1_524' title='bbox 1427 5381 1663 5453; x_wconf 82' lang='grc' dir='ltr'>Χριστοῦ</span> 
     </span>
    </p>
   </div>
   <div class='ocr_carea' id='block_1_83' title="bbox 1697 4459 1766 4522">
    <p class='ocr_par' dir='ltr' id='par_1_83' title="bbox 1697 4459 1766 4522">
     <span class='ocr_line' id='line_1_83' title="bbox 1697 4459 1766 4522; baseline -0.014 0"><span class='ocrx_word' id='word_1_525' title='bbox 1697 4459 1766 4522; x_wconf 74' lang='grc' dir='ltr'>Ι).</span> 
     </span>
    </p>
   </div>
   <div class='ocr_carea' id='block_1_84' title="bbox 1771 3193 3097 3269">
    <p class='ocr_par' dir='ltr' id='par_1_84' title="bbox 1771 3193 3097 3269">
     <span class='ocr_line' id='line_1_84' title="bbox 1771 3193 3097 3269; baseline -0.005 -16"><span class='ocrx_word' id='word_1_526' title='bbox 1771 3208 1904 3253; x_wconf 72' lang='lat' dir='ltr'><strong>tura:</strong></span> <span class='ocrx_word' id='word_1_527' title='bbox 1943 3214 2041 3269; x_wconf 84' lang='lat' dir='ltr'><strong>per</strong></span> <span class='ocrx_word' id='word_1_528' title='bbox 2065 3198 2341 3254; x_wconf 86' lang='lat' dir='ltr'><strong>Christum</strong></span> <span class='ocrx_word' id='word_1_529' title='bbox 2373 3195 2768 3254; x_wconf 84' lang='lat' dir='ltr'><strong>benedictionis</strong></span> <span class='ocrx_word' id='word_1_530' title='bbox 2789 3193 3097 3264; x_wconf 75' lang='lat' dir='ltr'><strong>promissio.</strong></span> 
     </span>
    </p>
   </div>
   <div class='ocr_carea' id='block_1_85' title="bbox 1841 3374 3336 3445">
    <p class='ocr_par' dir='ltr' id='par_1_85' title="bbox 1841 3374 3336 3445">
     <span class='ocr_line' id='line_1_85' title="bbox 1841 3374 3336 3445; baseline -0.003 -10"><span class='ocrx_word' id='word_1_531' title='bbox 1841 3381 1908 3436; x_wconf 75' lang='grc' dir='ltr'><strong>ν.</strong></span> <span class='ocrx_word' id='word_1_532' title='bbox 1930 3381 2215 3445; x_wconf 79' lang='lat' dir='ltr'><strong>Pracdictio</strong></span> <span class='ocrx_word' id='word_1_533' title='bbox 2252 3384 2428 3438; x_wconf 82' lang='lat' dir='ltr'><strong>ruinae</strong></span> <span class='ocrx_word' id='word_1_534' title='bbox 2449 3381 2843 3442; x_wconf 74' lang='lat' dir='ltr'><strong>daemoniorum</strong></span> <span class='ocrx_word' id='word_1_535' title='bbox 2871 3386 2929 3434; x_wconf 79' lang='lat' dir='ltr'><strong>et.</strong></span> <span class='ocrx_word' id='word_1_536' title='bbox 2951 3377 3020 3431; x_wconf 86' lang='lat' dir='ltr'><strong>ab</strong></span> <span class='ocrx_word' id='word_1_537' title='bbox 3051 3374 3185 3445; x_wconf 82' lang='lat' dir='ltr'><strong>ipsis</strong></span> <span class='ocrx_word' id='word_1_538' title='bbox 3206 3387 3336 3444; x_wconf 75' lang='lat' dir='ltr'><strong>pos-</strong></span> 
     </span>
    </p>
   </div>
   <div class='ocr_carea' id='block_1_86' title="bbox 1769 3467 3337 3549">
    <p class='ocr_par' dir='ltr' id='par_1_86' title="bbox 1769 3467 3337 3549">
     <span class='ocr_line' id='line_1_86' title="bbox 1769 3467 3337 3549; baseline -0.004 -20"><span class='ocrx_word' id='word_1_539' title='bbox 1769 3489 2070 3539; x_wconf 86' lang='lat' dir='ltr'><strong>sessorum,</strong></span> <span class='ocrx_word' id='word_1_540' title='bbox 2103 3485 2159 3529; x_wconf 88' lang='lat' dir='ltr'><strong>et</strong></span> <span class='ocrx_word' id='word_1_541' title='bbox 2195 3474 2481 3549; x_wconf 78' lang='lat' dir='ltr'><strong>prophetia</strong></span> <span class='ocrx_word' id='word_1_542' title='bbox 2515 3474 2582 3530; x_wconf 83' lang='lat' dir='ltr'><strong>de</strong></span> <span class='ocrx_word' id='word_1_543' title='bbox 2597 3471 2838 3536; x_wconf 75' lang='lat' dir='ltr'><strong>Christo,</strong></span> <span class='ocrx_word' id='word_1_544' title='bbox 2879 3467 3190 3540; x_wconf 76' lang='lat' dir='ltr'><strong>signiﬁcans</strong></span> <span class='ocrx_word' id='word_1_545' title='bbox 3223 3467 3337 3523; x_wconf 81' lang='lat' dir='ltr'><strong>dis—</strong></span> 
     </span>
    </p>
   </div>
   <div class='ocr_carea' id='block_1_87' title="bbox 1770 3562 3210 3640">
    <p class='ocr_par' dir='ltr' id='par_1_87' title="bbox 1770 3562 3210 3640">
     <span class='ocr_line' id='line_1_87' title="bbox 1770 3562 3210 3640; baseline -0.007 -16"><span class='ocrx_word' id='word_1_546' title='bbox 1770 3567 2098 3640; x_wconf 83' lang='lat' dir='ltr'><strong>positionem</strong></span> <span class='ocrx_word' id='word_1_547' title='bbox 2145 3565 2324 3621; x_wconf 87' lang='lat' dir='ltr'><strong>carnis</strong></span> <span class='ocrx_word' id='word_1_548' title='bbox 2357 3574 2410 3618; x_wconf 91' lang='lat' dir='ltr'><strong>et</strong></span> <span class='ocrx_word' id='word_1_549' title='bbox 2432 3562 2746 3619; x_wconf 81' lang='lat' dir='ltr'><strong>divinitatis.</strong></span> <span class='ocrx_word' id='word_1_550' title='bbox 3207 3582 3210 3584; x_wconf 91' lang='grc'><strong>·</strong></span> 
     </span>
    </p>
   </div>
   <div class='ocr_carea' id='block_1_88' title="bbox 1840 3733 3338 3818">
    <p class='ocr_par' dir='ltr' id='par_1_88' title="bbox 1840 3733 3338 3818">
     <span class='ocr_line' id='line_1_88' title="bbox 1840 3733 3338 3818; baseline -0.009 -18"><span class='ocrx_word' id='word_1_551' title='bbox 1840 3749 2067 3818; x_wconf 64' lang='lat' dir='ltr'><strong>Aggaus</strong></span> <span class='ocrx_word' id='word_1_552' title='bbox 2105 3742 2373 3816; x_wconf 72' lang='lat' dir='ltr'><strong>signiﬁcat</strong></span> <span class='ocrx_word' id='word_1_553' title='bbox 2398 3741 2673 3812; x_wconf 66' lang='lat' dir='ltr'><strong>festinans.</strong></span> <span class='ocrx_word' id='word_1_554' title='bbox 2703 3738 2806 3795; x_wconf 83' lang='lat' dir='ltr'><strong>Hie</strong></span> <span class='ocrx_word' id='word_1_555' title='bbox 2833 3745 2993 3795; x_wconf 84' lang='lat' dir='ltr'><strong>natus</strong></span> <span class='ocrx_word' id='word_1_556' title='bbox 3017 3744 3102 3792; x_wconf 87' lang='lat' dir='ltr'><strong>est</strong></span> <span class='ocrx_word' id='word_1_557' title='bbox 3134 3734 3188 3790; x_wconf 87' lang='lat' dir='ltr'><strong>in</strong></span> <span class='ocrx_word' id='word_1_558' title='bbox 3234 3733 3338 3796; x_wconf 85' lang='lat' dir='ltr'><strong>Ba-</strong></span> 
     </span>
    </p>
   </div>
   <div class='ocr_carea' id='block_1_89' title="bbox 1773 3827 3338 3911">
    <p class='ocr_par' dir='ltr' id='par_1_89' title="bbox 1773 3827 3338 3911">
     <span class='ocr_line' id='line_1_89' title="bbox 1773 3827 3338 3911; baseline -0.01 -16"><span class='ocrx_word' id='word_1_559' title='bbox 1773 3840 1990 3911; x_wconf 85' lang='lat' dir='ltr'><strong>bylone,</strong></span> <span class='ocrx_word' id='word_1_560' title='bbox 2017 3848 2072 3894; x_wconf 87' lang='lat' dir='ltr'><strong>et</strong></span> <span class='ocrx_word' id='word_1_561' title='bbox 2110 3844 2230 3891; x_wconf 87' lang='lat' dir='ltr'><strong>erat</strong></span> <span class='ocrx_word' id='word_1_562' title='bbox 2251 3835 2318 3891; x_wconf 90' lang='lat' dir='ltr'><strong>de</strong></span> <span class='ocrx_word' id='word_1_563' title='bbox 2359 3835 2505 3889; x_wconf 90' lang='lat' dir='ltr'><strong>tribu</strong></span> <span class='ocrx_word' id='word_1_564' title='bbox 2545 3831 2693 3886; x_wconf 78' lang='lat' dir='ltr'><strong>Levi.</strong></span> <span class='ocrx_word' id='word_1_565' title='bbox 2727 3831 2794 3886; x_wconf 84' lang='lat' dir='ltr'><strong>Et</strong></span> <span class='ocrx_word' id='word_1_566' title='bbox 2823 3845 2958 3901; x_wconf 85' lang='lat' dir='ltr'><strong>puer</strong></span> <span class='ocrx_word' id='word_1_567' title='bbox 2986 3844 3112 3885; x_wconf 83' lang='lat' dir='ltr'><strong>cum</strong></span> <span class='ocrx_word' id='word_1_568' title='bbox 3161 3827 3338 3882; x_wconf 89' lang='lat' dir='ltr'><strong>adhuc</strong></span> 
     </span>
    </p>
   </div>
   <div class='ocr_carea' id='block_1_90' title="bbox 1774 3920 3336 3995">
    <p class='ocr_par' dir='ltr' id='par_1_90' title="bbox 1774 3920 3336 3995">
     <span class='ocr_line' id='line_1_90' title="bbox 1774 3920 3336 3995; baseline -0.01 -9"><span class='ocrx_word' id='word_1_569' title='bbox 1774 3937 1938 3993; x_wconf 89' lang='lat' dir='ltr'><strong>esset,</strong></span> <span class='ocrx_word' id='word_1_570' title='bbox 1993 3929 2145 3983; x_wconf 85' lang='lat' dir='ltr'><strong>venit</strong></span> <span class='ocrx_word' id='word_1_571' title='bbox 2188 3941 2266 3981; x_wconf 68' lang='lat' dir='ltr'><strong>ex,</strong></span> <span class='ocrx_word' id='word_1_572' title='bbox 2304 3924 2573 3995; x_wconf 84' lang='lat' dir='ltr'><strong>Babylone</strong></span> <span class='ocrx_word' id='word_1_573' title='bbox 2607 3923 2662 3976; x_wconf 90' lang='lat' dir='ltr'><strong>in</strong></span> <span class='ocrx_word' id='word_1_574' title='bbox 2702 3921 3020 3985; x_wconf 83' lang='lat' dir='ltr'><strong>Jerusalem,</strong></span> <span class='ocrx_word' id='word_1_575' title='bbox 3054 3928 3110 3975; x_wconf 90' lang='lat' dir='ltr'><strong>et</strong></span> <span class='ocrx_word' id='word_1_576' title='bbox 3161 3920 3336 3989; x_wconf 79' lang='lat' dir='ltr'><strong>palam</strong></span> 
     </span>
    </p>
   </div>
   <div class='ocr_carea' id='block_1_91' title="bbox 1771 4010 3337 4092">
    <p class='ocr_par' dir='ltr' id='par_1_91' title="bbox 1771 4010 3337 4092">
     <span class='ocr_line' id='line_1_91' title="bbox 1771 4010 3337 4092; baseline -0.008 -18"><span class='ocrx_word' id='word_1_577' title='bbox 1771 4018 2123 4092; x_wconf 62' lang='lat' dir='ltr'><strong>prophetat-it</strong></span> <span class='ocrx_word' id='word_1_578' title='bbox 2154 4017 2224 4072; x_wconf 86' lang='lat' dir='ltr'><strong>de</strong></span> <span class='ocrx_word' id='word_1_579' title='bbox 2257 4014 2615 4070; x_wconf 85' lang='lat' dir='ltr'><strong>conversione</strong></span> <span class='ocrx_word' id='word_1_580' title='bbox 2642 4013 2827 4083; x_wconf 84' lang='lat' dir='ltr'><strong>populi</strong></span> <span class='ocrx_word' id='word_1_581' title='bbox 2855 4020 2911 4066; x_wconf 79' lang='lat' dir='ltr'><strong>et</strong></span> <span class='ocrx_word' id='word_1_582' title='bbox 2937 4011 3074 4066; x_wconf 87' lang='lat' dir='ltr'><strong>vidit</strong></span> <span class='ocrx_word' id='word_1_583' title='bbox 3107 4010 3162 4064; x_wconf 88' lang='lat' dir='ltr'><strong>in</strong></span> <span class='ocrx_word' id='word_1_584' title='bbox 3185 4019 3337 4078; x_wconf 86' lang='lat' dir='ltr'><strong>parte</strong></span> 
     </span>
    </p>
   </div>
   <div class='ocr_carea' id='block_1_92' title="bbox 1775 4102 3339 4178">
    <p class='ocr_par' dir='ltr' id='par_1_92' title="bbox 1775 4102 3339 4178">
     <span class='ocr_line' id='line_1_92' title="bbox 1775 4102 3339 4178; baseline -0.008 -8"><span class='ocrx_word' id='word_1_585' title='bbox 1775 4112 2191 4171; x_wconf 66' lang='lat' dir='ltr'><strong>aediﬁcationem</strong></span> <span class='ocrx_word' id='word_1_586' title='bbox 2219 4107 2428 4178; x_wconf 88' lang='lat' dir='ltr'><strong>templi.</strong></span> <span class='ocrx_word' id='word_1_587' title='bbox 2457 4107 2526 4163; x_wconf 87' lang='lat' dir='ltr'><strong>Et</strong></span> <span class='ocrx_word' id='word_1_588' title='bbox 2546 4114 2792 4161; x_wconf 89' lang='lat' dir='ltr'><strong>mortuus</strong></span> <span class='ocrx_word' id='word_1_589' title='bbox 2815 4104 2870 4166; x_wconf 85' lang='lat' dir='ltr'><strong>in</strong></span> <span class='ocrx_word' id='word_1_590' title='bbox 2903 4102 3224 4166; x_wconf 80' lang='lat' dir='ltr'><strong>Jerusalem,</strong></span> <span class='ocrx_word' id='word_1_591' title='bbox 3245 4115 3339 4158; x_wconf 74' lang='lat' dir='ltr'><strong>se-</strong></span> 
     </span>
    </p>
   </div>
   <div class='ocr_carea' id='block_1_93' title="bbox 1776 4193 3337 4275">
    <p class='ocr_par' dir='ltr' id='par_1_93' title="bbox 1776 4193 3337 4275">
     <span class='ocr_line' id='line_1_93' title="bbox 1776 4193 3337 4275; baseline -0.008 -15"><span class='ocrx_word' id='word_1_592' title='bbox 1776 4205 1960 4275; x_wconf 90' lang='lat' dir='ltr'><strong>pultus</strong></span> <span class='ocrx_word' id='word_1_593' title='bbox 1987 4213 2070 4258; x_wconf 89' lang='lat' dir='ltr'><strong>est</strong></span> <span class='ocrx_word' id='word_1_594' title='bbox 2093 4216 2260 4272; x_wconf 85' lang='lat' dir='ltr'><strong>prope</strong></span> <span class='ocrx_word' id='word_1_595' title='bbox 2283 4199 2612 4269; x_wconf 74' lang='lat' dir='ltr'><strong>sepulturam</strong></span> <span class='ocrx_word' id='word_1_596' title='bbox 2638 4196 2999 4260; x_wconf 87' lang='lat' dir='ltr'><strong>sacerdotum,</strong></span> <span class='ocrx_word' id='word_1_597' title='bbox 3023 4195 3213 4250; x_wconf 85' lang='lat' dir='ltr'><strong>eodem</strong></span> <span class='ocrx_word' id='word_1_598' title='bbox 3241 4193 3337 4248; x_wconf 88' lang='lat' dir='ltr'><strong>ho-</strong></span> 
     </span>
    </p>
   </div>
   <div class='ocr_carea' id='block_1_94' title="bbox 1777 4287 3336 4362">
    <p class='ocr_par' dir='ltr' id='par_1_94' title="bbox 1777 4287 3336 4362">
     <span class='ocr_line' id='line_1_94' title="bbox 1777 4287 3336 4362; baseline -0.008 -13"><span class='ocrx_word' id='word_1_599' title='bbox 1777 4307 1913 4349; x_wconf 84' lang='lat' dir='ltr'><strong>nore</strong></span> <span class='ocrx_word' id='word_1_600' title='bbox 1947 4307 2055 4362; x_wconf 90' lang='lat' dir='ltr'><strong>quo</strong></span> <span class='ocrx_word' id='word_1_601' title='bbox 2083 4290 2260 4361; x_wconf 81' lang='lat' dir='ltr'><strong>etjpsi</strong></span> <span class='ocrx_word' id='word_1_602' title='bbox 2291 4308 2302 4342; x_wconf 91' lang='lat'>:</span> <span class='ocrx_word' id='word_1_603' title='bbox 2332 4296 2522 4360; x_wconf 82' lang='lat' dir='ltr'><strong>utpote</strong></span> <span class='ocrx_word' id='word_1_604' title='bbox 2569 4287 2662 4357; x_wconf 87' lang='lat' dir='ltr'><strong>qui</strong></span> <span class='ocrx_word' id='word_1_605' title='bbox 2693 4293 2813 4342; x_wconf 88' lang='lat' dir='ltr'><strong>erat</strong></span> <span class='ocrx_word' id='word_1_606' title='bbox 2839 4300 2902 4341; x_wconf 85' lang='lat' dir='ltr'><strong>ex</strong></span> <span class='ocrx_word' id='word_1_607' title='bbox 2933 4300 3133 4356; x_wconf 77' lang='lat' dir='ltr'><strong>genere</strong></span> <span class='ocrx_word' id='word_1_608' title='bbox 3158 4298 3336 4340; x_wconf 86' lang='lat' dir='ltr'><strong>sacer-</strong></span> 
     </span>
    </p>
   </div>
   <div class='ocr_carea' id='block_1_95' title="bbox 1774 4384 1964 4441">
    <p class='ocr_par' dir='ltr' id='par_1_95' title="bbox 1774 4384 1964 4441">
     <span class='ocr_line' id='line_1_95' title="bbox 1774 4384 1964 4441; baseline -0.005 -1"><span class='ocrx_word' id='word_1_609' title='bbox 1774 4384 1964 4441; x_wconf 82' lang='lat' dir='ltr'><strong>dotali.</strong></span> 
     </span>
    </p>
   </div>
   <div class='ocr_carea' id='block_1_96' title="bbox 2015 4529 3088 4616">
    <p class='ocr_par' dir='ltr' id='par_1_96' title="bbox 2015 4529 3088 4616">
     <span class='ocr_line' id='line_1_96' title="bbox 2015 4529 3088 4616; baseline -0.006 -21"><span class='ocrx_word' id='word_1_610' title='bbox 2015 4535 2268 4616; x_wconf 72' lang='lat' dir='ltr'><strong>GAPITA</strong></span> <span class='ocrx_word' id='word_1_611' title='bbox 2289 4529 2660 4592; x_wconf 79' lang='lat' dir='ltr'><strong>ZACHARUE</strong></span> <span class='ocrx_word' id='word_1_612' title='bbox 2683 4531 3088 4590; x_wconf 64' lang='grc' dir='ltr'><strong>ΡΒΟΡΙΙΕΤᾸΕ.</strong></span> 
     </span>
    </p>
   </div>
   <div class='ocr_carea' id='block_1_97' title="bbox 1844 4649 3334 4720">
    <p class='ocr_par' dir='ltr' id='par_1_97' title="bbox 1844 4649 3334 4720">
     <span class='ocr_line' id='line_1_97' title="bbox 1844 4649 3334 4720; baseline 0 -16"><span class='ocrx_word' id='word_1_613' title='bbox 1844 4650 1886 4706; x_wconf 90' lang='lat' dir='ltr'><strong>l.</strong></span> <span class='ocrx_word' id='word_1_614' title='bbox 1925 4649 2247 4707; x_wconf 77' lang='lat' dir='ltr'><strong>Exhortatio</strong></span> <span class='ocrx_word' id='word_1_615' title='bbox 2273 4649 2343 4704; x_wconf 91' lang='lat' dir='ltr'><strong>ad</strong></span> <span class='ocrx_word' id='word_1_616' title='bbox 2375 4649 2774 4720; x_wconf 60' lang='lat' dir='ltr'><strong>paenitentiam,</strong></span> <span class='ocrx_word' id='word_1_617' title='bbox 2803 4655 2860 4704; x_wconf 87' lang='lat' dir='ltr'><strong>et</strong></span> <span class='ocrx_word' id='word_1_618' title='bbox 2894 4649 3200 4720; x_wconf 65' lang='lat' dir='ltr'><strong>obiurgatio</strong></span> <span class='ocrx_word' id='word_1_619' title='bbox 3238 4665 3334 4719; x_wconf 86' lang='lat' dir='ltr'><strong>po-</strong></span> 
     </span>
    </p>
   </div>
   <div class='ocr_carea' id='block_1_98' title="bbox 1778 4739 3345 4810">
    <p class='ocr_par' dir='ltr' id='par_1_98' title="bbox 1778 4739 3345 4810">
     <span class='ocr_line' id='line_1_98' title="bbox 1778 4739 3345 4810; baseline 0 -17"><span class='ocrx_word' id='word_1_620' title='bbox 1778 4741 1890 4810; x_wconf 90' lang='lat' dir='ltr'><strong>puli</strong></span> <span class='ocrx_word' id='word_1_621' title='bbox 1923 4740 2156 4805; x_wconf 89' lang='lat' dir='ltr'><strong>Judaici,</strong></span> <span class='ocrx_word' id='word_1_622' title='bbox 2189 4754 2256 4794; x_wconf 91' lang='lat' dir='ltr'><strong>eo</strong></span> <span class='ocrx_word' id='word_1_623' title='bbox 2274 4740 2420 4810; x_wconf 84' lang='lat' dir='ltr'><strong>quod</strong></span> <span class='ocrx_word' id='word_1_624' title='bbox 2444 4747 2660 4807; x_wconf 87' lang='lat' dir='ltr'><strong>patrum</strong></span> <span class='ocrx_word' id='word_1_625' title='bbox 2683 4753 2908 4794; x_wconf 82' lang='lat' dir='ltr'><strong>suorum</strong></span> <span class='ocrx_word' id='word_1_626' title='bbox 2939 4739 3195 4796; x_wconf 83' lang='lat' dir='ltr'><strong>malitiam</strong></span> <span class='ocrx_word' id='word_1_627' title='bbox 3227 4739 3345 4810; x_wconf 67' lang='lat' dir='ltr'><strong>imi-</strong></span> 
     </span>
    </p>
   </div>
   <div class='ocr_carea' id='block_1_99' title="bbox 1778 4828 2826 4886">
    <p class='ocr_par' dir='ltr' id='par_1_99' title="bbox 1778 4828 2826 4886">
     <span class='ocr_line' id='line_1_99' title="bbox 1778 4828 2826 4886; baseline -0.003 -4"><span class='ocrx_word' id='word_1_628' title='bbox 1778 4828 1870 4886; x_wconf 83' lang='lat' dir='ltr'><strong>tati</strong></span> <span class='ocrx_word' id='word_1_629' title='bbox 1910 4836 2058 4882; x_wconf 91' lang='lat' dir='ltr'><strong>sunt.</strong></span> <span class='ocrx_word' id='word_1_630' title='bbox 2823 4875 2826 4879; x_wconf 90' lang='lat'><strong>.</strong></span> 
     </span>
    </p>
   </div>
   <div class='ocr_carea' id='block_1_100' title="bbox 1838 4913 3336 4994">
    <p class='ocr_par' dir='ltr' id='par_1_100' title="bbox 1838 4913 3336 4994">
     <span class='ocr_line' id='line_1_100' title="bbox 1838 4913 3336 4994; baseline -0.003 -22"><span class='ocrx_word' id='word_1_631' title='bbox 1838 4919 1906 4979; x_wconf 82' lang='lat' dir='ltr'><strong>ll,</strong></span> <span class='ocrx_word' id='word_1_632' title='bbox 1940 4917 2273 4973; x_wconf 85' lang='lat' dir='ltr'><strong>Vaticinium</strong></span> <span class='ocrx_word' id='word_1_633' title='bbox 2319 4929 2577 4970; x_wconf 89' lang='lat' dir='ltr'><strong>cursuum</strong></span> <span class='ocrx_word' id='word_1_634' title='bbox 2617 4913 2986 4985; x_wconf 89' lang='lat' dir='ltr'><strong>apostolorum</strong></span> <span class='ocrx_word' id='word_1_635' title='bbox 3020 4925 3075 4970; x_wconf 91' lang='lat' dir='ltr'><strong>et</strong></span> <span class='ocrx_word' id='word_1_636' title='bbox 3108 4930 3336 4994; x_wconf 76' lang='lat' dir='ltr'><strong>renova-</strong></span> 
     </span>
    </p>
   </div>
   <div class='ocr_carea' id='block_1_101' title="bbox 1777 5004 3088 5078">
    <p class='ocr_par' dir='ltr' id='par_1_101' title="bbox 1777 5004 3088 5078">
     <span class='ocr_line' id='line_1_101' title="bbox 1777 5004 3088 5078; baseline -0.008 -10"><span class='ocrx_word' id='word_1_637' title='bbox 1777 5013 1940 5068; x_wconf 90' lang='lat' dir='ltr'><strong>tionis</strong></span> <span class='ocrx_word' id='word_1_638' title='bbox 1977 5010 2272 5068; x_wconf 78' lang='lat' dir='ltr'><strong>Jerusalem</strong></span> <span class='ocrx_word' id='word_1_639' title='bbox 2300 5023 2422 5078; x_wconf 74' lang='lat' dir='ltr'><strong>quae</strong></span> <span class='ocrx_word' id='word_1_640' title='bbox 2446 5007 2565 5076; x_wconf 85' lang='lat' dir='ltr'><strong>ipsa</strong></span> <span class='ocrx_word' id='word_1_641' title='bbox 2586 5005 2796 5062; x_wconf 87' lang='lat' dir='ltr'><strong>novalis</strong></span> <span class='ocrx_word' id='word_1_642' title='bbox 2815 5004 2958 5062; x_wconf 78' lang='lat' dir='ltr'><strong>facta</strong></span> <span class='ocrx_word' id='word_1_643' title='bbox 2987 5015 3088 5062; x_wconf 85' lang='lat' dir='ltr'><strong>est.</strong></span> 
     </span>
    </p>
   </div>
   <div class='ocr_carea' id='block_1_102' title="bbox 1846 5193 3331 5266">
    <p class='ocr_par' dir='ltr' id='par_1_102' title="bbox 1846 5193 3331 5266">
     <span class='ocr_line' id='line_1_102' title="bbox 1846 5193 3331 5266; baseline -0.001 -15"><span class='ocrx_word' id='word_1_644' title='bbox 1846 5194 1936 5254; x_wconf 88' lang='lat' dir='ltr'><strong>lll.</strong></span> <span class='ocrx_word' id='word_1_645' title='bbox 1971 5195 2235 5252; x_wconf 87' lang='lat' dir='ltr'><strong>indicium</strong></span> <span class='ocrx_word' id='word_1_646' title='bbox 2264 5193 2584 5251; x_wconf 88' lang='lat' dir='ltr'><strong>nuntiorum</strong></span> <span class='ocrx_word' id='word_1_647' title='bbox 2622 5209 2688 5250; x_wconf 74' lang='lat' dir='ltr'><strong>ex</strong></span> <span class='ocrx_word' id='word_1_648' title='bbox 2718 5193 2914 5266; x_wconf 89' lang='lat' dir='ltr'><strong>quibus</strong></span> <span class='ocrx_word' id='word_1_649' title='bbox 2932 5203 3119 5264; x_wconf 75' lang='lat' dir='ltr'><strong>gentes</strong></span> <span class='ocrx_word' id='word_1_650' title='bbox 3145 5203 3331 5249; x_wconf 83' lang='lat' dir='ltr'><strong>contra</strong></span> 
     </span>
    </p>
   </div>
   <div class='ocr_carea' id='block_1_103' title="bbox 1771 5285 2808 5360">
    <p class='ocr_par' dir='ltr' id='par_1_103' title="bbox 1771 5285 2808 5360">
     <span class='ocr_line' id='line_1_103' title="bbox 1771 5285 2808 5360; baseline -0.006 -14"><span class='ocrx_word' id='word_1_651' title='bbox 1771 5291 2048 5360; x_wconf 86' lang='lat' dir='ltr'><strong>antiquam</strong></span> <span class='ocrx_word' id='word_1_652' title='bbox 2077 5285 2380 5343; x_wconf 89' lang='lat' dir='ltr'><strong>Jerusalem</strong></span> <span class='ocrx_word' id='word_1_653' title='bbox 2412 5286 2639 5342; x_wconf 64' lang='lat' dir='ltr'><strong>infensa:</strong></span> <span class='ocrx_word' id='word_1_654' title='bbox 2661 5295 2808 5342; x_wconf 86' lang='lat' dir='ltr'><strong>sunt.</strong></span> 
     </span>
    </p>
   </div>
   <div class='ocr_carea' id='block_1_104' title="bbox 1844 5376 3324 5434">
    <p class='ocr_par' dir='ltr' id='par_1_104' title="bbox 1844 5376 3324 5434">
     <span class='ocr_line' id='line_1_104' title="bbox 1844 5376 3324 5434; baseline -0.001 0"><span class='ocrx_word' id='word_1_655' title='bbox 1844 5379 1928 5434; x_wconf 82' lang='lat' dir='ltr'><strong>IV.</strong></span> <span class='ocrx_word' id='word_1_656' title='bbox 1955 5379 2280 5434; x_wconf 82' lang='lat' dir='ltr'><strong>Vaticinium</strong></span> <span class='ocrx_word' id='word_1_657' title='bbox 2319 5393 2516 5433; x_wconf 78' lang='lat' dir='ltr'><strong>novam</strong></span> <span class='ocrx_word' id='word_1_658' title='bbox 2553 5376 2851 5434; x_wconf 82' lang='lat' dir='ltr'><strong>Jerusalem</strong></span> <span class='ocrx_word' id='word_1_659' title='bbox 2875 5391 2906 5432; x_wconf 88' lang='lat' dir='ltr'><strong>a</strong></span> <span class='ocrx_word' id='word_1_660' title='bbox 2940 5377 3159 5433; x_wconf 87' lang='lat' dir='ltr'><strong>Christo</strong></span> <span class='ocrx_word' id='word_1_661' title='bbox 3205 5377 3324 5432; x_wconf 84' lang='lat' dir='ltr'><strong>fun-</strong></span> 
     </span>
    </p>
   </div>
   <div class='ocr_carea' id='block_1_105' title="bbox 101 5459 1660 5544">
    <p class='ocr_par' dir='ltr' id='par_1_105' title="bbox 101 5459 1655 5534">
     <span class='ocr_line' id='line_1_105' title="bbox 101 5459 1655 5534; baseline 0.01 -24"><span class='ocrx_word' id='word_1_662' title='bbox 101 5459 506 5529; x_wconf 82' lang='grc' dir='ltr'>κτισθήσεσθαι,</span> <span class='ocrx_word' id='word_1_663' title='bbox 537 5459 630 5513; x_wconf 78' lang='grc' dir='ltr'>καὶ</span> <span class='ocrx_word' id='word_1_664' title='bbox 664 5462 865 5530; x_wconf 82' lang='grc' dir='ltr'>πλῆθος</span> <span class='ocrx_word' id='word_1_665' title='bbox 909 5466 1197 5522; x_wconf 74' lang='grc' dir='ltr'>οἰκούντων</span> <span class='ocrx_word' id='word_1_666' title='bbox 1229 5471 1402 5534; x_wconf 68' lang='grc' dir='ltr'>ἕξειν*</span> <span class='ocrx_word' id='word_1_667' title='bbox 1437 5473 1531 5525; x_wconf 71' lang='grc' dir='ltr'><strong>καὶ</strong></span> <span class='ocrx_word' id='word_1_668' title='bbox 1562 5473 1655 5525; x_wconf 86' lang='grc' dir='ltr'><strong>τοῦ</strong></span> 
     </span>
    </p>
   </div>
   <div class='ocr_carea' id='block_1_106' title="bbox 1823 5459 3320 5544">
    <p class='ocr_par' dir='ltr' id='par_1_106' title="bbox 1823 5467 3320 5540">
     <span class='ocr_line' id='line_1_106' title="bbox 1823 5467 3320 5540; baseline -0.002 -15"><span class='ocrx_word' id='word_1_669' title='bbox 1823 5480 1946 5526; x_wconf 75' lang='lat' dir='ltr'><strong>itam</strong></span> <span class='ocrx_word' id='word_1_670' title='bbox 1978 5471 2067 5539; x_wconf 88' lang='lat' dir='ltr'><strong>iri,</strong></span> <span class='ocrx_word' id='word_1_671' title='bbox 2098 5479 2156 5526; x_wconf 87' lang='lat' dir='ltr'><strong>et.</strong></span> <span class='ocrx_word' id='word_1_672' title='bbox 2197 5467 2600 5524; x_wconf 84' lang='lat' dir='ltr'><strong>multitudinem</strong></span> <span class='ocrx_word' id='word_1_673' title='bbox 2633 5467 3008 5525; x_wconf 84' lang='lat' dir='ltr'><strong>habitantium.</strong></span> <span class='ocrx_word' id='word_1_674' title='bbox 3041 5467 3142 5540; x_wconf 87' lang='lat' dir='ltr'><strong>ipsi</strong></span> <span class='ocrx_word' id='word_1_675' title='bbox 3176 5467 3320 5522; x_wconf 69' lang='lat' dir='ltr'><strong>tutu--</strong></span> 
     </span>
    </p>
   </div>
   <div class='ocr_carea' id='block_1_107' title="bbox 1629 5619 1862 5675">
    <p class='ocr_par' dir='ltr' id='par_1_107' title="bbox 1629 5619 1862 5675">
     <span class='ocr_line' id='line_1_107' title="bbox 1629 5619 1862 5675; baseline 0 -1"><span class='ocrx_word' id='word_1_676' title='bbox 1629 5619 1862 5675; x_wconf 70' lang='lat' dir='ltr'><strong>NOTAE.</strong></span> 
     </span>
    </p>
   </div>
   <div class='ocr_carea' id='block_1_108' title="bbox 175 5745 1660 5823">
    <p class='ocr_par' dir='ltr' id='par_1_108' title="bbox 175 5745 1657 5823">
     <span class='ocr_line' id='line_1_108' title="bbox 175 5745 1657 5823; baseline 0.007 -24"><span class='ocrx_word' id='word_1_677' title='bbox 175 5745 286 5817; x_wconf 72' lang='grc'><strong>(12)</strong></span> <span class='ocrx_word' id='word_1_678' title='bbox 317 5745 609 5814; x_wconf 73' lang='grc' dir='ltr'>Σαϐαρώθ.</span> <span class='ocrx_word' id='word_1_679' title='bbox 671 5746 984 5817; x_wconf 81' lang='grc' dir='ltr'>Σαραϐαθά,</span> <span class='ocrx_word' id='word_1_680' title='bbox 1031 5751 1222 5823; x_wconf 79' lang='lat' dir='ltr'><strong>Epiph.</strong></span> <span class='ocrx_word' id='word_1_681' title='bbox 1283 5756 1657 5821; x_wconf 70' lang='lat' dir='ltr'><strong>Sabarihatha,</strong></span> 
     </span>
    </p>
   </div>
   <div class='ocr_carea' id='block_1_109' title="bbox 1823 5745 1912 5823">
    <p class='ocr_par' dir='ltr' id='par_1_109' title="bbox 1823 5757 1912 5810">
     <span class='ocr_line' id='line_1_109' title="bbox 1823 5757 1912 5810; baseline -0.011 0"><span class='ocrx_word' id='word_1_682' title='bbox 1823 5757 1912 5810; x_wconf 70' lang='grc' dir='ltr'>ιιιι.</span> 
     </span>
    </p>
   </div>
  </div>
