3764 6320
46 344 194 409 1365

1099 349 1181 409 IN
1209 349 1326 408 XII
1363 347 1806 408 PROPHETAS
1846 350 2206 411 MINORES.

3165 345 3302 410 1366

43 458 279 524 πλάνης,
313 454 408 511 καὶ
439 456 548 510 τῶν
584 457 901 528 μυστηρίων
929 457 1029 530 τὴν
1055 459 1384 530 φανέρωσιν,
1419 459 1513 511 καὶ
1532 458 1613 528 rip

1791 463 2113 530 ysteriorum
2171 461 2709 520 manifestationem.
2779 462 2835 517 in
2887 460 3300 516 conversionem

42 550 390 618 ιπιπροφὴν
410 548 521 602 τῶν
545 549 983 621 πεπλανημένων
1010 553 1377 623 χρησάμενος.

114 645 226 693 κα’.
279 640 402 691 Ὀτι
439 641 601 710 παρὰ
635 640 771 694 Θεοῦ
807 643 901 696 καὶ
948 645 1050 713 τὴν
1097 644 1260 714 χάριν
1289 646 1372 698 δεῖ
1404 647 1499 700 καὶ
1536 647 1627 700 τὸν

41 731 209 798 νόμον
247 730 648 801 προσδέχεσθαι
671 747 686 762 ⁸
721 733 816 786 καὶ
866 733 1087 804 διαϐολὴ
1130 728 1246 790 τῶν
1298 736 1628 807 Ἑλληνικῶν

16 820 325 889 ομάντεων,
380 821 477 873 καὶ
531 821 731 892 ἀπειλὴ
784 822 893 877 τῶν
950 826 1260 879 Ἰουδαϊκῶν
1316 827 1591 896 ποιμένων
1610 844 1625 857 ο

41 914 135 966 καὶ
167 915 482 984 προφητεία
504 917 605 986 τῆς
632 916 721 970 διὰ
739 916 847 970 τῶν
876 918 1192 971 ἀποστόλων
1221 920 1486 990 ἐσομένης
1514 921 1630 970 ἐπιυ

43 1007 291 1076 στροφῆς
313 1007 405 1060 διὰ
432 1007 808 1077 βαπτίσματος
837 1010 930 1061 καὶ
970 1010 1256 1078 μετανοίας
1279 1012 1344 1063 ἐκ
1373 1011 1472 1079 τῆς
1497 1010 1627 1063 πλά-

40 1113 143 1165 νης
170 1099 289 1161 τοῖς
321 1098 528 1151 ἔθνεσι.

114 1212 219 1280 κβ’.
270 1213 587 1283 Πρόρῥησις
641 1213 847 1267 εἰσόδου
883 1214 1021 1284 πρδς
1065 1213 1132 1266 τὰ
1169 1212 1297 1284 ἔθνη
1329 1214 1423 1267 τοῦ
1461 1213 1629 1267 Πνεῦ-

44 1315 219 1365 ματος
241 1314 256 1328 ·
292 1299 389 1350 καὶ
420 1298 654 1353 εἰδώλων
690 1300 948 1364 πτώσεως
969 1317 981 1329 ·
1005 1303 1099 1354 καὶ
1128 1300 1328 1373 θρήνου
1358 1301 1464 1355 τῶν
1500 1303 1629 1356 Ἰου-

39 1388 251 1441 δαϊκῶν
284 1390 579 1458 ποιμένων,
612 1392 700 1459 ἐφ’
731 1386 810 1454 οἷς
845 1394 1200 1472 καταργεῖται
1248 1392 1317 1444 τὰ
1364 1394 1494 1463 παρ’
1530 1394 1628 1446 αὐ-

41 1481 156 1541 τοῖς
190 1478 491 1550 καθάρσια.

23 1597 31 1607 -
116 1556 233 1635 κγ’.
279 1572 323 1622 Π
333 1571 595 1640 ροφητεία
627 1571 755 1642 περὶ
785 1571 1042 1641 Χριστοῦ,
1075 1573 1383 1642 ποιμαίνειν
1411 1573 1628 1646 εὐδοκία⁸

40 1660 137 1713 τοῦ
188 1661 410 1730 Πατρδς
462 1662 529 1715 τὰ
573 1661 763 1732 πρώην
812 1663 1128 1718 ἀπολωλότα
1171 1663 1475 1734 μέλλοντος,
1532 1666 1628 1719 καὶ

41 1751 245 1821 ἀπειλή
278 1752 382 1822 τῆς
410 1752 520 1806 τῶν
556 1753 822 1807 Ἰουδαίων
843 1750 1429 1826 πορθήσεως,’Καῖάφα
1444 1773 1503 1809 τε
1534 1757 1628 1811 καὶ
1659 1785 1703 1844 Β

41 1844 285 1898 Πιλάτου
321 1845 415 1898 καὶ¹
454 1844 696 1916 Ἡρώδου
763 1845 1057 1917 ἐξάρσεως,
1123 1848 1291 1919 νόμου
1334 1864 1395 1901 τε
1422 1849 1628 1918 ἐγγρά-

41 1950 148 2002 φου
185 1935 282 1987 καὶ
324 1934 553 2003 φυσικοῦ
604 1936 946 2006 μεταθέσεως
996 1941 1075 2001 είς
1123 1939 1320 1992 αὐτόν’
1365 1939 1627 2010 ἐκατέρου

40 2021 360 2091 διόρθωσιν.
1199 2091 1208 2099 ι

117 2129 199 2186 κδ’
205 2173 220 2188 .
277 2134 593 2204 Προφητεία
622 2135 723 2205 τῆς
752 2137 1015 2206 ἐσομένης
1046 2137 1105 2191 ἐν
1136 2137 1250 2201 τοῖς
1279 2137 1456 2193 ἔθνεσι
1488 2137 1628 2207 γνώ-

47 2240 211 2291 σεως,
263 2226 365 2280 καὶ
413 2227 510 2296 τῆς
557 2225 652 2294 τρῦ
700 2227 904 2298 Κυρίου
953 2229 1289 2297 φαντασίας·
1342 2229 1447 2285 καὶ
1484 2231 1630 2295 ὅπως

42 2316 220 2387 αὐτῆς
258 2316 362 2387 μὲν
403 2316 661 2386 ἀδόκιμον
708 2316 924 2387 ἐδείχθη
968 2317 1029 2370 τὸ
1075 2317 1360 2390 ἀργύριον,
1410 2321 1443 2391 η
1493 2319 1633 2392 πρὸς

40 2409 137 2461 τὸν
173 2408 306 2462 λαὸν
332 2407 390 2461 δὲ
424 2407 532 2461 τῶν
578 2408 846 2463 Ἰουδαίων
872 2409 1102 2481 διαθήκη
1139 2412 1464 2483 κατηγορία.

116 2505 224 2552 κε’.
275 2498 698 2568 Προφήτεία,ντί
729 2501 827 2571 μὲν
855 2502 883 2553 ὁ
917 2500 1282 2572 ’Δντίχριστος
1313 2504 1555 2575 ποιήσει,
1582 2505 1633 2558 τί

43 2587 103 2641 δὲ
143 2589 239 2641 καὶ
275 2587 462 2657 μέλλει
492 2588 799 2642 πείσεσθαι.

119 2708 236 2766 σις’.
289 2701 597 2773 Προρρήσις
625 2700 733 2757 τῶν
765 2703 1067 2773 μελλόντων
1085 2708 1151 2776 τῇ
1188 2705 1545 2779 Ἰερουσαλὴμ
1577 2711 1634 2763 ἐν

46 2795 115 2863 τῇ
172 2791 442 2862 πορθήσει
494 2793 875 2864 συμϐήσεσθαι
925 2796 1167 2850 καὶτῶν
1218 2797 1494 2869 ἐσομένων
1548 2801 1636 2854 διὰ

50 2883 354 2954 μετανοίας
400 2883 730 2952 σωζομένοις
760 2885 1000 2954 ἀγαθῶν,
1035 2888 1184 2952 ὅπως
1230 2890 1386 2943 αὐτοὶ
1427 2891 1526 2961 μὲν
1555 2893 1633 2955 εἰς

48 2978 152 3047 τὴν
184 2975 344 3041 τάξιν
370 2975 480 3029 τῶν
519 2976 741 3038 δικαίων
774 2976 1157 3049 ἀναϐήσονται,
1191 2982 1273 3044 εἰς
1302 2980 1358 3035 δὲ
1396 2983 1496 3051 τὴν
1527 2984 1637 3037 τῶν

49 3067 303 3134 ἀγγέλων
335 3068 383 3119 οἱ
421 3066 637 3119 δίκαιοι.

121 3159 228 3222 κζ’.
284 3158 595 3228 Προφητεία
622 3159 896 3225 ἀπωλείας
921 3162 1211 3234 δαιμόνων,
1241 3166 1452 3236 καὶτῆς
1477 3165 1628 3237 ἰσχύ-

53 3267 192 3314 σεως
221 3249 326 3320 τῆς
358 3250 452 3304 ἐπὶ
480 3253 607 3314 τοὺς
649 3252 881 3316 πιστοὺς
907 3253 1198 3325 γινομένης
1235 3255 1333 3309 τοῦ
1380 3257 1633 3329 Πνεύμασ

48 3360 142 3405 τος
161 3357 176 3371 ’
207 3343 307 3395 καὶ
349 3340 458 3395 τῶν
497 3343 770 3411 ἐσομένων
796 3345 856 3397 ἐν
879 3345 958 3414 τῷ
999 3345 1178 3416 καιρῷ
1201 3347 1299 3418 τῆς
1328 3349 1639 3414 συντελείας

50 3435 167 3497 τοὶς
214 3432 493 3495 Ἰουδαίοις
519 3433 706 3487 κακῶν
725 3449 742 3466 ο
771 3433 1007 3489 εἰδώλων
1031 3452 1091 3488 τε
1130 3438 1224 3491 καὶ
1250 3438 1347 3491 τοῦ
1390 3438 1639 3510 πνεύμασ

50 3542 146 3589 τος
177 3525 281 3595 τῆς
315 3523 525 3595 πλάνης
569 3524 966 3598 ὀλοθρεύσεωςο
1006 3527 1101 3581 καὶ
1150 3525 1243 3584 οἷα
1286 3528 1366 3599 τῷ
1414 3531 1641 3600 Χριστῷ

52 3614 318 3686 ἐξαίρετα
345 3615 743 3689 προφητεύοντι
767 3618 919 3690 παρὰ
944 3619 1040 3674 τοῦ
1066 3619 1200 3675 λαοῦ
1227 3619 1337 3675 τῶν
1369 3620 1640 3675 Ἰουδαίων

54 3709 372 3779 γενήσεται.

127 3805 241 3870 κη’.
296 3800 610 3872 Προφητεία
636 3800 733 3855 τοῦ
765 3804 1100 3858 Δεσποτικοῢ
1132 3803 1387 3877 σταυροῦ,
1419 3805 1514 3859 καὶ
1540 3806 1640 3876 τῆς

54 3888 345 3960 ἀρνήσεως
376 3888 472 3944 τοῦ
503 3890 734 3961 Πέτρου,
778 3893 874 3946 καὶ
911 3893 1011 3963 τῆς
1035 3893 1146 3947 τῶν
1179 3895 1495 3950 ἀποστόλων
1522 3894 1640 3948 δια-

57 3980 296 4049 σπορᾶς,
342 3980 437 4032 καὶ
484 3980 581 4048 τῆς
627 3981 738 4036 τῶν
795 3983 1064 4038 Ἰουδαίων
1106 3983 1497 4055 ὀλοθρεύσεως,
1548 3985 1642 4039 καὶ

54 4069 425 4142 προσλήψεως
447 4070 556 4126 τῶν
587 4073 647 4125 ἐν
674 4073 857 4136 αὐτοῖς
887 4074 1171 4128 σωθέντων
1206 4076 1276 4128 δι’
1306 4075 1640 4146 ἐξομολογή-

56 4176 223 4223 σεως,
256 4160 353 4213 καὶ
374 4159 610 4230 Χριστοῦ
641 4163 995 4233 στρατηγίας,
1023 4163 1093 4232 ἢν
1121 4163 1258 4234 πρὸς
1282 4164 1408 4227 τοὺς
1448 4164 1641 4236 δαίμο-

53 4269 157 4315 νας
192 4252 333 4323 ὑπὲρ
356 4255 455 4322 τῆς
480 4253 757 4323 σωτηρίας
783 4255 901 4308 τῶν,
922 4254 1091 4308 ἐθνῶν
1121 4256 1544 4325 παρατάττεται.

128 4340 237 4397 κθ’.
279 4342 594 4413 Πρόρῤησις
634 4344 733 4415 τῆς
773 4344 866 4397 τοῦ
917 4344 1154 4416 Χριστοῦ
1200 4346 1542 4418 ἀναλήψεως,
1582 4348 1642 4414 ἐξ

1729 566 1917 606 eorum
1945 553 2036 622 qui
2070 561 2408 608 erraverant.

1800 642 1941 697 XXI.
1963 644 2178 709 Quodn
2207 646 2318 700 Deo
2351 656 2464 702 tum
2487 647 2592 710 lex,
2621 655 2733 699 tum
2763 645 2955 716 gratia,
2976 647 3298 713 nectpienda

1729 734 1817 787 sit.
1839 734 1903 788 Et
1931 736 2192 791 detractio
2226 738 2508 807 gentilium
2533 745 2737 802 vatum,
2771 748 2826 791 et
2854 738 3015 791 minae
3051 736 3307 810 Iudaicu-

1730 836 1850 875 rum
1882 831 2187 891 pastorum.
2213 825 2545 880 Vaticinium
2587 825 2961 879 conversionis
3000 841 3065 879 ex
3118 840 3304 879 errore

1731 922 1827 976 per
1844 913 2117 977 apostolos
2140 911 2392 982 gentibus
2419 911 2621 967 futura
2639 927 2737 981 per
2759 912 3087 982 baptismum
3119 919 3173 965 et
3192 925 3305 979 po:-

1730 999 2039 1056 nitentiam.

1801 1202 1965 1257 XXII.
1992 1202 2280 1263 Prmdictio
2299 1206 2651 1276 ingressionis
2678 1178 2914 1276 Spiritus
2941 1205 2996 1260 in
3023 1213 3232 1275 gentes,
3252 1210 3308 1283 et

1730 1295 1900 1349 rttinre
1936 1296 2225 1362 idolorum,
2259 1307 2316 1351 et
2347 1297 2757 1351 lamentationis
2797 1295 3152 1351 Judaicorum
3210 1310 3305 1365 pa—

1728 1390 1956 1446 storum,
1986 1398 2050 1436 eo
2069 1384 2210 1452 quod
2229 1394 2406 1439 cessat
2432 1383 2574 1455 apud
2599 1383 2745 1452 ipsos
2761 1382 2939 1437 hostia
2960 1381 3303 1451 expiationis.

1799 1564 1992 1620 XXIII.
2018 1563 2345 1619 Vaticinium
2375 1566 2444 1620 de
2473 1565 2715 1629 Christo,
2743 1566 2836 1638 qui
2857 1581 2923 1622 ex
2943 1566 3087 1641 bona
3112 1567 3309 1641 volun-p

1732 1664 1843 1710 tate
1877 1654 2055 1709 Patris
2087 1671 2311 1724 pascere
2339 1656 2504 1710 debet
2522 1670 2584 1710 ea
2605 1671 2729 1725 qua:
2757 1665 2885 1711 ante
2911 1655 3205 1726 perierant.
3237 1656 3307 1710 Et

1731 1741 1895 1796 mina:
1922 1742 2247 1811 direptionis
2287 1740 2619 1806 Iudaeorum,
2651 1752 2713 1797 et
2754 1742 3045 1798 ablationis
3082 1742 3307 1813 Caipha:

1732 1842 1787 1887 et
1840 1830 2089 1897 Herodis,
2130 1832 2264 1907 legis
2327 1840 2440 1884 tum
2495 1831 2712 1901 scriptae
2756 1839 2872 1889 tum
2939 1831 3205 1888 naturalis
3251 1831 3306 1885 in

1731 1923 2006 1978 Christum
2045 1922 2576 1990 transformationis;
2611 1923 2899 1994 utriusque
2927 1923 3274 1979 instauratio.

1803 2126 1989 2182 XXIV.
2022 2124 2352 2181 Vaticiniutn
2378 2124 2576 2180 futura:
2594 2124 2648 2177 in
2682 2122 2938 2194 gentibus
2960 2122 3309 2194 cognitionis.

1732 2229 1786 2275 et
1807 2218 2166 2290 apparitionis
2186 2216 2410 2274 Domini
2448 2233 2464 2284 ;
2491 2225 2549 2271 et
2576 2215 2851 2272 accusatio
2874 2215 3148 2285 quomodo
3184 2216 3308 2271 nul~

1733 2311 1839 2366 lius
1887 2310 2043 2380 pretii
2077 2310 2253 2364 visum
2296 2317 2383 2364 est
2422 2316 2708 2378 argentum
2745 2306 2889 2378 ejus,
2921 2306 3135 2382 scilicet
3182 2322 3309 2363 cum

1732 2401 1934 2473 populo
1962 2399 2274 2456 Iudaeorum
2306 2399 2504 2455 fmdus.

1803 2489 1968 2545 XXV.
2001 2491 2328 2547 Vaticinium
2355 2478 2487 2562 quid
2527 2491 2893 2547 Antichristus
2920 2489 3166 2546 facturus
3215 2485 3308 2553 sit,

1734 2583 1868 2655 quid
1908 2576 2038 2639 vero
2071 2599 2354 2654 passurus.

1808 2694 2006 2755 XXVI.
2027 2695 2313 2753 Praedictio
2339 2711 2528 2751 eorum
2545 2712 2666 2767 qua:
2686 2695 2987 2752 Jerusalem
3014 2693 3068 2747 in
3097 2692 3312 2748 destru-

1736 2788 1920 2847 ctione
1961 2795 2367 2858 superventura
2405 2795 2557 2852 sunt,
2588 2794 2643 2842 et
2679 2789 2952 2843 bonorum
3001 2784 3310 2840 futurorum

1739 2882 1833 2937 his
1851 2881 1943 2952 qui
1987 2896 2086 2951 per
2120 2880 2500 2951 penitentiam
2530 2881 2665 2936 salvi
2696 2879 2937 2936 faciendi
2976 2885 3138 2942 sunt;
3169 2890 3309 2946 quo—

1741 2974 1902 3030 modo
1930 2972 1985 3026 hi
2006 2972 2228 3042 quidem
2260 2972 2317 3026 in
2348 2971 2599 3028 ordinem
2625 2972 2923 3042 iustorum,
2959 2968 3094 3040 justi
3126 2975 3311 3021 autem

1743 3063 1798 3117 in
1832 3064 2082 3119 ordinem
2104 3065 2421 3135 angelorum
2460 3064 2779 3119 ascendent.

1813 3153 2028 3210 XXVII.
2062 3154 2399 3210 Vaticinium
2425 3154 2750 3224 perditionis
2771 3154 3103 3217 daemonum,
3121 3160 3178 3208 et
3194 3152 3313 3207 for-

1744 3247 1991 3303 titudinis
2017 3262 2116 3316 per
2141 3246 2405 3317 Spiritum
2444 3245 2698 3302 ﬁdelibus
2719 3243 2936 3311 futurae,
2970 3231 3312 3299 etmalorum

1737 3339 1938 3395 Iudaeis
1966 3340 2271 3395 futurorum
2314 3338 2369 3391 in
2392 3345 2637 3407 tempore
2700 3334 3208 3398 consummationis,
3259 3341 3315 3387 et

1738 3432 1916 3487 ruinae
1955 3431 2225 3487 idolorum
2284 3438 2343 3484 et
2382 3428 2620 3498 Spiritus
2665 3425 2886 3492 erroris,
2948 3432 3006 3479 et
3063 3438 3312 3492 quaenam

1737 3508 1961 3581 Christo
2012 3523 2213 3578 eximia
2266 3519 2613 3592 prephetanti
2663 3533 2692 3571 a
2740 3519 2942 3588 populo
2999 3516 3313 3572 Iudaeorum

1738 3617 1893 3673 fient.

1812 3795 2056 3854 XXVIII.
2075 3795 2408 3853 Vaticinium
2440 3796 2622 3853 erucis
2648 3796 2968 3863 Dominieae,
2994 3808 3049 3855 et
3069 3801 3317 3872 negatio-

1739 3887 1826 3943 nis
1853 3887 2024 3953 Petri,
2060 3896 2125 3941 et-
2145 3885 2501 3956 dispersionis
2530 3886 2923 3956 apostolorum,
2966 3896 3024 3943 et
3051 3888 3314 3958 perditio-

1739 3979 1827 4035 nis
1848 3977 2195 4042 Iudaeorum,
2237 3985 2294 4032 et
2322 3976 2658 4046 acreptionis
2687 3992 2877 4034 eorum
2929 3980 3024 4049 qui
3076 3994 3140 4034 ex
3181 3980 3315 4051 ipsis

1740 4085 1838 4140 per
1891 4067 2289 4125 confessionem
2328 4065 2521 4122 salvati
2567 4065 2790 4132 fuerint,
2857 4075 2914 4121 et
2956 4068 3316 4138 expeditionis

1740 4159 1946 4215 Christi
1974 4174 2134 4230 quam
2157 4169 2348 4213 contra
2385 4157 2664 4213 daemones
2696 4167 2921 4228 propter
2951 4160 3196 4230 gentium
3222 4174 3309 4215 sa-

1739 4254 1908 4308 lutem
1942 4251 2204 4320 disponit.
2714 4264 2723 4267 ‘
3204 4264 3211 4269 λ

1813 4342 2317 4399 XXIX.Prtedietio
2367 4341 2776 4413 Assutuptionis
2823 4342 3050 4409 Christi,
3107 4358 3174 4398 ex
3207 4358 3314 4413 qua

54 4428 125 4503 ἧς
152 4432 217 4486 τὸ
250 4436 546 4505 μυστήριον
575 4436 656 4499 εἰς
692 4435 791 4490 ὅλα
839 4437 1119 4507 μερίζεται
1171 4436 1273 4507 τῆς
1313 4439 1613 4510 οἰκουμένηι

1791 4437 2057 4508 ινδιετίοιη
2105 4434 2449 4490 distribuitur
2478 4434 2534 4488 in
2580 4435 2833 4489 universa
2889 4434 3038 4490 orbis
3076 4434 3312 4501 climata,

55 4524 129 4577 τὰ
149 4523 397 4595 κλίματα
416 4541 430 4556 ⁶
457 4529 552 4580 καὶ
577 4529 888 4598 προφητεία
920 4527 1030 4581 τῶν
1055 4529 1329 4598 ἐσομένων
1356 4531 1415 4582 ἐν
1442 4532 1636 4601 ἐκείνῳ

53 4612 137 4683 τῷ
166 4615 347 4685 καιρῷ
376 4616 693 4686 θαυμάτων,
725 4620 820 4672 καὶ
862 4620 961 4688 τῆς
992 4618 1109 4673 τῶν
1134 4619 1304 4674 ἐθνῶν
1337 4621 1635 4690 ὑποταγῆς,

54 4706 155 4759 καὶ
208 4706 565 4778 Ἰερουσαλὴμ
589 4709 688 4779 τῆς
730 4710 857 4772 νέας
891 4712 1284 4782 κατοικήσεως.

129 4814 199 4871 λ’.
258 4817 485 4886 Ἀπειλὴ
517 4820 658 4873 κατὰ
689 4819 799 4873 τῶν
846 4820 921 4891 μὴ
949 4823 1392 4894 ἐπιστρεψάντων
1426 4824 1598 4879 ἐθνῶν
1619 4839 1634 4854 ο

55 4906 156 4959 καὶ
205 4906 461 4978 διήγησις
496 4909 591 4961 τοῦ
649 4909 881 4963 πλούτου
931 4913 1041 4965 τῶν
1088 4914 1634 4987 ἐξομολογουμένων

56 4998 155 5050 καὶ
185 5000 464 5069 ἀπόφασις
491 5001 634 5055 κατὰ
662 5001 772 5056 τῶν
801 4989 1164 5074 ἁμαρτωλῶν,
1191 5007 1268 5070 ὡς
1297 5009 1637 5077 πεισομένων

57 5090 173 5153 τοῖς
208 5091 464 5147 ἀσεϐέσιν
494 5094 675 5161 ὅμοια.

131 5180 235 5233 λα’.
291 5181 607 5252 Προφήτεία
639 5185 950 5254 ἀφανισμοῦ
984 5186 1199 5257 πλάνης
1224 5186 1493 5260 ἐσομένης
1525 5191 1637 5253 τοῖς

61 5268 279 5324 ἔθνεσι·
317 5272 413 5325 καὶ
459 5274 765 5347 πρόρρησις
798 5277 898 5346 τῆς
945 5279 1005 5331 ἐν
1034 5279 1219 5342 αὐτοῖς
1263 5282 1636 5351 φυτευομένης

59 5363 324 5425 πίστεως,
362 5364 428 5417 δι’
461 5366 527 5434 ῆν
576 5366 676 5418 οὐκ
720 5368 801 5420 έτι
843 5368 942 5439 τὴν
980 5369 1290 5441 διαϐολικὴν
1335 5371 1634 5425 άπελασίαν

58 5451 385 5509 δεδοίκασιν.

133 5542 233 5613 λβ’.
300 5544 522 5624 ’ᾼπειλὴ
553 5545 696 5598 κατὰ
722 5546 831 5599 τῶν
859 5548 933 5618 μὴ
959 5551 1417 5621 παραϐαλλόντων
1442 5554 1508 5623 τῇ
1537 5554 1634 5624 νέᾳ

1740 4536 1798 4582 et
1824 4527 2142 4585 vaticinium
2183 4526 2494 4582 futurorum
2539 4542 2606 4581 eo
2633 4535 2879 4597 tempore
2902 4527 3312 4594 miraculorum,

1739 4629 1799 4674 et
1821 4619 2182 4690 subiectionis
2215 4619 2486 4690 gentium,
2508 4627 2564 4674 et
2590 4618 2949 4693 habitationis
2975 4634 3132 4674 novre
3156 4617 3313 4673 Jeru-

1742 4711 1938 4766 salem.

1808 4819 1977 4874 XXX.
2010 4819 2170 4875 Minae
2193 4821 2250 4874 in
2297 4834 2392 4874 eos
2424 4823 2519 4889 qui
2549 4836 2615 4873 ex
2645 4819 2894 4890 gentibus
2926 4834 3035 4873 non
3065 4819 3314 4875 conversi

1739 4912 1964 4978 fuerint,
2007 4922 2063 4967 et
2084 4911 2352 4980 expositio
2380 4911 2689 4965 divitiarum
2732 4925 2919 4964 eorum
2956 4910 3047 4980 qui
3078 4909 3310 4965 confessi

1741 5003 1965 5070 fuerint,
2003 5012 2059 5058 et
2085 5004 2355 5058 sententia
2383 5012 2574 5057 contra
2596 5009 2932 5073 peceatores,
2959 5003 3147 5058 eadem
3198 5005 3311 5060 sci-

1738 5095 1867 5151 licet
1895 5109 2154 5166 passuros
2173 5110 2295 5150 esse
2322 5110 2443 5165 quae
2472 5094 2644 5164 impii.

1807 5187 1998 5242 XXXI.
2037 5186 2365 5244 Vaticinium
2396 5185 2463 5241 de
2481 5185 2957 5256 erroregentilium
2989 5182 3308 5252 auferendo,

1737 5288 1793 5333 et
1825 5277 2106 5348 prmdictio
2131 5277 2199 5331 de
2222 5276 2511 5346 plantanda
2545 5277 2690 5331 inter
2716 5291 2811 5330 eos
2840 5275 2965 5341 ﬁde,
3006 5292 3168 5347 quam
3198 5294 3311 5334 am-

1735 5373 1878 5443 plexi
1910 5371 2056 5426 haud
2089 5370 2322 5441 amplius
2350 5369 2552 5425 diaboli
2580 5370 3011 5439 persecutidnem
3054 5370 3269 5427 timent.

1802 5552 2021 5608 XXXII.
2042 5551 2199 5608 Minae
2216 5561 2403 5608 contra
2423 5567 2516 5607 eos
2538 5553 2629 5622 qui
2645 5567 2751 5606 non
2768 5552 3128 5607 adhaerebunt
3146 5568 3304 5612 novre

30 5682 35 5687 .
72 5619 452 5707 Ἰερουσαλήμ,
480 5635 625 5691 ὥστε
656 5636 724 5689 τὰ
752 5638 848 5693 νέα
877 5640 971 5694 τοῦ
998 5619 1234 5711 Χριστοῦ
1269 5619 1613 5714 πανηγυρίσα

1791 5641 2060 5706 rrusaietn,
2094 5640 2164 5695 ita
2203 5649 2263 5695 ut
2291 5655 2433 5695 nova
2455 5619 2659 5694 Christi
2693 5640 2969 5695 celebrent
3015 5644 3303 5711 mysteria,

66 5730 339 5800 μυστήρια
360 5745 373 5759 '
419 5730 514 5783 καὶ
547 5728 870 5801 πρόρρησις,
905 5732 984 5804 τῷ
1023 5733 1364 5805 εὐαγγελικῷ
1400 5734 1544 5805 λόγῳ
1564 5735 1632 5790 τὰ

1735 5744 1789 5791 et
1809 5733 2091 5805 praedictio
2116 5741 2306 5804 gentes
2331 5732 2645 5804 evangeliea
2669 5733 2837 5789 verbo
2856 5733 3147 5790 frenandas
3164 5733 3300 5790 fore.
