3764 6320
19 227 106 291 ῖ7
1512 249 1593 311 1N
1635 253 1925 320 ISAIAM.

19 336 176 408 μβ’.
239 342 672 414 Σχετλιασμὸς
705 348 844 400 κατά
866 348 967 418 τῆς
990 350 1226 422 ἀρχαίας
1265 353 1653 430 Ἰερουσαλήμ
1688 365 1733 421 Α

19 432 48 484 ἱ
85 433 376 506 ἀπειλὴ
435 439 578 490 κατὰ
614 438 912 508 δαιμόνων,
946 443 1056 495 τῶν
1084 444 1256 514 αὐτὴν
1279 451 1658 518 τυραννησάνο

19 543 72 576 ιν
103 541 120 554 ·
167 527 298 579 καὶ
340 530 675 599 κατηγορία
708 532 810 601 τῆς
836 532 947 586 τῶν
985 533 1261 589 Ἰουδαίων
1292 538 1610 610 πωρώσεως
1637 557 1652 573 ·

20 617 54 668 .1
95 617 307 682 ὅπως
361 621 444 673 τὸ
494 621 831 690 Εὑαγγέλιον
876 627 991 687 τοῖς
1054 627 1337 690 Ἰουδαίοις
1382 632 1654 702 ὲσφράγιυ

20 729 130 776 αι,
175 714 529 780 ἀγνοεῖται
561 715 616 768 δὲ
649 717 781 785 πρὶν
804 716 873 770 τά
906 717 1024 772 θεῖα
1059 721 1437 791 παιδευθῆναι.

1791 727 1879 781 ina
1910 728 2266 790 edoceantur.

25 810 184 872 μγ⁹.
243 806 626 878 Κατηγορία
671 807 781 880 [Ion
825 811 1163 884 προφητεία]
1213 814 1312 883 τῆς
1363 814 1473 868 τῶν
1521 815 1604 869 Ἰοι

1826 815 2012 874 XLIII.
2052 822 2344 894 Prophetia
2371 829 2918 903 judiciiJudaeorum,
2961 850 3016 895 et
3048 845 3334 910 prtedictio

29 896 158 948 ίων
199 901 668 970 κατακρίσεως,
703 903 800 954 καὶ
836 903 1143 975 πρόρρησις
1199 905 1300 975 τῆς
1335 906 1445 960 τῶν
1475 908 1604 962 ὲθνᾶ

1790 911 1957 966 otitize
1996 911 2091 968 Dei
2127 917 2272 986 apud
2298 896 2511 989 gentes,
2543 933 2599 978 et
2639 929 2961 996 perditionis
3004 896 3192 988 eorum
3239 938 3331 1006 qui

20 991 424 1058 ογνωσίας,
461 995 554 1044 καὶ
584 994 685 1062 τῆς
720 994 1003 1055 ἀπωλείας
1030 995 1140 1049 τῶν
1183 997 1330 1068 ἔργῳ
1375 1000 1472 1053 καὶ
1503 1001 1604 1070 λόγι

1789 1000 1918 1056 erbo
1949 1011 2005 1057 et
2029 1019 2195 1074 opere
2226 1011 2488 1078 populum
2517 991 2930 1085 scandalizant;
2971 1030 3026 1075 et
3057 991 3332 1092 quomodo

20 1098 64 1133 ιν
122 1081 303 1134 λαὸν
375 1082 889 1148 σκανδαλιξόντων·
927 1089 1021 1139 καὶ
1051 1087 1201 1151 ὅπως
1229 1092 1344 1151 τοῖς
1376 1089 1470 1144 τοῦ
1510 1093 1604 1162 Χρι

1789 1101 1937 1147 entes
1967 1095 2171 1151 Christi
2208 1100 2492 1158 miraculis
2532 1081 3116 1172 docebunturaJudmi
3146 1081 3329 1172 autem

19 1170 118 1222 τοῦ
167 1173 308 1225 Θαύ
323 1191 480 1243 μασι
515 1176 583 1228 τά
617 1176 718 1244 μὲν
744 1175 873 1246 ἔθνη
909 1178 1356 1250 παιδευθήσεται,
1398 1183 1604 1250 Ἰουδαῖι

1789 1185 2177 1252 onfundentur,
2203 1190 2408 1260 quippe
2439 1195 2532 1261 qui
2559 1211 2590 1249 a
2615 1196 2725 1254 Deo
2756 1170 3080 1269 defecerint,
3129 1170 3330 1264 diaboli

19 1283 26 1312 ;
76 1263 641 1334 αἰσχυνθήσονται,
693 1266 768 1330 ὡς
817 1269 1158 1332 ἀποστάντες
1214 1269 1375 1336 Θεοῦ,
1401 1273 1496 1326 καλ⁵
1548 1291 1604 1328 το

1789 1281 1930 1329 utem
1960 1279 2228 1334 auxilium
2254 1285 2622 1352 praetulerint.

19 1355 214 1423 μητοῦ
251 1354 387 1424 τὴν
424 1357 748 1428 συμμαχίαν
784 1358 1058 1427 ἑλόμενοι.

55 1445 193 1515 μδ’.
247 1446 475 1510 "Ome;
524 1449 592 1500 τά
645 1449 798 1518 παρά
846 1449 960 1502 τῶν
1009 1449 1289 1521 δαιμόνων
1346 1455 1638 1528 ἀνωφελῆ·

19 1537 263 1601 Nicon;
314 1539 442 1610 γὰρ
489 1542 600 1602 τοῖς
644 1538 856 1610 θηρίοις
914 1541 1277 1610 παρείκασεν,
1309 1544 1446 1615 ὅπερ
1475 1546 1535 1596 ἐν
1562 1547 1641 1598 εί-

3202 281 3340 345 1378

1755 635 2027 690 sancitum
2057 649 2173 706 est;
2204 658 2313 698 non
2354 649 2622 719 accipitur
2663 665 2844 709 autem
2891 657 3208 730 priusquam
3246 663 3336 718 di-

1816 1454 2000 1512 XLIV.
2035 1459 2320 1525 Quomodo
2365 1481 2486 1534 quae
2521 1485 2552 1523 a
2594 1471 2956 1540 daemonibus,
2999 1491 3130 1537 sunt
3163 1499 3325 1539 vana.

1744 1544 1852 1601 llos
1880 1547 2026 1601 enim
2059 1547 2189 1605 feris
2213 1553 2482 1611 assimilat
2505 1575 2518 1624 ;
2544 1561 2684 1630 quod
2717 1563 2770 1616 in
2803 1564 2975 1638 ﬁgura
3002 1569 3123 1624 libri
3157 1588 3327 1629 evan-

19 1629 118 1683 ὁνι
172 1629 309 1700 τῆς
361 1630 735 1700 εὐαγγελικῆς
780 1630 966 1701 βίϐλου
1001 1632 1214 1704 γράψαι
1271 1636 1300 1687 ὁ
1346 1638 1604 1708 προφήτη

1789 1636 1897 1692 elici
1955 1639 2198 1693 scribere
2233 1644 2499 1714 propheta
2536 1629 2782 1720 jubetur.
2824 1629 2891 1711 Et
2919 1663 3192 1728 quomodo
3231 1681 3329 1720 au—

19 1721 338 1775 ε).εύετο.ι
358 1737 376 1751 ·
418 1723 514 1775 καὶ
541 1724 689 1787 ὅπως
716 1723 940 1777 ἀκούειν
973 1726 1218 1778 Ἰουδαῖοι
1246 1729 1315 1781 τά
1347 1726 1467 1782 θεῖα
1497 1743 1604 1801 παρ

2233 1702 2252 1712 -
2338 1702 2351 1714 .
2536 1702 2593 1720 ..ν
2824 1702 2890 1711 -ν
2919 1702 3192 1728 unum-..
3231 1702 3325 1720 ..ι--

1789 1727 1858 1781 ire
1878 1727 2061 1782 divina
2085 1727 2255 1784 Judaei
2301 1749 2426 1790 cum
2467 1745 2778 1809 renuerint,
2830 1748 2990 1805 ruina
3033 1751 3325 1810 insanabili

25 1811 170 1866 ιτού
185 1830 405 1884 μενοι,
448 1813 651 1885 πτῶμα
680 1816 900 1870 ἀνίατον
926 1817 1213 1872 πίπτουσι.
1742 1818 1967 1873 cadent.

63 1914 200 1975 με’.
253 1905 614 1977 Παραίνεσις
650 1908 944 1977 μετανοίας
980 1909 1061 1980 τῷ
1107 1909 1345 2000 Ἰσραὴλ,
1385 1911 1481 1964 καὶ
1509 1910 1604 1964 ἀνά

1812 1909 1972 1966 XLV.
2015 1912 2338 1972 Exhortatio
2360 1921 2696 1989 poenitentiae
2723 1927 2790 1981 ad
2821 1929 3022 2000 Israel;
3057 1943 3112 1990 et
3153 1953 3326 1993 reme-

19 2014 224 2068 ,νησις
265 1992 379 2049 οἷα.
409 1998 568 2051 αὐτοὶ
595 1999 935 2062 ἀποστάντες
963 1999 1075 2052 ἀπὺ
1109 1999 1245 2053 Θεοῦ
1282 1999 1604 2054 ὲϐουλεύσαν

1789 2003 1973 2058 ιοτοιίο
2001 2005 2184 2075 qualia
2216 2007 2342 2078 ipsi,
2387 2025 2512 2066 cum
2548 2030 2578 2067 a
2626 2015 2736 2072 Deo
2776 2019 3102 2090 defecerint,
3134 2030 3320 2083 consi-

19 2105 77 2151 o,
114 2090 149 2141 ὁ
180 2088 459 2158 Χριστὸς
487 2089 544 2143 δὲ
571 2089 670 2142 διὰ
690 2091 790 2160 τῆς
811 2090 1024 2152 οίκείας
1064 2089 1398 2161 σαρκώσεως
1426 2093 1604 2146 οίκονο

1789 2092 1848 2146 ιιί
1879 2093 2017 2162 sint;
2055 2096 2309 2156 Christus
2335 2111 2517 2157 autem
2549 2120 2648 2174 per
2684 2122 2836 2170 suam
2892 2113 3320 2175 incarnationem

19 2182 130 2233 ,εῖν
167 2180 592 2250 εὐτρέπισται.

1789 2198 1936 2239 mam
1961 2185 2366 2248 institutionem
2401 2202 2578 2264 parat.
3155 2215 3157 2217 ’

73 2304 220 2368 μς’.
276 2295 611 2368 Πρόρῤησις
646 2294 743 2348 τοῦ
797 2293 1045 2366 Χριστοῦ
1081 2295 1180 2366 τῆς
1220 2295 1486 2367 δευτέρας
1530 2298 1604 2367 ἀφ

1808 2289 1990 2354 XLVI.
2051 2300 2344 2360 Praedictio
2383 2310 2617 2364 secundi
2668 2315 2933 2373 adventus
2985 2317 3218 2385 Christi;
3264 2333 3321 2379 et

19 2393 178 2456 ξεως
199 2405 215 2418 ο
241 2389 360 2440 καὶ
376 2387 578 2458 ἀπειλὴ
608 2387 745 2442 κατά
767 2387 877 2440 τῶν
894 2387 1178 2458 ἀποκεχρη
1188 2385 1364 2456 μένων
1393 2387 1471 2459 τῷ
1500 2389 1604 2443 οίκι

1793 2387 1896 2444 inae
1924 2391 1979 2444 iu
2009 2408 2105 2448 eos
2133 2395 2225 2463 qui
2255 2396 2409 2453 abusi
2446 2409 2577 2455 sunt
2601 2401 2764 2458 domo
2807 2407 2920 2472 Dei,
2956 2420 3006 2464 et
3040 2411 3093 2464 in
3127 2413 3320 2470 diabo-

19 2480 103 2533 τοῦ
140 2479 332 2543 Θεοῦ,
373 2480 468 2532 καὶ
497 2479 639 2531 κατά
681 2478 776 2531 τοῦ
810 2477 1059 2532 διαϐόλου
1100 2480 1196 2532 καὶ
1225 2478 1336 2533 τῶν
1358 2481 1446 2533 ἐπ’
1482 2482 1604 2553 αὐτί

1793 2497 1844 2536 m
1879 2491 1934 2538 et
1974 2484 2030 2538 in
2071 2501 2168 2541 eos
2215 2488 2306 2559 qui
2358 2493 2641 2548 conﬁdunt
2676 2495 2730 2549 in
2784 2513 2870 2553 eo.
2925 2501 2993 2555 Et
3039 2507 3316 2572 quomodo

19 2572 430 2626 τεποιθότων·
467 2571 560 2623 καὶ
607 2569 819 2640 δπωςὴ
873 2569 969 2624 τοῦ
1027 2570 1283 2642 Σωτῆρος
1340 2573 1604 2646 ἐπιδημία

1789 2571 2030 2630 ilvatoris
2059 2576 2328 2634 adventus
2353 2580 2447 2636 ﬁat
2475 2583 2781 2642 destructio
2809 2592 3010 2646 erroris
3051 2569 3314 2654 idolorum

19 2666 339 2736 ὶναίρεσις
377 2663 475 2734 τῆς
499 2661 710 2726 πλάνης
735 2662 846 2716 τῶν
875 2661 1133 2730 εἰδώλων,
1169 2666 1265 2718 καὶ
1292 2665 1388 2718 τοῦ
1421 2666 1604 2738 ταύτηι

1805 2664 1928 2734 ejus
1953 2665 2047 2735 qui
2067 2681 2188 2722 eam
2213 2668 2465 2740 inspirat.

19 2777 101 2814 :vs
115 2757 458 2828 ργήσαντος
485 2752 719 2822 γίνεται.

87 2848 216 2921 μζζό
264 2845 644 2917 Μακαρισμδς
670 2847 780 2899 τῶν
808 2846 1188 2916 φυλαττόντων
1219 2848 1318 2920 τὴν
1345 2847 1482 2920 πρὸς
1517 2845 1604 2903 -Ίι

1799 2849 2004 2906 XLVII.
2045 2852 2335 2912 Beatitu‘do
2382 2873 2570 2915 eorum
2615 2862 2707 2932 qui
2749 2877 2971 2923 servant
3013 2870 3310 2940 spiritalem

19 2940 333 3013 ρουσαλὴμ
372 2939 471 3011 τὴν
502 2939 702 3011 νοητὴν
747 2939 1092 3009 συγγένειαν,
1126 2936 1242 3015 ὲνῇ
1278 2946 1506 3013 φανεροί
1525 2945 1604 3014 τῆς

1789 2959 1849 2997 im
1897 2942 2198 3003 Jerusalem
2267 2953 2687 3028 cognationem,
2741 2958 2940 3030 inqua
2992 2936 3312 3023 manifestat

19 3032 245 3092 οἰκείας
279 3028 584 3099 ἐπιδημίας
623 3031 650 3081 ὁ
701 3028 938 3099 Χριστὸς
967 3029 1038 3083 τὰ
1073 3033 1372 3102 μυστήρια,
1407 3032 1499 3086 καὶ
1522 3032 1604 3104 τὴς

1789 3033 1980 3090 πίειιιε
2019 3037 2103 3090 sui
2139 3038 2410 3095 adventus
2447 3044 2722 3114 mysteria,
2770 3056 2824 3102 et
2853 3028 3177 3110 iJudaeorum
3214 3072 3309 3112 su-

19 3124 134 3179 τῶν
183 3121 476 3176 Ἰουδαίων
528 3121 851 3186 ἀλαζονείαν
902 3121 1088 3190 παύει,
1140 3123 1348 3193 βεϐαιοῖ
1407 3125 1465 3179 δὲ
1512 3125 1604 3179 τῶι

1789 3126 1930 3182 :rbiaz
1975 3126 2141 3183 ﬁnem
2197 3131 2448 3218 imponit,
2489 3145 2544 3190 et
2585 3138 2878 3196 conﬁrmat
2916 3143 3157 3228 ﬁdelium
3195 3151 3310 3221 pic-

19 3215 247 3271 πιστῶν
279 3214 387 3285 τὴν
413 3212 723 3269 εὐσέϐειαν.

1789 3224 1910 3270 tem.

97 3337 224 3402 μην.
271 3327 696 3399 Εὐαγγελιισμδς
737 3327 851 3381 τῶν
891 3329 1252 3399 Ἐκκλησιῶν,
1288 3332 1382 3386 καὶ
1422 3332 1620 3404 θρῆνος

20 3424 137 3476 τῶν
172 3421 498 3476 Ἰουδαϊκῶν
534 3419 868 3488 συναγωγῶν
893 3436 905 3450 ⁸
927 3422 1025 3473 καὶ
1055 3423 1254 3494 ἀπειλὴ
1279 3424 1377 3490 τῆς
1418 3424 1618 3494 Ἱερου-

24 3512 222 3582 σαλὴμ
255 3509 616 3581 ²ερημώσεως,
651 3510 848 3580 μέχρις
866 3509 932 3564 ἂν
961 3511 1179 3582 δέξηται
1211 3510 1308 3582 τὴν
1337 3512 1619 3565 κοινωνίαν

24 3604 124 3658 τοῦ
155 3601 503 3672 Πνεύματος,
535 3602 601 3670 ἢν
628 3601 696 3654 τά
733 3600 864 3670 ἔθνη
890 3602 1180 3673 δεχόμενα,
1217 3602 1482 3674 ἐλεύθερα
1513 3605 1618 3658 πά-

26 3715 132 3768 σης
172 3696 384 3766 βλάϐης
414 3695 767 3764 φυλάττεται,
815 3694 1060 3749 Ἰουδαῖοι
1108 3697 1164 3750 δὲ
1214 3695 1516 3770 διασπορὰς
1541 3697 1618 3762 ὡς

29 3788 397 3852 ἀπειθοῦντες
423 3787 720 3842 πείσονται.

105 3903 222 3975 μθν.
263 3901 553 3970 Δοξολογία
585 3901 723 3956 Θεοῦ
752 3902 972 3956 καὶτῶν
996 3903 1238 3972 ἀγαθῶν,
1277 3905 1421 3975 άπερ
1451 3902 1615 3967 αὑτὸς

34 3995 357 4068 χαρίζεται·
399 3993 494 4048 καὶ
549 3993 871 4065 πρόρρησις,
917 3995 1300 4066 φθαρήσεσθαι
1339 3997 1439 4066 τὴν
1483 3995 1614 4048 ἀσέ-

35 4089 193 4141 ϐειαν
225 4086 295 4137 δι’
321 4084 670 4147 ἀναστάσεως
711 4084 956 4156 Χριστοῦ
994 4085 1090 4139 καὶ
1127 4085 1471 4155 ἀναλήψεως,
1519 4086 1614 4140 καὶ

40 4185 150 4238 τῶν
181 4180 354 4236 ἄλλων
391 4179 732 4250 μυστηρίων.
774 4179 919 4251 ειπερ
960 4181 1041 4243 είς
1085 4180 1393 4250 ἀφανισμὸν
1431 4179 1612 4249 πάσης

39 4275 252 4340 πλάνης
299 4271 540 4326 ἐπιτελεῖ
591 4271 1003 4343 σαρκούμενος·
1035 4272 1095 4336 ἐξ
1126 4266 1200 4325 ὧν
1256 4271 1395 4325 Σιὼν
1447 4271 1610 4343 μὲνὴ

1791 3325 2023 3383 XLVIII.
2065 3329 2275 3388 Laetitia
2299 3333 2662 3393 Ecelesiarum
2685 3350 2740 3394 et
2766 3341 3089 3404 lamentatio
3113 3351 3302 3408 Judai-

1721 3430 1912 3470 carum
1962 3433 2351 3492 synagogarum
2381 3434 2438 3479 et
2479 3429 2641 3483 minae
2691 3429 3045 3491 d'esolationis
3077 3439 3302 3500 Jerusa-

1721 3505 1864 3572 lem,
1913 3508 2087 3563 donec
2145 3511 2372 3582 recipiat
2420 3519 2982 3578 communicationem
3028 3527 3299 3599 Spiritus,

1720 3611 1881 3666 quam
1911 3598 2238 3667 recipientes
2261 3611 2473 3670 gentes,
2495 3605 2769 3664 immunes
2797 3598 3086 3670 servantur
3114 3624 3298 3678 omnis

1720 3705 1909 3758 noxae;
1953 3691 2131 3747 Judaei
2177 3702 2362 3748 autem
2409 3711 2508 3765 pro
2539 3711 2638 3752 sua
2669 3698 3050 3763 incredulitate
3091 3710 3300 3782 disper-

1718 3781 1937 3836 sionem
1968 3783 2269 3852 patientur.

1787 3894 1974 3952 XLIX.
2017 3897 2351 3956 Gloriﬁcatio
2379 3900 2474 3956 Dei
2501 3912 2554 3957 et
2586 3903 2857 3966 bonorum
2886 3928 3008 3981 quae
3041 3913 3157 3984 ipse
3191 3917 3294 3973 lar-

1715 3986 1896 4058 gitur;
1923 3998 1978 4043 et
2005 3990 2288 4060 praedictio
2323 3993 2744 4064 disperdendam
2775 3999 2892 4056 fore
2935 4003 3294 4077 impietatem,

1714 4095 1810 4149 per
1833 4079 2035 4135 Christi
2065 4085 2520 4138 resurrectionem
2567 4096 2623 4141 et
2657 4093 3034 4150 ascensionem
3075 4098 3289 4168 aliaque

1715 4171 1968 4242 mysteria
1993 4189 2114 4243 quae
2147 4173 2204 4229 in
2227 4174 2572 4233 abolitionem
2607 4181 2788 4237 omnis
2812 4187 3016 4242 erroris
3046 4192 3294 4258 perﬁciet

1713 4262 2050 4328 incarnatus,
2105 4281 2204 4335 per
2245 4281 2366 4336 quae
2415 4283 2557 4323 nova
2601 4269 2734 4330 Sion
2782 4273 3106 4334 inconcussa
3163 4284 3291 4348 erit,

41 4368 135 4422 νὲα
165 4365 458 4429 ἀσάλευτος
479 4364 655 4430 ἔσται,
687 4366 744 4418 αἱ
776 4364 1094 4433 συναγωγαί¹
1120 4362 1177 4416 δὲ
1197 4363 1308 4416 τῶν
1343 4363 1604 4418 Ἰουδαίων

1789 4371 1996 4428 mgogze
2026 4368 2208 4414 autem
2239 4357 2546 4418 Judazorum
2581 4365 2918 4432 quatien—tur.

44 4459 297 4512 σείονται.

113 4574 176 4624 ν’.
216 4567 526 4636 Πρόρῤησις
557 4565 869 4627 συντελείας
896 4565 994 4634 τῆς
1029 4565 1314 4636 ὁρωμένης
1354 4565 1609 4631 κτίσεως,

51 4659 167 4712 καθ’
194 4657 259 4725 ἢν
290 4655 646 4723 ἀφανίζονται
693 4658 851 4727 θυμῴ
889 4657 985 4712 τοῦ
1014 4658 1152 4712 Θεοῦ
1188 4659 1328 4729 μετὰ
1355 4660 1459 4728 τῆς
1487 4661 1614 4712 ἀσε-

54 4749 198 4812 ϐείας
226 4747 275 4800 οἱ
307 4749 474 4818 ταύτῃ
522 4750 1044 4820 προσχωρήσαντες,
1097 4751 1213 4812 τοῖς
1259 4751 1507 4804 εὐσεϐέσι
1553 4751 1608 4804 δὲ

54 4843 150 4910 κλη
159 4839 369 4910 ρονομία
399 4828 625 4894 δίδοται.

121 4931 217 4987 va’.
253 4932 661 5004 Εὑαγγελισμὸς
721 4933 818 4986 τοῦ
863 4932 966 5003 τῆς
1011 4933 1340 5005 Ἐκκλησίας
1388 4934 1603 4999 ἄνθους,

60 5027 146 5079 καὶ
170 5026 274 5077 τῶν
300 5025 592 5095 θαυμάτων
622 5024 659 5080 ὃ.
699 5025 1008 5097 σαρκωθεὶς
1029 5030 1058 5082 ὁ
1091 5027 1326 5098 Χριστὸς
1361 5027 1602 5093 ἐδέξατο,

61 5119 151 5173 καὶ
178 5117 277 5170 τῶν
305 5116 518 5185 ἀγαθῶν
539 5118 649 5187 τῆς
669 5117 880 5190 δωρεᾶς
905 5117 1002 5171 τοῦ
1028 5117 1427 5189 βαπτίσματος.

127 5229 220 5302 νβ’.
287 5231 567 5300 Διήγησις,
621 5227 708 5286 οἷα
766 5229 1052 5301 Ῥαψάκης
1103 5233 1170 5302 τῇ
1244 5230 1604 5303 Ἰερουσαλὴμ

68 5325 205 5393 παρὰ
252 5320 334 5375 τοῦ
376 5322 741 5391 Σεναχειρεὶμ
786 5322 1121 5385 ἀποσταλεὶς
1151 5321 1454 5392 ἠπείλησε·
1507 5322 1601 5376 καὶ

65 5413 197 5476 ὅπως
224 5412 310 5482 τὴν
341 5411 571 5481 ἀπειλὴν
612 5412 860 5476 Ἐζεκίας
915 5410 1123 5482 μαθὼν,
1182 5411 1320 5482 πρὸς
1377 5412 1602 5466 Ἡσαΐαν

67 5507 179 5568 τοὺς
202 5503 324 5576 ὑπὲρ
349 5503 519 5572 αὐτῆς
540 5502 800 5574 δεηθῆναι
829 5502 1282 5576 παρακαλοῦντας
1315 5503 1412 5556 ἐπε
1423 5504 1562 5574 μψεν
1584 5522 1598 5537 ·

71 5597 96 5646 ὁ
122 5593 480 5662 δὲ’ἀσφάλειαν
515 5592 666 5664 παρά
687 5592 823 5645 Θεοῦ
847 5597 916 5664 τῇ
948 5595 1128 5658 πόλει,
1156 5594 1510 5665 ἀποστροφὴν
1542 5595 1598 5647 δὲ

73 5685 153 5740 τοῦ
175 5687 478 5756 Σεναχειρὶμ
503 5687 582 5749 είς
613 5685 709 5755 τὴν
739 5684 926 5758 χώραν
965 5685 1063 5758 τὴν
1094 5685 1303 5741 οἰκείαν
1334 5687 1594 5757 ἐμήνυσε.

1784 4559 1846 4612 L.
1891 4558 2180 4616 Praedictio
2199 4565 2690 4624 consummationis
2712 4571 3005 4630 creationis
3037 4575 3287 4643 visibilis,

1712 4650 1766 4702 in
1801 4667 1906 4719 qua
1928 4648 2020 4705 Dei
2050 4651 2235 4707 furore
2265 4654 2522 4710 delentur
2545 4667 2600 4712 et
2629 4659 2882 4729 impietas
2915 4674 2971 4719 et
3000 4665 3036 4718 ii
3061 4669 3154 4736 qui
3182 4669 3288 4723 im-

1709 4739 1894 4806 pietati
1929 4738 2304 4821 adhaeserunt,
2343 4743 2444 4812 piis
2485 4753 2669 4800 autem
2713 4748 2949 4813 donatur
2977 4753 3285 4815 hereditas.

1780 4941 1869 4995 Ll.
1909 4940 2118 4996 Laetum
2149 4941 2401 4996 nuntium
2435 4941 2584 4997 ﬂoris
2622 4943 2905 5016 Ecclesia,
2954 4961 3008 5007 et
3048 4954 3287 5013 miracu-

1705 5032 1881 5086 lorum
1909 5048 2030 5102 quae
2048 5033 2297 5086 Christus
2323 5031 2640 5090 incarnatus
2661 5038 2910 5106 perfecit,
2935 5055 2990 5098 et
3015 5045 3282 5106 bonorum

1707 5125 1832 5178 doni
1873 5123 2232 5192 baptismatis.

1776 5237 1887 5291 Lll.
1928 5236 2204 5306 Expositio
2237 5239 2502 5296 malorum
2531 5257 2651 5311 quae
2691 5244 2980 5313 Rabsaces,
3013 5265 3043 5304 a
3072 5250 3279 5310 Senna-

1703 5329 1890 5384 cherib
1927 5330 2146 5394 missus,
2170 5327 2472 5386 Jerusalem
2503 5335 2740 5390 minatus
2761 5346 2864 5401 est,
2901 5350 2957 5394 et
2981 5347 3273 5415 quomodo,

1702 5421 1789 5475 his
1815 5421 2032 5483 auditis,
2070 5421 2332 5477 Ezechias
2361 5423 2427 5477 ad
2467 5425 2660 5481 Isaiam
2712 5429 2859 5485 misit
2889 5434 2980 5503 qui
3011 5451 3135 5492 eum
3176 5439 3276 5493 de-

1702 5521 2056 5582 precarentur
2081 5522 2140 5568 ut
2161 5523 2345 5568 oraret
2375 5530 2475 5582 pro
2502 5516 2582 5572 eis
2613 5535 2626 5570 :
2673 5520 2762 5574 ille
2791 5533 2971 5579 autem
3014 5529 3272 5584 securita-

1701 5613 1809 5658 tcm
1845 5620 1873 5658 a
1899 5605 2010 5660 Deo
2051 5605 2278 5674 civitati,
2314 5622 2615 5677 regressum
2655 5629 2784 5670 vero
2814 5617 3188 5679 Sennachcrib
3217 5624 3271 5678 in

1701 5708 1855 5749 suam
1892 5695 2168 5766 regionem
2192 5697 2558 5755 annuntiavit.
