3764 6320
14 209 138 272 381
1480 263 1486 267 .

1873 225 1936 282 ιι.
3220 240 3359 310 1-382

56 322 198 390 ξεν.
265 324 702 394 Προσφώνησις
769 326 881 386 τοῖς
937 325 1244 394 στοιχείοις,
1297 327 1386 380 διὰ
1429 329 1529 398 τὴν

1871 335 2012 389 .Xll.
2056 338 2324 396 Allocntio
2361 345 2429 399 ad
2480 346 2747 403 elementa
2801 359 2859 404 ut
2900 367 3122 422 propter
3160 357 3256 415 Dei
3304 361 3357 415 in

14 411 150 462 ἐοὖ
230 415 415 482 περὶ
456 414 562 465 τῶν
605 413 910 484 ἀνθρώπων
938 415 1356 486 φιλανθρωπίαν
1384 418 1500 490 εύφι

1867 427 2029 482 :nines
2055 429 2492 489 benevolentiam
2518 437 2786 496 laetentur.
2814 443 2881 499 Et
2905 449 3265 516 reprehensio
3300 453 3353 507 iu

16 500 184 553 Θαιο
231 504 363 555 καὶ
404 505 660 572 ἐπιτιμία
694 506 806 567 τοῖς
837 505 1132 572 ἐγκαλοῦσι
1168 507 1244 578 τῷ
1292 509 1502 582 Χριστιξ

1868 534 1872 566 ι
1901 519 1991 587 qui
2028 521 2323 580 detrahunt
2349 525 2664 586 Christode
2694 534 2780 590 bis
2806 552 2927 606 qua:
2965 500 3203 607 erdinat,
3226 558 3354 596 cum

13 609 68 643 »ν
105 595 488 665 οἰκονομεῖ,
530 595 651 648 δέον
687 595 993 665 δοξολογεῖν
1024 594 1086 653 οὗ
1119 601 1284 670 μόνου
1315 620 1499 672 προγψ

13 683 93 702 ._-\
149 699 220 702 _,
411 685 433 694 ο
628 687 638 700 .
983 691 995 702 .
1058 692 1081 702 -
1119 692 1129 702 .
1245 692 1269 701 -

1867 611 2162 670 riﬁcandus
2187 617 2258 672 sit
2297 626 2554 691 tanquam
2593 625 2786 682 unicus
2816 628 2984 684 futuri
3019 633 3280 702 prmscius
3304 645 3352 689 et

13 683 101 733 ιαὶ
141 685 436 754 ποιητοῦ
472 687 835 755 τυγχάνοντος
859 704 872 716 ·
909 691 1004 742 καὶ
1053 692 1140 743 διὰ
1178 692 1338 745 τοῦτο
1367 711 1499 766 τρεχ

1873 711 2014 768 ator,
2051 713 2106 760 et
2150 719 2441 779 propterea
2481 715 2548 769 ad
2579 730 2704 770 eum
2739 731 3074 778 concurrant
3094 723 3354 779 nationes

13 773 161 843 πρὸς
196 775 414 830 αὑτὸν
441 777 550 830 τῶν
580 778 752 831 ἐθνῶν
785 780 866 843 εἰς
898 784 1301 854 προσκύνησιν.

785 780 866 843 εἰς
898 784 1301 854 προσκύνησιν.
1778 793 1847 847 ad
1881 773 2244 854 adorandum.

73 887 215 957 ξγ’.
301 893 647 964 Προφητεία
709 894 1052 967 Ἑκκλησιῶν
1134 899 1528 973 ἐγκαινισμοῦτ

1867 905 2032 961 .X-III.
2077 907 2402 967 Vaticinium
2446 917 2814 974 renovatiouis
2865 921 3256 989 Eccleslarum,
3301 935 3353 978 et

13 998 183 1044 ιπως
217 985 254 1034 ὁ
328 985 580 1054 Χριστὸς
610 985 686 1048 ὡς
728 985 861 1049 Θεὸς
903 987 1001 1040 καὶ
1047 990 1390 1061 Δημιουργδς
1440 1001 1499 1064 με

1865 999 2052 1054 Jmodo
2084 1000 2356 1070 Christus,
2381 1016 2442 1060 ut
2467 1006 2609 1064 Deus
2636 1019 2693 1064 et
2712 1021 2946 1076 creator,
2973 1014 3110 1067 nihil
3135 985 3351 1083 quidem

13 1073 125 1125 ιὲν
172 1075 379 1127 οὐδὲν
408 1076 486 1146 τῷ
531 1077 751 1148 Ἰσραὴλ
784 1077 1118 1147 ἐντέλλεται,
1149 1082 1216 1136 τὰ
1251 1083 1378 1151 ἔθνη
1414 1086 1472 1140 δὲ

1862 1089 1900 1141 li
1922 1091 1997 1144 ad
2026 1091 2190 1146 Israel
2211 1095 2388 1163 jubet,
2429 1107 2619 1167 gentes
2656 1110 2838 1156 autem
2871 1073 3027 1157 vocat
3065 1114 3121 1158 est
3144 1073 3348 1173 salvat;

13 1164 118 1215 ιαὶ
149 1165 394 1228 σώζει’
417 1169 514 1220 καὶ
537 1169 686 1238 αύτῴ
720 1171 818 1240 μὲν
841 1173 951 1225 πᾶν
974 1173 1104 1240 γόνυ
1127 1174 1362 1245 κσίμψει⁹
1383 1177 1453 1231 τὰ
1469 1195 1494 1230 ε

1869 1177 1972 1247 ipsi
2019 1195 2180 1236 omne
2225 1199 2367 1254 genu
2408 1164 2691 1256 ﬂectetur;
2748 1191 2888 1246 idola
2939 1209 3069 1248 vero
3107 1196 3180 1250 ab
3231 1164 3351 1266 ipse

13 1253 70 1306 Ξὲ
113 1256 289 1323 παρ’
336 1259 512 1311 αὑτοῦ
563 1263 986 1331 συντριϐήσεται
1019 1281 1031 1294 ·
1061 1266 1158 1318 καὶ⁹
1201 1270 1499 1339 κατηγορία

1862 1278 2150 1326 uerentur.
2193 1253 2257 1329 Et
2297 1279 2574 1333 accusatio
2615 1253 2778 1335 Israel
2816 1293 3040 1353 propter
3081 1253 3348 1344 idolorum

16 1344 305 1416 Ἰσραὴλ
371 1348 466 1400 ἐπὶ
509 1353 574 1420 τῇ
625 1352 878 1424 είδωλικῇ
934 1355 1114 1427 πλάνῃ
1139 1371 1153 1386 '
1185 1357 1282 1409 καὶ
1311 1360 1502 1429 παραίι

1860 1376 2050 1429 orem;
2085 1374 2140 1418 et
2167 1367 2472 1424 exhortatio
2502 1373 2568 1424 ad
2591 1344 3015 1430 currendum'ad
3047 1376 3346 1448 Christum,

13 1437 466 1510 προσδραμεῖν
487 1442 564 1512 τῷ
593 1443 815 1514 Χριστῷ
837 1445 913 1508 ὠς
939 1449 1246 1517 οἰκονομεῖν
1280 1449 1347 1502 τὰ
1387 1469 1499 1520 μυσ

1869 1472 1974 1526 ppe
2007 1461 2097 1528 qui
2131 1458 2543 1530 dispensaturus
2577 1463 2651 1518 sit
2686 1468 2940 1534 mysteria
2980 1483 3100 1538 qua:
3155 1437 3350 1542 [πυροί

13 1529 362 1598 μέλλοντι,
422 1532 567 1604 ειπερ
616 1538 698 1599 εις
763 1538 1037 1608 σωτηρίαν
1104 1541 1184 1612 τῷ
1253 1541 1473 1614 Ἰσραὴλ

13 1617 235 1669 έθετο.

961 1538 1037 1592 ἴαν
1104 1541 1184 1612 τῷ
1253 1541 1473 1614 Ἰσραὴλ
1532 1565 1666 1619 προ·
1770 1549 1882 1603 suit
1905 1550 1972 1603 ad
2001 1529 2232 1606 salutem
2262 1552 2447 1607 Israel.

13 1617 235 1672 ἐθετο.
1578 1617 1588 1619 ⁷
2274 1653 2275 1657 ‘

107 1733 227 1798 ξδ’.
269 1734 683 1820 Προσφώνησις
713 1741 776 1808 τῇ
821 1741 1031 1811 ἀρχαίᾳ
1098 1743 1494 1818 Ἰερουσαλὴμ,
1531 1767 1593 1802 πε

1861 1745 2023 1800 .XIV.
2065 1748 2341 1803 Allocutio
2369 1751 2434 1805 ad
2461 1763 2701 1808 veterem
2723 1753 3046 1823 Jerusalem,
3081 1767 3138 1812 ut
3161 1757 3347 1814 doleat

20 1826 165 1879 θεῖν
202 1827 312 1880 διὰ
339 1828 445 1897 τὴν
463 1829 738 1895 ἀσέϐειαν,
775 1833 898 1885 ὅθεν
925 1833 1063 1906 αὐτῇ
1110 1836 1171 1888 τὸ
1204 1838 1306 1907 τῆς
1345 1839 1506 1892 Βαϐυ]

1857 1857 1920 1894 im
1959 1841 2316 1910 impietatem,
2352 1844 2492 1898 unde
2520 1845 2620 1914 ipsi
2647 1845 2930 1918 Babylonis
2961 1851 3176 1906 induxit
3209 1851 3343 1924 ﬁgu-

20 1917 416 1989 περιέθηκεν
467 1921 780 1991 πρόσωπον,
812 1924 888 1988 ὡς
929 1925 996 1979 τὰ
1044 1928 1265 2000 ἐκείνης
1302 1948 1506 2004 μιμησο

1857 1947 1902 1998 ri,
1963 1941 2219 2003 tanquam
2269 1935 2545 2016 imitatrici
2609 1917 2831 1992 malitiae
2862 1940 3002 2009 ejus.
3062 1941 3126 1996 Et
3181 1917 3343 1997 mina:

24 2009 246 2063 κακά’
287 2012 396 2064 καὶ
445 2013 667 2084 ἀπειλὴ,
701 2015 793 2069 τὸν
850 2017 1100 2072 διάϐολον
1151 2022 1232 2086 είς
1285 2023 1348 2077 τὸ
1403 2025 1510 2097 πῦρ

1654 2045 1663 2090 ;
1765 2026 2040 2082 diabolum
2069 2009 2397 2084 mittendum
2425 2030 2543 2086 fore
2567 2030 2620 2086 in
2652 2031 2828 2103 ignem
2859 2035 3140 2104 gehennae.

27 2105 304 2175 γεέννης
346 2106 792 2178 πεμφθήσεσθαι.

119 2217 230 2283 ξεί·
291 2219 624 2289 Κατηγορία
670 2221 766 2290 τῆς
822 2221 916 2274 τοῦ
954 2222 1174 2294 Ἰσραὴλ
1225 2226 1605 2296 ύποκρίσεὼςι

1853 2222 1996 2277 LXV.
2051 2223 2344 2280 Aceusatio
2402 2227 2703 2298 hypocrisis
2773 2238 2829 2285 et
2888 2229 3102 2287 duritiae
3158 2233 3339 2290 ccrdis

35 2309 153 2364 καὶ
182 2311 645 2380 σκληροκαρδίας
666 2327 680 2341 ο
722 2313 818 2363 καὶ
846 2312 1215 2386 διαμαρτυρία
1240 2317 1348 2369 τῶν
1385 2320 1521 2388 ἐσομ

1855 2316 1946 2380 ιοι,
1983 2325 2034 2370 et
2070 2317 2443 2372 testimonium
2484 2319 2796 2375 futurorum
2845 2320 3103 2379 Ecclesia:
3149 2336 3341 2397 myste-

38 2403 120 2471 τῇ
176 2400 506 2472 Ἐκκλησία
557 2401 896 2472 μυστηρίων,
932 2405 1027 2456 καὶ
1081 2405 1179 2474 τῆς
1223 2405 1318 2459 τοῦ
1370 2407 1524 2461 Ἰουδο

1853 2422 1966 2460 rum
2007 2416 2057 2462 el
2101 2406 2314 2463 Iudaici
2369 2412 2555 2482 populi
2599 2413 3050 2482 abalienationis;
3090 2424 3146 2471 et
3193 2419 3339 2488 quod

41 2489 193 2542 λαοῦ
223 2489 732 2560 ἀπαλλοτριώσεως
756 2506 772 2522 ⁸
813 2494 909 2552 καὶ
937 2492 1013 2556 ὡς
1042 2495 1070 2547 ὁ
1095 2495 1334 2565 Χριστὸς
1359 2498 1519 2562 αὐτὸς

1849 2498 2012 2553 ristus
2029 2506 2113 2554 est
2132 2509 2262 2554 ante
2289 2502 2484 2556 saecula
2514 2505 2640 2558 etin
2671 2503 2855 2560 ﬁnem.
2886 2504 2954 2560 Et
2979 2509 3329 2576 exprobratio

43 2581 295 2635 αἰώνων
351 2580 449 2633 καὶ
494 2581 582 2634 ἐπ’
605 2581 852 2653 ἐσχάτων
896 2577 1014 2638 ἐστί
1039 2587 1168 2639 ’καὶ
1218 2587 1527 2660 ὀνειδισμὸς

1873 2589 2060 2655 Israel,
2092 2605 2158 2646 eo
2189 2594 2336 2662 quod
2379 2608 2489 2647 non
2523 2595 2848 2650 obediverit.
2898 2595 3122 2654 Vocatio
3152 2608 3336 2656 autem

59 2671 331 2743 Ἰσραὴλ,
352 2673 426 2735 ὡς
453 2673 551 2744 οὐχ
571 2673 982 2729 ὑπακούσαντι·
1011 2678 1203 2749 κλῆσις
1223 2679 1280 2732 δέ
1311 2685 1420 2746 τοῖς
1459 2683 1545 2738 ἕθν

1521 2701 1655 2751 νεσι,
1761 2683 2027 2755 gentium,
2051 2693 2106 2739 et
2128 2687 2420 2756 promissio
2444 2686 2611 2744 fontis
2639 2689 3002 2759 baptismatis.

45 2765 150 2818 καὶ
187 2765 498 2835 ὑπόσχεσις
527 2767 626 2837 τῆς
652 2768 839 2838 πηγῆς
862 2769 956 2822 τοῦ
980 2770 1375 2844 βαπτίσματος.

129 2876 250 2942 ξς’.
293 2875 508 2947 Κλῆσις
566 2878 756 2946 ἐθνῶν,
789 2879 884 2932 καὶ
924 2883 1229 2953 προφητεία
1270 2885 1366 2939 τοῦ
1395 2885 1615 2958 Χριστοί

1846 2887 2013 2942 LXVI.
2057 2886 2284 2944 Vocatio
2335 2890 2576 2961 gentium
2624 2898 2680 2945 et
2731 2887 3050 2945 vaticinium
3110 2888 3332 2956 Christi,

49 2969 136 3030 ὡς
170 2969 263 3031 είς
310 2969 499 3022 δούλου
532 2971 748 3043 μορφὴν
779 2971 972 3026 ἑαυτὸν
1012 2974 1105 3026 ἐπὶ
1153 2977 1399 3048 σωτηρίᾳ
1424 2981 1535 3033 τῶν

1847 2992 2016 3047 ηιυειιη
2055 2980 2108 3033 in
2147 2979 2375 3035 formam
2403 2981 2544 3035 servi
2576 2970 2817 3052 seipsum
2848 2983 2901 3036 in
2937 2983 3165 3038 salutem
3199 2997 3333 3054 gen-

55 3061 174 3115 νῶν
216 3062 586 3132 κηρύξαντος,
620 3063 800 3136 καιρῷ
839 3082 899 3118 τε
934 3065 1105 3137 αὐτὴν
1139 3068 1541 3139 οίκονομοῢντος

1846 3088 1893 3124 ιιι
1941 3073 2340 3139 annuntiantis,
2392 3085 2448 3128 et
2492 3088 2616 3128 eam
2661 3074 3029 3144 dispensantis
3088 3085 3332 3148 tempore

53 3152 273 3206 δέοντι.

1757 3172 2085 3233 Opportuno.

137 3245 248 3312 ξεῖ,
289 3245 685 3319 Προσφώνησις
733 3251 848 3312 τοῖς
901 3253 1206 3322 στοιχείοις,
1237 3255 1516 3324 ἑορτάζειν
1553 3257 1622 3328 τῆ

1847 3255 2036 3311 .XVII.
2075 3258 2345 3313 Allocutio
2374 3258 2442 3312 ad
2477 3258 2744 3313 elementa
2773 3267 2831 3314 ut
2853 3259 3090 3329 jubilent
3111 3268 3333 3330 propter

63 3338 360 3408 σωτηρίας
395 3339 500 3392 τῶν
527 3339 831 3410 ἀνθρώπων
860 3342 1024 3397 ἕνεκα
1053 3359 1066 3372 °
1097 3346 1192 3397 καὶ
1219 3346 1512 3417 ὑπόσχεσις

1846 3350 2040 3402 ninum
2083 3351 2333 3415 salutem,
2367 3360 2421 3405 et
2441 3351 2728 3419 promissio
2745 3350 2942 3405 futura:
2983 3351 3332 3405 fecunditatis

64 3431 348 3502 ἐσομένης
402 3433 786 3499 πολυπαιδίας,
828 3435 998 3500 ἐθνῶν
1038 3454 1097 3490 τε
1156 3440 1500 3510 συναγωγῆς,

1845 3435 2083 3506 gentium
2123 3438 2580 3506 congregationis,
2625 3447 2680 3492 et
2731 3438 2930 3492 diaboli
2967 3439 3329 3508 spoliationis,

62 3521 329 3574 διαϐόλου
353 3523 714 3589 σκυλεύσεως,
743 3526 1017 3592 ἀπωλείας
1034 3545 1095 3581 τε
1115 3529 1406 3601 δαιμόνων,
1433 3533 1548 3584 καὶλ

1849 3543 2064 3581 monum
2123 3537 2304 3583 autem
2347 3528 2690 3597 perditionis,
2736 3537 2792 3584 et
2842 3529 3083 3584 ﬁdelium
3121 3530 3335 3585 redem-

14 3629 18 3640 ’
67 3614 288 3667 πιστῶν
317 3615 662 3686 λυτρώσεως.

489 3633 662 3681 ισεως.
1754 3618 1975 3690 ptionis.

145 3724 254 3794 511'.
301 3726 634 3796 Ὀνειδισμὸς
653 3727 730 3798 τῷ
771 3730 1014 3801 Ἰσραὴλ,
1047 3731 1141 3784 καὶ
1172 3731 1273 3802 τῆς
1305 3731 1437 3801 παρ’
1469 3731 1631 3793 αὐτοῖς

1840 3729 2054 3786 LXVIII.
2081 3729 2443 3800 Exprobralio
2455 3730 2520 3784 ad
2547 3729 2732 3795 Israel,
2755 3740 2810 3786 et
2828 3729 3120 3803 Synagogae
3140 3747 3326 3788 eorum

73 3817 406 3886 συναγωγῆς
429 3818 669 3888 ἀποσολὴ
697 3833 711 3848 ⁸
745 3820 840 3874 καὶ
871 3819 1097 3888 ἔνδειξις
1132 3822 1316 3892 ἰσχύος
1351 3821 1486 3876 Θεοῦ
1513 3841 1528 3856 ο
1556 3843 1559 3851 ι

1842 3821 2040 3892 iegatio
2081 3839 2094 3887 ;
2123 3830 2178 3875 et
2203 3821 2602 3876 demonstratio
2638 3823 2897 3892 potentia:
2932 3820 3063 3886 Dei,
3101 3831 3157 3876 et
3186 3823 3328 3878 vati-

73 3905 386 3978 προφητεία
415 3907 524 3961 τῶν
547 3905 644 3960 τοῦ
673 3909 879 3976 Κυρίου
915 3911 1102 3964 παθῶν
1123 3926 1138 3941 ·
1160 3911 1257 3964 καὶ
1291 3912 1486 3980 ἀπειλὴ
1509 3931 1559 3966 κε

1845 3914 1956 3968 ium
1992 3912 2204 3968 Domini
2227 3913 2562 3983 passionum,
2601 3923 2657 3970 et
2688 3915 2848 3970 mina:
2884 3916 2938 3969 in
2973 3915 3214 3982 Iudaeos,
3268 3925 3329 3972 ut

14 4009 19 4036 ι
73 3995 186 4049 τῶν
225 3997 519 4060 Ἰουδαίων,
552 3997 628 4060 ὡς
653 3999 834 4051 αὐτῶν
869 4001 1254 4055 σκευασάντων
1302 4003 1400 4072 τὴν
1445 4005 1494 4055 οἰ

1590 4020 1650 4055 αν
1750 4003 1841 4072 qui
1869 4001 1970 4072 ipsi
2012 4002 2114 4057 sibi
2145 4003 2458 4073 paraverint
2486 4020 2640 4059 suam
2671 4005 3076 4074 perditionem.‘

75 4086 374 4141 ἀπώλειαν.

153 4198 250 4263 ξθ’.
284 4197 678 4270 Προσφώνησις
703 4201 780 4272 τῷ
813 4203 1052 4274 Ἰσραὴλ,
1087 4205 1382 4276 προσέχειν
1419 4209 1532 4270 τοῖς
1553 4207 1639 4260 τοῦ

1836 4209 2010 4265 LXIX.
2047 4210 2314 4265 Allocutio
2341 4210 2406 4264 ad
2431 4208 2616 4274 Israel,
2657 4218 2715 4264 ut
2769 4210 3016 4275 attendat
3045 4210 3322 4266 miraculis

77 4291 253 4360 τάφου
299 4291 393 4344 τοῦ
434 4294 768 4349 Δεσποτικοῢ
808 4294 1048 4364 θαύμασι
1080 4313 1095 4327 υ
1131 4297 1353 4351 καὶτοῦ
1395 4298 1561 4370 Ἀὁρα

83 4382 178 4405 -3.-.
206 4376 448 4405 .‘.’.\--.!_...
479 4383 658 4405 \-_-n-_
678 4385 764 4405 _n,,
819 4402 826 4405 .
867 4387 950 4405 ,,,\
1018 4387 1042 4398 ι-
1115 4388 1150 4405 τι
1190 4387 1203 4404 ς
1287 4392 1301 4405 ι

1829 4305 1986 4360 )ulcri
2040 4303 2254 4360 Domini
2281 4312 2335 4358 et
2377 4303 2646 4359 rationem
2676 4304 2875 4358 habent
2916 4304 3315 4359 benedictionis

14 4409 16 4414 τ
82 4382 179 4450 τὴν
203 4376 448 4451 εὐλογίαν
479 4383 792 4452 λογίζεσθαι
814 4402 827 4416 ⁸
863 4387 1090 4457 καὶτῆς
1115 4387 1253 4445 Σιὼν
1285 4392 1500 4458 ἐγκαινι

1833 4398 2009 4464 ralia};
2046 4398 2452 4452 renovationem
2481 4398 2635 4463 Sion,
2661 4399 2902 4469 gentium
2927 4397 3318 4462 accessionem,

15 4479 17 4482 ’
86 4475 493 4546 προσδέχεσθαι,
535 4478 706 4532 ἐθνῶν
758 4479 1139 4549 προσέλευσιν,
1199 4482 1292 4534 καὶ
1339 4482 1449 4536 τῶν

1839 4490 2231 4543 elementorum
2256 4480 2783 4546 consummationem
2815 4497 3112 4559 exspectat.
3136 4489 3203 4543 Et
3221 4505 3325 4545 ex-

14 4567 18 4596 ῖ
83 4566 243 4634 χείων
274 4568 585 4622 συντέλειαν
616 4586 629 4600 ·
667 4573 760 4622 καὶ
785 4572 1112 4641 παραίνεσις
1141 4573 1254 4644 τοῖς
1289 4578 1500 4639 πιστοῖς

1834 4581 1986 4635 rtatio
2017 4580 2082 4634 ad
2115 4580 2299 4635 ﬁdeles
2333 4589 2392 4634 ut
2417 4580 2820 4636 incredulorum
2853 4581 3087 4635 ludibria
3115 4595 3225 4633 non
3259 4580 3320 4634 ti-

14 4667 16 4692 ξ
86 4655 356 4724 φοόεῖσθαι
385 4656 494 4708 τῶν
519 4658 763 4711 ἀπίστων
793 4662 859 4713 τὰ
891 4660 1223 4731 σκώμματα.
1746 4680 1950 4724 meant.
2751 4663 2770 4674 ’

155 4761 216 4817 o'.
264 4765 614 4835 Παράκλησις
643 4770 706 4838 τῇ
749 4769 1124 4842 Ἰερουσαλὴμ,
1157 4773 1232 4836 ὼς
1277 4773 1406 4826 λαοῦ
1448 4775 1641 4828 πιστοῦ

1832 4781 1976 4835 LXX.
2011 4781 2326 4836 Consolatio
2351 4779 2416 4836 ad
2444 4782 2766 4846 Jerusalem,
2789 4796 2853 4835 ex
2878 4796 2944 4834 eo
2969 4779 3112 4848 quod
3147 4795 3318 4850 popu-

13 4846 19 4877 "
89 4859 145 4912 ἐν
171 4857 297 4930 αὐτῇ
325 4859 735 4914 συνελεύσεσθαι
771 4863 1075 4931 μέλλοντος
1099 4867 1194 4918 καὶ
1223 4869 1499 4938 προτροπὴ

1857 4875 2028 4930 ﬁdelis
2054 4874 2110 4928 in
2141 4889 2260 4927 eam
2291 4881 2553 4927 venturus
2587 4873 2679 4939 sit,
2709 4880 2764 4926 et
2792 4846 3098 4926 exhortatio
3126 4883 3183 4927 ut
3207 4872 3318 4928 Deo

93 4949 204 5018 Θεῷ
238 4939 574 5003 πεποιθέναι·
627 4953 722 5004 καὶ
779 4954 1104 5024 ὑπόσχεσις,
1155 4957 1253 5028 τὴν
1297 4959 1419 5011 κατ’
1473 4977 1500 5012 α

1826 4967 1948 5032 edat,
1972 4974 2027 5019 et
2051 4963 2343 5034 promissio
2366 4962 2508 5032 quod
2544 4963 2621 5016 ira
2651 4977 2771 5030 quae
2810 4972 2998 5017 contra
3028 4978 3147 5018 eam
3179 4973 3312 5030 erat,

94 5041 252 5110 ὀργὴν
273 5042 405 5094 κατὰ
441 5042 712 5112 δαιμόνων
739 5021 1138 5114 τραπήνσεσθαι.
1209 5021 1221 5028 Ι

1030 5046 1138 5100 θαι.
1743 5057 1798 5111 in
1829 5058 2104 5112 daemones
2140 5063 2515 5109 convertetur.

162 5159 252 5206 οα’.
299 5154 626 5223 Παραίνεσις
677 5159 744 5226 τῇ
801 5156 972 5221 Σιὼν,
1009 5159 1083 5222 ὡς
1116 5160 1215 5231 τῆς
1267 5163 1641 5231 αἰχμαλωσίας

1825 5170 2000 5224 LXXI.
2033 5168 2349 5223 Exhortatio
2383 5169 2450 5223 ad
2483 5166 2612 5223 Sion
2666 5177 2920 5238 tanquam
2947 5183 2976 5221 a
3002 5167 3311 5238 captivitate

14 5239 17 5250 ’
100 5243 342 5314 μελλούσῃ
361 5243 815 5300 ἀπαλλάττεσθαι·
841 5250 934 5301 καὶ
960 5251 1286 5322 ἀνάμνησις,
1307 5249 1394 5306 οἷα
1427 5257 1499 5307 Ἰσ

1823 5262 2075 5315 erandam
2101 5278 2114 5325 ;
2135 5269 2191 5314 et
2213 5261 2592 5314 rememoratio
2608 5269 2984 5330 quantayetus
3003 5261 3159 5316 Israel
3185 5276 3309 5330 pec-

101 5340 124 5386 ὁ
163 5334 366 5398 παλαιὸς
411 5337 672 5408 ὴνόμησε·
713 5341 806 5392 καὶ
836 5342 1174 5414 πρόρρησις,
1205 5345 1278 5408 ῶς
1334 5348 1580 5418 ἐνδημῶν

1820 5353 1966 5415 verit,
2017 5360 2073 5406 et
2128 5352 2409 5421 praedictio
2439 5352 2714 5406 Christum
2755 5353 2808 5405 in
2844 5368 2940 5406 sua
3000 5354 3306 5408 venientem

78 5413 304 5496 ’Χριστὸς
332 5427 425 5478 καὶ
451 5428 706 5498 γνωρίζει
731 5432 798 5483 τὰ
830 5413 1005 5487 οἰκεῖα
1031 5439 1326 5508 μυστήρια,
1349 5413 1564 5494 xuii—dm

1823 5413 2143 5499 tefacturuni
2168 5459 2264 5497 sua
2301 5445 2574 5514 mysteria,
2607 5453 2662 5500 et
2682 5445 2763 5498 eis
2791 5444 3167 5500 liberationem
3209 5458 3309 5503 ve-

14 5547 16 5579 ι
101 5516 252 5587 λαγὴν
293 5517 466 5580 αὐτοῖς
519 5518 620 5587 τῆς
668 5522 901 5590 ἀρχαίας
951 5526 1304 5600 Ἰερουσαλὴμ
1332 5531 1406 5595 ὼς
1434 5549 1497 5584 τυ

1625 5563 1638 5574 -
1741 5536 1872 5591 teris
1899 5535 2199 5592 Jerusalem
2237 5549 2492 5613 tanquam
2521 5537 2739 5607 polluta:
2771 5537 3111 5607 largiturum.

14 5617 15 5648 ξ
105 5603 272 5675 νούσης
299 5607 603 5678 ἀκαθάρτου
639 5609 944 5679 χαρίζεται.
