3764 6320
28 316 182 382 1385
1179 310 1638 372 FRAGMENTA
1670 309 1745 368 [Ν
1781 307 2282 369 EZECHIELEM.
3180 293 3312 360 138i}

29 428 403 496 κατεδέξατο
423 470 438 494 ,
469 427 554 498 ἐφ’
584 422 663 490 οἷς
706 402 866 478 αὐτόν
895 422 923 474 ὁ
964 421 1252 492 προφήτης
1293 419 1479 487 ὑμνεῖ·
1511 434 1515 468 ;

1825 415 2014 484 npheta
2043 413 2307 467 collaudat
2343 429 2354 463 :
2399 411 2609 464 incusat
2634 416 2811 463 autem
2843 406 3078 469 Iudaeos,
3117 412 3170 459 et
3199 403 3311 475 pri~

31 527 250 594 ηγορεῖ
300 525 364 576 δὲ
401 523 510 576 τῶν
550 520 853 585 Ἰουδαίων,
889 517 986 571 καί¹
1023 516 1131 568 τῶν
1169 512 1462 581 θαυμάτων
1509 528 1517 559 ι

1399 526 1462 563 »ν
1509 508 1640 560 ἀνα·
1751 502 1891 554 stina
1923 501 2171 570 prodigia
2203 500 2257 554 in
2293 498 2609 554 memoriam
2650 505 2885 552 revocat.

32 616 376 686 μιμνήσκει
415 615 520 666 τῶν
554 612 885 683 ἔμπροσθεν.

107 676 230 758 ττδί
265 705 560 768 Ἔντευξις
587 676 689 756 τοῦ.
719 701 1002 772 προφήτου
1050 695 1183 768 πρὸς
1218 694 1307 747 τὸν
1339 691 1470 743 Θεὸν
1504 687 1593 742 ὑπέ

1826 681 2101 736 LXXXIV.
2139 679 2461 750 Deprecatio
2485 680 2760 749 prophetze
2797 679 2862 733 ad
2893 679 3059 733 Deum
3103 692 3200 747 pro
3237 676 3312 731 Is-

28 796 134 848 τοῦ
184 798 445 868 Ἰσραὴλ,
475 798 547 860 ὡς
585 769 956 866 παροφθέντος
999 791 1084 843 διὰ
1116 791 1214 860 τὴν
1251 786 1514 856 πρόσκροι

1829 775 1884 841 al,
1919 784 1976 828 ut
2004 783 2132 843 pote
2151 773 2238 842 qui
2266 781 2489 842 propter
2529 769 2856 824 offensiones
2881 770 3227 839 despiciatur,
3259 780 3315 823 et

29 888 135 941 καὶ
189 891 302 950 τὰς
365 891 642 961 ἁμαρτίας
692 887 773 939 ἔτι
825 883 1026 957 μᾶλλον
1079 877 1500 936 πλεονάσαντο;’

1830 866 1844 919 i
1877 873 2100 936 peccata
2135 879 2233 918 sua
2263 863 2494 934 amplius
2517 862 2680 914 etiam
2711 861 3033 930 multiplicet
3064 878 3078 927 ;
3111 869 3165 914 et
3189 876 3315 934 sup-

33 981 338 1050 ίκετηρία,
492 951 654 1051 ξιὲχρι
684 951 872 1040 τέλους
908 971 1340 1044 παρασιωπῆσαι
1371 966 1463 1018 τὸν
1490 967 1519 1017 (Ξ

1833 956 1974 1009 catio
2013 970 2082 1009 ne
2119 955 2261 1008 Deus
2294 955 2448 1008 sileat
2477 953 2528 1004 in
2563 952 2721 1005 linem
2749 952 2840 1005 sed
2869 966 3022 1003 suum
3061 951 3315 1022 populum

30 1045 340 1126 ἀλλὰ-’τὸν
381 1045 752 1126 ’ἑαυτοῦ-’λαὸν
788 1069 883 1126 καὶ
911 1067 1007 1136 τὴν
1041 1059 1394 1135 Ἰερουσαλὴμ
1426 1060 1516 1109 ὲπι

882 1109 883 1112 η
911 1067 1007 1136 τὴν
1041 1059 1394 1135 Ἰερουσαλὴμ
1426 1056 1648 1109 ὲπισκέ-
1755 1056 1808 1101 et
1832 1045 2135 1102 Jerusalem
2169 1046 2368 1102 visitet.

29 1166 288 1233 ψασθαιο
2116 1229 2152 1238 ..
2283 1229 2293 1238 .
2361 1228 2372 1238 .
2443 1227 2498 1238 η.
2738 1226 2786 1238 ..
2827 1224 2856 1238 ..
2933 1233 2942 1238 _
3183 1223 3213 1238 _.

111 1257 234 1311 πε’.
297 1257 636 1327 ’Υπόσχεσις
678 1253 939 1324 Χριστοῦ,
972 1253 1082 1314 τοῖς
1113 1250 1321 1302 ἔθνεσιν
1350 1246 1510 1300 αὑτὸν
1544 1247 1597 1315 ἐι,

1834 1228 2080 1284 LXXXV.
2116 1228 2412 1284 Promissio
2438 1227 2663 1290 Christi,
2700 1224 2948 1279 videlicet
2972 1237 3030 1277 se
3071 1224 3320 1294 gentibus

35 1316 518 1418 φανισθήσεσθαῖ
539 1364 551 1376 -
589 1316 682 1399 καὶ
707 1316 904 1413 ἀπειλὴ
935 1342 1074 1395 κατὰ
1104 1340 1211 1394 τῶν
1253 1338 1521 1392 Ἰουδαίων

1834 1319 2232 1373 inifestaturum
2277 1335 2290 1384 ;
2333 1329 2387 1373 et
2430 1318 2593 1372 minae
2637 1318 2690 1369 in
2718 1317 2954 1382 Judmos,
2996 1330 3060 1370 eo
3086 1316 3229 1387 quod
3267 1320 3320 1368 in

32 1406 490 1507 ἀπειθησάντων
508 1440 563 1490 ὲν
587 1437 662 1506 τῷ
689 1406 926 1505 σταυρῷ,
942 1432 1036 1484 καὶ
1057 1429 1292 1493 εἰδώλοις
1317 1428 1414 1499 μὲν
1430 1429 1518 1480 δου

1833 1425 1929 1463 uce
1959 1426 2068 1463 non
2099 1410 2451 1474 crediderim,
2479 1416 2532 1462 et
2577 1408 2730 1462 idolis
2765 1407 2981 1476 quidem
3012 1406 3319 1468 servierint,

35 1529 298 1591 σάντων,
358 1529 584 1590 ἑαυτοὺς
628 1526 684 1579 δὲ
745 1525 1133 1587 δικαιούντων,
1167 1521 1307 1590 ὑπὲρ
1353 1513 1428 1572 ὦν
1465 1519 1521 1570 αί

1838 1516 1962 1569 psos
2001 1510 2183 1554 autem
2217 1501 2580 1556 condemnent
2606 1500 2672 1554 iis
2696 1515 2794 1570 pro
2813 1500 3012 1570 quibus
3041 1498 3175 1568 ipsis
3195 1513 3322 1570 pec-

33 1616 379 1670 ἁποδώσειν
406 1619 503 1678 τὰς
536 1615 815 1686 ἁμαρτίας
837 1614 1159 1682 ἠπείλησεν.

1755 1602 2001 1647 calorum
2039 1594 2302 1648 ultionem
2334 1593 2571 1647 minatus
2595 1601 2700 1657 est,

122 1714 262 1772 πς¹.
311 1682 620 1776 Ἀπόφασίς
662 1682 834 1769 ⁷Θεοῦ,
871 1706 964 1758 τὸν
999 1701 1216 1774 Ἰσραὴλ
1266 1700 1340 1772 μὴ
1375 1702 1453 1762 εἰς
1497 1699 1608 1752 τὲλι

1839 1683 2114 1738 LXXXVI.
2147 1685 2448 1739 Declaratio
2481 1683 2571 1737 Dei
2611 1699 2722 1740 non
2748 1682 2805 1737 in
2834 1682 2994 1738 ﬁnem
3022 1682 3186 1737 Israel
3230 1699 3325 1751 pe-

36 1773 482 1868 φθαρήσεσθαι,
542 1797 678 1851 ἀλλὰ
730 1797 856 1858 τοὺς
907 1773 1265 1854 ἀπειθοῦντας
1311 1790 1522 1843 ἀπολεῖς

1837 1792 2009 1837 urum.
2033 1776 2129 1829 sed
2152 1776 2464 1832 incredulos
2488 1776 2708 1846 quidem
2737 1773 3044 1844 perdendos
3069 1773 3323 1838 fore,Deo

35 1865 180 1949 τοὺς
208 1865 574 1949 δουλεύοντας
603 1887 658 1939 δὲ
706 1885 824 1955 Θεῷ
859 1886 952 1938 καὶ
998 1883 1314 1954 μυστηρίων
1350 1881 1521 1934 ἀπόλα

1837 1875 1940 1918 tem
1970 1866 2290 1932 servientes,
2342 1875 2452 1920 tum
2486 1868 2866 1936 mysteriorum
2899 1865 3323 1938 possessionem,

37 1981 143 2032 καὶ
193 1980 480 2049 ὀνόματος
527 1977 717 2032 καινοῦ
770 1975 1078 2040 τεύξεσθαι,
1128 1974 1225 2027 καὶ
1275 1971 1352 2042 τῷ
1405 1970 1520 2040 ναῷ

1837 1972 1869 2009 n
1889 1972 2086 2011 nomen
2109 1973 2308 2011 novum
2326 1959 2616 2012 sortituros
2644 1971 2785 2023 esse,
2801 1965 2857 2011 et
2873 1957 2928 2010 in
2949 1956 3149 2026 templo
3172 1972 3323 2010 novu'

35 2073 174 2133 νέας
232 2046 603 2141 Ἰερουσαλὴμ
646 2069 858 2140 ἀρετῶν
894 2067 1117 2119 ἔσεσθαι
1163 2063 1481 2132 τελειότητα
1509 2101 1521 2122 ,

1839 2048 2054 2101 ἰιειιιειη
2090 2049 2352 2102 virtutum
2398 2049 2789 2118 perfectionem
2828 2049 3066 2104 futuram
3107 2064 3230 2103 esse
3273 2057 3325 2104 et

37 2164 155 2217 τῶν
191 2164 391 2215 πόνων
420 2161 528 2214 τῶν
566 2161 782 2213 οἰκείων
812 2159 1135 2212 ἀπόλαυσιν.

1803 2141 2000 2194 borum
2035 2156 2257 2195 suorum
2290 2141 2685 2196 liberationem.
3284 2185 3289 2190 .

112 2255 231 2319 πζν.
282 2253 598 2322 Ἀπόφασις
635 2253 791 2314 Θεοῦ,
842 2249 1025 2314 οἴκους
1057 2247 1349 2319 αἰσθητοὺς
1392 2246 1467 2316 μὴ
1500 2245 1596 2298 ὲκλ

1838 2230 2128 2309 LXXXVII,
2151 2232 2449 2290 Declaratio
2472 2234 2566 2288 Dei
2590 2235 2780 2289 domos
2795 2235 3075 2290 sensuales
3097 2250 3206 2289 non
3230 2234 3324 2290 cli-

41 2347 279 2412 γεσθαι,
321 2345 465 2414 μηδὲ
489 2347 608 2407 ταῖς
635 2342 694 2406 ἐξ
716 2342 927 2405 ἀδικίας
953 2341 1163 2402 θυσίαις
1189 2337 1527 2410 ἀρέσκεσθαι·

1850 2339 1951 2378 nec
1976 2339 2036 2378 se
2059 2325 2297 2380 victimis
2327 2341 2392 2380 ex
2425 2326 2709 2396 iniquitate
2747 2335 3060 2381 contentum
3089 2342 3227 2381 esse.
3261 2329 3325 2382 Et

45 2437 402 2504 παραίνεσις
449 2437 562 2497 τοῖς
626 2437 836 2496 πιστοῖς
867 2472 882 2496 ,
932 2431 1278 2496 ἀνεξικακίαν
1335 2429 1470 2501 πρὸς
1525 2447 1531 2462 ι

1842 2415 2062 2469 aortatio
2084 2415 2150 2470 ad
2174 2416 2386 2482 'ﬁdeles,
2429 2426 2485 2471 ut
2521 2417 2835 2487 patientiam
2868 2417 2931 2471 ad
2965 2417 3211 2472 inimicos
3241 2433 3328 2472 os-

47 2527 301 2598 ὲχθροὺς
343 2524 717 2577 ἐνδείκνυσθαι
743 2540 755 2552 ⁸
785 2523 879 2576 καὶ
914 2523 1218 2593 πρόρρησις
1268 2520 1362 2574 τοῦ
1400 2520 1533 2589 τεεχθ⁴

1840 2507 2010 2570 ιίὶοιιι,
2036 2507 2108 2560 Et
2146 2508 2427 2577 praedictio
2463 2509 2647 2579 populi
2696 2509 2751 2562 in
2786 2509 2918 2562 Sion
2962 2509 3244 2575 nascituri,
3272 2517 3326 2563 et

51 2618 233 2686 μέν,ου
274 2612 415 2665 λαοῦ
463 2615 529 2682 τῇ
576 2614 672 2682 νέᾳ
714 2611 881 2664 Σιών·
924 2613 1016 2665 καὶ
1049 2611 1432 2680 προσφώνησις
1455 2611 1537 2678 euq

1841 2599 2042 2654 edictio
2078 2600 2436 2669 iucunditatis
2462 2603 2528 2656 de
2574 2601 2732 2656 bonis
2764 2616 2885 2670 quae
2916 2615 3070 2656 novae
3113 2601 3327 2656 Jerusa-

52 2707 239 2776 σύνης
295 2706 394 2756 ἐπὶ
432 2707 544 2766 τοῖς
575 2701 829 2770 ἀγαθοῖς,
869 2702 905 2756 δι
937 2705 1002 2773 τῇ
1042 2703 1140 2772 νέᾳ
1187 2699 1537 2772 Ἰερουσαλὴμ
1561 2699 1654 2751 εὐ.
1762 2690 1866 2744 lem
1899 2701 2298 2760 praeparantur.

49 2795 419 2867 τρεπίζεται.
1839 2841 1846 2849 ,

124 2892 249 2951 σπη’.
299 2883 619 2954 Προφητεία
650 2883 907 2952 δευτέρας
934 2882 1171 2954 Χριστοῦ
1208 2882 1532 2953 παρουσίας,
1565 2901 1610 2935 κε

1841 2877 2164 2943 LXXXVIII,
2194 2878 2524 2935 Vaticinium
2557 2880 2782 2937 secundi
2815 2879 3015 2936 Christi
3042 2880 3327 2944 adventus,

18 2975 19 2982 ἶ
55 2976 361 3038 ἀπωλείας
385 2976 493 3026 τῶν
519 2975 755 3027 ἀσεϐῶν·
786 2978 878 3026 καὶ
904 2975 1210 3044 πρόρρησις
1229 2975 1326 3043 τῆς
1346 2976 1455 3027 τῶν
1488 2976 1504 3025 ἑ

1847 2971 2131 3040 impiorum
2166 2972 2530 3038 perditionis;
2583 2980 2638 3024 et
2657 2971 2936 3040 praedictio
2982 2970 3333 3041 ingres‘sionis

18 3091 19 3098 ι
63 3066 220 3137 μετὰ
254 3065 419 3134 δόξης
464 3066 542 3128 εἰς
591 3067 691 3136 τὴν
724 3067 849 3119 νέαν
893 3065 1251 3136 Ἰερουσαλὴμ
1285 3066 1501 3118 συνόδου

1848 3065 2008 3119 :itium
2037 3081 2158 3120 cun:
2194 3067 2362 3136 gloria
2401 3067 2455 3120 in
2483 3081 2680 3120 novam
2721 3066 3041 3132 Jerusalem,
3088 3074 3143 3118 et
3179 3079 3334 3120 nova:

59 3157 168 3226 τῆς
209 3157 306 3210 διὰ
343 3156 579 3225 Χριστοῦ
610 3157 806 3226 καινῆς
844 3158 1094 3220 κτίσεωςο
1131 3158 1225 3209 καὶ
1252 3156 1486 3219 ὅπωςτά
1519 3175 1545 3209 κ

1851 3131 2526 3214 νϐιιιὶδιιιιη-οτειιιὶοηίε
2559 3177 2572 3225 ;
2607 3167 2663 3212 et
2708 3160 2981 3228 quomodo
3041 3174 3160 3228 quae
3210 3164 3337 3212 sunt

18 3255 19 3260 “
61 3249 163 3304 τοῦ
223 3247 365 3299 λαοῦ
405 3247 513 3300 τῶν
561 3249 829 3302 Ἰουδαίων
873 3251 985 3311 τοῖς
1044 3248 1254 3302 ἔθνεσιν
1305 3251 1384 3311 εἰς
1435 3250 1504 3301 θει

1851 3258 1955 3302 itra
1985 3249 2224 3314 Judaeos,
2257 3251 2511 3321 gentibus
2537 3250 2592 3302 in
2615 3250 3105 3304 considerationem
3135 3261 3337 3319 propo-

18 3371 20 3378 -
64 3339 467 3409 προκείσεται.

1769 3348 1991 3404 nentur.

158 3429 404 3490 Ἡσαΐας
442 3429 471 3480 ὁ
502 3431 792 3500 προφήτης
825 3431 1044 3499 ἐγένετο
1079 3431 1178 3501 μὲν
1211 3434 1270 3485 έν
1314 3432 1644 3503 Ἰερουσαλὴί

1853 3431 2004 3484 lsaias
2043 3434 2306 3500 propheta
2347 3442 2508 3486 natus
2537 3441 2621 3485 est
2651 3430 2704 3484 in
2739 3429 3036 3484 Jerusalem
3085 3429 3152 3483 de
3197 3431 3339 3483 tribu

70 3520 138 3570 ἐκ
169 3519 357 3586 φυλῆς
406 3519 594 3584 Ἰούδα,
629 3520 851 3590 θνήσκει
895 3522 951 3573 δὲ
993 3522 1098 3574 ὑπὸ
1127 3523 1393 3592 Μανασσῆ
1436 3523 1530 3575 τοῦ

1851 3522 1910 3575 da
1933 3532 2212 3585 ;mortuus
2233 3531 2317 3576 est
2336 3532 2522 3576 autem
2545 3530 2810 3592 regnante
2838 3521 2892 3575 in
2907 3520 2933 3574 ,Ι
2942 3521 3044 3574 uda
3073 3521 3337 3579 Manasse.

18 3677 20 3684 τ
71 3609 278 3672 σιλέως
297 3608 472 3663 Ἰούδα
491 3610 698 3681 [πρίονι
723 3611 1330 3684 ξυλίνῳ](16)πρισθεὶς
1351 3613 1428 3674 εἰς
1445 3613 1504 3664 δύ

1855 3627 1950 3665 τηε
2001 3611 2204 3681 lignea)
2234 3621 2418 3666 sectus
2451 3611 2506 3664 in
2536 3611 2666 3674 duo,
2693 3619 2748 3664 et
2807 3611 3050 3681 sepultus
3112 3621 3195 3666 est
3242 3614 3341 3666 sub

18 3769 19 3774 η
71 3697 245 3766 ἐτέθη
298 3698 556 3753 ὑποκάτω
605 3698 765 3769 δρυὸς
800 3700 1031 3770 Ῥωγὴλ,
1078 3700 1314 3771 ἐχόμενα
1347 3703 1446 3771 τῆς
1475 3703 1504 3754 δ

1856 3719 1977 3759 ereu
2010 3703 2252 3776 Rhogel,
2296 3707 2450 3774 juxta
2511 3703 2940 3774 praeterﬂuentes
2983 3721 3170 3775 aquas,
3207 3720 3342 3780 quas

18 3840 22 3866 ἶ
75 3803 225 3849 σεως
249 3787 366 3840 τῶν
395 3790 626 3857 ὑδάτων,
660 3785 734 3845 ὧν
766 3791 1048 3846 ἀπώλεσεν
1073 3791 1330 3856 Ἐζεκίας
1358 3795 1385 3846 ό
1412 3793 1504 3866 βαι

1412 3793 1666 3866 βασιλεὺς
1773 3796 2011 3866 perdidit
2032 3796 2297 3851 Ezechias
2324 3812 2418 3852 rex
2442 3807 2585 3852 terra
2610 3797 2872 3863 defossas,

75 3882 272 3948 χώσας
304 3882 461 3936 αὑτά.

790 4225 1502 4316 FRAGMENTA
1610 4232 1736 4319 IN
1855 4229 2656 4322 EZECHIELEM.

1289 4416 1732 4489 IVILLALPANDUS,
1775 4432 1813 4480 t.
1850 4425 1893 4491 Ι,
1918 4440 1974 4496 p.
2011 4425 2159 4499 I30.)

1685 4605 1755 4618 -υ

165 4738 306 4805 Cap.
341 4736 434 4800 IX,
467 4753 518 4790 v.
552 4736 606 4791 6.
654 4756 672 4788 ι
707 4738 774 4793 Ει
817 4754 845 4792 a
873 4739 1186 4794 sanctuario
1221 4755 1342 4796 meo
1367 4742 1612 4814 incipite.
1647 4761 1667 4795 ι
1704 4751 1748 4805 D
1777 4744 2236 4800 Murmurautibus
2282 4747 2460 4799 Aaron
2504 4755 2559 4800 et
2609 4743 2772 4799 Maria
2812 4745 3077 4799 adversus
3119 4745 3344 4811 Mosen,

93 4826 374 4892 Quoniam
413 4827 602 4881 habitu
634 4828 810 4882 solum
849 4829 1046 4896 sancti,
1076 4846 1188 4885 non
1214 4847 1402 4886 revera
1433 4853 1447 4889 :
1475 4850 1601 4889 nam
1632 4835 1678 4890 si
1777 4837 1866 4890 illa
1898 4837 2122 4906 punitur
2152 4837 2324 4904 lepra,
2368 4836 2456 4888 ille
2511 4836 2782 4889 innocuus
2835 4835 3036 4889 evadit.
3079 4835 3259 4889 Aaron
3293 4846 3351 4890 et

96 4920 425 4975 habuissent
458 4921 671 4992 signum
693 4962 707 4986 ,
743 4936 853 4974 non
887 4938 1076 4977 revera
1103 4965 1116 4988 ,
1150 4933 1313 4994 atque
1343 4926 1431 4979 alii
1463 4928 1678 4982 delendi
1777 4927 1990 4998 Moyses
2014 4927 2338 4996 delinquunt
2368 4925 2433 4980 ad
2461 4940 2631 4996 aquas
2657 4925 3122 4990 contradictionis,
3156 4925 3348 4982 conni-

98 5012 374 5077 fuissent,
432 5022 538 5066 etc.
583 5013 793 5066 Novum
853 5030 1025 5085 genus
1076 5016 1240 5070 audio
1297 5018 1678 5086 providentiae,
1776 5031 1868 5076 vet
1900 5022 2044 5074 Deus
2073 5020 2290 5088 utrique
2320 5019 2490 5073 multo
2517 5027 2789 5088 tempore,
2823 5019 3172 5087 quantumvis
3205 5030 3352 5079 esset

99 5103 338 5156 Domine
387 5104 530 5158 Deus
557 5147 571 5170 ,
622 5105 885 5160 adversus
929 5108 1210 5163 ministros
1250 5111 1546 5165 sanctuarii
1578 5113 1676 5166 tui.
1779 5111 2114 5182 indignatus.
2141 5110 2440 5166 Abiatbaro
2465 5108 2630 5179 digno
2660 5119 2836 5165 morte
2870 5109 3044 5182 parcit
3071 5111 3350 5173 Salomon,

101 5192 245 5249 Olim
302 5196 446 5249 enim
492 5199 802 5253 errantibus
857 5201 1188 5256 connivebas
1211 5243 1225 5267 ,
1269 5203 1530 5271 parcebas
1582 5205 1675 5260 de-
1783 5203 1910 5272 quia
1942 5203 2142 5258 tulerat
2163 5216 2342 5256 arcam
2369 5200 2606 5255 Domini.
2632 5201 2702 5253 At
2729 5217 2874 5256 nunc
2896 5202 2997 5256 erit
3021 5203 3154 5256 sicut
3183 5218 3350 5272 popu-

103 5286 519 5355 linquentibus;
553 5302 658 5356 quo
699 5296 791 5344 tuo
823 5291 1030 5345 nomini
1059 5302 1113 5346 et
1155 5292 1348 5349 honori
1397 5309 1669 5367 parceres.
1781 5295 1882 5359 lus,
1913 5296 1990 5353 sic
2017 5293 2261 5348 sacerdos
2284 5293 2298 5323 '
2325 5292 2348 5345 ?
2374 5293 2482 5347 imo
2508 5306 2637 5348 vero
2666 5291 2806 5350 sicut
2838 5290 3112 5359 sacerdos,
3137 5293 3217 5348 sic
3244 5308 3346 5365 po-

188 5468 206 5498 ³
240 5465 343 5522 lsa.
377 5483 522 5530 ntv,
555 5466 609 5522 2.

1613 5583 1840 5641 ΝΟΤίΕ.

182 5701 296 5774 (16)
324 5703 527 5769 ΙΙρίονι
553 5700 801 5768 ξυλίνῳ.
839 5701 894 5757 Id
924 5717 989 5756 ex
1020 5704 1234 5759 Justino
1263 5702 1516 5776 Martyrc.

360 5800 638 5859 PATROL.
686 5798 803 5863 Gn.
853 5799 1066 5863 XCIII.

1955 5885 1963 5889 -
2257 5880 2274 5886 ..
2686 5797 2769 5866 M
