3764 6320
33 336 106 400 13
1373 350 1891 421 QUIESTIONES.

676 461 894 527 Λύσις.

31 548 641 621 Καταστοχασάμενος
670 550 918 614 διάϐολος
948 550 1051 621 τῆς
1087 551 1330 621 Χριστοῦ
1366 570 1577 624 παρου-

31 661 114 708 ις,
133 645 348 714 ἤγειρε
373 643 484 715 πρὸ
498 642 682 712 ὀλίγου
708 645 807 713 τῆς
827 642 994 695 αὑτοῦ
1014 643 1330 713 ἐπιδημίας,
1353 660 1580 697 στασια-

31 735 96 797 ﬁ;
132 752 331 800 τινας,
364 735 498 798 τοὺς
545 735 680 804 περὶ
708 735 918 788 Θευδᾶν
952 737 1049 787 καὶ
1094 734 1320 799 Ἰούδαν,
1364 735 1579 799 ἑαυτοῖς

31 826 125 889 Ξαν
149 827 564 897 ἁρπάσαντας,
589 827 684 880 καὶ
709 828 838 890 τοὺς
871 825 1199 890 πεισθέντας
1231 827 1416 891 αὐτοῖς
1447 828 1580 882 ἀνα-

31 916 327 980 ώσαντας·
368 921 418 971 οἱ
445 919 538 971 καὶ
570 917 970 988 διελύθησαν,
1007 918 1153 972 καθὰ
1187 917 1264 989 τῷ
1292 919 1332 971 Γ
1336 917 1578 989 αμαλιὴλ

31 1024 216 1078 νηται.
261 1010 502 1074 Τούτοις
541 1009 726 1062 τοίνυν
759 1009 847 1062 διὰ
878 1009 1088 1062 τούτων
1133 1009 1454 1074 αίνίττεται,
1482 1009 1579 1062 καὶ

31 1116 78 1150 σι
117 1099 354 1154 τούτων
407 1100 649 1170 ζηλωταὶ
679 1101 991 1170 γεγόνασιν.
1028 1101 1313 1164 Μωυσέως
1356 1101 1458 1171 μέν
1495 1117 1578 1153 τοι

31 1189 53 1240 ‘t
85 1187 208 1241 τῶν
243 1190 578 1260 προφητῶν,
605 1191 885 1259 ἤκουσαν
914 1192 984 1245 τὰ
1009 1191 1292 1260 πρόϐατα.

664 1286 922 1352 Ἄπορία.

31 1375 211 1437 Τίνος
250 1376 426 1446 χάριν
461 1375 739 1439 Ματϐαϊος
774 1375 872 1446 τὴν
924 1375 1139 1446 μητέρα
1168 1376 1281 1429 τῶν
1313 1374 1448 1428 υἱῶν
1477 1377 1579 1428 Ζε-

31 1466 196 1520 δαίου
237 1467 478 1536 αἰτῆσαι
532 1466 630 1536 τὴν
664 1468 729 1518 ὲκ
772 1465 965 1530 δεξιῶν
998 1467 1272 1538 καθέδραν
1297 1468 1410 1530 τοῖς
1444 1466 1577 1529 υἱοίς

31 1576 54 1611 ν
94 1557 327 1628 Κύριον
362 1557 618 1627 ἱστόρησε
644 1573 660 1588 ο
711 1556 940 1624 Μάρκος
987 1556 1042 1608 δὲ
1081 1558 1180 1610 οὐκ
1214 1557 1408 1626 αὐτὴν,
1441 1555 1578 1612 ἀλλὰ

31 1647 95 1712 ia;
130 1649 300 1711 υἱοὺς
336 1646 502 1701 τοῦτο
529 1647 757 1717 αἰτῆσαι
791 1646 1043 1713 ὲξέθετο;

679 1738 894 1802 Λύσις.

31 1830 347 1892 Ματθατος
369 1829 897 1900 λεπτομερεστέρως
922 1827 1024 1900 τὴν
1041 1827 1158 1898 ἅμα
1186 1829 1297 1890 τοῖς
1322 1829 1460 1889 υἱοῖς
1478 1827 1576 1897 τῆς

31 1922 185 1992 ιτρὸς
219 1920 544 1991 πρεσϐείαν
571 1919 804 1984 ἐξέθετοο
835 1920 1063 1989 Μάρκος
1111 1918 1168 1972 δὲ
1208 1917 1574 1990 βραχυλογίας

31 2030 114 2066 ινυ
169 2012 598 2085 πεφροντικὼς,
635 2011 799 2081 μόνον
831 2012 938 2066 τῶν
969 2011 1105 2067 υἱῶν
1143 2011 1572 2082 ἐμνημόνευσεν·

32 2121 106 2175 ἐρ
143 2104 543 2172 ἑναντιολογία
572 2105 673 2157 οὐκ
702 2103 866 2158 ἔστιν.

662 2195 927 2261 Ἀπορία.

40 2283 176 2346 Πῶς
216 2285 248 2336 δ
287 2284 514 2346 Λουκᾶς
553 2281 646 2335 τὸν
680 2281 889 2352 Κύριον
915 2281 1093 2333 εἰπεῖν
1141 2281 1256 2344 τοῖς
1297 2279 1578 2343 Ἰουδαίοις

31 2375 316 2445 ,θέμενοςσ
345 2376 430 2428 Οὐ
459 2373 545 2442 μή
571 2388 648 2443 με
693 2372 858 2440 ἴδητε
882 2371 1101 2439 ἀπάρτι
1126 2371 1237 2436 ἕως
1257 2369 1334 2424 ἂν
1350 2372 1575 2437 sumre"

31 2464 429 2535 ὑλογημένος
454 2467 488 2517 ὀ
523 2463 848 2530 ἐρχόμενος
899 2461 969 2513 ἐν
1019 2461 1264 2529 ὀνόματι
1321 2460 1575 2527 Κυρίου·

31 2557 368 2626 ιγγενὲσθαι
400 2559 514 2620 τοῖς
548 2555 847 2619 Ἰουδαίοις,
879 2557 1194 2624 συμφαγεῖν
1213 2571 1274 2606 τε
1299 2553 1461 2606 αὐτὸν
1487 2553 1578 2605 καὶ

31 2649 354 2720 αΜχθῆναι
402 2648 500 2700 καὶ
554 2647 1045 2717 Θαυματουργῆσαι
1090 2646 1184 2698 ἐπὶ
1213 2647 1463 2698 πλεῖστον
1489 2644 1580 2710 ἐξ·

31 2751 179 2801 μετο;
232 2736 361 2798 Πῶς
404 2735 463 2787 δὲ
495 2736 828 2802 ἀπαγγεῖλαι
877 2735 954 2805 τῷ
1001 2734 1216 2805 Ἡρώδῃ
1262 2736 1388 2796 τοὺς
1415 2736 1581 2804 impt-

31 2829 184 2888 ιίους
219 2827 547 2888 ἐκέλευσεν,
593 2826 749 2881 ’ἰδοὺ
796 2825 909 2895 ἐγὼ
963 2827 1237 2879 ἐκϐάλλω
1280 2825 1575 2895 δαιμόνια,

31 2917 84 2970 αἱ
133 2915 342 2979 ιάσεις
371 2914 624 2969 ἐπιτελῶ
656 2915 926 2985 σήμερον
963 2915 1063 2968 καὶ
1108 2916 1338 2984 αὔριον,
1371 2916 1469 2969 καὶ
1504 2914 1579 2984 τῇ

31 3009 159 3075 ait?)
198 3007 567 3076 τελειοῦμαι.
595 3007 732 3061 Μεθ’
772 3008 987 3080 ἡμέρας
1019 3007 1127 3080 γὰρ
1163 3007 1438 3072 πλείονας,
1489 3007 1581 3060 τὸν

31 3099 241 3170 ταυρὸν
275 3099 563 3170 ὑπέμεινε.

689 3190 898 3256 Λύσις.

59 3282 140 3334 Τὸ
177 3281 404 3353 πρῶτον
456 3282 684 3350 ἄπορον,
737 3282 946 3351 ταύτην
999 3281 1112 3350 ἔχει
1164 3280 1266 3351 τὴν
1320 3279 1494 3333 λύσιν·
1525 3280 1584 3331 ἐν

31 3373 270 3442 αλιλαίᾳ
303 3375 374 3442 τῇ
400 3372 506 3424 ὑπὸ
544 3372 793 3442 Ἡρώδην
824 3371 1076 3442 τελούσῃ,
1105 3370 1199 3424 τοῦ
1249 3371 1456 3440 Κυρίου
1502 3371 1584 3424 δι-

31 3483 236 3534 γοντος
265 3464 362 3518 καὶ
393 3462 959 3534 θαυματουργοῦντος,
989 3464 1038 3514 οἱ
1067 3461 1176 3514 τῶν
1207 3462 1388 3515 ἐκεῖσε
1417 3462 1586 3532 Φαριο

31 3559 198 3620 αίων,
236 3556 289 3608 οἱ
317 3553 574 3624 φορτικὸν
609 3553 774 3606 αὑτὸν
811 3553 900 3606 διὰ
927 3551 997 3603 τὰ
1027 3554 1231 3622 σημεῖα
1260 3552 1356 3604 καὶ
1384 3550 1482 3621 τὴν
1506 3549 1584 3602 δι-

31 3647 311 3702 ισκαλίαν
363 3645 470 3698 ὑπὸ
523 3645 720 3712 φθόνου
751 3643 1010 3714 ὁρῶντες,
1057 3643 1151 3695 καὶ
1203 3642 1282 3705 εἰς
1306 3641 1410 3712 τὴν
1455 3643 1586 3694 Ἰουι

31 3740 162 3793 ιίαν
195 3737 391 3791 ἐλάσαι
417 3735 764 3798 σπεύδοντες,
795 3733 980 3798 ελεγον
1001 3729 1174 3801 αὐτῷ,
1203 3731 1306 3796 ὅτι,
1333 3731 1585 3796 Ἔξελθε

31 3831 313 3892 ντεῦθεν,
345 3827 419 3882 δι’
447 3827 536 3881 ὅτι
571 3825 832 3895 Ἡρώδης
855 3825 1013 3878 θέλει
1042 3837 1116 3876 σε
1151 3822 1415 3877 ἀνελεῖν.
1441 3823 1584 3894 Πρὸς

31 3919 90 3984 ὓς
113 3923 142 3973 ὁ
176 3919 410 3988 Κύριος,
441 3917 624 3979 συνεὶς
656 3915 775 3987 μεθ’
797 3915 917 3978 οἵας
945 3914 1188 3976 διανοίας
1212 3913 1370 3975 τοῦτο
1398 3914 1584 3978 ἔλεγον

33 4010 176 4081 ὐτῷ,
231 4009 586 4080 ἀπεκρίνατο·
619 4006 1046 4074 Πορευθέντες,
1081 4005 1288 4059 εἴπατε
1318 4003 1392 4072 τῇ
1431 4003 1584 4059 ὀλώ-

31 4117 144 4156 τεκι
171 4093 388 4168 ταύτῃ,
427 4097 630 4169 δηλαδὴ
655 4099 732 4168 τῷ
773 4097 1006 4169 Ἡρώδῃ,
1037 4095 1112 4160 ὡς
1144 4094 1366 4166 δολερῷ,
1397 4094 1491 4148 καὶ
1515 4097 1584 4148 τὰ

31 4192 154 4263 ξῆς.
186 4191 263 4242 Τὸ
290 4186 384 4242 οὖν
428 4189 732 4242 Ἐκϐάλλω
762 4187 1062 4256 δαιμόνια,
1094 4185 1194 4239 καί
1231 4185 1424 4251 ἰάσεις
1455 4185 1582 4238 ἑπι-

34 4281 161 4336 ευὲῶ
189 4280 462 4349 σήμερον
505 4278 603 4331 καὶ
635 4279 863 4345 αὔριον,
894 4277 992 4340 τὰς
1039 4277 1254 4348 ἡμέρας
1289 4276 1441 4346 δηλοῖ
1482 4277 1581 4338 τὰς

32 4373 116 4437 ύο,
172 4373 232 4426 ἐν
267 4368 356 4433 αἷς
391 4373 508 4424 ἐκεῖ
535 4370 832 4440 διατρίϐων
871 4368 1328 4439 ὲΘαυματούργει·
1369 4367 1488 4437 μεθ’
1516 4367 1583 4432 ἃς

3130 357 3268 421 liii

2363 468 2590 525 Salutio.

1749 555 2081 624 Conjectans
2125 557 2376 614 diabolus
2411 562 2704 617 adventum
2757 562 2979 630 Christi,
3013 567 3268 628 excitavit

1682 645 1842 711 paulo
1865 657 1992 700 ante
2024 660 2184 715 quam
2205 649 2438 714 veniret,
2458 652 2746 708 seditiosos
2771 657 3059 724 quosdam,
3081 659 3236 714 Tbeu
3251 690 3265 700 ο

1680 735 1801 788 dam
1854 745 1908 789 et
1960 736 2154 792 Judam
2199 755 2322 794 cum
2360 744 2706 812 sequacibus,
2761 747 2852 816 qui
2886 749 3112 818 gloriam
3162 752 3264 806 sibi

1679 823 2047 891 arripuerunt,
2077 826 2314 896 ipsisque
2361 831 2702 888 adhaerentes
2747 836 2812 889 ad
2847 839 3136 893 tumultum
3163 841 3266 894 im-

1680 911 1938 980 pulerunt
1965 931 1979 978 ;
2009 917 2102 984 qui
2137 927 2190 971 et
2214 920 2456 988 dissipati
2474 936 2592 977 sunt
2615 926 2678 989 τ’,
2710 937 2822 980 uta
2858 927 3154 984 Gamaliele
3181 933 3264 986 di-

1680 1012 1826 1056 ctum
1859 1013 1960 1058 est.
1988 1004 2100 1061 ﬂos
2136 1006 2318 1078 itaque
2349 1027 2447 1080 per
2474 1014 2589 1069 haec
2637 1017 2802 1071 verba
2830 1018 3102 1090 designat,
3134 1023 3262 1077 reli-

1678 1107 1922 1164 quosque
1944 1099 2036 1166 qui
2063 1114 2158 1156 eos
2180 1105 2416 1158 aemulati
2442 1115 2588 1161 sunt.
2617 1108 2687 1162 At
2709 1107 2896 1164 Mosen
2941 1119 2996 1165 et
3023 1112 3261 1181 prophe-

1682 1193 1762 1240 tas
1786 1203 1901 1240 oves
1931 1191 2236 1246 audierunt.

2235 1281 2522 1351 Difﬁcultas
2558 1301 2708 1342 xxw.

1749 1363 2110 1430 Quamobrem
2143 1369 2430 1427 Matthaeus
2450 1377 2634 1430 retulit
2658 1387 2884 1432 matrem
2903 1377 3134 1432 ﬁliorum
3163 1379 3264 1432 Ze—

1677 1455 1850 1510 bedaei
1898 1459 2118 1524 petiisse
2166 1475 2195 1513 a
2222 1462 2451 1519 Domino
2481 1465 2607 1520 ﬁliis
2650 1470 2835 1522 sedem
2865 1485 2894 1522 a
2937 1471 3142 1523 dextris
3170 1469 3260 1534 ⁸⁰;

1677 1543 1888 1598 Marcus
1913 1562 2042 1600 vero
2070 1562 2178 1602 non
2210 1548 2403 1619 ipsam,
2424 1555 2520 1609 sed
2563 1555 2704 1610 lilios
2734 1556 2785 1610 id
2805 1559 3109 1626 postulasse
3136 1574 3262 1612 nar-

1681 1635 1820 1688 ravit
1841 1633 1884 1668 ⁸¹
1914 1638 1938 1691 ?

2355 1735 2580 1791 Salutio.

1612 1805 1654 1860 Β
1752 1815 2034 1878 Matthaeus
2061 1825 2235 1882 fusius
2261 1837 2317 1884 et
2348 1830 2593 1883 exactius
2623 1830 2812 1884 matris
2839 1846 2947 1885 una
2987 1845 3108 1886 cum
3139 1831 3263 1887 ﬁliis

1681 1921 1872 1977 preces
1895 1919 2180 1985 exposuit;
2206 1919 2418 1976 Marcus
2460 1930 2661 1986 autem,
2691 1922 3135 1992 breviloquentia:
3175 1925 3264 1978 ad-

1683 2001 1903 2056 modum
1960 2006 2256 2076 studiosus,
2318 2012 2612 2066 liberorum
2668 2012 2932 2068 duntaxat
2975 2015 3257 2080 meminit;

1681 2087 1828 2154 quod
1851 2105 1959 2144 non
1991 2102 2069 2148 est
2093 2099 2398 2154 contrarius
2424 2115 2625 2154 sermo.
2963 2123 2966 2126 ·

2249 2188 2544 2257 Difficultas
2569 2205 2693 2244 xxv.
2721 2193 2726 2202 ’

1753 2267 1999 2332 Quonam
2036 2287 2195 2343 pacto
2216 2291 2338 2331 cum
2373 2277 2546 2334 Lucas
2577 2281 2896 2349 prodiderit,
2931 2282 3129 2337 dixisse
3156 2283 3259 2337 Do-

1685 2357 1889 2414 minum
1916 2361 2115 2418 Judaais
2139 2383 2152 2418 :
2188 2367 2308 2421 Non
2351 2386 2432 2422 me
2453 2371 2687 2424 videbitis
2719 2374 2909 2426 amodo
2930 2375 3090 2426 donec
3113 2375 3261 2428 dica-

1686 2448 1752 2500 tis
1777 2449 1870 2503 3':
1916 2451 2224 2510 Benedictus
2279 2461 2368 2528 qui
2415 2462 2549 2512 venit
2579 2462 2633 2513 in
2687 2464 2893 2516 nomine
2940 2463 3148 2517 Domini
3190 2465 3258 2530 ⁸³,

1685 2539 1932 2595 eumdem
1961 2558 2084 2597 cum
2116 2545 2314 2601 Judaeis
2344 2559 2752 2605 conversantem
2772 2592 2785 2616 ,
2821 2563 3256 2621 convescentem,

1685 2629 2067 2701 disserentem,
2095 2645 2147 2690 et
2180 2639 2322 2707 apud
2356 2655 2451 2694 eos
2489 2642 2747 2696 miracula
2770 2643 3056 2699 facientem
3089 2645 3259 2714 pluri-

1685 2720 1788 2775 bus
1813 2722 2122 2780 dese-ribat?
2157 2727 2439 2793 Quomodo
2465 2731 2648 2795 etiam,
2685 2732 2879 2787 llerodi
2914 2736 3073 2802 jussit
3107 2737 3260 2790 Pha-

1686 2813 1874 2869 risaaos
1901 2819 2244 2874 renuntiare:
2284 2822 2416 2876 Ecce
2440 2838 2538 2893 ego
2555 2824 2707 2892 ejicio
2742 2827 3024 2893 dmmonia,
3051 2839 3100 2883 et
3118 2833 3264 2885 sani-

1688 2912 1821 2958 tates
1848 2908 2057 2976 perﬁcio
2080 2911 2230 2964 hodie
2247 2922 2293 2966 et
2317 2930 2452 2977 cras,
2479 2923 2526 2967 et
2559 2918 2710 2969 tertia
2733 2917 2816 2970 die
2841 2935 3171 2974 consummor
3191 2925 3258 2978 ⁸⁵.

1688 2994 1815 3052 Post
1863 3001 2060 3056 multos
2107 3003 2253 3057 enim
2298 3006 2434 3070 dies,
2465 3007 2643 3061 crucis
2705 3009 3027 3077 supplicium
3071 3029 3264 3083 passus

1687 3100 1787 3146 est.

2356 3189 2582 3248 Salutio.

1756 3275 1880 3332 H330
1900 3278 2184 3335 difﬁcultas
2202 3281 2355 3336 istam
2398 3284 2557 3339 habet
2590 3285 2951 3351 solutionem;
2994 3303 3118 3342 cum
3155 3289 3261 3343 Do-

1685 3365 1866 3418 minus
1890 3366 2110 3435 degeret
2134 3368 2189 3422 in
2215 3369 2448 3434 Galilaea,
2486 3387 2604 3440 quae
2633 3370 3105 3443 Herodisimperio
3135 3378 3262 3430 sub—

1681 3457 1824 3525 jeota
1858 3467 1990 3524 erat,
2028 3460 2210 3528 ibique
2255 3462 2513 3516 miracula
2567 3465 2770 3526 ederet,
2806 3465 3059 3520 Pharisaei
3118 3468 3262 3522 illius

1685 3546 1939 3617 regionis.
1969 3549 2058 3617 qui
2090 3565 2213 3603 eum
2264 3566 2372 3620 pra:
2411 3552 2610 3605 invidia
2661 3553 2763 3607 sibi
2805 3556 3102 3610 cernebant
3139 3573 3262 3614 esse

1683 3640 1972 3694 molestum
2004 3641 2075 3696 ob
2104 3643 2343 3712 prodigia
2377 3653 2432 3697 et
2458 3644 2778 3708 doctrinam,
2821 3646 3262 3718 festiuabautque

1685 3731 1838 3785 illum
1879 3732 1931 3785 in
1967 3731 2209 3788 Judazam
2246 3734 2510 3805 ablegare,
2546 3736 2798 3790 dixerunt
2823 3737 2869 3791 ei
2899 3755 2912 3791 :
2961 3737 3066 3791 Exi
3118 3740 3256 3806 hinc,

1685 3823 1936 3890 quoniam
1963 3823 2191 3877 Herodes
2211 3825 2318 3878 vult
2352 3835 2400 3878 te
2429 3826 2718 3894 interﬁcere
2744 3827 2807 3882 ⁸⁸.
2834 3828 3045 3894 Quibus
3078 3829 3260 3886 Domi-

1683 3926 1808 3978 nus,
1835 3912 1926 3981 qui
1973 3913 2295 3984 intelligeret
2319 3931 2425 3983 quo
2483 3917 2663 3970 animo
2699 3917 2750 3971 id
2786 3919 2834 3971 ei
2883 3919 3147 3986 dicerent,
3172 3937 3259 3974 re-

1684 4003 1940 4071 spondit;
1971 4003 2069 4068 Ite,
2103 4014 2151 4057 et
2176 4006 2330 4059 dicite
2351 4006 2494 4075 vulpi
2523 4007 2623 4072 illi,
2655 4007 2852 4063 Herodi
2881 4010 3105 4073 scilicet,
3140 4019 3259 4066 tan-

1679 4106 1847 4162 quam
1877 4093 2259 4162 fraudulento;
2284 4105 2338 4149 et
2384 4112 2502 4164 quae
2529 4106 2846 4166 sequuntur.
2906 4097 3044 4155 lllud
3074 4101 3256 4172 igitur,

1685 4181 1859 4252 Ejicio
1915 4186 2195 4251 daemonia,
2229 4194 2279 4239 et
2308 4187 2563 4241 sanitates
2591 4189 2803 4258 perﬁcio
2829 4191 2980 4244 hodie
3008 4201 3056 4244 et
3117 4209 3254 4252 cras.

1683 4274 1820 4329 duos
1847 4273 1967 4330 illos
1990 4275 2106 4330 dies
2134 4276 2355 4342 indicat,
2389 4277 2586 4346 quibus
2615 4278 2722 4333 illic
2754 4295 3116 4344 commorans,
3151 4284 3254 4335 mi-

1683 4368 1866 4420 racula
1894 4367 2095 4434 edidit;
2124 4377 2246 4437 post
2277 4384 2412 4438 quos
2441 4369 2606 4438 carpit
2634 4369 2738 4423 iter
2775 4387 2966 4426 versus
3003 4372 3256 4427 Hieroso-

34 4467 104 4534 ἧς
137 4464 236 4516 ἐπὶ
269 4463 337 4516 τὰ
380 4461 730 4533 Ἱεροσόλυμα
762 4459 964 4532 ἤρξατο
1005 4459 1264 4528 πορείας,
1298 4460 1364 4529 τῇ
1399 4459 1580 4529 ἡμέρᾳ

1751 4473 1846 4524 ma,
1876 4459 1963 4513 die
1989 4459 2247 4513 nimirum
2277 4460 2459 4524 tertio,
2488 4461 2546 4513 in
2573 4475 2681 4530 quo
2706 4469 2763 4516 et
2795 4476 2853 4516 se
2886 4463 3254 4519 consummari

31 4555 259 4625 ηλονότι
286 4558 357 4623 τῇ
387 4555 547 4625 τρίτῃ
573 4594 588 4617 ,
629 4548 747 4625 ὲνῇ
780 4555 878 4606 καὶ
912 4550 1252 4605 τελειοῦσθαί
1287 4567 1472 4621 φησιν,
1510 4550 1587 4612 ὼς

32 4663 62 4696 ν
98 4645 244 4713 αὐτῇ
273 4645 658 4712 ἀπαρχόμενος
689 4646 787 4712 τῆς
811 4643 933 4695 ὁδοῦ
958 4643 1062 4711 τῆς
1083 4641 1146 4693 τὸ
1176 4643 1283 4694 πᾶν
1306 4641 1393 4694 διὰ
1422 4658 1586 4694 σταυ-

32 4731 102 4784 ιοῦ
145 4733 205 4782 ὲν
247 4729 644 4801 Ἰεροσολύμοις
672 4730 986 4799 τελειούσης
1019 4732 1342 4803 μυστήριον.
1391 4730 1466 4783 Τὸ
1507 4729 1584 4796 δὲ,

31 4825 91 4877 ὶὺ
128 4823 217 4892 μή
251 4840 326 4891 με
358 4823 523 4890 ἴδητε
552 4822 788 4890 ἁπάρτι,
827 4823 963 4894 πρὸς
997 4825 1125 4885 τοὺς
1167 4826 1459 4894 οἰκήτορας
1492 4824 1587 4876 Ἱεο

31 4915 298 4987 νουσαλὴμ
323 4910 393 4984 ἦν
433 4917 745 4986 εἰρημένον,
781 4916 846 4986 ἣν
881 4916 938 4966 ἐν
970 4917 1082 4977 τοῖς
1115 4914 1355 4984 πρώτοις
1386 4915 1582 4967 ἐταλά-

37 5024 157 5060 ισεν
178 5007 437 5077 εἰρηκώς·
474 5005 880 5075 Ἰερουσαλὴμ,
924 5005 1343 5074 Ἰερουσαλὴμ,
1369 5007 1407 5073 ἡ
1437 5005 1584 5060 ἀπο-

31 5100 332 5153 ττείνουσα
361 5101 504 5165 τοὺς
537 5099 868 5167 προφήτας,
893 5100 989 5151 καὶ
1015 5099 1418 5152 λιθοϐολοῦσα
1445 5097 1583 5162 τοὺς

31 5189 512 5258 ὶπεσταλμένους
563 5190 711 5259 πρὸς
763 5188 1063 5259 αὐτήνίῆ
1114 5207 1198 5251 τις
1247 5189 1434 5241 ἔκτοτε
1485 5189 1583 5258 οὐχ

39 5281 226 5352 ώρακε
253 5281 345 5332 τὸν
372 5281 597 5349 Κύριον,
626 5281 785 5352 ἄχρις
812 5281 906 5332 ἐπὶ
937 5281 1117 5333 πώλου
1145 5279 1456 5350 καθήμενον
1490 5281 1584 5331 καὶ

31 5372 351 5442 υμνούμενον
385 5372 548 5424 αὐτὸν
597 5374 700 5425 ὑπὸ
747 5374 843 5427 τοῦ
893 5374 1051 5443 ὄχλου
1101 5374 1194 5424 καὶ
1229 5372 1339 5425 τῶν
1372 5371 1579 5424 παίδων

39 5465 322 5519 θεάσαντο.
362 5464 598 5517 Δυνατὸν
628 5456 684 5518 δὲ
725 5467 786 5518 τὸ
814 5467 1032 5535 ἀπάρτι
1069 5465 1330 5536 νοηθῆναι
1369 5465 1462 5516 καὶ
1488 5465 1578 5516 ἐπὶ

78 5645 121 5675 ⁷⁹
143 5645 259 5697 Aet.
279 5660 330 5707 ν,
360 5643 448 5698 57.
526 5643 571 5674 ⁸ο
593 5641 781 5696 Matth.
804 5660 897 5706 xx,
927 5645 1017 5697 21.
1096 5643 1140 5676 ⁶¹
1176 5645 1340 5698 Marc.
1359 5663 1413 5707 x,
1437 5647 1526 5699 ⁸57.

1751 5661 1798 5700 c.
1826 5661 1942 5707 xm,
1971 5643 2062 5700 55.
2138 5645 2185 5676 ⁸⁸
2215 5641 2401 5700 Matth.
2432 5659 2586 5712 χχιιι,
2612 5641 2701 5700 '59.

32 5713 52 5745 ⁵
84 5714 212 5768 ibid.
243 5715 330 5770 51.
408 5714 454 5746 ⁸⁸
493 5712 624 5767 ibid.
668 5713 757 5766 54.
835 5715 877 5744 ⁸⁷
916 5713 1050 5769 Luc.
1084 5731 1195 5780 xix,
1231 5715 1418 5768 Matth.
1452 5732 1562 5770 χχι.

1685 4547 1914 4603 aliinnat
1934 4550 2081 4619 quod
2105 4566 2176 4606 eo
2197 4551 2286 4605 die
2307 4551 2411 4606 iter
2433 4552 2712 4606 inchoaret
2749 4555 2891 4622 quod
2923 4570 3083 4608 omne
3141 4572 3258 4626 my-

1685 4641 1908 4694 sterium
1948 4643 2328 4714 Hierosolymis
2353 4660 2450 4713 per
2482 4660 2698 4699 crucem
2751 4656 3256 4700 consummaturum

1684 4740 1822 4785 erat.
1855 4731 1993 4786 illud
2024 4748 2174 4800 vero,
2213 4734 2335 4787 Non
2366 4751 2446 4788 me
2475 4737 2712 4789 videbitis
2741 4738 2950 4800 amodo,
2982 4737 3048 4789 ad
3069 4735 3258 4789 Hiero-

1683 4823 1901 4892 solyma:
1928 4823 2133 4877 incolas
2174 4823 2377 4877 dictum
2435 4825 2558 4886 luit,
2583 4839 2743 4891 quam
2792 4834 2950 4878 antea
3003 4825 3257 4880 miseram

1683 4915 2016 4983 pradicavit,
2045 4916 2132 4969 his
2182 4915 2396 4968 verbis:
2423 4913 2735 4976 Jerusalem,
2791 4912 3115 4980 Jerusalem,
3145 4933 3261 4985 quae

1684 5004 1874 5057 occidis
1899 4991 2176 5072 prophetas
2195 5012 2246 5055 et
2274 5003 2484 5071 lapidas
2503 5019 2585 5056 eos
2611 5004 2700 5072 qui
2731 5004 3006 5055 mittuntur
3029 5006 3098 5057 ad
3119 5017 3169 5058 te
3190 5005 3257 5058 ⁸³.

1685 5093 1816 5161 Quae
1877 5097 1947 5149 ab
1977 5097 2068 5150 illo
2103 5103 2344 5164 tempore
2383 5110 2494 5147 non
2541 5095 2673 5148 vidit
2719 5093 3027 5158 Dominum,
3086 5095 3259 5151 donec

1685 5203 1810 5242 cum
1844 5190 1992 5258 pullo
2025 5189 2349 5243 insidentem
2384 5196 2439 5241 et
2467 5203 2494 5240 a
2524 5188 2678 5256 plebe
2712 5184 3000 5255 puerisque
3042 5185 3260 5255 hymnis

1686 5280 2019 5334 celebratum
2046 5287 2356 5349 spectarunt
2387 5279 2453 5330 ⁸⁷.
2482 5277 2667 5331 Potest
2713 5292 2926 5346 quoque
2957 5282 3145 5331 amodo
3169 5277 3258 5329 in-

1688 5373 1850 5443 telligi
1883 5374 1949 5427 de
1980 5374 2126 5428 omni
2161 5382 2422 5440 tempore,
2467 5387 2634 5439 usque
2660 5371 2724 5424 ad
2751 5370 2896 5440 quod
2922 5371 3256 5427 Dominicam

1685 5463 2029 5531 passionem;
2060 5478 2233 5532 usque
2265 5462 2328 5516 ad
2369 5461 2511 5530 quod
2541 5461 2828 5514 Dominum
2854 5460 3031 5514 intuiti
3061 5460 3253 5526 Judaei,

2774 5642 2818 5677 ⁸⁸
2852 5641 2985 5700 Luc.
3013 5660 3130 5708 xm,
3163 5645 3255 5701 5‘2.
