3764 6320
0 209 142 279 ,417
1385 199 1602 277 QII/ES

1777 203 1899 266 ΓΕΒ.
3134 210 3264 275 μιν

0 329 152 383 ιατὰ
215 328 277 381 τὸ
316 326 421 379 ὑπὸ
470 321 565 379 τοῦ
594 322 875 395 προφήτου
937 320 1144 392 λεχθὲν,
1200 319 1590 391 ἐπιϐεϐηκέναι

1777 321 2006 376 :cndissc
2031 337 2195 393 super
2233 323 2438 379 asinam
2483 334 2537 380 et
2581 326 2791 396 pullum
2834 326 2971 382 dixit
2996 326 3085 389 ";
3144 330 3270 396 quia

0 421 92 474 μπὶ
132 420 269 474 ὄνον
298 420 392 472 καὶ
422 416 598 470 πῶλον
623 413 775 469 εἶπεν
797 431 812 446 '
840 415 924 467 ὅτι
952 413 1038 466 διὰ
1070 411 1166 466 τοῦ
1194 410 1376 465 πώλου
1404 409 1498 483 καλ.
1527 413 1593 479 τῇ

1777 428 1797 465 r
1832 413 2038 484 pullum
2078 413 2244 468 etiam
2275 414 2443 469 asina;
2471 416 2760 483 insidebat,
2796 416 3052 488 sequenti
3084 428 3140 473 et
3168 418 3269 473 ad-

0 512 108 580 ἱνῳ
141 510 411 579 ἐκάθητο,
444 507 688 577 ἑπομένῃ
733 507 826 559 καὶ
866 502 1209 575 συνεργούσῃ
1244 501 1324 574 τῷ
1345 501 1442 556 τοῦ
1485 504 1597 555 Κυ-

1777 502 1906 556 ranti
1936 502 2149 557 Domini
2176 512 2478 558 vecturam.
2508 504 2664 571 Quod
2684 508 2731 561 si
2754 507 2878 578 quis
2910 508 3268 566 dubitaverit.

0 602 123 654 siou
158 602 430 671 ὀχήματι.
467 599 529 652 Εἰ
580 598 637 651 δέ
665 615 748 661 τις
773 596 1023 667 ἀποροίη,
1080 597 1223 657 τίνος
1254 593 1418 664 χάριν
1446 593 1599 647 Mat-

1777 608 1868 648 are
1898 593 2183 649 Matthaeus
2212 595 2355 650 dicat
2393 596 2714 666 prophetam
2750 600 3052 656 declarasse
3084 601 3272 655 Domi-

0 694 166 753 ιαῖος
193 693 297 762 μὲν
319 693 409 742 τὸν
445 688 731 759 προφήτην
753 685 1011 740 ἐκθέσθαι
1042 685 1206 755 φησιν
1237 684 1328 735 ἐπὶ
1358 682 1478 735 ὄνον
1504 682 1599 735 καὶ

1781 702 1832 739 m
1867 688 2073 742 sedisse
2112 703 2277 758 super
2315 687 2522 741 asinam
2554 697 2610 743 et
2636 690 2841 757 pullum
2864 692 2950 758 ⁹³;
2985 693 3153 748 editio
3184 709 3276 748 au-

0 783 199 835 αῶλον
238 780 460 836 καθίσαι
489 784 579 836 τδν
611 781 835 852 Κύριον·
867 779 978 851 ήὸἐ
998 779 1106 833 τῶν
1134 782 1190 833 0'
1225 782 1476 842 Ἔκδοσις
1507 774 1600 829 ἐπὶ

1777 796 1812 833 n
1828 772 1973 831 LXX
1991 794 2155 848 super
2174 774 2380 848 pullum
2396 773 2563 833 asinae
2591 780 2798 835 sedisse
2828 781 3105 838 contineat
3129 802 3144 851 ;
3172 784 3273 838 hoc

0 875 200 928 πῶλον
222 874 346 928 ὄνου
381 874 603 927 καθίσαι
653 871 897 942 περιέχει
923 886 938 901 ⁸
965 870 1123 923 τοῦτο
1152 866 1491 940 μανθανέτω,
1524 862 1601 930 ὠς

1777 878 1893 933 ;cat,
1918 868 2194 938 apostolos
2218 869 2479 924 llcbraica
2500 866 2681 940 lingua
2702 884 2854 931 usos,
2872 882 3055 939 utpote
3073 873 3274 929 Graecae

0 966 61 1035 τῇ
114 964 399 1036 Ἐϐραῖκῇ
457 961 671 1035 γλώττῃ
703 960 1034 1032 κεχρημένοι
1083 958 1133 1012 οἱ
1163 957 1473 1022 ἀπόστολοι,
1501 957 1599 1011 an

1777 960 2029 1027 rquentize
2060 956 2297 1030 ignaros,
2330 970 2494 1028 atque
2529 974 2594 1014 ex
2626 956 2769 1011 LXX
2802 956 3062 1025 editione,
3080 977 3273 1031 quem-

0 1057 106 1126 τῆς
147 1054 489 1124 Ἑλληνικῆς
518 1052 849 1123 εὐγλωττίας
878 1052 1117 1122 ἄπειροι,
1144 1051 1239 1105 καὶ
1270 1050 1370 1121 τῆς
1396 1050 1507 1103 τῶν
1541 1052 1597 1101 0'

1777 1051 1994 1105 modum
2038 1048 2091 1105 in
2126 1064 2315 1104 eorum
2352 1050 2502 1104 libris
2542 1049 2820 1119 antiquius
2863 1050 3100 1104 exaratis
3133 1051 3276 1106 fere-

0 1147 317 1210 ἑκδόσεως,
371 1145 564 1208 ὥσπερ
610 1147 730 1208 ταῖς
758 1144 937 1197 αὐτῶν
992 1144 1198 1213 βίϐλοις
1230 1138 1602 1212 ἀρχαιοτέρως

0 1236 362 1299 ἑκτεθείσαις
391 1235 695 1305 ἐνεφέρετο,
732 1230 874 1288 οὕτω
898 1235 995 1297 τὰς
1025 1233 1367 1306 προφητικάς
1393 1250 1601 1303 μαρτυ-

0 1326 142 1398 ρίας
172 1325 454 1392 ἐξέθεντο·
482 1326 575 1379 τοῦ
594 1322 913 1395 Πνεύματος
936 1325 1093 1377 τοῦτο
1124 1325 1600 1394 οἰκονομήσαντος,

0 1421 97 1472 ἵνα.
138 1419 224 1489 μὴ
252 1417 328 1479 ὼς
357 1420 423 1470 ἐκ
458 1417 798 1487 συνθήματος
851 1416 1065 1485 φανῶσι
1115 1416 1497 1481 συντάξαντες.
1544 1416 1603 1467 '0

0 1512 217 1582 μέντοι
251 1509 429 1573 πῶλος
461 1511 529 1563 τὰ
585 1510 731 1577 ἔθνη,
785 1512 818 1581 ή
883 1510 939 1563 δὲ
972 1511 1164 1563 τούτου
1220 1510 1436 1581 μήτηρ,
1474 1509 1603 1571 τοὺς

14 1599 338 1664 Ἰουδαίους
364 1601 680 1655 αἰνίττεται.

682 1695 944 1762 Ἀποριά.

98 1791 364 1848 ’Δνθότου
393 1789 672 1853 Ματθαῖος
708 1789 805 1859 μέν
834 1788 1149 1860 αὐθημερον
1175 1790 1271 1860 τὴν
1306 1791 1477 1859 συκῆν
1510 1788 1600 1858 ξη-

2 1880 299 1953 ρανθῆναι
329 1879 633 1949 ίστόρησεν,
685 1877 911 1947 Μάρκος
944 1877 1001 1930 δέ
1046 1880 1113 1948 τῇ
1147 1876 1374 1948 αὕριον;
1416 1875 1606 1929 Ὠσαύ-

0 1989 125 2034 τως
164 1971 229 2024 δὲ
266 1971 361 2023 καὶ
405 1971 533 2031 τοὺς
586 1969 897 2033 πωλοῦντας
931 1971 1023 2022 καὶ
1052 1968 1423 2040 ἀγοράζοντας
1448 1970 1506 2020 ἐν
1528 1967 1606 2037 τῷ

6 2061 181 2133 ἱερῷ,
214 2062 245 2113 6
279 2061 376 2131 μὲν
404 2056 515 2134 ἐν
539 2062 720 2131 ἡμέρᾳ
750 2061 826 2131 τῷ
856 2061 1019 2132 πώλῳ
1051 2059 1320 2130 ἐκαθέσθη
1345 2060 1373 2112 ὁ
1402 2059 1606 2129 Κύριος

4 2152 294 2209 εἰσελθὼν
341 2155 421 2217 είς
451 2154 551 2223 τὴν
581 2155 756 2217 πόλιν,
786 2153 1116 2223 ἐκϐληθῆναι
1151 2154 1243 2206 ὑπ’
1271 2153 1435 2206 αὑτοῦ
1462 2155 1607 2206 ἱστο-

10 2246 149 2314 ρεῖ·
189 2246 221 2296 6
248 2241 306 2295 δέ
331 2243 388 2295 ἐν
429 2245 495 2313 τῇ
527 2242 811 2313 ὑστεραίᾳ.
852 2243 964 2295 Καὶ
1010 2243 1153 2305 τίνος
1179 2242 1342 2312 χάριν
1396 2242 1607 2314 καρπὸν

8 2333 85 2386 ἐκ
118 2331 229 2401 τῆς
254 2332 421 2399 συκῆς
442 2332 500 2383 ἐν
522 2332 582 2384 ού
609 2330 789 2401 καιρῷ
823 2331 1005 2401 ἐζήτει
1029 2349 1044 2364 σ
1076 2333 1110 2403 ἢ
1141 2331 1260 2396 πῶς
1285 2333 1606 2402 ἀγανακτή-

13 2436 148 2484 σας,
176 2420 264 2472 ὅτι
296 2418 372 2491 μή
395 2414 541 2489 εὗρε,
568 2419 773 2489 ταύτην
806 2419 1071 2490 ἐξήρανεν
1094 2437 1110 2487 ;

698 2512 908 2576 Λύσις.

105 2600 413 2671 Ἐκάτερος
461 2600 536 2663 ὡς
590 2602 645 2653 ἐν
678 2601 848 2654 ἅπασι
878 2602 973 2655 καὶ
1018 2603 1073 2654 ἐν
1104 2601 1278 2674 τούτῳ
1315 2602 1608 2673 ἠλήθευσε.

1705 1143 1903 1208 batur,
1959 1138 2036 1195 sic
2066 1141 2384 1211 prophetica
2420 1138 2728 1195 testimonia
2785 1141 3019 1203 citassc;
3067 1139 3277 1211 Spiritu

1705 1235 1779 1289 ita
1817 1235 2187 1304 dispensante,
2213 1249 2282 1288 ne
2308 1242 2565 1305 tanquam
2589 1250 2654 1289 ex
2681 1234 2932 1290 condicto
2961 1234 3280 1290 viderentur

1704 1327 2073 1383 conscribere.
2110 1325 2381 1381 Caeterum
2417 1328 2597 1397 pullus
2621 1369 2636 1394 ,
2670 1337 2891 1399 gentes;
2945 1336 3122 1383 mater
3144 1344 3276 1383 vero

1705 1420 1869 1491 illius,
1892 1421 2108 1477 Judaos
2137 1420 2400 1491 designat.

1638 1657 1679 1711 Β
2277 1682 2565 1758 ὒὶπὶοιιίιαδ
2594 1702 2737 1743 xxtx.

1775 1780 1879 1835 Pro
1919 1794 2026 1849 qua
2064 1792 2123 1833 re
2161 1779 2447 1834 Matthaeus
2474 1778 2695 1848 quidem
2735 1777 2820 1832 tlci
2859 1776 3111 1833 arborem
3162 1784 3275 1835 sta-

1709 1873 1804 1926 tim
1836 1871 2027 1926 eodem
2057 1870 2143 1924 die
2170 1870 2463 1924 arefactam
2490 1861 2536 1902 "
2568 1868 2755 1934 refert,
2802 1868 3013 1923 Marcus
3035 1884 3167 1923 vero
3189 1869 3277 1923 die

1707 1964 2003 2035 sequenti?
2030 1960 2401 2017 Consimiliter
2430 1968 2485 2015 et
2516 1959 2814 2015 vendentes
2834 1970 3186 2029 emcnlesque
3224 1961 3279 2012 in

1709 2058 1913 2127 templo
1941 2057 2011 2121 ",
2043 2055 2131 2110 ille
2173 2055 2393 2124 quidem
2427 2053 2514 2108 die
2547 2068 2653 2123 qua
2684 2052 2831 2123 pullo
2858 2052 3056 2107 insedit
3095 2051 3280 2106 Domi-

1706 2164 1812 2203 nus
1871 2148 1926 2202 in
1975 2149 2163 2203 urbem
2206 2146 2518 2218 ingrediens
2541 2147 2608 2211 ⁸⁸,
2642 2152 2830 2199 narrat
2872 2144 2941 2199 ab
2994 2159 3059 2198 eo
3112 2136 3281 2199 fuisse

1708 2243 1945 2312 eiectos;
1975 2240 2191 2295 Marcus
2235 2255 2368 2295 vero
2402 2240 2658 2310 postridie
2688 2239 2754 2294 π.
2795 2237 2863 2292 Ει
2903 2253 3000 2292 cur
3046 2236 3280 2292 fructum

1666 2364 1669 2365 ν
1707 2340 1859 2386 extra
1896 2340 2112 2400 tempus
2138 2344 2169 2383 a
2201 2329 2433 2384 ﬁculnea
2458 2330 2810 2399 requirebat;
2852 2337 2946 2382 aut
2986 2342 3094 2397 quo
3123 2334 3282 2397 pacto

1708 2422 1854 2493 quod
1882 2437 1993 2476 non
2021 2421 2314 2477 invenisset
2346 2421 2676 2497 indignatus,
2705 2419 2930 2475 arel‘ecit
2951 2423 3117 2499 eam?

2382 2510 2604 2566 Salutio.

1771 2605 2034 2675 Uterque,
2067 2602 2209 2659 sicut
2237 2604 2293 2659 in
2326 2604 2603 2669 omnibus,
2642 2604 2716 2659 ita
2748 2604 2877 2660 etin
2907 2605 3010 2660 hoc
3044 2621 3170 2661 vere
3199 2604 3281 2662 lo-

18 2697 270 2765 Πρωίας
298 2697 427 2767 γάρ,
459 2695 639 2759 καθώς
670 2713 832 2765 φησιν
861 2698 889 2750 ὀ
933 2696 1346 2770 εύαγγελιστὴς,
1386 2698 1603 2754 ἐπανά-

1777 2706 1871 2753 tus
1895 2705 1997 2752 est.
2027 2694 2190 2750 Mane
2220 2696 2365 2750 enim
2386 2733 2401 2759 ,
2462 2704 2524 2750 ut
2579 2695 2654 2750 ait
2687 2696 3026 2769 Evangelista
3048 2741 3062 2764 ,
3104 2716 3282 2754 rever-

15 2800 153 2853 ιγων
176 2784 278 2837 ἐπὶ
309 2785 422 2852 τὴν
441 2787 622 2838 πόλιν
650 2785 678 2836 6
694 2786 918 2855 Κύριος,
945 2786 1229 2843 ἐπείνασε
1248 2805 1261 2818 ·
1298 2787 1398 2842 καί
1418 2787 1603 2843 ἐλθὼν

1777 2806 1823 2844 ιε
1854 2790 1912 2842 in
1940 2790 2206 2843 civitatem
2252 2787 2549 2852 Dominus,
2597 2790 2813 2853 esuriit,
2858 2800 2908 2843 et
2961 2792 3167 2845 veniens
3210 2792 3283 2846 ad

18 2878 124 2933 ἐπὶ
151 2878 273 2945 τὴν
299 2876 523 2944 συκῆν,
584 2880 696 2946 οὺχ
725 2873 902 2945 εὗρεν
934 2880 985 2932 εί
1003 2879 1088 2948 μὴ
1135 2882 1341 2948 φύλλα
1399 2881 1610 2951 μόνον.

1712 2880 1904 2951 ﬁcum,
1961 2896 2062 2934 non
2109 2880 2305 2934 invenit
2352 2879 2453 2932 nisi
2481 2878 2611 2949 folia
2656 2888 2860 2933 tantum
2881 2880 2949 2933 “.
2985 2879 3120 2933 Cum
3155 2896 3283 2951 ergo

24 2966 288 3041 Εἰρηκὼς
312 2965 402 3021 οὖν
423 2984 437 2999 ’
466 2967 690 3034 Μηκέτι
717 2968 785 3021 ἐκ
820 2965 931 3021 σοῦ
958 2969 1185 3036 καρπός
1214 2970 1473 3040 γένηται,
1509 2988 1603 3027 πα-

1777 2974 1958 3038 xisset,
1991 2972 2278 3043 Nunquam
2304 2988 2368 3025 ea:
2395 2981 2444 3025 te
2474 2972 2677 3039 [ructus
2710 2981 2997 3035 nascatur;
3020 2974 3284 3026 continuo

27 3061 304 3134 ραχρῆμα
325 3061 531 3130 ταύτην
581 3059 832 3133 ἐξήρανε.
866 3062 965 3115 Διά
996 3061 1052 3114 δέ
1085 3061 1146 3115 τὸ
1177 3062 1409 3133 μέγεθος
1430 3064 1525 3117 καὶ
1550 3063 1611 3116 τὸ

26 3153 186 3221 ξένον
220 3152 314 3205 τοῦ
345 3152 640 3222 θαύματος,
685 3154 751 3223 τῇ
797 3151 1062 3217 ἐπαύριον
1093 3155 1141 3205 οἱ
1202 3153 1445 3225 μαθηταὶ
1476 3155 1611 3208 ταύ-

26 3260 133 3314 την
159 3243 651 3305 κατοπτεύσαντες,
686 3242 770 3311 ἐφ’
808 3235 852 3309 ᾧ
878 3242 1406 3312 πολυπραγμονῆσαι
1435 3245 1484 3296 εἱ
1515 3245 1612 3297 καὶ

28 3335 91 3387 αἱ
118 3334 269 3404 ῥίζαι
288 3332 545 3396 ὡσαύτως
568 3332 643 3401 τῷ
671 3330 909 3401 στελέχει
959 3332 1056 3384 καὶ
1089 3336 1201 3395 τοῖς
1225 3333 1438 3396 κλάδοις
1486 3332 1612 3405 ἐξη-

32 3426 343 3498 ράνθησαν,
373 3422 749 3493 ἐξεπλάγησαν
773 3424 838 3492 τῇ
869 3421 1159 3491 βεϐαιώσει
1181 3422 1273 3474 τοῦ
1312 3423 1609 3493 θαύματος.

44 3517 314 3588 Ἐξήρανε
342 3515 449 3586 γὰρ
477 3513 682 3582 ταύτην
707 3515 735 3565 ὁ
764 3513 987 3582 Κύριος,
1014 3514 1113 3583 τῆς
1163 3514 1295 3577 ἰδίας
1332 3514 1612 3584 δυνάμεως

32 3611 239 3679 πεῖραν
265 3610 376 3668 τοῖς
406 3604 673 3675 μαθηταῖς
699 3608 1137 3674 παρασχόμενος,
1173 3605 1262 3658 διὰ
1292 3606 1351 3659 τὸ
1379 3608 1611 3678 προσδο-

33 3700 291 3769 κώμενον
338 3696 526 3760 πάθος.
593 3696 914 3767 Ἐπειδήπερ
963 3697 1020 3748 ἐν
1076 3699 1195 3759 ταῖς
1246 3698 1589 3769 εὐεργεσίαις

34 3788 394 3860 πολυτρόπως
422 3788 520 3858 τήν
535 3786 762 3857 δύναμιν
787 3786 1129 3852 ἐπεδείξατο·
1158 3790 1256 3857 τῆς
1277 3789 1333 3841 δέ
1363 3806 1609 3861 τιμωρη-

35 3883 198 3951 τικῆς
214 3880 494 3949 δυνάμεως
523 3879 582 3930 ού
614 3879 917 3958 παρέσχετο
946 3881 1172 3949 πεῖραψ
1206 3880 1271 3951 ἢν
1295 3882 1612 3949 ἀναγκαίως

38 3980 97 4027 ἐν
123 3974 205 4044 τῷ
228 3974 419 4041 ἀψύχῳ
450 3971 543 4023 νῦν
601 3970 932 4034 ἐπεδείξατο.
967 3970 1105 4033 Τοὺς
1148 3971 1331 4040 μέντοι
1367 3971 1610 4025 πωλοῦν-

38 4084 139 4128 τας
171 4064 267 4116 καὶ
300 4061 686 4133 ἀγοράζοντας,
720 4063 776 4113 ἐν
805 4064 924 4123 ταῖς
952 4059 1046 4113 δύο
1073 4060 1323 4125 ἐξέϐαλεν
1352 4061 1608 4131 ήμέραις,

37 4162 109 4229 τῇ
134 4174 194 4209 τε
219 4155 407 4226 πρώτῃ
438 4156 530 4208 καὶ
552 4155 616 4223 τῇ
654 4152 792 4222 μετά
823 4152 943 4222 τὴν,
975 4151 1069 4204 ἆτε
1113 4151 1191 4219 τῷ
1232 4155 1330 4223 τῆς
1359 4154 1611 4224 φιλοκερ-

38 4248 161 4312 δίας
186 4248 281 4301 καὶ⁵
307 4245 611 4316 καπηλείας
641 4243 871 4307 ἀναιδῶς
902 4243 1256 4314 ἐγκειμένους
1290 4246 1575 4315 νοσήματι.

726 4335 989 4402 ’Λπορία.

112 4436 236 4498 Πῶς
263 4431 539 4491 Ματθαῖος
567 4428 660 4480 καὶ
684 4416 916 4495 Μάρκος
940 4427 1029 4479 τὸν
1075 4428 1460 4500 οἰκοδεσπότην
1510 4448 1611 4499 φη.-

49 4526 136 4583 σὶν
166 4525 299 4597 (21),
320 4524 376 4585 6;
404 4522 496 4576 τὸν
523 4521 819 4592 ἀμπελῶνα
847 4518 1108 4587 ἐφύτευσε
1132 4559 1147 4585 ,
1198 4519 1423 4583 πολλοὺς
1474 4521 1611 4574 ἀπο-

118 4684 164 4716 ”
189 4679 353 4735 Zach.
388 4694 463 4743 ix,
489 4678 542 4733 9.
616 4675 662 4710 ”
685 4675 872 4730 Matth.
906 4690 1019 4738 ut,
1049 4672 1134 4730 l9.
1210 4673 1257 4706 ”
1279 4674 1410 4730 ibid.
1435 4674 1489 4732 5.
1563 4678 1607 4710 "
1635 4675 1797 4732 Marc.
1849 4693 1924 4742 xt,
1958 4677 2052 4731 ΞΟ.
2129 4672 2174 4708 ³⁸
2210 4673 2399 4728 Matth.
2443 4690 2534 4727 xxI
2562 4712 2577 4735 ,
2610 4673 2693 4730 12.

49 4754 94 4785 ⁹⁸
126 4753 306 4808 Matth.
354 4767 462 4814 rm,
502 4748 588 4802 18.

1714 3062 1860 3116 illam
1884 3060 2131 3117 arel‘ecit.
2155 3060 2382 3130 Propter
2414 3060 2843 3131 magnitudinem
2875 3069 3055 3117 autem
3085 3071 3141 3117 et
3180 3078 3284 3116 no-

1713 3154 1935 3209 vitatem
1961 3152 2231 3215 miraculi,
2263 3153 2502 3208 crastino
2529 3154 2616 3208 die
2648 3152 2897 3223 discipuli
2945 3170 3065 3211 eam
3109 3158 3285 3211 oculis

1712 3246 2028 3311 lustrantes,
2062 3252 2123 3299 ut
2152 3244 2441 3314 diligenter
2465 3244 2811 3314 explorarent
2833 3284 2848 3310 ,
2899 3261 3030 3299 num
3076 3248 3285 3302 radices

1714 3338 1918 3406 pariter
1947 3352 2071 3392 cum
2097 3345 2290 3391 trunco
2318 3344 2372 3390 et
2398 3338 2563 3391 ramis
2583 3337 2749 3392 aridae
2773 3345 2979 3403 essent,
3020 3339 3283 3409 obstupe-

1712 3427 1838 3482 l‘acti
1895 3435 2023 3481 sunt
2076 3427 2155 3480 rei
2208 3428 2359 3481 mirae
2407 3426 2838 3483 conﬁrmatione.
2878 3428 3053 3496 Ipsam
3084 3430 3284 3500 quippe

1712 3520 1937 3576 arefeeit
1963 3519 2246 3585 Dominus,
2277 3527 2338 3574 ut
2374 3536 2484 3575 sua:
2517 3521 2775 3589 potentiae
2804 3521 3081 3590 specimen
3114 3523 3282 3578 disci-

1715 3613 1858 3684 pulis
1886 3613 2171 3667 exhiberet
2196 3654 2211 3678 ,
2252 3622 2476 3683 prapter
2531 3613 2905 3669 imminentem
2944 3614 3281 3684 passionem.

1711 3705 2158 3775 Quandoquidem
2193 3704 2247 3760 in
2276 3706 2558 3761 beneﬁciis
2599 3706 2775 3761 modis
2805 3706 2967 3761 variis
2992 3707 3101 3762 vim
3129 3723 3280 3762 suam

1713 3806 2059 3863 exseruerat;
2089 3805 2145 3851 at
2170 3797 2379 3852 ultricis
2411 3797 2625 3853 virtutis
2650 3797 2958 3866 exemplum
2981 3813 3087 3852 non
3117 3798 3280 3853 dede-

1712 3897 1795 3942 rat
1818 3904 1834 3952 ;
1883 3904 2047 3956 quam
2073 3886 2387 3941 necessario
2422 3886 2475 3940 in
2509 3902 2566 3941 re
2594 3886 2830 3940 inanima
2853 3902 3001 3942 nunc
3021 3888 3281 3942 ostendit.

1712 3978 2022 4034 Vendentes
2044 3993 2207 4048 porro
2232 3986 2289 4034 et
2312 3986 2577 4042 ementes,
2601 3979 2812 4033 duobus
2833 3978 3030 4033 diebus
3057 3979 3281 4048 expulit,

1712 4074 1889 4145 primo
1914 4081 1969 4126 et
1993 4072 2252 4136 secundo,
2276 4080 2336 4126 ut
2361 4071 2602 4127 avaritiae
2631 4079 2685 4126 et
2713 4072 3129 4142 cauponatiouis
3156 4073 3282 4127 abs-

1712 4180 1816 4233 que
1847 4164 2055 4234 pudore
2083 4162 2273 4218 morbo
2299 4161 2545 4216 allectos.

2287 4339 2576 4410 Difﬁcultas
2600 4355 2723 4395 xxx.
2748 4386 2767 4391 _

1787 4430 1924 4497 Quid
1942 4432 2036 4496 ita,
2067 4424 2211 4501 quod
2238 4430 2519 4486 Matthzeus
2546 4439 2601 4485 et
2632 4430 2845 4487 Marcus
2865 4431 3018 4487 aiunt
3046 4441 3284 4502 patrem-

1720 4521 1988 4587 familias,
2043 4521 2136 4591 qui
2189 4520 2401 4578 vincam
2459 4521 2763 4589 plantavit,
2820 4523 3020 4577 multos
3064 4521 3282 4577 misisse

2794 4675 2838 4707 ⁸⁷
2866 4673 3030 4729 Marc.
3064 4691 3154 4740 ιι,
3192 4673 3281 4728 l5.

1546 4834 1779 4895 ΝΟΤΑΕ.

51 4954 143 5004 rro
178 4952 251 5002 eo,
311 4948 364 4991 et
422 4933 722 5004 ascendens
774 4942 936 5000 Super
982 4926 1338 5004 subiugalem,
1401 4936 1456 4986 et
1488 4933 1611 5004 pul—

57 5002 162 5057 lum
204 5008 488 5072 juvenem,
547 5002 847 5064 Matt/nens,
901 5016 1068 5070 super
1107 5003 1338 5072 asinam,
1385 5010 1439 5055 et
1488 5003 1612 5072 pul-

55 5075 161 5126 lum
193 5069 354 5127 tilium
378 5072 693 5143 subjugalis,
731 5069 1320 5143 aututin‘quibnsdam
1343 5069 1609 5136 exempla-

55 5143 192 5195 ribus
216 5143 429 5196 habetur
449 5138 704 5210 {puilum
734 5138 1028 5207 subjugalis
1050 5157 1065 5206 ;
1112 5138 1347 5194 Joannes
1373 5156 1491 5193 vero
1512 5157 1607 5210 po-

63 5212 181 5273 suit,
215 5212 420 5266 Sedens
444 5209 594 5264 venit
626 5223 790 5276 super
823 5210 1030 5276 pullum
1068 5211 1259 5265 asinae.
1285 5238 1355 5249 --
1382 5209 1537 5275 Quod
1562 5210 1607 5263 si

57 5282 268 5350 insuper
290 5279 626 5334 consulueris
650 5275 827 5345 Cvrilli
848 5275 1307 5350 Commentarium
1328 5278 1385 5350 in
1405 5280 1609 5350 Zacha-

60 5349 212 5415 riam,
241 5364 414 5404 muto-s
436 5350 598 5403 velim
623 5361 687 5398 ex
714 5360 876 5418 sensu
903 5350 1182 5418 εὐτεκνίαν
1210 5349 1266 5402 in
1288 5349 1603 5418 εὐτεκνίανε

60 5434 177 5473 cum
229 5428 412 5473 contra
477 5415 780 5488 φιλοτεκνεϊ
833 5430 933 5482 pro
987 5415 1291 5488 φιλοτεχνεῖ
1331 5417 1608 5488 habeatur

60 5488 204 5542 initio
233 5488 445 5546 Catena!
490 5484 572 5541 'ad
606 5484 871 5554 Marcum,
907 5488 961 5539 in
1001 5484 1278 5541 Ἐπεοῶἰο
1329 5486 1600 5554 Procopii,

1778 4928 1888 5003 (9.1)
1921 4930 2117 5003 Φησὶν
2137 4945 2236 5000 pro
2263 4927 2629 5003 gadiv._Saape
2655 4927 3031 5003 inhoctomo,
3067 4936 3123 4986 et
3153 4945 3281 5003 pas—

1706 4999 1808 5058 sim
1840 4999 1986 5071 apud
2022 4999 2274 5054 auctores
2295 5000 2570 5071 interdum
2600 5015 2665 5054 ex
2705 4999 2998 5067 idiotismo,
3033 5009 3094 5055 ut
3125 5002 3284 5055 vide.-

1707 5082 1815 5138 tur,
1835 5069 2104 5125 interdum
2135 5080 2315 5125 errato
2342 5069 2708 5136 librariorum,
2725 5071 2963 5125 maxime
2984 5071 3057 5126 ob
3074 5071 3285 5127 brevia-

1708 5151 1816 5201 tam
1865 5141 2242 5210 scriptionem.
2299 5139 2389 5194 Sic
2420 5141 2581 5210 apud
2611 5141 2930 5210 Gregorium
2968 5140 3278 5210 Nyssenum

1706 5212 1952 5266 oratione
1982 5206 2016 5265 8
2044 5211 2097 5263 in
2128 5209 2285 5264 Cant.
2315 5206 2471 5263 cantf
2492 5218 2530 5264 t.
2563 5206 2605 5271 l,
2630 5225 2686 5279 p.
2712 5206 2816 5265 594
2847 5210 2907 5263 C.
2952 5206 3085 5279 φησι
3115 5211 3283 5266 habet

1706 5281 1877 5335 editio
1908 5321 1922 5345 ,
1956 5281 2090 5348 φασὶ
2119 5280 2289 5351 codex
2320 5280 2519 5351 Regius
2540 5279 2708 5351 71797.
2742 5280 2861 5351 Non
2910 5293 3050 5351 ergo;
3072 5289 3279 5335 temere

1706 5351 2022 5405 mutandum
2057 5365 2073 5416 ;
2107 5361 2167 5404 ut
2207 5349 2336 5405 fecit
2394 5348 2621 5403 Allatius
2684 5348 2740 5403 in
2805 5348 3279 5405 Notis'Eustathii

1706 5418 2075 5489 Hexaemeron
2092 5419 2287 5487 p.153,
2306 5419 2385 5489 de
2406 5418 2526 5473 luco
2569 5416 2939 5489 Chrysostomi
2980 5419 3046 5475 ad
3072 5419 3276 5477 Jercm.

1707 5504 1839 5557 μνη,
1888 5488 2239 5557 H.Catena:
2290 5487 2748 5550 Ghislerianze,‘t.
2782 5487 2847 5553 ll,
2894 5502 2952 5557 p.
2979 5488 3103 5545 955.
3138 5489 3276 5545 Vide

62 5560 401 5649 ante'tinem.
444 5560 585 5638 Loca
621 5566 729 5649 non
753 5552 968 5649 protero
996 5594 1012 5621 ,
1048 5556 1174 5625 quia
1226 5555 1382 5624 plura
1422 5552 1604 5609 dicere
1701 5552 1959 5613 Catenam
1987 5556 2042 5611 in
2076 5558 2197 5622 Job,
2224 5574 2277 5627 p.
2309 5557 2433 5625 519,
2457 5558 2582 5622 480,
2620 5560 2745 5617 ill.

65 5636 149 5679 aut
180 5628 476 5683 describere
500 5627 667 5697 piget.

396 5720 672 5781 Parnm.
716 5721 830 5781 Gn.
874 5716 1104 5779 XCIII.
1196 5750 1204 5757 -

2794 5706 2871 5768 Mi
