3764 6320
1519 166 1567 185 Δ»

11 272 166 340 LM]

1453 287 1970 357 QUzESTIONES.

3205 290 3225 363 l
3240 301 3341 364 442

11 399 241 461 μεῖον,
279 396 403 451 καὶ
433 395 613 464 εὗρον
636 396 823 462 οὕτως
847 397 1038 466 καθὼς
1069 398 1165 452 καί
1193 400 1256 452 ai
1284 397 1561 466 yvraixsc
1587 394 1665 451 εἷ-

1838 401 1965 453 stris
1990 399 2060 452 ad
2087 412 2515 465 monumentum;
2543 411 2593 457 el
2631 405 2705 459 ita
2730 406 3039 463 invenerunt
3062 411 3195 466 sicut
3223 429 3314 467 mu

11 497 182 550 πον,
217 486 442 541 αὐτὸν
473 486 541 540 δὲ
570 491 682 543 οὐκ
714 485 896 542 εἶδον.

745 577 1016 647 Ἀπορία.

100 666 261 728 Πῶς
332 668 601 739 Ἰωάννης
660 670 829 740 φησὶν
882 669 1169 740 εἰρηκέναι
1224 672 1291 741 τῇ
1343 669 1534 741 Μαρία
1579 669 1670 721 τὸν

17 757 313 828 Κύριονσ
361 758 459 826 Μή
503 779 624 830 μου
662 761 880 824 ἅπτου,
923 761 1019 814 καὶ
1064 760 1135 813 τὰ
1184 760 1341 831 ἑξῆς·
1386 761 1670 815 Ματθαίου

18 849 500 918 ἱστορήσαντος,
557 852 639 904 ὅτι
694 853 1045 922 κρατήσασαι
1097 851 1223 915 τοὺς
1281 851 1451 916 πόδας
1505 850 1671 905 αὐτοῦ

26 938 514 1010 προσεκύνησαν
546 942 730 1011 αὐτῷ;

772 1031 983 1094 Λύσις.

128 1118 238 1181 Ὠς
278 1119 389 1173 καὶ
422 1121 523 1190 ἤδη
557 1116 955 1186 ἀποδέδεικται,
989 1122 1359 1195 ἀσθενεστέρα
1391 1123 1456 1193 τῇ
1493 1121 1673 1175 πίστει

28 1209 163 1262 τῶν
208 1210 443 1263 λοιπῶν
480 1208 547 1282 ἦν
596 1211 758 1278 αὕτη.
796 1212 961 1265 Ὅθεν
1008 1213 1278 1283 νομίσασα
1324 1214 1398 1276 ὡς
1427 1215 1489 1267 τὸ
1520 1216 1670 1284 πρὶν,

33 1300 209 1353 οὕτω
248 1303 589 1355 συνέσεσθαι
647 1302 724 1372 τῷ
752 1302 997 1373 Χριστῷ.
1038 1304 1204 1374 μηδὲν
1233 1307 1375 1375 μέγα
1411 1306 1537 1376 περὶ
1573 1305 1673 1358 αὐ-

33 1391 150 1444 τοῦ
197 1395 631 1461 φαντασθεῖσα,
670 1395 895 1457 δικαίως
954 1397 1284 1467 ἐπετιμήθη,
1331 1399 1424 1449 καὶ
1472 1396 1675 1466 ἔμαθεν

35 1485 136 1537 ὅτι
179 1485 344 1555 πρὸς
375 1487 465 1537 τὸν
499 1487 556 1537 ὲν
597 1487 847 1557 οὐρανοῖς
884 1487 1097 1558 Πατέρα
1130 1488 1255 1542 ὅθεν
1292 1488 1419 1558 ἥκει
1448 1487 1528 1540 δεῖ
1573 1488 1673 1540 αὖ·

35 1572 148 1626 τὸν
188 1573 503 1629 ἀπελθεῖν.

761 1667 1017 1738 Ἀπορία.

127 1756 317 1820 Τίνος
354 1757 517 1828 χάριν
547 1759 762 1821 Λουκᾶς
791 1726 1013 1827 μὲν-καὶ
1054 1758 1311 1829 Ἰωάννης
1340 1758 1673 1827 ἀπαγγεῖλαι
1703 1726 1747 1781 Β

51 1849 168 1912 τὰς
202 1852 492 1917 γυναῖκας
520 1850 633 1912 τοῖς
668 1850 989 1913 ἀποστόλοις
1024 1849 1121 1904 τοῦ
1153 1848 1394 1919 Χριστοῦ
1416 1848 1515 1920 τὴν
1544 1848 1675 1902 ἀνά-

57 1957 278 1994 στασιν
350 1939 591 2011 ἔγραφον
617 1956 630 1969 '
664 1938 890 2012 Μάρκος
934 1941 990 1993 δὲ
1049 1941 1327 2011 σιωπῆσαι
1370 1941 1464 1993 καὶ
1508 1938 1675 2009 μηδὲν

54 2034 255 2086 εἰπεῖν
314 2032 409 2085 διὰ
454 2032 546 2085 τὸν
597 2032 761 2101 φόϐον
797 2032 1188 2103 ,μαρτύρεταιο
1235 2034 1263 2085 ὁ
1300 2031 1357 2083 δὲ
1398 2031 1677 2092 Ματθαῖος

63 2126 265 2195 σιωπῇ
292 2123 652 2193 παρέδραμεν
676 2125 770 2176 καὶ
797 2122 906 2175 τῶν
935 2122 1241 2195 εἰρημένων
1270 2121 1529 2194 ἑκάτερον
1551 2137 1565 2187 ;

741 2268 750 2277 ,
783 2214 991 2279 Λύσις.

142 2304 228 2357 Τὸ
259 2304 367 2374 μὲν
398 2303 678 2356 Ματθαίου
711 2304 937 2375 ἑτοίμην
967 2303 1080 2373 ἔχει
1115 2303 1212 2374 τὴν
1241 2303 1416 2359 λύσιν.
1450 2304 1522 2357 Οὐ
1569 2304 1676 2375 γὰρ

68 2388 239 2446 εἶπεν
282 2393 363 2454 ὡς
396 2393 450 2444 αἱ
478 2394 733 2459 γυναῖκες
763 2391 832 2443 τὰ
870 2386 1196 2445 ἐνταλθέντα
1231 2391 1564 2460 ἀπαγγεῖλαι
1604 2402 1626 2430 τ
1659 2408 1675 2424 ο

68 2484 203 2537 ἀλλ’
237 2484 330 2536 ὅτι
365 2480 749 2552 πορευομένων
783 2482 1114 2549 ἀπαγγεῖλαι
1162 2485 1275 2544 τοῖς
1326 2482 1611 2553 μαθηταῖς,
1642 2483 1676 2553 ἡ

68 2574 191 2625 τῶν
227 2569 588 2640 στρατιωτῶν
622 2570 845 2638 γέγονεν
879 2570 1062 2638 ἄφιξις
1112 2571 1170 2623 ἐν
1218 2573 1287 2642 τῇ
1333 2570 1489 2624 πόλει
1543 2572 1678 2642 πρὸς

12 2690 13 2693 η
71 2667 213 2727 τοὺς
249 2663 553 2733 ἀρχιερεῖς,
599 2662 662 2715 τὸ
729 2662 944 2732 συμϐὰν
978 2664 1109 2734 περὶ
1156 2662 1216 2716 τὸ
1269 2664 1458 2734 μνῆμα
1494 2663 1678 2735 θαῦμα

78 2753 436 2825 μηνυόντων.
473 2753 688 2814 Λουκᾶς
727 2751 784 2805 δὲ
835 2754 930 2807 καὶ
971 2753 1227 2823 Ἰωάννης
1267 2753 1574 2824 συμφώνως
1600 2755 1678 2825 τῷ

12 2856 15 2883 ι
80 2844 426 2916 προλαϐόντι
492 2844 853 2916 εὐαγγελιστῇ
921 2845 1251 2913 ἀπαγγεῖλαι
1314 2846 1517 2910 ταύτας
1568 2850 1680 2910 τοῖς

78 2936 420 2998 ἀποστόλοις
448 2936 850 3006 ἀνεγράψαντο.
882 2937 1107 3005 Μάρκος
1142 2935 1199 2989 δὲ
1232 2937 1330 2999 τὰς
1361 2938 1679 3003 τελευταίας

1774 491 1925 545 lieres
1947 493 2216 559 dixerunt,
2246 494 2418 562 ipsum
2451 511 2571 548 vero
2604 512 2706 550 non
2736 499 2975 555 viderunt
3003 504 3070 557 “.

2338 585 2628 655 Diﬁicultas
2667 605 2752 643 un
2764 630 2776 643 .

1840 673 1971 738 Qua:
2028 675 2182 739 ratio,
2227 677 2369 745 quod
2409 677 2651 733 Joannes
2697 681 2771 735 ait
2805 682 3094 739 Dominum
3142 686 3343 742 dixisse

1772 762 1952 818 Maria:
1986 786 1996 819 :
2036 766 2161 819 Noli
2219 784 2300 820 me
2361 760 2576 838 tangere
2605 774 2671 838 ",
2697 781 2751 827 et
2810 775 3012 845 reliqua
3049 776 3343 843 ;Malth:eo

1772 865 2067 919 narrante,
2118 873 2212 912 eas
2269 861 2582 930 complean
2637 865 2802 933 pedes
2859 867 2976 934 ejus
3031 869 3344 927 adoravisse

1774 963 1899 1002 eum
1923 948 1966 980 ⁸³
1996 948 2019 1001 ?

2439 1043 2664 1100 Salutio.

1844 1130 2311 1197 Quemadmodum
2366 1149 2531 1205 supra
2591 1146 2872 1195 ostensum
2925 1154 3028 1207 est,
3077 1145 3351 1201 inﬁrmior

1775 1221 1881 1276 ﬁde
1902 1222 2111 1277 caeteris
2139 1225 2255 1279 haec
2283 1235 2416 1280 erat.
2446 1226 2626 1292 Quare
2649 1231 2905 1287 arbitrata
2933 1235 3077 1302 quod
3110 1246 3171 1290 ut
3190 1238 3344 1306 prius

1776 1311 1849 1365 ita
1875 1326 1999 1366 cum
2037 1313 2254 1369 Christo
2288 1327 2676 1374 conversatura
2718 1332 2881 1387 esset,
2911 1325 3048 1379 nihil
3088 1342 3348 1398 magnum

1775 1405 1843 1458 de
1890 1406 2008 1473 ipso
2054 1405 2371 1477 imaginata,
2402 1410 2522 1480 iure
2567 1413 2843 1485 increpata
2896 1416 3015 1483 fuit,
3049 1419 3349 1490 didicitque

1775 1492 1974 1546 reverti
2011 1508 2136 1550 eum
2169 1495 2370 1552 debere
2397 1499 2464 1553 ad
2498 1499 2712 1556 Patrem
2757 1505 3056 1571 caelestem,
3082 1510 3224 1564 unde
3249 1494 3347 1563 vc-

1774 1592 1951 1638 nerat.

2335 1681 2624 1752 Diﬁicultas
2673 1703 2781 1741 ων.

1846 1764 1986 1830 Quid
2012 1781 2190 1823 causae
2219 1778 2321 1834 est,
2359 1772 2503 1840 quod
2533 1772 2708 1829 Lucas
2742 1783 2799 1829 et
2822 1775 3060 1833 Joannes
3084 1778 3344 1834 mulieres

1775 1854 2116 1924 scripserunt
2168 1859 2516 1915 renuntiasse
2568 1864 2829 1932 apostolis
2885 1869 3341 1925 resurrectionem

1774 1942 1974 1998 Christi
2010 1945 2091 2012 “;
2125 1945 2336 2003 Marcus
2370 1964 2517 2011 vero,
2543 1967 2636 2005 eas
2666 1952 2920 2019 tacuisse,
2953 1955 3199 2026 nihilque
3231 1974 3344 2026 prae

1776 2032 1971 2089 timore
2016 2035 2218 2091 dixisse
2267 2038 2607 2106 perhibet”;
2648 2051 2705 2096 at
2739 2042 3024 2100 Matthaeus
3051 2053 3345 2117 utrumque

1778 2121 2046 2177 dictorum
2069 2124 2264 2179 tacitus
2291 2127 2619 2194 praeterivit?

2451 2217 2675 2274 Salutio.

1848 2305 1978 2360 Illud
2016 2306 2253 2363 Matthaai
2277 2350 2290 2373 ,
2330 2308 2488 2365 facile
2534 2312 2762 2367 solvitur
2785 2315 2849 2369 ⁸⁸.
2882 2314 3001 2371 Νοη
3032 2318 3179 2373 enim
3209 2319 3348 2375 dixit

1776 2398 2037 2453 mulieres
2064 2399 2313 2453 mandata
2353 2416 2461 2454 non
2493 2405 2834 2460 renuntiasse
2867 2423 2881 2472 ;
2914 2409 3009 2462 sed
3062 2409 3128 2463 iis
3161 2414 3344 2480 profe-

1778 2489 1881 2542 ctis
1913 2497 1972 2541 ut
1995 2489 2316 2544 nuntiarent
2340 2490 2638 2560 discipulis,
2665 2494 2868 2549 milites
2892 2497 3107 2554 venisse
3129 2499 3184 2552 in
3212 2499 3345 2553 civi—

1782 2587 1947 2634 tatem
1967 2579 2035 2633 ad
2068 2579 2345 2650 principes
2370 2582 2737 2648 sacerdotum,
2773 2595 2828 2639 et
2851 2586 3175 2643 iudicavisse
3202 2591 3348 2659 quod

1780 2671 2081 2743 contigerat
2119 2672 2443 2727 miraculum
2476 2674 2541 2728 ad
2571 2676 2902 2744 sepulcrum.
2938 2676 3113 2734 Lucas
3132 2695 3262 2735 vero
3293 2689 3349 2735 et

1779 2763 2016 2818 Joannes
2045 2763 2451 2818 consentientes
2481 2780 2603 2819 cum
2628 2768 2956 2835 praecedenti
2990 2773 3344 2842 evangelista,

1780 2856 2062 2910 nuntiasse
2097 2870 2190 2909 eas
2218 2856 2476 2925 apostolis
2502 2858 2965 2927 conscripserunt.
2999 2860 3212 2917 Marcus
3248 2878 3350 2917 au-

1780 2955 1914 3013 tem,
1949 2955 2251 3016 postremas
2286 2947 2556 3017 profectas
2590 2958 2711 3003 orto
2735 2950 2848 3019 jam
2881 2950 3016 3018 sole,
3043 2952 3238 3008 merito
3272 2954 3350 3008 ait

12 3044 15 3069 τ
83 3025 360 3088 ἐλθούσας
386 3025 480 3079 τοῦ
513 3025 663 3096 ἡλίου
703 3025 890 3079 λοιπὸν
940 3027 1322 3091 ἀνατείλαντος
1350 3028 1486 3097 (50),
1527 3030 1665 3082 εἰκό-

1844 3038 1921 3092 hil
1963 3038 2033 3093 ob
2083 3038 2333 3093 timorem
2377 3039 2597 3093 dixisse.
2624 3041 2700 3095 Ea
2746 3055 2876 3113 ergo
2925 3042 2993 3097 de
3040 3057 3200 3098 causa
3246 3044 3351 3100 illa:

82 3135 197 3180 τως
230 3119 370 3186 φησὶ
402 3116 490 3170 διὰ
521 3118 613 3171 τὸν
644 3117 809 3187 φόϐον
843 3118 1008 3188 μηδὲν
1031 3118 1227 3171 εἰπεῖν.
1247 3119 1319 3171 ’Ἡ
1346 3120 1537 3172 τούτου
1560 3121 1674 3175 τοί-

12 3236 13 3241 η
85 3226 187 3264 νυν
245 3208 431 3279 χάριν,
478 3207 682 3271 ταύτας
742 3210 910 3279 μηδὲν
959 3209 1389 3279 ἅπαγγεῖλαι,ἢ
1424 3227 1674 3280 προσυπ-

87 3300 318 3355 ακούεεν
336 3300 417 3352 δεῖ
439 3299 513 3361 ὡς
539 3300 668 3370 ἄχρι
686 3299 784 3369 τῆς
807 3298 901 3353 τοῦ
919 3300 1124 3371 Κυρίου
1148 3302 1287 3372 πρὸς
1303 3301 1474 3366 αὑτὰς
1498 3303 1676 3373 ἐμφά-

89 3409 256 3469 νειαν.
283 3390 438 3443 οὐδὲν
480 3383 655 3443 εἷπον.

765 3481 1021 3549 Ἀποριά.

161 3575 324 3637 Τίνος
356 3576 545 3645 χάριν,
589 3573 835 3628 Ἰωάννου
882 3574 1087 3644 Πέτρον
1123 3575 1217 3627 καὶ
1258 3572 1509 3645 Ἰωάννην
1543 3558 1679 3644 πρδς

12 3696 15 3723 r
91 3668 154 3720 τὸ
189 3666 517 3718 Δεσποτικὸν
560 3667 750 3735 μνῆμα
772 3665 1002 3736 δραμεῖν
1034 3665 1454 3735 ἱστορήσαντας,
1489 3667 1515 3718 ὁ
1542 3667 1678 3718 Λου-

95 3761 199 3815 κᾶς
232 3758 394 3829 μόνον
429 3758 522 3812 τὸν
556 3759 763 3829 Πέτρον
811 3757 946 3830 πρὸς
975 3757 1066 3811 τὸν
1129 3758 1300 3826 τάφον
1343 3757 1518 3812 ἐλθεῖν
1549 3775 1677 3812 συν-

12 3894 13 3899 η
94 3851 374 3924 ε’ίράψατο
395 3868 409 3917 ;
785 3922 791 3928 _

775 3943 986 4010 Λύσις.

12 4072 14 4083 ,
171 4034 366 4098 Καθὼς
410 4035 503 4088 καὶ
535 4033 791 4105 ἀνωτέρω
826 4035 954 4105 περὶ
995 4033 1190 4086 τούτου
1234 4034 1672 4105 ἀναγέγραπται,

12 4166 15 4197 ι
98 4125 369 4195 διαφόρων
413 4126 723 4194 γενομένων
758 4127 877 4188 ταῖς
928 4124 1147 4192 γυναιξὶ
1183 4124 1322 4192 πρὸς
1374 4128 1434 4177 τὸ
1485 4125 1675 4195 μνῆμα

100 4214 353 4285 ἁφίξεων,
385 4214 659 4283 διαφόρως
687 4215 781 4267 καὶ
810 4214 880 4267 τὰ
907 4214 994 4266 ἐπ’
1025 4213 1177 4284 αὐτῷ
1195 4214 1508 4285 πραχθέντα
1537 4216 1677 4268 ἱστό-

12 4352 13 4355 η
105 4321 312 4376 ρηνται.
352 4304 480 4355 Ὅτε
520 4299 613 4356 οὖν
642 4304 832 4374 Πέτρῳ
874 4304 970 4356 καὶ
1009 4302 1234 4374 Ἰωάννῃ
1280 4304 1314 4373 ὴ
1340 4302 1672 4377 Μαγδαληνὴ

1785 3130 1924 3184 nihil
1957 3131 2381 3196 denuntiarunt;
2417 3131 2501 3185 vel
2532 3131 2823 3188 subaudire
2859 3143 3096 3203 oportet,
3127 3146 3187 3190 ut
3216 3136 3351 3192 nihil

1784 3209 2021 3277 dixerint
2065 3238 2237 3293 usque
2287 3223 2354 3278 ad
2408 3224 2808 3294 apparitionem
2866 3224 3082 3282 Domini
3142 3228 3210 3284 ad
3257 3243 3353 3285 eas

1785 3311 2002 3367 factam.

2347 3487 2641 3559 Diﬁicultas
2687 3508 2773 3546 ιγ.

1854 3580 2125 3647 Quorsum
2157 3581 2367 3635 Joanne
2405 3580 2690 3647 referente,
2717 3583 2937 3638 Petrum
2983 3594 3038 3640 et
3087 3586 3349 3643 Joannem

1785 3672 1851 3727 ad
1911 3671 2249 3727 Doruinicum
2297 3682 2712 3727 monumentum
2748 3675 3054 3730 cucurrisse
3078 3677 3143 3740 ⁸⁷,
3178 3676 3354 3733 Lucas

1786 3766 1961 3821 solum
1987 3764 2204 3820 Petrum
2243 3765 2464 3836 scripsit
2494 3766 2709 3823 venisse
2733 3767 2799 3823 ad
2834 3768 3146 3838 sepulcrum
3179 3770 3225 3803 ⁸⁸
3258 3771 3283 3824 ?

2449 3944 2675 4001 Salutio.

1854 4039 2006 4094 Sicut
2035 4037 2286 4108 superius
2311 4051 2376 4091 ea
2404 4036 2472 4092 de
2497 4052 2556 4091 re
2572 4038 2829 4107 scriptum
2853 4047 2955 4104 est,
2973 4054 3096 4093 cum
3125 4041 3351 4096 diverso:

1784 4131 1987 4187 fuerint
2018 4128 2304 4183 mulierum
2347 4128 2415 4183 ad
2448 4137 2863 4183 monumentum
2894 4130 3259 4199 profectiones
3282 4133 3348 4196 ⁸⁸,

1785 4221 2001 4277 diverso
2030 4233 2246 4288 quoque
2288 4218 2448 4273 modo
2479 4234 2600 4288 quae
2625 4218 2736 4273 illic
2757 4227 2906 4289 gesta
2937 4231 3353 4283 suntenarran-

1786 4320 1894 4366 tur.
1921 4309 2148 4375 Quando
2178 4309 2342 4380 igitur
2371 4308 2529 4364 Petro
2542 4319 2597 4364 et
2624 4308 2825 4364 Joanni
2852 4309 3164 4380 Magdalena
3188 4310 3351 4365 Maria

12 4464 13 4471 κ
103 4397 284 4467 Μαρία
313 4396 645 4467 ἀπήγγειλεν
669 4396 906 4468 ἀρθῆναι
936 4395 1000 4448 ἐκ
1021 4394 1114 4449 τοῦ
1140 4395 1314 4464 τάφου
1339 4393 1434 4447 τοῦ
1464 4395 1665 4466 Κυρίου

1838 4401 2131 4468 nuntiavit,
2153 4402 2425 4456 sublatum
2450 4401 2620 4457 fuisse
2648 4416 2680 4457 e
2705 4400 2957 4470 sepulcro
2982 4399 3195 4456 Domini
3223 4417 3348 4456 cor-

102 4490 161 4542 τὸ
194 4490 347 4558 σῶμα
373 4492 507 4559 (5|),
547 4489 851 4560 ἀμφότεροι
883 4490 1063 4542 ὲκεῖσε
1097 4488 1490 4559 παρεγένοντο.
1513 4487 1665 4542 Μετὰ

1838 4508 1896 4553 ιε,
1948 4491 2107 4545 ambo
2154 4491 2283 4546 illuc
2329 4498 2705 4561 perrexerunt.
2755 4490 2952 4547 Postea
3005 4507 3157 4557 vero,
3212 4507 3340 4546 cum

103 4578 158 4631 δὲ
186 4578 337 4631 τοῦτο
364 4580 471 4631 τῶν
494 4577 573 4647 τῷ
608 4580 793 4650 Λουκᾴ
829 4577 1223 4650 ίστορηθεισῶν
1252 4577 1530 4646 γυναικῶν
1559 4581 1668 4641 τοῖς

175 4695 214 4725 ⁶¹
250 4693 380 4749 Luc.
415 4712 572 4761 xxiv,
598 4696 687 4749 24.
764 4696 809 4726 ⁸⁸
844 4694 1005 4750 Joan.
1035 4711 1127 4760 xx,
1159 4696 1246 4750 17.

106 4781 211 4829 xw,
243 4766 293 4819 8.
370 4765 415 4796 ⁸⁸
444 4765 632 4819 Matth.
666 4781 856 4830 xxvrn,
894 4767 977 4819 11.
1054 4766 1097 4798 ⁸⁷
1129 4764 1287 4820 Joan.
1311 4781 1401 4832 xx,
1428 4766 1481 4818 5.

188 4888 208 4917 ι’
240 4878 301 4933 F.
325 4880 427 4933 οὐκ
457 4877 825 4949 ἀπήγγειλαν.

1365 4695 1410 4727 ⁸³
1436 4694 1626 4749 Matth.
1660 4711 1860 4758 xxvm,
1891 4696 1945 4751 9.

1777 4583 2033 4637 mulieres
2082 4597 2182 4653 per
2228 4582 2428 4637 Lucam
2488 4590 2826 4649 memoratae,
2876 4583 3158 4653 discipulis
3203 4583 3350 4652 quod

2046 4698 2092 4729 “
2121 4697 2256 4752 an.
2290 4715 2446 4763 xxuv,
2480 4689 2552 4763 9‘;
2575 4698 2732 4753 Joan.
2788 4716 2856 4753 xx
2879 4741 2893 4763 ,
2930 4699 3015 4752 18.
3115 4699 3159 4729 ⁸⁵
3185 4698 3355 4756 Marc.

1559 4765 1602 4796 ⁸⁸
1625 4764 1756 4819 Luc.
1785 4782 1931 4830 xxtv,
1960 4767 2046 4821 12.
2125 4766 2346 4821 "Joan.
2381 4783 2468 4830 xx,
2507 4768 2555 4820 1.

1594 4944 1827 5002 ΝΟΤιΕ.

182 5041 284 5112 ('50)
341 5041 802 5106 'Aratsilarzoc.
867 5041 921 5095 Si
984 5040 1231 5112 homines
1294 5039 1448 5112 docti
1487 5038 1672 5112 Graeca

116 5109 521 5173 consuluissent,
561 5113 705 5166 circa
747 5113 924 5166 locum
957 5111 1136 5179 (lyrilli
1162 5109 1513 5179 Alexandrini
1551 5111 1671 5179 epi~

119 5180 243 5231 stola
268 5181 329 5233 ad
370 5181 624 5235 Acacium
667 5181 851 5249 (etiam
892 5181 949 5234 in
982 5177 1255 5244 Liberale,
1287 5194 1408 5248 cap.
1440 5177 1673 5249 8),,n'on

122 5249 460 5303 haasitassent.
518 5248 697 5304 Primo
746 5251 948 5319 quippe
996 5250 1200 5303 intuitu
1250 5248 1674 5319 προανατείὶαν·

121 5334 203 5378 τος
231 5333 341 5372 esse
395 5321 738 5383 pr'a’orirelur
791 5321 875 5374 vel
906 5322 1051 5388 prius
1088 5320 1314 5373 oriretur
1346 5319 1533 5387 ecquis
1567 5334 1674 5388 non

123 5387 625 5458 intelligat?_Ealleiii
653 5388 837 5445 Graeca
868 5387 1167 5444 ostendunt
1190 5403 1315 5441 mox
1335 5389 1534 5458 ibidem
1571 5387 1674 5456 legi

122 5456 300 5527 debere
329 5477 341 5510 :
370 5456 438 5509 Et
470 5458 607 5527 quod
635 5460 935 5523 specialiter
964 5460 1280 5514 contristare
1302 5467 1406 5521 eat,
1427 5456 1675 5509 'Alexan-

125 5525 239 5577 dria!
260 5525 543 5595 episcaptts,
569 5535 675 5581 etc.

187 5595 283 5664 l3!)
348 5595 613 5664 Ἀρθῆναι
664 5595 734 5649 ἐκ
788 5596 892 5649 τοῦ
945 5597 1138 5664 τάφου
1184 5597 1290 5650 τοῦ
1345 5595 1567 5663 Κυρίου
1608 5595 1674 5647 to

130 5662 292 5731 σῶμα.
345 5662 556 5736 Insigne
599 5666 858 5721 mendum
882 5706 897 5733 ,
936 5662 1193 5736 joc‘ularis
1219 5681 1391 5732 error,
1432 5662 1670 5734 Occupat

1777 5041 2121 5117 (Samiramin
2148 5038 2385 5094 Marcum
2413 5040 2576 5117 initio
2604 5055 2728 5117 cap.
2754 5044 2818 5098 l6
2844 5059 2859 5117 _:
2894 5043 2991 5117 Ἰξίς
3017 5038 3162 5117 οὖνὴ
3190 5048 3351 5117 χρεία

1776 5111 1874 5180 τῆς
1921 5111 2153 5181 ἀγγέλου
2191 5110 2533 5181 παρουσίας;
2592 5110 2760 5181 φαίην
2838 5112 2982 5181 ἐγώ·
3040 5115 3121 5169 ὅτι
3151 5110 3349 5171 ’ἔπειθε

1777 5179 1902 5253 τοος
1963 5179 2261 5253 ζητοῦντας
2287 5179 2641 5253 Δὲγηγέρθιιι,
2672 5182 2798 5253 αλλ’
2826 5179 2890 5235 οὗ
2929 5182 3222 5253 βεϐλέφθαι
3255 5189 3349 5240 τὸν

1779 5247 2028 5327 Ιξόριονζ
2052 5247 2191 5313 Quid
2225 5247 2391 5319 igitur
2441 5247 2570 5327 opus
2603 5251 2704 5321 fuit
2760 5247 3114 5327 appar-itione
3138 5256 3351 5327 angeli?

1782 5318 1971 5390 Dicam
2007 5335 2133 5389 ego,
2172 5318 2972 5390 utpersuaderetquaerentibus
3013 5318 3350 5381 resurreiisse

1781 5387 2085 5451 Dominum,
2129 5389 2224 5442 etsi
2253 5405 2368 5441 eum
2417 5389 2517 5457 ipsi
2547 5387 2649 5443 non
2683 5401 2969 5448 cernerent.
3005 5394 3174 5449 Nemo
3202 5397 3346 5452 enim

1782 5472 1895 5511 non
1947 5458 2130 5513 statim
2183 5458 2557 5527 deprehendet
2592 5474 2775 5514 veram
2829 5461 3118 5517 lectionem
3157 5465 3347 5517 κεκλέ-

1782 5528 1933 5606 φθῌαιι.
1979 5528 2341 5606 Recurrercisse
2382 5528 2682 5606 Dumin_1t_m_,
2703 5546 2806 5585 non
2830 5541 3006 5586 autem
3029 5534 3168 5603 furto
3189 5538 3345 5606 fuisse

1780 5597 2067 5651 sublatum.
2094 5597 2312 5668 (Matth.
2337 5614 2526 5664 XXVIII,
2562 5598 2670 5668 15.)
