  <div class='ocr_page' id='page_1' title='image "/cluster/home/n/w/nwhite01/storage/ocr_20150623/93/pst.000005712991/762.png"; bbox 0 0 3764 6320; ppageno 0'>
   <div class='ocr_carea' id='block_1_1' title="bbox 41 434 1627 509">
    <p class='ocr_par' dir='ltr' id='par_1_1' title="bbox 41 434 1627 509">
     <span class='ocr_line' id='line_1_1' title="bbox 41 434 1627 509; baseline 0.004 -24"><span class='ocrx_word' id='word_1_1' title='bbox 41 434 312 505; x_wconf 64' lang='grc' dir='ltr'><strong>ιάραντοπ),</strong></span> <span class='ocrx_word' id='word_1_2' title='bbox 341 435 449 505; x_wconf 75' lang='grc' dir='ltr'><strong>ἄρα</strong></span> <span class='ocrx_word' id='word_1_3' title='bbox 483 436 516 506; x_wconf 77' lang='grc' dir='ltr'><strong>ἡ</strong></span> <span class='ocrx_word' id='word_1_4' title='bbox 543 434 814 507; x_wconf 76' lang='grc' dir='ltr'><strong>Παρθένος</strong></span> <span class='ocrx_word' id='word_1_5' title='bbox 847 436 1160 509; x_wconf 78' lang='grc' dir='ltr'><strong>ἀφθαρσίας</strong></span> <span class='ocrx_word' id='word_1_6' title='bbox 1194 436 1390 505; x_wconf 72' lang='grc' dir='ltr'><strong>φυτὸν,</strong></span> <span class='ocrx_word' id='word_1_7' title='bbox 1424 438 1555 491; x_wconf 82' lang='grc' dir='ltr'><strong>ἀθα-</strong></span> <span class='ocrx_word' id='word_1_8' title='bbox 1583 441 1627 497; x_wconf 74' lang='grc' dir='ltr'>Α</span> 
     </span>
    </p>
   </div>
   <div class='ocr_carea' id='block_1_2' title="bbox 46 512 1548 598">
    <p class='ocr_par' dir='ltr' id='par_1_2' title="bbox 46 512 1548 598">
     <span class='ocr_line' id='line_1_2' title="bbox 46 512 1548 598; baseline 0.002 -19"><span class='ocrx_word' id='word_1_9' title='bbox 46 526 166 589; x_wconf 97' lang='grc' dir='ltr'><strong>σίας</strong></span> <span class='ocrx_word' id='word_1_10' title='bbox 197 526 541 598; x_wconf 81' lang='grc' dir='ltr'><strong>παράδεισος.</strong></span> <span class='ocrx_word' id='word_1_11' title='bbox 574 524 667 588; x_wconf 71' lang='lat' dir='ltr'><strong>Et;</strong></span> <span class='ocrx_word' id='word_1_12' title='bbox 709 528 774 598; x_wconf 71' lang='grc' dir='ltr'><strong>ἦν</strong></span> <span class='ocrx_word' id='word_1_13' title='bbox 805 512 1032 590; x_wconf 73' lang='grc' dir='ltr'><strong>Ἡσαΐας</strong></span> <span class='ocrx_word' id='word_1_14' title='bbox 1060 527 1233 581; x_wconf 85' lang='grc' dir='ltr'><strong>ταῦτα</strong></span> <span class='ocrx_word' id='word_1_15' title='bbox 1275 527 1413 582; x_wconf 86' lang='grc' dir='ltr'><strong>θεῶν</strong></span> <span class='ocrx_word' id='word_1_16' title='bbox 1449 530 1548 598; x_wconf 64' lang='grc' dir='ltr'><strong>ἀρα</strong></span> 
     </span>
    </p>
   </div>
   <div class='ocr_carea' id='block_1_3' title="bbox 41 614 1551 686">
    <p class='ocr_par' dir='ltr' id='par_1_3' title="bbox 41 614 1551 686">
     <span class='ocr_line' id='line_1_3' title="bbox 41 614 1551 686; baseline 0.003 -19"><span class='ocrx_word' id='word_1_17' title='bbox 41 632 106 677; x_wconf 71' lang='grc' dir='ltr'><strong>ως</strong></span> <span class='ocrx_word' id='word_1_18' title='bbox 153 614 579 686; x_wconf 84' lang='grc' dir='ltr'><strong>προανεφώνησε</strong></span> <span class='ocrx_word' id='word_1_19' title='bbox 623 615 826 684; x_wconf 79' lang='grc' dir='ltr'><strong>λέγων·</strong></span> <span class='ocrx_word' id='word_1_20' title='bbox 855 614 1034 681; x_wconf 83' lang='grc' dir='ltr'><strong>Ἰδοὺ,</strong></span> <span class='ocrx_word' id='word_1_21' title='bbox 1072 617 1112 684; x_wconf 77' lang='grc' dir='ltr'>ἡ</span> <span class='ocrx_word' id='word_1_22' title='bbox 1147 617 1447 685; x_wconf 82' lang='grc' dir='ltr'><strong>Παρθένος</strong></span> <span class='ocrx_word' id='word_1_23' title='bbox 1477 619 1551 672; x_wconf 77' lang='grc' dir='ltr'><strong>ἐν</strong></span> 
     </span>
    </p>
   </div>
   <div class='ocr_carea' id='block_1_4' title="bbox 41 694 1549 773">
    <p class='ocr_par' dir='ltr' id='par_1_4' title="bbox 41 694 1549 773">
     <span class='ocr_line' id='line_1_4' title="bbox 41 694 1549 773; baseline 0.003 -15"><span class='ocrx_word' id='word_1_24' title='bbox 41 706 190 773; x_wconf 76' lang='grc' dir='ltr'><strong>ιστρὶ</strong></span> <span class='ocrx_word' id='word_1_25' title='bbox 214 705 492 773; x_wconf 71' lang='grc' dir='ltr'><strong>λήψεται,</strong></span> <span class='ocrx_word' id='word_1_26' title='bbox 531 706 630 758; x_wconf 77' lang='grc' dir='ltr'><strong>καί</strong></span> <span class='ocrx_word' id='word_1_27' title='bbox 656 694 886 770; x_wconf 70' lang='grc' dir='ltr'><strong>τέξεται</strong></span> <span class='ocrx_word' id='word_1_28' title='bbox 912 707 1071 767; x_wconf 79' lang='grc' dir='ltr'><strong>υιὸν,</strong></span> <span class='ocrx_word' id='word_1_29' title='bbox 1092 707 1188 760; x_wconf 78' lang='grc' dir='ltr'><strong>καὶ</strong></span> <span class='ocrx_word' id='word_1_30' title='bbox 1210 707 1549 763; x_wconf 76' lang='grc' dir='ltr'><strong>καλέσουσι</strong></span> 
     </span>
    </p>
   </div>
   <div class='ocr_carea' id='block_1_5' title="bbox 42 788 1547 868">
    <p class='ocr_par' dir='ltr' id='par_1_5' title="bbox 42 788 1547 868">
     <span class='ocr_line' id='line_1_5' title="bbox 42 788 1547 868; baseline 0.023 -28"><span class='ocrx_word' id='word_1_31' title='bbox 42 820 43 829; x_wconf 62' lang='grc' dir='ltr'>ι</span> <span class='ocrx_word' id='word_1_32' title='bbox 92 795 280 863; x_wconf 79' lang='grc' dir='ltr'><strong>ὄνομα</strong></span> <span class='ocrx_word' id='word_1_33' title='bbox 323 795 513 849; x_wconf 83' lang='grc' dir='ltr'><strong>αὑτοῦ</strong></span> <span class='ocrx_word' id='word_1_34' title='bbox 543 795 948 864; x_wconf 75' lang='grc' dir='ltr'><strong>Ἐμμανουήλ.</strong></span> <span class='ocrx_word' id='word_1_35' title='bbox 978 795 1113 850; x_wconf 76' lang='grc' dir='ltr'><strong>Ἰδοὺ</strong></span> <span class='ocrx_word' id='word_1_36' title='bbox 1253 798 1547 868; x_wconf 68' lang='grc' dir='ltr'><strong>Παρθέν⁰ἶ’</strong></span> 
     </span>
    </p>
   </div>
   <div class='ocr_carea' id='block_1_6' title="bbox 41 884 1550 958">
    <p class='ocr_par' dir='ltr' id='par_1_6' title="bbox 41 884 1550 958">
     <span class='ocr_line' id='line_1_6' title="bbox 41 884 1550 958; baseline 0.001 -21"><span class='ocrx_word' id='word_1_37' title='bbox 41 886 138 951; x_wconf 63' lang='lat' dir='ltr'><strong>tia;</strong></span> <span class='ocrx_word' id='word_1_38' title='bbox 186 885 251 938; x_wconf 86' lang='grc' dir='ltr'><strong><em>Ἠ</em></strong></span> <span class='ocrx_word' id='word_1_39' title='bbox 297 886 405 941; x_wconf 88' lang='grc' dir='ltr'><strong>τῶν</strong></span> <span class='ocrx_word' id='word_1_40' title='bbox 452 885 728 955; x_wconf 85' lang='grc' dir='ltr'><strong>γυναικῶν</strong></span> <span class='ocrx_word' id='word_1_41' title='bbox 760 884 1034 957; x_wconf 78' lang='grc' dir='ltr'><strong>ἔγκριτος,</strong></span> <span class='ocrx_word' id='word_1_42' title='bbox 1068 888 1103 958; x_wconf 82' lang='grc' dir='ltr'><strong>ἡ</strong></span> <span class='ocrx_word' id='word_1_43' title='bbox 1134 886 1240 939; x_wconf 85' lang='grc' dir='ltr'><strong>τῶν</strong></span> <span class='ocrx_word' id='word_1_44' title='bbox 1270 887 1550 957; x_wconf 84' lang='grc' dir='ltr'><strong>παρθένων</strong></span> 
     </span>
    </p>
   </div>
   <div class='ocr_carea' id='block_1_7' title="bbox 41 970 1548 1045">
    <p class='ocr_par' dir='ltr' id='par_1_7' title="bbox 41 970 1548 1045">
     <span class='ocr_line' id='line_1_7' title="bbox 41 970 1548 1045; baseline 0.001 -19"><span class='ocrx_word' id='word_1_45' title='bbox 41 973 276 1044; x_wconf 87' lang='grc' dir='ltr'><strong>αίρετος,</strong></span> <span class='ocrx_word' id='word_1_46' title='bbox 305 973 368 1040; x_wconf 62' lang='grc' dir='ltr'><strong>τὸ</strong></span> <span class='ocrx_word' id='word_1_47' title='bbox 404 974 601 1043; x_wconf 70' lang='grc' dir='ltr'><strong>σεμνὸν</strong></span> <span class='ocrx_word' id='word_1_48' title='bbox 645 970 746 1043; x_wconf 80' lang='grc' dir='ltr'><strong>τῆς</strong></span> <span class='ocrx_word' id='word_1_49' title='bbox 789 973 1061 1045; x_wconf 76' lang='grc' dir='ltr'><strong>ἡμετέρας</strong></span> <span class='ocrx_word' id='word_1_50' title='bbox 1097 973 1310 1042; x_wconf 77' lang='grc' dir='ltr'><strong>φύσεως</strong></span> <span class='ocrx_word' id='word_1_51' title='bbox 1354 974 1548 1041; x_wconf 69' lang='grc' dir='ltr'><strong>ὲγκαλυ</strong></span> 
     </span>
    </p>
   </div>
   <div class='ocr_carea' id='block_1_8' title="bbox 41 1064 1550 1137">
    <p class='ocr_par' dir='ltr' id='par_1_8' title="bbox 41 1064 1550 1137">
     <span class='ocr_line' id='line_1_8' title="bbox 41 1064 1550 1137; baseline 0.003 -21"><span class='ocrx_word' id='word_1_52' title='bbox 41 1081 257 1137; x_wconf 65' lang='grc' dir='ltr'><strong>ιπισμα,</strong></span> <span class='ocrx_word' id='word_1_53' title='bbox 287 1065 350 1118; x_wconf 76' lang='grc' dir='ltr'><strong>τὸ</strong></span> <span class='ocrx_word' id='word_1_54' title='bbox 396 1064 492 1118; x_wconf 89' lang='grc' dir='ltr'><strong>τοῦ</strong></span> <span class='ocrx_word' id='word_1_55' title='bbox 537 1064 711 1135; x_wconf 89' lang='grc' dir='ltr'><strong>πηλοῦ</strong></span> <span class='ocrx_word' id='word_1_56' title='bbox 760 1065 1031 1136; x_wconf 78' lang='grc' dir='ltr'><strong>ἡμετέρου</strong></span> <span class='ocrx_word' id='word_1_57' title='bbox 1083 1064 1363 1136; x_wconf 82' lang='grc' dir='ltr'><strong>καύχημα,</strong></span> <span class='ocrx_word' id='word_1_58' title='bbox 1391 1065 1550 1137; x_wconf 81' lang='grc' dir='ltr'><strong>ήτῆς</strong></span> 
     </span>
    </p>
   </div>
   <div class='ocr_carea' id='block_1_9' title="bbox 41 1154 1552 1227">
    <p class='ocr_par' dir='ltr' id='par_1_9' title="bbox 41 1154 1552 1227">
     <span class='ocr_line' id='line_1_9' title="bbox 41 1154 1552 1227; baseline 0.001 -19"><span class='ocrx_word' id='word_1_59' title='bbox 41 1156 240 1226; x_wconf 79' lang='grc' dir='ltr'><strong>σχύνης</strong></span> <span class='ocrx_word' id='word_1_60' title='bbox 288 1156 391 1227; x_wconf 84' lang='grc' dir='ltr'><strong>τὴν</strong></span> <span class='ocrx_word' id='word_1_61' title='bbox 444 1154 588 1209; x_wconf 75' lang='grc' dir='ltr'><strong>Εὕαν</strong></span> <span class='ocrx_word' id='word_1_62' title='bbox 615 1197 630 1222; x_wconf 91' lang='grc'><strong>,</strong></span> <span class='ocrx_word' id='word_1_63' title='bbox 677 1155 769 1208; x_wconf 75' lang='grc' dir='ltr'><strong>καὶ</strong></span> <span class='ocrx_word' id='word_1_64' title='bbox 818 1154 920 1226; x_wconf 83' lang='grc' dir='ltr'><strong>τῆς</strong></span> <span class='ocrx_word' id='word_1_65' title='bbox 965 1155 1199 1226; x_wconf 79' lang='grc' dir='ltr'><strong>ἀπειλῆς</strong></span> <span class='ocrx_word' id='word_1_66' title='bbox 1247 1157 1339 1210; x_wconf 75' lang='grc' dir='ltr'><strong>τὸν</strong></span> <span class='ocrx_word' id='word_1_67' title='bbox 1378 1156 1552 1226; x_wconf 64' lang='grc' dir='ltr'><strong>Ἀδὰμ</strong></span> 
     </span>
    </p>
   </div>
   <div class='ocr_carea' id='block_1_10' title="bbox 41 1246 1550 1318">
    <p class='ocr_par' dir='ltr' id='par_1_10' title="bbox 41 1246 1550 1318">
     <span class='ocr_line' id='line_1_10' title="bbox 41 1246 1550 1318; baseline 0.001 -18"><span class='ocrx_word' id='word_1_68' title='bbox 41 1246 359 1311; x_wconf 74' lang='grc' dir='ltr'><strong>εαλλάξασα,</strong></span> <span class='ocrx_word' id='word_1_69' title='bbox 388 1248 422 1317; x_wconf 81' lang='grc' dir='ltr'>ὴ</span> <span class='ocrx_word' id='word_1_70' title='bbox 451 1246 547 1317; x_wconf 76' lang='grc' dir='ltr'><strong>τὴν</strong></span> <span class='ocrx_word' id='word_1_71' title='bbox 581 1247 892 1317; x_wconf 65' lang='grc' dir='ltr'><strong>παρρησίαν</strong></span> <span class='ocrx_word' id='word_1_72' title='bbox 918 1247 1272 1317; x_wconf 81' lang='grc' dir='ltr'><strong>ἀποτεμοῦσα</strong></span> <span class='ocrx_word' id='word_1_73' title='bbox 1297 1246 1390 1301; x_wconf 87' lang='grc' dir='ltr'><strong>τοῦ</strong></span> <span class='ocrx_word' id='word_1_74' title='bbox 1420 1247 1550 1318; x_wconf 82' lang='grc' dir='ltr'><strong>δρά-</strong></span> 
     </span>
    </p>
   </div>
   <div class='ocr_carea' id='block_1_11' title="bbox 43 1333 1551 1411">
    <p class='ocr_par' dir='ltr' id='par_1_11' title="bbox 43 1333 1551 1411">
     <span class='ocr_line' id='line_1_11' title="bbox 43 1333 1551 1411; baseline -0.001 -20"><span class='ocrx_word' id='word_1_75' title='bbox 43 1356 165 1401; x_wconf 86' lang='grc' dir='ltr'><strong>ντο;</strong></span> <span class='ocrx_word' id='word_1_76' title='bbox 184 1354 198 1368; x_wconf 82' lang='grc'><strong><em>⁸</em></strong></span> <span class='ocrx_word' id='word_1_77' title='bbox 230 1333 299 1411; x_wconf 84' lang='grc' dir='ltr'><strong>ἧς</strong></span> <span class='ocrx_word' id='word_1_78' title='bbox 336 1338 541 1401; x_wconf 68' lang='grc' dir='ltr'><strong>καπνὸς</strong></span> <span class='ocrx_word' id='word_1_79' title='bbox 574 1338 870 1407; x_wconf 78' lang='grc' dir='ltr'><strong>ἐπιθυμίας</strong></span> <span class='ocrx_word' id='word_1_80' title='bbox 897 1338 993 1409; x_wconf 73' lang='grc' dir='ltr'><strong>οὐχ</strong></span> <span class='ocrx_word' id='word_1_81' title='bbox 1021 1337 1228 1407; x_wconf 74' lang='grc' dir='ltr'><strong>ἥψατο,</strong></span> <span class='ocrx_word' id='word_1_82' title='bbox 1254 1339 1377 1392; x_wconf 76' lang='grc' dir='ltr'><strong>οὐδὲ</strong></span> <span class='ocrx_word' id='word_1_83' title='bbox 1405 1338 1551 1392; x_wconf 84' lang='grc' dir='ltr'><strong>σκῶ-</strong></span> 
     </span>
    </p>
   </div>
   <div class='ocr_carea' id='block_1_12' title="bbox 46 1413 1551 1500">
    <p class='ocr_par' dir='ltr' id='par_1_12' title="bbox 46 1413 1551 1500">
     <span class='ocr_line' id='line_1_12' title="bbox 46 1413 1551 1500; baseline -0.001 -17"><span class='ocrx_word' id='word_1_84' title='bbox 46 1431 74 1496; x_wconf 75' lang='grc' dir='ltr'>Ξ</span> <span class='ocrx_word' id='word_1_85' title='bbox 118 1431 291 1500; x_wconf 74' lang='grc' dir='ltr'><strong>αὐτὴν</strong></span> <span class='ocrx_word' id='word_1_86' title='bbox 335 1429 673 1499; x_wconf 82' lang='grc' dir='ltr'><strong>ἡδυπαθείας</strong></span> <span class='ocrx_word' id='word_1_87' title='bbox 718 1427 971 1498; x_wconf 75' lang='grc' dir='ltr'><strong>ἔϐλαψεν.</strong></span> <span class='ocrx_word' id='word_1_88' title='bbox 995 1429 1152 1484; x_wconf 83' lang='grc' dir='ltr'><strong>Ἰδοὺ</strong></span> <span class='ocrx_word' id='word_1_89' title='bbox 1180 1431 1218 1497; x_wconf 73' lang='grc' dir='ltr'><strong><em>ἡ</em></strong></span> <span class='ocrx_word' id='word_1_90' title='bbox 1249 1413 1551 1497; x_wconf 68' lang='grc' dir='ltr'><strong>Παρθένιος</strong></span> 
     </span>
    </p>
   </div>
   <div class='ocr_carea' id='block_1_13' title="bbox 42 1516 1550 1593">
    <p class='ocr_par' dir='ltr' id='par_1_13' title="bbox 42 1516 1550 1593">
     <span class='ocr_line' id='line_1_13' title="bbox 42 1516 1550 1593; baseline -0.001 -18"><span class='ocrx_word' id='word_1_91' title='bbox 42 1544 43 1551; x_wconf 52' lang='grc' dir='ltr'><strong>η</strong></span> <span class='ocrx_word' id='word_1_92' title='bbox 79 1525 292 1590; x_wconf 77' lang='grc' dir='ltr'><strong>γαστρὶ</strong></span> <span class='ocrx_word' id='word_1_93' title='bbox 321 1521 608 1590; x_wconf 73' lang='grc' dir='ltr'><strong>λήψεταιο</strong></span> <span class='ocrx_word' id='word_1_94' title='bbox 640 1520 823 1578; x_wconf 82' lang='grc' dir='ltr'><strong>πόθεν,</strong></span> <span class='ocrx_word' id='word_1_95' title='bbox 858 1516 904 1575; x_wconf 82' lang='grc' dir='ltr'>ὧ</span> <span class='ocrx_word' id='word_1_96' title='bbox 948 1521 1236 1593; x_wconf 82' lang='grc' dir='ltr'><strong>προφῆτα;</strong></span> <span class='ocrx_word' id='word_1_97' title='bbox 1265 1521 1339 1573; x_wconf 81' lang='grc' dir='ltr'><strong>Οὐ</strong></span> <span class='ocrx_word' id='word_1_98' title='bbox 1387 1519 1550 1587; x_wconf 87' lang='grc' dir='ltr'><strong>λέγω,</strong></span> 
     </span>
    </p>
   </div>
   <div class='ocr_carea' id='block_1_14' title="bbox 41 1611 1554 1685">
    <p class='ocr_par' dir='ltr' id='par_1_14' title="bbox 41 1611 1554 1685">
     <span class='ocr_line' id='line_1_14' title="bbox 41 1611 1554 1685; baseline -0.003 -19"><span class='ocrx_word' id='word_1_99' title='bbox 41 1613 129 1683; x_wconf 87' lang='grc' dir='ltr'><strong>ισί.</strong></span> <span class='ocrx_word' id='word_1_100' title='bbox 167 1613 340 1666; x_wconf 87' lang='grc' dir='ltr'><strong>Τοῦτο</strong></span> <span class='ocrx_word' id='word_1_101' title='bbox 389 1614 498 1684; x_wconf 84' lang='grc' dir='ltr'><strong>γὰρ</strong></span> <span class='ocrx_word' id='word_1_102' title='bbox 550 1612 628 1685; x_wconf 82' lang='grc' dir='ltr'><strong>τῷ</strong></span> <span class='ocrx_word' id='word_1_103' title='bbox 675 1612 916 1684; x_wconf 73' lang='grc' dir='ltr'><strong>Γαϐριὴλ</strong></span> <span class='ocrx_word' id='word_1_104' title='bbox 962 1611 1330 1681; x_wconf 82' lang='grc' dir='ltr'><strong>πεφύλακται.</strong></span> <span class='ocrx_word' id='word_1_105' title='bbox 1363 1612 1554 1665; x_wconf 87' lang='grc' dir='ltr'><strong>Πολλοὶ</strong></span> 
     </span>
    </p>
   </div>
   <div class='ocr_carea' id='block_1_15' title="bbox 44 1702 1553 1774">
    <p class='ocr_par' dir='ltr' id='par_1_15' title="bbox 44 1702 1553 1774">
     <span class='ocr_line' id='line_1_15' title="bbox 44 1702 1553 1774; baseline 0.001 -18"><span class='ocrx_word' id='word_1_106' title='bbox 44 1722 71 1767; x_wconf 87' lang='grc' dir='ltr'><strong>ς</strong></span> <span class='ocrx_word' id='word_1_107' title='bbox 98 1703 365 1756; x_wconf 78' lang='grc' dir='ltr'><strong>Θεοτόκου</strong></span> <span class='ocrx_word' id='word_1_108' title='bbox 394 1703 729 1774; x_wconf 79' lang='grc' dir='ltr'><strong>διαιροῦνται</strong></span> <span class='ocrx_word' id='word_1_109' title='bbox 750 1703 820 1756; x_wconf 81' lang='grc' dir='ltr'><strong>τὸ.</strong></span> <span class='ocrx_word' id='word_1_110' title='bbox 843 1702 1118 1773; x_wconf 78' lang='grc' dir='ltr'><strong>θαύματα,</strong></span> <span class='ocrx_word' id='word_1_111' title='bbox 1136 1703 1306 1757; x_wconf 80' lang='grc' dir='ltr'><strong>πολλὰ</strong></span> <span class='ocrx_word' id='word_1_112' title='bbox 1326 1703 1380 1756; x_wconf 78' lang='grc' dir='ltr'><strong>δὲ</strong></span> <span class='ocrx_word' id='word_1_113' title='bbox 1403 1704 1553 1773; x_wconf 86' lang='grc' dir='ltr'><strong>ὅμως</strong></span> 
     </span>
    </p>
   </div>
   <div class='ocr_carea' id='block_1_16' title="bbox 41 1781 1631 1867">
    <p class='ocr_par' dir='ltr' id='par_1_16' title="bbox 41 1781 1631 1867">
     <span class='ocr_line' id='line_1_16' title="bbox 41 1781 1631 1867; baseline 0.001 -21"><span class='ocrx_word' id='word_1_114' title='bbox 41 1795 68 1846; x_wconf 79' lang='grc' dir='ltr'><strong>.ὶ</strong></span> <span class='ocrx_word' id='word_1_115' title='bbox 100 1794 161 1858; x_wconf 74' lang='grc' dir='ltr'><strong>ἐξ</strong></span> <span class='ocrx_word' id='word_1_116' title='bbox 191 1793 373 1846; x_wconf 74' lang='grc' dir='ltr'><strong>αὐτῶν</strong></span> <span class='ocrx_word' id='word_1_117' title='bbox 409 1794 845 1867; x_wconf 80' lang='grc' dir='ltr'><strong>παραλέλειπται</strong></span> <span class='ocrx_word' id='word_1_118' title='bbox 869 1810 882 1824; x_wconf 77' lang='grc' dir='ltr'><strong><em>ο</em></strong></span> <span class='ocrx_word' id='word_1_119' title='bbox 930 1793 1071 1865; x_wconf 77' lang='grc' dir='ltr'><strong>πλὴν</strong></span> <span class='ocrx_word' id='word_1_120' title='bbox 1116 1793 1225 1862; x_wconf 75' lang='grc' dir='ltr'><strong>ἐγὼ</strong></span> <span class='ocrx_word' id='word_1_121' title='bbox 1266 1793 1357 1847; x_wconf 83' lang='grc' dir='ltr'><strong>τὸν</strong></span> <span class='ocrx_word' id='word_1_122' title='bbox 1398 1795 1555 1847; x_wconf 81' lang='grc' dir='ltr'><strong>τόκον</strong></span> <span class='ocrx_word' id='word_1_123' title='bbox 1590 1781 1631 1834; x_wconf 77' lang='grc' dir='ltr'><strong><em>Β</em></strong></span> 
     </span>
    </p>
   </div>
   <div class='ocr_carea' id='block_1_17' title="bbox 44 1884 1554 1956">
    <p class='ocr_par' dir='ltr' id='par_1_17' title="bbox 44 1884 1554 1956">
     <span class='ocr_line' id='line_1_17' title="bbox 44 1884 1554 1956; baseline 0.002 -19"><span class='ocrx_word' id='word_1_124' title='bbox 44 1904 72 1948; x_wconf 88' lang='grc' dir='ltr'><strong><em>ς</em></strong></span> <span class='ocrx_word' id='word_1_125' title='bbox 97 1884 492 1955; x_wconf 84' lang='grc' dir='ltr'><strong>Ἀειπαρθένου</strong></span> <span class='ocrx_word' id='word_1_126' title='bbox 525 1886 893 1955; x_wconf 76' lang='grc' dir='ltr'><strong>πεπίστευμαι</strong></span> <span class='ocrx_word' id='word_1_127' title='bbox 915 1901 930 1917; x_wconf 76' lang='grc' dir='ltr'><strong>ο</strong></span> <span class='ocrx_word' id='word_1_128' title='bbox 971 1884 1231 1955; x_wconf 83' lang='grc' dir='ltr'><strong>Μιχαίας,</strong></span> <span class='ocrx_word' id='word_1_129' title='bbox 1250 1885 1341 1938; x_wconf 81' lang='grc' dir='ltr'><strong>τὸν</strong></span> <span class='ocrx_word' id='word_1_130' title='bbox 1379 1885 1554 1956; x_wconf 89' lang='grc' dir='ltr'><strong>χῶρον</strong></span> 
     </span>
    </p>
   </div>
   <div class='ocr_carea' id='block_1_18' title="bbox 52 1970 1555 2049">
    <p class='ocr_par' dir='ltr' id='par_1_18' title="bbox 52 1970 1555 2049">
     <span class='ocr_line' id='line_1_18' title="bbox 52 1970 1555 2049; baseline 0.001 -20"><span class='ocrx_word' id='word_1_131' title='bbox 52 1970 97 2045; x_wconf 80' lang='grc' dir='ltr'>ᾧ</span> <span class='ocrx_word' id='word_1_132' title='bbox 115 1977 172 2029; x_wconf 82' lang='grc' dir='ltr'><strong>τὸ</strong></span> <span class='ocrx_word' id='word_1_133' title='bbox 198 1976 394 2045; x_wconf 76' lang='grc' dir='ltr'><strong>θαῦμα</strong></span> <span class='ocrx_word' id='word_1_134' title='bbox 430 1978 778 2049; x_wconf 84' lang='grc' dir='ltr'><strong>πέπρακται·</strong></span> <span class='ocrx_word' id='word_1_135' title='bbox 815 1975 999 2041; x_wconf 70' lang='grc' dir='ltr'><strong>Δαεὶδ,</strong></span> <span class='ocrx_word' id='word_1_136' title='bbox 1025 1976 1118 2029; x_wconf 78' lang='grc' dir='ltr'><strong>τὸν</strong></span> <span class='ocrx_word' id='word_1_137' title='bbox 1148 1975 1358 2046; x_wconf 80' lang='grc' dir='ltr'><strong>καιρόν.</strong></span> <span class='ocrx_word' id='word_1_138' title='bbox 1384 1976 1555 2040; x_wconf 80' lang='grc' dir='ltr'><strong>Αὐτὸς</strong></span> 
     </span>
    </p>
   </div>
   <div class='ocr_carea' id='block_1_19' title="bbox 44 2064 1553 2140">
    <p class='ocr_par' dir='ltr' id='par_1_19' title="bbox 44 2064 1553 2140">
     <span class='ocr_line' id='line_1_19' title="bbox 44 2064 1553 2140; baseline -0.002 -18"><span class='ocrx_word' id='word_1_139' title='bbox 44 2085 74 2140; x_wconf 88' lang='grc' dir='ltr'><strong>ρ</strong></span> <span class='ocrx_word' id='word_1_140' title='bbox 102 2068 184 2133; x_wconf 85' lang='grc' dir='ltr'><strong>τὸ,</strong></span> <span class='ocrx_word' id='word_1_141' title='bbox 214 2069 316 2122; x_wconf 66' lang='grc' dir='ltr'><strong>Ἐκ</strong></span> <span class='ocrx_word' id='word_1_142' title='bbox 347 2070 621 2138; x_wconf 68' lang='grc' dir='ltr'><strong>γαστρὸς</strong></span> <span class='ocrx_word' id='word_1_143' title='bbox 647 2067 761 2136; x_wconf 75' lang='grc' dir='ltr'><strong>πρὸ</strong></span> <span class='ocrx_word' id='word_1_144' title='bbox 791 2067 1102 2137; x_wconf 70' lang='grc' dir='ltr'><strong>ἑωσφόρον</strong></span> <span class='ocrx_word' id='word_1_145' title='bbox 1124 2064 1424 2136; x_wconf 62' lang='lat' dir='ltr'><strong>cremati</strong></span> <span class='ocrx_word' id='word_1_146' title='bbox 1458 2081 1553 2128; x_wconf 84' lang='grc' dir='ltr'><strong>σε,</strong></span> 
     </span>
    </p>
   </div>
   <div class='ocr_carea' id='block_1_20' title="bbox 64 2157 1557 2230">
    <p class='ocr_par' dir='ltr' id='par_1_20' title="bbox 64 2157 1557 2230">
     <span class='ocr_line' id='line_1_20' title="bbox 64 2157 1557 2230; baseline -0.003 -16"><span class='ocrx_word' id='word_1_147' title='bbox 64 2160 172 2215; x_wconf 85' lang='grc' dir='ltr'><strong>τῶν</strong></span> <span class='ocrx_word' id='word_1_148' title='bbox 200 2160 463 2229; x_wconf 66' lang='grc' dir='ltr'><strong>Ψαλμῶν</strong></span> <span class='ocrx_word' id='word_1_149' title='bbox 493 2159 805 2230; x_wconf 73' lang='grc' dir='ltr'><strong>προφητείᾳ</strong></span> <span class='ocrx_word' id='word_1_150' title='bbox 832 2159 1081 2228; x_wconf 76' lang='grc' dir='ltr'><strong>ἐνέθηκε.</strong></span> <span class='ocrx_word' id='word_1_151' title='bbox 1112 2157 1354 2228; x_wconf 78' lang='grc' dir='ltr'><strong>Γαϐριὴλ</strong></span> <span class='ocrx_word' id='word_1_152' title='bbox 1375 2158 1557 2211; x_wconf 82' lang='grc' dir='ltr'><strong>τοίνυν</strong></span> 
     </span>
    </p>
   </div>
   <div class='ocr_carea' id='block_1_21' title="bbox 41 2247 1552 2320">
    <p class='ocr_par' dir='ltr' id='par_1_21' title="bbox 41 2247 1552 2320">
     <span class='ocr_line' id='line_1_21' title="bbox 41 2247 1552 2320; baseline -0.003 -18"><span class='ocrx_word' id='word_1_153' title='bbox 41 2254 90 2304; x_wconf 82' lang='grc' dir='ltr'><strong>εἰ</strong></span> <span class='ocrx_word' id='word_1_154' title='bbox 112 2251 190 2312; x_wconf 75' lang='grc' dir='ltr'><strong>τὸ,</strong></span> <span class='ocrx_word' id='word_1_155' title='bbox 227 2250 425 2304; x_wconf 75' lang='grc' dir='ltr'><strong>πόθεν.</strong></span> <span class='ocrx_word' id='word_1_156' title='bbox 450 2251 692 2312; x_wconf 82' lang='grc' dir='ltr'><strong>Ἐκεῖνος</strong></span> <span class='ocrx_word' id='word_1_157' title='bbox 711 2248 818 2317; x_wconf 80' lang='grc' dir='ltr'><strong>γὰρ</strong></span> <span class='ocrx_word' id='word_1_158' title='bbox 845 2247 905 2314; x_wconf 74' lang='grc' dir='ltr'>ἐξ</span> <span class='ocrx_word' id='word_1_159' title='bbox 929 2248 1161 2318; x_wconf 78' lang='grc' dir='ltr'><strong>οὐρανοῦ</strong></span> <span class='ocrx_word' id='word_1_160' title='bbox 1193 2248 1552 2320; x_wconf 79' lang='grc' dir='ltr'><strong>κατέρχεται·</strong></span> 
     </span>
    </p>
   </div>
   <div class='ocr_carea' id='block_1_22' title="bbox 41 2340 1553 2411">
    <p class='ocr_par' dir='ltr' id='par_1_22' title="bbox 41 2340 1553 2411">
     <span class='ocr_line' id='line_1_22' title="bbox 41 2340 1553 2411; baseline -0.003 -15"><span class='ocrx_word' id='word_1_161' title='bbox 41 2345 178 2406; x_wconf 85' lang='grc' dir='ltr'><strong>εἰνος</strong></span> <span class='ocrx_word' id='word_1_162' title='bbox 207 2342 294 2396; x_wconf 72' lang='grc' dir='ltr'><strong>ἐπ’</strong></span> <span class='ocrx_word' id='word_1_163' title='bbox 317 2341 460 2396; x_wconf 77' lang='grc' dir='ltr'><strong>αὐτὸ</strong></span> <span class='ocrx_word' id='word_1_164' title='bbox 496 2342 654 2395; x_wconf 85' lang='grc' dir='ltr'><strong>τοῦτο</strong></span> <span class='ocrx_word' id='word_1_165' title='bbox 681 2341 773 2393; x_wconf 73' lang='grc' dir='ltr'><strong>ἐπὶ</strong></span> <span class='ocrx_word' id='word_1_166' title='bbox 800 2340 899 2409; x_wconf 80' lang='grc' dir='ltr'><strong>τὴν</strong></span> <span class='ocrx_word' id='word_1_167' title='bbox 931 2340 1202 2411; x_wconf 82' lang='grc' dir='ltr'><strong>Παρθένον</strong></span> <span class='ocrx_word' id='word_1_168' title='bbox 1235 2340 1553 2410; x_wconf 82' lang='grc' dir='ltr'><strong>πέμπεται·</strong></span> 
     </span>
    </p>
   </div>
   <div class='ocr_carea' id='block_1_23' title="bbox 42 2431 1558 2503">
    <p class='ocr_par' dir='ltr' id='par_1_23' title="bbox 42 2431 1558 2503">
     <span class='ocr_line' id='line_1_23' title="bbox 42 2431 1558 2503; baseline -0.003 -17"><span class='ocrx_word' id='word_1_169' title='bbox 42 2436 180 2496; x_wconf 84' lang='grc' dir='ltr'><strong>εϊνος</strong></span> <span class='ocrx_word' id='word_1_170' title='bbox 207 2436 265 2486; x_wconf 81' lang='grc' dir='ltr'><strong>ὲν</strong></span> <span class='ocrx_word' id='word_1_171' title='bbox 297 2433 481 2503; x_wconf 80' lang='grc' dir='ltr'><strong>καιρῷ</strong></span> <span class='ocrx_word' id='word_1_172' title='bbox 508 2432 600 2486; x_wconf 87' lang='grc' dir='ltr'><strong>τοῦ</strong></span> <span class='ocrx_word' id='word_1_173' title='bbox 631 2433 791 2486; x_wconf 80' lang='grc' dir='ltr'><strong>τόκου</strong></span> <span class='ocrx_word' id='word_1_174' title='bbox 822 2433 1206 2501; x_wconf 80' lang='grc' dir='ltr'><strong>παραγίνεται,</strong></span> <span class='ocrx_word' id='word_1_175' title='bbox 1239 2431 1446 2486; x_wconf 76' lang='grc' dir='ltr'><strong>καὶτοῦ</strong></span> <span class='ocrx_word' id='word_1_176' title='bbox 1474 2433 1558 2483; x_wconf 76' lang='lat'><strong>:6—</strong></span> 
     </span>
    </p>
   </div>
   <div class='ocr_carea' id='block_1_24' title="bbox 44 2523 1556 2595">
    <p class='ocr_par' dir='ltr' id='par_1_24' title="bbox 44 2523 1556 2595">
     <span class='ocr_line' id='line_1_24' title="bbox 44 2523 1556 2595; baseline 0 -19"><span class='ocrx_word' id='word_1_177' title='bbox 44 2544 72 2576; x_wconf 83' lang='grc' dir='ltr'><strong>υ</strong></span> <span class='ocrx_word' id='word_1_178' title='bbox 103 2525 202 2595; x_wconf 85' lang='grc' dir='ltr'><strong>τὴν</strong></span> <span class='ocrx_word' id='word_1_179' title='bbox 229 2525 531 2579; x_wconf 76' lang='grc' dir='ltr'><strong>ὑπόστασιν</strong></span> <span class='ocrx_word' id='word_1_180' title='bbox 579 2524 892 2591; x_wconf 76' lang='grc' dir='ltr'><strong>ἀναγκαίως</strong></span> <span class='ocrx_word' id='word_1_181' title='bbox 939 2525 1275 2595; x_wconf 71' lang='grc' dir='ltr'><strong>ἑρμηνεῦσαι</strong></span> <span class='ocrx_word' id='word_1_182' title='bbox 1303 2523 1556 2577; x_wconf 78' lang='grc' dir='ltr'><strong>πιστεύε-</strong></span> 
     </span>
    </p>
   </div>
   <div class='ocr_carea' id='block_1_25' title="bbox 41 2614 1557 2685">
    <p class='ocr_par' dir='ltr' id='par_1_25' title="bbox 41 2614 1557 2685">
     <span class='ocr_line' id='line_1_25' title="bbox 41 2614 1557 2685; baseline 0.003 -19"><span class='ocrx_word' id='word_1_183' title='bbox 41 2634 86 2670; x_wconf 91' lang='grc' dir='ltr'><strong>.ι.</strong></span> <span class='ocrx_word' id='word_1_184' title='bbox 120 2617 182 2670; x_wconf 86' lang='grc' dir='ltr'><strong>Εί</strong></span> <span class='ocrx_word' id='word_1_185' title='bbox 216 2616 275 2670; x_wconf 67' lang='grc' dir='ltr'><strong>δὲ</strong></span> <span class='ocrx_word' id='word_1_186' title='bbox 310 2615 407 2669; x_wconf 75' lang='grc' dir='ltr'><strong>καὶ</strong></span> <span class='ocrx_word' id='word_1_187' title='bbox 449 2615 579 2685; x_wconf 80' lang='grc' dir='ltr'><strong>παρ’</strong></span> <span class='ocrx_word' id='word_1_188' title='bbox 602 2614 736 2683; x_wconf 75' lang='grc' dir='ltr'><strong>ἐμοῦ</strong></span> <span class='ocrx_word' id='word_1_189' title='bbox 767 2614 1059 2684; x_wconf 82' lang='grc' dir='ltr'><strong>μανθάνειν</strong></span> <span class='ocrx_word' id='word_1_190' title='bbox 1087 2615 1285 2678; x_wconf 81' lang='grc' dir='ltr'><strong>θέλεις,</strong></span> <span class='ocrx_word' id='word_1_191' title='bbox 1316 2615 1386 2669; x_wconf 84' lang='grc' dir='ltr'><strong>τὰ</strong></span> <span class='ocrx_word' id='word_1_192' title='bbox 1428 2615 1557 2681; x_wconf 76' lang='grc' dir='ltr'><strong>ἑξῆς</strong></span> 
     </span>
    </p>
   </div>
   <div class='ocr_carea' id='block_1_26' title="bbox 41 2704 1557 2779">
    <p class='ocr_par' dir='ltr' id='par_1_26' title="bbox 41 2704 1557 2779">
     <span class='ocr_line' id='line_1_26' title="bbox 41 2704 1557 2779; baseline -0.001 -20"><span class='ocrx_word' id='word_1_193' title='bbox 41 2725 78 2776; x_wconf 49' lang='grc' dir='ltr'><strong>ις</strong></span> <span class='ocrx_word' id='word_1_194' title='bbox 105 2704 451 2779; x_wconf 81' lang='grc' dir='ltr'><strong>προφητείας</strong></span> <span class='ocrx_word' id='word_1_195' title='bbox 474 2704 670 2758; x_wconf 76' lang='grc' dir='ltr'><strong>ἔπελθε</strong></span> <span class='ocrx_word' id='word_1_196' title='bbox 694 2721 708 2737; x_wconf 87' lang='grc'><strong>·</strong></span> <span class='ocrx_word' id='word_1_197' title='bbox 734 2705 844 2759; x_wconf 73' lang='grc' dir='ltr'><strong>Καὶ</strong></span> <span class='ocrx_word' id='word_1_198' title='bbox 876 2704 1105 2770; x_wconf 77' lang='grc' dir='ltr'><strong>τέξεται</strong></span> <span class='ocrx_word' id='word_1_199' title='bbox 1138 2708 1294 2770; x_wconf 76' lang='grc' dir='ltr'><strong>υἱὸν,</strong></span> <span class='ocrx_word' id='word_1_200' title='bbox 1325 2706 1422 2759; x_wconf 80' lang='grc' dir='ltr'><strong>καὶ</strong></span> <span class='ocrx_word' id='word_1_201' title='bbox 1452 2721 1557 2758; x_wconf 77' lang='grc' dir='ltr'><strong>κα-</strong></span> 
     </span>
    </p>
   </div>
   <div class='ocr_carea' id='block_1_27' title="bbox 41 2793 1558 2864">
    <p class='ocr_par' dir='ltr' id='par_1_27' title="bbox 41 2793 1558 2864">
     <span class='ocr_line' id='line_1_27' title="bbox 41 2793 1558 2864; baseline 0.003 -18"><span class='ocrx_word' id='word_1_202' title='bbox 41 2797 237 2850; x_wconf 73' lang='grc' dir='ltr'><strong>ἱσουσι</strong></span> <span class='ocrx_word' id='word_1_203' title='bbox 261 2797 328 2848; x_wconf 87' lang='grc' dir='ltr'><strong>τὸ</strong></span> <span class='ocrx_word' id='word_1_204' title='bbox 387 2793 570 2862; x_wconf 74' lang='grc' dir='ltr'><strong>ὄνομα</strong></span> <span class='ocrx_word' id='word_1_205' title='bbox 591 2794 777 2848; x_wconf 82' lang='grc' dir='ltr'><strong>αὐτοῦ</strong></span> <span class='ocrx_word' id='word_1_206' title='bbox 810 2795 1207 2864; x_wconf 76' lang='grc' dir='ltr'><strong>Ἐμμανουήλ.</strong></span> <span class='ocrx_word' id='word_1_207' title='bbox 1246 2796 1310 2848; x_wconf 91' lang='grc' dir='ltr'><strong>Τί</strong></span> <span class='ocrx_word' id='word_1_208' title='bbox 1330 2795 1387 2849; x_wconf 87' lang='grc' dir='ltr'><strong>δέ</strong></span> <span class='ocrx_word' id='word_1_209' title='bbox 1411 2799 1558 2850; x_wconf 78' lang='grc' dir='ltr'><strong>ἐστιν</strong></span> 
     </span>
    </p>
   </div>
   <div class='ocr_carea' id='block_1_28' title="bbox 41 2884 1558 2955">
    <p class='ocr_par' dir='ltr' id='par_1_28' title="bbox 41 2884 1558 2955">
     <span class='ocr_line' id='line_1_28' title="bbox 41 2884 1558 2955; baseline 0.002 -18"><span class='ocrx_word' id='word_1_210' title='bbox 41 2884 374 2955; x_wconf 72' lang='grc' dir='ltr'><strong>Ξμμανουήλς</strong></span> <span class='ocrx_word' id='word_1_211' title='bbox 397 2884 716 2952; x_wconf 75' lang='grc' dir='ltr'><strong>Μεθ’ἠμῶν</strong></span> <span class='ocrx_word' id='word_1_212' title='bbox 736 2888 768 2940; x_wconf 85' lang='grc' dir='ltr'><em>ὁ</em></span> <span class='ocrx_word' id='word_1_213' title='bbox 786 2886 953 2950; x_wconf 83' lang='grc' dir='ltr'><strong>Θεός.</strong></span> <span class='ocrx_word' id='word_1_214' title='bbox 976 2886 1069 2954; x_wconf 83' lang='grc' dir='ltr'><strong>Μὴ</strong></span> <span class='ocrx_word' id='word_1_215' title='bbox 1093 2887 1270 2938; x_wconf 85' lang='grc' dir='ltr'><strong>τοίνυν</strong></span> <span class='ocrx_word' id='word_1_216' title='bbox 1292 2885 1425 2949; x_wconf 76' lang='grc' dir='ltr'><strong>Θεὸς</strong></span> <span class='ocrx_word' id='word_1_217' title='bbox 1450 2887 1558 2941; x_wconf 76' lang='grc' dir='ltr'><strong>ἀπὸ</strong></span> 
     </span>
    </p>
   </div>
   <div class='ocr_carea' id='block_1_29' title="bbox 41 2975 1560 3047">
    <p class='ocr_par' dir='ltr' id='par_1_29' title="bbox 41 2975 1560 3047">
     <span class='ocr_line' id='line_1_29' title="bbox 41 2975 1560 3047; baseline 0.001 -18"><span class='ocrx_word' id='word_1_218' title='bbox 41 2978 167 3047; x_wconf 61' lang='lat' dir='ltr'><strong>tuon</strong></span> <span class='ocrx_word' id='word_1_219' title='bbox 190 2977 288 3030; x_wconf 80' lang='grc' dir='ltr'><strong>καὶ</strong></span> <span class='ocrx_word' id='word_1_220' title='bbox 316 2975 523 3046; x_wconf 74' lang='grc' dir='ltr'><strong>φθορᾶς</strong></span> <span class='ocrx_word' id='word_1_221' title='bbox 549 2976 1008 3046; x_wconf 70' lang='grc' dir='ltr'><strong>συλλαμϐάνεται,</strong></span> <span class='ocrx_word' id='word_1_222' title='bbox 1040 2978 1133 3030; x_wconf 80' lang='grc' dir='ltr'><strong>καὶ</strong></span> <span class='ocrx_word' id='word_1_223' title='bbox 1163 2976 1222 3041; x_wconf 78' lang='grc' dir='ltr'>ἐξ</span> <span class='ocrx_word' id='word_1_224' title='bbox 1254 2977 1444 3046; x_wconf 78' lang='grc' dir='ltr'><strong>ἀνδρὸς</strong></span> <span class='ocrx_word' id='word_1_225' title='bbox 1466 2979 1560 3031; x_wconf 72' lang='grc' dir='ltr'><strong>καὶ⁹</strong></span> 
     </span>
    </p>
   </div>
   <div class='ocr_carea' id='block_1_30' title="bbox 41 3055 1558 3138">
    <p class='ocr_par' dir='ltr' id='par_1_30' title="bbox 41 3055 1558 3138">
     <span class='ocr_line' id='line_1_30' title="bbox 41 3055 1558 3138; baseline 0.002 -19"><span class='ocrx_word' id='word_1_226' title='bbox 41 3057 170 3137; x_wconf 74' lang='grc' dir='ltr'><strong>ιίτης</strong></span> <span class='ocrx_word' id='word_1_227' title='bbox 197 3066 458 3136; x_wconf 79' lang='grc' dir='ltr'><strong>τεχθῆναι</strong></span> <span class='ocrx_word' id='word_1_228' title='bbox 508 3066 542 3138; x_wconf 77' lang='grc' dir='ltr'><strong>ἢ</strong></span> <span class='ocrx_word' id='word_1_229' title='bbox 591 3066 940 3137; x_wconf 63' lang='grc' dir='ltr'><strong>σαρκωθῑψαι</strong></span> <span class='ocrx_word' id='word_1_230' title='bbox 982 3055 1240 3131; x_wconf 76' lang='grc' dir='ltr'><strong>δύναταις</strong></span> <span class='ocrx_word' id='word_1_231' title='bbox 1270 3068 1558 3138; x_wconf 83' lang='grc' dir='ltr'><strong>Οὐδαμῶς,</strong></span> 
     </span>
    </p>
   </div>
   <div class='ocr_carea' id='block_1_31' title="bbox 41 3156 1558 3234">
    <p class='ocr_par' dir='ltr' id='par_1_31' title="bbox 41 3156 1558 3234">
     <span class='ocr_line' id='line_1_31' title="bbox 41 3156 1558 3234; baseline 0.001 -24"><span class='ocrx_word' id='word_1_232' title='bbox 41 3157 100 3210; x_wconf 76' lang='grc' dir='ltr'><strong>.λ’</strong></span> <span class='ocrx_word' id='word_1_233' title='bbox 121 3157 187 3234; x_wconf 28' lang='grc' dir='ltr'><strong>ἐξ,</strong></span> <span class='ocrx_word' id='word_1_234' title='bbox 210 3156 494 3227; x_wconf 70' lang='grc' dir='ltr'><strong>ἐνεργείας</strong></span> <span class='ocrx_word' id='word_1_235' title='bbox 538 3156 695 3222; x_wconf 81' lang='grc' dir='ltr'><strong>Θεοῦ,</strong></span> <span class='ocrx_word' id='word_1_236' title='bbox 728 3158 789 3222; x_wconf 81' lang='grc' dir='ltr'>ἐξ</span> <span class='ocrx_word' id='word_1_237' title='bbox 832 3158 1239 3226; x_wconf 77' lang='grc' dir='ltr'><strong>ἐπιφυτεύσεως</strong></span> <span class='ocrx_word' id='word_1_238' title='bbox 1283 3157 1558 3228; x_wconf 75' lang='grc' dir='ltr'><strong>Ὑψίστου,</strong></span> 
     </span>
    </p>
   </div>
   <div class='ocr_carea' id='block_1_32' title="bbox 41 3245 1565 3321">
    <p class='ocr_par' dir='ltr' id='par_1_32' title="bbox 41 3245 1565 3321">
     <span class='ocr_line' id='line_1_32' title="bbox 41 3245 1565 3321; baseline -0.001 -18"><span class='ocrx_word' id='word_1_239' title='bbox 41 3266 51 3303; x_wconf 80' lang='grc' dir='ltr'><strong>ι</strong></span> <span class='ocrx_word' id='word_1_240' title='bbox 83 3249 392 3321; x_wconf 80' lang='grc' dir='ltr'><strong>παρουσίας</strong></span> <span class='ocrx_word' id='word_1_241' title='bbox 416 3249 764 3318; x_wconf 84' lang='grc' dir='ltr'><strong>Πνεύματος.</strong></span> <span class='ocrx_word' id='word_1_242' title='bbox 795 3249 859 3302; x_wconf 87' lang='grc' dir='ltr'><strong>Τί</strong></span> <span class='ocrx_word' id='word_1_243' title='bbox 900 3249 1008 3320; x_wconf 80' lang='grc' dir='ltr'><strong>γὰρ</strong></span> <span class='ocrx_word' id='word_1_244' title='bbox 1038 3245 1129 3302; x_wconf 83' lang='grc' dir='ltr'><strong>οὖν</strong></span> <span class='ocrx_word' id='word_1_245' title='bbox 1158 3249 1322 3318; x_wconf 74' lang='grc' dir='ltr'><strong>ἡνίκα</strong></span> <span class='ocrx_word' id='word_1_246' title='bbox 1354 3251 1388 3318; x_wconf 80' lang='grc' dir='ltr'><strong>ἡ</strong></span> <span class='ocrx_word' id='word_1_247' title='bbox 1416 3250 1565 3319; x_wconf 77' lang='grc' dir='ltr'><strong>Παρ·</strong></span> 
     </span>
    </p>
   </div>
   <div class='ocr_carea' id='block_1_33' title="bbox 41 3339 1560 3410">
    <p class='ocr_par' dir='ltr' id='par_1_33' title="bbox 41 3339 1560 3410">
     <span class='ocr_line' id='line_1_33' title="bbox 41 3339 1560 3410; baseline 0.001 -18"><span class='ocrx_word' id='word_1_248' title='bbox 41 3340 140 3403; x_wconf 72' lang='lat' dir='ltr'><strong>Eva;</strong></span> <span class='ocrx_word' id='word_1_249' title='bbox 164 3343 303 3410; x_wconf 84' lang='grc' dir='ltr'><strong>πρὸς</strong></span> <span class='ocrx_word' id='word_1_250' title='bbox 322 3340 680 3410; x_wconf 67' lang='grc' dir='ltr'><strong>τὸνιΓαὸριὴλ</strong></span> <span class='ocrx_word' id='word_1_251' title='bbox 702 3339 855 3407; x_wconf 71' lang='grc' dir='ltr'><strong>ἔλεγε</strong></span> <span class='ocrx_word' id='word_1_252' title='bbox 870 3357 884 3370; x_wconf 70' lang='grc' dir='ltr'>σ</span> <span class='ocrx_word' id='word_1_253' title='bbox 907 3339 1040 3405; x_wconf 86' lang='grc' dir='ltr'><strong>Πῶς</strong></span> <span class='ocrx_word' id='word_1_254' title='bbox 1058 3340 1228 3393; x_wconf 78' lang='grc' dir='ltr'><strong>ἔσται</strong></span> <span class='ocrx_word' id='word_1_255' title='bbox 1241 3356 1345 3408; x_wconf 78' lang='grc' dir='ltr'><strong>μοι</strong></span> <span class='ocrx_word' id='word_1_256' title='bbox 1366 3339 1560 3403; x_wconf 81' lang='grc' dir='ltr'><strong>τοῦτο,</strong></span> 
     </span>
    </p>
   </div>
   <div class='ocr_carea' id='block_1_34' title="bbox 41 3430 1564 3502">
    <p class='ocr_par' dir='ltr' id='par_1_34' title="bbox 41 3430 1564 3502">
     <span class='ocr_line' id='line_1_34' title="bbox 41 3430 1564 3502; baseline -0.001 -16"><span class='ocrx_word' id='word_1_257' title='bbox 41 3433 118 3488; x_wconf 73' lang='lat' dir='ltr'><strong>tsi</strong></span> <span class='ocrx_word' id='word_1_258' title='bbox 150 3433 344 3502; x_wconf 73' lang='grc' dir='ltr'><strong>ἄνδρα</strong></span> <span class='ocrx_word' id='word_1_259' title='bbox 364 3435 436 3487; x_wconf 83' lang='grc' dir='ltr'><strong>οὐ</strong></span> <span class='ocrx_word' id='word_1_260' title='bbox 456 3431 723 3501; x_wconf 74' lang='grc' dir='ltr'><strong>γινώσκω</strong></span> <span class='ocrx_word' id='word_1_261' title='bbox 740 3447 760 3496; x_wconf 85' lang='grc'><em>;</em></span> <span class='ocrx_word' id='word_1_262' title='bbox 779 3430 923 3484; x_wconf 81' lang='grc' dir='ltr'><strong>τοῦτ’</strong></span> <span class='ocrx_word' id='word_1_263' title='bbox 946 3430 1114 3499; x_wconf 54' lang='grc' dir='ltr'><strong>ἐστιν,</strong></span> <span class='ocrx_word' id='word_1_264' title='bbox 1146 3430 1473 3499; x_wconf 83' lang='grc' dir='ltr'><strong>Ἐκπλήττει</strong></span> <span class='ocrx_word' id='word_1_265' title='bbox 1498 3447 1564 3500; x_wconf 88' lang='grc' dir='ltr'><strong>με</strong></span> 
     </span>
    </p>
   </div>
   <div class='ocr_carea' id='block_1_35' title="bbox 41 3518 1566 3593">
    <p class='ocr_par' dir='ltr' id='par_1_35' title="bbox 41 3518 1566 3593">
     <span class='ocr_line' id='line_1_35' title="bbox 41 3518 1566 3593; baseline -0.002 -18"><span class='ocrx_word' id='word_1_266' title='bbox 41 3544 50 3575; x_wconf 67' lang='grc' dir='ltr'><strong>ι</strong></span> <span class='ocrx_word' id='word_1_267' title='bbox 79 3521 290 3593; x_wconf 85' lang='grc' dir='ltr'><strong>θαῦμα,</strong></span> <span class='ocrx_word' id='word_1_268' title='bbox 320 3522 688 3590; x_wconf 81' lang='grc' dir='ltr'><strong>καταπλήττει</strong></span> <span class='ocrx_word' id='word_1_269' title='bbox 740 3538 806 3589; x_wconf 87' lang='grc' dir='ltr'><strong>με</strong></span> <span class='ocrx_word' id='word_1_270' title='bbox 843 3520 905 3572; x_wconf 87' lang='grc' dir='ltr'><strong>τδ</strong></span> <span class='ocrx_word' id='word_1_271' title='bbox 935 3520 1106 3588; x_wconf 78' lang='grc' dir='ltr'><strong>ῥῆμα,</strong></span> <span class='ocrx_word' id='word_1_272' title='bbox 1139 3520 1235 3573; x_wconf 72' lang='grc' dir='ltr'><strong>καὶ</strong></span> <span class='ocrx_word' id='word_1_273' title='bbox 1274 3522 1303 3573; x_wconf 86' lang='grc' dir='ltr'><strong><em>ὁ</em></strong></span> <span class='ocrx_word' id='word_1_274' title='bbox 1338 3518 1434 3573; x_wconf 89' lang='grc' dir='ltr'><strong>τοῦ</strong></span> <span class='ocrx_word' id='word_1_275' title='bbox 1464 3522 1566 3589; x_wconf 83' lang='grc' dir='ltr'><strong>ἀγ-</strong></span> 
     </span>
    </p>
   </div>
   <div class='ocr_carea' id='block_1_36' title="bbox 41 3610 1567 3685">
    <p class='ocr_par' dir='ltr' id='par_1_36' title="bbox 41 3610 1567 3685">
     <span class='ocr_line' id='line_1_36' title="bbox 41 3610 1567 3685; baseline -0.002 -18"><span class='ocrx_word' id='word_1_276' title='bbox 41 3613 152 3669; x_wconf 77' lang='grc' dir='ltr'><strong>Ξλου</strong></span> <span class='ocrx_word' id='word_1_277' title='bbox 183 3613 568 3685; x_wconf 79' lang='grc' dir='ltr'><strong>χρηματισμὸς</strong></span> <span class='ocrx_word' id='word_1_278' title='bbox 603 3612 699 3682; x_wconf 83' lang='grc' dir='ltr'><strong>τὴν</strong></span> <span class='ocrx_word' id='word_1_279' title='bbox 732 3610 1010 3680; x_wconf 79' lang='grc' dir='ltr'><strong>Παρθένον</strong></span> <span class='ocrx_word' id='word_1_280' title='bbox 1045 3610 1288 3680; x_wconf 77' lang='grc' dir='ltr'><strong>ἐξίστησι</strong></span> <span class='ocrx_word' id='word_1_281' title='bbox 1309 3650 1324 3675; x_wconf 90' lang='grc'><strong>,</strong></span> <span class='ocrx_word' id='word_1_282' title='bbox 1357 3611 1567 3680; x_wconf 84' lang='grc' dir='ltr'><strong>θαυμα-</strong></span> 
     </span>
    </p>
   </div>
   <div class='ocr_carea' id='block_1_37' title="bbox 41 3700 1566 3772">
    <p class='ocr_par' dir='ltr' id='par_1_37' title="bbox 41 3700 1566 3772">
     <span class='ocr_line' id='line_1_37' title="bbox 41 3700 1566 3772; baseline -0.003 -12"><span class='ocrx_word' id='word_1_283' title='bbox 41 3705 93 3760; x_wconf 67' lang='grc' dir='ltr'><strong>ιὰ</strong></span> <span class='ocrx_word' id='word_1_284' title='bbox 120 3706 325 3772; x_wconf 81' lang='grc' dir='ltr'><strong>λέγεις,</strong></span> <span class='ocrx_word' id='word_1_285' title='bbox 357 3703 480 3772; x_wconf 70' lang='grc' dir='ltr'><strong>ἐμοὶ</strong></span> <span class='ocrx_word' id='word_1_286' title='bbox 507 3704 563 3755; x_wconf 87' lang='grc' dir='ltr'><strong>δὲ</strong></span> <span class='ocrx_word' id='word_1_287' title='bbox 589 3701 678 3755; x_wconf 74' lang='grc' dir='ltr'><strong>διὰ</strong></span> <span class='ocrx_word' id='word_1_288' title='bbox 700 3701 760 3755; x_wconf 83' lang='grc' dir='ltr'><strong>τὸ</strong></span> <span class='ocrx_word' id='word_1_289' title='bbox 788 3701 936 3766; x_wconf 81' lang='grc' dir='ltr'><strong>ξένον</strong></span> <span class='ocrx_word' id='word_1_290' title='bbox 962 3700 1197 3756; x_wconf 82' lang='grc' dir='ltr'><strong>ὕποπτα.</strong></span> <span class='ocrx_word' id='word_1_291' title='bbox 1228 3701 1454 3755; x_wconf 79' lang='grc' dir='ltr'><strong>Δέδοικα</strong></span> <span class='ocrx_word' id='word_1_292' title='bbox 1474 3702 1566 3755; x_wconf 86' lang='grc' dir='ltr'><strong>τοῦ</strong></span> 
     </span>
    </p>
   </div>
   <div class='ocr_carea' id='block_1_38' title="bbox 41 3792 1569 3867">
    <p class='ocr_par' dir='ltr' id='par_1_38' title="bbox 41 3792 1569 3867">
     <span class='ocr_line' id='line_1_38' title="bbox 41 3792 1569 3867; baseline -0.004 -17"><span class='ocrx_word' id='word_1_293' title='bbox 41 3796 396 3867; x_wconf 76' lang='grc' dir='ltr'><strong>οαγγελισμοῦ</strong></span> <span class='ocrx_word' id='word_1_294' title='bbox 439 3796 499 3850; x_wconf 79' lang='grc' dir='ltr'><strong>τὸ</strong></span> <span class='ocrx_word' id='word_1_295' title='bbox 548 3794 752 3860; x_wconf 74' lang='grc' dir='ltr'><strong>καινὸν,</strong></span> <span class='ocrx_word' id='word_1_296' title='bbox 782 3793 1119 3864; x_wconf 76' lang='grc' dir='ltr'><strong>θορυϐοῦμαι</strong></span> <span class='ocrx_word' id='word_1_297' title='bbox 1162 3793 1297 3859; x_wconf 82' lang='grc' dir='ltr'><strong>πρὸς</strong></span> <span class='ocrx_word' id='word_1_298' title='bbox 1346 3792 1406 3845; x_wconf 85' lang='grc' dir='ltr'><strong>τὸ</strong></span> <span class='ocrx_word' id='word_1_299' title='bbox 1449 3792 1569 3845; x_wconf 83' lang='grc' dir='ltr'><strong>λίαν</strong></span> 
     </span>
    </p>
   </div>
   <div class='ocr_carea' id='block_1_39' title="bbox 41 3882 1567 3957">
    <p class='ocr_par' dir='ltr' id='par_1_39' title="bbox 41 3882 1567 3957">
     <span class='ocr_line' id='line_1_39' title="bbox 41 3882 1567 3957; baseline -0.005 -14"><span class='ocrx_word' id='word_1_300' title='bbox 41 3890 98 3944; x_wconf 81' lang='grc' dir='ltr'><strong>ὒν</strong></span> <span class='ocrx_word' id='word_1_301' title='bbox 126 3887 439 3957; x_wconf 87' lang='grc' dir='ltr'><strong>λεγομένων</strong></span> <span class='ocrx_word' id='word_1_302' title='bbox 471 3885 661 3956; x_wconf 75' lang='grc' dir='ltr'><strong>ἄηθες.</strong></span> <span class='ocrx_word' id='word_1_303' title='bbox 709 3882 841 3950; x_wconf 83' lang='grc' dir='ltr'><strong>Πῶς</strong></span> <span class='ocrx_word' id='word_1_304' title='bbox 883 3886 1051 3938; x_wconf 80' lang='grc' dir='ltr'><strong>ἐσται</strong></span> <span class='ocrx_word' id='word_1_305' title='bbox 1078 3900 1181 3953; x_wconf 74' lang='grc' dir='ltr'><strong>μοι</strong></span> <span class='ocrx_word' id='word_1_306' title='bbox 1214 3882 1413 3946; x_wconf 86' lang='grc' dir='ltr'><strong>τοῦτο,</strong></span> <span class='ocrx_word' id='word_1_307' title='bbox 1439 3884 1567 3937; x_wconf 80' lang='grc' dir='ltr'><strong>ἐπεὶ</strong></span> 
     </span>
    </p>
   </div>
   <div class='ocr_carea' id='block_1_40' title="bbox 41 3972 1571 4049">
    <p class='ocr_par' dir='ltr' id='par_1_40' title="bbox 41 3972 1571 4049">
     <span class='ocr_line' id='line_1_40' title="bbox 41 3972 1571 4049; baseline -0.008 -14"><span class='ocrx_word' id='word_1_308' title='bbox 41 3981 187 4049; x_wconf 69' lang='grc' dir='ltr'><strong>νδρα</strong></span> <span class='ocrx_word' id='word_1_309' title='bbox 230 3980 307 4032; x_wconf 84' lang='grc' dir='ltr'><strong>οὐ</strong></span> <span class='ocrx_word' id='word_1_310' title='bbox 346 3976 653 4047; x_wconf 77' lang='grc' dir='ltr'><strong>τινώσκω;</strong></span> <span class='ocrx_word' id='word_1_311' title='bbox 697 3975 817 4038; x_wconf 86' lang='grc' dir='ltr'><strong>πῶς</strong></span> <span class='ocrx_word' id='word_1_312' title='bbox 852 3974 1047 4042; x_wconf 74' lang='grc' dir='ltr'><strong>ἔσομαι</strong></span> <span class='ocrx_word' id='word_1_313' title='bbox 1082 3974 1289 4043; x_wconf 82' lang='grc' dir='ltr'><strong>μήτηρ,</strong></span> <span class='ocrx_word' id='word_1_314' title='bbox 1322 3972 1397 4044; x_wconf 84' lang='grc' dir='ltr'><strong>μὴ</strong></span> <span class='ocrx_word' id='word_1_315' title='bbox 1419 3990 1571 4042; x_wconf 86' lang='grc' dir='ltr'><strong>γενο-</strong></span> 
     </span>
    </p>
   </div>
   <div class='ocr_carea' id='block_1_41' title="bbox 41 4062 1572 4141">
    <p class='ocr_par' dir='ltr' id='par_1_41' title="bbox 41 4062 1572 4141">
     <span class='ocr_line' id='line_1_41' title="bbox 41 4062 1572 4141; baseline -0.005 -17"><span class='ocrx_word' id='word_1_316' title='bbox 41 4072 131 4141; x_wconf 79' lang='grc' dir='ltr'><strong>ένη</strong></span> <span class='ocrx_word' id='word_1_317' title='bbox 161 4069 395 4140; x_wconf 77' lang='grc' dir='ltr'><strong>νύμφη;</strong></span> <span class='ocrx_word' id='word_1_318' title='bbox 434 4069 533 4121; x_wconf 74' lang='grc' dir='ltr'><strong>οὐκ</strong></span> <span class='ocrx_word' id='word_1_319' title='bbox 577 4067 788 4138; x_wconf 76' lang='grc' dir='ltr'><strong>ἐφθάρη</strong></span> <span class='ocrx_word' id='word_1_320' title='bbox 830 4065 891 4119; x_wconf 83' lang='grc' dir='ltr'><strong>τὸ</strong></span> <span class='ocrx_word' id='word_1_321' title='bbox 934 4064 1034 4133; x_wconf 83' lang='grc' dir='ltr'><strong>τῆς</strong></span> <span class='ocrx_word' id='word_1_322' title='bbox 1073 4063 1221 4135; x_wconf 82' lang='grc' dir='ltr'><strong>ὥρας</strong></span> <span class='ocrx_word' id='word_1_323' title='bbox 1267 4062 1446 4126; x_wconf 83' lang='grc' dir='ltr'><strong>ἄνθος,</strong></span> <span class='ocrx_word' id='word_1_324' title='bbox 1480 4064 1572 4116; x_wconf 80' lang='grc' dir='ltr'><strong>τὸν</strong></span> 
     </span>
    </p>
   </div>
   <div class='ocr_carea' id='block_1_42' title="bbox 41 4155 1573 4233">
    <p class='ocr_par' dir='ltr' id='par_1_42' title="bbox 41 4155 1573 4233">
     <span class='ocr_line' id='line_1_42' title="bbox 41 4155 1573 4233; baseline -0.007 -16"><span class='ocrx_word' id='word_1_325' title='bbox 41 4165 255 4233; x_wconf 77' lang='grc' dir='ltr'><strong>οστῆρα</strong></span> <span class='ocrx_word' id='word_1_326' title='bbox 288 4161 390 4231; x_wconf 81' lang='grc' dir='ltr'><strong>τῆς</strong></span> <span class='ocrx_word' id='word_1_327' title='bbox 435 4160 735 4231; x_wconf 84' lang='grc' dir='ltr'><strong>παρθενίας</strong></span> <span class='ocrx_word' id='word_1_328' title='bbox 775 4158 876 4211; x_wconf 78' lang='grc' dir='ltr'><strong>οὐκ</strong></span> <span class='ocrx_word' id='word_1_329' title='bbox 908 4157 1100 4219; x_wconf 79' lang='grc' dir='ltr'><strong>ἔλυσα,</strong></span> <span class='ocrx_word' id='word_1_330' title='bbox 1131 4155 1222 4209; x_wconf 79' lang='grc' dir='ltr'><strong>τὸν</strong></span> <span class='ocrx_word' id='word_1_331' title='bbox 1249 4156 1448 4224; x_wconf 74' lang='grc' dir='ltr'><strong>δεσμὸν</strong></span> <span class='ocrx_word' id='word_1_332' title='bbox 1474 4156 1573 4225; x_wconf 80' lang='grc' dir='ltr'><strong>τῆς</strong></span> 
     </span>
    </p>
   </div>
   <div class='ocr_carea' id='block_1_43' title="bbox 41 4245 1572 4324">
    <p class='ocr_par' dir='ltr' id='par_1_43' title="bbox 41 4245 1572 4324">
     <span class='ocr_line' id='line_1_43' title="bbox 41 4245 1572 4324; baseline -0.007 -18"><span class='ocrx_word' id='word_1_333' title='bbox 41 4255 211 4324; x_wconf 77' lang='grc' dir='ltr'><strong>ήτρας</strong></span> <span class='ocrx_word' id='word_1_334' title='bbox 239 4252 343 4306; x_wconf 66' lang='grc' dir='ltr'><strong>οὐκ</strong></span> <span class='ocrx_word' id='word_1_335' title='bbox 370 4252 671 4321; x_wconf 53' lang='lat' dir='ltr'><strong>quem“,</strong></span> <span class='ocrx_word' id='word_1_336' title='bbox 692 4249 792 4320; x_wconf 80' lang='grc' dir='ltr'><strong>τὴν</strong></span> <span class='ocrx_word' id='word_1_337' title='bbox 824 4245 1095 4317; x_wconf 81' lang='grc' dir='ltr'><strong>σφραγῖδα</strong></span> <span class='ocrx_word' id='word_1_338' title='bbox 1125 4246 1226 4313; x_wconf 83' lang='grc' dir='ltr'><strong>τῆς</strong></span> <span class='ocrx_word' id='word_1_339' title='bbox 1254 4245 1490 4315; x_wconf 79' lang='grc' dir='ltr'><strong>γαστρὸς</strong></span> <span class='ocrx_word' id='word_1_340' title='bbox 1510 4245 1572 4297; x_wconf 78' lang='grc' dir='ltr'><strong>οὐ</strong></span> 
     </span>
    </p>
   </div>
   <div class='ocr_carea' id='block_1_44' title="bbox 41 4335 1570 4414">
    <p class='ocr_par' dir='ltr' id='par_1_44' title="bbox 41 4335 1570 4414">
     <span class='ocr_line' id='line_1_44' title="bbox 41 4335 1570 4414; baseline -0.007 -17"><span class='ocrx_word' id='word_1_341' title='bbox 41 4345 304 4414; x_wconf 82' lang='grc' dir='ltr'><strong>αρέλυσα.</strong></span> <span class='ocrx_word' id='word_1_342' title='bbox 348 4343 408 4396; x_wconf 86' lang='lat'><strong>&#39;0</strong></span> <span class='ocrx_word' id='word_1_343' title='bbox 460 4342 517 4396; x_wconf 76' lang='grc' dir='ltr'><strong>δὲ</strong></span> <span class='ocrx_word' id='word_1_344' title='bbox 582 4341 813 4410; x_wconf 77' lang='grc' dir='ltr'><strong>ἄγγελος</strong></span> <span class='ocrx_word' id='word_1_345' title='bbox 874 4335 1222 4406; x_wconf 83' lang='grc' dir='ltr'><strong>παραχρῆμα</strong></span> <span class='ocrx_word' id='word_1_346' title='bbox 1294 4335 1570 4405; x_wconf 67' lang='grc' dir='ltr'><strong>ἐπήγαγε*</strong></span> 
     </span>
    </p>
   </div>
   <div class='ocr_carea' id='block_1_45' title="bbox 1589 3120 1633 3178">
    <p class='ocr_par' dir='ltr' id='par_1_45' title="bbox 1589 3120 1633 3178">
     <span class='ocr_line' id='line_1_45' title="bbox 1589 3120 1633 3178; baseline 0 0"><span class='ocrx_word' id='word_1_347' title='bbox 1589 3120 1633 3178; x_wconf 87' lang='lat' dir='ltr'><strong><em>C</em></strong></span> 
     </span>
    </p>
   </div>
   <div class='ocr_carea' id='block_1_46' title="bbox 1381 327 1807 390">
    <p class='ocr_par' dir='ltr' id='par_1_46' title="bbox 1381 327 1807 390">
     <span class='ocr_line' id='line_1_46' title="bbox 1381 327 1807 390; baseline 0.009 -4"><span class='ocrx_word' id='word_1_348' title='bbox 1381 327 1807 390; x_wconf 74' lang='lat' dir='ltr'><strong>SERMONES.</strong></span> 
     </span>
    </p>
   </div>
   <div class='ocr_carea' id='block_1_47' title="bbox 3087 337 3227 403">
    <p class='ocr_par' dir='ltr' id='par_1_47' title="bbox 3087 337 3227 403">
     <span class='ocr_line' id='line_1_47' title="bbox 3087 337 3227 403; baseline 0.029 -4"><span class='ocrx_word' id='word_1_349' title='bbox 3087 337 3227 403; x_wconf 76' lang='grc'><strong>1466</strong></span> 
     </span>
    </p>
   </div>
   <div class='ocr_carea' id='block_1_48' title="bbox 1658 442 3224 523">
    <p class='ocr_par' dir='ltr' id='par_1_48' title="bbox 1658 442 3224 523">
     <span class='ocr_line' id='line_1_48' title="bbox 1658 442 3224 523; baseline 0.01 -32"><span class='ocrx_word' id='word_1_350' title='bbox 1658 442 1997 511; x_wconf 82' lang='lat' dir='ltr'><strong>prospiciens</strong></span> <span class='ocrx_word' id='word_1_351' title='bbox 2027 460 2204 514; x_wconf 84' lang='lat' dir='ltr'><strong>nuper</strong></span> <span class='ocrx_word' id='word_1_352' title='bbox 2264 445 2598 517; x_wconf 78' lang='lat' dir='ltr'><strong>acclamabat</strong></span> <span class='ocrx_word' id='word_1_353' title='bbox 2638 447 2827 502; x_wconf 87' lang='lat' dir='ltr'><strong>dicens</strong></span> <span class='ocrx_word' id='word_1_354' title='bbox 2863 464 2876 501; x_wconf 90' lang='lat'><strong>:</strong></span> <span class='ocrx_word' id='word_1_355' title='bbox 2916 448 3048 502; x_wconf 83' lang='lat' dir='ltr'><strong>Ecce</strong></span> <span class='ocrx_word' id='word_1_356' title='bbox 3078 454 3224 523; x_wconf 77' lang='lat' dir='ltr'><strong>virgo</strong></span> 
     </span>
    </p>
   </div>
   <div class='ocr_carea' id='block_1_49' title="bbox 1656 534 3225 607">
    <p class='ocr_par' dir='ltr' id='par_1_49' title="bbox 1656 534 3225 607">
     <span class='ocr_line' id='line_1_49' title="bbox 1656 534 3225 607; baseline 0.008 -23"><span class='ocrx_word' id='word_1_357' title='bbox 1656 534 1712 585; x_wconf 88' lang='lat' dir='ltr'><strong>in</strong></span> <span class='ocrx_word' id='word_1_358' title='bbox 1739 543 1885 586; x_wconf 84' lang='lat' dir='ltr'><strong><em>utero</em></strong></span> <span class='ocrx_word' id='word_1_359' title='bbox 1914 537 2188 606; x_wconf 75' lang='lat' dir='ltr'><strong>concipiet,</strong></span> <span class='ocrx_word' id='word_1_360' title='bbox 2213 546 2262 591; x_wconf 88' lang='lat' dir='ltr'><strong>et</strong></span> <span class='ocrx_word' id='word_1_361' title='bbox 2289 538 2461 607; x_wconf 85' lang='lat' dir='ltr'><strong>pariet</strong></span> <span class='ocrx_word' id='word_1_362' title='bbox 2473 537 2664 606; x_wconf 83' lang='lat' dir='ltr'><strong>ﬁlium,</strong></span> <span class='ocrx_word' id='word_1_363' title='bbox 2692 548 2741 592; x_wconf 87' lang='lat' dir='ltr'><strong>et</strong></span> <span class='ocrx_word' id='word_1_364' title='bbox 2766 538 3021 593; x_wconf 77' lang='lat' dir='ltr'><strong>vocabunt</strong></span> <span class='ocrx_word' id='word_1_365' title='bbox 3039 556 3225 596; x_wconf 81' lang='lat' dir='ltr'><strong><em>nomen</em></strong></span> 
     </span>
    </p>
   </div>
   <div class='ocr_carea' id='block_1_50' title="bbox 1656 621 3223 696">
    <p class='ocr_par' dir='ltr' id='par_1_50' title="bbox 1656 621 3223 696">
     <span class='ocr_line' id='line_1_50' title="bbox 1656 621 3223 696; baseline 0.008 -21"><span class='ocrx_word' id='word_1_366' title='bbox 1656 622 1770 691; x_wconf 78' lang='lat' dir='ltr'><strong>ejus</strong></span> <span class='ocrx_word' id='word_1_367' title='bbox 1789 621 2106 680; x_wconf 80' lang='lat' dir='ltr'><strong>Emmanuel</strong></span> <span class='ocrx_word' id='word_1_368' title='bbox 2129 627 2191 682; x_wconf 68' lang='lat'><strong>“.</strong></span> <span class='ocrx_word' id='word_1_369' title='bbox 2225 626 2364 683; x_wconf 84' lang='lat' dir='ltr'><strong>Ecce</strong></span> <span class='ocrx_word' id='word_1_370' title='bbox 2386 626 2558 696; x_wconf 90' lang='lat' dir='ltr'><strong>virgo,</strong></span> <span class='ocrx_word' id='word_1_371' title='bbox 2592 629 2881 696; x_wconf 68' lang='lat' dir='ltr'><strong>quaenam?</strong></span> <span class='ocrx_word' id='word_1_372' title='bbox 2936 628 3223 687; x_wconf 80' lang='lat' dir='ltr'><strong>Mulierum</strong></span> 
     </span>
    </p>
   </div>
   <div class='ocr_carea' id='block_1_51' title="bbox 1655 712 3226 786">
    <p class='ocr_par' dir='ltr' id='par_1_51' title="bbox 1655 712 3226 786">
     <span class='ocr_line' id='line_1_51' title="bbox 1655 712 3226 786; baseline 0.006 -22"><span class='ocrx_word' id='word_1_373' title='bbox 1655 712 1889 783; x_wconf 82' lang='lat' dir='ltr'><strong>egregia,</strong></span> <span class='ocrx_word' id='word_1_374' title='bbox 1921 730 1951 768; x_wconf 88' lang='lat' dir='ltr'><strong>e</strong></span> <span class='ocrx_word' id='word_1_375' title='bbox 1973 715 2272 785; x_wconf 79' lang='lat' dir='ltr'><strong>virginibus</strong></span> <span class='ocrx_word' id='word_1_376' title='bbox 2307 716 2499 779; x_wconf 88' lang='lat' dir='ltr'><strong>electa,</strong></span> <span class='ocrx_word' id='word_1_377' title='bbox 2533 716 2850 786; x_wconf 59' lang='lat' dir='ltr'><strong>praeclarum</strong></span> <span class='ocrx_word' id='word_1_378' title='bbox 2888 728 3096 773; x_wconf 68' lang='lat' dir='ltr'><strong>naturae</strong></span> <span class='ocrx_word' id='word_1_379' title='bbox 3121 734 3226 774; x_wconf 89' lang='lat' dir='ltr'><strong>no-</strong></span> 
     </span>
    </p>
   </div>
   <div class='ocr_carea' id='block_1_52' title="bbox 1659 796 3219 879">
    <p class='ocr_par' dir='ltr' id='par_1_52' title="bbox 1659 796 3219 879">
     <span class='ocr_line' id='line_1_52' title="bbox 1659 796 3219 879; baseline 0.006 -23"><span class='ocrx_word' id='word_1_380' title='bbox 1659 813 1755 858; x_wconf 73' lang='lat' dir='ltr'><strong>trae</strong></span> <span class='ocrx_word' id='word_1_381' title='bbox 1784 815 2193 872; x_wconf 77' lang='lat' dir='ltr'><strong>ornamentum,</strong></span> <span class='ocrx_word' id='word_1_382' title='bbox 2221 807 2393 878; x_wconf 81' lang='lat' dir='ltr'><strong>gloria</strong></span> <span class='ocrx_word' id='word_1_383' title='bbox 2418 808 2523 873; x_wconf 82' lang='lat' dir='ltr'><strong>luti</strong></span> <span class='ocrx_word' id='word_1_384' title='bbox 2558 808 2753 870; x_wconf 86' lang='lat' dir='ltr'><strong>nostri,</strong></span> <span class='ocrx_word' id='word_1_385' title='bbox 2780 823 2899 873; x_wconf 73' lang='lat' dir='ltr'><strong>quae.</strong></span> <span class='ocrx_word' id='word_1_386' title='bbox 2922 796 3219 879; x_wconf 82' lang='lat' dir='ltr'><strong>Evampu-</strong></span> 
     </span>
    </p>
   </div>
   <div class='ocr_carea' id='block_1_53' title="bbox 1655 891 3223 960">
    <p class='ocr_par' dir='ltr' id='par_1_53' title="bbox 1655 891 3223 960">
     <span class='ocr_line' id='line_1_53' title="bbox 1655 891 3223 960; baseline 0.005 -16"><span class='ocrx_word' id='word_1_387' title='bbox 1655 891 1808 956; x_wconf 87' lang='lat' dir='ltr'><strong>dore,</strong></span> <span class='ocrx_word' id='word_1_388' title='bbox 1834 901 1889 947; x_wconf 89' lang='lat' dir='ltr'><strong>et</strong></span> <span class='ocrx_word' id='word_1_389' title='bbox 1914 893 2178 949; x_wconf 80' lang='lat' dir='ltr'><strong>Adamum</strong></span> <span class='ocrx_word' id='word_1_390' title='bbox 2209 894 2630 949; x_wconf 72' lang='lat' dir='ltr'><strong>comminatione</strong></span> <span class='ocrx_word' id='word_1_391' title='bbox 2657 895 2923 960; x_wconf 77' lang='lat' dir='ltr'><strong>liberavit,</strong></span> <span class='ocrx_word' id='word_1_392' title='bbox 2942 896 3223 952; x_wconf 82' lang='lat' dir='ltr'><strong>audaciam</strong></span> 
     </span>
    </p>
   </div>
   <div class='ocr_carea' id='block_1_54' title="bbox 1657 983 3226 1056">
    <p class='ocr_par' dir='ltr' id='par_1_54' title="bbox 1657 983 3226 1056">
     <span class='ocr_line' id='line_1_54' title="bbox 1657 983 3226 1056; baseline 0.003 -19"><span class='ocrx_word' id='word_1_393' title='bbox 1657 983 1908 1040; x_wconf 83' lang='lat' dir='ltr'><strong>draconis</strong></span> <span class='ocrx_word' id='word_1_394' title='bbox 1959 985 2191 1040; x_wconf 76' lang='lat' dir='ltr'><strong>abscidit</strong></span> <span class='ocrx_word' id='word_1_395' title='bbox 2247 1002 2259 1039; x_wconf 91' lang='lat'><strong>:</strong></span> <span class='ocrx_word' id='word_1_396' title='bbox 2307 1001 2470 1056; x_wconf 89' lang='lat' dir='ltr'><strong>quam</strong></span> <span class='ocrx_word' id='word_1_397' title='bbox 2523 986 2985 1054; x_wconf 70' lang='lat' dir='ltr'><strong>concupiscentia:</strong></span> <span class='ocrx_word' id='word_1_398' title='bbox 3040 986 3226 1043; x_wconf 82' lang='lat' dir='ltr'><strong>fumus</strong></span> 
     </span>
    </p>
   </div>
   <div class='ocr_carea' id='block_1_55' title="bbox 1657 1075 3227 1146">
    <p class='ocr_par' dir='ltr' id='par_1_55' title="bbox 1657 1075 3227 1146">
     <span class='ocr_line' id='line_1_55' title="bbox 1657 1075 3227 1146; baseline 0.002 -17"><span class='ocrx_word' id='word_1_399' title='bbox 1657 1091 1765 1129; x_wconf 92' lang='lat' dir='ltr'><strong>non</strong></span> <span class='ocrx_word' id='word_1_400' title='bbox 1792 1075 1989 1146; x_wconf 85' lang='lat' dir='ltr'><strong>attigit,</strong></span> <span class='ocrx_word' id='word_1_401' title='bbox 2024 1090 2203 1145; x_wconf 84' lang='lat' dir='ltr'><strong>neque</strong></span> <span class='ocrx_word' id='word_1_402' title='bbox 2230 1075 2431 1131; x_wconf 88' lang='lat' dir='ltr'><strong>vermis</strong></span> <span class='ocrx_word' id='word_1_403' title='bbox 2450 1076 2743 1145; x_wconf 75' lang='lat' dir='ltr'><strong>voluptatis</strong></span> <span class='ocrx_word' id='word_1_404' title='bbox 2770 1092 2888 1131; x_wconf 87' lang='lat' dir='ltr'><strong>eam</strong></span> <span class='ocrx_word' id='word_1_405' title='bbox 2920 1077 3074 1131; x_wconf 73' lang='lat' dir='ltr'><strong>laesit.</strong></span> <span class='ocrx_word' id='word_1_406' title='bbox 3094 1077 3227 1132; x_wconf 79' lang='lat' dir='ltr'><strong>Ecce</strong></span> 
     </span>
    </p>
   </div>
   <div class='ocr_carea' id='block_1_56' title="bbox 1657 1166 3225 1238">
    <p class='ocr_par' dir='ltr' id='par_1_56' title="bbox 1657 1166 3225 1238">
     <span class='ocr_line' id='line_1_56' title="bbox 1657 1166 3225 1238; baseline 0.001 -18"><span class='ocrx_word' id='word_1_407' title='bbox 1657 1166 1798 1238; x_wconf 71' lang='lat' dir='ltr'><strong>virgo</strong></span> <span class='ocrx_word' id='word_1_408' title='bbox 1814 1167 1875 1221; x_wconf 80' lang='lat' dir='ltr'><strong>in</strong></span> <span class='ocrx_word' id='word_1_409' title='bbox 1896 1177 2044 1222; x_wconf 96' lang='lat' dir='ltr'><strong>utero</strong></span> <span class='ocrx_word' id='word_1_410' title='bbox 2061 1170 2332 1234; x_wconf 77' lang='lat' dir='ltr'><strong>concipiet,</strong></span> <span class='ocrx_word' id='word_1_411' title='bbox 2362 1169 2657 1232; x_wconf 87' lang='lat' dir='ltr'><strong>undenam,</strong></span> <span class='ocrx_word' id='word_1_412' title='bbox 2680 1182 2714 1221; x_wconf 95' lang='lat' dir='ltr'><strong>o</strong></span> <span class='ocrx_word' id='word_1_413' title='bbox 2754 1167 3058 1237; x_wconf 76' lang='lat' dir='ltr'><strong>propheta?</strong></span> <span class='ocrx_word' id='word_1_414' title='bbox 3108 1166 3225 1222; x_wconf 88' lang='lat' dir='ltr'><strong>Non</strong></span> 
     </span>
    </p>
   </div>
   <div class='ocr_carea' id='block_1_57' title="bbox 1654 1257 3225 1329">
    <p class='ocr_par' dir='ltr' id='par_1_57' title="bbox 1654 1257 3225 1329">
     <span class='ocr_line' id='line_1_57' title="bbox 1654 1257 3225 1329; baseline -0.001 -17"><span class='ocrx_word' id='word_1_415' title='bbox 1654 1258 1802 1329; x_wconf 82' lang='lat' dir='ltr'><strong>dico,</strong></span> <span class='ocrx_word' id='word_1_416' title='bbox 1837 1260 1929 1313; x_wconf 85' lang='lat' dir='ltr'><strong>ait.</strong></span> <span class='ocrx_word' id='word_1_417' title='bbox 1963 1257 2077 1314; x_wconf 82' lang='lat' dir='ltr'><strong>Hoc</strong></span> <span class='ocrx_word' id='word_1_418' title='bbox 2103 1259 2250 1314; x_wconf 90' lang='lat' dir='ltr'><strong>enim</strong></span> <span class='ocrx_word' id='word_1_419' title='bbox 2287 1270 2626 1313; x_wconf 89' lang='lat' dir='ltr'><strong>reservatum</strong></span> <span class='ocrx_word' id='word_1_420' title='bbox 2676 1267 2761 1313; x_wconf 90' lang='lat' dir='ltr'><strong>est</strong></span> <span class='ocrx_word' id='word_1_421' title='bbox 2785 1257 3050 1313; x_wconf 85' lang='lat' dir='ltr'><strong>Gabrieli.</strong></span> <span class='ocrx_word' id='word_1_422' title='bbox 3089 1258 3225 1313; x_wconf 83' lang='lat' dir='ltr'><strong>Per-</strong></span> 
     </span>
    </p>
   </div>
   <div class='ocr_carea' id='block_1_58' title="bbox 1658 1346 3223 1433">
    <p class='ocr_par' dir='ltr' id='par_1_58' title="bbox 1658 1346 3223 1433">
     <span class='ocr_line' id='line_1_58' title="bbox 1658 1346 3223 1433; baseline -0.002 -29"><span class='ocrx_word' id='word_1_423' title='bbox 1658 1351 1812 1404; x_wconf 88' lang='lat' dir='ltr'><strong>multi</strong></span> <span class='ocrx_word' id='word_1_424' title='bbox 1844 1352 2097 1405; x_wconf 79' lang='lat' dir='ltr'><strong>distincte</strong></span> <span class='ocrx_word' id='word_1_425' title='bbox 2123 1350 2407 1433; x_wconf 73' lang='lat' dir='ltr'><strong>declarare</strong></span> <span class='ocrx_word' id='word_1_426' title='bbox 2436 1348 2690 1403; x_wconf 89' lang='lat' dir='ltr'><strong>nituntur</strong></span> <span class='ocrx_word' id='word_1_427' title='bbox 2720 1346 2981 1401; x_wconf 89' lang='lat' dir='ltr'><strong>miracula</strong></span> <span class='ocrx_word' id='word_1_428' title='bbox 3041 1346 3223 1417; x_wconf 83' lang='lat' dir='ltr'><strong>Virgi-</strong></span> 
     </span>
    </p>
   </div>
   <div class='ocr_carea' id='block_1_59' title="bbox 1658 1438 3227 1510">
    <p class='ocr_par' dir='ltr' id='par_1_59' title="bbox 1658 1438 3227 1510">
     <span class='ocr_line' id='line_1_59' title="bbox 1658 1438 3227 1510; baseline 0.001 -16"><span class='ocrx_word' id='word_1_429' title='bbox 1658 1442 1762 1502; x_wconf 88' lang='lat' dir='ltr'><strong>nis,</strong></span> <span class='ocrx_word' id='word_1_430' title='bbox 1800 1441 2053 1510; x_wconf 87' lang='lat' dir='ltr'><strong>pleraque</strong></span> <span class='ocrx_word' id='word_1_431' title='bbox 2078 1451 2257 1495; x_wconf 88' lang='lat' dir='ltr'><strong>tamen</strong></span> <span class='ocrx_word' id='word_1_432' title='bbox 2282 1456 2469 1493; x_wconf 88' lang='lat' dir='ltr'><strong>eorum</strong></span> <span class='ocrx_word' id='word_1_433' title='bbox 2529 1438 2896 1507; x_wconf 64' lang='lat' dir='ltr'><strong>praetermissa</strong></span> <span class='ocrx_word' id='word_1_434' title='bbox 2919 1448 3067 1492; x_wconf 87' lang='lat' dir='ltr'><strong>sunt.</strong></span> <span class='ocrx_word' id='word_1_435' title='bbox 3110 1439 3227 1495; x_wconf 82' lang='lat' dir='ltr'><strong>Ca:~</strong></span> 
     </span>
    </p>
   </div>
   <div class='ocr_carea' id='block_1_60' title="bbox 1660 1527 3225 1601">
    <p class='ocr_par' dir='ltr' id='par_1_60' title="bbox 1660 1527 3225 1601">
     <span class='ocr_line' id='line_1_60' title="bbox 1660 1527 3225 1601; baseline 0 -16"><span class='ocrx_word' id='word_1_436' title='bbox 1660 1539 1836 1587; x_wconf 89' lang='lat' dir='ltr'><strong>terum</strong></span> <span class='ocrx_word' id='word_1_437' title='bbox 1861 1548 1962 1599; x_wconf 77' lang='lat' dir='ltr'><strong>ego</strong></span> <span class='ocrx_word' id='word_1_438' title='bbox 1992 1533 2059 1587; x_wconf 88' lang='lat' dir='ltr'><strong>de</strong></span> <span class='ocrx_word' id='word_1_439' title='bbox 2093 1541 2250 1601; x_wconf 86' lang='lat' dir='ltr'><strong>partu</strong></span> <span class='ocrx_word' id='word_1_440' title='bbox 2281 1545 2497 1599; x_wconf 82' lang='lat' dir='ltr'><strong>semper</strong></span> <span class='ocrx_word' id='word_1_441' title='bbox 2520 1527 2781 1600; x_wconf 77' lang='lat' dir='ltr'><strong>Virginis,</strong></span> <span class='ocrx_word' id='word_1_442' title='bbox 2840 1528 3002 1583; x_wconf 85' lang='lat' dir='ltr'><strong>ﬁdem</strong></span> <span class='ocrx_word' id='word_1_443' title='bbox 3049 1529 3225 1585; x_wconf 79' lang='lat' dir='ltr'><strong>iacio:</strong></span> 
     </span>
    </p>
   </div>
   <div class='ocr_carea' id='block_1_61' title="bbox 1659 1620 3226 1693">
    <p class='ocr_par' dir='ltr' id='par_1_61' title="bbox 1659 1620 3226 1693">
     <span class='ocr_line' id='line_1_61' title="bbox 1659 1620 3226 1693; baseline -0.002 -15"><span class='ocrx_word' id='word_1_444' title='bbox 1659 1624 1930 1689; x_wconf 78' lang='lat' dir='ltr'><strong>Miclta-as,</strong></span> <span class='ocrx_word' id='word_1_445' title='bbox 1984 1622 2052 1677; x_wconf 90' lang='lat' dir='ltr'><strong>de</strong></span> <span class='ocrx_word' id='word_1_446' title='bbox 2110 1624 2329 1693; x_wconf 80' lang='lat' dir='ltr'><strong>regione</strong></span> <span class='ocrx_word' id='word_1_447' title='bbox 2359 1631 2415 1675; x_wconf 86' lang='lat' dir='ltr'><strong>et</strong></span> <span class='ocrx_word' id='word_1_448' title='bbox 2463 1621 2584 1675; x_wconf 92' lang='lat' dir='ltr'><strong>loco</strong></span> <span class='ocrx_word' id='word_1_449' title='bbox 2642 1620 2698 1675; x_wconf 90' lang='lat' dir='ltr'><strong>in</strong></span> <span class='ocrx_word' id='word_1_450' title='bbox 2746 1635 2869 1690; x_wconf 81' lang='lat' dir='ltr'><strong>quo.</strong></span> <span class='ocrx_word' id='word_1_451' title='bbox 2902 1620 3226 1676; x_wconf 81' lang='lat' dir='ltr'><strong>miraculum</strong></span> 
     </span>
    </p>
   </div>
   <div class='ocr_carea' id='block_1_62' title="bbox 1660 1710 3226 1783">
    <p class='ocr_par' dir='ltr' id='par_1_62' title="bbox 1660 1710 3226 1783">
     <span class='ocr_line' id='line_1_62' title="bbox 1660 1710 3226 1783; baseline -0.001 -17"><span class='ocrx_word' id='word_1_452' title='bbox 1660 1721 1939 1783; x_wconf 80' lang='lat' dir='ltr'><strong>peractum</strong></span> <span class='ocrx_word' id='word_1_453' title='bbox 1989 1722 2073 1767; x_wconf 89' lang='lat' dir='ltr'><strong>est</strong></span> <span class='ocrx_word' id='word_1_454' title='bbox 2137 1729 2150 1764; x_wconf 92' lang='lat'>:</span> <span class='ocrx_word' id='word_1_455' title='bbox 2206 1710 2394 1774; x_wconf 67' lang='lat' dir='ltr'><strong>Daxid,</strong></span> <span class='ocrx_word' id='word_1_456' title='bbox 2457 1712 2525 1767; x_wconf 90' lang='lat' dir='ltr'><strong>de</strong></span> <span class='ocrx_word' id='word_1_457' title='bbox 2575 1719 2840 1781; x_wconf 88' lang='lat' dir='ltr'><strong>tempore.</strong></span> <span class='ocrx_word' id='word_1_458' title='bbox 2896 1710 3021 1780; x_wconf 85' lang='lat' dir='ltr'><strong>Ipse</strong></span> <span class='ocrx_word' id='word_1_459' title='bbox 3077 1711 3226 1766; x_wconf 88' lang='lat' dir='ltr'><strong>enim</strong></span> 
     </span>
    </p>
   </div>
   <div class='ocr_carea' id='block_1_63' title="bbox 1660 1799 3227 1872">
    <p class='ocr_par' dir='ltr' id='par_1_63' title="bbox 1660 1799 3227 1872">
     <span class='ocr_line' id='line_1_63' title="bbox 1660 1799 3227 1872; baseline -0.001 -15"><span class='ocrx_word' id='word_1_460' title='bbox 1660 1803 1966 1872; x_wconf 80' lang='lat' dir='ltr'><strong>PrOpbetiae</strong></span> <span class='ocrx_word' id='word_1_461' title='bbox 2033 1802 2370 1856; x_wconf 83' lang='lat' dir='ltr'><strong>Psalmorum</strong></span> <span class='ocrx_word' id='word_1_462' title='bbox 2421 1800 2652 1854; x_wconf 85' lang='lat' dir='ltr'><strong>inseruit</strong></span> <span class='ocrx_word' id='word_1_463' title='bbox 2710 1799 2854 1854; x_wconf 88' lang='lat' dir='ltr'><strong>istud</strong></span> <span class='ocrx_word' id='word_1_464' title='bbox 2891 1817 2904 1853; x_wconf 90' lang='lat'><strong>:</strong></span> <span class='ocrx_word' id='word_1_465' title='bbox 2936 1800 3020 1854; x_wconf 73' lang='lat' dir='ltr'><strong>Ea:</strong></span> <span class='ocrx_word' id='word_1_466' title='bbox 3076 1812 3227 1855; x_wconf 73' lang='lat' dir='ltr'><strong>utero</strong></span> 
     </span>
    </p>
   </div>
   <div class='ocr_carea' id='block_1_64' title="bbox 1663 1889 3226 1962">
    <p class='ocr_par' dir='ltr' id='par_1_64' title="bbox 1663 1889 3226 1962">
     <span class='ocr_line' id='line_1_64' title="bbox 1663 1889 3226 1962; baseline -0.002 -15"><span class='ocrx_word' id='word_1_467' title='bbox 1663 1902 1786 1947; x_wconf 87' lang='lat' dir='ltr'><strong><em>ante</em></strong></span> <span class='ocrx_word' id='word_1_468' title='bbox 1833 1891 2108 1962; x_wconf 80' lang='lat' dir='ltr'><strong>luciferum</strong></span> <span class='ocrx_word' id='word_1_469' title='bbox 2139 1893 2296 1960; x_wconf 80' lang='lat' dir='ltr'><strong>qenui</strong></span> <span class='ocrx_word' id='word_1_470' title='bbox 2341 1901 2388 1944; x_wconf 89' lang='lat' dir='ltr'><strong>te</strong></span> <span class='ocrx_word' id='word_1_471' title='bbox 2416 1891 2482 1943; x_wconf 70' lang='grc' dir='ltr'><strong>δ’.</strong></span> <span class='ocrx_word' id='word_1_472' title='bbox 2515 1889 2730 1945; x_wconf 85' lang='lat' dir='ltr'><strong>Gabriel</strong></span> <span class='ocrx_word' id='word_1_473' title='bbox 2766 1891 2929 1961; x_wconf 84' lang='lat' dir='ltr'><strong>igitur</strong></span> <span class='ocrx_word' id='word_1_474' title='bbox 2980 1892 3226 1946; x_wconf 88' lang='lat' dir='ltr'><strong>dicturus</strong></span> 
     </span>
    </p>
   </div>
   <div class='ocr_carea' id='block_1_65' title="bbox 1661 1982 3228 2045">
    <p class='ocr_par' dir='ltr' id='par_1_65' title="bbox 1661 1982 3228 2045">
     <span class='ocr_line' id='line_1_65' title="bbox 1661 1982 3228 2045; baseline -0.002 -7"><span class='ocrx_word' id='word_1_475' title='bbox 1661 1993 1743 2038; x_wconf 89' lang='lat' dir='ltr'><strong>est</strong></span> <span class='ocrx_word' id='word_1_476' title='bbox 1796 1984 1962 2037; x_wconf 83' lang='lat' dir='ltr'><strong>unde.</strong></span> <span class='ocrx_word' id='word_1_477' title='bbox 2018 1983 2112 2038; x_wconf 90' lang='lat' dir='ltr'><strong>llle</strong></span> <span class='ocrx_word' id='word_1_478' title='bbox 2170 1983 2317 2037; x_wconf 90' lang='lat' dir='ltr'><strong>enim</strong></span> <span class='ocrx_word' id='word_1_479' title='bbox 2366 1982 2433 2036; x_wconf 89' lang='lat' dir='ltr'><strong>dc</strong></span> <span class='ocrx_word' id='word_1_480' title='bbox 2500 1982 2638 2035; x_wconf 73' lang='lat' dir='ltr'><strong>ctelo</strong></span> <span class='ocrx_word' id='word_1_481' title='bbox 2680 1982 2982 2045; x_wconf 88' lang='lat' dir='ltr'><strong>descendit,</strong></span> <span class='ocrx_word' id='word_1_482' title='bbox 3025 1983 3116 2037; x_wconf 90' lang='lat' dir='ltr'><strong>ille</strong></span> <span class='ocrx_word' id='word_1_483' title='bbox 3159 1983 3228 2036; x_wconf 88' lang='lat' dir='ltr'><strong>ad</strong></span> 
     </span>
    </p>
   </div>
   <div class='ocr_carea' id='block_1_66' title="bbox 1663 2070 3228 2144">
    <p class='ocr_par' dir='ltr' id='par_1_66' title="bbox 1663 2070 3228 2144">
     <span class='ocr_line' id='line_1_66' title="bbox 1663 2070 3228 2144; baseline -0.003 -15"><span class='ocrx_word' id='word_1_484' title='bbox 1663 2079 1767 2129; x_wconf 90' lang='lat' dir='ltr'><strong>hoc</strong></span> <span class='ocrx_word' id='word_1_485' title='bbox 1829 2075 2008 2144; x_wconf 87' lang='lat' dir='ltr'><strong>ipsum</strong></span> <span class='ocrx_word' id='word_1_486' title='bbox 2078 2073 2313 2129; x_wconf 84' lang='lat' dir='ltr'><strong>mittitur</strong></span> <span class='ocrx_word' id='word_1_487' title='bbox 2362 2071 2430 2126; x_wconf 90' lang='lat' dir='ltr'><strong>ad</strong></span> <span class='ocrx_word' id='word_1_488' title='bbox 2485 2070 2787 2142; x_wconf 82' lang='lat' dir='ltr'><strong>Virginem,</strong></span> <span class='ocrx_word' id='word_1_489' title='bbox 2848 2072 2936 2126; x_wconf 90' lang='lat' dir='ltr'><strong>ille</strong></span> <span class='ocrx_word' id='word_1_490' title='bbox 2983 2080 3228 2138; x_wconf 88' lang='lat' dir='ltr'><strong>tempore</strong></span> 
     </span>
    </p>
   </div>
   <div class='ocr_carea' id='block_1_67' title="bbox 1665 2162 3230 2235">
    <p class='ocr_par' dir='ltr' id='par_1_67' title="bbox 1665 2162 3230 2235">
     <span class='ocr_line' id='line_1_67' title="bbox 1665 2162 3230 2235; baseline -0.003 -16"><span class='ocrx_word' id='word_1_491' title='bbox 1665 2174 1854 2235; x_wconf 89' lang='lat' dir='ltr'><strong>partus</strong></span> <span class='ocrx_word' id='word_1_492' title='bbox 1927 2165 2110 2229; x_wconf 80' lang='lat' dir='ltr'><strong>adest,</strong></span> <span class='ocrx_word' id='word_1_493' title='bbox 2166 2172 2222 2217; x_wconf 84' lang='lat' dir='ltr'><strong>et</strong></span> <span class='ocrx_word' id='word_1_494' title='bbox 2282 2163 2643 2218; x_wconf 82' lang='lat' dir='ltr'><strong>substantiam</strong></span> <span class='ocrx_word' id='word_1_495' title='bbox 2736 2172 2927 2230; x_wconf 89' lang='lat' dir='ltr'><strong>partus</strong></span> <span class='ocrx_word' id='word_1_496' title='bbox 2987 2162 3230 2215; x_wconf 77' lang='lat' dir='ltr'><strong>creditur</strong></span> 
     </span>
    </p>
   </div>
   <div class='ocr_carea' id='block_1_68' title="bbox 1663 2250 3227 2319">
    <p class='ocr_par' dir='ltr' id='par_1_68' title="bbox 1663 2250 3227 2319">
     <span class='ocr_line' id='line_1_68' title="bbox 1663 2250 3227 2319; baseline -0.003 -11"><span class='ocrx_word' id='word_1_497' title='bbox 1663 2255 1977 2310; x_wconf 88' lang='lat' dir='ltr'><strong>necessario</strong></span> <span class='ocrx_word' id='word_1_498' title='bbox 2029 2254 2354 2308; x_wconf 81' lang='lat' dir='ltr'><strong>declarasse.</strong></span> <span class='ocrx_word' id='word_1_499' title='bbox 2405 2252 2498 2306; x_wconf 90' lang='lat' dir='ltr'><strong>Sin</strong></span> <span class='ocrx_word' id='word_1_500' title='bbox 2582 2250 2737 2319; x_wconf 89' lang='lat' dir='ltr'><strong>cupis</strong></span> <span class='ocrx_word' id='word_1_501' title='bbox 2790 2261 2844 2305; x_wconf 86' lang='lat' dir='ltr'><strong>et</strong></span> <span class='ocrx_word' id='word_1_502' title='bbox 2898 2268 2927 2304; x_wconf 85' lang='lat' dir='ltr'><strong>a</strong></span> <span class='ocrx_word' id='word_1_503' title='bbox 3013 2266 3099 2304; x_wconf 74' lang='lat' dir='ltr'><strong>nte</strong></span> <span class='ocrx_word' id='word_1_504' title='bbox 3147 2250 3227 2304; x_wconf 89' lang='lat' dir='ltr'><strong>di-</strong></span> 
     </span>
    </p>
   </div>
   <div class='ocr_carea' id='block_1_69' title="bbox 1663 2340 3229 2415">
    <p class='ocr_par' dir='ltr' id='par_1_69' title="bbox 1663 2340 3229 2415">
     <span class='ocr_line' id='line_1_69' title="bbox 1663 2340 3229 2415; baseline -0.005 -14"><span class='ocrx_word' id='word_1_505' title='bbox 1663 2362 1839 2412; x_wconf 84' lang='lat' dir='ltr'><strong>scere,</strong></span> <span class='ocrx_word' id='word_1_506' title='bbox 1870 2361 1990 2415; x_wconf 78' lang='lat' dir='ltr'><strong>quae</strong></span> <span class='ocrx_word' id='word_1_507' title='bbox 2025 2353 2331 2414; x_wconf 89' lang='lat' dir='ltr'><strong>sequuntur</strong></span> <span class='ocrx_word' id='word_1_508' title='bbox 2371 2343 2437 2395; x_wconf 82' lang='lat' dir='ltr'><strong>.in</strong></span> <span class='ocrx_word' id='word_1_509' title='bbox 2489 2342 2755 2412; x_wconf 84' lang='lat' dir='ltr'><strong>propheta</strong></span> <span class='ocrx_word' id='word_1_510' title='bbox 2779 2356 3034 2410; x_wconf 74' lang='lat' dir='ltr'><strong>percurre</strong></span> <span class='ocrx_word' id='word_1_511' title='bbox 3091 2359 3103 2393; x_wconf 92' lang='lat'><strong>:</strong></span> <span class='ocrx_word' id='word_1_512' title='bbox 3161 2340 3229 2394; x_wconf 80' lang='lat' dir='ltr'><strong>Et</strong></span> 
     </span>
    </p>
   </div>
   <div class='ocr_carea' id='block_1_70' title="bbox 1663 2430 3226 2508">
    <p class='ocr_par' dir='ltr' id='par_1_70' title="bbox 1663 2430 3226 2508">
     <span class='ocr_line' id='line_1_70' title="bbox 1663 2430 3226 2508; baseline -0.003 -18"><span class='ocrx_word' id='word_1_513' title='bbox 1663 2438 1832 2508; x_wconf 82' lang='lat' dir='ltr'><strong>pariet</strong></span> <span class='ocrx_word' id='word_1_514' title='bbox 1880 2437 2072 2504; x_wconf 82' lang='lat' dir='ltr'><strong>ﬁlium,</strong></span> <span class='ocrx_word' id='word_1_515' title='bbox 2145 2445 2194 2488; x_wconf 88' lang='lat' dir='ltr'><strong>et</strong></span> <span class='ocrx_word' id='word_1_516' title='bbox 2240 2435 2492 2487; x_wconf 80' lang='lat' dir='ltr'><strong>vocabunt</strong></span> <span class='ocrx_word' id='word_1_517' title='bbox 2546 2448 2730 2484; x_wconf 88' lang='lat' dir='ltr'><strong>nomen</strong></span> <span class='ocrx_word' id='word_1_518' title='bbox 2757 2433 2871 2501; x_wconf 78' lang='lat' dir='ltr'><strong>ejus</strong></span> <span class='ocrx_word' id='word_1_519' title='bbox 2891 2430 3226 2485; x_wconf 76' lang='lat' dir='ltr'><strong>Emmanuel.</strong></span> 
     </span>
    </p>
   </div>
   <div class='ocr_carea' id='block_1_71' title="bbox 1662 2520 3231 2597">
    <p class='ocr_par' dir='ltr' id='par_1_71' title="bbox 1662 2520 3231 2597">
     <span class='ocr_line' id='line_1_71' title="bbox 1662 2520 3231 2597; baseline -0.005 -15"><span class='ocrx_word' id='word_1_520' title='bbox 1662 2528 1801 2593; x_wconf 84' lang='lat' dir='ltr'><strong>Quid</strong></span> <span class='ocrx_word' id='word_1_521' title='bbox 1829 2542 1991 2597; x_wconf 88' lang='lat' dir='ltr'><strong>porro</strong></span> <span class='ocrx_word' id='word_1_522' title='bbox 2017 2536 2103 2581; x_wconf 91' lang='lat' dir='ltr'><strong>est</strong></span> <span class='ocrx_word' id='word_1_523' title='bbox 2136 2525 2494 2580; x_wconf 85' lang='lat' dir='ltr'><strong>Emmanuel?</strong></span> <span class='ocrx_word' id='word_1_524' title='bbox 2542 2522 2831 2577; x_wconf 83' lang='lat' dir='ltr'><strong>Nobiscum</strong></span> <span class='ocrx_word' id='word_1_525' title='bbox 2864 2522 3025 2576; x_wconf 82' lang='lat' dir='ltr'><strong>Deus.</strong></span> <span class='ocrx_word' id='word_1_526' title='bbox 3076 2520 3231 2575; x_wconf 82' lang='lat' dir='ltr'><strong>Nun-</strong></span> 
     </span>
    </p>
   </div>
   <div class='ocr_carea' id='block_1_72' title="bbox 1663 2610 3227 2690">
    <p class='ocr_par' dir='ltr' id='par_1_72' title="bbox 1663 2610 3227 2690">
     <span class='ocr_line' id='line_1_72' title="bbox 1663 2610 3227 2690; baseline -0.006 -15"><span class='ocrx_word' id='word_1_527' title='bbox 1663 2620 1793 2690; x_wconf 87' lang='lat' dir='ltr'><strong>quid</strong></span> <span class='ocrx_word' id='word_1_528' title='bbox 1817 2635 1946 2690; x_wconf 85' lang='lat' dir='ltr'><strong>ergo</strong></span> <span class='ocrx_word' id='word_1_529' title='bbox 1978 2620 2121 2673; x_wconf 88' lang='lat' dir='ltr'><strong>Deus</strong></span> <span class='ocrx_word' id='word_1_530' title='bbox 2149 2633 2216 2672; x_wconf 79' lang='lat' dir='ltr'><strong>ex</strong></span> <span class='ocrx_word' id='word_1_531' title='bbox 2249 2617 2456 2685; x_wconf 78' lang='lat' dir='ltr'><strong>nuptiis</strong></span> <span class='ocrx_word' id='word_1_532' title='bbox 2500 2626 2554 2670; x_wconf 88' lang='lat' dir='ltr'><strong>et</strong></span> <span class='ocrx_word' id='word_1_533' title='bbox 2581 2614 2937 2683; x_wconf 87' lang='lat' dir='ltr'><strong>corruptione</strong></span> <span class='ocrx_word' id='word_1_534' title='bbox 2977 2610 3227 2682; x_wconf 85' lang='lat' dir='ltr'><strong>concipi-</strong></span> 
     </span>
    </p>
   </div>
   <div class='ocr_carea' id='block_1_73' title="bbox 1665 2704 3230 2776">
    <p class='ocr_par' dir='ltr' id='par_1_73' title="bbox 1665 2704 3230 2776">
     <span class='ocr_line' id='line_1_73' title="bbox 1665 2704 3230 2776; baseline -0.005 -9"><span class='ocrx_word' id='word_1_535' title='bbox 1665 2721 1774 2774; x_wconf 91' lang='lat' dir='ltr'><strong>tur,</strong></span> <span class='ocrx_word' id='word_1_536' title='bbox 1795 2721 1848 2764; x_wconf 83' lang='lat' dir='ltr'><strong>et</strong></span> <span class='ocrx_word' id='word_1_537' title='bbox 1872 2726 1939 2764; x_wconf 80' lang='lat' dir='ltr'><strong>ex</strong></span> <span class='ocrx_word' id='word_1_538' title='bbox 1973 2710 2089 2764; x_wconf 87' lang='lat' dir='ltr'><strong>viro</strong></span> <span class='ocrx_word' id='word_1_539' title='bbox 2118 2719 2282 2776; x_wconf 85' lang='lat' dir='ltr'><strong>atque</strong></span> <span class='ocrx_word' id='word_1_540' title='bbox 2311 2707 2610 2762; x_wconf 86' lang='lat' dir='ltr'><strong>concubitu</strong></span> <span class='ocrx_word' id='word_1_541' title='bbox 2634 2707 2814 2761; x_wconf 88' lang='lat' dir='ltr'><strong>editus</strong></span> <span class='ocrx_word' id='word_1_542' title='bbox 2851 2714 2946 2759; x_wconf 86' lang='lat' dir='ltr'><strong>aut</strong></span> <span class='ocrx_word' id='word_1_543' title='bbox 2971 2704 3230 2759; x_wconf 87' lang='lat' dir='ltr'><strong>incarna-</strong></span> 
     </span>
    </p>
   </div>
   <div class='ocr_carea' id='block_1_74' title="bbox 1668 2793 3230 2869">
    <p class='ocr_par' dir='ltr' id='par_1_74' title="bbox 1668 2793 3230 2869">
     <span class='ocr_line' id='line_1_74' title="bbox 1668 2793 3230 2869; baseline -0.005 -16"><span class='ocrx_word' id='word_1_544' title='bbox 1668 2810 1751 2855; x_wconf 88' lang='lat' dir='ltr'><strong>tus</strong></span> <span class='ocrx_word' id='word_1_545' title='bbox 1785 2815 1906 2855; x_wconf 88' lang='lat' dir='ltr'><strong>esse</strong></span> <span class='ocrx_word' id='word_1_546' title='bbox 1930 2798 2141 2869; x_wconf 87' lang='lat' dir='ltr'><strong>potest?</strong></span> <span class='ocrx_word' id='word_1_547' title='bbox 2158 2798 2528 2867; x_wconf 85' lang='lat' dir='ltr'><strong>Nequaquam,</strong></span> <span class='ocrx_word' id='word_1_548' title='bbox 2562 2797 2656 2851; x_wconf 90' lang='lat' dir='ltr'><strong>sed</strong></span> <span class='ocrx_word' id='word_1_549' title='bbox 2685 2795 3005 2866; x_wconf 89' lang='lat' dir='ltr'><strong>operatione</strong></span> <span class='ocrx_word' id='word_1_550' title='bbox 3022 2793 3230 2858; x_wconf 86' lang='lat' dir='ltr'><strong>divina,</strong></span> 
     </span>
    </p>
   </div>
   <div class='ocr_carea' id='block_1_75' title="bbox 1665 2886 3230 2958">
    <p class='ocr_par' dir='ltr' id='par_1_75' title="bbox 1665 2886 3230 2958">
     <span class='ocr_line' id='line_1_75' title="bbox 1665 2886 3230 2958; baseline -0.004 -13"><span class='ocrx_word' id='word_1_551' title='bbox 1665 2892 2024 2947; x_wconf 86' lang='lat' dir='ltr'><strong>seminatione</strong></span> <span class='ocrx_word' id='word_1_552' title='bbox 2074 2903 2333 2958; x_wconf 88' lang='lat' dir='ltr'><strong>superna,</strong></span> <span class='ocrx_word' id='word_1_553' title='bbox 2364 2896 2419 2943; x_wconf 91' lang='lat' dir='ltr'><strong>et</strong></span> <span class='ocrx_word' id='word_1_554' title='bbox 2443 2889 2679 2941; x_wconf 79' lang='lat' dir='ltr'><strong>adventu</strong></span> <span class='ocrx_word' id='word_1_555' title='bbox 2724 2886 2959 2955; x_wconf 86' lang='lat' dir='ltr'><strong>Spiritus</strong></span> <span class='ocrx_word' id='word_1_556' title='bbox 3033 2886 3230 2939; x_wconf 72' lang='lat' dir='ltr'><strong>sancti:</strong></span> 
     </span>
    </p>
   </div>
   <div class='ocr_carea' id='block_1_76' title="bbox 1665 2972 3232 3048">
    <p class='ocr_par' dir='ltr' id='par_1_76' title="bbox 1665 2972 3232 3048">
     <span class='ocr_line' id='line_1_76' title="bbox 1665 2972 3232 3048; baseline -0.004 -13"><span class='ocrx_word' id='word_1_557' title='bbox 1665 2980 2029 3048; x_wconf 88' lang='lat' dir='ltr'><strong>Quamobrem</strong></span> <span class='ocrx_word' id='word_1_558' title='bbox 2053 2994 2179 3033; x_wconf 89' lang='lat' dir='ltr'><strong>cum</strong></span> <span class='ocrx_word' id='word_1_559' title='bbox 2211 2976 2374 3048; x_wconf 86' lang='lat' dir='ltr'><strong>Virgo</strong></span> <span class='ocrx_word' id='word_1_560' title='bbox 2399 2976 2636 3030; x_wconf 83' lang='lat' dir='ltr'><strong>Gabrieli</strong></span> <span class='ocrx_word' id='word_1_561' title='bbox 2684 2975 2895 3030; x_wconf 87' lang='lat' dir='ltr'><strong>diceret</strong></span> <span class='ocrx_word' id='word_1_562' title='bbox 2923 2993 2936 3027; x_wconf 91' lang='lat'><strong>:</strong></span> <span class='ocrx_word' id='word_1_563' title='bbox 2965 2972 3232 3039; x_wconf 81' lang='lat' dir='ltr'><strong>Quomodo</strong></span> 
     </span>
    </p>
   </div>
   <div class='ocr_carea' id='block_1_77' title="bbox 1665 3066 3233 3141">
    <p class='ocr_par' dir='ltr' id='par_1_77' title="bbox 1665 3066 3233 3141">
     <span class='ocr_line' id='line_1_77' title="bbox 1665 3066 3233 3141; baseline -0.006 -15"><span class='ocrx_word' id='word_1_564' title='bbox 1665 3072 1753 3141; x_wconf 84' lang='lat' dir='ltr'><strong>ﬁet</strong></span> <span class='ocrx_word' id='word_1_565' title='bbox 1771 3071 1909 3125; x_wconf 76' lang='lat' dir='ltr'><strong>istud</strong></span> <span class='ocrx_word' id='word_1_566' title='bbox 1947 3070 2090 3140; x_wconf 84' lang='lat' dir='ltr'><strong>apud</strong></span> <span class='ocrx_word' id='word_1_567' title='bbox 2117 3086 2219 3129; x_wconf 89' lang='lat' dir='ltr'><strong>me,</strong></span> <span class='ocrx_word' id='word_1_568' title='bbox 2251 3068 2376 3138; x_wconf 90' lang='lat' dir='ltr'><strong>quia</strong></span> <span class='ocrx_word' id='word_1_569' title='bbox 2400 3068 2570 3120; x_wconf 79' lang='lat' dir='ltr'><strong>uirum</strong></span> <span class='ocrx_word' id='word_1_570' title='bbox 2594 3082 2695 3120; x_wconf 85' lang='lat' dir='ltr'><strong>non</strong></span> <span class='ocrx_word' id='word_1_571' title='bbox 2737 3081 2983 3136; x_wconf 81' lang='lat' dir='ltr'><strong>cognosco</strong></span> <span class='ocrx_word' id='word_1_572' title='bbox 3007 3066 3084 3118; x_wconf 73' lang='lat' dir='ltr'><strong>“‘t</strong></span> <span class='ocrx_word' id='word_1_573' title='bbox 3111 3081 3233 3135; x_wconf 86' lang='lat' dir='ltr'><strong>per-</strong></span> 
     </span>
    </p>
   </div>
   <div class='ocr_carea' id='block_1_78' title="bbox 1664 3160 3230 3229">
    <p class='ocr_par' dir='ltr' id='par_1_78' title="bbox 1664 3160 3230 3229">
     <span class='ocr_line' id='line_1_78' title="bbox 1664 3160 3230 3229; baseline -0.002 -11"><span class='ocrx_word' id='word_1_574' title='bbox 1664 3163 1960 3219; x_wconf 85' lang='lat' dir='ltr'><strong>cellitme:</strong></span> <span class='ocrx_word' id='word_1_575' title='bbox 1992 3161 2311 3216; x_wconf 89' lang='lat' dir='ltr'><strong>miraculum</strong></span> <span class='ocrx_word' id='word_1_576' title='bbox 2352 3160 2497 3229; x_wconf 87' lang='lat' dir='ltr'><strong>quod</strong></span> <span class='ocrx_word' id='word_1_577' title='bbox 2537 3160 2742 3223; x_wconf 82' lang='lat' dir='ltr'><strong>dixisti,</strong></span> <span class='ocrx_word' id='word_1_578' title='bbox 2798 3176 2885 3215; x_wconf 89' lang='lat' dir='ltr'><strong>me</strong></span> <span class='ocrx_word' id='word_1_579' title='bbox 2921 3168 3230 3229; x_wconf 85' lang='lat' dir='ltr'><strong>perterret:</strong></span> 
     </span>
    </p>
   </div>
   <div class='ocr_carea' id='block_1_79' title="bbox 1664 3246 3233 3319">
    <p class='ocr_par' dir='ltr' id='par_1_79' title="bbox 1664 3246 3233 3319">
     <span class='ocr_line' id='line_1_79' title="bbox 1664 3246 3233 3319; baseline -0.001 -15"><span class='ocrx_word' id='word_1_580' title='bbox 1664 3261 1719 3305; x_wconf 86' lang='lat' dir='ltr'><strong>et</strong></span> <span class='ocrx_word' id='word_1_581' title='bbox 1744 3250 2023 3304; x_wconf 86' lang='lat' dir='ltr'><strong>oraculum</strong></span> <span class='ocrx_word' id='word_1_582' title='bbox 2054 3249 2229 3319; x_wconf 80' lang='lat' dir='ltr'><strong>angeli</strong></span> <span class='ocrx_word' id='word_1_583' title='bbox 2256 3246 2537 3318; x_wconf 84' lang='lat' dir='ltr'><strong>Virginem</strong></span> <span class='ocrx_word' id='word_1_584' title='bbox 2569 3246 2961 3317; x_wconf 69' lang='lat' dir='ltr'><strong>obstupefecit,</strong></span> <span class='ocrx_word' id='word_1_585' title='bbox 2987 3247 3233 3303; x_wconf 80' lang='lat' dir='ltr'><strong>miranda</strong></span> 
     </span>
    </p>
   </div>
   <div class='ocr_carea' id='block_1_80' title="bbox 1666 3339 3237 3410">
    <p class='ocr_par' dir='ltr' id='par_1_80' title="bbox 1666 3339 3237 3410">
     <span class='ocr_line' id='line_1_80' title="bbox 1666 3339 3237 3410; baseline -0.003 -14"><span class='ocrx_word' id='word_1_586' title='bbox 1666 3342 1820 3404; x_wconf 88' lang='lat' dir='ltr'><strong>dicis,</strong></span> <span class='ocrx_word' id='word_1_587' title='bbox 1834 3342 2069 3410; x_wconf 37' lang='lat' dir='ltr'><strong>ideoque.</strong></span> <span class='ocrx_word' id='word_1_588' title='bbox 2085 3340 2215 3394; x_wconf 83' lang='lat' dir='ltr'><strong>mihi</strong></span> <span class='ocrx_word' id='word_1_589' title='bbox 2240 3340 2423 3402; x_wconf 89' lang='lat' dir='ltr'><strong>dubia,</strong></span> <span class='ocrx_word' id='word_1_590' title='bbox 2450 3339 2577 3407; x_wconf 86' lang='lat' dir='ltr'><strong>quia</strong></span> <span class='ocrx_word' id='word_1_591' title='bbox 2600 3339 2910 3407; x_wconf 88' lang='lat' dir='ltr'><strong>peregrina,</strong></span> <span class='ocrx_word' id='word_1_592' title='bbox 2935 3340 3237 3393; x_wconf 84' lang='lat' dir='ltr'><strong>extimesco</strong></span> 
     </span>
    </p>
   </div>
   <div class='ocr_carea' id='block_1_81' title="bbox 1669 3427 3236 3497">
    <p class='ocr_par' dir='ltr' id='par_1_81' title="bbox 1669 3427 3236 3497">
     <span class='ocr_line' id='line_1_81' title="bbox 1669 3427 3236 3497; baseline -0.003 -12"><span class='ocrx_word' id='word_1_593' title='bbox 1669 3432 1845 3485; x_wconf 90' lang='lat' dir='ltr'><strong>nuntii</strong></span> <span class='ocrx_word' id='word_1_594' title='bbox 1879 3431 2040 3484; x_wconf 82' lang='lat' dir='ltr'><strong>fausti</strong></span> <span class='ocrx_word' id='word_1_595' title='bbox 2064 3430 2358 3484; x_wconf 83' lang='lat' dir='ltr'><strong>novitatem</strong></span> <span class='ocrx_word' id='word_1_596' title='bbox 2395 3445 2408 3480; x_wconf 87' lang='lat'><strong>:</strong></span> <span class='ocrx_word' id='word_1_597' title='bbox 2446 3429 2734 3497; x_wconf 86' lang='lat' dir='ltr'><strong>perturbor</strong></span> <span class='ocrx_word' id='word_1_598' title='bbox 2767 3428 2837 3481; x_wconf 89' lang='lat' dir='ltr'><strong>ob</strong></span> <span class='ocrx_word' id='word_1_599' title='bbox 2874 3442 2936 3481; x_wconf 87' lang='lat' dir='ltr'><strong>ea</strong></span> <span class='ocrx_word' id='word_1_600' title='bbox 2977 3441 3097 3495; x_wconf 70' lang='lat' dir='ltr'><strong>quae</strong></span> <span class='ocrx_word' id='word_1_601' title='bbox 3149 3427 3236 3480; x_wconf 88' lang='lat' dir='ltr'><strong>di—</strong></span> 
     </span>
    </p>
   </div>
   <div class='ocr_carea' id='block_1_82' title="bbox 1666 3523 3237 3593">
    <p class='ocr_par' dir='ltr' id='par_1_82' title="bbox 1666 3523 3237 3593">
     <span class='ocr_line' id='line_1_82' title="bbox 1666 3523 3237 3593; baseline 0 -16"><span class='ocrx_word' id='word_1_602' title='bbox 1666 3531 1863 3577; x_wconf 89' lang='lat' dir='ltr'><strong>cuntur</strong></span> <span class='ocrx_word' id='word_1_603' title='bbox 1892 3536 1923 3574; x_wconf 90' lang='lat' dir='ltr'><strong>a</strong></span> <span class='ocrx_word' id='word_1_604' title='bbox 1957 3530 2010 3576; x_wconf 87' lang='lat' dir='ltr'><strong>te</strong></span> <span class='ocrx_word' id='word_1_605' title='bbox 2032 3523 2325 3578; x_wconf 90' lang='lat' dir='ltr'><strong>admodum</strong></span> <span class='ocrx_word' id='word_1_606' title='bbox 2350 3525 2587 3582; x_wconf 88' lang='lat' dir='ltr'><strong>insolita.</strong></span> <span class='ocrx_word' id='word_1_607' title='bbox 2660 3526 2931 3589; x_wconf 81' lang='lat' dir='ltr'><strong>Quomodo</strong></span> <span class='ocrx_word' id='word_1_608' title='bbox 2988 3525 3116 3578; x_wconf 79' lang='lat' dir='ltr'><strong>mihi</strong></span> <span class='ocrx_word' id='word_1_609' title='bbox 3149 3524 3237 3593; x_wconf 80' lang='lat' dir='ltr'><strong>fiet</strong></span> 
     </span>
    </p>
   </div>
   <div class='ocr_carea' id='block_1_83' title="bbox 1668 3614 3235 3686">
    <p class='ocr_par' dir='ltr' id='par_1_83' title="bbox 1668 3614 3235 3686">
     <span class='ocr_line' id='line_1_83' title="bbox 1668 3614 3235 3686; baseline 0.001 -20"><span class='ocrx_word' id='word_1_610' title='bbox 1668 3614 1828 3676; x_wconf 82' lang='lat' dir='ltr'><strong>istud,</strong></span> <span class='ocrx_word' id='word_1_611' title='bbox 1899 3614 2022 3683; x_wconf 87' lang='lat' dir='ltr'><strong>quia</strong></span> <span class='ocrx_word' id='word_1_612' title='bbox 2044 3614 2215 3669; x_wconf 83' lang='lat' dir='ltr'><strong>virum</strong></span> <span class='ocrx_word' id='word_1_613' title='bbox 2259 3632 2360 3669; x_wconf 87' lang='lat' dir='ltr'><strong>non</strong></span> <span class='ocrx_word' id='word_1_614' title='bbox 2384 3617 2667 3686; x_wconf 76' lang='lat' dir='ltr'><strong>cognosco?</strong></span> <span class='ocrx_word' id='word_1_615' title='bbox 2713 3631 2818 3684; x_wconf 90' lang='lat' dir='ltr'><strong>qua</strong></span> <span class='ocrx_word' id='word_1_616' title='bbox 2850 3614 3064 3669; x_wconf 77' lang='lat' dir='ltr'><strong>ratione</strong></span> <span class='ocrx_word' id='word_1_617' title='bbox 3112 3614 3235 3668; x_wconf 80' lang='lat' dir='ltr'><strong>ﬁam</strong></span> 
     </span>
    </p>
   </div>
   <div class='ocr_carea' id='block_1_84' title="bbox 1669 3702 3238 3774">
    <p class='ocr_par' dir='ltr' id='par_1_84' title="bbox 1669 3702 3238 3774">
     <span class='ocr_line' id='line_1_84' title="bbox 1669 3702 3238 3774; baseline 0.003 -19"><span class='ocrx_word' id='word_1_618' title='bbox 1669 3711 1863 3765; x_wconf 88' lang='lat' dir='ltr'><strong>mater,</strong></span> <span class='ocrx_word' id='word_1_619' title='bbox 1886 3717 2005 3770; x_wconf 77' lang='lat' dir='ltr'><strong>quae</strong></span> <span class='ocrx_word' id='word_1_620' title='bbox 2026 3717 2135 3756; x_wconf 88' lang='lat' dir='ltr'><strong>non</strong></span> <span class='ocrx_word' id='word_1_621' title='bbox 2170 3702 2246 3756; x_wconf 81' lang='lat' dir='ltr'><strong>fui</strong></span> <span class='ocrx_word' id='word_1_622' title='bbox 2274 3706 2510 3774; x_wconf 84' lang='lat' dir='ltr'><strong>sponsa?</strong></span> <span class='ocrx_word' id='word_1_623' title='bbox 2539 3705 2637 3759; x_wconf 82' lang='lat' dir='ltr'><strong>llos</strong></span> <span class='ocrx_word' id='word_1_624' title='bbox 2662 3705 2838 3759; x_wconf 82' lang='lat' dir='ltr'><strong>aetatis</strong></span> <span class='ocrx_word' id='word_1_625' title='bbox 2856 3704 3089 3774; x_wconf 79' lang='lat' dir='ltr'><strong>vigentis</strong></span> <span class='ocrx_word' id='word_1_626' title='bbox 3126 3719 3238 3760; x_wconf 86' lang='lat' dir='ltr'><strong>non</strong></span> 
     </span>
    </p>
   </div>
   <div class='ocr_carea' id='block_1_85' title="bbox 1669 3793 3236 3866">
    <p class='ocr_par' dir='ltr' id='par_1_85' title="bbox 1669 3793 3236 3866">
     <span class='ocr_line' id='line_1_85' title="bbox 1669 3793 3236 3866; baseline 0.001 -19"><span class='ocrx_word' id='word_1_627' title='bbox 1669 3802 1755 3847; x_wconf 87' lang='lat' dir='ltr'><strong>est</strong></span> <span class='ocrx_word' id='word_1_628' title='bbox 1788 3801 2080 3861; x_wconf 88' lang='lat' dir='ltr'><strong>corruptus</strong></span> <span class='ocrx_word' id='word_1_629' title='bbox 2114 3810 2126 3844; x_wconf 89' lang='lat'><strong>:</strong></span> <span class='ocrx_word' id='word_1_630' title='bbox 2187 3795 2464 3864; x_wconf 82' lang='lat' dir='ltr'><strong>cingulum</strong></span> <span class='ocrx_word' id='word_1_631' title='bbox 2514 3794 2841 3866; x_wconf 81' lang='lat' dir='ltr'><strong>virginitatis</strong></span> <span class='ocrx_word' id='word_1_632' title='bbox 2883 3809 2995 3847; x_wconf 89' lang='lat' dir='ltr'><strong>non</strong></span> <span class='ocrx_word' id='word_1_633' title='bbox 3045 3793 3181 3848; x_wconf 89' lang='lat' dir='ltr'><strong>solvi</strong></span> <span class='ocrx_word' id='word_1_634' title='bbox 3219 3811 3236 3848; x_wconf 92' lang='lat'><strong>:</strong></span> 
     </span>
    </p>
   </div>
   <div class='ocr_carea' id='block_1_86' title="bbox 1670 3882 3239 3940">
    <p class='ocr_par' dir='ltr' id='par_1_86' title="bbox 1670 3882 3239 3940">
     <span class='ocr_line' id='line_1_86' title="bbox 1670 3882 3239 3940; baseline -0.001 -2"><span class='ocrx_word' id='word_1_635' title='bbox 1670 3882 1884 3938; x_wconf 87' lang='lat' dir='ltr'><strong>vincula</strong></span> <span class='ocrx_word' id='word_1_636' title='bbox 1968 3884 2137 3937; x_wconf 66' lang='lat' dir='ltr'><strong>vulva:</strong></span> <span class='ocrx_word' id='word_1_637' title='bbox 2186 3901 2295 3938; x_wconf 88' lang='lat' dir='ltr'><strong>non</strong></span> <span class='ocrx_word' id='word_1_638' title='bbox 2343 3886 2513 3940; x_wconf 82' lang='lat' dir='ltr'><strong>laxavi</strong></span> <span class='ocrx_word' id='word_1_639' title='bbox 2571 3884 2770 3940; x_wconf 87' lang='lat' dir='ltr'><strong>:uteri</strong></span> <span class='ocrx_word' id='word_1_640' title='bbox 2830 3900 2942 3938; x_wconf 88' lang='lat' dir='ltr'><strong>non</strong></span> <span class='ocrx_word' id='word_1_641' title='bbox 3016 3882 3239 3938; x_wconf 86' lang='lat' dir='ltr'><strong>dissolvi</strong></span> 
     </span>
    </p>
   </div>
   <div class='ocr_carea' id='block_1_87' title="bbox 1672 3973 3241 4044">
    <p class='ocr_par' dir='ltr' id='par_1_87' title="bbox 1672 3973 3241 4044">
     <span class='ocr_line' id='line_1_87' title="bbox 1672 3973 3241 4044; baseline 0.001 -17"><span class='ocrx_word' id='word_1_642' title='bbox 1672 3974 1927 4044; x_wconf 87' lang='lat' dir='ltr'><strong>sigillum.</strong></span> <span class='ocrx_word' id='word_1_643' title='bbox 1969 3975 2207 4044; x_wconf 81' lang='lat' dir='ltr'><strong>Angelus</strong></span> <span class='ocrx_word' id='word_1_644' title='bbox 2263 3975 2550 4030; x_wconf 79' lang='lat' dir='ltr'><strong>confestim</strong></span> <span class='ocrx_word' id='word_1_645' title='bbox 2603 3976 2886 4043; x_wconf 73' lang='lat' dir='ltr'><strong>subiunxit</strong></span> <span class='ocrx_word' id='word_1_646' title='bbox 2929 3992 2942 4028; x_wconf 78' lang='grc' dir='ltr'><strong>ι</strong></span> <span class='ocrx_word' id='word_1_647' title='bbox 3006 3973 3241 4044; x_wconf 78' lang='lat' dir='ltr'><strong>Spiritus</strong></span> 
     </span>
    </p>
   </div>
   <div class='ocr_carea' id='block_1_88' title="bbox 1669 4066 3241 4134">
    <p class='ocr_par' dir='ltr' id='par_1_88' title="bbox 1669 4066 3241 4134">
     <span class='ocr_line' id='line_1_88' title="bbox 1669 4066 3241 4134; baseline 0.001 -18"><span class='ocrx_word' id='word_1_648' title='bbox 1669 4076 1880 4116; x_wconf 74' lang='lat' dir='ltr'><strong>sanctus</strong></span> <span class='ocrx_word' id='word_1_649' title='bbox 1900 4066 2219 4132; x_wconf 80' lang='lat' dir='ltr'><strong>superveniet</strong></span> <span class='ocrx_word' id='word_1_650' title='bbox 2272 4067 2325 4119; x_wconf 90' lang='lat' dir='ltr'><strong>in</strong></span> <span class='ocrx_word' id='word_1_651' title='bbox 2381 4076 2450 4134; x_wconf 89' lang='lat' dir='ltr'><strong>te,</strong></span> <span class='ocrx_word' id='word_1_652' title='bbox 2494 4077 2544 4121; x_wconf 91' lang='lat' dir='ltr'><strong>et</strong></span> <span class='ocrx_word' id='word_1_653' title='bbox 2580 4069 2744 4123; x_wconf 80' lang='lat' dir='ltr'><strong>virtus</strong></span> <span class='ocrx_word' id='word_1_654' title='bbox 2773 4067 3028 4120; x_wconf 78' lang='lat' dir='ltr'><strong>Altissimi</strong></span> <span class='ocrx_word' id='word_1_655' title='bbox 3057 4066 3241 4119; x_wconf 81' lang='lat' dir='ltr'><strong>obum-</strong></span> 
     </span>
    </p>
   </div>
   <div class='ocr_carea' id='block_1_89' title="bbox 1674 4154 3241 4231">
    <p class='ocr_par' dir='ltr' id='par_1_89' title="bbox 1674 4154 3241 4231">
     <span class='ocr_line' id='line_1_89' title="bbox 1674 4154 3241 4231; baseline 0.002 -23"><span class='ocrx_word' id='word_1_656' title='bbox 1674 4154 1844 4209; x_wconf 80' lang='lat' dir='ltr'><strong>brabit</strong></span> <span class='ocrx_word' id='word_1_657' title='bbox 1866 4155 2057 4223; x_wconf 78' lang='lat' dir='ltr'><strong>tibi&quot;;</strong></span> <span class='ocrx_word' id='word_1_658' title='bbox 2105 4157 2208 4210; x_wconf 83' lang='lat' dir='ltr'><strong>hoc</strong></span> <span class='ocrx_word' id='word_1_659' title='bbox 2230 4166 2336 4223; x_wconf 86' lang='lat' dir='ltr'><strong>est,</strong></span> <span class='ocrx_word' id='word_1_660' title='bbox 2375 4159 2420 4212; x_wconf 90' lang='lat' dir='ltr'><strong>si</strong></span> <span class='ocrx_word' id='word_1_661' title='bbox 2479 4166 2839 4231; x_wconf 81' lang='lat' dir='ltr'><strong>cognosceres</strong></span> <span class='ocrx_word' id='word_1_662' title='bbox 2872 4158 3072 4221; x_wconf 89' lang='lat' dir='ltr'><strong>virum,</strong></span> <span class='ocrx_word' id='word_1_663' title='bbox 3130 4171 3241 4211; x_wconf 88' lang='lat' dir='ltr'><strong>non</strong></span> 
     </span>
    </p>
   </div>
   <div class='ocr_carea' id='block_1_90' title="bbox 1673 4245 3238 4321">
    <p class='ocr_par' dir='ltr' id='par_1_90' title="bbox 1673 4245 3238 4321">
     <span class='ocr_line' id='line_1_90' title="bbox 1673 4245 3238 4321; baseline -0.001 -22"><span class='ocrx_word' id='word_1_664' title='bbox 1673 4261 1892 4316; x_wconf 86' lang='lat' dir='ltr'><strong>pareres</strong></span> <span class='ocrx_word' id='word_1_665' title='bbox 1920 4245 2111 4313; x_wconf 85' lang='lat' dir='ltr'><strong>Deum,</strong></span> <span class='ocrx_word' id='word_1_666' title='bbox 2137 4247 2221 4302; x_wconf 91' lang='lat' dir='ltr'><strong>cui</strong></span> <span class='ocrx_word' id='word_1_667' title='bbox 2258 4247 2431 4301; x_wconf 88' lang='lat' dir='ltr'><strong>visum</strong></span> <span class='ocrx_word' id='word_1_668' title='bbox 2453 4258 2533 4303; x_wconf 89' lang='lat' dir='ltr'><strong>est</strong></span> <span class='ocrx_word' id='word_1_669' title='bbox 2566 4265 2631 4303; x_wconf 83' lang='lat' dir='ltr'><strong>ex</strong></span> <span class='ocrx_word' id='word_1_670' title='bbox 2657 4258 2730 4313; x_wconf 89' lang='lat' dir='ltr'><strong>te,</strong></span> <span class='ocrx_word' id='word_1_671' title='bbox 2789 4256 3010 4321; x_wconf 82' lang='lat' dir='ltr'><strong>propter</strong></span> <span class='ocrx_word' id='word_1_672' title='bbox 3034 4257 3085 4300; x_wconf 85' lang='lat' dir='ltr'><strong>te</strong></span> <span class='ocrx_word' id='word_1_673' title='bbox 3107 4245 3238 4300; x_wconf 85' lang='lat' dir='ltr'><strong>citra</strong></span> 
     </span>
    </p>
   </div>
   <div class='ocr_carea' id='block_1_91' title="bbox 1674 4336 3242 4405">
    <p class='ocr_par' dir='ltr' id='par_1_91' title="bbox 1674 4336 3242 4405">
     <span class='ocr_line' id='line_1_91' title="bbox 1674 4336 3242 4405; baseline -0.001 -16"><span class='ocrx_word' id='word_1_674' title='bbox 1674 4336 2101 4405; x_wconf 88' lang='lat' dir='ltr'><strong>corruptionem,</strong></span> <span class='ocrx_word' id='word_1_675' title='bbox 2147 4337 2285 4390; x_wconf 89' lang='lat' dir='ltr'><strong>servi</strong></span> <span class='ocrx_word' id='word_1_676' title='bbox 2338 4337 2566 4391; x_wconf 80' lang='lat' dir='ltr'><strong>formam</strong></span> <span class='ocrx_word' id='word_1_677' title='bbox 2622 4353 2838 4392; x_wconf 87' lang='lat' dir='ltr'><strong>sumere</strong></span> <span class='ocrx_word' id='word_1_678' title='bbox 2896 4355 2910 4389; x_wconf 89' lang='lat'>:</span> <span class='ocrx_word' id='word_1_679' title='bbox 2961 4350 3242 4405; x_wconf 88' lang='lat' dir='ltr'><strong>nunquam</strong></span> 
     </span>
    </p>
   </div>
   <div class='ocr_carea' id='block_1_92' title="bbox 41 4421 1562 4504">
    <p class='ocr_par' dir='ltr' id='par_1_92' title="bbox 41 4421 1562 4504">
     <span class='ocr_line' id='line_1_92' title="bbox 41 4421 1562 4504; baseline -0.007 -16"><span class='ocrx_word' id='word_1_680' title='bbox 41 4437 243 4504; x_wconf 76' lang='grc' dir='ltr'><strong>’νεῦμα</strong></span> <span class='ocrx_word' id='word_1_681' title='bbox 290 4434 461 4504; x_wconf 76' lang='grc' dir='ltr'><strong>ἅγιον</strong></span> <span class='ocrx_word' id='word_1_682' title='bbox 500 4433 891 4487; x_wconf 73' lang='grc' dir='ltr'><strong>ἐπελεύσεται</strong></span> <span class='ocrx_word' id='word_1_683' title='bbox 921 4428 1021 4482; x_wconf 77' lang='grc' dir='ltr'><strong>ἐπὶ</strong></span> <span class='ocrx_word' id='word_1_684' title='bbox 1050 4425 1145 4491; x_wconf 86' lang='grc' dir='ltr'><strong>σὲ,</strong></span> <span class='ocrx_word' id='word_1_685' title='bbox 1175 4425 1271 4479; x_wconf 71' lang='grc' dir='ltr'><strong>καὶ</strong></span> <span class='ocrx_word' id='word_1_686' title='bbox 1314 4421 1562 4494; x_wconf 65' lang='grc' dir='ltr'><strong>δύναμις</strong></span> 
     </span>
    </p>
   </div>
   <div class='ocr_carea' id='block_1_93' title="bbox 1678 4421 3242 4504">
    <p class='ocr_par' dir='ltr' id='par_1_93' title="bbox 1678 4421 3242 4493">
     <span class='ocr_line' id='line_1_93' title="bbox 1678 4421 3242 4493; baseline -0.003 -15"><span class='ocrx_word' id='word_1_687' title='bbox 1678 4423 1832 4478; x_wconf 81' lang='lat' dir='ltr'><strong>ﬁeres</strong></span> <span class='ocrx_word' id='word_1_688' title='bbox 1853 4424 2273 4478; x_wconf 89' lang='lat' dir='ltr'><strong>instrumentum</strong></span> <span class='ocrx_word' id='word_1_689' title='bbox 2305 4424 2697 4479; x_wconf 91' lang='lat' dir='ltr'><strong>incarnationis</strong></span> <span class='ocrx_word' id='word_1_690' title='bbox 2755 4424 2874 4493; x_wconf 87' lang='lat' dir='ltr'><strong>ejus</strong></span> <span class='ocrx_word' id='word_1_691' title='bbox 2923 4423 3012 4491; x_wconf 89' lang='lat' dir='ltr'><strong>qui</strong></span> <span class='ocrx_word' id='word_1_692' title='bbox 3060 4421 3242 4475; x_wconf 86' lang='lat' dir='ltr'><strong>omnia</strong></span> 
     </span>
    </p>
   </div>
   <div class='ocr_carea' id='block_1_94' title="bbox 41 4518 1577 4594">
    <p class='ocr_par' dir='ltr' id='par_1_94' title="bbox 41 4518 1577 4594">
     <span class='ocr_line' id='line_1_94' title="bbox 41 4518 1577 4594; baseline -0.007 -14"><span class='ocrx_word' id='word_1_693' title='bbox 41 4527 309 4594; x_wconf 70' lang='grc' dir='ltr'><strong>Υψίστου</strong></span> <span class='ocrx_word' id='word_1_694' title='bbox 331 4525 672 4580; x_wconf 79' lang='grc' dir='ltr'><strong>ἐπισκιάσει</strong></span> <span class='ocrx_word' id='word_1_695' title='bbox 688 4540 816 4580; x_wconf 76' lang='grc' dir='ltr'><strong>σοι’</strong></span> <span class='ocrx_word' id='word_1_696' title='bbox 840 4521 986 4575; x_wconf 82' lang='grc' dir='ltr'><strong>τοῦτ’</strong></span> <span class='ocrx_word' id='word_1_697' title='bbox 1006 4520 1173 4580; x_wconf 76' lang='grc' dir='ltr'><strong>ἔστιν,</strong></span> <span class='ocrx_word' id='word_1_698' title='bbox 1199 4520 1260 4571; x_wconf 84' lang='grc' dir='ltr'><strong>Εἰ</strong></span> <span class='ocrx_word' id='word_1_699' title='bbox 1284 4518 1577 4587; x_wconf 77' lang='grc' dir='ltr'><strong>ἐγίνωσκες</strong></span> 
     </span>
    </p>
   </div>
   <div class='ocr_carea' id='block_1_95' title="bbox 41 4607 1580 4686">
    <p class='ocr_par' dir='ltr' id='par_1_95' title="bbox 41 4607 1580 4686">
     <span class='ocr_line' id='line_1_95' title="bbox 41 4607 1580 4686; baseline -0.006 -18"><span class='ocrx_word' id='word_1_700' title='bbox 41 4617 191 4686; x_wconf 78' lang='grc' dir='ltr'><strong>νδρα,</strong></span> <span class='ocrx_word' id='word_1_701' title='bbox 224 4616 326 4668; x_wconf 80' lang='grc' dir='ltr'><strong>οὐκ</strong></span> <span class='ocrx_word' id='word_1_702' title='bbox 362 4616 427 4669; x_wconf 79' lang='grc' dir='ltr'><strong>ἂν</strong></span> <span class='ocrx_word' id='word_1_703' title='bbox 457 4615 643 4677; x_wconf 75' lang='grc' dir='ltr'><strong>ἔτεκες</strong></span> <span class='ocrx_word' id='word_1_704' title='bbox 673 4614 826 4679; x_wconf 80' lang='grc' dir='ltr'><strong>Θεὸν,</strong></span> <span class='ocrx_word' id='word_1_705' title='bbox 855 4612 1043 4666; x_wconf 83' lang='grc' dir='ltr'><strong>δούλου</strong></span> <span class='ocrx_word' id='word_1_706' title='bbox 1074 4609 1287 4680; x_wconf 82' lang='grc' dir='ltr'><strong>μορφὴν</strong></span> <span class='ocrx_word' id='word_1_707' title='bbox 1310 4607 1496 4662; x_wconf 80' lang='grc' dir='ltr'><strong>λαῦεῖν</strong></span> <span class='ocrx_word' id='word_1_708' title='bbox 1516 4609 1580 4660; x_wconf 81' lang='grc' dir='ltr'><strong>ὲκ</strong></span> 
     </span>
    </p>
   </div>
   <div class='ocr_carea' id='block_1_96' title="bbox 41 4696 1578 4775">
    <p class='ocr_par' dir='ltr' id='par_1_96' title="bbox 41 4696 1578 4775">
     <span class='ocr_line' id='line_1_96' title="bbox 41 4696 1578 4775; baseline -0.007 -15"><span class='ocrx_word' id='word_1_709' title='bbox 41 4707 93 4760; x_wconf 76' lang='grc' dir='ltr'><strong>&gt;ῦ</strong></span> <span class='ocrx_word' id='word_1_710' title='bbox 120 4707 211 4759; x_wconf 72' lang='grc' dir='ltr'><strong>διὰ</strong></span> <span class='ocrx_word' id='word_1_711' title='bbox 246 4706 308 4758; x_wconf 85' lang='grc' dir='ltr'><strong>σὲ</strong></span> <span class='ocrx_word' id='word_1_712' title='bbox 343 4705 510 4775; x_wconf 71' lang='grc' dir='ltr'><strong>χωρὶς</strong></span> <span class='ocrx_word' id='word_1_713' title='bbox 535 4702 742 4772; x_wconf 81' lang='grc' dir='ltr'><strong>φθορᾶς</strong></span> <span class='ocrx_word' id='word_1_714' title='bbox 774 4700 1161 4771; x_wconf 77' lang='grc' dir='ltr'><strong>εὐδοκήσαντα,</strong></span> <span class='ocrx_word' id='word_1_715' title='bbox 1189 4699 1288 4752; x_wconf 79' lang='grc' dir='ltr'><strong>οὐκ</strong></span> <span class='ocrx_word' id='word_1_716' title='bbox 1318 4696 1383 4752; x_wconf 83' lang='grc' dir='ltr'><strong>ἂν</strong></span> <span class='ocrx_word' id='word_1_717' title='bbox 1409 4697 1578 4769; x_wconf 78' lang='grc' dir='ltr'><strong>ὄργα-</strong></span> 
     </span>
    </p>
   </div>
   <div class='ocr_carea' id='block_1_97' title="bbox 41 4786 1576 4865">
    <p class='ocr_par' dir='ltr' id='par_1_97' title="bbox 41 4786 1576 4865">
     <span class='ocr_line' id='line_1_97' title="bbox 41 4786 1576 4865; baseline -0.007 -16"><span class='ocrx_word' id='word_1_718' title='bbox 41 4815 86 4852; x_wconf 79' lang='grc' dir='ltr'><strong>›ν</strong></span> <span class='ocrx_word' id='word_1_719' title='bbox 114 4794 303 4864; x_wconf 80' lang='grc' dir='ltr'><strong>ἑγίνου</strong></span> <span class='ocrx_word' id='word_1_720' title='bbox 332 4795 432 4865; x_wconf 81' lang='grc' dir='ltr'><strong>τῆς</strong></span> <span class='ocrx_word' id='word_1_721' title='bbox 463 4792 559 4847; x_wconf 87' lang='grc' dir='ltr'><strong>τοῦ</strong></span> <span class='ocrx_word' id='word_1_722' title='bbox 586 4793 765 4846; x_wconf 71' lang='grc' dir='ltr'><strong>πάντα</strong></span> <span class='ocrx_word' id='word_1_723' title='bbox 785 4790 1199 4862; x_wconf 82' lang='grc' dir='ltr'><strong>παραγαγόντος</strong></span> <span class='ocrx_word' id='word_1_724' title='bbox 1227 4786 1576 4860; x_wconf 84' lang='grc' dir='ltr'><strong>σαρκώσεως.</strong></span> 
     </span>
    </p>
   </div>
   <div class='ocr_carea' id='block_1_98' title="bbox 41 4881 1574 4957">
    <p class='ocr_par' dir='ltr' id='par_1_98' title="bbox 41 4881 1574 4957">
     <span class='ocr_line' id='line_1_98' title="bbox 41 4881 1574 4957; baseline -0.007 -14"><span class='ocrx_word' id='word_1_725' title='bbox 41 4889 153 4943; x_wconf 63' lang='grc' dir='ltr'><strong>ιλλν</strong></span> <span class='ocrx_word' id='word_1_726' title='bbox 204 4886 392 4957; x_wconf 73' lang='grc' dir='ltr'><strong>ἐπειδὴ</strong></span> <span class='ocrx_word' id='word_1_727' title='bbox 436 4884 651 4955; x_wconf 81' lang='grc' dir='ltr'><strong>καθαρᾶ</strong></span> <span class='ocrx_word' id='word_1_728' title='bbox 704 4884 991 4954; x_wconf 80' lang='grc' dir='ltr'><strong>τυγχάνεις</strong></span> <span class='ocrx_word' id='word_1_729' title='bbox 1051 4881 1239 4950; x_wconf 85' lang='grc' dir='ltr'><strong>κοίτης</strong></span> <span class='ocrx_word' id='word_1_730' title='bbox 1286 4881 1574 4950; x_wconf 80' lang='grc' dir='ltr'><strong>γαμικῆς,</strong></span> 
     </span>
    </p>
   </div>
   <div class='ocr_carea' id='block_1_99' title="bbox 41 4972 1577 5047">
    <p class='ocr_par' dir='ltr' id='par_1_99' title="bbox 41 4972 1577 5047">
     <span class='ocr_line' id='line_1_99' title="bbox 41 4972 1577 5047; baseline -0.003 -18"><span class='ocrx_word' id='word_1_731' title='bbox 41 4977 193 5047; x_wconf 74' lang='grc' dir='ltr'><strong>πειδὴ</strong></span> <span class='ocrx_word' id='word_1_732' title='bbox 241 4978 334 5030; x_wconf 81' lang='grc' dir='ltr'><strong>τὸν</strong></span> <span class='ocrx_word' id='word_1_733' title='bbox 382 4976 506 5029; x_wconf 77' lang='grc' dir='ltr'><strong>ναὸν</strong></span> <span class='ocrx_word' id='word_1_734' title='bbox 549 4974 845 5044; x_wconf 73' lang='grc' dir='ltr'><strong>ἄφθαρτον,</strong></span> <span class='ocrx_word' id='word_1_735' title='bbox 872 4972 968 5027; x_wconf 70' lang='grc' dir='ltr'><strong>καὶ</strong></span> <span class='ocrx_word' id='word_1_736' title='bbox 1012 4972 1111 5043; x_wconf 86' lang='grc' dir='ltr'><strong>τὴν</strong></span> <span class='ocrx_word' id='word_1_737' title='bbox 1158 4972 1366 5042; x_wconf 77' lang='grc' dir='ltr'><strong>σκηνὴν</strong></span> <span class='ocrx_word' id='word_1_738' title='bbox 1403 4972 1577 5042; x_wconf 78' lang='grc' dir='ltr'><strong>ῥύπου</strong></span> 
     </span>
    </p>
   </div>
   <div class='ocr_carea' id='block_1_100' title="bbox 41 5063 1581 5138">
    <p class='ocr_par' dir='ltr' id='par_1_100' title="bbox 41 5063 1581 5138">
     <span class='ocr_line' id='line_1_100' title="bbox 41 5063 1581 5138; baseline -0.003 -18"><span class='ocrx_word' id='word_1_739' title='bbox 41 5068 207 5130; x_wconf 75' lang='grc' dir='ltr'><strong>ῖαντὸς</strong></span> <span class='ocrx_word' id='word_1_740' title='bbox 251 5066 540 5138; x_wconf 72' lang='grc' dir='ltr'><strong>ἐλευθέραν</strong></span> <span class='ocrx_word' id='word_1_741' title='bbox 586 5066 884 5135; x_wconf 72' lang='grc' dir='ltr'><strong>ἐτήρησας,</strong></span> <span class='ocrx_word' id='word_1_742' title='bbox 912 5065 1005 5117; x_wconf 78' lang='grc' dir='ltr'><strong>καὶ</strong></span> <span class='ocrx_word' id='word_1_743' title='bbox 1033 5065 1061 5117; x_wconf 87' lang='grc' dir='ltr'>ὁ</span> <span class='ocrx_word' id='word_1_744' title='bbox 1090 5063 1281 5133; x_wconf 82' lang='grc' dir='ltr'><strong>Πατὴρ</strong></span> <span class='ocrx_word' id='word_1_745' title='bbox 1324 5063 1581 5133; x_wconf 77' lang='grc' dir='ltr'><strong>ἐπιδημεῖ</strong></span> 
     </span>
    </p>
   </div>
   <div class='ocr_carea' id='block_1_101' title="bbox 41 5152 1581 5226">
    <p class='ocr_par' dir='ltr' id='par_1_101' title="bbox 41 5152 1581 5226">
     <span class='ocr_line' id='line_1_101' title="bbox 41 5152 1581 5226; baseline -0.003 -16"><span class='ocrx_word' id='word_1_746' title='bbox 41 5175 110 5219; x_wconf 89' lang='grc' dir='ltr'><strong>οι,</strong></span> <span class='ocrx_word' id='word_1_747' title='bbox 142 5157 241 5210; x_wconf 54' lang='grc' dir='ltr'><strong>καὶ⁵</strong></span> <span class='ocrx_word' id='word_1_748' title='bbox 275 5158 334 5210; x_wconf 69' lang='grc' dir='ltr'><strong>τὸ</strong></span> <span class='ocrx_word' id='word_1_749' title='bbox 369 5155 590 5226; x_wconf 84' lang='grc' dir='ltr'><strong>Πνεῦμα</strong></span> <span class='ocrx_word' id='word_1_750' title='bbox 619 5155 951 5217; x_wconf 71' lang='grc' dir='ltr'><strong>ἐπισκιάζει,</strong></span> <span class='ocrx_word' id='word_1_751' title='bbox 984 5155 1081 5207; x_wconf 77' lang='grc' dir='ltr'><strong>καὶ</strong></span> <span class='ocrx_word' id='word_1_752' title='bbox 1117 5153 1261 5223; x_wconf 74' lang='grc' dir='ltr'><strong>μετὰ</strong></span> <span class='ocrx_word' id='word_1_753' title='bbox 1289 5152 1495 5222; x_wconf 79' lang='grc' dir='ltr'><strong>σαρκὸς</strong></span> <span class='ocrx_word' id='word_1_754' title='bbox 1515 5153 1581 5205; x_wconf 81' lang='grc' dir='ltr'><strong>ὲκ</strong></span> 
     </span>
    </p>
   </div>
   <div class='ocr_carea' id='block_1_102' title="bbox 42 5237 1581 5316">
    <p class='ocr_par' dir='ltr' id='par_1_102' title="bbox 42 5237 1581 5316">
     <span class='ocr_line' id='line_1_102' title="bbox 42 5237 1581 5316; baseline -0.005 -18"><span class='ocrx_word' id='word_1_755' title='bbox 42 5244 105 5299; x_wconf 85' lang='grc' dir='ltr'><strong>οῦ</strong></span> <span class='ocrx_word' id='word_1_756' title='bbox 136 5246 164 5298; x_wconf 85' lang='grc' dir='ltr'>ὁ</span> <span class='ocrx_word' id='word_1_757' title='bbox 186 5245 496 5316; x_wconf 80' lang='grc' dir='ltr'><strong>Μονογενὴς</strong></span> <span class='ocrx_word' id='word_1_758' title='bbox 533 5246 798 5298; x_wconf 85' lang='grc' dir='ltr'><strong>τίκτεται.</strong></span> <span class='ocrx_word' id='word_1_759' title='bbox 838 5243 910 5296; x_wconf 81' lang='grc' dir='ltr'><strong>Σὺ</strong></span> <span class='ocrx_word' id='word_1_760' title='bbox 950 5237 1044 5295; x_wconf 78' lang='grc' dir='ltr'><strong>οὖν</strong></span> <span class='ocrx_word' id='word_1_761' title='bbox 1075 5239 1337 5312; x_wconf 85' lang='grc' dir='ltr'><strong>μηδαμῶς</strong></span> <span class='ocrx_word' id='word_1_762' title='bbox 1365 5239 1581 5309; x_wconf 85' lang='grc' dir='ltr'><strong>διακρι-</strong></span> 
     </span>
    </p>
   </div>
   <div class='ocr_carea' id='block_1_103' title="bbox 41 5332 1581 5409">
    <p class='ocr_par' dir='ltr' id='par_1_103' title="bbox 41 5332 1581 5409">
     <span class='ocr_line' id='line_1_103' title="bbox 41 5332 1581 5409; baseline -0.012 -8"><span class='ocrx_word' id='word_1_763' title='bbox 41 5341 108 5409; x_wconf 82' lang='grc' dir='ltr'>ῇς</span> <span class='ocrx_word' id='word_1_764' title='bbox 137 5340 208 5391; x_wconf 75' lang='grc' dir='ltr'><strong>τὰ</strong></span> <span class='ocrx_word' id='word_1_765' title='bbox 236 5337 364 5407; x_wconf 70' lang='grc' dir='ltr'><strong>ἑξῆς</strong></span> <span class='ocrx_word' id='word_1_766' title='bbox 395 5337 686 5407; x_wconf 85' lang='grc' dir='ltr'><strong>μυστήρια,</strong></span> <span class='ocrx_word' id='word_1_767' title='bbox 723 5336 796 5407; x_wconf 85' lang='grc' dir='ltr'><strong>μὴ</strong></span> <span class='ocrx_word' id='word_1_768' title='bbox 823 5336 1103 5407; x_wconf 70' lang='grc' dir='ltr'><strong>διακριθῇς</strong></span> <span class='ocrx_word' id='word_1_769' title='bbox 1136 5335 1193 5387; x_wconf 77' lang='grc' dir='ltr'><strong>ὲν</strong></span> <span class='ocrx_word' id='word_1_770' title='bbox 1227 5332 1476 5404; x_wconf 86' lang='grc' dir='ltr'><strong>σπηλαίῳ</strong></span> <span class='ocrx_word' id='word_1_771' title='bbox 1500 5332 1581 5384; x_wconf 83' lang='grc' dir='ltr'><strong>τί-</strong></span> 
     </span>
    </p>
   </div>
   <div class='ocr_carea' id='block_1_104' title="bbox 42 5422 1586 5496">
    <p class='ocr_par' dir='ltr' id='par_1_104' title="bbox 42 5422 1586 5496">
     <span class='ocr_line' id='line_1_104' title="bbox 42 5422 1586 5496; baseline -0.003 -19"><span class='ocrx_word' id='word_1_772' title='bbox 42 5445 215 5481; x_wconf 36' lang='grc' dir='ltr'><strong>κτουσα</strong></span> <span class='ocrx_word' id='word_1_773' title='bbox 247 5429 337 5480; x_wconf 71' lang='grc' dir='ltr'><strong>τὸν</strong></span> <span class='ocrx_word' id='word_1_774' title='bbox 381 5428 509 5493; x_wconf 83' lang='grc' dir='ltr'><strong>ὅλης</strong></span> <span class='ocrx_word' id='word_1_775' title='bbox 554 5427 652 5496; x_wconf 84' lang='grc' dir='ltr'><strong>τῆς</strong></span> <span class='ocrx_word' id='word_1_776' title='bbox 698 5426 931 5488; x_wconf 81' lang='grc' dir='ltr'><strong>κτίσεως</strong></span> <span class='ocrx_word' id='word_1_777' title='bbox 971 5423 1333 5496; x_wconf 81' lang='grc' dir='ltr'><strong>Δημιουργὸν,</strong></span> <span class='ocrx_word' id='word_1_778' title='bbox 1365 5424 1440 5493; x_wconf 84' lang='grc' dir='ltr'><strong>μὴ</strong></span> <span class='ocrx_word' id='word_1_779' title='bbox 1470 5422 1586 5474; x_wconf 83' lang='grc' dir='ltr'><strong>δια-</strong></span> 
     </span>
    </p>
   </div>
   <div class='ocr_carea' id='block_1_105' title="bbox 42 5513 1584 5590">
    <p class='ocr_par' dir='ltr' id='par_1_105' title="bbox 42 5513 1584 5590">
     <span class='ocr_line' id='line_1_105' title="bbox 42 5513 1584 5590; baseline -0.001 -21"><span class='ocrx_word' id='word_1_780' title='bbox 42 5518 205 5590; x_wconf 49' lang='grc' dir='ltr'><strong>πριοῇς</strong></span> <span class='ocrx_word' id='word_1_781' title='bbox 235 5521 292 5571; x_wconf 81' lang='grc' dir='ltr'><strong>ἐν</strong></span> <span class='ocrx_word' id='word_1_782' title='bbox 319 5518 493 5588; x_wconf 79' lang='grc' dir='ltr'><strong>φάτνῃ</strong></span> <span class='ocrx_word' id='word_1_783' title='bbox 523 5515 821 5580; x_wconf 78' lang='grc' dir='ltr'><strong>καθίζουσα</strong></span> <span class='ocrx_word' id='word_1_784' title='bbox 844 5517 936 5571; x_wconf 78' lang='grc' dir='ltr'><strong>τὸν</strong></span> <span class='ocrx_word' id='word_1_785' title='bbox 982 5516 1076 5571; x_wconf 68' lang='grc' dir='ltr'><strong>ἐπὶ</strong></span> <span class='ocrx_word' id='word_1_786' title='bbox 1120 5515 1230 5568; x_wconf 89' lang='grc' dir='ltr'><strong>τῶν</strong></span> <span class='ocrx_word' id='word_1_787' title='bbox 1262 5514 1444 5568; x_wconf 80' lang='grc' dir='ltr'><strong>νώτων</strong></span> <span class='ocrx_word' id='word_1_788' title='bbox 1474 5513 1584 5568; x_wconf 89' lang='grc' dir='ltr'><strong>τῶν</strong></span> 
     </span>
    </p>
   </div>
   <div class='ocr_carea' id='block_1_106' title="bbox 88 5689 1414 5760">
    <p class='ocr_par' dir='ltr' id='par_1_106' title="bbox 88 5689 1414 5760">
     <span class='ocr_line' id='line_1_106' title="bbox 88 5689 1414 5760; baseline -0.008 -12"><span class='ocrx_word' id='word_1_789' title='bbox 88 5692 131 5727; x_wconf 65' lang='grc'><strong>³⁸</strong></span> <span class='ocrx_word' id='word_1_790' title='bbox 161 5690 277 5748; x_wconf 81' lang='lat' dir='ltr'><strong>Joa.</strong></span> <span class='ocrx_word' id='word_1_791' title='bbox 306 5708 399 5760; x_wconf 88' lang='lat' dir='ltr'><strong>vn,</strong></span> <span class='ocrx_word' id='word_1_792' title='bbox 428 5693 514 5750; x_wconf 73' lang='grc' dir='ltr'><strong>Μ.</strong></span> <span class='ocrx_word' id='word_1_793' title='bbox 597 5692 640 5722; x_wconf 80' lang='grc'><strong>³⁸</strong></span> <span class='ocrx_word' id='word_1_794' title='bbox 669 5690 810 5745; x_wconf 81' lang='lat' dir='ltr'><strong>Psal.</strong></span> <span class='ocrx_word' id='word_1_795' title='bbox 837 5709 894 5760; x_wconf 86' lang='grc' dir='ltr'><strong>ιι,</strong></span> <span class='ocrx_word' id='word_1_796' title='bbox 917 5695 967 5747; x_wconf 91' lang='grc'><strong>7.</strong></span> <span class='ocrx_word' id='word_1_797' title='bbox 1044 5692 1087 5724; x_wconf 73' lang='grc'><strong>³⁸</strong></span> <span class='ocrx_word' id='word_1_798' title='bbox 1108 5690 1236 5744; x_wconf 82' lang='lat' dir='ltr'><strong>Luc.</strong></span> <span class='ocrx_word' id='word_1_799' title='bbox 1265 5705 1301 5754; x_wconf 85' lang='lat' dir='ltr'><strong>t,</strong></span> <span class='ocrx_word' id='word_1_800' title='bbox 1325 5689 1414 5742; x_wconf 74' lang='grc'><strong>54.</strong></span> 
     </span>
    </p>
   </div>
   <div class='ocr_carea' id='block_1_107' title="bbox 1672 4512 3244 4585">
    <p class='ocr_par' dir='ltr' id='par_1_107' title="bbox 1672 4512 3244 4585">
     <span class='ocr_line' id='line_1_107' title="bbox 1672 4512 3244 4585; baseline -0.001 -18"><span class='ocrx_word' id='word_1_801' title='bbox 1672 4513 1947 4585; x_wconf 81' lang='lat' dir='ltr'><strong>produxit.</strong></span> <span class='ocrx_word' id='word_1_802' title='bbox 1995 4514 2196 4569; x_wconf 79' lang='lat' dir='ltr'><strong>Verum</strong></span> <span class='ocrx_word' id='word_1_803' title='bbox 2243 4514 2370 4584; x_wconf 90' lang='lat' dir='ltr'><strong>quia</strong></span> <span class='ocrx_word' id='word_1_804' title='bbox 2429 4516 2630 4569; x_wconf 91' lang='lat' dir='ltr'><strong>munda</strong></span> <span class='ocrx_word' id='word_1_805' title='bbox 2672 4530 2732 4569; x_wconf 86' lang='lat' dir='ltr'><strong>es</strong></span> <span class='ocrx_word' id='word_1_806' title='bbox 2762 4530 2790 4567; x_wconf 90' lang='lat' dir='ltr'><strong>a</strong></span> <span class='ocrx_word' id='word_1_807' title='bbox 2823 4512 3117 4568; x_wconf 90' lang='lat' dir='ltr'><strong>concubitu</strong></span> <span class='ocrx_word' id='word_1_808' title='bbox 3141 4528 3244 4566; x_wconf 92' lang='lat' dir='ltr'><strong>nu—</strong></span> 
     </span>
    </p>
   </div>
   <div class='ocr_carea' id='block_1_108' title="bbox 1674 4605 3245 4678">
    <p class='ocr_par' dir='ltr' id='par_1_108' title="bbox 1674 4605 3245 4678">
     <span class='ocr_line' id='line_1_108' title="bbox 1674 4605 3245 4678; baseline -0.001 -19"><span class='ocrx_word' id='word_1_809' title='bbox 1674 4606 1994 4676; x_wconf 63' lang='lat' dir='ltr'><strong>ptiali/quia</strong></span> <span class='ocrx_word' id='word_1_810' title='bbox 2028 4608 2288 4676; x_wconf 89' lang='lat' dir='ltr'><strong>templum</strong></span> <span class='ocrx_word' id='word_1_811' title='bbox 2318 4607 2716 4678; x_wconf 89' lang='lat' dir='ltr'><strong>incorruptum,</strong></span> <span class='ocrx_word' id='word_1_812' title='bbox 2740 4615 2796 4662; x_wconf 88' lang='lat' dir='ltr'><strong>et</strong></span> <span class='ocrx_word' id='word_1_813' title='bbox 2830 4605 3245 4661; x_wconf 87' lang='lat' dir='ltr'><strong>tabernaculum</strong></span> 
     </span>
    </p>
   </div>
   <div class='ocr_carea' id='block_1_109' title="bbox 1674 4693 3249 4760">
    <p class='ocr_par' dir='ltr' id='par_1_109' title="bbox 1674 4693 3249 4760">
     <span class='ocr_line' id='line_1_109' title="bbox 1674 4693 3249 4760; baseline -0.004 -9"><span class='ocrx_word' id='word_1_814' title='bbox 1674 4697 1743 4751; x_wconf 90' lang='lat' dir='ltr'><strong>ab</strong></span> <span class='ocrx_word' id='word_1_815' title='bbox 1779 4697 1927 4750; x_wconf 88' lang='lat' dir='ltr'><strong>omni</strong></span> <span class='ocrx_word' id='word_1_816' title='bbox 1955 4696 2115 4752; x_wconf 88' lang='lat' dir='ltr'><strong>sorde</strong></span> <span class='ocrx_word' id='word_1_817' title='bbox 2140 4697 2368 4750; x_wconf 88' lang='lat' dir='ltr'><strong>liberum</strong></span> <span class='ocrx_word' id='word_1_818' title='bbox 2396 4698 2733 4752; x_wconf 77' lang='lat' dir='ltr'><strong>conservasti</strong></span> <span class='ocrx_word' id='word_1_819' title='bbox 2765 4715 2778 4750; x_wconf 88' lang='lat'><strong>:</strong></span> <span class='ocrx_word' id='word_1_820' title='bbox 2803 4705 2858 4749; x_wconf 91' lang='lat' dir='ltr'><strong>et</strong></span> <span class='ocrx_word' id='word_1_821' title='bbox 2885 4695 3047 4748; x_wconf 83' lang='lat' dir='ltr'><strong>Pater</strong></span> <span class='ocrx_word' id='word_1_822' title='bbox 3067 4693 3249 4760; x_wconf 79' lang='lat' dir='ltr'><strong>hospi-</strong></span> 
     </span>
    </p>
   </div>
   <div class='ocr_carea' id='block_1_110' title="bbox 1674 4784 3245 4855">
    <p class='ocr_par' dir='ltr' id='par_1_110' title="bbox 1674 4784 3245 4855">
     <span class='ocr_line' id='line_1_110' title="bbox 1674 4784 3245 4855; baseline -0.005 -12"><span class='ocrx_word' id='word_1_823' title='bbox 1674 4796 1820 4843; x_wconf 88' lang='lat' dir='ltr'><strong>tatur</strong></span> <span class='ocrx_word' id='word_1_824' title='bbox 1841 4787 1982 4855; x_wconf 88' lang='lat' dir='ltr'><strong>apud</strong></span> <span class='ocrx_word' id='word_1_825' title='bbox 2014 4793 2088 4850; x_wconf 89' lang='lat' dir='ltr'><strong>te,</strong></span> <span class='ocrx_word' id='word_1_826' title='bbox 2106 4794 2163 4840; x_wconf 92' lang='lat' dir='ltr'><strong>et</strong></span> <span class='ocrx_word' id='word_1_827' title='bbox 2193 4785 2431 4855; x_wconf 87' lang='lat' dir='ltr'><strong>Spiritus</strong></span> <span class='ocrx_word' id='word_1_828' title='bbox 2454 4796 2677 4840; x_wconf 87' lang='lat' dir='ltr'><strong>sanctus</strong></span> <span class='ocrx_word' id='word_1_829' title='bbox 2724 4784 3035 4849; x_wconf 85' lang='lat' dir='ltr'><strong>obumbrat,</strong></span> <span class='ocrx_word' id='word_1_830' title='bbox 3071 4790 3127 4836; x_wconf 90' lang='lat' dir='ltr'><strong>et</strong></span> <span class='ocrx_word' id='word_1_831' title='bbox 3157 4798 3245 4835; x_wconf 79' lang='lat' dir='ltr'><strong>as-</strong></span> 
     </span>
    </p>
   </div>
   <div class='ocr_carea' id='block_1_111' title="bbox 1683 4872 3249 4947">
    <p class='ocr_par' dir='ltr' id='par_1_111' title="bbox 1683 4872 3249 4947">
     <span class='ocr_line' id='line_1_111' title="bbox 1683 4872 3249 4947; baseline -0.004 -14"><span class='ocrx_word' id='word_1_832' title='bbox 1683 4886 1901 4947; x_wconf 82' lang='lat' dir='ltr'><strong>sumpta</strong></span> <span class='ocrx_word' id='word_1_833' title='bbox 1922 4892 2087 4930; x_wconf 88' lang='lat' dir='ltr'><strong>carne</strong></span> <span class='ocrx_word' id='word_1_834' title='bbox 2113 4875 2441 4945; x_wconf 82' lang='lat' dir='ltr'><strong>Unigenitus</strong></span> <span class='ocrx_word' id='word_1_835' title='bbox 2471 4892 2540 4930; x_wconf 78' lang='lat' dir='ltr'><strong>ex</strong></span> <span class='ocrx_word' id='word_1_836' title='bbox 2591 4885 2643 4930; x_wconf 88' lang='lat' dir='ltr'><strong>te</strong></span> <span class='ocrx_word' id='word_1_837' title='bbox 2687 4875 2972 4928; x_wconf 88' lang='lat' dir='ltr'><strong>nascitur:</strong></span> <span class='ocrx_word' id='word_1_838' title='bbox 3016 4888 3133 4926; x_wconf 90' lang='lat' dir='ltr'><strong>eam</strong></span> <span class='ocrx_word' id='word_1_839' title='bbox 3178 4872 3249 4926; x_wconf 87' lang='lat' dir='ltr'><strong>ob</strong></span> 
     </span>
    </p>
   </div>
   <div class='ocr_carea' id='block_1_112' title="bbox 1684 4956 3250 5028">
    <p class='ocr_par' dir='ltr' id='par_1_112' title="bbox 1684 4956 3250 5028">
     <span class='ocr_line' id='line_1_112' title="bbox 1684 4956 3250 5028; baseline -0.006 -9"><span class='ocrx_word' id='word_1_840' title='bbox 1684 4982 1821 5027; x_wconf 85' lang='lat' dir='ltr'><strong>rem,</strong></span> <span class='ocrx_word' id='word_1_841' title='bbox 1845 4980 1914 5018; x_wconf 86' lang='lat' dir='ltr'><strong>nc</strong></span> <span class='ocrx_word' id='word_1_842' title='bbox 1934 4963 2154 5019; x_wconf 88' lang='lat' dir='ltr'><strong>dubites</strong></span> <span class='ocrx_word' id='word_1_843' title='bbox 2192 4962 2302 5016; x_wconf 87' lang='lat' dir='ltr'><strong>ullo</strong></span> <span class='ocrx_word' id='word_1_844' title='bbox 2335 4961 2518 5026; x_wconf 88' lang='lat' dir='ltr'><strong>modo,</strong></span> <span class='ocrx_word' id='word_1_845' title='bbox 2588 4961 2657 5016; x_wconf 90' lang='lat' dir='ltr'><strong>de</strong></span> <span class='ocrx_word' id='word_1_846' title='bbox 2707 4959 2934 5028; x_wconf 87' lang='lat' dir='ltr'><strong>reliquis</strong></span> <span class='ocrx_word' id='word_1_847' title='bbox 2974 4956 3250 5028; x_wconf 86' lang='lat' dir='ltr'><strong>mysteriis</strong></span> 
     </span>
    </p>
   </div>
   <div class='ocr_carea' id='block_1_113' title="bbox 1684 5049 3249 5122">
    <p class='ocr_par' dir='ltr' id='par_1_113' title="bbox 1684 5049 3249 5122">
     <span class='ocr_line' id='line_1_113' title="bbox 1684 5049 3249 5122; baseline -0.008 -13"><span class='ocrx_word' id='word_1_848' title='bbox 1684 5070 1752 5109; x_wconf 91' lang='lat' dir='ltr'><strong>ne</strong></span> <span class='ocrx_word' id='word_1_849' title='bbox 1783 5054 1858 5108; x_wconf 91' lang='lat' dir='ltr'><strong>sis</strong></span> <span class='ocrx_word' id='word_1_850' title='bbox 1878 5053 2058 5115; x_wconf 82' lang='lat' dir='ltr'><strong>anxia,</strong></span> <span class='ocrx_word' id='word_1_851' title='bbox 2079 5052 2121 5106; x_wconf 92' lang='lat' dir='ltr'><strong>si</strong></span> <span class='ocrx_word' id='word_1_852' title='bbox 2146 5052 2327 5122; x_wconf 89' lang='lat' dir='ltr'><strong>parias</strong></span> <span class='ocrx_word' id='word_1_853' title='bbox 2366 5052 2423 5106; x_wconf 92' lang='lat' dir='ltr'><strong>in</strong></span> <span class='ocrx_word' id='word_1_854' title='bbox 2455 5050 2670 5105; x_wconf 75' lang='lat' dir='ltr'><strong>stabuio</strong></span> <span class='ocrx_word' id='word_1_855' title='bbox 2695 5049 2960 5107; x_wconf 68' lang='lat' dir='ltr'><strong>universae</strong></span> <span class='ocrx_word' id='word_1_856' title='bbox 2989 5057 3249 5101; x_wconf 69' lang='lat' dir='ltr'><strong>creatura:</strong></span> 
     </span>
    </p>
   </div>
   <div class='ocr_carea' id='block_1_114' title="bbox 1686 5134 3249 5214">
    <p class='ocr_par' dir='ltr' id='par_1_114' title="bbox 1686 5134 3249 5214">
     <span class='ocr_line' id='line_1_114' title="bbox 1686 5134 3249 5214; baseline -0.008 -15"><span class='ocrx_word' id='word_1_857' title='bbox 1686 5143 1932 5214; x_wconf 80' lang='lat' dir='ltr'><strong>Opiﬁcem</strong></span> <span class='ocrx_word' id='word_1_858' title='bbox 1969 5157 1985 5195; x_wconf 87' lang='lat'><strong>:</strong></span> <span class='ocrx_word' id='word_1_859' title='bbox 2026 5158 2097 5197; x_wconf 89' lang='lat' dir='ltr'><strong>ne</strong></span> <span class='ocrx_word' id='word_1_860' title='bbox 2125 5143 2366 5209; x_wconf 70' lang='lat' dir='ltr'><strong>btesites,</strong></span> <span class='ocrx_word' id='word_1_861' title='bbox 2403 5142 2449 5197; x_wconf 90' lang='lat' dir='ltr'><strong>si</strong></span> <span class='ocrx_word' id='word_1_862' title='bbox 2474 5141 2669 5197; x_wconf 82' lang='lat' dir='ltr'><strong>sedere</strong></span> <span class='ocrx_word' id='word_1_863' title='bbox 2703 5139 2874 5194; x_wconf 77' lang='lat' dir='ltr'><strong>facias</strong></span> <span class='ocrx_word' id='word_1_864' title='bbox 2904 5137 2959 5191; x_wconf 86' lang='lat' dir='ltr'><strong>in</strong></span> <span class='ocrx_word' id='word_1_865' title='bbox 2982 5134 3249 5211; x_wconf 63' lang='lat' dir='ltr'><strong>praesepio,</strong></span> 
     </span>
    </p>
   </div>
   <div class='ocr_carea' id='block_1_115' title="bbox 1686 5225 3249 5304">
    <p class='ocr_par' dir='ltr' id='par_1_115' title="bbox 1686 5225 3249 5304">
     <span class='ocr_line' id='line_1_115' title="bbox 1686 5225 3249 5304; baseline -0.01 -12"><span class='ocrx_word' id='word_1_866' title='bbox 1686 5252 1809 5292; x_wconf 90' lang='lat' dir='ltr'><strong>eum</strong></span> <span class='ocrx_word' id='word_1_867' title='bbox 1842 5234 1933 5304; x_wconf 91' lang='lat' dir='ltr'><strong>qui</strong></span> <span class='ocrx_word' id='word_1_868' title='bbox 1965 5235 2120 5288; x_wconf 70' lang='lat' dir='ltr'><strong>sedet</strong></span> <span class='ocrx_word' id='word_1_869' title='bbox 2149 5233 2203 5286; x_wconf 91' lang='lat' dir='ltr'><strong>in</strong></span> <span class='ocrx_word' id='word_1_870' title='bbox 2243 5233 2408 5287; x_wconf 89' lang='lat' dir='ltr'><strong>dorso</strong></span> <span class='ocrx_word' id='word_1_871' title='bbox 2440 5230 2758 5293; x_wconf 87' lang='lat' dir='ltr'><strong>Cberubim,</strong></span> <span class='ocrx_word' id='word_1_872' title='bbox 2790 5228 2834 5284; x_wconf 88' lang='lat' dir='ltr'><strong>si</strong></span> <span class='ocrx_word' id='word_1_873' title='bbox 2890 5242 3001 5280; x_wconf 88' lang='lat' dir='ltr'><strong>non</strong></span> <span class='ocrx_word' id='word_1_874' title='bbox 3052 5225 3249 5278; x_wconf 83' lang='lat' dir='ltr'><strong>habeas</strong></span> 
     </span>
    </p>
   </div>
   <div class='ocr_carea' id='block_1_116' title="bbox 1686 5318 3247 5389">
    <p class='ocr_par' dir='ltr' id='par_1_116' title="bbox 1686 5318 3247 5389">
     <span class='ocr_line' id='line_1_116' title="bbox 1686 5318 3247 5389; baseline -0.011 -6"><span class='ocrx_word' id='word_1_875' title='bbox 1686 5330 1864 5383; x_wconf 91' lang='lat' dir='ltr'><strong>locum</strong></span> <span class='ocrx_word' id='word_1_876' title='bbox 1918 5327 1977 5382; x_wconf 90' lang='lat' dir='ltr'><strong>in</strong></span> <span class='ocrx_word' id='word_1_877' title='bbox 2023 5326 2342 5389; x_wconf 84' lang='lat' dir='ltr'><strong>diversorio,</strong></span> <span class='ocrx_word' id='word_1_878' title='bbox 2381 5340 2505 5379; x_wconf 90' lang='lat' dir='ltr'><strong>cum</strong></span> <span class='ocrx_word' id='word_1_879' title='bbox 2566 5323 2644 5381; x_wconf 89' lang='lat' dir='ltr'><strong>sis</strong></span> <span class='ocrx_word' id='word_1_880' title='bbox 2677 5329 2849 5376; x_wconf 86' lang='lat' dir='ltr'><strong>mater</strong></span> <span class='ocrx_word' id='word_1_881' title='bbox 2882 5318 3023 5388; x_wconf 75' lang='lat' dir='ltr'><strong>regis</strong></span> <span class='ocrx_word' id='word_1_882' title='bbox 3061 5331 3247 5369; x_wconf 86' lang='lat' dir='ltr'><strong>eorum</strong></span> 
     </span>
    </p>
   </div>
   <div class='ocr_carea' id='block_1_117' title="bbox 1686 5408 3250 5490">
    <p class='ocr_par' dir='ltr' id='par_1_117' title="bbox 1686 5408 3250 5490">
     <span class='ocr_line' id='line_1_117' title="bbox 1686 5408 3250 5490; baseline -0.008 -18"><span class='ocrx_word' id='word_1_883' title='bbox 1686 5436 1805 5490; x_wconf 71' lang='lat' dir='ltr'><strong>qua:</strong></span> <span class='ocrx_word' id='word_1_884' title='bbox 1834 5434 2047 5473; x_wconf 86' lang='lat' dir='ltr'><strong>sursum</strong></span> <span class='ocrx_word' id='word_1_885' title='bbox 2076 5425 2204 5471; x_wconf 82' lang='lat' dir='ltr'><strong>Sunt</strong></span> <span class='ocrx_word' id='word_1_886' title='bbox 2228 5419 2574 5472; x_wconf 84' lang='lat' dir='ltr'><strong>etdeorsutn.</strong></span> <span class='ocrx_word' id='word_1_887' title='bbox 2602 5414 2802 5468; x_wconf 85' lang='lat' dir='ltr'><strong>Libens</strong></span> <span class='ocrx_word' id='word_1_888' title='bbox 2819 5411 2963 5466; x_wconf 85' lang='lat' dir='ltr'><strong>enim</strong></span> <span class='ocrx_word' id='word_1_889' title='bbox 2987 5408 3078 5479; x_wconf 92' lang='lat' dir='ltr'><strong>qui</strong></span> <span class='ocrx_word' id='word_1_890' title='bbox 3114 5423 3180 5461; x_wconf 81' lang='lat' dir='ltr'><strong>ex</strong></span> <span class='ocrx_word' id='word_1_891' title='bbox 3201 5414 3250 5459; x_wconf 85' lang='lat' dir='ltr'><strong>te</strong></span> 
     </span>
    </p>
   </div>
   <div class='ocr_carea' id='block_1_118' title="bbox 1691 5500 3247 5580">
    <p class='ocr_par' dir='ltr' id='par_1_118' title="bbox 1691 5500 3247 5580">
     <span class='ocr_line' id='line_1_118' title="bbox 1691 5500 3247 5580; baseline -0.01 -15"><span class='ocrx_word' id='word_1_892' title='bbox 1691 5520 1851 5565; x_wconf 85' lang='lat' dir='ltr'><strong>natus</strong></span> <span class='ocrx_word' id='word_1_893' title='bbox 1874 5519 1978 5573; x_wconf 59' lang='lat' dir='ltr'><strong>est,</strong></span> <span class='ocrx_word' id='word_1_894' title='bbox 2026 5524 2232 5580; x_wconf 80' lang='lat' dir='ltr'><strong>pauper</strong></span> <span class='ocrx_word' id='word_1_895' title='bbox 2258 5507 2508 5574; x_wconf 70' lang='lat' dir='ltr'><strong>edicitur,</strong></span> <span class='ocrx_word' id='word_1_896' title='bbox 2561 5514 2618 5563; x_wconf 89' lang='lat' dir='ltr'><strong>ut</strong></span> <span class='ocrx_word' id='word_1_897' title='bbox 2653 5504 2852 5561; x_wconf 89' lang='lat' dir='ltr'><strong>divites</strong></span> <span class='ocrx_word' id='word_1_898' title='bbox 2906 5500 3160 5561; x_wconf 68' lang='lat' dir='ltr'><strong>refrenet,</strong></span> <span class='ocrx_word' id='word_1_899' title='bbox 3197 5504 3247 5551; x_wconf 88' lang='lat' dir='ltr'><strong>et</strong></span> 
     </span>
    </p>
   </div>
   <div class='ocr_carea' id='block_1_119' title="bbox 1489 5688 1811 5744">
    <p class='ocr_par' dir='ltr' id='par_1_119' title="bbox 1489 5688 1811 5744">
     <span class='ocr_line' id='line_1_119' title="bbox 1489 5688 1811 5744; baseline -0.006 -1"><span class='ocrx_word' id='word_1_900' title='bbox 1489 5689 1532 5720; x_wconf 83' lang='grc'><strong>⁸⁷</strong></span> <span class='ocrx_word' id='word_1_901' title='bbox 1565 5688 1692 5744; x_wconf 87' lang='lat' dir='ltr'><strong>ibid.</strong></span> <span class='ocrx_word' id='word_1_902' title='bbox 1725 5688 1811 5743; x_wconf 79' lang='grc'><strong>55.</strong></span> 
     </span>
    </p>
   </div>
  </div>
