3764 6320
46 372 124 444 73
1421 374 1560 435 SER

1740 375 1850 435 ES.

3097 372 3235 438 147$

45 494 93 544 si
118 489 228 551 πῶς
257 491 283 541 6
311 488 376 539 Συ
389 485 534 555 μεὼν
567 484 759 539 θυσίαν
776 483 876 555 τὴν
894 483 1042 555 αύτῷ
1075 484 1151 555 μὴ
1181 485 1560 555 προσήκουσαν

1737 491 1742 542 l
1787 488 2057 553 minister,
2091 487 2362 558 siquidem
2420 489 2519 543 soli
2574 489 2718 545 tribu
2767 488 2896 544 Levi
2928 504 3015 544 res
3066 505 3235 545 sacrae

45 585 319 651 ιήνεγκενς
353 577 473 631 οὐδὲ
495 575 607 648 γάρ
629 573 698 648 ἦν
731 575 910 645 ἱερεύς
934 593 947 606 ·
981 578 1042 629 οὑ
1079 577 1189 648 γὰρ
1216 575 1376 630 τοῦτο
1408 577 1560 648 εἴρη..

45 690 99 726 ,ι’
135 671 253 726 οὐδὲ
296 670 566 739 Λευίτης,
605 668 731 722 οὐδὲ
761 668 1062 738 νεωκόρος·
1095 668 1284 737 ἐπειδὴ
1320 669 1457 738 μόνη
1492 671 1559 740 τῇ

45 763 121 833 »λῇ
154 761 244 815 τοῦ
274 758 408 813 Aeni
446 759 507 812 τὸ
536 758 913 827 λειτοιεργικδν
955 757 1338 828 κεκλήρωται·
1372 759 1473 810 ούκ
1493 752 1562 826 ἦν

45 858 181 926 ρεὺς,
206 850 273 926 ἦν
297 854 354 907 δὲ
406 854 614 918 δίκαιος
645 868 657 881 ’
699 855 733 924 ὴ
767 853 1085 922 δικαιοσύνη
1115 853 1172 905 δὲ
1196 851 1297 922 τὴν
1333 851 1563 922 ἱερωσύ-

45 964 80 1015 γν
101 946 203 1000 ὑπὸ
240 946 364 1007 τοὺς
391 945 559 1008 πόδας
589 944 853 1000 κέκτηται
873 961 889 976 σ
928 946 1029 998 οὐκ
1064 939 1133 1015 ἦν
1154 944 1386 1012 Λευῑτης
1402 984 1417 1006 ,
1441 942 1557 998 ἀλλ’

46 1035 212 1107 λασής
233 1051 248 1065 ο
283 1037 312 1089 6
338 1034 395 1088 δέ
422 1050 486 1103 γε
508 1033 743 1103 εὐλαϐὴς
759 1034 851 1102 ἀφ’
883 1033 1079 1088 ἑαυτοῦ
1110 1033 1170 1088 τὸ
1194 1035 1400 1105 χρίσμα
1422 1033 1555 1105 ἔχει.

49 1127 161 1181 Καὶ
206 1124 526 1192 βαστάζων
562 1123 630 1179 τὸ
675 1125 908 1194 βρέφος
942 1124 1079 1193 ἔφη’
1108 1125 1239 1180 Νῦν
1262 1126 1555 1191 ἀπολύεις

45 1235 89 1273 ιν
118 1218 346 1273 δοῦλόν
375 1233 516 1282 σου,
548 1216 843 1280 Δέσποτα,
885 1218 1035 1270 κατὰ
1064 1216 1129 1270 τὸ
1146 1215 1315 1286 ῥῆμά
1342 1231 1459 1270 σου
1487 1214 1558 1267 ἐν

45 1310 213 1379 mira.
254 1308 369 1363 Νῦν
398 1308 661 1371 ἀπολύεις
682 1324 701 1342 ⁸
720 1304 885 1379 ἦλθεν
916 1307 1026 1377 γὰρ
1062 1309 1090 1360 ὁ
1118 1307 1311 1378 καιρὸς
1326 1307 1428 1376 τῆς
1457 1308 1564 1375 ἀφ.

46 1419 154 1464 ηεως
173 1419 185 1431 ο
214 1401 531 1471 ἀπήντησεν
554 1398 665 1452 τῶν
693 1398 1059 1469 αἰχμαλώτων
1082 1398 1114 1467 ἡ
1140 1396 1432 1468 λύτρωσις,
1453 1398 1562 1449 τῶν

45 1492 158 1544 θεῶν
182 1493 215 1561 ὴ
272 1489 622 1560 συγχώρησις
645 1503 659 1519 ⁸
705 1487 975 1558 ἐγεννήθη
1013 1488 1303 1558 βασιλεὺς,
1334 1490 1463 1550 τοὺς
1500 1488 1559 1540 ὲν

1662 586 1809 632 sorte
1837 577 2345 642 distribuebantur;
2378 593 2485 632 non
2516 587 2636 633 erat
2664 578 2939 645 sacerdos,
2965 586 3085 633 erat
3135 593 3237 633 au-

1663 674 1771 720 tem
1815 666 2037 737 justus:
2065 666 2276 736 justitia
2314 682 2442 722 vero
2488 667 2850 723 sacerdotium
2885 668 2987 723 sub
3005 668 3236 739 pedibus

1662 756 1863 823 habet;
1898 773 2009 812 non
2039 767 2157 812 erat
2185 758 2372 824 levita,
2414 758 2508 813 sed
2544 758 2833 813 timoratus
2861 773 2878 812 :
2911 759 2996 813 vir
3052 765 3235 812 autem

1663 848 1949 904 titnoratus
1966 864 1997 904 a
2017 850 2200 920 seipse
2231 849 2551 905 unctionem
2574 849 2757 904 habet.

1737 1107 1805 1162 Et
1847 1107 2057 1163 elevans
2072 1124 2295 1178 puerum
2335 1109 2467 1163 dixit
2507 1124 2522 1164 :
2581 1107 2740 1162 Nunc
2758 1110 2985 1164 dimittis
3028 1126 3235 1165 servum

1662 1208 1831 1265 tuum,
1861 1200 2100 1267 Domine,
2122 1201 2402 1254 secundum
2431 1199 2639 1253 verbum
2670 1209 2817 1254 tuum
2838 1202 2891 1253 in
2919 1201 3239 1269 pace.Nunc

1662 1284 1919 1351 dimittis,
1947 1286 2061 1355 jam
2089 1287 2237 1340 enim
2255 1287 2408 1341 venit
2448 1294 2663 1357 tempus
2691 1288 3068 1358 liberationis;
3140 1305 3238 1347 oc-

1663 1375 1838 1429 currit
1857 1377 2200 1445 captivorum
2235 1378 2562 1445 redemptio,
2619 1378 2930 1433 debitorum
2962 1380 3236 1448 remissio;

1665 1475 1830 1520 natus
1883 1476 1968 1521 est
1995 1482 2112 1530 rex,
2148 1482 2367 1521 carcere
2410 1468 2666 1521 delentos
2712 1468 2972 1534 liberans,
3019 1470 3238 1527 vincula

45 1558 245 1646 »λακαίς
296 1558 622 1652 ἐλευθερῶν,
661 1582 789 1646 τοὺς
827 1583 884 1635 ἐν
920 1582 1141 1651 δεσμοῖς
1177 1580 1560 1646 ἀπαλλάττων,

1737 1571 1947 1626 mpens,
2013 1567 2259 1611 mortuos
2325 1559 2392 1611 ad
2461 1558 2626 1612 vitam
2665 1566 2951 1624 revocans,
2998 1560 3240 1615 allevans

47 1672 108 1734 ὺς
144 1673 202 1724 ἐν
232 1670 448 1741 θανάτῳ
488 1673 569 1734 είς
599 1668 747 1738 ζωὴν
790 1668 1265 1739 ἀνακαλούμενος,
1286 1670 1561 1738 κουφίζων

45 1763 256 1833 νφόρον
302 1762 402 1832 τῆς
463 1760 591 1831 γῆς.
659 1760 790 1815 Νῦν
842 1760 1138 1826 ἀπολύεις
1164 1760 1272 1813 τὸν
1334 1758 1563 1813 δοῦλόν

45 1872 113 1916 νυ,
162 1853 464 1908 Δέσποτα.
502 1852 625 1917 Πῶς
673 1849 859 1916 οἶδαςς
913 1850 1053 1921 ’0ρῶ
1115 1850 1208 1905 τὸν
1241 1850 1557 1920 Δεσπότην,

45 1945 162 2013 ισὶν,
195 1946 394 2015 σχῆμα
427 1944 617 1997 δούλου
659 1943 1045 2013 περικείμενον
1075 1958 1088 1971 ⁸
1119 1940 1221 1995 οὐκ
1251 1942 1318 1995 ἂν
1363 1942 1560 1996 δεσπό-

48 2056 72 2094 ς
102 2034 196 2100 ὢν,
223 2034 422 2087 δούλου
481 2033 697 2105 μορφὴν
746 2035 1029 2104 ἐφόρεσεν,
1059 2037 1108 2087 εί
1152 2036 1229 2104 μὴ
1258 2034 1348 2088 τὸν
1374 2033 1562 2088 δοῦλον

45 2129 194 2183 δύσαι
233 2127 339 2183 τοῦ
375 2128 650 2183 Δεσπὸτου
694 2129 794 2198 τὴν
836 2128 1051 2199 μορφὴν
1097 2128 1382 2197 ἐλογίσατο
1409 2144 1423 2158 ’
1461 2128 1562 2181 οὐκ

71 2219 170 2292 τὴν
221 2219 384 2285 τάξιν
415 2220 727 2291 ἐνήλλαξεν,
754 2218 862 2273 οὐδ’
896 2218 1097 2288 ὑψηλὸς
1142 2216 1220 2271 ὢν
1261 2216 1558 2272 ἐταπεινώ-

61 2350 76 2375 ,
108 2312 155 2363 εί
196 2310 271 2380 μὴ
318 2308 379 2361 το
415 2309 672 2362 ταπεινὸν
711 2309 791 2372 είς
841 2306 975 2376 ὕψος
1004 2307 1304 2375 ἀναγαγεῖν
1333 2304 1566 2376 ἡδουλή-

56 2443 68 2456 .
98 2401 260 2455 Ἀλλὰ
291 2399 411 2463 πῶς
432 2399 598 2453 αὐτὸν
623 2397 880 2461 ἀπολύεις
910 2412 926 2461 ;
969 2398 1128 2449 Κατὰ
1155 2396 1222 2449 τὸ
1246 2394 1416 2466 ῥῆμά
1443 2410 1562 2450 σου

73 2492 289 2560 εἰρήνῃ
323 2508 339 2523 ·
373 2493 423 2544 εί
450 2492 557 2561 γὰρ
588 2491 798 2561 ῥήματι
841 2490 940 2563 τὴν
998 2488 1179 2543 κτίσιν
1212 2490 1559 2560 παρήγαγες,

46 2601 186 2652 ,ματι
210 2585 434 2640 πάντως
457 2581 762 2652 ἐλευθεροῖς
780 2581 874 2635 τὸν
918 2584 1014 2652 τῆς
1042 2579 1272 2643 κτίσεως
1299 2580 1558 2649 ἄρχοντα.

46 2689 84 2726 ν
129 2671 342 2741 simiam
362 2688 378 2704 ο
415 2671 582 2741 stola;
619 2674 686 2742 τῇ
719 2673 816 2724 τοῦ
845 2670 1081 2741 σταυροῦ
1103 2687 1116 2700 ·
1148 2670 1333 2741 εκείνη
1395 2670 1502 2737 γὰρ
1526 2670 1561 2738 ὴ

45 2765 237 2836 ἱχαιρα
272 2761 370 2815 τοῦ
409 2761 674 2832 τυράννου
714 2763 813 2831 τὴν
846 2762 1088 2832 κεφαλὴν
1118 2761 1415 2828 ἀπέτεμεν,
1466 2761 1560 2813 καὶ

45 2856 207 2925 ρήνην
238 2854 355 2914 τοῖς
381 2851 518 2921 μετά
550 2850 792 2923 Χριστοῦ
848 2850 1302 2922 στρατευομένοις
1336 2849 1557 2904 ἔδωκεν.

1667 1647 1871 1701 tributo
1924 1656 2148 1701 terram.
2210 1645 2367 1701 Nunc
2416 1649 2639 1703 dimittis
2679 1666 2885 1704 servum
2932 1660 3102 1714 tuum,
3131 1651 3238 1704 Do-

1665 1738 1826 1792 mine.
1865 1737 2151 1804 Quomodo
2180 1727 2237 1793 tu
2269 1739 2418 1793 scis?
2457 1738 2626 1794 Video
2690 1739 3003 1806 Dominum,
3040 1743 3236 1813 inquit,

1664 1826 1840 1882 forma
1892 1830 2035 1883 servi
2078 1829 2368 1884 indutum:
2411 1830 2673 1885 Dominus
2713 1847 2835 1886 cum
2864 1833 2956 1898 sit,
3005 1833 3238 1889 formam

1664 1920 1808 1973 servi
1833 1935 1942 1973 non
1977 1929 2264 1990 portasset.
2297 1922 2401 1976 nisi
2433 1937 2649 1978 servum
2686 1925 2890 1979 vestire
2921 1925 3095 1981 forma
3130 1926 3238 1981 Do—

1666 2011 1795 2065 mini
1821 2011 2144 2083 cogitasset;
2200 2028 2483 2083 nunquam
2534 2016 2757 2070 ordines
2816 2016 3238 2081 intervertisset,

1663 2118 1843 2173 neque
1872 2104 2171 2160 altissimus
2204 2104 2322 2175 ipse
2352 2107 2710 2175 semetipsum
2737 2107 3103 2174 ltumiliasset,
3132 2111 3236 2166 nisi

1664 2195 1929 2250 humilem
1962 2197 2018 2249 in
2049 2196 2223 2251 altum
2255 2197 2473 2253 elevare
2504 2199 2787 2255 voluisset.
2822 2200 2927 2255 Sed
2963 2204 3239 2270 quomodo

1664 2283 1814 2339 illum
1874 2285 2143 2340 dimittis?
2172 2284 2471 2342 Secundum
2519 2288 2730 2342 verbum
2776 2298 2923 2342 tuum
2966 2291 3025 2343 in
3065 2306 3235 2361 pace:

1664 2376 1709 2431 si
1765 2376 1914 2430 enim
1964 2376 2140 2431 verbo
2169 2378 2503 2433 creationem
2553 2379 2828 2448 producis,
2866 2381 3035 2435 verbo
3076 2382 3239 2451 plane

1662 2468 1920 2523 liberabis
1975 2484 2101 2523 eum
2157 2470 2254 2539 qui
2306 2479 2469 2540 caput
2509 2480 2594 2525 est
2627 2472 2944 2527 creationis.
2980 2471 3046 2526 In
3070 2488 3236 2540 pace:
3333 2497 3349 2514 ι

1662 2577 1784 2631 quae
1804 2561 1955 2631 pax?
1988 2562 2099 2616 Pax
2148 2563 2331 2617 crucis
2369 2578 2382 2613 :
2442 2564 2557 2629 ipsa
2587 2564 2731 2617 enim
2783 2564 2993 2635 gladius
3011 2574 3099 2621 est
3138 2565 3238 2635 qui

1664 2653 1877 2722 tyranni
1912 2659 2077 2722 caput
2105 2652 2469 2718 obtruncavit,
2526 2665 2581 2708 et
2615 2670 2804 2723 pacem
2840 2671 2962 2710 cum
3020 2655 3241 2712 Christo

1662 2742 2027 2798 militantibus
2045 2744 2215 2799 dedit.
2239 2743 2377 2810 Quia
2399 2747 2645 2800 viderunt
2681 2748 2818 2800 oculi
2862 2749 2965 2801 mei
3001 2748 3241 2803 salutare

1663 2843 1813 2888 tuum
1842 2839 1981 2907 quod
2012 2841 2239 2906 parasti.
2261 2838 2531 2894 Viderunt
2572 2842 2715 2910 quod
2750 2841 2904 2895 multi
2965 2842 3240 2897 desidera.

45 2951 113 2998 ’τι
134 2944 269 2998 ῑδον
282 2946 338 2996 ol
353 2942 653 3011 ὀφθαλμοί
663 2959 783 3011 μου
798 2941 865 2996 τὸ
885 2941 1186 3010 σωτήριόν
1210 2956 1327 2994 σου
1347 2939 1378 2993 ὃ
1400 2940 1560 3008 ἡτοί-

1737 2929 2085 2995 runtvidere,
2119 2939 2173 2985 et
2196 2947 2301 2986 non
2322 2931 2594 2996 viderunt,
2627 2933 2794 2987 Deum
2820 2934 2873 2987 in
2909 2942 3117 3000 tcame,
3146 2951 3239 2990 so-

45 3055 203 3105 ισας.
230 3039 368 3092 ¹Ἱδον
419 3036 455 3091 ἀ
509 3033 698 3088 πολλοὶ
754 3032 1109 3103 ἐπεθύμησαν
1146 3031 1295 3094 ἰδεῖν,
1328 3032 1422 3082 καί
1457 3030 1559 3081 οὐκ

45 3147 115 3194 σν,
146 3129 281 3182 θεὸν
328 3128 402 3178 ‘év
456 3126 645 3196 σαρκὶ,
691 3123 844 3193 ἥλιον
888 3124 947 3176 ὲν
984 3121 1184 3193 νεφέλῃ
1233 3119 1555 3187 φωτίζοντα.

45 3222 154 3276 δον
187 3223 241 3274 οί
284 3219 582 3288 ὀφθαλμοί
618 3233 738 3285 μου
784 3215 851 3268 τὸ
894 3214 1195 3281 σωτήριόν
1231 3227 1381 3265 σου·
1414 3209 1559 3263 τοῦτ’

50 3330 132 3367 τιν
155 3329 173 3345 ⁶
202 3312 340 3365 ’Ἱδον
373 3327 468 3363 σου
496 3309 594 3380 τὴν
624 3308 965 3377 ὲνσάρκωσιν
981 3305 1046 3359 δι’
1074 3300 1142 3376 ἧς
1165 3304 1264 3374 τὴν
1287 3303 1561 3374 σωτηρίαν

45 3404 95 3458 ὂν
127 3401 432 3474 ἀνθρώπων
476 3399 835 3471 ᾡκονόμησας
867 3412 881 3423 ·
914 3397 976 3450 οὐ
1030 3397 1139 3466 γάρ
1193 3396 1301 3448 ῐδον
1346 3395 1561 3468 γυμνὴν

47 3496 240 3564 ότητα,
267 3492 454 3561 ἐπειδὴ
489 3493 582 3544 τὸν
621 3490 757 3543 Θεὸν
787 3487 971 3550 καθώς
1010 3488 1160 3540 ἐστιν
1197 3487 1356 3540 οὐσία
1384 3485 1560 3548 οὐδεὶς

45 3584 82 3637 ιθ
92 3583 292 3655 ρώπων
306 3582 519 3651 ὄψεται.
554 3580 684 3632 Ὀτι
700 3577 834 3632 ἴδον
849 3578 904 3630 ol
920 3575 1217 3645 ὀφθαλμοί
1225 3592 1346 3644 μου
1363 3576 1429 3628 τὸ
1443 3589 1560 3628 σω-

45 3676 195 3745 ἱριόν
224 3689 363 3736 σου,
387 3673 418 3725 ὃ
435 3672 770 3740 ἡτοίμασας
797 3668 947 3723 κατὰ
966 3667 1294 3737 πρόσωπον
1318 3666 1563 3720 πάντων

45 3764 106 3818 ὃν
127 3762 298 3817 λαῶν
320 3777 334 3791 ο
365 3759 493 3830 φῶς
524 3761 612 3826 sic
643 3756 1039 3826 ἀποκάλυψιν
1081 3754 1297 3817 ἐθνῶν,
1321 3756 1419 3808 καί
1462 3754 1562 3808 δύο

45 3873 102 3912 ιν
111 3853 272 3910 λαοῦ
290 3870 406 3908 σου
419 3850 690 3921 Ἰσραήλ.
722 3848 893 3904 Κοινὰ
906 3848 1019 3911 τοῖς
1033 3845 1311 3909 Ἰουδαίοις
1335 3845 1431 3898 καὶ
1449 3848 1561 3911 τοῖς

45 3962 196 4011 νεσιν
212 3946 284 3999 τὰ
303 3943 484 4013 ἀγαθά
509 3942 605 3996 καὶ
637 3940 911 4010 ἀμέριστα
931 3955 947 3970 ·
986 3937 1063 4008 μὴ
1092 3938 1271 3990 τοίνυν
1294 3936 1563 4005 φρονείτω

47 4036 325 4100 Ἰουδαῖος,
371 4035 510 4105 μήτε
541 4028 988 4099 στενοχωρείσθω
1023 4027 1052 4080 6
1082 4028 1397 4098 Φαρισαῖος,
1423 4028 1561 4098 μήτε

45 4127 297 4199 ,ιραζέτω
326 4125 356 4178 6
386 4120 755 4195 Γραμματεύς
786 4135 801 4151 ⁸
842 4120 916 4190 μὴ
954 4116 1288 4172 εὐλαϐείσθω
1312 4106 1442 4187 περῖ
1462 4117 1562 4186 τῆς

46 4221 151 4273 ιτοῦ
186 4217 468 4287 βασιλείας
499 4216 528 4268 6
566 4214 816 4284 Ἡρώδης
841 4227 857 4244 ⁸
882 4211 956 4281 μὴ
998 4209 1250 4264 δειλιάτω
1292 4209 1424 4278 περῖ
1461 4208 1561 4278 τῆς

1668 3017 1774 3073 lem
1809 3020 1866 3073 in
1912 3020 2062 3076 nube
2106 3022 2433 3078 radiantem.
2471 3023 2723 3077 Viderunt
2756 3025 2896 3079 oculi
2944 3026 3047 3080 mei
3088 3026 3240 3081 salu-

1670 3117 1787 3165 tare
1809 3123 1957 3166 tuum
1987 3130 2001 3166 :
2036 3112 2090 3166 id
2113 3122 2218 3178 est,
2239 3114 2493 3169 viderunt
2510 3124 2657 3170 tuam
2683 3115 3118 3173 incarnationem
3143 3133 3244 3190 per

1666 3216 1831 3270 quam
1855 3205 2089 3258 salutem
2118 3204 2405 3260 hominum
2437 3207 2734 3272 ordinasti;
2771 3224 2880 3262 non
2911 3209 3059 3263 enim
3087 3210 3240 3265 vide-

1669 3302 1799 3347 runt
1823 3296 2025 3349 nudam
2050 3296 2412 3356 divinitatem.
2439 3299 2709 3367 siquidem
2765 3298 2933 3353 Deum
2976 3304 3117 3355 sicut
3158 3311 3242 3356 est

1668 3381 1722 3437 in
1754 3386 2061 3440 substantia
2093 3390 2276 3449 nullus
2334 3389 2618 3445 hominum
2673 3392 2902 3446 videbit.
2945 3390 3082 3456 Quia
3100 3393 3244 3447 uide-

1668 3486 1794 3530 runt
1818 3478 1955 3530 oculi
2011 3480 2113 3532 mei
2156 3480 2394 3534 salutare
2450 3490 2619 3545 tuum,
2679 3482 2817 3552 quod
2860 3485 3065 3553 parasti
3118 3495 3246 3540 ante

1666 3570 1857 3640 faciem
1889 3571 2122 3633 omnium
2160 3571 2510 3642 populorum;
2547 3572 2723 3628 lumen
2763 3575 2834 3628 ad
2869 3574 3242 3632 reuelationem

1665 3661 1922 3730 gentium,
1954 3670 2003 3714 et
2046 3661 2274 3732 gloriam
2327 3662 2491 3731 plebis
2543 3673 2646 3719 tua:
2686 3663 2881 3719 Israel.
2916 3667 3241 3725 Communia

1667 3764 1798 3807 sunt
1822 3751 2029 3808 Judzeis
2057 3763 2114 3809 et
2133 3755 2388 3825 gentibus
2408 3757 2572 3821 bona,
2601 3764 2657 3812 et
2699 3758 2954 3814 indivisa.
2986 3758 3104 3814 Non
3126 3762 3240 3832 jam

1668 3844 1980 3900 invideatur
1999 3845 2242 3912 Judaaus,
2281 3863 2460 3919 neque
2493 3851 2888 3920 Comprimatur
2906 3852 3236 3918 Pharisaeus,

1666 3926 1846 4007 neque
1871 3946 2110 3992 tentetur
2131 3939 2322 3995 Scriba
2343 3956 2484 4008 ;non
2505 3952 2812 4011 praecaveat
2830 3959 2927 4013 pro
2957 3959 3121 4015 regno
3140 3960 3241 4001 suo

1667 4027 1932 4094 Herodes,
1947 4044 2050 4083 nec
2070 4029 2297 4085 timeant
2308 4046 2407 4101 pro
2424 4032 2726 4087 sacerdotio
2739 4033 2893 4087 Anna
2910 4043 2965 4088 et
2982 4036 3236 4105 Caiphae;

1667 4120 1761 4189 qui
1784 4120 1930 4175 venit
1948 4120 2039 4176 dat
2058 4122 2337 4190 omnibus,
2354 4122 2556 4179 nullius
2571 4139 2858 4193 personam
2886 4125 3104 4195 accipit.
3131 4124 3243 4179 Ab-

1668 4212 1814 4268 unde
1838 4214 2160 4284 magniﬁcus
2198 4226 2301 4278 est.
2338 4215 2542 4286 absque
2568 4231 2822 4271 mensura
2854 4217 2995 4273 dona
3027 4217 3238 4273 tribuit.
3335 4227 3350 4240 '

45 4309 294 4381 ρωσύνης
348 4307 551 4367 ’Ἄννας
586 4304 683 4357 καὶ
727 4302 983 4371 Καϊάφας
1014 4318 1030 4332 ο
1065 4301 1096 4353 6
1145 4297 1319 4351 ἁλθὼν
1383 4299 1521 4367 πᾶσι
1569 4299 1776 4367 δίδωσι,
1830 4305 1961 4374 παρ’
2001 4304 2218 4368 οὐδενὸς
2262 4304 2533 4377 λαμϐάνει
2567 4321 2582 4335 ·
2640 4305 2889 4374 ἀφθόνως
2936 4305 3239 4377 φιλοτιμεῖ-

54 4423 91 4465 ι,
113 4400 287 4472 χωρὶς
317 4399 516 4471 μέτρου
547 4396 852 4469 χαρίζεται.

64 4494 246 4549 Ἀλλὰ
281 4493 504 4561 Ἰωσὴφ
528 4491 627 4545 καί
662 4493 694 4559 ἡ
723 4489 924 4560 μήτηρ
963 4486 1153 4543 αὐτοῦ
1182 4486 1560 4555 ἀκούσαντες

1737 4488 1839 4546 Sed
1851 4490 2038 4560 Ioseph
2071 4499 2120 4543 et
2155 4497 2328 4544 mater
2345 4488 2458 4558 ejus
2476 4490 2748 4544 audientes
2777 4506 2892 4561 qua:
2909 4505 3002 4559 per
3029 4488 3241 4547 Simco-c

45 4611 52 4639 ι
84 4584 251 4653 παρὰ
298 4585 406 4637 τοῦ
444 4582 760 4652 Συμεῶνος
782 4579 1125 4647 λαληθέντα
1146 4619 1161 4644 ,
1186 4580 1562 4645 ἐθαύμασαν,

45 4676 97 4737 ὃς
129 4678 158 4727 ὁ
188 4674 428 4743 Χριστὸς
476 4674 727 4742 ἀνέχεται
771 4673 885 4734 υίὸς
928 4668 1217 4740 ανθρώπου
1258 4670 1560 4736 γενέσθαι⁹

45 4763 301 4833 αύμασεν
338 4763 370 4831 ἡ
411 4761 602 4831 Μαρία
616 4762 754 4826 qui»;
777 4761 991 4832 γαστὴρ
1017 4762 1279 4829 γυναικὸς
1312 4761 1560 4832 ἐχώρησε

45 4859 138 4921 ιὺν,
171 4857 290 4919 πῶς
317 4859 351 4926 ἡ
379 4854 539 4925 δούλη
563 4855 655 4908 τὸν
678 4855 1064 4925 ἐλευθεροῦντα
1090 4856 1186 4924 τὴν
1210 4857 1385 4908 κτίσιν
1406 4846 1563 4924 ἐγέν-

53 4967 148 5001 σεν
181 4964 193 4978 ·
234 4949 334 5003 καί
376 4965 592 5018 φησιν,
630 4943 822 5014 Οὗτος
860 4947 1046 5001 κεῖται
1071 4951 1157 5014 εὶς
1187 4947 1420 5001 πτῶσιν
1462 4947 1562 5000 καὶ

45 5038 327 5091 τίσωσιν
343 5036 595 5092 πολλῶν
608 5038 679 5091 ἐν
697 5037 778 5102 τῷ
792 5036 1062 5105 Ἰσραὴλ,
1083 5037 1182 5091 καὶ
1203 5041 1292 5103 εἰς
1312 5038 1567 5105 σημεῖον

45 5127 474 5196 τιλετόμενον.
505 5128 601 5191 Εἰς
659 5127 865 5181 πτῶσιν
913 5127 1022 5181 τῶν
1086 5130 1453 5198 ἐπιμενόντων
1492 5132 1559 5200 τῇ

45 5215 240 5286 τιστίᾳ,
272 5219 352 5279 είς
382 5217 678 5272 ἀνάστασιν
723 5220 834 5271 τῶν
865 5216 925 5284 ἐξ
963 5219 1221 5282 ἀπιστίας
1262 5222 1342 5282 είς
1378 5220 1561 5272 πίστιν

45 5306 455 5377 ιτατιθεμένων.
494 5309 652 5371 Δίθος
701 5305 771 5378 ἦν
796 5310 826 5360 ὀ
876 5309 1111 5379 Χριστὸς
1157 5311 1238 5372 είς
1269 5309 1557 5379 οίκοδομὴν

53 5399 265 5468 ίμενος,
288 5397 427 5450 ἀλλά
475 5400 848 5468 προσέκοπτον
881 5401 932 5452 oi
970 5400 1162 5470 τυφλοὶ
1206 5403 1332 5464 τοὺς
1365 5401 1561 5470 ὀφθαλ-

45 5492 121 5553 ιὺς
152 5489 485 5559 ρεμϐόμενοι
513 5502 528 5517 ⁸
562 5491 622 5542 οὐ
671 5491 850 5545 τοίνυν
880 5491 1029 5562 αὐτῷ
1073 5493 1174 5562 τὴν
1215 5492 1426 5545 πτῶσιν
1453 5492 1563 5545 τῶν

45 5582 378 5644 ιπτωκὸτων,
411 5580 547 5633 ἀλλά
586 5579 685 5649 τὴν
716 5580 1011 5635 ἀνάστασιν
1053 5582 1371 5652 λογίζεσθαι
1404 5585 1506 5655 Χρὴ
1542 5601 1557 5615 ”

75 5674 174 5739 μὲν
213 5670 321 5741 γὰρ
357 5669 587 5723 ἔπιπτον
644 5670 829 5739 μόνον,
854 5672 977 5742 οὐχὶ
1008 5673 1065 5726 δὲ
1110 5675 1206 5727 καὶ
1253 5673 1559 5734 ἀνίσταντο,

45 5761 212 5823 καίως
240 5760 419 5815 αὐτῶν
450 5762 546 5832 τῆς
573 5759 813 5823 πίστεως
844 5762 1171 5826 ὑποπτεύεις
1196 5764 1366 5817 αῐτιον
1391 5780 1403 5793 ·
1438 5764 1557 5817 εἰδὲ

1668 4600 1786 4638 nem
1849 4585 2179 4645 dicebantur,
2249 4582 2605 4645 mirabantur,
2666 4585 2941 4650 quomodo
2983 4582 3243 4640 Christus

1670 4675 1926 4745 dignatus
1963 4684 2045 4728 est
2092 4674 2237 4729 ﬁlius
2281 4674 2516 4729 hominis
2554 4674 2707 4738 ﬁeri;
2741 4675 3045 4729 mirabatur
3073 4674 3242 4729 Maria

1665 4766 2155 4835 quomodoventer
2178 4764 2422 4818 mutieris
2442 4765 2714 4819 continuit
2745 4763 2937 4829 Deum,
2963 4766 3245 4833 quomodo

1667 4855 1863 4909 ancilla
1899 4854 2245 4908 liberatorem
2273 4853 2566 4907 creationis
2614 4855 2918 4923 generavit.
2959 4854 3029 4909 Et
3056 4855 3190 4910 dixit
3219 4871 3245 4910 :

1622 4932 1633 4943 ’
1664 4943 1773 4997 Iste
1792 4943 1994 5011 positus
2014 4950 2090 4995 est
2118 4943 2177 4995 in
2210 4941 2427 4994 ruinam
2451 4951 2498 4994 et
2522 4942 2579 4996 in
2612 4945 3046 4998 resurrectionem
3102 4946 3243 5000 mul—

1665 5044 1837 5088 torum
1853 5035 1910 5087 in
1961 5032 2153 5098 Israel,
2187 5034 2314 5088 etin
2345 5036 2552 5106 signum
2596 5036 2680 5089 cui
2730 5037 3137 5093 eontradicctur.
3181 5039 3243 5093 In

1665 5124 2377 5194 ruinamperseverantium
2402 5125 2455 5179 in
2481 5124 2822 5191 inﬁdelitate,
2884 5127 2938 5181 in
2989 5142 3240 5182 resurre-

1665 5218 1905 5272 ctionem
1936 5216 2337 5273 exinﬁdelitate
2367 5217 2423 5271 in
2460 5216 2618 5272 ﬁdem
2667 5217 3089 5273 transeuntium.
3136 5216 3243 5271 Pe-

1672 5317 1751 5363 tra
1777 5319 1893 5364 erat
1918 5308 2172 5365 Christus
2196 5310 2253 5363 in
2285 5310 2698 5364 fundamentum
2728 5310 2924 5379 posita,
2947 5311 3042 5366 sed
3065 5310 3243 5366 oﬂ'cn-

1668 5400 1866 5454 derunt
1886 5400 2015 5455 caeci
2043 5398 2217 5455 oculis
2234 5410 2517 5466 errantes;
2543 5415 2654 5455 non
2688 5411 2868 5456 tamen
2897 5402 2971 5455 illi
3022 5401 3240 5457 ruinam

1665 5491 1975 5545 cadentium
1999 5530 2014 5554 ,
2047 5492 2142 5547 sed
2174 5492 2632 5548 resurrectionem
2691 5493 2932 5549 tribuere
2982 5502 3242 5565 oportet;

1663 5581 1944 5635 enimvero
1992 5582 2039 5635 si
2102 5582 2428 5639 ceciderunt
2480 5593 2716 5648 tantum,
2768 5602 2876 5642 non
2938 5596 3121 5642 autem
3179 5596 3239 5642 et

1661 5682 2041 5738 surrexerunt,
2061 5674 2209 5743 iuste
2243 5690 2434 5731 eorum
2465 5676 2625 5733 ﬁdem
2687 5681 3090 5750 suspectaberis
3114 5695 3243 5735 cau-

1664 5779 1800 5830 sam;
1835 5764 1929 5821 scd
1955 5764 1999 5820 si
2027 5780 2093 5820 ex
2122 5766 2202 5823 eis
2230 5768 2321 5838 qui
2344 5768 2623 5826 debilitate
2646 5771 2983 5835 ceciderunt,
3022 5773 3098 5846 lui
3138 5787 3233 5823 vn-
