3764 6320
25 243 148 311 489

724 259 821 319 DE
861 260 1414 324 TEMPERANTIA
1452 266 1549 325 ET
1581 266 1917 328 VIRTUTE
1978 297 2047 307 -
2077 272 2463 335 CENTURIA
2528 275 2564 336 Ῐ

3163 281 3300 348 1490

13 365 135 456 δοὺς
185 367 445 440 ἐχθροὺς
506 368 567 434 ἑξ
629 372 800 442 αὐτῆς
845 372 975 427 ἄνευ
1042 377 1245 446 συχνῆς
1279 378 1652 449 ἐπικλήσεως,

1809 383 1891 437 ιείε
1922 387 2295 456 conccptibus,
2335 404 2436 445 nec
2462 389 2530 443 ab
2560 404 2625 444 eo
2671 390 3065 449 intellectuales
3112 396 3303 456 hostes

13 454 235 523 ἰησοῦ.

76 592 196 649 κθ¹.
236 596 380 648 Ἐὰν
411 598 549 667 μετὰ
575 600 958 665 ταπεινώσεως
993 606 1338 675 φρονήματος
1371 607 1471 675 καίἸ
1491 609 1628 677 μνή-

14 702 126 769 ιιης
152 686 439 755 Θανάτου,
474 692 567 744 καὶ
605 693 714 746 ἀπὸ
748 694 1009 764 μέμψεως
1031 737 1045 761 ,
1088 698 1184 750 καὶ
1229 699 1625 770 ἀντιρρήσεως,

23 779 112 830 ταὶ
144 781 517 853 ἐπικλήσεως
564 784 741 853 Ἰησοῦ
777 788 1015 854 Χριστοῦ
1044 788 1143 853 τὰς
1172 790 1456 860 διατριϐὰς
1488 791 1625 844 πάν-

14 886 143 955 ,τοτε
185 878 387 938 ποιεῖς
422 878 479 929 ὲν
516 879 582 947 τῇ
615 880 681 948 σῇ
724 879 922 950 καρδίᾳ
947 896 959 908 ·
1012 880 1111 932 καὶ
1148 881 1247 949 τὴν
1281 882 1475 950 στενὴν
1504 882 1625 951 μὲν,

18 961 164 1029 ,ιλλὰ
215 969 527 1036 χαροποιὺν
558 970 652 1022 καὶ
683 970 924 1040 τερπνὴν
957 972 1075 1025 ὁδὸν
1101 974 1203 1041 τῆς
1239 973 1476 1035 διανοίας
1505 972 1629 1026 καθ’

14 1044 284 1122 ἡμέραν,
332 1059 470 1125 μετὰ
499 1059 703 1112 τούτων
732 1062 841 1115 τῶν
882 1062 1063 1116 ὃπλων
1092 1062 1296 1126 ὁδεύεις
1329 1063 1631 1132 νηφόντως,

13 1146 101 1219 ⁵ςιὶς
141 1146 407 1218 Θεωρίας
438 1150 596 1218 ἁγίας
620 1153 790 1220 ἁγίων
812 1154 1006 1226 ὲλεύσῃ
1024 1195 1038 1213 .
1068 1155 1162 1209 καὶ
1184 1155 1500 1228 φωτισθήσῃ
1533 1175 1632 1228 μυο

14 1236 246 1313 ξςτήρια
294 1240 467 1309 βαθέα
501 1244 950 1314 παρὰ“Χριστοῦ.
994 1246 1136 1314 Παρ’
1165 1239 1213 1311 ᾧ
1245 1250 1297 1302 οἱ
1340 1250 1630 1316 θησαιιροί

19 1330 143 1411 ι’ῆς
172 1336 415 1401 σοφίας
451 1339 546 1389 καὶ
582 1337 693 1404 τῆς
729 1336 1008 1405 γνώσεως
1035 1339 1403 1408 ἀπόκρυφοι·
1454 1340 1556 1393 Ἐν
1584 1334 1634 1406 ᾦ

32 1421 327 1476 ιατοικεῖ
362 1423 485 1477 πᾶν
519 1424 585 1476 τὸ
626 1423 916 1493 πλήρωμα
960 1425 1068 1493 τῆς
1116 1429 1397 1493 θεότητος
1437 1443 1633 1495 σωμα-

33 1509 261 1576 τικῶςο
327 1512 636 1585 αίσθηθήσῃ
689 1514 799 1584 γὰρ
839 1515 975 1585 πρὸς
1034 1515 1211 1586 Ἰησοῦ
1238 1533 1252 1547 ’
1289 1518 1372 1569 ὃτι
1415 1517 1634 1587 πνεῦμα

13 1591 196 1669 ⁵ἱιγιον
220 1603 474 1673 ὲφήλατο
506 1608 570 1676 τῇ
620 1609 685 1676 σῇ
717 1606 862 1678 ψυχῇ
881 1647 894 1671 ,
922 1609 1055 1678 παρ’
1081 1601 1143 1662 οὗ
1179 1607 1300 1671 νοῦς
1328 1608 1633 1679 ἀνθρώπων

1727 473 2033 545 proﬂigare.

1796 610 1884 665 ‘29.
1921 612 1975 665 Si
2006 629 2130 667 cum
2163 614 2491 683 humilitate,
2522 619 2832 687 prudentia,
2858 624 3161 695 mortisque
3184 640 3301 682 meo

1729 703 1916 766 moria,
1962 706 2376 774 conquestione,
2424 709 2871 777 contradictione,
2924 714 3305 785 imploratione

1727 793 1856 848 Jesu
1885 794 2106 862 Christi,
2134 799 2482 853 continenter
2511 802 2771 858 exercitia
2800 820 3025 876 peragas
3053 807 3108 863 in
3137 807 3309 862 corde

1732 893 1842 947 tuo,
1868 894 1923 939 et
1950 902 2047 954 per
2067 896 2351 957 angustam
2390 891 2631 958 quidem,
2666 895 2761 948 sed
2794 896 2987 951 animae
3009 898 3303 966 jucundam

1730 984 1893 1043 atque
1922 976 2294 1032 delectabilem
2322 980 2483 1045 viam,
2519 982 2605 1036 his
2635 982 2880 1052 quotidie
2904 986 3068 1040 armis
3097 986 3304 1041 instru-

1732 1076 1871 1127 ctus.
1905 1076 2053 1122 caste
2078 1056 2321 1134 incedas,
2354 1071 2423 1126 ml
2451 1083 2666 1126 sanctas
2705 1084 3017 1129 sanctorum
3056 1086 3307 1132 contem-

1732 1156 1998 1225 plationes
2028 1159 2317 1228 pervenies
2346 1178 2360 1214 :
2397 1170 2450 1215 et
2477 1163 2743 1231 profunda
2779 1167 3033 1237 mysteria
3064 1168 3159 1224 tibi
3195 1182 3310 1222 ma-

1733 1250 2141 1305 nifestabuntur
2166 1267 2197 1306 a
2227 1252 2465 1309 Christo.
2495 1255 2560 1309 In
2589 1273 2690 1324 quo
2716 1267 2836 1311 sunt
2868 1275 3045 1314 omnes
3075 1260 3308 1314 thesauri

1733 1344 2005 1412 sapientia:
2033 1356 2081 1397 et
2108 1346 2347 1400 scientia!
2375 1347 2668 1401 absconditi
2697 1349 2741 1381 ⁸⁸
2770 1365 2784 1401 :
2823 1350 2887 1404 In
2915 1365 3015 1420 quo
3044 1351 3308 1405 inhabitat

1735 1437 1904 1489 omnis
1949 1434 2219 1503 plenitudo
2260 1438 2553 1492 divinitatis
2591 1440 2937 1509 corporaliter
2980 1441 3056 1512 ⁸⁸..
3095 1440 3311 1497 Senties

1734 1526 1879 1580 enim
1915 1527 1984 1581 ab
2009 1527 2141 1581 Jesu
2162 1528 2379 1583 Christo
2408 1529 2616 1583 insilire
2646 1529 2699 1582 in
2734 1531 2969 1585 animam
3014 1540 3161 1585 tuam
3189 1531 3311 1601 Spi-

1737 1619 1901 1671 ritum
1931 1626 2205 1683 sanctum,
2257 1634 2356 1688 per
2388 1635 2548 1690 quem
2593 1621 2896 1676 illustratur
2940 1636 3096 1679 mens
3134 1623 3311 1677 homi-

16 1693 395 1763 ὴιδουχεῖται
416 1697 548 1767 ὀρᾷν
562 1697 873 1751 ἀνακεκαλυ
883 1716 921 1768 μ
928 1697 1074 1766 μένῳ
1087 1697 1387 1769 προσώπῳ.
1400 1699 1632 1766 Οὐδεὶς,

1809 1724 1892 1774 Im,
1924 1717 1982 1763 ut
2009 1709 2244 1763 revelata
2274 1709 2411 1763 facie
2440 1710 2607 1779 possit
2636 1711 2858 1766 intueri.
2889 1709 3077 1774 Nemo,
3112 1711 3308 1780 inquit,

33 1785 205 1852 φησι.
270 1786 441 1856 λέγει
494 1789 709 1855 Κύριον
754 1789 1020 1856 Ἰησοῦν,
1087 1793 1138 1844 εί
1174 1793 1260 1859 μὴ
1314 1790 1387 1844 ἐν
1443 1794 1635 1848 Hyad-

1809 1801 1882 1867 :it,
1912 1799 2168 1854 Dominus
2188 1800 2360 1866 Iesus,
2385 1802 2489 1854 nisi
2529 1802 2586 1854 in
2621 1800 2822 1870 Spiritu
2867 1811 3048 1855 sancto
3081 1802 3147 1866 ω,
3178 1818 3312 1857 con-

14 1888 180 1930 ‘uatt
225 1878 417 1947 ἁγίῳ,
473 1879 678 1951 δηλαδὴ
725 1881 958 1951 βεϐαιῶν
1011 1881 1290 1952 μυστικῶς
1331 1883 1393 1935 τὸ
1442 1880 1636 1953 ζητού-

27 1984 229 2035 μενον.

13 2066 21 2096 ³
95 2077 168 2132 λ’.
200 2080 371 2149 Πλὴν
412 2082 506 2135 καὶ
546 2081 708 2135 τοῦτο
754 2078 849 2137 οῦν
889 2084 1085 2146 ἰστέον,
1117 2086 1247 2147 τοὺς
1292 2086 1634 2155 φιλομαθεῖς,

14 2168 233 2241 ίὸτιπερ
279 2174 342 2225 oi
397 2172 651 2241 φθονεροὶ
697 2174 955 2243 δαίμονές
989 2192 1048 2227 τε
1082 2175 1344 2239 πολλάκις
1372 2178 1467 2230 καὶ
1497 2175 1636 2245 κρύ-

14 2281 241 2334 λπτουσι
276 2265 387 2318 καὶ
418 2265 803 2318 συστέλλουσιν
846 2266 905 2330 ἐξ
948 2265 1106 2337 ἡμῶν
1140 2265 1230 2319 τὸν
1249 2267 1440 2336 νοητὸν
1476 2266 1637 2318 πόλε-

14 2368 166 2426 μον,
196 2356 598 2425 βασκαίνοντες
624 2359 759 2426 ἡμῖν
778 2358 828 2410 οἱ
865 2358 1030 2410 δεινοὶ
1057 2358 1157 2426 τῆς
1188 2358 1252 2410 ἐκ
1277 2355 1369 2409 τοῦ
1396 2357 1637 2426 πολέμου

22 2445 334 2512 ’ὡφελείας
367 2463 426 2498 τε
473 2445 570 2499 καὶ
615 2445 895 2514 γνώσεως,
930 2447 1025 2499 καὶ
1077 2447 1216 2515 πρὸς
1259 2446 1392 2499 Θεόν
1432 2447 1638 2500 ἀναδά-

1708 1891 1987 1985 \ﬁrmante
2009 1892 2217 1947 scilicet
2236 1892 2460 1963 mystice
2490 1907 2613 1946 cum
2640 1893 2733 1962 qui
2757 1894 2975 1962 quaerit.

1807 2090 1897 2147 30.
1929 2091 2074 2145 istud
2116 2106 2278 2161 porro
2322 2090 2462 2146 scire
2494 2091 2716 2155 debent,
2761 2091 2854 2161 qui
2895 2090 3136 2146 discendi
3169 2089 3314 2147 desi-

1739 2182 1890 2237 derio
1931 2189 2205 2246 tenentur,
2240 2196 2620 2251 saepenumero
2661 2181 2936 2236 drcmones
2968 2180 3184 2234 invidos
3221 2196 3317 2235 ce-

1738 2274 1852 2329 lare
1886 2289 2003 2337 nos,
2051 2282 2106 2327 et
2153 2273 2476 2328 subtrahere
2514 2289 2544 2327 a
2585 2273 2745 2327 nobis
2789 2271 3030 2341 spiritale
3061 2272 3259 2325 bellum
3298 2288 3313 2324 :

1740 2365 1868 2418 dum
1908 2364 2088 2418 infesti
2146 2364 2224 2419 illi
2279 2364 2439 2419 nobis
2480 2364 2726 2419 invident
2774 2370 3092 2418 nascentem
3134 2377 3203 2415 ex
3249 2377 3319 2416 eo

1741 2455 1881 2509 bello
1950 2455 2222 2519 fructum,
2284 2454 2651 2525 cognitionem
2710 2462 2766 2508 et
2817 2452 3189 2508 ascensionem
3248 2453 3320 2506 ad

20 2532 210 2600 ίσεως,
262 2539 362 2590 καὶ
408 2538 476 2589 ἵν’
526 2539 1023 2608 ἁμεριμνησάντων
1064 2539 1222 2608 ἡμῶν
1263 2539 1521 2611 ἐξαίφνης
1550 2541 1642 2594 τὸν

14 2626 176 2682 ίνοῦν
228 2626 394 2692 αὖθις
461 2630 773 2699 ἁρπάσωσι,
833 2632 929 2684 καὶ
990 2632 1317 2701 ἁπροσεχεῖς
1372 2649 1526 2695 τινας
1571 2636 1638 2703 τῇ

14 2720 281 2790 ίδιανοίᾳ
335 2718 497 2772 πάλιν
547 2719 974 2789 ἀπεργάσωνται
1022 2721 1249 2790 (σκοπὸς
1303 2724 1413 2791 γὰρ
1457 2723 1643 2785 αὐτοῖς

13 2813 305 2882 ῖᾶληκτος
340 2811 434 2863 καὶ⁹
465 2810 616 2878 ἀγὼν
661 2811 1011 2880 φροντίζεται
1045 2812 1168 2882 μηδ’
1199 2813 1335 2877 ὅλως
1370 2816 1466 2885 ὲᾷν
1494 2816 1643 2884 ἡμᾶς

13 2908 25 2939 ε
51 2903 159 2973 τὴν
191 2900 424 2973 καρδίαν
452 2902 608 2973 ἡμῶν
633 2903 918 2973 προσεχῶς
933 2902 1133 2974 ἄγειν),
1159 2906 1360 2967 ειδότες
1392 2906 1484 2958 τὸν
1516 2923 1645 2959 συν-

1809 2925 1853 2963 in
1879 2908 2048 2980 ignari
2074 2919 2290 2977 quanta:
2314 2906 2641 2977 proveniant
2673 2920 2806 2975 opes
2833 2905 3049 2967 animae,
3083 2918 3150 2957 ex
3182 2917 3333 2972 quo-v

20 2994 342 3063 ‘ayépevov
398 2992 629 3048 πλοῦτον
683 2997 750 3065 τῇ
807 2994 977 3065 ψυχῇ,
1020 2997 1086 3048 ὲκ
1131 2995 1231 3066 τῆς
1268 2997 1389 3050 καθ’
1426 2998 1645 3068 ἡμέραν

1809 3001 1952 3054 liana
1978 2998 2375 3053 observatione.
2417 2995 2523 3051 Nos
2567 3008 2698 3049 vero
2737 3003 2866 3048 tunc
2911 3006 3181 3046 memores
3216 2991 3322 3044 Do-

54 3060 366 3156 προσοχῆς.
418 3084 558 3137 Ἀλλ’
604 3060 765 3155 misi";
820 3060 1049 3153 γεμτότε
1093 3060 1231 3155 μετ-ὰ
1267 3087 1368 3157 τῆς

1809 3094 1881 3148 ini
1944 3097 2117 3150 nostri
2170 3093 2301 3148 Iesu
2363 3091 2586 3155 Christi,
2645 3090 2904 3161 erigimur
2947 3088 3015 3142 ad
3051 3087 3323 3157 Spiritalcs

1741 2546 1911 2600 Deum
1945 2565 1957 2600 :
1987 2557 2047 2600 ut
2079 2546 2478 2616 negligentibus
2504 2544 2681 2605 nobis.
2723 2559 2846 2598 mox
2885 2551 3111 2612 repente
3162 2557 3320 2596 men-

1744 2646 1850 2691 tem
1883 2637 2136 2705 eripiant,
2163 2645 2219 2690 et
2254 2637 2449 2706 ignavo
2476 2635 2658 2688 an'nno
2688 2632 2950 2703 quosdam
2987 2633 3170 2687 denuo
3200 2630 3317 2686 elli-

1743 2727 1890 2783 ciant
1916 2728 2197 2803 (perpetua
2222 2727 2367 2780 enim
2401 2727 2617 2781 illorum
2646 2724 2876 2779 intentio
2900 2730 2955 2778 et
2985 2723 3136 2778 labor
3166 2722 3219 2777 in
3254 2739 3320 2778 eo

1743 2818 2012 2883 consistit,
2040 2825 2100 2871 ut
2128 2832 2239 2871 non
2271 2815 2452 2871 sinant
2480 2829 2582 2869 nos
2613 2830 2707 2869 cor
2735 2821 2983 2867 nostrum
3008 2812 3321 2881 observare)

14 3174 156 3228 ετοῦ
205 3176 412 3244 Κυρίου
466 3176 625 3246 ἡμῶν
666 3176 842 3247 Ἰησοῦ
866 3177 1106 3246 Χριστοῦ
1154 3177 1512 3248 ὲκτεινόμεθα
1561 3180 1642 3241 είς

60 3269 449 3339 πνευματικὰς
481 3269 735 3339 θεωρίας,
780 3269 876 3321 καὶ
920 3271 950 3322 6
982 3268 1218 3338 πόλεμος
1250 3269 1414 3322 πάλιν
1444 3271 1523 3331 εἰς
1553 3270 1645 3323 τὸν

59 3356 191 3411 νοῦν
243 3358 625 3426 ἐπανέρχεται,
669 3356 828 3425 μόνον
884 3356 1023 3426 μετὰ
1077 3355 1296 3425 βουλῆς,
1342 3357 1430 3410 ἵνα
1472 3355 1642 3420 οὕτως

13 3466 29 3499 ς
62 3448 232 3510 εἴπω,
283 3443 448 3498 αὐτοῦ
492 3443 585 3498 τοῦ
641 3443 874 3514 Κυρίου,
930 3444 1025 3497 καὶ
1080 3445 1218 3498 μετὰ
1264 3443 1646 3509 ταπεινώσεως

13 3560 28 3611 ς
64 3538 278 3607 πολλῆς
304 3536 480 3591 πάντα
509 3535 774 3607 ποιῶμεν.
1595 3532 1602 3539 ’

140 3653 249 3705 λα’.
275 3652 365 3703 Δεῖ
392 3650 502 3719 γὰρ
521 3650 669 3720 ἡμᾶς
717 3650 776 3701 ὲν
800 3648 964 3720 κοινῷ
995 3648 1094 3720 βίῳ
1122 3650 1500 3723 διατρίϐοντας
1530 3652 1650 3723 μεθ’

18 3750 28 3780 ⁵
68 3743 326 3797 ἑκουσίου
370 3740 783 3813 προαιρέσεως,
837 3743 932 3795 καὶ
981 3742 1249 3813 προθύμῳ
1291 3743 1494 3813 καρδίᾳ
1542 3744 1652 3796 πᾶν

14 3846 21 3877 ⁵
70 3838 292 3906 θέλημα
350 3834 508 3904 ἡμῶν
553 3834 864 3899 ἐκκόπτειν,
903 3833 982 3903 τῷ
1023 3835 1330 3905 προεστῶτι
1376 3834 1471 3889 τοῦ
1515 3833 1651 3887 Θεοῦ

14 3936 28 3965 δ
75 3927 469 3999 συγγινομένου
493 3944 506 3958 ο
564 3927 775 3980 εὐώνιοι
802 3926 900 3980 καὶ
946 3926 1100 3979 αὐτοὶ
1130 3928 1293 3998 ἡμεῖς
1334 3943 1452 3988 πως
1492 3925 1655 3993 γινώ-

14 4030 21 4063 ί
77 4022 224 4091 μεθα
253 4020 347 4073 καὶ
376 4019 625 4088 ἀθέλητοι
645 4033 659 4045 ·
709 4012 810 4071 ὧδε
843 4017 1042 4088 τέχνην
1071 4017 1282 4080 τούτοις
1324 4015 1469 4087 ἔχειν
1494 4033 1656 4087 προσ·

13 4124 21 4157 θ
73 4117 226 4185 ήκει,
261 4113 347 4165 ἵνα
391 4112 464 4183 μὴ
495 4111 572 4182 τῷ
605 4110 746 4182 χόλῳ
773 4107 1217 4181 ταρασσώμεθα,
1255 4109 1352 4160 καὶ
1398 4107 1459 4160 τὸ
1498 4107 1656 4178 θυμι-

75 4208 175 4261 κὸν
209 4205 369 4275 ἡμῶν
396 4203 722 4275 παραλόγως
765 4202 861 4255 καὶ
897 4199 1052 4272 παρὰ
1079 4198 1241 4268 φύσιν
1269 4197 1532 4268 κινῶμεν,
1562 4200 1658 4251 καὶ

14 4308 19 4341 i
79 4297 524 4370 ἀπαρῤησίαστοι
573 4292 823 4348 τολοιπὸν
861 4294 940 4355 είς
977 4291 1070 4344 τὸν
1131 4289 1365 4360 ἀόρατον
1422 4287 1657 4357 πόλεμον

1750 3186 2255 3256 contemplationes,
2296 3185 2585 3253 denuoque
2617 3183 2819 3238 bellum
2852 3179 3086 3251 insurgit
3118 3179 3173 3233 in
3198 3180 3319 3233 ani-

1751 3295 1896 3333 mum
1930 3296 1942 3330 :
1978 3278 2139 3332 modo
2185 3290 2307 3332 cum
2352 3274 2603 3338 consilio,
2651 3283 2709 3328 ut
2758 3274 2831 3327 ita
2865 3271 3064 3335 dicam,
3109 3259 3323 3324 Domini

1754 3370 1968 3437 ipsius,
2037 3377 2090 3423 et
2161 3366 2470 3423 humilitate
2540 3380 2651 3420 non
2729 3363 2943 3419 modica
3006 3376 3328 3433 peragamus

1751 3473 1953 3513 omnia.

1824 3659 1914 3714 51.
1944 3655 2055 3713 Nos
2089 3657 2181 3727 qui
2208 3655 2456 3728 degimus
2482 3653 2539 3709 in
2564 3652 2836 3720 emnohio,
2867 3650 3167 3723 spontaneo
3201 3667 3330 3722 pro.

1754 3747 1932 3818 posito
1961 3754 2014 3800 ct
2046 3745 2211 3800 alacri
2265 3743 2449 3799 animo
2493 3742 2757 3798 debemus
2796 3748 3080 3811 amputare
3112 3754 3330 3793 omnem

1755 3838 2092 3893 voluntatem
2122 3844 2386 3900 nostram,
2419 3849 2542 3890 cum
2571 3833 2715 3889 Deus
2742 3832 2881 3887 adsit
2922 3830 3166 3902 praelato.
3219 3827 3332 3884 Ah-

1754 3931 1883 4001 jecti
1914 3931 2075 3984 etiam
2098 3944 2200 3984 nos
2222 3928 2327 3998 ipsi
2358 3926 2593 3998 quodam
2621 3925 2784 3981 modo
2809 3922 3125 3985 elliciamur,
3159 3931 3213 3977 et
3236 3938 3336 3977 vo-

1760 4020 1966 4075 luntate
2001 4025 2274 4073 carentes.
2308 4017 2374 4071 Et
2424 4017 2565 4072 hanc
2609 4024 2778 4069 artem
2827 4014 3027 4069 callere
3078 4011 3336 4066 convenit

1761 4111 1887 4175 illis,
1920 4125 1990 4165 ne
2013 4109 2105 4165 bili
2134 4108 2538 4179 perturbemur,
2579 4116 2636 4161 et
2670 4113 2911 4160 nostram
2956 4102 3220 4158 irascendi
3259 4102 3336 4155 la-

1763 4202 2018 4257 cultatem
2043 4208 2240 4271 praeter
2269 4208 2522 4265 naturam
2549 4206 2609 4253 et
2633 4197 2897 4253 rationem
2922 4208 3258 4254 moveamus.
3283 4200 3339 4246 et
3426 4271 3441 4277 ι

1762 4293 1830 4347 ad
1877 4291 2326 4347 committendum
2381 4289 2625 4360 spiritale
2669 4288 2872 4344 bellum
2926 4286 2977 4339 in
3028 4292 3333 4357 posterum,

14 4422 15 4433 ι
80 4386 485 4458 ⁴εὑρισκώμεθα.
523 4384 698 4438 Εἴωθε
744 4382 854 4453 γὰρ
889 4380 952 4463 τὺ
999 4379 1214 4449 θέλημα
1243 4377 1402 4449 ἡμῶν
1453 4376 1528 4447 μὴ
1563 4393 1652 4430 κο-

1809 4381 2103 4449 ιριιτίοιιιιιιο
2156 4378 2351 4432 timidi.
2395 4375 2660 4431 Voluntas
2701 4374 2845 4430 enim
2887 4382 3071 4430 nostra
3112 4387 3141 4430 a
3180 4370 3338 4425 nobis

83 4481 353 4549 πτόμενον
429 4478 559 4545 παρ’
620 4474 779 4545 ἡμῶν
841 4470 1286 4534 αὑτοεκουσίως,
1340 4466 1660 4540 ὀργίζεσθαι

85 4569 221 4639 πρὸς
269 4571 396 4632 τοὺς
461 4566 734 4629 ἀκουσίως
782 4564 940 4636 ἡμῶν
984 4562 1206 4616 κόπτειν
1273 4559 1405 4613 αὐτὸ
1452 4560 1661 4627 ἐπιχει-

14 4682 15 4687 η
89 4656 335 4727 ροῦντας.
364 4655 476 4708 Καὶ
505 4657 570 4706 ὲκ
592 4654 778 4707 τούτου
810 4652 904 4706 οῦν
926 4653 954 4704 ὁ
983 4649 1156 4720 θυμὸς
1188 4649 1374 4712 κακῶς
1407 4645 1658 4699 ὑλακτῶν

14 4788 15 4791 η
87 4748 350 4819 κινηθεὶς,
386 4746 649 4799 ἀπόλλυσι
682 4744 780 4815 τὴν
811 4742 1013 4811 γνῶσιν
1038 4743 1138 4811 τῆς
1171 4741 1369 4808 πάλης,
1406 4739 1472 4808 ἢν
1497 4737 1659 4809 μόγις

14 4882 15 4885 η
91 4837 228 4907 μετὰ
251 4836 497 4907 καμάτου
528 4833 725 4887 πολλοῦ
753 4830 1057 4901 κτήσασθαι
1078 4829 1338 4900 ἠδυνήθη.
1358 4826 1657 4898 Φθαρτικὸς

89 4932 195 4999 γὰρ
223 4930 251 4982 6
290 4928 461 4997 θυμὸς
507 4922 646 4979 εἶναι
682 4925 949 4994 πέφυκεν.
984 4923 1045 4976 El
1091 4923 1190 4992 μὲν
1213 4917 1306 4974 οὗν
1336 4919 1474 4991 προς
1510 4920 1658 4986 λογι⁶

96 5020 261 5088 σμοὺς
303 5017 556 5088 κινηθείη
585 5014 983 5086 δαιμονιώδεις,
1008 5013 1222 5085 φθείρει
1271 5014 1364 5065 καὶ
1402 5010 1659 5064 ἀπολλύει

96 5106 310 5170 αὐτούς.
342 5110 406 5160 El
430 5108 474 5161 δ’
511 5101 577 5161 αὖ
609 5107 774 5160 πάλιν
800 5104 943 5159 κατὰ
971 5103 1299 5174 ἀνθρώπων,
1327 5101 1543 5171 φθείρει
1571 5102 1667 5153 καὶ

102 5198 266 5261 οὕτως
291 5199 416 5259 τοὺς
449 5197 826 5269 ἀνθρωπίνους
853 5196 1148 5266 λογισμοὺς
1179 5195 1237 5247 ὲν
1283 5195 1435 5263 ἡμῖν.
1469 5192 1614 5264 Πλὴν
1640 5195 1668 5245 ὁ

104 5289 384 5361 θυμλδςδρῶ
398 5289 477 5341 ὅτι
492 5288 789 5358 φθαρτικδς
807 5288 1066 5356 τυγχάνει
1084 5283 1362 5354 λογισμῶν
1376 5284 1667 5346 παντοίων,

107 5383 208 5436 εἴτε
225 5381 493 5453 πονηρῶν,
527 5383 638 5453 εἴτε
675 5379 817 5452 τύχῃ
834 5380 927 5431 καὶ
943 5377 1364 5444 δεξιῶν.”οπλον
1387 5374 1495 5445 γὰρ
1518 5375 1667 5444 παρὰ

108 5474 235 5528 Θεοῦ
259 5450 537 5539 καί-τόξον
565 5450 706 5525 κατὰ
736 5450 1009 5539 δαιμόνων
1038 5471 1167 5539 ἡμῖν
1199 5466 1587 5538 παρασχεθεὶς,
1617 5468 1664 5518 εί

179 5648 221 5684 ⁸⁵
248 5646 450 5705 Coloss.
486 5661 545 5711 ιι,
581 5645 633 5698 5.
713 5643 758 5675 ⁸⁸
780 5643 909 5698 ibid.
940 5646 991 5699 9.
1070 5644 1113 5675 "
1149 5644 1167 5697 Ι
1202 5643 1321 5696 Cor.
1348 5656 1444 5705 x11,
1470 5640 1522 5694 5.

1766 4474 1908 4525 ultro
1942 4488 2050 4526 non
2083 4471 2339 4534 abscissa,
2378 4469 2771 4526 excandescere
2815 4467 2971 4520 solet.
2994 4466 3048 4519 in
3095 4480 3209 4526 eos,
3247 4462 3339 4531 qui

1766 4563 1814 4614 vi
1852 4561 1996 4615 illam
2028 4578 2057 4615 a
2085 4561 2242 4615 nobis
2275 4568 2557 4628 amputare
2597 4557 2870 4611 nituntur.
2910 4552 3067 4609 Unde
3097 4552 3176 4605 ira
3209 4565 3337 4620 per-

1766 4664 1907 4705 mota
1939 4652 2080 4704 male
2129 4649 2425 4712 oblatrans,
2467 4646 2656 4702 adimit
2697 4643 2823 4699 belli
2870 4641 3144 4702 notitiam,
3175 4651 3342 4707 quam

1767 4741 1851 4796 iis
1884 4743 2054 4796 multo
2084 4756 2206 4797 eum
2238 4740 2423 4795 labore
2451 4738 2710 4807 consequi
2740 4735 2938 4805 potuit.
2966 4733 3051 4788 Ira
3071 4732 3341 4800 siquidem

1766 4839 1958 4884 natura
2009 4829 2316 4883 facultatem
2370 4826 2538 4880 habet
2586 4822 2982 4878 interimendi:
3039 4821 3094 4875 in
3137 4820 3344 4890 cogita-

1769 4924 1945 4975 tiones
1969 4919 2184 4990 quidem
2209 4916 2506 4971 diabolicas
2532 4925 2731 4978 emota,
2761 4913 2976 4983 perimit
3002 4921 3056 4967 et
3094 4910 3347 4966 dissolvit

1770 5027 1863 5068 eas
1894 5029 1907 5063 :
1935 5011 2022 5066 sin
2048 5017 2238 5064 contra
2290 5007 2563 5072 homines,
2616 5005 2807 5060 itidem
2849 5004 3205 5075 cogitationes
3240 5001 3346 5055 hu-

1774 5119 1973 5159 manas
2002 5102 2054 5156 in
2092 5099 2252 5155 nobis
2278 5099 2443 5154 delet.
2477 5097 2690 5168 Itaque,
2733 5106 2792 5151 ut
2842 5095 3022 5160 video,
3067 5095 3146 5150 ira
3192 5106 3350 5163 quas-

1775 5210 1991 5265 cunque
2017 5193 2315 5263 corrumpit
2353 5189 2729 5265 cogitationes,
2786 5202 2883 5244 seu
2924 5186 3195 5247 sinistras,
3226 5199 3346 5248 seu,
3424 5216 3432 5230 ι

1776 5288 1819 5340 si
1850 5286 1925 5340 ita
1961 5287 2261 5356 contingat,
2296 5284 2563 5338 dexteras.
2602 5282 2764 5335 Arma
2798 5280 2939 5336 enim
2975 5286 3030 5333 et
3060 5278 3164 5333 tela
3190 5277 3347 5331 nobis

1774 5378 2037 5431 adversus
2065 5376 2340 5432 daemones
2369 5389 2401 5428 a
2443 5376 2550 5429 Deo
2578 5373 2796 5438 donata,
2832 5370 2937 5426 nisi
2958 5378 3260 5439 .teneantur
3291 5368 3344 5420 in

1776 5469 2042 5537 utrisque,
2074 5467 2202 5524 licet
2228 5467 2436 5521 varium
2467 5466 2703 5521 habeant
2738 5462 3014 5527 eﬂ‘ectum,
3045 5458 3349 5530 perniciosa
