3764 6320
21 287 131 349 ι93

736 295 827 352 DE
861 295 1404 355 TEMPERANTIA
1450 296 1542 355 ET
1585 298 1940 359 Vlli'l‘Ul'E.
1987 325 2049 333 -α
2085 300 2473 362 CENTUREA
2517 303 2568 364 Ι.

3160 308 3295 374 tan

22 420 129 455 σει
198 402 596 471 ἁγαθωσύνην
645 402 924 471 μεγάλην,
985 405 1080 455 καὶ
1123 404 1457 476 ἁμαρτάνων
1495 405 1617 469 νοῦς

1796 408 1913 462 rdct
1944 408 2085 462 bona
2119 412 2309 474 multa,
2348 423 2400 466 et
2443 430 2596 468 mens
2639 432 2756 484 qua!
2801 426 3012 501 peccat],
3059 433 3213 476 escas
3239 433 3297 476 et

21 491 131 549 ,όλλ
151 509 265 544 υσι
327 491 398 544 τὰ
427 492 484 543 ὲν
515 490 592 560 τῷ
638 491 1122 563 προγεγραμμένῳ
1153 493 1441 566 κεφαλαίῳ
1482 496 1619 549 ποτὰ

21 582 69 633 t‘t
113 582 351 652 βρωτὰ
382 580 719 650 ἀμϐροσίας.

40 670 166 736 λζ’.
201 673 348 726 Οὐκ
372 673 539 742 ἐσμὲν
557 672 796 742 Σαμψὼν
822 673 1211 744 δυνατώτεροι,
1245 674 1304 727 οὐ
1334 675 1620 744 Σολομῶν-

21 780 69 823 ις
106 762 480 833 σοφώτεροι,
531 762 590 815 οὐ
639 761 803 815 Δαϐὶδ
829 761 922 816 τοῦ
966 762 1114 815 θείου
1156 761 1617 832 γνωστικώτεροι,

21 871 32 900 ›
91 851 355 923 Πέτρου
407 851 505 905 τοῦ
560 852 862 923 κρρυεραίου
917 853 1117 922 μᾶλλον
1159 852 1297 906 Θεὸν
1358 852 1621 921 ἀγαπῶν-

21 960 72 1005 ες
96 959 114 974 ’
176 916 271 1015 μὴ
326 946 544 1008 ἑαυτοῖς
582 916 763 998 τοίνυν
819 916 1189 1016 θαρρήσωμεν
1217 962 1230 975 ·
1270 916 1417 1016 φησι-
1449 945 1619 1016 γὰρὴ

22 1037 230 1105 ραφή·
255 1038 328 1089 Ὀ
357 1040 435 1100 εἰς
476 1037 641 1091 αὑτὸν
677 1036 919 1109 θαρρῶν,
962 1040 1213 1091 πεσεῖται
1242 1037 1444 1107 πτῶμα
1475 1038 1623 1102 ἐξαί-

22 1144 146 1182 ιον.

59 1218 191 1290 λη’.
250 1221 543 1291 Μάθωμεν
604 1221 713 1276 ἀπὸ
772 1221 1013 1294 Χριστοῦ
1077 1222 1622 1296 ταπεινοφροσύνην,

22 1311 97 1364 αἰ
140 1313 219 1365 ὲκ
264 1313 442 1366 Δαϐἱδ
483 1314 838 1377 ταπείνωσιν,
876 1313 971 1366 καὶ
1019 1316 1083 1367 ὲκ
1114 1314 1322 1385 Πέτρου
1366 1314 1627 1383 δακρύειν

22 1402 97 1453 στὶ
132 1403 271 1466 τοῖς
306 1403 723 1473 συμϐαίνουσιν,
745 1404 879 1458 ἀλλὰ
912 1405 987 1474 μὴ
1020 1404 1448 1471 ἀπογινώσκειν,
1489 1406 1628 1458 κατὰ

21 1493 81 1545 ζα
94 1493 314 1563 μψὼν,
346 1496 436 1547 καὶ
462 1494 689 1559 Ἰούδαν,
715 1496 806 1548 καὶ
824 1494 1145 1565 Σολομῶντα
1167 1494 1257 1547 τδ“ν
1288 1495 1408 1548 λίαν
1448 1495 1627 1565 σοφὼ-

22 1601 219 1641 ηατον,

70 1673 194 1729 λθ’.
253 1675 321 1727 'U
346 1678 453 1747 γὰρ
491 1674 736 1738 διάϐολος
773 1676 1084 1748 ὡρυόμενος
1109 1681 1184 1741 ὼς
1216 1676 1355 1731 λέων
1383 1693 1628 1748 περιπα-

21 1766 119 1816 ’ὧν
159 1765 338 1835 ζητεῖ
373 1768 491 1821 τίνα
536 1769 796 1822 καταπίει
841 1769 939 1822 σὺν
977 1772 1098 1833 ταῖς
1140 1769 1307 1824 αὑτοῦ
1336 1769 1620 1838 δυνάμεσι.

21 1858 175 1925 ιιὴτε
210 1854 317 1910 οὖν
354 1861 386 1928 ἡ
429 1846 700 1929 καρδιακὴ
742 1859 809 1912 δι’
841 1860 964 1912 ὅλου
1010 1859 1276 1931 προσοχὴ,
1315 1859 1411 1912 καὶ
1436 1860 1621 1928 νῆψις,

21 1951 106 2001 ε-αὶ
164 1951 534 2021 ἀντίρρησις,
576 1953 669 2004 καὶ
718 1953 852 2023 εὐχὴ
900 1954 1039 2026 πρὸς
1090 1953 1326 2023 Χριστὸν
1390 1950 1623 2021 Ἰησοῦν,

22 2041 95 2093 κον
116 2041 273 2094 Θεὸν
322 2041 500 2111 ἡμῶν,
527 2043 765 2114 ἁργείτω
796 2044 949 2110 ποτὲ,
978 2044 1156 2117 πάρεξ
1201 2042 1378 2114 Ἰησοῦ
1404 2059 1417 2073 ’
1449 2045 1626 2111 κρεῖτ-

22 2148 97 2183 πον
137 2131 259 2201 γὰρ
313 2130 568 2203 βοήθημα
596 2134 695 2203 οὐχ
737 2134 989 2206 εὑρήσεις
1021 2138 1079 2197 ὲν
1113 2134 1209 2204 ὅλῃ
1238 2134 1305 2203 τῇ
1339 2135 1452 2203 ζωῇ
1496 2150 1623 2185 σου·

21 2222 181 2286 ιὺτδς
255 2224 379 2292 γὰρ
451 2223 614 2292 μόνος
673 2226 702 2278 ό
759 2225 964 2297 Κύριος
1035 2226 1298 2293 γινώσκει
1357 2223 1432 2286 ὡς
1494 2223 1628 2287 Θεὸς

21 2317 112 2378 τὰς
174 2314 306 2367 τῶν
337 2314 608 2385 δαιμόνων
643 2319 1005 2388 πανουργίας,
1046 2317 1140 2373 καὶ
1173 2317 1483 2389 μεθοδείας,
1532 2316 1628 2369 καὶ

21 2410 177 2463 δόλου
192 2429 237 2469 ς.

95 2511 174 2574 μ’.
224 2507 305 2560 Ἦ
349 2504 497 2577 ψυχὴ
541 2502 722 2557 τοίνυν
773 2501 1047 2574 θαρρείτω
1091 2505 1171 2567 εἰς
1226 2498 1489 2574 Χριστὸν,
1534 2505 1630 2556 καὶ

21 2597 439 2665 παρακαλείτω
463 2594 648 2658 αὐτὸν,
673 2594 767 2646 καὶ
794 2594 929 2664 μηδ’
951 2595 1087 2657 ὅλως
1117 2593 1389 2648 δειλιάτω.
1421 2594 1494 2647 Οὐ
1520 2595 1628 2664 γὰρ

26 2686 175 2755 μόνη
216 2686 476 2755 πολεμεῖ,
527 2683 663 2737 ἀλλὰ
699 2682 837 2752 μετὰ
877 2682 1110 2753 φοϐεροῦ
1146 2683 1411 2753 βασιλέως
1452 2682 1628 2753 Ἰησοῦ

25 2776 308 2845 Χριστοῦ,
323 2776 540 2830 κτίστου
561 2774 777 2828 πάντων
797 2775 905 2827 τῶν
924 2775 1434 2845 δντων,ἀσωμάτιυν
1458 2791 1516 2827 τε
1538 2774 1631 2827 καὶ

22 2872 404 2942 ἑνσωμάτων,
445 2871 613 2940 ἤγουν
642 2869 851 2940 ὁρατῶν
883 2867 979 2922 καὶ
1006 2867 1276 2940 ἀοράτων.

22 3068 25 3075 ’
116 3051 234 3122 μα’.
276 3051 362 3114 Ὣς
397 3050 505 3122 γὰρ
540 3052 569 3104 ὁ
603 3049 756 3115 ὑετὸς
787 3051 899 3119 ὅσῳ
925 3049 1110 3101 πλεῖον
1152 3047 1245 3100 ὲπὶ
1275 3046 1376 3115 τῆς
1408 3046 1510 3115 γῆς
1541 3062 1635 3099 κα-

22 3142 376 3213 ίταφέρεται,
389 3142 643 3195 τοσοῦτον
657 3142 747 3195 καὶ
762 3140 862 3211 τὴν
884 3141 986 3209 γῆν
1001 3138 1283 3193 ἀπαλύνεν
1305 3136 1448 3190 οὕτω
1470 3137 1563 3191 καὶ
1578 3136 1638 3189 τὸ

21 3230 210 3301 ίᾶγιον
251 3232 422 3303 όνομα
482 3236 575 3288 τοῦ
615 3232 856 3305 Χριστοῦ
889 3231 1019 3302 παρ’
1062 3229 1222 3301 ἡμῶν
1268 3226 1636 3296 ἐπιϐοώμενον

22 3324 228 3394 ίχωρὶς
261 3323 571 3392 λογισμῶν,
618 3324 742 3376 ὅσον
787 3322 1119 3388 πυκνότερον
1163 3319 1295 3372 αὐτὸ
1337 3317 1634 3370 ἐπικαλού-

52 3412 224 3481 μεθα,
248 3411 513 3465 ἁπαλύνει
536 3411 632 3479 τὴν
651 3411 751 3479 γῆν
775 3407 873 3479 τῆς
895 3406 1123 3478 καρδίας
1148 3407 1325 3476 ἡμῶν,
1351 3407 1444 3459 καὶ
1468 3423 1634 3477 χαροο

22 3516 25 3543 ι
48 3505 224 3567 ποιεί,
264 3503 358 3555 καὶ
381 3501 688 3571 εὐφραίνει.

133 3596 246 3664 μβ⁹.
276 3593 458 3647 Καλὸν
484 3593 540 3645 δὲ
568 3591 663 3645 καὶ
692 3589 849 3645 τοῦτο
873 3592 1000 3655 τοὺς
1031 3591 1292 3659 ἀπείρους
1317 3590 1533 3655 ειδέναι,
1556 3590 1638 3643 ὄτι

22 3684 482 3754 ιὲχυροὶςέχομεν
539 3682 865 3753 ἀσωμάτους
893 3682 987 3735 καὶ
1029 3681 1296 3751 ἀοράτους
1339 3681 1432 3733 καὶ
1478 3697 1640 3733 κακοο

61 3777 263 3837 θελεῖς,
290 3774 383 3826 καὶ
411 3773 708 3844 φρονίμους
734 3775 816 3836 εἰς
841 3773 903 3826 τὸ
932 3772 1206 3837 κακῶσαι,
1238 3773 1334 3825 καὶ
1363 3773 1639 3843 ὲντρεχεῖς

22 3896 23 3899 η
61 3868 160 3921 καὶ
195 3864 433 3935 κούφους
483 3844 1023 3935 ἐμπειροπολέμους,
1067 3862 1212 3915 ἔτεσι
1254 3865 1368 3926 τοῖς
1409 3863 1518 3915 ἀπὸ
1543 3861 1638 3914 τοῦ

74 3957 250 4025 Ἀδὰμ
277 3955 368 4008 καὶ
404 3955 566 4026 μέχρι
602 3957 833 4018 καὶτοῖς
863 3953 1043 4024 δεῦρο,
1079 3955 1129 4006 ot
1153 3955 1346 4024 παχεῖς
1379 3953 1525 4023 ἡμᾶς
1547 3954 1641 4005 καὶ

69 4051 205 4117 προς
223 4050 323 4118 γῆν
346 4047 742 4120 βρίθοντες,καὶ
761 4047 837 4118 τῷ
858 4046 1072 4117 σώματι
1096 4048 1188 4101 καὶ
1209 4045 1287 4117 τῷ
1307 4048 1638 4119 φρονήματιο

72 4140 248 4195 οὐδενὶ
282 4138 424 4210 ἄλλῳ
452 4140 642 4210 τρόπῳ
673 4139 897 4193 δυνατὸν
921 4139 1121 4200 αὐτοὺς
1162 4142 1407 4208 νικῆσαι,
1444 4138 1560 4190 ἀλλ’
1608 4138 1641 4207 ἢ

22 4276 23 4281 η
69 4232 136 4284 δι’
184 4232 412 4286 ἁεννάυυ
464 4230 584 4292 νοὸς
630 4229 847 4300 νήψεως
910 4229 1005 4282 καὶ
1046 4228 1389 4296 ἐπικλήσεως
1462 4227 1639 4297 Ἰησοῦ

74 4321 307 4394 Χριστοῦ
338 4321 433 4375 τοῦ
476 4321 612 4374 Θεοῦ
653 4322 746 4375 καὶ
779 4320 1010 4390 Ποιητοῦ
1049 4320 1225 4390 ἡμῶν.
1263 4320 1369 4373 Καὶ
1400 4321 1512 4383 τοῖς
1542 4320 1643 4388 μὲν

1722 499 1970 567 potiones
2002 501 2310 568 antbrosize,
2348 504 2399 557 itt
2436 512 2563 558 ante
2595 507 2799 576 scripto
2836 499 3079 578 capitulo
3113 509 3295 566 decla-

1723 600 1777 643 ra
1786 598 1885 654 tas,
1916 593 2112 659 perdit.

1791 679 1881 732 57.
1922 679 2041 734 Non
2093 697 2282 736 sumus
2335 682 2587 737 fortiores
2611 683 2922 740 Samsone‘:
2978 703 3088 741 non
3141 686 3297 742 Salo-

1724 786 1886 827 mone
1918 772 2280 842 sapientiores
2307 792 2319 826 :
2351 790 2461 828 non
2499 775 2924 845 perspicaciores
2946 778 2999 832 in
3025 795 3082 832 re
3113 779 3298 834 divina
3336 818 3351 827 ς

1723 876 1885 930 quam
1941 861 2155 917 David:
2215 878 2319 917 non
2375 863 2648 936 diligimus
2698 866 2867 919 Deum
2923 869 3300 924 vehementius

1724 964 1883 1021 quam
1929 949 2126 1008 Petrus
2171 956 2544 1023 apostolorum
2602 956 2877 1027 princeps.
2933 958 3299 1023 Quamobrem

1726 1059 1835 1098 non
1877 1047 2036 1100 nobis
2080 1047 2209 1115 ipsis
2254 1048 2505 1102 fidamus.
2553 1046 2733 1118 lnquit
2762 1050 2910 1103 enim
2963 1051 3246 1121 Scriptura
3285 1070 3298 1106 ι

1727 1134 1828 1200 Qui
1855 1134 1909 1188 itt
1940 1134 2121 1205 seipso
2145 1136 2390 1202 conlidit;
2419 1147 2541 1191 ruet
2569 1152 2698 1191 casu
2735 1139 3076 1209 gravissimo.

1802 1228 1890 1282 '58.
1936 1228 2218 1284 Discamus
2255 1245 2284 1283 a
2313 1228 2553 1293 Christo,
2581 1230 2649 1284 de
2678 1231 2837 1286 nobis
2864 1232 3144 1287 humiliter
3181 1249 3298 1289 sen-

1732 1319 1835 1373 tire
1868 1336 1882 1373 :
1921 1329 1976 1373 et
2016 1335 2047 1373 a
2081 1319 2300 1385 David‘c,
2336 1320 2699 1389 abjeetionem
2739 1340 2751 1376 :
2785 1338 2814 1375 a
2843 1320 3005 1377 Petro
3027 1362 3041 1386 ,
3064 1323 3196 1379 ﬂere
3233 1326 3306 1379 ob

1730 1426 1891 1466 casus
1918 1411 2319 1481 contingentes.
2349 1410 2469 1466 Non
2503 1420 2683 1465 tamen
2714 1410 3151 1481 despondeamus
3183 1415 3303 1468 ani-

1733 1518 1902 1563 mum,
1943 1517 2093 1556 more
2135 1501 2436 1569 Samsonis,
2471 1509 2525 1555 et
2591 1500 2763 1569 Judaz,
2813 1510 2869 1557 et
2912 1503 3300 1573 sapientissimi

1657 1635 1660 1638 .
1733 1594 2056 1648 Salomonis.

1804 1682 1892 1737 59.
1934 1681 2188 1737 Diabolus
2222 1683 2369 1736 enim
2406 1682 2651 1754 rugiens,
2700 1694 2757 1738 ut
2799 1684 2907 1749 leo,
2944 1680 3302 1740 obambulans

1736 1772 1925 1841 qttrerit
1955 1786 2077 1825 cum
2128 1771 2382 1824 omnibus
2425 1765 2785 1839 potestatibus
2827 1771 2960 1837 suis,
3012 1786 3173 1842 quem
3204 1773 3302 1827 de-

1736 1870 1907 1915 voret.
1960 1860 2302 1930 Quapropter
2348 1876 2418 1913 ne
2466 1861 2779 1914 remittatur
2821 1874 3055 1930 unquam
3104 1862 3304 1917 mentis

1733 1954 2060 2017 observatio,
2092 1948 2470 2022 temperantia,
2505 1950 2810 2017 reluctatio,
2861 1962 2915 2007 et
2947 1968 3137 2022 preces
3176 1970 3303 2024 erga

1734 2041 1903 2096 Deum
1955 2051 2204 2096 nostrum
2269 2038 2457 2095 Jcsum
2524 2030 2826 2095 Christum.
2881 2042 3097 2096 Nullum
3154 2045 3303 2098 enim

1734 2120 2358 2202 praestantius-auxilium
2382 2131 2437 2185 in
2464 2140 2573 2186 tota
2603 2133 2712 2187 vita
2747 2142 2836 2189 tua
2869 2132 3127 2202 reperies,
3162 2150 3306 2205 prte-

1737 2229 1980 2290 terquam
2011 2221 2079 2276 ab
2106 2220 2258 2276 Jesu.
2298 2219 2458 2274 Solus
2488 2222 2632 2275 enim
2666 2222 2781 2291 ipse
2833 2221 3092 2279 Dominus
3132 2228 3303 2293 novit,

1735 2318 1794 2363 ut
1821 2309 1984 2376 Deus,
2013 2310 2301 2376 versutias,
2332 2311 2559 2365 artiﬁcia
2589 2320 2643 2366 et
2670 2311 2822 2368 dolos
2853 2313 3183 2369 daemonum.

1800 2488 1889 2544 «£0.
1926 2488 2176 2545 Confldat
2197 2490 2360 2559 igitur
2390 2491 2569 2546 anima
2597 2492 2651 2547 in
2682 2492 2978 2559 Christum,
3013 2504 3068 2550 et
3095 2494 3309 2551 invocet

1738 2579 1927 2634 illum:
1983 2589 2038 2635 et
2094 2581 2408 2637 nullatenus
2447 2585 2787 2639 extimescat.
2836 2583 2954 2639 Non
3000 2587 3145 2641 enim
3193 2589 3309 2642 so‘la

1737 2669 1977 2736 dimicat,
2012 2672 2106 2726 sed
2130 2673 2198 2728 ab
2218 2671 2346 2728 Jesu
2373 2673 2591 2730 Christo
2617 2691 2741 2746 rege
2768 2678 3050 2732 tremendo
3077 2679 3259 2748 adjuta
3292 2700 3305 2734 :

1736 2761 1831 2830 qui
1867 2772 1949 2816 est
2001 2772 2215 2818 creator
2266 2766 2512 2819 omnium
2567 2782 2769 2830 rerum,
2822 2780 3207 2838 eorporearum
3255 2781 3307 2825 et

1737 2867 1966 2922 corpore
2013 2855 2340 2925 carentium,
2387 2856 2677 2913 visibilium
2728 2859 2934 2913 scilicet
2972 2868 3026 2913 et
3061 2859 3307 2914 invisibi-

1739 2944 1890 2998 lium.
2654 2934 2659 2943 ’

1810 3036 1898 3091 41.
1967 3037 2436 3102 Quemadmodum
2502 3041 2686 3112 pluvia
2764 3052 2972 3112 quanto
3036 3045 3312 3115 copiosius

1737 3126 2038 3183 effunditur
2081 3145 2247 3198 super
2291 3139 2512 3198 terram,
2572 3141 2722 3187 tanto
2784 3135 3085 3190 molliorem
3135 3136 3312 3190 reddit

1738 3219 1883 3274 illant
1916 3238 1930 3276 :
1962 3221 2034 3275 ita
2072 3231 2320 3276 sanetum
2356 3222 2557 3276 Christi
2591 3239 2791 3279 nomen
2823 3241 2853 3280 a
2887 3224 3061 3281 nobis
3090 3227 3311 3282 invoca-

1739 3321 1874 3375 tum,
1929 3313 2162 3381 explosis
2211 3315 2654 3384 cogitationibus,
2709 3325 2913 3385 quanto
2968 3318 3310 3387 frequentius

1739 3401 1917 3467 ipsum
1942 3400 2280 3466 invocamus,
2306 3411 2456 3457 tanto
2476 3404 2647 3473 magis
2669 3405 2877 3458 emollit
2904 3415 3100 3460 terram
3132 3409 3313 3462 cordis

1740 3489 1936 3554 nostri,
1968 3504 2197 3558 eamque
2220 3492 2417 3561 gaudio
2446 3503 2500 3546 et
2532 3493 2716 3547 ltetitia
2749 3494 3048 3563 perfundit.

1809 3581 1898 3634 4-2.
1937 3582 2206 3635 Caeterum
2251 3592 2306 3636 et
2351 3583 2454 3637 hoc
2503 3584 2785 3653 imperitos
2828 3601 2991 3642 nosse
3034 3588 3312 3655 convenit,

1740 3692 1854 3729 rem
1890 3676 2050 3731 nobis
2079 3691 2201 3731 esse
2231 3691 2354 3732 cum
2397 3678 2647 3734 hostibus
2676 3678 3033 3750 incorporeis,
3067 3682 3316 3738 invisibi—

1743 3765 1905 3827 libus,
1937 3765 2208 3836 malignis,
2252 3767 2317 3820 ad
2352 3765 2701 3837 amigendum
2747 3769 2975 3833 callidis,
3014 3771 3312 3836 velocibus,

1742 3856 1971 3921 levibus,
2004 3856 2127 3910 belli
2164 3857 2370 3926 peritis,
2419 3858 2486 3912 ab
2527 3858 2686 3913 annis
2724 3860 2852 3914 Adae
2894 3861 2960 3916 ad
2991 3861 3111 3917 haec
3146 3878 3317 3932 usque

1745 3958 1984 4018 tempora
2012 3965 2024 4000 :
2047 3949 2135 4018 qui
2160 3965 2260 4004 nos
2285 3966 2517 4015 crassos,
2550 3961 2657 4007 tam
2682 3969 2911 4023 corpore
2937 3970 3098 4024 quam
3127 3972 3314 4019 sensu,

1742 4052 2038 4112 aggravant
2064 4042 2120 4094 in
2148 4051 2369 4096 terram.
2393 4042 2500 4097 ilos
2522 4044 2668 4098 nulla
2693 4045 2794 4098 alia
2820 4046 3032 4101 ratione
3058 4062 3317 4117 superare

1745 4145 2051 4199 possumus,
2089 4145 2250 4199 quant
2303 4141 2562 4200 perpetua
2610 4133 2777 4197 animi
2824 4139 3204 4204 temperantia,
3255 4149 3310 4192 ct

1747 4221 2085 4276 invocatione
2133 4220 2261 4276 Jesu
2301 4223 2499 4277 Christi
2557 4223 2650 4279 Dei
2703 4232 2758 4279 et
2789 4226 3064 4281 Creatoris
3120 4230 3316 4282 nostri.

1748 4312 1993 4371 ltudibus
2037 4313 2223 4381 itaque
2273 4328 2371 4380 pro
2403 4313 2563 4367 modo
2616 4323 2671 4369 et
2729 4324 3062 4385 prazceptore
3117 4313 3322 4387 optimo

76 4411 319 4482 ἀπείροις
352 4408 525 4479 Ἰησοῦ
560 4409 797 4481 Χριστοῦ
824 4410 957 4480 εὐχὴ
981 4407 1263 4479 προτροπὴ
1289 4408 1384 4459 τοῦ
1412 4407 1643 4476 δοκιμά-

1800 4411 1858 4455 nt
1896 4404 2030 4468 hate,
2056 4404 2367 4473 deprecatio
2402 4404 2530 4459 Jesu
2555 4405 2777 4468 Christi,
2800 4417 2854 4460 et
2884 4409 2951 4462 ad
2983 4410 3321 4477 probandum

77 4520 167 4555 σαι
197 4504 285 4555 καὶ
311 4501 513 4570 γνῶναι
540 4501 601 4553 τὸ
634 4502 798 4554 καλὸν
830 4501 972 4553 ἔστω
997 4499 1197 4553 ταῦτα’
1226 4502 1338 4562 τοῖς
1363 4498 1419 4551 δὲ
1453 4499 1648 4569 ἐμπεί-

82 4611 191 4664 ροις
221 4596 253 4664 ἡ
276 4594 473 4662 πρᾶξις
510 4594 606 4645 καὶ
630 4594 662 4662 ἡ
690 4592 984 4662 δοκιμασία
1007 4593 1102 4645 καὶ
1126 4593 1159 4662 ἡ
1187 4591 1518 4656 ἀνάπαυσις,
1552 4591 1645 4644 τοῦ

36 4676 41 4681 ’
84 4686 244 4737 καλοῦ
276 4686 494 4753 ἄριστος
516 4683 606 4735 καὶ
633 4684 834 4750 τρόπος
869 4685 963 4737 καὶ
984 4683 1328 4747 διδάσκαλος.

152 4775 251 4843 λγ’.
284 4775 494 4844 Ὥσπερ
526 4775 754 4835 παιδίον,
787 4773 982 4844 μικρὸν
1013 4774 1181 4842 ἤγουν
1215 4774 1307 4826 καὶ
1346 4773 1647 4842 ἁπόνηρον,

90 4865 492 4933 φαντασιοποιὸν
523 4880 644 4916 τινα
671 4863 890 4933 βλέπον,
922 4863 1108 4932 ἥδεται
1137 4866 1230 4915 καὶ
1256 4863 1546 4917 ἀκολουθεί
1572 4862 1650 4934 τῷ

90 4955 499 5022 ςαντασιοκόπῳ
533 4953 593 5019 ἐξ
634 4954 892 5017 ἁκακίας⁵
932 4954 1073 5006 οὕτω
1122 4955 1212 5007 καὶ
1242 4957 1275 5024 ἡ
1320 4952 1467 5023 ψυχὴ
1493 4954 1652 5023 ήμῶν

91 5041 227 5110 ἁπλῆ
263 5062 341 5105 τις
388 5039 522 5096 οὖσα
559 5044 650 5096 καὶ
700 5043 922 5114 ἀγαθὴ,
951 5042 1125 5105 οὕτως
1178 5042 1282 5094 ὑπὸ
1311 5043 1408 5094 τοῦ
1447 5040 1650 5108 ἀγαθοῦ

1748 4503 1803 4549 et
1834 4497 2277 4565 cognoscendum
2316 4495 2445 4564 quid
2478 4505 2684 4551 rectum
2725 4499 2816 4563 sit,
2863 4499 3191 4556 exhortatio.
3220 4499 3322 4555 Pc-

1750 4585 1869 4639 ritis
1896 4594 2098 4651 autem,
2135 4587 2429 4652 exsecutio,
2480 4587 2815 4656 experientia
2850 4600 2901 4644 et
2938 4591 3173 4659 requies,
3203 4606 3325 4661 quae

1750 4691 1813 4728 ex
1856 4685 2003 4729 recto
2032 4685 2084 4728 et
2118 4675 2262 4730 bono
2285 4676 2476 4730 oritur.

1822 4768 1912 4819 43.
1952 4766 2421 4832 Quemadmodum
2485 4784 2641 4835 puer,
2706 4769 2961 4835 parvulus
3013 4770 3219 4823 scilicet
3273 4779 3328 4823 ct

1753 4856 1957 4912 nullius
1999 4871 2165 4925 capax
2224 4855 2461 4917 malitiae,
2510 4856 2602 4907 ubi
2647 4856 3093 4926 pnestigiatorem
3131 4874 3325 4929 quem-

1755 4947 1897 5015 piam
1958 4943 2122 5005 vidct,
2169 4943 2399 5004 laetatur,
2461 4949 2516 4995 et
2565 4956 2661 4995 sua
2717 4942 3065 5011 simplicitate
3107 4946 3358 5007 ductus,

1758 5036 1906 5090 illum
1960 5033 2255 5104 imaginum
2303 5032 2598 5085 ellictorem
2660 5041 2900 5086 sectatur
2934 5073 2948 5097 ,
3013 5035 3092 5088 sic
3147 5038 3326 5091 anima

1756 5136 1964 5191 nostra,
1995 5142 2121 5180 eum
2148 5125 2214 5180 sit
2238 5124 2466 5195 simplex
2500 5134 2556 5179 et
2587 5124 2750 5191 bona,
2781 5125 2926 5179 hunc
2965 5125 3016 5178 in
3052 5126 3269 5185 modum
3298 5147 3327 5182 a

1759 5237 1860 5275 suo
1898 5221 2041 5274 bono
2071 5219 2300 5271 Domino
2329 5226 2532 5282 creata,
2577 5218 2878 5271 delectatur
2909 5217 3169 5273 illuseriis
3198 5235 3332 5289 sn}.-

1762 5309 2096 5382 gestionibus
2153 5308 2391 5363 diaboli:
2433 5315 2488 5361 et
2531 5310 2776 5377 decepta,
2831 5324 3126 5378 properans
3169 5310 3237 5364 ad
3279 5312 3327 5364 id

1763 5402 1908 5471 quod
1937 5400 2177 5455 deterius
2197 5406 2300 5461 est,
2324 5415 2422 5469 pro
2442 5400 2586 5454 bono
2611 5400 2956 5468 amplectitur
2990 5417 3002 5453 :
3040 5416 3146 5453 non
3175 5402 3330 5456 aliter

1763 5508 1922 5562 quam
1953 5493 2201 5546 columba
2245 5505 2368 5544 eum
2414 5490 2649 5560 quisuis
2684 5491 2852 5559 ipsius
2900 5491 3059 5560 pullis
3106 5491 3332 5545 insidia-

1766 5596 1854 5639 tur
1883 5603 1893 5636 :
1931 5594 1986 5638 et
2019 5585 2123 5638 hoc
2156 5591 2316 5653 pacto
2346 5598 2472 5637 suas
2517 5581 2870 5651 cogitationes
2901 5582 3187 5650 permiscet
3205 5595 3332 5634 cum

1765 5676 2013 5730 illusione
2044 5675 2404 5746 suggestionis
2432 5672 2727 5728 diabolicat.
2769 5672 2823 5726 Ξ
2856 5674 3102 5728 fortnosze
3136 5672 3327 5746 mulie-

91 5134 346 5186 Δεσπότου
396 5136 568 5204 αὐτῆς
598 5134 881 5190 κτισθεῖσα
907 5175 920 5201 ,
950 5134 1141 5204 ἥδεται
1180 5135 1298 5195 ταῖς
1328 5131 1654 5202 προσϐολαῖς

98 5223 187 5278 τοῦ
223 5225 460 5278 διαϐόλου
511 5230 635 5289 ταῖς
685 5228 1116 5292 φακθταστικαίς,
1165 5224 1256 5276 καὶ
1310 5222 1654 5292 ἁπατωμὲνη

101 5316 373 5386 ωστρέχει
411 5318 486 5378 ὡς
516 5316 667 5385 καλῷ
690 5316 766 5386 τῷ
797 5315 1027 5386 χείρονι,
1057 5314 1131 5376 ὡς
1158 5317 1191 5384 ἡ
1222 5312 1525 5384 περιστερὰ
1576 5312 1654 5381 τῷ

102 5408 356 5476 ἐπιϐούλῳ
394 5406 501 5458 τῶν
550 5407 753 5475 ἑαυτῆς
802 5406 1040 5459 τέκνων·
1088 5406 1195 5473 ,καὶ
1242 5404 1385 5457 οὕτω
1439 5402 1653 5472 μιγνύει

103 5498 217 5560 τοὺς
250 5498 443 5567 ἑαυτῆς
471 5498 769 5565 λογισμοὺς
798 5539 811 5562 ,
850 5502 915 5569 τῇ
946 5498 1215 5567 φαντασίᾳ
1244 5498 1343 5564 τῆς
1367 5495 1655 5563 δαιμονιώο

107 5590 212 5653 δο·›;
252 5590 570 5659 προσϐολῆς.
607 5590 665 5640 Et
690 5588 841 5657 τύχοι
867 5589 1121 5656 γυναικὸς
1178 5587 1454 5655 εὐμόρφου
1487 5586 1656 5654 πρόσ-

112 5683 303 5751 ωπον,ἦ
334 5681 454 5734 ἄλλο
485 5698 534 5732 τι
566 5681 713 5749 παρὰ
746 5680 849 5732 τῶν
878 5680 1106 5741 ἐντολῶν
1131 5678 1220 5729 τοῦ
1238 5675 1474 5746 Χριστοῦ
1505 5676 1653 5746 πάμ-
