3764 6320
68 320 231 386 1497
828 325 927 386 DE
959 327 1501 393 TEMPERANTIA
1534 335 1628 396 ET
1664 338 2028 400 VlRTUTE.
2070 364 2137 379 --
2176 339 2564 401 CENTURIA
2592 340 2643 401 Ι.
3215 346 3359 413 “93

34 451 204 509 σκῃς
236 436 392 499 τοὺς
428 434 784 506 ἀλλοφύλους,
818 438 988 510 ἤγουν
1039 442 1167 506 τοὺς
1203 443 1312 497 τῶν
1360 447 1662 516 Αἰγυπτίωι

1830 460 2096 505 :ntancam
2132 470 2144 505 :
2189 461 2247 506 ut
2292 452 2396 506 hoc
2438 462 2598 521 pacto
2639 451 2798 508 facile
2839 453 3119 512 discemas
3159 460 3354 516 alieni-

37 532 473 604 πρωτοτόκους
514 532 684 597 υἱούς.

123 712 200 760 ν’.
254 706 363 768 Ὠς
392 707 570 779 ἀγαθὴ
606 709 702 763 καὶ
758 712 1005 783 τερπνὴ,
1058 715 1150 768 καὶ
1183 715 1393 787 ήδίστη,
1433 719 1668 788 φωτεινή

42 813 113 849 τε
152 797 264 850 καὶ
301 799 616 865 πάγκαλος,
662 801 757 854 καὶ
790 803 1165 875 ἀγλαοφανὴς,
1206 807 1301 860 καὶ
1333 807 1510 879 ὡραία
1543 810 1673 880 ἀρε-

41 882 148 953 τὴ.
183 883 377 956 νῆψις
410 887 517 939 ὑπὸ
560 889 678 954 σοῦ,
704 891 906 961 Χριστὲ
936 894 964 944 ὁ
994 892 1144 957 Θεὸς,
1187 894 1542 966 εὖοδουμένη,
1579 896 1672 950 καὶ

44 976 481 1047 ἐγρηγορότως
520 979 867 1051 ἀνθρωπίνου
914 983 1032 1048 νοὸς
1064 987 1123 1037 ὲν
1149 986 1471 1040 ταπεινώσει
1501 988 1668 1060 πολλῇ

43 1067 411 1139 ὀδευομένηο
441 1072 674 1124 ἐκτείνει
703 1073 812 1143 γὰρ
856 1074 962 1138 ἕως
995 1076 1272 1148 θαλάσσης
1301 1080 1397 1132 καὶ
1428 1080 1669 1134 ἀϐύσσου

20 1154 342 1225 ιθεωριῶν
368 1157 437 1210 τὰ
468 1158 723 1228 κλήματα
773 1162 965 1231 αὐτῆς,
998 1164 1093 1216 καὶ
1131 1164 1235 1229 ἕως
1277 1168 1537 1237 ποταμῶν
1570 1186 1668 1238 μυ-

20 1247 338 1315 θστηρίων
396 1249 647 1318 τερπνῶν
700 1267 759 1303 τε
808 1259 904 1306 καὶ
954 1253 1116 1306 θείων
1160 1255 1260 1317 τὰς
1307 1258 1670 1326 παραφυάδας

20 1335 285 1409 ,αὐτῆς
331 1338 542 1402 ποτίζει
585 1356 645 1392 τε
699 1340 823 1393 νοῦν
874 1343 936 1395 ὲκ
970 1346 1165 1414 χρόνου
1207 1346 1403 1400 πολλοῦ
1452 1365 1667 1401 καυσω-

20 1424 246 1501 τθὲντα
305 1430 375 1499 τῇ
430 1430 655 1501 ἀσεϐείᾳ
703 1432 809 1485 ὑπὸ
863 1433 1046 1504 ἅλμης
1105 1438 1357 1511 πονηρῶν
1393 1439 1668 1511 λογισμῶν

20 1588 35 1595 ι.

19 1640 35 1687 ὲ

56 1520 511 1586 πνευματικῶν,
540 1524 634 1577 καὶ
669 1523 765 1577 τοῦ
817 1525 919 1594 τῆς
972 1528 1170 1599 σαρκὸς
1201 1529 1495 1600 δυσμενοῦς
1538 1551 1669 1604 φροο

56 1607 358 1677 νήματος,
399 1613 427 1665 ὅ
461 1614 576 1666 ἐστι
621 1613 869 1678 Θάνατος.

140 1706 257 1755 val.
289 1701 473 1772 Νῆψις
509 1703 653 1757 ἔοικε
696 1708 763 1775 τῇ
798 1705 893 1759 τοῦ
947 1707 1141 1761 Ἰακὼό
1184 1709 1429 1780 κλίμακι,
1457 1712 1540 1780 ἐφ’
1639 1715 1666 1767 ὁ

1774 559 1980 613 genas,
2050 543 2190 598 ﬁlios
2267 543 2527 598 nimirum
2601 546 2996 618 primogenitos
3065 549 3350 623 Egyptio~

1774 651 1915 689 rum.

1845 726 1933 781 50.
1975 726 2147 792 Quam
2191 727 2356 793 bona,
2402 727 2760 794 delet-labilis,
2795 732 3001 796 suavis,
3040 734 3346 804 splendida,

1773 817 2051 887 praeclara,
2081 826 2309 872 venusta
2341 826 2397 872 et
2434 819 2681 887 speciosa
2721 821 2894 875 virtus
2924 833 3005 876 est
3040 833 3347 894 temperan-

1772 908 1892 961 tia:
1929 923 2048 976 qum
2095 924 2125 961 a
2174 917 2248 971 te,
2304 908 2520 985 Christe
2579 911 2743 974 Deus,
2793 911 3066 981 dirigitur,
3118 923 3173 968 et
3219 931 3346 970 cum

1771 1012 1982 1051 summa
2014 998 2212 1052 mentis
2242 999 2493 1052 humanae
2519 1000 2899 1055 humiliatione
2929 1002 3217 1074 vigilanter
3246 1007 3347 1061 de-

1770 1087 2017 1142 ducitur!
2074 1087 2330 1143 Extendit
2389 1090 2535 1144 enim
2584 1092 2837 1162 palmites
2877 1108 3005 1149 suos
3058 1111 3233 1165 usque
3276 1099 3343 1151 ad

1770 1194 1940 1243 mare,
1969 1188 2023 1233 et
2066 1180 2322 1251 abyssum
2358 1182 2814 1250 speculationem,
2849 1193 2903 1239 et
2930 1201 3100 1256 usque
3131 1188 3198 1241 ad
3240 1186 3344 1241 llu-

1770 1268 1915 1321 mina
1949 1267 2316 1336 iucundorum
2350 1285 2414 1325 ac
2443 1270 2752 1327 divinorum
2797 1275 3181 1344 mysteriorum
3218 1292 3345 1346 pro-

1768 1357 1990 1424 pagines
2015 1372 2141 1411 suas
2209 1368 2373 1427 atque
2400 1368 2528 1429 potu
2560 1362 2733 1414 reiicit
2758 1362 3001 1416 animum
3022 1364 3341 1432 jamdudum

1769 1445 2046 1514 impietate
2074 1456 2417 1513 aestuantem,
2458 1464 2570 1517 prie
2602 1448 2877 1518 salsugine
2910 1460 3020 1504 tum
3056 1468 3343 1520 pravarum

1767 1539 2153 1609 cogitationum
2183 1556 2211 1594 a
2235 1541 2577 1596 daemonibus
2602 1541 2962 1610 invectarum,
2989 1553 3102 1599 tum
3130 1547 3344 1603 hostilis

1769 1631 1909 1703 (qum
1940 1647 2089 1685 mors
2117 1630 2220 1701 est)
2252 1632 2558 1701 prudentiae
2586 1633 2789 1687 carnis.

1840 1725 1927 1779 5|.
1973 1724 2356 1794 Temperantia
2401 1727 2692 1795 persimilis
2731 1735 2814 1782 est
2850 1730 3006 1785 scalae
3037 1730 3223 1796 Jacob,
3255 1735 3344 1789 cui

20 1846 37 1857 ν
58 1785 213 1850 Θεὸς
259 1790 541 1860 ἐπιμένει,
581 1796 674 1846 καὶ
702 1795 751 1846 οἱ
779 1794 1001 1863 ἄγγελοι
1029 1798 1430 1853 ἀναδαίνουσιψ
1456 1785 1662 1873 ἀναίρεῖ

1830 1831 1913 1869 :us
1944 1815 2164 1875 insidet,
2197 1824 2252 1868 et
2279 1831 2382 1883 qua
2427 1816 2733 1870 ascendunt
2772 1818 2968 1887 angeli.
3010 1820 3172 1875 Tollit
3196 1823 3342 1876 enisn

24 1874 35 1945 ξ
61 1874 189 1943 γὰρ
226 1876 295 1941 ἐξ
320 1879 479 1948 ἡμῶν
507 1883 613 1933 πᾶν
641 1883 829 1935 κακόν⁸
857 1883 995 1957 αῦτη
1024 1887 1132 1957 γὰρ
1164 1889 1416 1944 ἐκκόπτει
1441 1892 1666 1946 πολυλοο

20 1959 232 2041 έγίαν,
282 1968 579 2042 λοιδορίαν,
636 1975 989 2038 καταλαλιάν,
1042 1978 1136 2031 καί
1186 1979 1404 2034 πάντων
1441 1982 1551 2036 τῶν
1583 1985 1670 2037 ai-

20 2042 35 2131 ξ
66 2057 306 2126 σθητῶν
359 2063 547 2116 κακῶν
579 2064 669 2116 τὸν
713 2067 1036 2135 κατάλογον,
1074 2071 1173 2123 οὑκ
1206 2072 1548 2145 ἀνασχομένη
1582 2076 1668 2131 διὰ

58 2148 255 2202 ταῦτα
296 2152 418 2206 οὐδὲ
449 2153 586 2223 πρὸς
615 2155 794 2223 ὀλίγον
829 2158 1139 2229 στερεῖσθαι
1164 2161 1261 2231 τῆς
1297 2163 1433 2226 ἰδίας
1465 2165 1668 2232 γλυκύ-

20 2240 23 2245 ’
58 2255 259 2311 τητος.

137 2331 245 2398 νβ’.
299 2332 517 2404 Ταύτην
566 2337 866 2406 προθύμως
897 2338 1116 2407 ἀδελφοὶ
1166 2340 1463 2412 μετίωμεν,
1490 2344 1585 2397 καὶ
1613 2347 1668 2398 ἐν

20 2426 29 2509 ‘r
62 2420 196 2483 ταῖς
251 2422 524 2493 θεωρίαις
579 2427 771 2496 αὐτῆς,
811 2427 1030 2499 καθαρᾷ
1074 2429 1284 2502 διανοίᾳ
1318 2432 1416 2486 σὺν
1448 2434 1668 2506 Χριστῷ

83 2509 281 2581 Ἰησοῦ
317 2516 628 2587 πετόμενοι,
670 2519 910 2588 κινῶμεν
947 2519 1045 2591 τὴν
1077 2520 1311 2592 θεωρίαν
1342 2524 1450 2576 τῶν
1489 2527 1670 2598 ἀμαρ-

20 2688 31 2719 5

75 2602 218 2657 τιῶν
247 2606 417 2675 ἡμῶν
450 2608 541 2659 καὶ
564 2608 658 2661 τοῦ
693 2608 809 2678 βίου
837 2610 929 2662 τοῦ
953 2611 1242 2683 προτέρου,
1269 2614 1353 2667 ἵνα
1378 2617 1434 2668 ὲν
1466 2619 1529 2687 τῇ
1560 2619 1668 2670 τῶν

76 2690 388 2763 ἁμαρτιῶν
415 2697 575 2766 ήμῶν
609 2699 795 2768 μνήμῃ
825 2700 1234 2771 συντριϐόμεναι
1266 2705 1359 2758 καὶ
1382 2707 1668 2760 ταπεινού-

83 2797 274 2874 μενοι,
308 2784 676 2841 ἀδιάσπαστον
705 2789 936 2859 ὲξὴμῶν
963 2791 1175 2863 ἒξωμεν
1198 2797 1297 2866 τὴν
1326 2799 1503 2870 Ἰησοῦ
1537 2804 1671 2874 Χρι-

19 2872 35 2903 ί
82 2873 222 2962 στοῦ
250 2875 351 2929 τοῦ
383 2876 589 2947 Κυρίου
618 2880 777 2950 ἡμῶν
807 2880 1061 2953 βοήθειαν
1082 2886 1164 2949 είς
1189 2888 1282 2942 τὸν
1305 2890 1537 2962 ἀόρατον
1570 2872 1667 2948 πό-

19 2962 35 2975 r

26 2980 35 2991 δ

19 3076 35 3112 ς,
88 3052 498 3126 ὑπερηφανίας,
542 3059 575 3129 ἢ

81 2958 283 3031 λεμον⁹
336 2967 691 3037 στερηθέντες
745 2969 855 3041 γὰρ
900 2973 998 3042 τῆς
1063 2975 1237 3044 Ἰησοῦ
1292 2958 1543 3048 βοηθείας
1598 2983 1666 3037 δι’

24 3188 33 3201 ,
92 3144 351 3217 ρηθημεν
409 3149 781 3223 καθαρότητος
827 3156 1079 3226 καρδίας⁸
1126 3159 1195 3211 δι’
1243 3155 1314 3232 ἦς
1343 3165 1665 3235 γνωρίζεται

20 3264 37 3296 πη
89 3236 372 3310 ἀνθρώπῳ
403 3241 554 3304 Θεός⁸
584 3244 758 3298 αἴτιον
792 3246 900 3317 γὰρ
930 3247 1005 3310 ὡς
1037 3249 1326 3321 ὑπόσχεσις
1355 3252 1451 3308 τοῦ
1494 3256 1669 3311 δευτέ-

20 3356 35 3389 ε
92 3342 214 3396 ρου,
251 3330 312 3381 τὸ
346 3332 629 3403 πρότερον.

20 3546 24 3575 i

167 3421 268 3489 νγ’.
320 3422 462 3486 Νοῦς
505 3424 579 3495 μὴ
618 3426 835 3495 ἀμελῶν
870 3428 969 3498 τῆς
998 3431 1190 3485 ἑαυτοῦ
1232 3437 1478 3507 κρυπτῆς
1504 3439 1668 3510 ἐργαο

95 3509 245 3574 σίας,
279 3512 375 3566 σὺν
416 3518 528 3578 τοῖς
560 3515 767 3580 λοιποῖς
811 3519 995 3583 καλοῖς
1023 3517 1107 3586 οἷς
1137 3525 1200 3578 ὲκ
1250 3528 1347 3598 τῆς
1387 3509 1668 3601 διηνεκοῦς

22 3634 62 3694 ;_
95 3603 365 3673 ἐργασίας
431 3608 528 3677 τῆς
584 3608 832 3681 φυλακῆς
888 3614 1144 3684 εὑρήσει,
1204 3618 1299 3670 καὶ
1357 3620 1456 3683 τὰς
1504 3623 1667 3678 πέντε

20 3710 33 3759 ε

97 3694 378 3767 αἰσθήσεις
412 3697 506 3751 τοῦ
538 3698 810 3770 σώματος,
836 3703 1009 3772 ἀργὰς
1032 3705 1143 3758 τῶν
1174 3706 1279 3771 ἔξω
1313 3710 1503 3766 κακῶν
1532 3715 1668 3770 ἁπο-

20 3818 33 3856 ς
95 3783 282 3875 δείξει.
317 3789 394 3860 Τῇ
420 3790 529 3862 γὰρ
550 3793 726 3865 οίκείᾳ
751 3796 920 3867 ἀρετῇ
955 3797 1043 3851 καὶ
1067 3800 1224 3869 νήφει
1255 3802 1321 3854 δι’
1342 3802 1464 3857 ὅλου
1499 3823 1667 3875 προτ-

98 3871 259 3943 έχων,
292 3878 386 3931 καὶ
416 3883 528 3944 τοῖς
573 3883 807 3952 νοήμασι
836 3888 948 3949 τοῖς
973 3887 1158 3952 καλοῖς
1187 3897 1538 3965 κατατρυφᾷν
1573 3896 1666 3950 θέ-

19 4006 24 4039 ε
97 3962 230 4031 λων,
262 3969 361 4023 οὐκ
399 3971 651 4042 ἀνέχεται
675 3974 1007 4030 κλέπτεσθαι
1029 3978 1119 4032 διὰ
1142 3981 1250 4034 τῶν
1276 3962 1438 4038 πέντε
1468 3962 1665 4059 αἰσθή-

20 4096 27 4129 Ι

20 4188 25 4199 .
99 4149 367 4218 χομένων,
395 4153 531 4206 ἀλλά
551 4157 715 4222 γνοὺς
740 4157 919 4212 αὐτῶν
948 4160 1011 4215 τὸ
1043 4162 1341 4235 ἀπατηλὸν,
1369 4164 1516 4220 ἔνδον
1541 4149 1668 4221 ἑαυ-
1712 4189 1714 4191 ν

102 4071 264 4121 σεων,
287 4060 490 4116 ὲνύλων
516 4064 612 4118 καὶ
655 4066 899 4135 ματαίων
937 4068 1215 4140 λογισμῶν
1261 4074 1409 4146 αὐτῷ
1443 4094 1670 4151 προσερ-

100 4236 194 4292 τοῦ
219 4241 284 4296 τὰ
313 4242 484 4299 πολλά
518 4247 792 4302 συστέλλει
824 4250 1013 4314 αὑτάς.

164 4331 255 4388 νδ⁹.
286 4334 579 4407 Παράμενε
604 4340 669 4409 τῇ
691 4338 919 4411 διανοίᾳ,
947 4342 1040 4395 καὶ
1059 4345 1119 4396 οὐ
1153 4347 1435 4409 κοπιάσεις
1461 4349 1519 4401 ὲν
1547 4367 1666 4404 πει-

1769 1919 1797 1956 a
1831 1903 1984 1957 nobis
2018 1918 2183 1957 omne
2218 1903 2431 1958 vitium.
2475 1903 2611 1958 Nam
2650 1915 2896 1975 amputat
2940 1909 3058 1978 ipsa
3099 1910 3342 1981 loquaci-

1772 2003 1957 2060 tatem,
1998 1996 2328 2057 convicium.
2369 1996 2789 2061 detractionem,
2827 2000 3069 2053 omnium
3109 2002 3345 2073 denique

1770 2088 2027 2142 vitiorum
2089 2087 2368 2140 sensilium
2433 2088 2770 2158 catalogum:
2830 2104 2950 2158 quae
3009 2091 3212 2147 idcirco
3273 2108 3345 2147 ne

1773 2177 2041 2244 tantisper
2081 2175 2299 2244 quidem
2333 2174 2477 2230 ferre
2509 2185 2706 2243 potest,
2742 2184 2800 2230 ut
2829 2178 3094 2232 suavitate
3125 2179 3345 2249 propria

1770 2275 1969 2321 careat.
2719 2258 2723 2262 ’

1841 2358 1927 2411 52.
1970 2357 2231 2426 Hujusce,
2283 2357 2502 2425 fratres,
2534 2359 2697 2413 alacri
2739 2360 2922 2414 animo
2970 2361 3343 2416 desideremus

1768 2464 1889 2502 esse
1933 2450 2225 2518 participes
2261 2467 2273 2502 :
2316 2465 2379 2503 ac
2429 2450 2480 2503 in
2534 2451 2996 2520 speculationibus
3040 2453 3160 2522 ejus
3206 2468 3343 2522 puro

1769 2541 1932 2595 corde
1965 2556 2088 2594 cum
2111 2540 2329 2594 Christo
2354 2539 2483 2595 .lcsu
2521 2542 2789 2607 volantes,
2814 2543 3174 2598 discutiamus
3211 2557 3343 2613 pec—

1769 2642 2015 2687 catorum
2064 2640 2377 2689 nostrorum
2409 2646 2464 2689 et
2490 2634 2737 2705 pristina:
2774 2636 2899 2692 vita:
2931 2638 3196 2692 rationem
3239 2657 3252 2693 :
3284 2650 3345 2694 ut

1769 2735 2119 2795 peccatorum
2160 2735 2467 2780 nostrorum
2498 2728 2876 2783 recordatione
2907 2729 3124 2783 contriti
3156 2740 3211 2785 et
3236 2732 3341 2786 hu-

1768 2817 1982 2883 miliati,
2011 2817 2283 2872 indivulso
2308 2832 2336 2870 a
2363 2819 2522 2872 nobis
2548 2818 2763 2872 Domini
2787 2820 2959 2873 nostri
2987 2820 3115 2874 Jesu
3140 2822 3343 2878 Christi

1767 2909 2039 2979 patiamur
2059 2908 2280 2973 auxilio,
2309 2909 2377 2963 ad
2409 2909 2610 2963 bellum
2642 2909 2912 2964 invisibile
2942 2912 3337 2980 peragendum.

1768 2997 1883 3068 Ope
1913 2997 2181 3067 siquidem
2210 2996 2342 3051 Jesu
2382 2997 2646 3062 destituti,
2681 3013 2781 3067 per
2819 2998 3206 3069 arrogantiam,
3237 2998 3343 3053 hu-

626 3060 1058 3133 φιλανθρωπίας,
1085 3066 1119 3137 ἢ
1153 3068 1480 3137 κενοδοξίας,
1512 3075 1662 3128 ὑστε-

1830 3105 1992 3143 anum
2018 3104 2283 3154 amorem,
2309 3095 2406 3142 aut
2431 3104 2625 3143 vanam
2654 3089 2901 3160 gloriam,
2930 3090 3126 3159 privati
3157 3107 3346 3145 sumus

1774 3184 1954 3239 cordis
1985 3185 2244 3255 puritate,
2275 3200 2382 3253 qua
2422 3183 2718 3239 innotescit
2750 3185 2959 3241 homini
2992 3185 3155 3241 Deus.
3189 3185 3348 3243 Prius

1774 3273 1942 3337 enim,
1976 3281 2035 3327 ut
2064 3272 2181 3343 ipse
2207 3273 2512 3344 pollicetur,
2540 3282 2625 3328 est
2654 3290 2819 3329 causa
2847 3276 3098 3334 secundi.

1845 3449 1931 3502 53.
1973 3447 2203 3502 Animus
2243 3449 2337 3516 qui
2374 3448 2429 3501 in
2467 3449 2649 3518 seipso
2689 3449 2990 3504 excolendo
3032 3451 3344 3507 interiorem

1775 3539 2148 3609 operationem
2197 3553 2308 3591 non
2360 3539 2614 3609 negligit,
2667 3549 2862 3609 prater
2911 3542 3117 3613 reliqua
3167 3544 3344 3610 bona,

1773 3647 1894 3701 quae
1914 3646 1978 3685 ex
2003 3629 2261 3684 continua
2283 3628 2514 3683 actionis
2541 3628 2928 3701 observatione
2957 3642 3345 3703 consequetur,

1774 3722 1939 3776 etiam
1985 3721 2227 3791 quinque
2269 3734 2465 3775 sensus
2506 3721 2751 3791 corporis
2786 3724 3029 3778 externis
3067 3724 3215 3778 vitiis
3251 3741 3346 3779 va-

1773 3827 1906 3866 cuos
1966 3812 2236 3866 ostendet.
2289 3809 2392 3875 Qui
2449 3808 2594 3863 enim
2653 3812 2931 3880 propriam
2978 3813 3233 3866 virtutem
3283 3830 3345 3869 ac

1775 3902 2191 3972 temperantiam
2240 3902 2400 3970 plane
2436 3908 2612 3967 curat,
2641 3909 2697 3956 et
2731 3903 3006 3972 priet-laris
3043 3904 3347 3958 delectatur

1772 3994 2033 4060 consiliis,
2074 4010 2184 4048 non
2235 3994 2364 4048 sinit
2408 3994 2666 4060 occupari
2717 4010 2776 4049 se
2812 3996 3058 4065 quinque
3095 3998 3345 4052 sensibus

1772 4100 1997 4141 accessu
2034 4099 2338 4139 crassarunt
2373 4100 2743 4154 variarumque
2777 4083 3164 4156 cogitationum
3198 4103 3210 4139 :
3250 4088 3344 4141 sed

1773 4177 1966 4231 harum
2012 4176 2236 4231 insidias
2274 4191 2396 4231 cum
2434 4176 2601 4241 norit,
2638 4176 2779 4231 intra
2820 4178 3063 4246 seipsum
3101 4192 3345 4232 summo-

1773 4282 1903 4340 pere
1929 4266 2146 4321 cohibet
2171 4282 2285 4321 eas.

1812 4362 1817 4369 ’
1845 4358 1933 4412 54.
1965 4356 2023 4411 In
2053 4357 2242 4412 eadem
2278 4372 2539 4427 permane
2573 4357 2866 4421 sententia,
2898 4366 2954 4412 et
2990 4356 3046 4411 in
3085 4357 3344 4412 tentatio-

103 4422 347 4491 ρασμοῖς·
383 4423 594 4479 ἐκεῖθεν
630 4426 688 4479 δὲ
745 4427 1074 4497 ἀναχωρῶν,
1106 4429 1344 4501 ὑπόμενε
1382 4433 1452 4486 τὰ
1498 4435 1661 4507 ὲπερ·

103 4509 324 4560 πινόμενα.

1834 4450 1932 4503 bus
1973 4463 2082 4502 non
2117 4448 2427 4513 laborabis;
2463 4463 2492 4501 a
2523 4462 2627 4517 qua
2659 4447 2704 4502 si
2738 4447 2981 4510 recedas,
3019 4446 3188 4501 tolera
3224 4461 3346 4516 qua:

101 4524 324 4578 χομενα.

171 4608 262 4657 νε’.
296 4602 510 4674 ’Ὠσπερ
555 4607 682 4670 τοὺς
726 4608 1071 4674 κακοσίτους,
1101 4610 1345 4680 ἁψίνθιον
1372 4614 1577 4684 ὠφελεῖ
1605 4617 1666 4671 τὸ

104 4690 315 4761 πικρὸν,
335 4689 488 4769 ,οὕτω
517 4695 631 4756 τοῖς
663 4698 1029 4769 κακοτρόποις
1072 4702 1218 4755 κακά
1263 4702 1494 4775 πάσχειν
1525 4723 1665 4776 συμ-

103 4779 273 4851 φέρει.

166 4870 270 4937 νς’.
305 4872 367 4924 Εἰ
424 4873 499 4945 μὴ
554 4874 729 4941 θέλεις
779 4881 1136 4948 κακοπαθεῖν,
1184 4883 1319 4952 μηδὲ
1352 4889 1663 4938 κακοποιεῖν

105 4958 238 5028 θέλε,
270 4964 404 5019 διότι
448 4967 606 5020 τοῦτο
649 4968 887 5039 κάκείνῳ
936 4971 1310 5041 ἀπαραὸἁτως
1356 4974 1659 5030 ἀκολουθεῖ·

105 5049 132 5103 ὃ
168 5053 260 5124 γὰρ
306 5056 520 5126 σπείρει
577 5059 833 5124 ἕκαστος,
865 5078 1023 5117 τουτο
1056 5067 1150 5117 καὶ¹
1201 5065 1428 5137 θερίσει.
1478 5067 1660 5122 Ἑκου-

109 5144 231 5207 σίως
260 5142 350 5199 οὖν
396 5148 466 5200 τά
496 5150 674 5217 φαῦλα
706 5152 1041 5223 σπείροντες,
1076 5158 1171 5208 καὶ
1212 5156 1482 5220 ἀκουσίως
1513 5157 1660 5229 θερί-

110 5232 300 5301 ζοντες,
336 5236 436 5307 τὴν
462 5237 814 5321 δικαιοσύνην
868 5242 961 5296 τοῦ
1011 5243 1146 5298 Θεοῦ
1178 5244 1482 5316 θαυμάζειν
1514 5247 1664 5315 ὀφεί-

111 5322 280 5393 λομεν.

175 5415 263 5480 νζν.
307 5418 691 5489 Ἐκτυφλοῦται
738 5427 766 5479 ό
812 5424 938 5490 νοῦς
986 5427 1076 5481 διὰ
1121 5428 1227 5482 τῶν
1256 5426 1423 5500 τριῶν
1459 5429 1663 5483 τούτων

113 5506 305 5567 παθῶν,
338 5509 701 5583 φιλαργυρίας
731 5515 895 5584 λέγω,
931 5519 1240 5585 κενοδοξίας
1260 5559 1275 5585 ,
1315 5521 1409 5573 καὶ
1443 5520 1655 5589 ἡδονῆς·

177 5604 266 5666 νη’.
299 5600 507 5664 Γνῶσις
536 5604 628 5655 καὶ
659 5604 839 5670 πίστις
871 5610 927 5660 αἱ
964 5609 1064 5676 τῆς
1098 5610 1310 5678 φύσεως
1342 5610 1498 5680 ἡμῶν
1531 5610 1656 5663 σύν-

115 5702 306 5755 τροφοι,
350 5689 419 5743 δι’
462 5691 611 5746 οὐδὲν
657 5693 783 5749 ἄλλο
833 5698 962 5767 ἡδί
997 5702 1205 5764 ὲκείνας
1243 5701 1651 5772 ἠμϐλύνθησαν.

1769 4538 2132 4593 ocrurrerint.

1967 4629 2435 4694 Quemadmodum
2497 4645 2739 4684 amarum
2802 4629 3137 4683 absinthium
3194 4628 3347 4697 juvat

1768 4732 1863 4771 eos
1891 4717 1983 4785 qui
2014 4716 2166 4769 cibos
2197 4716 2483 4770 fastidiunt
2511 4756 2525 4780 ,
2558 4717 2630 4769 ita
2659 4716 2801 4770 male
2846 4716 3075 4767 moratis
3110 4716 3313 4768 homini
3333 4746 3346 4755 -

1765 4807 1866 4861 bus
1893 4806 2022 4859 utile
2046 4815 2151 4864 est,
2180 4815 2240 4858 ut
2266 4806 2547 4874 patiantur
2571 4805 2819 4858 adversa.

1841 4898 1928 4952 56.
1969 4896 2081 4951 Nisi
2124 4895 2382 4952 statueris
2424 4896 2651 4949 adversa
2703 4894 2936 4967 perpeti,
2971 4910 3041 4950 ne
3088 4895 3349 4951 decernas

1770 4989 1911 5043 bene
1977 5002 2136 5057 agere
2189 5002 2312 5040 cum
2364 4986 2470 5040 hoc
2521 5001 2583 5040 ex
2631 4986 2721 5040 illo
2764 4996 3030 5056 perpetuo
3065 4996 3345 5058 sequatur.

1771 5079 1924 5144 Quod
1976 5079 2121 5130 enim
2179 5078 2411 5147 quisque
2460 5077 2726 5142 seminat,
2784 5079 2887 5133 hoc
2941 5079 3103 5133 etiam
3156 5088 3342 5133 metet.

1768 5164 2037 5229 Proinde,
2086 5166 2129 5219 si
2179 5181 2300 5234 qua:
2349 5173 2544 5236 'sponte
2596 5167 2932 5224 seminamus
2971 5168 3146 5232 mala,
3188 5169 3345 5224 inviti

1766 5257 2045 5321 metimus,
2068 5256 2337 5326 justitiam
2372 5255 2613 5311 divinam
2636 5258 2892 5313 admirari
2921 5258 3201 5314 debemus.

1838 5426 1924 5482 57.
1968 5426 2030 5480 lli
2062 5435 2169 5481 tres
2198 5425 2428 5482 affectus
2464 5437 2739 5483 exerceant
2779 5429 3059 5484 animum":
3093 5429 3337 5496 avaritia,

1766 5520 2007 5587 inquam,
2045 5536 2182 5573 vana
2214 5521 2401 5589 gloria,
2435 5529 2487 5575 et
2521 5521 2788 5590 voluptas.

1834 5609 1919 5661 58.
1961 5609 2118 5662 Nulla
2166 5609 2270 5663 alia
2317 5626 2393 5674 re,
2436 5626 2597 5681 quam
2647 5610 2752 5671 his,
2786 5611 3022 5682 cognitio
3072 5621 3126 5665 et
3180 5611 3333 5671 ﬁdes.

1765 5712 1885 5764 qua:
1959 5699 2301 5755 rollectancte
2370 5710 2497 5755 sunt
2564 5710 2771 5756 natura:
2847 5711 3083 5769 nostrae,
3154 5701 3334 5771 profli-

1771 5800 1983 5854 saritur.
