3764 6320
3 309 71 374 )1
1170 317 1634 379 FRAGMENTA
1669 319 1752 381 IN
1792 320 2152 381 PSALMOS.

3 443 22 474 ι
73 425 462 497 Εὐλογητὸς
498 426 700 499 Κύριος
723 429 752 484 ὁ
775 426 909 492 θεὸς
947 426 1184 501 Ἰσραήλ.
1224 449 1242 481 ι

1812 433 1938 488 'Ens.
1981 431 2072 487 48.
2112 451 2129 483 ι
2169 430 2498 487 Benedictus
2540 430 2805 485 Dominus
2847 427 2992 484 Deus
3035 428 3222 484 Israel.
3264 448 3284 482 ι

4 514 232 586 Μέχρι
266 516 402 571 τῶν
433 517 673 573 ἐνταῦθα
697 517 798 589 τὴν
823 517 1095 590 τετάρτην
1128 518 1309 589 βίϐλον
1330 518 1438 572 τῶν
1460 518 1604 572 Ψαλ-

1812 523 1898 577 luc
1938 538 2110 592 usque
2140 535 2395 593 quartum
2427 523 2766 578 Psalmorum
2796 521 2998 577 librum
3025 521 3291 577 deﬁniunt

3 604 65 657 ὃν
124 604 463 677 Ἐϐραίων
489 607 680 673 παῖδες
712 609 1022 678 ὁρίζονται·
1060 611 1138 676 εἰς
1178 609 1339 664 πέντε
1378 611 1482 680 γάρ
1508 610 1606 681 τὴν

1812 617 1924 672 ποιξί
1960 635 1972 670 :
2007 616 2062 671 in
2089 617 2333 687 quinque
2377 616 2524 670 enim
2569 615 2739 671 libros
2778 615 3089 671 universam
3132 615 3291 670 Davi-

3 697 36 750 ὗ
80 700 286 754 Δαεῖιδ
325 703 692 774 προφητείαν
718 703 986 768 διελόντες
1023 703 1187 774 (καθά
1221 704 1607 774 καὶπρότερον

1842 708 2189 777 prophetiam
2239 707 2545 762 dividentes
2594 705 2696 777 (uti
2751 706 2906 778 prius
2951 706 3290 776 dicebamus)

14 790 245 862 αμεν),
311 793 568 847 ἕκαστον
599 793 837 864 ψαλμὸν,
883 787 927 862 ᾧ
955 795 1115 848 τοῦτο
1162 795 1312 858 τέλος
1346 795 1611 866 πρόσκει-

1812 800 2011 854 :mlibet
2053 799 2361 869 psalmum,
2413 800 2501 854 cui
2551 798 2676 855 ﬁnis
2723 809 2828 866 est,
2879 801 3070 870 Amen,
3116 817 3292 863 amen,

3 899 40 932 ,ι
97 882 363 951 Ἀμὴν,
429 884 612 953 ἀμὴν,
644 886 1038 957 συμπλήρωσιν
1074 883 1212 941 εἶναι
1253 888 1380 958 μιᾶς
1411 885 1600 956 βίϐλου

1816 907 1878 946 us
1901 891 2028 946 libri
2057 891 2521 961 complementum
2550 905 2672 947 esse
2704 891 3061 947 arbitrantur.

11 972 346 1040 μίζουσιν.

3153 315 3296 380 1302

580 1069 879 1123 manu:
921 1069 1062 1136 PQ".

39 1175 61 1206 ι
120 1155 523 1227 Ἀλληλούῖα.
564 1178 583 1213 ι

33 1247 523 1318 Παραπλησίως
542 1253 655 1314 τοῖς
684 1253 969 1322 προτέροις
1015 1252 1107 1304 καὶ
1135 1246 1292 1314 οὗτος
1319 1253 1619 1325 ἐπιγέγρα-

2248 1065 2564 1122 PSALMUS
2604 1067 2738 1122 CVI.

1796 1175 1814 1209 ι
1855 1157 2104 1212 Alleluia.
2148 1175 2167 1208 ι

1794 1249 2000 1304 Eodem
2040 1249 2201 1303 modo
2227 1264 2336 1319 quo
2370 1249 2744 1318 praecedentes
2777 1250 2867 1304 hic
2905 1251 3070 1304 etiam
3102 1250 3298 1304 inscri-

5 1352 158 1390 ταιο
232 1339 352 1408 τῆς
411 1340 520 1410 γὰρ
553 1341 726 1410 αὐτῆς
777 1341 1087 1404 ὑποθέσεως
1130 1343 1332 1412 ἔχεται,
1388 1343 1611 1414 ἱστορῶν

1812 1354 1846 1393 18
1874 1349 1958 1394 est
1992 1357 2005 1392 :
2035 1338 2281 1408 ejusdem
2315 1340 2463 1394 enim
2503 1348 2587 1394 est
2615 1339 2946 1410 argumenti,
2982 1356 3106 1394 eum
3143 1355 3303 1394 enar-

3 1447 22 1481 J
83 1429 283 1500 μέρει
323 1431 407 1484 τὰ
445 1433 713 1502 γενόμενα
741 1436 856 1497 τοῖς
886 1433 1166 1496 Ἰουδαίοις
1187 1434 1467 1505 θαύματα.

51 1538 71 1568 ι
115 1519 473 1584 Πεινῶντες
504 1523 598 1575 καὶ
626 1521 910 1592 διψῶντες.
947 1543 966 1574 ›

48 1609 258 1665 ⁸οταν
301 1612 431 1684 γὰρ
460 1612 608 1684 ψυχὴ
647 1612 861 1686 λιμώξῃ
893 1614 988 1666 καὶ
1020 1614 1224 1688 διψήσῃ
1267 1614 1435 1687 ἀκοὴν
1462 1615 1620 1684 λόγου

10 1703 78 1755 οὗ
112 1702 302 1770 Θεοῦ,
326 1704 693 1769 διδασκαλίας
716 1707 816 1760 οὐκ
848 1705 1068 1776 ἔχουσα,
1105 1708 1422 1776 ἀναγκαίως
1450 1707 1625 1762 ὲκλεί-

1722 1442 1804 1486 ret
1830 1431 2092 1486 miracula
2125 1446 2246 1502 quae
2272 1431 2325 1485 in
2355 1439 2511 1502 parte
2535 1431 2738 1488 Iudaeis
2765 1433 3105 1488 acciderunt.

1787 1523 1950 1580 Vens.
1995 1525 2048 1580 5.
2085 1543 2102 1576 ι
2139 1524 2458 1579 Esurientes
2483 1534 2538 1580 et
2561 1525 2830 1582 sitientes.
2867 1546 2886 1579 ›

1796 1614 2026 1682 Quando
2064 1616 2213 1671 enim
2255 1615 2433 1670 anima
2479 1631 2738 1688 perpessa
2786 1619 2952 1674 fuerit
2990 1619 3189 1674 famem
3231 1618 3302 1673 si-

1727 1709 1931 1778 timque
1969 1707 2227 1762 audiendi
2274 1709 2500 1763 verbum
2540 1709 2658 1775 Dei,
2690 1725 2816 1766 cum
2852 1711 3155 1766 doctrinam
3189 1724 3302 1764 non

3 1813 79 1849 εει
105 1795 214 1850 καὶ
242 1795 592 1852 ἐλαττοῦται
617 1814 631 1828 ⁶
656 1799 847 1871 ἐπειδὴ
878 1801 1053 1873 τροφὴ
1095 1801 1275 1874 ψυχῆς
1314 1805 1342 1856 ὁ
1375 1801 1476 1872 τῆς
1504 1801 1611 1856 Oso-

1812 1800 1947 1865 beat,
1985 1799 2296 1853 necessario
2335 1799 2517 1854 deﬁcit
2561 1811 2616 1856 et
2653 1810 3014 1867 extenuatur;
3057 1799 3302 1870 quando-

3 1887 259 1954 τνωσίας
293 1889 500 1958 ἄρτος.

78 2085 98 2118 ι
151 2058 816 2138 Ἐξομολογησάσθωσαν
851 2072 926 2143 τῷ
951 2073 1160 2144 Κυρίῳ.
1199 2092 1219 2125 ι

87 2160 268 2230 Ἐλέη
312 2161 422 2214 καὶ
447 2159 729 2232 θαυμάσια
773 2163 868 2217 τοῦ
891 2165 1026 2218 Θεοῦ
1056 2165 1124 2218 τὰ
1157 2166 1324 2219 αὐτοῦ
1356 2167 1630 2238 προσηγό-

4 2253 429 2320 ρευσεν.⁶Ὀσα
474 2252 584 2324 γὰρ
613 2255 1162 2328 ὲθαυματούργησεν,
1209 2259 1309 2311 οὐκ
1351 2257 1628 2323 ἐνδείξεώς

1724 1891 1946 1962 quidem
2012 1885 2186 1946 cibus'
2237 1891 2434 1948 anima:
2493 1893 2566 1947 sit
2629 1893 2786 1963 panis
2849 1893 3048 1950 divina:
3115 1892 3304 1964 cogni-

1727 1982 1914 2037 tionis.

1799 2072 1958 2126 Vnns.
1995 2071 2048 2126 8.
2095 2090 2113 2123 ι
2153 2071 2534 2127 Conﬁteantur
2569 2072 2815 2126 Domino.
2855 2091 2873 2123 ι

1803 2163 2200 2220 Misericordias
2241 2172 2298 2220 et
2326 2165 2594 2220 mirabilia
2640 2164 3020 2236 appellavitea
3049 2179 3171 2233 quae
3210 2160 3303 2216 Dei

1731 2266 1875 2314 sunt.
1921 2257 2274 2326 Quaecunque
2316 2255 2462 2310 enim
2500 2255 2761 2309 miracula
2804 2254 3059 2324 patravit,
3093 2268 3204 2308 non
3236 2251 3306 2306 ad

3 2361 160 2407 τινος
190 2344 227 2414 ἦ
265 2345 592 2415 φιλοτιμίας
622 2349 944 2418 παρήγαγεν
989 2349 1171 2413 ἕνεκα,
1205 2349 1387 2414 ὲλέους
1423 2351 1478 2404 δὲ
1496 2350 1631 2404 πάν-

4 2453 124 2498 τως
150 2437 260 2490 καὶ
287 2436 713 2507 φιλανθρωπίας
750 2438 913 2510 χάριν
941 2440 1038 2510 τὴν
1061 2440 1197 2510 πρὸς
1217 2441 1458 2506 ἐκείνους
1493 2442 1632 2512 ὑπὲρ

8 2524 90 2580 ὧν
128 2527 414 2598 ἐπράχθη
453 2529 548 2580 καὶ
577 2529 646 2582 τὰ
672 2529 946 2600 θαύματα.

1812 2553 1829 2592 5
1857 2553 1956 2607 pro
1985 2535 2183 2605 quibus
2215 2535 2332 2589 hzec
2357 2533 2619 2587 miracula
2650 2541 2861 2602 patrata
2891 2540 3038 2586 sunt.

94 2639 115 2671 ι
151 2621 292 2672 ”Οτι
323 2619 589 2690 ὲχόρτασε
619 2621 797 2692 ψυχὴν
824 2623 1008 2694 κενήν.
1041 2643 1058 2674 ι

1812 2624 1968 2678 Vnns.
2002 2627 2054 2679 9.
2093 2641 2111 2674 ι
2146 2621 2283 2688 Quia
2313 2620 2530 2676 satiavit
2561 2620 2797 2674 animam
2834 2619 3075 2673 inanem.
3109 2637 3128 2668 ι

93 2709 215 2760 Καὶ
253 2708 374 2778 μὴν
417 2708 516 2778 τὴν
544 2711 714 2782 αὐτὴν
747 2711 844 2764 καὶ
882 2713 1156 2768 πεινῶσαν
1201 2715 1391 2776 εἰπὼν,
1435 2712 1611 2777 ἔδειξεε

1812 2711 2018 2766 Etenim
2053 2725 2178 2768 eum
2199 2709 2448 2765 eamdem
2481 2724 2698 2779 quoque
2729 2708 3061 2763 esurientem
3089 2706 3306 2772 dixerit,

18 2801 99 2862 ὡς
145 2799 488 2870 ἁμαρτωλοί
528 2819 672 2865 τινες
704 2799 848 2873 ἦσαν
911 2806 960 2857 oi
999 2804 1378 2876 λιμώττοντες.
1411 2805 1484 2858 Τὸ
1523 2804 1611 2874 γὰι

1812 2804 1976 2860 Lcndit
2022 2804 2299 2874 quomodo
2337 2811 2653 2874 peccatores
2691 2801 2859 2872 aliqui
2907 2801 3018 2856 sint
3055 2799 3308 2854 famelici.

25 2891 192 2943 κενὸν
228 2891 363 2944 ἀντὶ
392 2891 486 2944 τοῦ
523 2894 754 2961 ματαίου
788 2895 1183 2966 παρείληπται.

1812 2909 1959 2948 mem
1989 2894 2134 2948 enim
2165 2907 2265 2963 pro
2293 2908 2432 2948 vano
2459 2891 2687 2962 accepit.

111 3003 131 3035 ι
180 2983 552 3037 ’Λντελάϐετο
585 2985 766 3039 αὐτῶν
789 2985 848 3050 ἐξ
873 2987 993 3040 ὀδοῦ
1035 2988 1284 3059 ἀνομίας.
1327 3008 1346 3040 ι

1812 2987 1970 3041 Vens.
2011 2987 2098 3041 Π.
2139 3005 2156 3037 ι
2190 2985 2443 3055 Suscepit
2471 3001 2565 3040 eos
2596 2985 2662 3040 de
2692 2984 2779 3038 via
2812 2982 3132 3054 iniquitatis.
3169 3002 3187 3034 ι

120 3077 286 3130 ὐδὸν
309 3076 540 3147 ἀνομίας
571 3078 886 3148 ἀναγκαίως
921 3081 1319 3152 προσαγορεύει
1347 3082 1440 3136 τὸν
1465 3083 1611 3140 θάνα·

1812 3078 1968 3133 Viam
2024 3077 2328 3149 iniquitatis
2394 3075 2704 3132 necessario
2761 3076 2994 3146 appellat
3058 3080 3310 3129 mortem.

33 3187 150 3223 τον.
220 3138 540 3240 Δίτία-γάρ
588 3138 977 3242 τῷθανάτιρη
1022 3138 1278 3243 παραλιοὴ
1331 3174 1424 3228 τοῦ
1472 3138 1611 3246 νόμοι

1812 3189 1916 3227 lusa
1951 3171 2096 3226 enim
2121 3138 2326 3227 .mortis
2368 3169 2472 3224 l‘uit
2509 3166 2885 3239 praevaricatio
2917 3167 3050 3238 legis
3083 3167 3224 3221 data:
3259 3165 3312 3219 in

38 3263 134 3317 τοῦ
179 3261 433 3325 δοθέντος
473 3263 532 3314 ὲν
568 3262 882 3333 παραδείσῳ
923 3264 1236 3334 γεγένηται.
1290 3264 1431 3318 Ἀλλ’
1490 3267 1609 3337 ὅμω

1815 3263 2012 3318 radiso.
2037 3263 2421 3317 Verumtamen
2444 3261 2698 3316 Christus
2719 3274 2820 3315 nos
2842 3259 2910 3314 de
2935 3267 3110 3313 morte
3133 3273 3317 3312 susce-

42 3353 289 3426 Χριστὸς
313 3354 464 3424 ἡμᾶς
496 3354 560 3406 ὲκ
589 3351 686 3405 τοῦ
711 3352 941 3408 θανάτου
975 3354 1322 3420 ἀντελάϐετο,
1348 3355 1514 3424 μέσον
1532 3358 1610 3409 τῶ

1812 3366 1842 3420 L,
1879 3356 2052 3411 factus
2080 3355 2187 3410 vita
2222 3356 2276 3408 in
2310 3354 2490 3409 medio
2528 3362 2892 3418 mortuorum,
2924 3359 2982 3406 ut
3008 3351 3201 3405 mortis
3237 3357 3317 3422 ty-

45 3445 267 3518 νεκρῶν
309 3447 344 3515 ἡ
380 3444 518 3514 ζωὴ,
543 3443 634 3498 ἵνα
658 3444 795 3515 λύσῃ
826 3443 920 3497 τοῦ
959 3444 1190 3500 θανάτου
1220 3446 1319 3516 τὴν
1348 3449 1611 3519 τυραννίδι

1812 3448 2029 3502 nnidem
2063 3447 2402 3501 dissolveret.

47 3539 369 3608 γενομένος.
1123 3533 1132 3548 ’

131 3649 150 3681 ς
184 3629 308 3682 Πᾶν
334 3625 532 3697 βρῶμα
554 3623 876 3689 ὲὸδελύξατο
900 3626 934 3695 ὴ
967 3624 1138 3696 ψυχή.
1169 3644 1188 3677 ι

1731 2349 2152 2406 ostentationem
2178 2356 2273 2402 aut
2294 2347 2478 2419 gloriae
2500 2346 2682 2402 studio
2710 2346 2940 2418 peregit,
2963 2345 3058 2401 sed
3084 2344 3308 2400 omnino

1733 2450 1953 2514 propter
2007 2439 2440 2496 misericordiam
2495 2448 2548 2493 et
2602 2439 2998 2509 benignitatem
3046 2453 3201 2492 suam
3252 2437 3307 2490 in

1815 3629 1979 3682 Vnns.
2049 3627 2133 3681 18.
2218 3645 2236 3675 ι
2297 3622 2528 3678 Omnem
2602 3635 2785 3676 escam
2853 3617 3163 3673 abominata
3234 3625 3322 3672 est

1746 3720 1946 3775 anima.
1983 3738 2002 3770 ι

126 3807 344 3878 Βρῶμα
379 3805 479 3875 τὴν
508 3805 715 3875 τροφὴν
752 3802 988 3858 ἐνταῦθα
1043 3803 1144 3874 τὴν
1179 3803 1405 3876 λογικὴν
1449 3807 1610 3876 νοήσο

1819 3810 2013 3867 Escam
2052 3810 2155 3863 hoc
2191 3807 2313 3861 loco
2351 3804 2704 3874 intelligimus
2741 3802 2920 3856 cibum
2969 3800 3318 3865 rationalem;

63 3915 182 3968 ptav'
217 3898 353 3968 περὶ
385 3892 451 3969 ἦς
481 3898 508 3947 ὁ
535 3897 739 3969 Κύριος
764 3900 877 3960 τοῖς
906 3897 1230 3961 ἀποστόλοις
1253 3897 1440 3963 ἔλεγεν
1461 3915 1474 3928 ο
1521 3899 1646 3966 Ἐρ-

62 3991 312 4060 γίὶζεσθε
335 3990 423 4060 μὴ
459 3990 576 4058 τὴν
594 3987 831 4060 ,βρῶσιν
856 3989 968 4058 τὴν
997 3987 1457 4058 ἀπολλυμένην,
1486 3989 1648 4042 ἀλλὰ

65 4084 179 4151 τὴν
195 4082 513 4152 μένουσαν
534 4085 620 4147 είς
653 4081 806 4150 ζὶοὴν
827 4082 1090 4136 αἰώνιον.
1123 4079 1340 4151 Ταύτης
1374 4083 1482 4134 πᾶν
1509 4076 1647 4144 εἶδος

67 4177 95 4226 ὁ
146 4175 438 4245 ἅνθρωπος
483 4172 820 4237 ὲὸδελύξατο.
874 4173 1012 4227 Οὖτε
1060 4173 1172 4245 γὰρ
1213 4176 1440 4242 φυσικὸν
1485 4173 1649 4243 νόμον

68 4265 192 4318 οὔτε
222 4265 472 4334 γραπτὸν
519 4245 814 4334 ἐφύλαξαν,
845 4267 938 4319 καὶ
959 4265 1050 4319 διὰ
1087 4263 1248 4317 τοῦτο
1273 4265 1512 4334 ήγγισαν
1543 4265 1648 4329 ἕως

69 4359 177 4412 τῶν
207 4358 396 4412 πυλῶν
420 4359 512 4412 τοῦ
535 4358 789 4414 θανάτου.
821 4359 995 4413 Πύλαι
1031 4359 1086 4412 δὲ
1113 4359 1344 4414 θανάτου
1376 4361 1444 4414 τὰ
1471 4362 1650 4434 ἀμαρ-

1746 3906 1815 3960 de
1859 3917 1966 3974 qua
2009 3899 2274 3955 Dominus
2326 3896 2586 3966 apostolis
2631 3894 2768 3948 dixit
2811 3913 2823 3948 :
2861 3892 3168 3962 Operamini
3220 3906 3323 3943 non

1749 3997 1921 4051 cibum
1965 3993 2054 4064 qui
2097 3991 2263 4060 perit,
2311 3989 2400 4042 sed
2439 3987 2528 4058 ιηιὶ
2575 3994 2845 4055 permanet
2888 3985 2941 4038 in
2971 3985 3135 4038 vitam
3164 3993 3324 4036 atter-

1751 4102 1876 4141 nam
1907 4087 1978 4138 7'.
2014 4084 2244 4137 Omnem
2287 4080 2452 4149 hujus
2492 4080 2728 4148 speciem
2766 4077 2930 4130 homo
2968 4073 3324 4130 abominaba-

1750 4187 1862 4233 tur.
1903 4177 2036 4231 Nam
2078 4189 2256 4244 neque
2293 4173 2466 4243 legem
2505 4169 2810 4224 naturalem
2851 4183 3027 4238 neque
3065 4165 3324 4234 scriptam

1751 4269 2198 4331 observaverant,
2228 4274 2285 4320 et
2313 4263 2518 4320 idcirco
2555 4261 3126 4332 appropinquaverant
3155 4272 3327 4328 usque

1753 4363 1820 4418 ad
1849 4371 2036 4433 portas
2064 4357 2276 4414 mortis.
2311 4357 2486 4412 Portze
2514 4363 2699 4411 autem
2730 4353 2922 4410 mortis
2947 4361 3077 4408 sunt
3104 4360 3324 4422 peccata

73 4453 137 4522 τή
147 4469 293 4522 ματα
314 4446 395 4517 οἷς
417 4452 533 4506 δέον
556 4454 750 4517 αὐτοὺς
775 4452 1167 4524 μακρύνεσθαι.
1190 4453 1356 4506 Ὅσον
1384 4455 1494 4526 γὰρ
1513 4455 1611 4509 ταύ

1823 4452 2022 4523 quibus
2063 4454 2384 4519 oportuerat
2428 4461 2523 4501 eos
2561 4444 2822 4516 elongari.
2857 4443 3133 4510 Quantum
3179 4441 3326 4496 enim

73 4558 192 4604 ταις
224 4542 478 4610 ἤγγισαν,
511 4542 765 4595 τοσοῦτον
811 4542 1002 4613 πόρῤω
1032 4541 1142 4594 τῶν
1174 4542 1354 4597 πυλῶν
1378 4544 1476 4614 τῆς
1503 4543 1648 4616 ζωῆς

77 4631 388 4696 ἀναγκαίως
435 4632 706 4698 ἐγένοντο.
743 4632 880 4686 Ἀλλ’
929 4634 958 4685 ὁ
1006 4632 1245 4703 Χριστὸς
1301 4634 1497 4698 αὐτοὺς
1555 4637 1650 4688 καὶ

83 4721 299 4792 μακρὰν
341 4720 502 4784 ὄντας
563 4722 732 4791 ἐγγὺς
772 4723 862 4777 διὰ
896 4722 991 4776 τοῦ
1037 4723 1267 4793 αἵματος
1304 4725 1401 4778 τοῦ
1442 4725 1646 4780 οἰκείου

84 4811 395 4882 πεποίηκεν.

160 4924 176 4956 ι
213 4903 320 4956 Καὶ
351 4901 659 4973 ὲκέκραξαν
684 4901 821 4974 πρὸς
855 4904 1080 4976 Κύριον.
1119 4925 1138 4957 ι

157 4993 412 5064 Κραυγὴν
447 4995 476 5046 ὁ
523 4992 657 5057 Θεὸς
707 4994 768 5048 ού
813 4994 910 5066 τὴν
953 4995 1043 5048 διὰ.
1097 4993 1281 5064 φωνῆς
1328 4997 1648 5066 γενομένην,

1757 4546 1844 4602 his
1901 4541 2502 4619 appropinquaverunt,
2541 4538 2880 4593 tantumdem
2929 4535 3244 4592 necessario
3298 4550 3327 4589 a

1756 4639 1930 4710 portis
1962 4639 2087 4693 vitae
2115 4635 2274 4705 longe
2308 4633 2435 4688 facti
2471 4641 2617 4688 sunt.
2658 4630 2860 4686 Verum
2894 4631 3144 4686 Christus
3183 4629 3332 4698 ipsos

1756 4734 1923 4788 etiam
1954 4732 2236 4800 elongatos
2275 4743 2374 4797 per
2422 4723 2746 4794 sanguinem
2795 4737 2952 4776 suum
2994 4721 3330 4791 propinquos

1760 4823 2013 4881 reddidit.

1833 4915 1998 4969 Vens.
2033 4913 2120 4968 19.
2161 4931 2179 4964 ι
2213 4909 2281 4965 Ει
2309 4909 2684 4965 clamaverunt
2709 4907 2776 4963 ad
2803 4907 3116 4963 Dominum.
3147 4925 3166 4956 ι

1834 5006 1978 5062 Deus
2022 5005 2255 5059 aestimat
2294 5002 2591 5057 clamorem
2624 5015 2736 5054 non
2773 4998 2864 5069 qui
2898 5013 2997 5069 per
3025 4996 3195 5059 vocis,
3237 4993 3332 5049 sed

93 5083 221 5135 ἀλλὰ
274 5084 369 5153 τὴν
417 5083 659 5137 διάθεσιν
706 5085 810 5155 τῆς
858 5085 1096 5149 διανοίας
1160 5083 1469 5154 λογίζεται*
1529 5087 1611 5139 ἐπι

1812 5113 1861 5152 er
1884 5094 2082 5150 mentis
2097 5094 2350 5149 affectum
2374 5091 2665 5156 emittitur;
2692 5089 3126 5160 quandoquidem
3155 5086 3332 5157 Moyse

99 5174 187 5225 καὶ
233 5173 506 5238 Μωῦσέως
553 5175 867 5241 σιωπῶντος
931 5177 1116 5247 ἔλεγε,
1180 5178 1241 5233 Τι
1287 5175 1446 5244 βοᾷς
1501 5181 1652 5248 πρός

121 5275 204 5325 ι8;

121 5281 166 5314 ιε
182 5281 204 5325 ;

95 5281 117 5331 Ι
172 5371 192 5406 ι
234 5353 540 5408 ’Δπέστειλε
567 5355 658 5409 τὸν
689 5357 864 5427 Λόγον
885 5359 1076 5413 αὐτού.
1121 5379 1140 5411 ι

167 5446 228 5499 Τί
262 5446 449 5500 τούτου
496 5447 830 5520 σαφέστερον
863 5452 999 5520 πρὸς
1031 5451 1256 5515 ἔνδειξιν
1286 5451 1384 5520 τῆς
1423 5449 1518 5505 τοῦ
1551 5451 1660 5504 Σω-

1760 5189 1925 5244 etiam
1951 5186 2144 5242 silente
2171 5184 2401 5240 dixerit:
2433 5182 2570 5248 Quid
2595 5183 2797 5236 clamas
2823 5181 2892 5236 ad
2919 5198 2999 5236 me
3019 5180 3106 5234 ⁷³2

1829 5362 1990 5416 Vens.
2026 5360 2116 5415 20.
2154 5359 2355 5420 LMisit
2387 5355 2625 5412 Verbum
2658 5371 2838 5411 suum.
2876 5374 2894 5406 ι

1830 5454 1969 5519 Quid
2009 5453 2115 5507 hoc
2149 5449 2493 5506 manifestius
2521 5448 2588 5503 ad
2623 5444 3102 5503 demonstrandam
3143 5440 3332 5497 Salva-

107 5539 257 5610 τῆρος
307 5538 672 5610 σαρκώσεως;
747 5542 1121 5598 ἀποσταλέντα
1171 5544 1280 5615 γὰρ
1337 5543 1510 5614 Λόγον
1566 5544 1611 5598 τί

1812 5545 1892 5601 Iris
1935 5541 2406 5601 incarnationem?
2454 5539 2678 5596 Missum
2717 5537 2862 5594 enim
2901 5533 3154 5606 intelligit
3197 5532 3333 5589 Ver—

177 5747 392 5807 "Juan.
425 5770 495 5812 γι,
535 5750 624 5805 ‘27.
702 5749 747 5782 ’⁵³
786 5751 957 5806 Exod.
983 5767 1091 5820 XIV,
1126 5753 1208 5807 15.
