3764 6320
15 288 132 355 I301

76 423 93 454 ι
131 399 432 470 Εὐλογητὸς
467 398 669 471 Κύριος
693 400 721 455 ό
744 399 878 464 Θεὸς
916 399 1154 472 Ἰσραήλ.
1193 420 1212 453 ι

74 492 249 561 Μέχρι
275 489 379 542 τῶν
403 489 642 544 ἐνταῦθα
666 489 767 560 τὴν
791 489 1064 562 τετάρτην
1098 491 1278 560 βίϐλον
1299 490 1408 544 τῶν
1429 490 1572 544 Ψαλ-

1140 290 1502 351 FBAGMEN
1506 291 1603 351 TA
1637 291 1720 353 IN
1761 293 2120 353 PSALMOS.

3120 285 3260 350 1302

1602 409 1651 466 Α
1713 405 1907 460 .V'sus.
1951 403 2040 459 48.
2081 423 2098 455 ι
2137 402 2465 458 Benedictus
2507 404 2771 458 Dominus
2814 399 2958 456 Deus
3002 399 3189 454 lsrael.
3232 419 3251 453 ι

1748 496 1867 549 Huc
1907 510 2078 564 usque
2109 506 2364 564 quartum
2396 495 2732 550 Psalmorum
2762 494 2964 549 librum
2991 492 3258 548 definiunt

15 581 122 651 αῶν
167 579 431 650 Ἐϐραίων
458 579 648 645 παῖδες
681 580 956 650 ὁρίζονται
977 597 991 610 ·
1029 583 1108 646 εἰς
1147 581 1309 636 πέντε
1347 583 1452 652 γὰρ
1478 583 1575 653 τὴν

1775 589 1893 644 Liraai
1928 607 1940 642 :
1975 589 2030 643 in
2057 589 2302 658 quinque
2345 587 2492 642 enim
2538 587 2706 643 libros
2745 588 3055 642 universam
3097 586 3256 642 Davi-

15 675 95 727 τοῦ
127 675 288 727 Δαϐὶδ
318 675 662 744 προφητείαν
687 675 956 740 διελόντες
992 675 1156 745 (καθὰ
1191 676 1284 729 καὶ
1309 676 1576 746 πρότερον

1811 680 2157 750 prophetiam
2207 679 2514 734 dividentes
2563 676 2664 748 (uti
2720 679 2871 748 prius
2917 677 3254 748 dicebamus)

15 764 254 836 ἐφαμεν),
306 765 537 818 ἕκαστον
567 765 806 837 ψαλμὸν,
852 759 896 834 ᾧ
924 766 1084 820 τοῦτο
1131 767 1281 830 τέλος
1315 768 1580 838 πρόσκει-

16 874 92 907 ται
140 857 344 924 Ἀμὴν,
397 855 580 925 ἀμὴν,
613 857 1007 928 συμπλήρωσιν
1043 854 1181 914 εἶναι
1223 860 1350 930 μιᾶς
1381 858 1570 929 βίϐλου

17 946 330 1014 ιομίζουσιν.

549 1040 848 1094 ΨΑΑΜΟΣ
890 1041 1031 1108 PQ".

84 1147 102 1178 ι
149 1128 492 1199 Ἀλληλούῖα.
534 1149 552 1183 ι

80 1219 492 1290 Παραπλησίως
511 1223 625 1285 τοῖς
654 1224 939 1293 προτέροις
985 1224 1077 1276 καὶ
1104 1217 1261 1286 οὗτος
1289 1224 1588 1297 ἐπιγέγραο

1680 772 1979 842 quemlibet
2022 771 2330 841 psalmum,
2381 771 2470 825 cui
2521 769 2644 825 linis
2693 780 2796 835 est,
2846 771 3035 841 Amen,
3082 789 3257 836 amen,

1684 865 1846 919 unius
1870 863 1996 918 libri
2026 863 2490 932 complementum
2519 875 2641 917 esse
2673 861 3028 917 arbitrantur.

2217 1037 2534 1094 PSALMUS
2572 1037 2707 1093 CVI.

1765 1147 1784 1181 ι
1824 1129 2073 1184 Alleluia.
2117 1146 2136 1180 ι

1763 1221 1970 1275 Eodem
2009 1221 2170 1275 modo
2196 1235 2305 1290 quo
2339 1220 2713 1290 precedentes
2745 1220 2835 1274 hic
2874 1219 3040 1274 etiam
3071 1219 3265 1274 inscri-

15 1324 175 1361 πται·
235 1311 333 1379 τῆς
381 1311 490 1382 γὰρ
523 1312 695 1382 αὐτῆς
747 1313 1056 1377 ὑποθέσεως
1100 1315 1302 1384 ἔχεται,
1358 1315 1581 1386 ἱστορῶν

1775 1327 1815 1366 IS
1843 1321 1927 1366 est
1961 1329 1974 1365 :
2004 1309 2250 1381 ejusdem
2284 1311 2432 1366 enim
2472 1319 2556 1366 est
2583 1311 2916 1381 argumenti,
2951 1326 3075 1365 cum
3111 1326 3270 1365 enar-

15 1402 65 1452 ὲν
113 1401 276 1471 μέρει
309 1403 377 1455 τὰ
415 1404 682 1474 γενόμενα
711 1407 825 1469 τοῖς
855 1405 1136 1468 Ἰουδαίοις
1158 1406 1437 1478 θαύματα.

85 1509 101 1539 ι
135 1490 442 1556 Πεινῶντες
473 1495 567 1546 καὶ
595 1493 879 1563 διψῶντες.
917 1515 935 1546 ι

81 1581 256 1637 Ὅταν
291 1584 400 1656 γὰρ
429 1584 578 1656 ψυχὴ
617 1584 830 1658 λιμώξῃ
863 1587 958 1638 καὶ
989 1586 1194 1660 διψήσῃ
1236 1587 1404 1660 ἀκοὴν
1431 1588 1589 1657 λόγου

15 1672 104 1724 τοῦ
131 1673 290 1741 Θεοῦ,
311 1675 662 1741 διδασκαλίας
685 1678 785 1732 οὐκ
817 1677 1038 1748 ἔχουσα,
1073 1680 1391 1749 ἀναγκαίως
1419 1680 1594 1734 ὲκλεί-

1691 1414 1774 1460 ret
1799 1404 2062 1460 miracula
2094 1419 2214 1474 quae
2241 1403 2294 1458 in
2324 1411 2478 1474 parte
2504 1403 2706 1459 Judasis
2733 1404 3073 1459 acciderunt.

1757 1497 1920 1553 Vens.
1964 1497 2017 1552 5.
2054 1516 2072 1549 ι
2108 1497 2428 1552 Esurientes
2451 1506 2507 1552 et
2530 1497 2799 1554 sitientes.
2836 1517 2855 1550 ι

1765 1587 1996 1655 Quando
2033 1589 2182 1643 enim
2224 1588 2401 1644 anima
2448 1605 2707 1661 perpessa
2755 1591 2921 1647 fuerit
2959 1591 3156 1646 famem
3198 1590 3270 1646 si-

1697 1682 1900 1750 timque
1938 1680 2196 1735 audiendi
2243 1682 2469 1736 verbum
2508 1681 2627 1747 Dei,
2659 1698 2785 1738 cum
2820 1683 3124 1738 doctrinam
3158 1696 3269 1736 non

16 1782 104 1818 πει
125 1766 217 1820 καὶ
239 1767 560 1824 ἐλαττοῦται
586 1786 600 1800 ’
625 1771 816 1843 ἐπειδὴ
847 1773 1022 1844 τροφὴ
1064 1773 1244 1846 ψυχῆς
1283 1777 1311 1829 ὁ
1343 1774 1444 1845 τῆς
1473 1775 1581 1829 0co-

1775 1773 1916 1838 beat,
1954 1773 2265 1826 necessario
2303 1771 2486 1827 deﬁcit
2529 1784 2584 1829 et
2621 1783 2983 1838 extenuatur;
3026 1771 3270 1842 quando-

19 1858 252 1922 γνωσίας
281 1860 469 1929 ἄρτος.

93 2053 111 2086 ι
158 2030 784 2110 Ἐξομολογησάσθωσαν
819 2044 895 2115 τῷ
918 2045 1128 2116 Κυρίῳ.
1167 2064 1188 2097 ι

100 2129 256 2200 Ἐλέη
293 2132 390 2185 καὶ
415 2131 697 2204 θαυμάσια
741 2134 836 2189 τοῦ
859 2137 994 2190 Θεοῦ
1023 2138 1092 2192 τὰ
1125 2139 1292 2192 αὑτοῦ
1324 2141 1597 2210 προσηγό-

22 2224 397 2285 ρευσεν.“οσα
442 2224 552 2296 γὰρ
582 2227 1129 2300 ὲοαυματούργησεν,
1177 2231 1277 2284 οὐκ
1319 2231 1596 2296 ἐνδείξεώς

18 2313 216 2384 τινοςῆ
249 2317 561 2387 φιλοτιμίας
590 2321 912 2390 παρήγαγεν
957 2321 1139 2386 ἕνεκα,
1173 2322 1354 2386 ἐλέους
1390 2323 1446 2377 δὲ
1464 2324 1599 2377 πάνο

19 2419 124 2493 τως
148 2407 244 2458 καὶ
268 2407 681 2479 φιλανθρωπίας
718 2410 881 2482 χάριν
909 2413 1006 2482 τὴν
1028 2413 1164 2482 πρὸς
1183 2414 1426 2478 ἐκείνους
1460 2415 1599 2486 ὑπὲρ

20 2494 92 2546 ὼν
126 2495 382 2569 ἐπράχθη
420 2502 515 2553 καὶ
545 2501 614 2553 τὰ
640 2501 914 2572 θαύματα.

95 2605 112 2636 ι
145 2589 270 2642 ’Ότι
296 2591 557 2662 ὲχόρτασε
587 2593 764 2664 ψυχὴν
791 2595 975 2666 κενήν.
1009 2615 1026 2646 ι

90 2675 199 2728 Καὶ
233 2678 343 2749 μὴν
385 2679 484 2750 τὴν
511 2683 681 2753 αὐτὴν
715 2683 811 2736 καί⁸
849 2685 1123 2740 πεινῶσαν
1167 2687 1357 2749 εἰπὼν,
1402 2685 1600 2749 ἔδειξεν

21 2765 94 2826 ὡς
137 2768 456 2840 ἁμαρτωλοί
497 2791 640 2837 τινες
671 2771 815 2845 ἦσαν
879 2778 927 2828 οί
967 2777 1345 2848 λιμώττοντες.
1378 2777 1452 2830 Τὸ
1491 2777 1601 2846 γὰρ

24 2858 175 2909 κενὸν
208 2861 331 2915 ἀντὶ
359 2862 454 2916 τοῦ
491 2865 721 2933 ματαίου
755 2866 1151 2938 παρείληπται.

101 2969 120 3001 ι
165 2952 519 3008 Ἀντελάϐετο
552 2955 734 3010 αὐτῶν
756 2957 816 3022 ἐξ
840 2958 960 3012 ὁδοῦ
1001 2960 1251 3031 ἀνομίας.
1294 2980 1312 3012 ι

106 3043 260 3098 ὐδὸν
280 3048 508 3118 ἀνομίας
538 3049 853 3119 ἀναγκαίως
889 3053 1287 3124 προσαγορεύει
1315 3054 1407 3110 τὸν
1431 3055 1600 3112 Θάνα-

25 3152 134 3187 τον.
197 3111 507 3212 Δίτίαίγὰρ
555 3140 634 3210 τῷ
655 3111 944 3213 navas—(pi).
989 3111 1245 3216 παρακοὴ
1297 3147 1391 3200 τοῦ
1439 3111 1676 3220 νόμους’

26 3228 116 3279 τοῦ
158 3229 401 3296 δοθέντος
441 3235 498 3286 ἐν
535 3233 849 3305 παραδείσῳ
889 3235 1204 3306 γεγένηται.
1256 3236 1398 3290 Ἀλλ’
1457 3240 1606 3310 ὅμως

29 3319 261 3389 Χριστὸς
282 3326 431 3396 ἡμᾶς
463 3326 528 3377 ὲκ
556 3322 652 3377 τοῦ
677 3324 908 3379 θανάτου
942 3326 1289 3392 ἀντελάϐετο,
1315 3328 1480 3397 μέσον
1499 3331 1608 3382 τῶν

27 3413 238 3483 νεκρῶν
278 3417 312 3486 ἡ
347 3415 485 3486 ζωὴ,
509 3415 600 3470 ἵνα
624 3415 762 3486 λύσῃ
793 3415 887 3470 τοῦ
926 3417 1156 3473 θανάτου
1187 3419 1286 3488 τὴν
1315 3423 1608 3492 τυραννίδα

29 3507 336 3574 γενομένος.
1091 3507 1098 3520 ’

106 3613 123 3646 ι
158 3597 276 3650 Πᾶν
301 3597 499 3668 βρῶμα
521 3595 842 3661 ὲὸδελύξατο
867 3598 901 3667 ὴ
934 3597 1105 3668 ψυχή.
1137 3616 1155 3650 ι

100 3773 310 3845 Βρῶμα
346 3776 446 3847 τὴν
475 3776 682 3847 τροφὴν
719 3774 955 3830 ἐνταῦθα
1009 3775 1110 3846 τὴν
1145 3775 1372 3848 λογικὴν
1415 3780 1608 3849 νοήσο-

35 3879 151 3929 μεν·
185 3869 320 3939 περὶ
351 3863 418 3940 ἦς
447 3869 475 3919 ὁ
501 3868 706 3940 Κύριος
731 3872 844 3933 τοῖς
873 3869 1197 3934 ἀποστόλοις
1220 3869 1407 3936 ἔλεγεν
1428 3887 1441 3900 ·
1489 3873 1612 3939 Ἐρ-

32 3955 279 4021 τάζεσθε
302 3962 390 4032 μὴ
427 3962 543 4030 τὴν
561 3959 798 4032 ,ϐρῶσιν
823 3961 936 4030 τὴν
964 3960 1424 4031 ἀπολλυμένην,
1453 3961 1615 4015 ἀλλὰ

33 4046 146 4114 τὴν
162 4051 479 4119 μένουσαν
501 4057 587 4119 είς
619 4053 772 4122 ζωὴν
793 4054 1056 4108 αἰώνιον.
1089 4052 1308 4124 Ταύτης
1341 4055 1449 4106 πᾶν
1477 4049 1614 4117 εἶδος

33 4139 60 4187 ὁ
112 4139 406 4213 ἄνθρωπος
450 4143 786 4218 ὲδδελύξατο.
841 4145 978 4199 υῠτε
1027 4145 1138 4218 γὰρ
1179 4148 1408 4214 φυσικὸν
1452 4145 1615 4215 νόμον

33 4227 156 4284 οὔτε
188 4237 438 4304 γραπτὸν
485 4217 780 4306 ἐφύλαξαν,
811 4238 904 4291 καὶ
926 4237 1016 4291 διὰ
1053 4217 1214 4290 τοῦτο
1240 4237 1479 4307 ἤγγισαν
1509 4238 1615 4302 ἕως

33 4321 142 4376 τῶν
172 4329 362 4383 πυλῶν
387 4331 478 4383 τοῦ
502 4329 755 4386 θανάτου.
788 4331 962 4385 Πύλαι
997 4331 1052 4384 δὲ
1079 4331 1310 4386 θανάτου
1343 4333 1411 4388 τὰ
1438 4334 1618 4406 ἁμαρ-

1693 1865 1915 1936 quidem
1981 1858 2155 1919 cilius~
2205 1865 2402 1920 animae
2461 1867 2534 1920 sit
2598 1865 2754 1936 panis
2817 1866 3017 1921 divina:
3084 1865 3273 1936 cogni-

1697 1955 1883 2011 tionis.

1767 2045 1927 2100 Vi-zas.
1963 2045 2017 2100 8.
2063 2063 2082 2096 ι
2122 2044 2502 2100 Conﬁteantur
2537 2045 2783 2100 Domino.
2823 2065 2841 2098 ι

1769 2137 2168 2194 Misericordias
2210 2145 2266 2193 et
2294 2139 2562 2194 mirabilia
2609 2138 2988 2210 appellavitea
3017 2153 3139 2208 quae
3179 2134 3271 2190 Dei

1699 2240 1843 2288 sunt.
1889 2231 2242 2300 Quaecunque
2285 2229 2431 2283 enim
2467 2229 2729 2283 miracula
2772 2229 3026 2298 patravit,
3062 2242 3172 2282 non
3204 2225 3274 2280 ad

1699 2322 2120 2380 ostentationem
2146 2329 2241 2376 aut
2262 2320 2446 2392 gloriae
2468 2320 2650 2376 studio
2678 2320 2909 2392 peregit,
2931 2319 3026 2375 sed
3052 2318 3276 2374 omnino

1701 2424 1921 2487 propter
1975 2412 2407 2470 misericordiam
2463 2421 2516 2467 et
2570 2412 2965 2484 benignitatem
3015 2427 3169 2467 suam
3221 2411 3275 2464 in

1700 2526 1796 2566 eos
1825 2527 1924 2581 pro
1954 2509 2152 2579 quibus
2184 2509 2300 2562 hzec
2325 2507 2587 2561 miracula
2618 2514 2829 2576 patrata
2860 2514 3006 2559 sunt.

1773 2597 1937 2652 Vnus.
1969 2600 2022 2652 9.
2061 2614 2080 2647 ι
2115 2594 2251 2661 Quia
2281 2593 2498 2649 satiavit
2529 2594 2765 2648 animam
2802 2593 3042 2646 inanem.
3077 2611 3096 2643 ι

1771 2684 1985 2738 Etenim
2021 2699 2146 2740 cum
2167 2682 2414 2738 eamdem
2448 2697 2666 2753 quoque
2697 2681 3028 2737 esurientem
3056 2680 3274 2746 dixerit,

1705 2777 1944 2833 ostendit
1990 2777 2267 2846 quomodo
2305 2785 2620 2847 peccatores
2659 2774 2827 2846 aliqui
2874 2775 2986 2830 sint
3023 2773 3276 2828 famelici.

1704 2865 1927 2921 lnanem
1956 2867 2102 2920 enim
2133 2880 2233 2936 pro
2261 2882 2400 2920 vano
2425 2865 2655 2936 accepit.

1776 2946 1937 3014 νειιε.
1979 2960 2065 3013 17.
2107 2977 2124 3010 ι
2158 2957 2410 3028 Suscepit
2438 2974 2532 3014 eos
2563 2958 2630 3014 de
2659 2957 2746 3012 via
2780 2956 3099 3027 iniquitatis.
3136 2976 3154 3009 ι

1779 3051 1934 3106 Viam
1991 3050 2295 3122 iniquitatis
2360 3050 2671 3105 necessario
2729 3051 2962 3120 appellat
3025 3055 3278 3103 mortem.

1708 3144 1883 3201 Causa
1917 3145 2062 3199 enim
2102 3143 2294 3199 mortis
2335 3143 2439 3198 fuit
2477 3140 2852 3213 praevaricatio
2885 3141 3017 3212 legis
3051 3141 3191 3195 data:
3227 3140 3279 3193 in

1709 3237 1980 3307 paradiso.
2004 3236 2389 3290 Verumtamen
2411 3235 2666 3289 Christus
2687 3248 2787 3288 nos
2809 3233 2876 3288 de
2903 3241 3076 3287 morte
3101 3247 3284 3287 susce-

1709 3330 1808 3400 pit,
1845 3330 2019 3385 factus
2047 3329 2154 3383 vita
2189 3329 2244 3382 in
2277 3327 2457 3382 medio
2495 3336 2860 3392 mortuorum,
2891 3333 2950 3380 ut
2975 3326 3168 3379 mortis
3203 3332 3284 3396 ty-

1712 3421 1996 3476 rannidem
2030 3420 2370 3474 dissolveret.

1783 3602 1946 3657 Vens.
2017 3601 2101 3655 18.
2185 3618 2203 3649 ‹
2265 3595 2494 3652 Omnem
2570 3608 2752 3650 escam
2820 3590 3129 3646 abominata
3201 3599 3288 3646 est

1712 3694 1912 3748 anima.
1950 3711 1968 3743 ι

1787 3784 1980 3840 Escam
2019 3783 2122 3836 hoc
2158 3781 2280 3834 loco
2318 3777 2672 3847 intelligimus
2708 3775 2888 3830 cibum
2935 3773 3284 3838 rationalem;
3371 3813 3374 3816 .

1713 3880 1782 3933 de
1826 3891 1934 3947 qua
1976 3872 2241 3928 Dominus
2293 3869 2553 3938 apostolis
2597 3867 2735 3922 dixit
2777 3885 2790 3920 :
2827 3865 3135 3935 Operamini
3187 3880 3289 3917 non

1715 3969 1888 4024 cibum
1931 3966 2021 4036 qui
2064 3964 2230 4033 perit,
2279 3963 2367 4014 sed
2406 3961 2496 4031 (ιιιὶ
2542 3967 2812 4028 permanet
2855 3959 2908 4011 in
2938 3959 3102 4010 vitam
3131 3967 3291 4010 aeter-

1718 4075 1842 4114 nam
1874 4059 1945 4110 ⁷².
1981 4057 2211 4110 Omnem
2254 4053 2418 4122 hujus
2459 4053 2695 4121 speciem
2732 4050 2896 4104 homo
2934 4047 3291 4103 abominaba-

1718 4160 1829 4206 tur.
1869 4150 2003 4204 Nam
2046 4161 2222 4217 neque
2260 4146 2433 4216 legem
2472 4142 2776 4197 naturalem
2817 4156 2994 4210 neque
3031 4138 3290 4207 scriptam

1719 4242 2165 4305 observaverant,
2195 4247 2252 4294 et
2281 4236 2484 4292 idcirco
2522 4235 3092 4306 appropinquaverant
3122 4245 3294 4302 usque

1721 4336 1787 4391 ad
1817 4344 2003 4406 portas
2031 4331 2243 4387 mortis.
2277 4330 2452 4385 Portre
2481 4337 2666 4384 autem
2697 4327 2889 4382 mortis
2914 4335 3044 4382 sunt
3071 4334 3292 4396 peccata

33 4415 99 4484 τή
109 4434 258 4485 ματα
280 4419 361 4489 οἷς
383 4424 500 4478 δέον
523 4426 716 4489 αὐτοὺς
741 4424 1134 4496 μακρύνεσθαι.
1157 4425 1323 4479 Ὅσον
1350 4427 1462 4498 γὰρ
1481 4427 1581 4482 ταύ

1791 4425 1990 4496 quibus
2030 4427 2350 4492 oportuerat
2394 4434 2490 4474 eos
2527 4417 2788 4489 elongari.
2824 4417 3100 4483 Quantum
3145 4415 3293 4470 enim

35 4519 156 4603 “fit;
188 4511 445 4580 ἤγγισαν,
477 4514 732 4567 τοσοῦτον
777 4514 968 4584 πόρρω
999 4513 1109 4566 τῶν
1141 4514 1321 4569 πυλῶν
1345 4517 1443 4586 τῆς
1469 4515 1616 4588 ζωῆς

36 4602 354 4666 ἀναγκαίως
402 4603 672 4670 ιγένοντο.
708 4604 846 4657 Ἀλλ’
896 4606 924 4656 ὁ
972 4603 1211 4675 Χριστὸς
1267 4606 1464 4670 αὐτοὺς
1522 4609 1617 4662 καὶ

40 4690 264 4755 μακρὰν
308 4693 469 4756 ὄντας
529 4694 698 4763 ἐγγὺς
738 4695 828 4748 διὰ
862 4693 957 4748 τοῦ
1003 4695 1233 4765 αἵματος
1270 4697 1367 4750 τοῦ
1409 4698 1614 4752 οἰκείου

40 4779 361 4832 πεποίηκεν-

39 4793 102 4828 πε
111 4793 361 4851 ποιηκεν.

117 4889 135 4920 ι
173 4873 285 4927 Καὶ
317 4873 624 4945 ὲκέκραξαν
650 4874 788 4946 πρὸς
821 4876 1046 4949 Κύριον.
1085 4897 1103 4929 ι

113 4961 378 5036 Κραυγὴν
413 4965 442 5018 ὁ
489 4964 623 5029 Θεὸς
673 4966 734 5020 ού
778 4967 876 5038 τὴν
919 4967 1008 5020 διὰ
1063 4965 1247 5036 φωνῆς
1295 4969 1614 5038 γενομένην,

45 5046 181 5100 ἀλλὰ
237 5055 335 5124 τὴν
383 5055 625 5109 διάθεσιν
672 5056 776 5127 τῆς
823 5057 1061 5121 διανοίας
1126 5055 1436 5126 λογίζεται·
1496 5060 1620 5112 ἐπεὶ

48 5138 143 5188 καὶ
193 5143 472 5209 Μωῦσέως
519 5148 832 5213 σιωπῶντος
896 5150 1082 5219 ἔλεγε,
1146 5150 1207 5204 Τί
1253 5147 1413 5216 ,βοᾷς
1468 5153 1619 5220 πρός

43 5242 120 5291 με
137 5241 161 5290 ἰ

125 5336 146 5371 ι
193 5322 506 5380 Ἀπέστειλε
533 5326 624 5380 τὸν
654 5329 828 5399 Λόγον
849 5331 1042 5385 αὐτοῦ.
1085 5351 1104 5384 ι

119 5410 185 5465 Τί
223 5417 416 5471 τούτου
463 5417 795 5490 σαφέστερον
828 5424 964 5492 πρὸς
996 5422 1220 5488 ἔνδειξιν
1251 5423 1350 5493 τῆς
1388 5422 1483 5478 τοῦ
1517 5425 1625 5478 Σω-

50 5501 216 5574 τῆρος
272 5509 639 5581 σαρκώσεως;
713 5513 1086 5569 ἀποσταλέντα
1137 5517 1246 5586 γὰρ
1303 5515 1476 5586 Λόγον
1532 5517 1622 5572 τὸν

128 5713 171 5746 ⁷³
198 5716 357 5777 Joan.
390 5742 460 5784 vi.
501 5721 589 5776 2'7.
668 5720 711 5753 ⁷³
749 5720 923 5776 Exod.
948 5737 1056 5792 ειν,
1091 5723 1174 5777 15.

1725 4519 1812 4574 his
1868 4515 2469 4592 appropinquaverunt,
2507 4511 2846 4566 tantumdem
2895 4509 3210 4566 necessario
3265 4523 3294 4562 a

1723 4612 1896 4683 portis
1929 4612 2054 4666 vitae
2082 4608 2240 4678 longe
2273 4606 2402 4662 facti
2437 4615 2583 4661 sunt.
2625 4603 2827 4659 Verum
2861 4604 3110 4660 Christus
3150 4603 3299 4671 ipsos

1723 4705 1889 4760 etiam
1921 4705 2202 4772 elongatos
2242 4716 2340 4770 per
2388 4696 2712 4767 sanguinem
2761 4711 2918 4750 suum
2960 4695 3296 4765 propinquos

1727 4795 1980 4853 reddidit.
2805 4790 2831 4808 ⁶

1801 4887 1964 4942 Vens.
1999 4885 2086 4940 l9.
2127 4903 2145 4937 ι
2179 4883 2247 4938 Et
2275 4882 2649 4938 clamaverunt
2675 4881 2742 4936 ad
2768 4880 3082 4936 Dominum.
3114 4898 3132 4930 ι

1800 4979 1944 5034 Deus
1989 4977 2221 5032 mstimat
2259 4975 2557 5030 clamorem
2590 4988 2702 5027 non
2739 4971 2830 5042 qui
2865 4987 2962 5042 per
2991 4970 3161 5034 vocis,
3203 4967 3297 5024 sed

1731 5086 1828 5141 per
1851 5068 2048 5123 mentis
2063 5067 2316 5122 aﬁectum
2340 5064 2631 5130 emittitur;
2658 5063 3092 5134 quandoquidem
3120 5060 3298 5132 Moyse

1727 5161 1891 5216 etiam
1917 5159 2109 5214 silente
2137 5157 2367 5213 dixerit:
2399 5155 2536 5221 Quid
2561 5156 2764 5211 clamas
2790 5155 2858 5208 ad
2885 5172 2965 5209 me
2985 5155 3073 5208 7’?

1795 5335 1956 5389 Vens.
1992 5333 2081 5388 20.
2120 5332 2321 5394 (Misit
2352 5329 2592 5386 Verbum
2625 5344 2804 5384 suum.
2843 5348 2860 5380 ι

1797 5426 1934 5491 Quid
1975 5425 2081 5480 hoc
2113 5422 2459 5478 manifestius
2487 5421 2554 5477 ad
2589 5418 3067 5476 demonstrandam
3109 5414 3300 5471 Salva-

1728 5517 1858 5574 toris
1901 5514 2372 5574 incarnationem?
2420 5512 2644 5569 Missum
2683 5511 2828 5568 enim
2867 5507 3120 5581 intelligit
3163 5506 3301 5564 Ver-
