3764 6320
456 319 595 384 1303
1658 319 2007 379 IIESYCHII

2160 319 2531 379 ESBYTERI
3644 314 3723 375 ιι,

459 445 586 499 hum
619 439 987 501 incarnatum,
1017 437 1162 507 quod
1192 436 1268 491 ait
1300 459 1309 492 :
1351 436 1455 502 Qui
1490 452 1569 490 me
1602 438 1839 505 suscipit,
1878 440 2007 491 susci

2157 437 2505 508 σαρκωθέντα
2527 435 2698 503 λέγει,
2723 434 2814 487 τὸν
2845 434 3076 500 λέγοντα
3098 450 3111 462 ⁶
3160 432 3229 485 '0
3258 431 3381 499 ἐμὲ
3422 429 3715 500 δεχόμειγ-τ.

455 532 533 600 pit
562 548 682 586 eum
725 532 817 602 qui
861 546 944 586 me
993 531 1134 584 misit
1167 531 1234 583 ".
1273 528 1373 583 Hic
1416 529 1545 584 dum
1591 545 1762 600 genus
1791 539 2007 584 nostrum

2157 527 2377 597 Βέχεται
2423 527 2532 580 τὸν
2552 521 3005 579 ἀποστείλαντὰ
3052 538 3154 589 με.
3218 520 3466 589 ὐσπερ
3511 521 3656 589 ἡμῶν
3687 540 3715 569 τ-

456 637 698 691 curaret,
733 625 803 679 de
843 622 1258 679 interitionibus
1300 620 1508 675 scilicet
1550 628 1899 691 peccatorum
1939 632 2007 672 no

2157 619 2300 689 γένος
2360 621 2678 689 ἰασάμενος,
2737 616 2930 670 ἐκτῶν
2985 613 3319 685 διαφθορῶν
3365 614 3531 684 ἡμᾶς
3572 613 3715 681 δηλέρ

459 718 737 773 iiberavit.
790 716 1052 770 luteritus
1107 714 1254 769 enim
1315 712 1557 767 universi
1623 710 1859 765 hominis
1912 724 2007 763 sun

2157 710 2251 765 τῶν
2279 710 2698 784 ἁμαρτημάτων
2721 709 3011 781 ἐρρύσατο,
3051 707 3243 777 Φθορά
3281 705 3410 776 γὰρ
3442 706 3639 767 παντὸς
3658 710 3712 759 ἑ)-

459 815 701 875 peecata.
748 806 1018 871 Quoniam
1059 804 1105 858 si
1145 803 1267 873 quis
1310 802 1571 871 templum
1612 800 1705 855 Dei
1735 799 2035 863 violaverit,

461 899 654 967 perdet
683 913 807 952 eum
838 895 1004 951 Deus.

533 1007 696 1063 Vens.
722 1008 812 1064 25.
851 1027 870 1059 ι
901 1007 1005 1073 Qui
1033 1007 1372 1062 descendunt
1404 1007 1456 1059 in
1491 1021 1658 1060 mare.
1692 1024 1709 1057 ι
1951 1012 1972 1050 ι

531 1099 648 1153 lloc
676 1099 795 1153 loco
825 1113 974 1153 mare
1003 1097 1306 1169 intelligere
1331 1104 1551 1168 Oportet
1580 1098 1747 1151 vitam
1774 1102 2037 1161 nostram,

459 1208 631 1247 naves
664 1191 934 1247 Ecclesias
964 1209 976 1244 :
1010 1190 1078 1246 de
1110 1172 1311 1261 quibus
1342 1190 1487 1244 Deus
1526 1187 1649 1243 talia
1689 1189 1756 1243 ad
1793 1188 1894 1244 Job
1923 1190 2036 1244 ait:

460 1285 626 1339 Omne
656 1296 835 1340 autem
873 1287 1127 1355 navigans
1162 1282 1468 1336 conveniens
1504 1297 1604 1333 non
1648 1283 1813 1352 ferent
1854 1280 2041 1349 pellem

461 1394 623 1430 uuam
657 1379 842 1432 cauda:
876 1378 989 1448 ejus
1024 1394 1039 1429 :
1074 1386 1122 1430 et
1160 1377 1217 1430 in
1264 1376 1488 1445 navigiis
1528 1376 1852 1440 piscatorum
1885 1387 2041 1443 caput

459 1467 574 1535 ejus
597 1469 662 1521 ⁷⁵.
707 1467 967 1538 lntelligit
1005 1477 1191 1523 autem
1230 1465 1525 1532 diabolum,
1560 1467 1837 1535 quomodo
1879 1466 2043 1520 nimi-

464 1575 581 1612 rum
616 1560 798 1613 omnis
835 1559 1117 1613 hominum
1150 1558 1417 1612 industria
1456 1558 1600 1613 circa
1640 1558 1820 1627 ipsum
1855 1558 2044 1613 eluda-

461 1662 567 1713 tur,
597 1651 669 1704 ita
705 1659 764 1705 ut
793 1666 971 1721 neque
1003 1651 1194 1721 pellem
1222 1650 1409 1706 caudae
1438 1650 1558 1720 eius
1591 1652 1733 1704 ferre
1762 1650 1847 1703 vel
1876 1650 2043 1704 susti-

2144 808 2364 883 θρώπου
2393 810 2462 862 τά
2495 809 2891 879 ἁμαρτήματα.
2940 804 3168 873 Ἐπειδὴ
3197 803 3258 855 εἴ
3281 818 3382 865 τις
3410 799 3512 853 τὸν
3534 801 3711 852 nam:

2142 900 2279 954 Θεοῦ
2303 901 2539 971 φθείρει,
2558 899 2751 969 φθερεῖ
2775 897 2965 951 τοῦτον
2987 897 3016 949 ὁ
3050 896 3215 960 Θεός.

2217 1032 2235 1063 ι
2266 1013 2329 1066 Οἱ
2358 1011 2780 1075 καταϐαίνοντες
2799 1012 2880 1075 είς
2904 1009 3215 1065 θάλασσαν.
3262 1028 3281 1060 ι

2226 1100 2491 1155 Ἐνταῦθα
2512 1100 2790 1155 θάλασσαν
2802 1100 2993 1170 νοῆσαι
3026 1099 3141 1171 χρὴ
3165 1100 3269 1152 τὸν
3298 1098 3431 1168 βίον
3452 1098 3544 1150 τδν
3566 1099 3701 1167 ﬁgis

2146 1211 2259 1265 ρον,
2274 1193 2434 1246 πλοῖα
2448 1193 2547 1258 τὰς
2561 1191 2762 1263 Ἐκκλη
2770 1192 2910 1256 σίας·
2936 1209 3002 1244 πε
3012 1193 3065 1262 pi.
3078 1186 3154 1245 ὧν
3171 1192 3204 1243 ὁ
3226 1189 3605 1254 Θεδςτοιαῦτι
3617 1194 3699 1259 τεὰς

2144 1285 2234 1337 τὸν
2262 1282 2384 1336 Ἰὼϐ
2410 1283 2720 1350 διαλέγεται
2746 1300 2758 1312 ·
2792 1280 2924 1337 Πᾶν
2954 1281 3022 1334 δὲ
3045 1281 3309 1336 πλωτὸν
3342 1282 3637 1336 συνελθόν
3657 1300 3693 1334 re

2138 1378 2225 1447 μὴ
2258 1376 2545 1445 ἐνέγκωσι
2570 1375 2816 1444 ,ϐύρσαν
2840 1376 2988 1445 μίαν
3042 1373 3249 1444 οὐρᾶς
3284 1375 3497 1429 αὐτοῦ
3523 1392 3537 1405 ·
3568 1394 3641 1426 ιω
3661 1378 3695 1425 'a

2145 1468 2381 1535 πλοίοις
2409 1465 2628 1521 ἀλιέων
2657 1466 2894 1537 κεφαλὴ
2938 1466 3152 1521 αὐτοῦ.
3193 1467 3383 1536 Λέγει
3435 1466 3495 1519 δέ
3522 1466 3601 1519 ὢν
3630 1471 3700 1518 ia-

2146 1560 2325 1623 σολον,
2371 1559 2447 1624 ὡς
2478 1560 2613 1631 πρὸς
2645 1559 2808 1611 αὐτὸν
2847 1560 2996 1612 πᾶσα
3033 1559 3136 1629 μὲν
3171 1558 3515 1629 ἀνθρώπων

2149 1652 2390 1723 μηχανὴ,
2427 1651 2569 1705 ὥστε
2598 1650 2736 1721 μηδέ
2778 1648 2982 1730 βύρσαν
3016 1651 3189 1718 οὐρᾶς
3238 1648 3428 1703 αὐτοῦ
3480 1650 3703 1719 βαστὲζε.,

460 1759 593 1797 nere
624 1743 840 1797 valeant
870 1760 883 1796 :
919 1756 1295 1797 verumtamen
1334 1742 1513 1812 ipsum
1560 1751 1723 1812 caput
1762 1741 1906 1809 ejus,
1937 1741 2007 1795 sci

2157 1746 2178 1818 ἢ
2210 1744 2575 1816 ὑφίστασθαι·
2623 1743 2739 1797 ἀλλ’
2770 1745 2918 1814 ὅμως
2952 1742 3121 1796 αὐτοῦ
3148 1743 3259 1812 τὴν
3285 1743 3707 1813 “gentegente

460 1834 587 1888 licet
615 1834 1000 1901 idololatriam,
1028 1849 1148 1904 qua:
1180 1834 1361 1888 onmis
1392 1833 1646 1903 nequitia:
1684 1834 1853 1904 ipsius
1877 1847 2041 1903 caput.

459 1924 689 1990 exstitit,
722 1925 777 1979 in
817 1927 1047 1980 navibus
1081 1925 1447 1981 Ecclesiarum
1479 1924 1709 1993 apostoli
1740 1915 2038 1980 interiece-

460 2024 612 2069 runt.
661 2015 727 2070 Hi
780 2016 1153 2087 Operationem
1204 2018 1258 2071 in
1304 2016 1459 2087 aquis
1500 2017 1707 2080 multis,
1760 2017 1812 2072 id
1854 2028 1939 2073 est
1981 2018 2035 2072 in

459 2106 813 2162 multitudine
852 2108 1135 2162 hominum
1173 2108 1404 2163 salutem
1442 2109 1834 2178 praestiterunt.
1865 2110 2037 2165 Carte-

460 2209 582 2248 rum
626 2192 722 2247 Dei
765 2210 983 2264 quoque
1026 2210 1191 2265 opera
1231 2194 1503 2261 viderunt,
1546 2195 1596 2250 id
1640 2206 1723 2250 est
1763 2206 2039 2251 creaturas

459 2291 518 2339 et
570 2285 862 2351 mirabilia,
901 2287 955 2341 id
1005 2297 1091 2341 est
1139 2288 1312 2357 signa,
1348 2302 1470 2356 qua:
1517 2288 1743 2342 salutem
1801 2299 2037 2343 nostram

459 2376 788 2446 dispensans
834 2378 1017 2447 posuit
1052 2379 1105 2432 in
1140 2378 1433 2449 profundo,
1467 2380 1571 2434 hoc
1613 2389 1698 2434 est
1736 2381 1791 2433 in
1828 2380 2041 2450 sapien-

459 2470 536 2522 tia
569 2485 583 2522 :
618 2485 743 2524 cum
778 2486 885 2538 qua
911 2469 1057 2525 Deus
1102 2487 1188 2525 res
1235 2482 1452 2526 nostras
1494 2472 1861 2527 administrat.
1908 2471 2042 2526 Pro~

459 2559 689 2614 fundum
736 2562 880 2615 enim
923 2570 1009 2615 est
1047 2562 1142 2616 Dei
1186 2563 1471 2632 sapientia,
1502 2573 1728 2633 propter
1767 2580 1921 2619 suam
1955 2565 2040 2618 in-

461 2652 1117 2722 comprehensibilitatem
1173 2664 1228 2708 et
1284 2654 1726 2711 immensitatan
1789 2656 2081 2727 lntelligit‘

461 2741 791 2797 tentationes
817 2744 904 2812 (iis
927 2745 1072 2798 enim
1090 2753 1261 2800 scatet
1280 2746 1386 2800 vita
1407 2747 1664 2817 humana)
1688 2767 1699 2800 :
1723 2747 1840 2803 illas
1857 2757 2037 2803 autem

462 2839 692 2895 suscitat
744 2841 970 2911 spiritus
1014 2843 1285 2911 procellae,
1320 2845 1531 2900 scilicet
1576 2847 1803 2916 spiritus
1842 2848 2041 2902 adver-

462 2931 675 2995 sarius;
721 2947 829 2986 non
875 2941 1056 2987 tamen
1085 2950 1151 2989 ex
1182 2935 1390 3004 privata
1426 2952 1522 2991 sua
1558 2938 1903 3001 auctoritate,
1946 2940 2041 2993 sed

461 3023 575 3076 Deo
605 3023 705 3077 hoc
736 3024 803 3078 ad
827 3024 1103 3094 justorum
1144 3028 1593 3084 exercitationem
1626 3044 1690 3084 ac
1725 3029 2040 3085 manifesta-

2148 1836 2247 1906 τὴν
2283 1835 2700 1905 είδωλολατρίαν
2721 1875 2736 1900 ,
2768 1834 2887 1904 ἣτις
2922 1833 3104 1902 πάσης
3141 1830 3328 1885 αὑτοῦ
3366 1834 3474 1901 τῆς
3506 1849 3707 1900 stos-rga;

2148 1928 2363 1998 ὑπῆρχε
2404 1926 2733 1995 κεφάλαιον,
2766 1927 2824 1977 ἐν
2862 1926 2975 1985 τοῖς
3020 1924 3241 1986 πλοίοις
3282 1922 3408 1975 τῶν
3427 1922 3705 1989 Extis-,1}.

2147 2021 2461 2091 ἐνέκρωσαν
2503 2020 2553 2072 οἱ
2604 2017 2913 2071 ἀπόστολοι.
2946 2009 3112 2069 Οὗτοι
3163 2015 3467 2084 ἐργασίαν
3506 2019 3562 2068 ἐν
3598 2014 3699 2082 7.6::

2149 2110 2385 2173 πολλοῖς,
2423 2111 2481 2162 ἐν
2518 2108 2598 2179 τῷ
2639 2107 2836 2177 πλήθει
2880 2105 3080 2175 δηλαδή
3129 2106 3238 2176 τὴν
3288 2106 3415 2157 τῶν
3470 2105 3708 2175 ἀνθρώπω.

2152 2203 2429 2275 σωτηρίαν
2455 2202 2804 2272 πεποίηνται.
2833 2198 3045 2252 Ἴδοσαν
3072 2198 3133 2250 δὲ
3154 2199 3260 2251 καὶ
3312 2198 3420 2250 τοῦ
3443 2197 3575 2249 Θεοῦ
3592 2198 3648 2248 τὲ

2146 2314 2239 2366 γα,
2279 2294 2529 2349 τουτέστι
2565 2292 2635 2346 τὰ
2679 2290 3150 2363 δημιουργήματα
3190 2289 3302 2341 καὶ
3332 2288 3411 2340 τὰ
3469 2288 3713 2355 θαυμάξω,

2145 2386 2345 2459 δηλαδὴ
2379 2387 2445 2438 τὰ
2476 2386 2701 2455 σημεῖα,
2736 2383 2834 2435 ὅσα
2862 2382 2959 2449 τὴν
2986 2380 3284 2450 σωτηρίαν
3333 2380 3636 2449 οἰκονομῶν

2146 2478 2419 2550 ἡμετέραν
2452 2475 2603 2529 ἔθετο
2634 2476 2690 2527 ἐν
2712 2472 2789 2543 τῷ
2820 2471 2989 2542 βυθῷ,
3024 2472 3332 2524 τουτέστιν
3370 2473 3437 2525 ὲν
3479 2476 3547 2542 τῇ

2151 2570 2269 2641 μεθ’
2306 2563 2373 2641 ἧς
2404 2570 2432 2620 ὀ
2467 2567 2601 2630 Θεὸς
2639 2565 2913 2634 οἰκονομεῖ
2947 2563 3015 2617 τὰ
3046 2562 3344 2633 ἡμέτερα.
3382 2562 3565 2628 Βάθος
3594 2566 3677 2631 γὰρ
3698 2577 3714 2607 ι

2147 2661 2240 2716 τοῦ
2270 2659 2407 2713 Θεοῦ
2452 2658 2637 2728 σοφία,
2680 2656 2850 2710 διὰτὸ
2892 2653 3225 2708 ἀνείκαστον
3282 2656 3476 2724 αὐτῆς
3506 2656 3599 2707 καὶ

2147 2768 2365 2823 τρητον.
2396 2750 2535 2811 Τοὺς
2559 2746 2900 2817 πειρασμοὺς
2945 2743 3095 2812 λέγει
3141 2744 3355 2815 (γέμει
3388 2747 3506 2814 γὰρ
3537 2745 3711 2798 αἰετέ-,ι

2150 2843 2263 2914 βίος
2293 2843 2321 2894 ὁ
2343 2838 2711 2911 ἀνθρώπινος)
2739 2854 2752 2867 ·
2797 2837 3003 2906 ἐγείρει
3032 2834 3089 2888 δὲ
3125 2836 3353 2901 αὐτοὺς
3392 2839 3496 2891 καὶ
3517 2839 3576 2889 τδ
3606 2835 3713 2887 τιεί-

2154 2952 2229 3005 μα
2246 2936 2348 3003 τῆς
2380 2931 2713 3000 καταιγίδος,
2746 2929 2947 3001 δηλαδὴ
2982 2927 3043 2981 τὸ
3082 2927 3330 2999 πνεῦμα
3370 2931 3437 2983 τὺ
3462 2931 3711 2996 avulsi?

2150 3044 2240 3081 vov
2260 3042 2273 3054 '
2307 3026 2367 3079 οὐ
2399 3026 2505 3096 μὴν
2536 3023 2646 3077 ἀπὸ
2674 3024 2772 3091 τῆς
2796 3021 3007 3075 οἴκοθεν
3032 3019 3335 3085 ἐξουσίας,
3371 3022 3713 3093 ἐπιτρέεξιπις

463 3112 672 3167 tionem
723 3115 1096 3184 permittente.
1138 3117 1409 3173 Caeterum
1460 3119 1604 3174 Deus
1652 3120 1883 3190 ipsemet
1938 3123 2007 3176 ho

2157 3118 2202 3173 Βὲ
2238 3116 2328 3172 τοῦ
2363 3115 2498 3170 Θεοῦ
2530 3118 2609 3180 εἰς
2630 3117 2728 3186 τὴν
2760 3114 2868 3167 τῶν
2899 3112 3123 3167 δικαίων
3173 3114 3522 3182 γυμνασίαν
3549 3115 3634 3166 καὶ
3654 3128 3714 3178 ειη

462 3203 727 3270 declarat,
760 3208 981 3275 quando
1027 3210 1276 3278 permisit
1320 3194 1544 3265 diabolo
1590 3223 1650 3264 ut
1683 3210 1879 3266 Jobum
1926 3223 2044 3267 ten-

464 3302 625 3349 taret.
668 3294 901 3352 Pulehre
946 3311 1127 3353 autem
1181 3301 1511 3355 tentationes
1556 3303 1771 3361 vocavit
1813 3302 2042 3370 ﬂuctus;

464 3386 909 3458 quandoquidem
952 3390 1094 3468 sicut
1143 3392 1506 3461 tranquillitas
1554 3401 1677 3463 post
1712 3392 1929 3460 ﬂuctus,
1971 3396 2043 3449 ita

466 3488 589 3548 post
625 3479 954 3536 tentationes
992 3497 1094 3552 pax
1125 3483 1387 3537 succedit.

536 3701 705 3761 Vens.
739 3704 832 3761 26.
875 3724 895 3757 ι
930 3705 1249 3761 Ascendunt
1276 3720 1446 3775 usque
1475 3705 1542 3759 ad
1571 3706 1759 3761 cmlos.
1792 3723 1810 3756 ι

539 3796 677 3851 Mala
718 3806 901 3852 autem
951 3798 1056 3853 hoc
1096 3798 1216 3852 loco
1255 3814 1366 3851 non
1406 3796 1554 3863 vitia,
1586 3798 1683 3852 sed
1728 3795 2079 3851 aﬂlietiones.

469 3886 744 3957 intelligit.
776 3886 933 3942 Unde
960 3887 1129 3942 Amos
1160 3887 1239 3941 ait
1266 3905 1278 3938 :
1306 3885 1363 3940 Si
1392 3887 1492 3940 erit
1515 3886 1725 3940 malitia
1753 3886 1806 3940 in
1837 3886 2048 3940 civitate

468 3994 631 4049 quam
659 3977 912 4031 Dominus
943 3994 1047 4031 non
1073 3977 1192 4049 fecit
1214 3976 1299 4045 ⁷⁸2
1324 3976 1635 4047 intelligens
1661 3975 2046 4046 castigationes

466 4084 604 4134 quas
632 4069 898 4124 Dominus
929 4068 995 4123 ad
1035 4068 1433 4124 correctionem
1481 4067 1796 4122 hominibus
1831 4066 2043 4138 inﬂigit.

468 4163 525 4217 tn
556 4164 643 4217 his
674 4164 854 4219 anima
884 4162 1197 4219 necessario
1231 4162 1564 4229 tabescebat.
1591 4160 1749 4226 Quod
1787 4160 1933 4215 enim
1962 4169 2048 4215 est

467 4270 604 4309 auro
648 4255 809 4325 ignis,
854 4255 961 4309 hoc
1004 4254 1294 4308 animabus
1341 4261 1471 4307 sunt
1521 4252 1881 4315 tentationes,
1924 4267 2046 4321 quae

467 4346 615 4413 ipsas
640 4346 926 4400 tabescere
957 4342 1188 4413 faciunt,
1227 4358 1340 4396 non
1380 4352 1437 4397 ut
1479 4352 1923 4413 corrumpantur,
1949 4344 2045 4399 sed

470 4446 529 4490 ut
574 4445 833 4505 appareat
879 4444 1142 4506 quantum
1193 4434 1499 4504 splendoris
1546 4435 1803 4491 habeant.
1842 4436 2046 4492 Tenta-

2155 3209 2386 3281 νέρωσιν
2404 3223 2417 3236 ·
2446 3206 2598 3279 δηλοῖ
2627 3206 2681 3260 δὲ
2732 3205 2893 3271 αὐτὸς
2932 3207 2961 3259 ὁ
2988 3204 3122 3268 Θεὸς
3165 3205 3407 3278 [ἡνίκα]
3436 3206 3518 3277 τῷ
3546 3204 3713 3269 δεῦτὲςιρ

2154 3296 2413 3365 πειρᾶσαι
2454 3294 2547 3347 τὸν
2613 3292 2734 3347 Ἰὼϐ
2793 3292 3120 3364 ἐπιτρέψας.
3171 3295 3397 3358 Καλῶς
3444 3297 3507 3349 δὲ
3551 3296 3715 3365 κόμη

2151 3388 2278 3450 τοὺς
2329 3386 2669 3457 πειρασμοὺς
2738 3384 3033 3439 ἐκάλεσεν·
3074 3386 3277 3456 ἐπειδὴ
3351 3388 3608 3457 καθάπερ
3652 3403 3713 3451 τι-

2152 3479 2287 3551 λήνη
2322 3478 2389 3532 τὰ
2420 3477 2660 3549 κύματα,
2685 3475 2856 3542 οὕτως
2889 3478 2981 3531 καὶ
3021 3477 3151 3540 τοὺς
3183 3481 3556 3550 πειρασμοὺς
3572 3480 3710 3548 εἰρήνη

2153 3571 2475 3642 διαδέχεται.

2231 3706 2250 3736 ι
2283 3686 2686 3741 Ἀναϐαίνουσιν
2715 3686 2817 3751 ἕως
2838 3686 2946 3739 τῶν
2974 3685 3247 3757 οὐρανῶν.
3294 3707 3315 3738 ι

2225 3779 2305 3834 re
2346 3779 2492 3834 κακά
2514 3779 2571 3832 δὲ
2600 3777 2837 3833 ἐνταῦθα
2865 3779 2927 3833 οὐ
2961 3777 3167 3848 φαῦλα,
3200 3778 3351 3832 ἀλλὰ
3381 3780 3456 3833 τὰ
3477 3776 3709 3833 καωή

2154 3873 2322 3941 λέγει.
2355 3872 2517 3926 Ὅθεν
2546 3871 2729 3942 ’Λμώς
2767 3887 2966 3941 φησιν’
3009 3873 3080 3924 Ei
3115 3872 3294 3927 ἔσται
3340 3874 3529 3926 κακία
3550 3873 3614 3924 ἐν
3635 3872 3708 3922 εἰ·

2153 3966 2252 4018 .lst
2289 3961 2369 4029 ἣν
2402 3964 2616 4031 Κύριος
2649 3964 2763 4016 οὐκ
2792 3963 3078 4030 ἐποίησε;
3118 3963 3232 4027 τὰς
3275 3965 3540 4027 παιδείας
3578 3966 3705 4029 λέγω

2153 4057 2221 4121 ἃς
2251 4055 2502 4125 ἐπιφέρει
2530 4058 2644 4118 τοῖς
2686 4054 2997 4126 ἀνθρώποις
3040 4057 3120 4118 είς
3157 4055 3481 4125 διόρθωσιν.
3509 4058 3598 4110 Ἕν
3622 4056 3707 4109 τεά-

2152 4165 2271 4212 τοις
2317 4150 2351 4218 ή
2391 4148 2539 4218 ψυχὴ
2574 4147 2890 4216 ἀναγκαίως
2933 4148 3201 4217 ἐτήκετο.ξ
3230 4148 3419 4216 Ὅπερ
3470 4149 3580 4219 γάρ
3624 4151 3707 4200 ἐπ.

2154 4239 2233 4310 τῷ
2264 4239 2472 4310 χρυσίῳ
2496 4238 2557 4291 τὸ
2593 4238 2729 4309 πῦρ,
2769 4238 2930 4295 τοῦτο
2963 4240 3085 4302 ταῖς
3125 4237 3333 4309 ψυχαῖς
3355 4241 3408 4294 οι
3447 4240 3703 4310 mimae

2153 4330 2504 4400 τυγχάνουσι,
2530 4329 2791 4400 τήκοντες
2819 4328 3009 4395 αὐτὰς,
3036 4329 3138 4399 οὺχ
3180 4328 3327 4381 ὥστε
3352 4328 3702 4400 διαφθαρῆνῆ

2154 4421 2268 4477 ἀλλ’
2309 4421 2451 4476 ὥστε
2490 4421 2872 4493 φανερωθῆναι
2914 4420 3034 4484 πῶς
3092 4420 3492 4493 λαμπρότητος
3536 4423 3701 4491 ἔχοντα

471 4528 648 4581 tiones
674 4527 820 4581 enim
848 4535 1088 4597 arguunt
1108 4527 1339 4582 virtutes
1366 4526 1674 4581 hominum.
1702 4526 2007 4597 Quapropte

2157 4514 2467 4584 ,Ελέγχουσι
2499 4488 2690 4583 γὰρ-οἱ
2743 4488 3039 4583 πειρασμοὶ
3084 4488 3185 4576 τάξ
3230 4488 3715 4583 ἐνορέω-εω-

469 4619 735 4674 Dominus
779 4620 917 4676 dixit
952 4638 965 4673 :
996 4618 1160 4675 Orate
1205 4629 1263 4673 ut
1312 4636 1413 4673 non
1460 4620 1665 4673 intretis
1706 4620 1762 4673 in
1796 4623 2047 4679 tentatio-

468 4730 587 4767 nem
624 4708 693 4768 ".
716 4711 860 4782 Quin
891 4722 949 4768 et
973 4711 1170 4768 Petrus
1201 4713 1256 4769 in
1295 4722 1506 4768 tantum
1544 4714 1798 4769 turbatus
1826 4722 1883 4769 et
1913 4730 2048 4770 con-

467 4814 760 4874 quassatus
791 4804 893 4859 fuit
919 4804 1220 4860 tentatione
1258 4804 1587 4875 negationis,
1629 4812 1689 4859 ut
1717 4804 1785 4860 de
1817 4804 2047 4861 Domino

467 4899 676 4953 diceret
713 4916 726 4952 :
764 4897 883 4953 Non
930 4897 1048 4952 novi
1093 4898 1358 4952 hominem
1396 4898 1532 4951 hunc
1562 4897 1630 4949 ⁷⁸.
1671 4895 1819 4951 Ebrii
1863 4906 2046 4950 autem

470 4991 749 5061 proprium
789 4999 874 5046 est
922 5005 1033 5048 non
1080 4989 1320 5053 novisse,
1372 4988 1539 5043 etiam
1584 4988 1787 5057 alioqui
1830 4996 2046 5042 notum.

470 5081 624 5137 Tune
651 5081 815 5136 etiam
845 5079 1028 5145 omnis
1058 5078 1177 5147 eius
1208 5076 1473 5147 sapientia
1502 5077 1754 5148 absorpta
1784 5077 1903 5132 fuit.

546 5295 567 5328 ι
610 5276 771 5331 Vnus.
802 5276 893 5331 28.
926 5277 992 5329 Et
1020 5275 1393 5329 clamaverunt
1419 5275 1484 5329 ad
1528 5273 1836 5327 Dominum.
1875 5291 1893 5339 ι

543 5366 712 5437 igitur
736 5365 1194 5433 quemadmodum
1231 5374 1440 5420 naturae
1477 5364 1532 5417 in
1566 5371 1889 5433 tempestate
1928 5379 2045 5418 om-

473 5474 600 5512 nem
647 5458 891 5526 ipsorum
930 5456 1253 5511 industriam
1296 5465 1353 5510 et
1397 5463 1569 5509 artem
1616 5455 1910 5523 superante
1950 5469 2048 5523 per

474 5547 876 5604 invocationem
927 5546 1021 5602 Dei
1070 5548 1380 5614 salvantur;
1433 5547 1507 5602 ita
1557 5553 1775 5616 oportet
1817 5559 1913 5599 eos
1954 5547 2046 5615 qui

2156 4624 2298 4677 μεις.
2327 4606 2528 4675 Διόπερ
2557 4606 2586 4658 ό
2611 4606 2812 4676 Κύριος
2832 4605 3014 4672 ἔλεγε·
3047 4605 3478 4674 Προσεύχεσθε
3498 4603 3587 4673 μὴ
3610 4606 3711 4685 ﬁt“,

2151 4697 2352 4752 ελθεῖν
2391 4699 2478 4762 εὶς
2523 4696 2881 4764 πειρασμόν.
2914 4694 3077 4747 Ἀλλά
3130 4694 3237 4765 μὴν
3275 4696 3384 4747 καὶ
3425 4693 3621 4763 Πέτρος
3646 4690 3711 4749 ti,"

2152 4789 2406 4844 τοσοῦτον
2432 4788 2707 4859 ἐταράχθη
2740 4788 2837 4841 καὶ
2878 4786 3141 4856 ἐσαλεύθη
3190 4785 3272 4856 τῷ
3310 4785 3608 4856 πειρασμῷ

2156 4882 2460 4953 ἀρνήσεως,
2499 4879 2641 4933 ὥστε
2675 4878 2919 4948 περὶτοῦ
2952 4878 3162 4949 Κυρίου
3201 4877 3421 4945 λέγειν·
3454 4878 3575 4929 Ob:
3601 4871 3703 4928 οἷὰ

2156 4974 2262 5028 τὸν
2300 4975 2614 5043 ἄνθρωπον
2638 4973 2873 5027 τοῦτον.
2911 4970 3218 5035 Μεθὺοντος
3240 4956 3297 5024 δέ
3314 4969 3444 5023 [διον
3471 4969 3576 5022 οὐκ
3600 4966 3703 5021 Eii-‘-

2154 5083 2242 5121 ναι
2271 5068 2368 5120 καὶ.
2392 5066 2486 5121 τὸν
2520 5064 2750 5136 τυχόντα
2771 5063 3066 5134 γνώριμον.
3099 5063 3235 5116 Τότε
3269 5062 3364 5116 καὶ
3392 5063 3543 5117 πᾶσα

2156 5160 2320 5229 σοφία
2346 5157 2645 5227 κατεπόθη.

2229 5294 2248 5327 ι
2284 5274 2391 5327 Καὶ
2418 5271 2722 5345 ἐκέκραξαν
2755 5271 2891 5341 πρὸς
2923 5269 3149 5341 Κύριον.
3188 5288 3207 5321 ι

2223 5363 2435 5419 Οὐκοῦν
2472 5364 2727 5433 καθάπερ
2769 5362 2819 5415 ot
2847 5360 3041 5415 ναῦται
3073 5359 3180 5414 ὑπὸ
3222 5359 3504 5431 χειμῶνος
3532 5359 3697 5423 ém‘r

2151 5456 2374 5527 φθέντες
2391 5455 2575 5525 πάσης
2597 5455 2790 5523 τέχνης
2810 5452 2906 5506 καὶ
2927 5451 3172 5513 ἐπινοίας
3195 5450 3511 5521 κρείττονος
3526 5448 3610 5504 δά
3626 5445 3697 5512 ἐἰς

2150 5549 2229 5611 είς
2273 5546 2364 5599 τὸν
2408 5545 2542 5601 Θεὸν
2586 5543 2928 5614 ἐπικλήσεως
2965 5540 3257 5606 σώζονται·
3299 5539 3451 5595 οὕτω
3486 5538 3589 5613 χρὴ
3624 5534 3697 5589 si

549 5722 593 5756 "'
629 5722 818 5779 Matth.
854 5742 930 5792 ιι,
964 5728 1050 5781 37.
1129 5728 1171 5760 ⁷⁸
1197 5726 1297 5781 Job
1323 5742 1408 5796 XL,
1438 5727 1525 5783 26.
1605 5729 1648 5762 ⁷⁸
1684 5726 1850 5786 Amos
1880 5727 2007 5798 111,6

2177 5686 2366 5783 Μαίη).
2392 5743 2538 5793 sxw,
2568 5725 2655 5782 il.
2732 5724 2776 5759 ⁷⁸
2797 5722 2989 5782 Matth.
3021 5740 3168 5793 xm,
3202 5721 3291 5780 72.
