3764 6320
14 323 184 392 1305

1237 335 1699 395 FRAGMENTA
1742 335 1823 395 IN
1866 338 2222 402 PSALMOS.

3225 345 3363 412 1306

12 443 166 507 τοὺς
226 445 682 517 πειραζομένους
732 445 908 515 οἰκείᾳ
965 446 1064 516 μὲν
1122 447 1351 518 δυνάμει
1400 450 1475 519 μὴ
1521 449 1655 519 θαρ-

1829 459 2046 508 nlantur
2098 457 2335 526 propriae
2384 459 2605 528 quidem
2656 461 2844 517 virtuti
2892 462 3119 519 minime
3171 464 3362 533 ﬁdere,

20 534 198 603 ῥεῖν,
242 532 403 607 μόνῃ
443 534 501 589 δὲ
545 539 614 608 τῇ
656 536 795 608 πρὸς
842 537 936 591 τὸν
971 536 1104 592 Θεὸν
1156 539 1486 610 πεποιθήσει
1531 541 1663 613 χρῆ-

19 624 192 681 σθαι.

110 738 131 771 ‹
165 720 298 774 Καὶ
330 721 749 795 εὐφράνθησαν,
782 724 864 777 ὅτι
893 722 1195 794 ἡσύχασαν.
1237 744 1254 777 ι

119 809 388 882 Ἐπειδὴ
437 812 498 865 τὸ
546 812 933 882 εὐαγγελικὸν,
966 813 1222 884 καθάπερ
1269 812 1500 884 ἔφημεν,
1551 814 1667 886 ᾐνί-

25 902 176 966 ξατο
208 904 528 976 κήρυγμα,
588 904 908 973 ἀναγκαίως
961 904 1291 975 Ἐκκλησίας
1325 905 1568 978 ᾐνίξατο,
1603 906 1666 959 οὐ

23 995 230 1060 λαοῦ,
265 997 497 1066 μήποτε
547 996 707 1071 δόξῃς
727 999 826 1068 τὴν
849 997 1182 1069 Συναγωγὴν
1204 998 1481 1068 λέγεσθαι,
1504 997 1669 1053 λαῶν

22 1082 89 1136 δὲ
138 1084 268 1139 τῶν
330 1085 512 1140 ὲθνῶν
567 1087 1014 1158 ἐμνημόνευσεν·
1062 1088 1120 1141 ἐν
1156 1082 1240 1151 οἷς
1286 1091 1381 1142 καὶ
1429 1088 1668 1158 καθέδρα

28 1178 497 1251 πρεσϐυτέρων,
521 1179 820 1235 αἰνούντων
845 1180 937 1233 τὸν
962 1180 1095 1235 Θεὸν
1118 1182 1233 1243 ταῖς
1263 1179 1667 1243 διδασκαλικαῐς

27 1269 354 1337 γλώσσαις
376 1285 393 1300 ⁸
432 1271 562 1340 περὶ
589 1264 663 1325 ὧν
693 1271 909 1334 Παῦλος
935 1271 1147 1339 ἔλεγεν·
1174 1274 1236 1326 Οἱ
1277 1272 1669 1340 πρεσϐύτεροι

29 1358 292 1428 διπλῆς
323 1360 509 1430 τιμῆς
537 1361 966 1416 αι’-ἰούονθωσαι⁴
987 1377 1000 1390 ·
1032 1362 1306 1431 μάλιστα
1332 1365 1387 1416 ol
1418 1361 1669 1416 κοπιῶν-ο

30 1469 146 1519 τες
183 1453 267 1505 ἐν
292 1455 468 1522 λόγῳ
497 1454 596 1507 καί
631 1453 1016 1520 διδασκαλίᾳ.

122 1562 144 1595 ι
188 1543 725 1615 Ἔθετοποταμοὺς
748 1546 827 1607 είς
858 1543 1088 1615 ἔρημον.
1136 1563 1154 1596 ι

115 1637 244 1708 Τὴν
281 1636 429 1707 παρ’
459 1637 717 1705 Ἕλλησιν
744 1635 980 1690 ὶνταῦθα
1013 1635 1206 1705 σοφίαν
1235 1636 1476 1707 ᾐνίξατο.
1513 1636 1671 1707 Ἐζή-

40 1729 185 1784 λουν
225 1729 350 1802 γὰρ
396 1731 677 1800 ποταμοὺς
721 1729 809 1781 διὰ
845 1728 942 1797 τὴν
976 1728 1207 1800 ῥέουσαν
1236 1728 1484 1795 γλῶτταν
1518 1729 1669 1798 φιλό-

1764 545 1859 600 sed
1891 546 2004 600 sola
2036 546 2131 602 Dei
2166 547 2365 602 ﬁducia
2396 549 2520 603 niti.

1837 722 1997 780 Vens.
2031 725 2121 780 50.
2155 746 2173 779 ι
2210 729 2277 783 Et
2300 729 2467 784 laetati
2497 739 2646 795 sunt,
2673 730 2799 799 quia
2830 726 3129 789 silu'erunt.
3167 754 3184 785 ι

1836 816 2315 890 Quandoquidem,
2353 823 2437 876 uti
2479 823 2818 887 dicebamus,
2863 827 3180 897 evangelica
3222 842 3363 896 pra:-

1768 911 1967 966 dicatio
1998 912 2175 968 fuerat
2206 914 2507 982 insinuata,
2537 916 2853 972 necessario
2891 918 3055 971 etiam
3094 919 3366 974 Ecclesias

1769 1003 1970 1070 innuit,
2016 1021 2127 1060 non
2175 1008 2380 1077 populi,
2419 1024 2489 1063 ne
2528 1009 2672 1064 forte
2709 1019 2868 1080 putes
2911 1008 3247 1081 Synagogam
3282 1011 3367 1064 in-

1770 1093 1964 1166 telligi,
1999 1095 2095 1149 sed
2137 1097 2473 1166 populorum,
2506 1099 2560 1153 id
2601 1108 2684 1154 cst
2724 1100 2993 1168 gentium,
3030 1100 3363 1154 mentionem

1770 1182 1943 1238 fecit:
1980 1184 2034 1239 in
2071 1186 2273 1256 quibus
2309 1188 2474 1243 etiam
2512 1198 2597 1247 est
2631 1191 2891 1246 cathedra
2931 1191 3233 1256 seniorum,
3268 1191 3369 1245 lin-

1771 1276 1892 1347 guis
1945 1277 2343 1336 doctrinalibus
2389 1282 2730 1336 laudantium
2779 1284 2950 1338 Deum
2996 1303 3009 1337 :
3051 1285 3119 1339 de
3167 1284 3366 1353 quibus

1771 1368 1973 1425 Paulus
2001 1372 2076 1425 ait
2107 1389 2119 1425 :
2152 1372 2451 1442 Presbyteri
2480 1375 2676 1441 duplici
2717 1376 2912 1429 honore
2958 1377 3106 1446 digni
3142 1376 3368 1429 habean-

1774 1469 1891 1527 tur;
1926 1463 2159 1516 maxime
2182 1465 2272 1534 qui
2298 1464 2547 1518 laborant
2577 1466 2632 1518 in
2659 1466 2812 1519 verbo
2838 1474 2887 1519 et
2915 1466 3158 1520 doctrina
3188 1468 3255 1521 ".

1847 1548 2006 1605 Vens.
2032 1553 2121 1606 55.
2153 1576 2171 1604 ι
2202 1551 2394 1607 Posuit
2424 1552 2648 1608 ﬁumina
2682 1554 2737 1608 in
2771 1555 3074 1609 desertum.
3111 1574 3131 1607 ι

1842 1638 2154 1695 Grmcorum
2222 1642 2315 1697 hic
2378 1641 2562 1697 innuit
2628 1643 2976 1713 sapientiam.
3040 1645 3360 1716 I’hi1050phi

1774 1727 1920 1782 enim
1945 1729 2316 1799 SOphistaeque
2340 1745 2403 1784 ac
2429 1731 2680 1785 rhetores
2707 1733 2778 1787 ob
2802 1733 3001 1804 lingua:
3029 1733 3362 1790 aﬁluentiam

40 1793 252 1892 cogam;
275 1793 383 1876 καὶ
415 1793 689 1889 σοφισταὶ,
725 1823 819 1873 καὶ
866 1793 1094 1891 piis-ops;
1115 1835 1129 1850 °
1166 1793 1282 1873 ἀλλ’
1307 1820 1514 1892 ἔρημον
1531 1793 1665 1875 -τού-

1829 1819 1967 1874 ivios
2004 1820 2407 1875 aemulabantur
2440 1840 2453 1875 :
2493 1823 2590 1877 sed
2632 1824 2876 1894 ipsorum
2918 1826 3267 1881 mendacium
3299 1844 3364 1883 ac

38 1931 167 1978 τοις
217 1913 469 1982 ἐλέγξας
521 1911 701 1965 αὐτῶν
754 1911 1035 1980 iro-445660;
1088 1913 1181 1965 καὶ
1246 1912 1662 1982 πεπλασμένον,

38 2007 212 2059 ἔθετο
239 2007 346 2059 καὶ
372 2005 478 2067 τὰς
505 2003 770 2070 διεξόδους
798 2003 908 2057 τῶν
942 2003 1117 2071 λόγων
1163 2003 1409 2073 (τούτους
1437 2004 1546 2074 γὰρ
1580 2005 1668 2058 διὰ

42 2097 153 2168 τὴν
211 2096 415 2167 βιαίαν
466 2095 644 2165 ὁρμὴν
710 2093 1158 2164 προσηγόρευσεν
1219 2092 1412 2162 ὕδατα)
1475 2095 1555 2157 είς
1593 2095 1671 2148 δί-

44 2190 186 2259 ψαν.
270 2185 608 2257 Ἀκυρώσας
676 2184 785 2255 γὰρ
854 2182 1033 2238 αὐτῶν
1087 2183 1187 2254 τὴν
1238 2184 1433 2254 χρῆσιν
1498 2200 1669 2254 μετα-

47 2283 370 2351 ϐέϐληκεν.

132 2394 152 2425 ι
186 2375 312 2444 Τῆν
343 2369 698 2442 καρποφόρον
732 2370 809 2431 είς
841 2368 1039 2439 ἅλμην.
1071 2387 1089 2418 ι

126 2464 320 2517 Τοῦτο
368 2462 557 2530 σαφῶς
598 2462 679 2522 εἰς
706 2460 804 2530 τὴν
863 2460 1127 2514 Ἰουδαίαν
1179 2460 1281 2531 γῆν
1320 2463 1671 2534 καρποφόρον

64 2557 375 2627 (ινομένην
400 2554 490 2606 διὰ
514 2554 639 2616 τοὺς
670 2550 730 2616 ἐξ
778 2552 948 2622 αὐτῆς
990 2554 1278 2624 προφήτας
1310 2555 1403 2607 καὶ
1430 2554 1558 2617 τοὺς
1595 2552 1673 2608 διὲ

56 2648 266 2709 καίους
304 2644 552 2715 εἴρηται,
594 2645 716 2714 ἥτις
756 2644 837 2707 είς
872 2643 1053 2713 ἅλμην
1094 2644 1203 2698 ἀπὸ
1244 2645 1443 2708 κακίας
1469 2643 1580 2698 τῶν
1614 2647 1672 2700 ὲν

51 2742 206 2810 αὐτῇ
235 2734 648 2792 κατοικούντων
671 2735 1058 2806 Γραμματέων
1093 2738 1187 2788 καὶ
1213 2737 1547 2806 Φαρισαίων,
1575 2738 1673 2790 καὶ

58 2833 298 2885 πάντων
369 2827 478 2880 τῶν
547 2826 932 2896 ἀσεϐησάντων
990 2827 1071 2889 είς
1134 2828 1370 2897 Χριστὸν
1436 2829 1673 2896 μεταϐέ-

59 2924 292 2994 ὄληται.
343 2918 546 2972 Οὐκέτι
591 2919 701 2990 γὰρ
748 2919 808 2971 ἐν
863 2918 1049 2981 αὐτοῖς
1097 2919 1296 2989 ἱερεὺς,
1349 2919 1412 2971 οὐ
1458 2922 1674 2990 προφή-

56 3032 166 3085 της
188 3030 203 3043 ·
245 3012 374 3065 ἀλλ’
400 3009 524 3064 οὐδὲ
549 3009 760 3080 καρπὸς
793 3009 980 3080 ἕτερος
1005 3009 1106 3078 τῆς
1135 3009 1371 3080 ἀρχαίας
1395 3008 1672 3074 πολιτείας

62 3105 426 3176 εὑρίσκεται.

144 3215 164 3248 ι
207 3193 420 3249 Ἐθετο
457 3192 664 3265 ἔρημον
694 3194 772 3257 εἰς
800 3193 998 3260 λίμνας
1037 3192 1270 3249 ὑδάτων.
1306 3213 1327 3246 ι

140 3375 337 3430 Εἰπὼν
374 3375 474 3427 ὅσα
493 3375 605 3437 τοῖς
625 3373 873 3436 ἀπίστοις
897 3372 1174 3442 Ἕλλησιν,
1201 3374 1283 3425 ἔτι
1315 3372 1380 3444 δὴ
1412 3374 1505 3426 καὶ
1546 3373 1674 3426 Ἰου-

67 3470 246 3531 δαίοις
275 3467 476 3538 ἔμελλε
502 3466 820 3535 συμϐαίνειν
858 3464 1079 3532 (ἕϐλεπε
1110 3466 1220 3534 γὰρ
1262 3463 1401 3517 αὐτὰ
1428 3467 1539 3527 τοῖς
1572 3466 1671 3532 όφ-

70 3558 308 3629 θαλμοίς
333 3557 428 3610 τοῦ
471 3555 826 3626 πνεύματος),
886 3557 994 3609 ἰδοὺ
1021 3556 1115 3609 νῦν
1146 3557 1214 3611 τὰ
1256 3556 1386 3627 περὶ
1417 3557 1517 3627 τῆς
1552 3557 1674 3610 Ἐκ-

74 3651 313 3722 κ).ησίας
354 3647 662 3718 συμφώνως
699 3647 777 3719 τῷ
816 3647 1016 3720 Ἡσαΐᾳ
1050 3646 1327 3702 ἐκτίθεται
1354 3665 1369 3680 ’
1403 3650 1537 3719 φησὶ
1564 3651 1671 3721 γὰρ

73 3745 359 3803 κάκεῖνος
382 3739 559 3805 Θήσω
587 3739 703 3807 τὴν
724 3739 950 3809 ἔρημον
977 3743 1065 3806 εις
1082 3738 1215 3806 ἕλη,
1244 3739 1343 3792 καί
1359 3738 1473 3808 τὴν
1488 3738 1690 3808 dep-(Bs

0 3898 1 3905 γ
72 3853 203 3891 σαν
245 3832 372 3904 γῆν
397 3835 484 3898 είς
511 3832 914 3903 ὐδραγωγούς.
942 3824 1116 3895 Οὗτος
1147 3832 1207 3884 δὲ
1234 3832 1432 3903 λίμνην
1466 3830 1674 3886 ὑδάτων

69 3928 178 3991 τὰς
208 3925 607 3997 κολυμϐήθρας
655 3924 847 3995 ἐνόησε
881 3925 975 3978 τοῦ
1025 3924 1405 3996 βαπτίσματος
1431 3942 1446 3957 ·
1485 3925 1676 3995 ὥσπερ

0 4066 3 4071 ,
77 4017 252 4080 αὑτὰς
296 4017 394 4071 καὶ
443 4016 696 4086 Σολομῶν
747 4017 805 4068 ἐν
833 4016 946 4078 τοῖς
1006 4017 1306 4088 ’ᾼσμασιν,
1361 4015 1527 4084 ἡνίκα
1584 4013 1675 4067 τὸν

76 4112 323 4183 Χριστὸν
350 4109 488 4181 πρὸς
517 4110 615 4181 τὴν
650 4109 845 4162 ἑαυτοῦ
878 4108 1098 4178 νύμφην
1128 4108 1392 4179 εἰσήγαγε
1414 4107 1513 4178 τὴν
1551 4108 1673 4160 Ἐκ-

0 4250 1 4255 η
78 4205 317 4277 κλησίαν
349 4205 613 4272 λέγοντα·
643 4206 708 4257 Ol
731 4204 1029 4273 ὀφθαλμοί
1066 4219 1182 4257 σου
1227 4203 1309 4268 ὡς
1356 4203 1564 4272 λίμναι
1604 4205 1675 4257 ἐν

92 4298 366 4354 Ἐσεϐῶν
387 4297 458 4351 ἐν
485 4297 710 4362 πύλαις
749 4294 1042 4365 θυγατρὸς
1078 4293 1327 4349 πολλῶν
1349 4312 1361 4327 ⁸
1401 4294 1676 4364 θυγατέρα

0 4437 3 4465 ἴ
81 4390 299 4443 πολλῶν
328 4390 429 4460 τὴν
476 4372 804 4459 Ἐκκλησίαν
826 4385 1119 4457 νενοηκὼς·
1144 4387 1204 4440 οὐ
1232 4386 1338 4458 γὰρ
1359 4387 1537 4457 μόνων
1562 4385 1673 4440 τῶν

83 4482 426 4546 ἀποστόλων,
472 4480 606 4535 ἀλλὰ
645 4481 738 4534 καὶ
787 4479 1087 4551 προφητῶν
1119 4478 1369 4549 θυγάτηρ
1430 4479 1670 4547 ἐγένετο.
1706 4460 1751 4515 D

0 4626 3 4645 ;
85 4579 202 4631 Οὐκ
242 4572 313 4647 ἦν
354 4577 411 4629 δὲ
446 4578 506 4630 ὲν
551 4577 688 4648 αὐτῇ
746 4577 1016 4647 πρότερον
1055 4575 1230 4642 Λόγος
1277 4574 1434 4640 Θεοῦ,
1484 4573 1581 4628 νῦν
1615 4576 1673 4629 δὲ

0 4726 1 4729 η
56 4669 342 4723 τοσοῦτον
388 4669 642 4720 πλουτεῖ·
675 4667 817 4723 ὥστε
849 4670 925 4730 εἰς
950 4669 1130 4721 πᾶσαν
1155 4667 1326 4736 αὐτῆς
1361 4666 1460 4736 τὴν
1493 4667 1675 4719 οἰκου-

0 4828 1 4835 γ
53 4737 65 4751 “
95 4761 266 4833 μένην
288 4758 587 4813 διαϐαίνειν
611 4758 680 4811 τὰ
701 4758 963 4828 δόγματα⁶
996 4760 1054 4813 ὲν
1086 4752 1168 4822 οἷς
1201 4757 1533 4827 φυτευθῆναι
1570 4774 1676 4827 μα..

95 4855 307 4924 κὰριον.
344 4851 511 4905 Ξύλον
530 4851 639 4921 γάρ
666 4868 720 4904 τι
755 4850 1072 4922 εὑρίσκεται
1105 4851 1165 4904 ἐν
1206 4850 1385 4919 καιρῷ
1417 4850 1508 4904 τὸν
1541 4867 1676 4921 καρο

96 4945 198 4997 πδν
234 4944 445 5010 ποιοῦν,
472 4944 565 4996 καὶ
590 4944 801 5014 μήποτε
837 4943 900 4995 τὸ
925 4943 1121 5011 φύλλον
1150 4940 1482 5004 ἀποϐάλλον,
1510 4941 1585 5005 ὡς
1616 4944 1673 4994 ἐν

99 5035 206 5096 τοῖς
228 5034 534 5105 προοιμίοις
555 5033 666 5086 τῶν
693 5032 941 5104 Ψαλμῶν
973 5033 1413 5103 ἀναγέγραπται.

179 5143 198 5176 ι
232 5124 344 5178 Καὶ
371 5126 775 5197 συνεστήσαντο
807 5124 993 5189 πόλεις
1027 5122 1404 5186 κατοικεσίας.
1439 5143 1458 5175 ι

173 5298 248 5353 Οὐ
283 5300 458 5366 πόλιν,
493 5301 629 5355 ἀλλὰ
664 5302 872 5366 πόλεις.
917 5300 1222 5371 Διαφόρους
1260 5299 1370 5370 γὰρ
1398 5299 1676 5364 πολιτείας

104 5392 133 5445 ὁ
154 5389 214 5457 ἐξ
247 5388 415 5444 ἐθνῶν
439 5390 567 5454 λαὸς
594 5390 727 5461 ἔχει,
769 5393 828 5446 ὲν
861 5389 951 5456 αἷς
980 5390 1256 5446 κατοικίαι
1299 5390 1410 5443 τῶν
1442 5391 1674 5460 ἀρετῶν,

109 5482 311 5546 αἵτινες
356 5483 448 5537 τὸν
498 5481 700 5538 ἔσωθεν
743 5483 901 5554 ἡμῶν
933 5484 1223 5556 ἄνθρωπον
1271 5482 1554 5549 σκέπουσι,
1584 5482 1680 5536 κέ-

111 5591 324 5646 κτηται.

181 5753 267 5812 "l
302 5754 440 5812 'Iim.
466 5771 519 5818 ν,
552 5752 639 5807 -17,
718 5752 760 5785 ⁸ο
792 5751 894 5807 Isa.
924 5768 1032 5819 xu,
1057 5753 1139 5811 l8.
1216 5753 1255 5786 '”
1284 5718 1438 5808 Cant.
1476 5767 1570 5813 ru.
1604 5753 1657 5809 4.

1772 1910 2050 1965 ﬁctionem
2095 1926 2330 1982 arguens
2377 1913 2658 1967 desertum
2712 1914 2819 1969 illis
2864 1916 3051 1984 posuit
3094 1925 3150 1972 et
3185 1917 3364 1973 exitus

1773 2017 2085 2057 sermonum
2130 2004 2256 2073 (hos
2299 2004 2447 2058 enim
2500 2014 2726 2075 propter
2768 2008 3150 2062 vehementem
3188 2010 3364 2079 impe-

1776 2102 1887 2147 tum
1918 2108 2090 2162 aquas
2129 2094 2445 2165 appellavit)
2479 2095 2533 2149 in
2571 2095 2739 2150 sitim.
2772 2095 2997 2152 Illorum
3031 2098 3177 2152 enim
3202 2116 3361 2155 usum

1773 2186 2044 2258 abrogans
2073 2185 2402 2242 immutavit.

1738 2419 1742 2423 ι
1845 2365 2008 2422 Vens.
2040 2366 2131 2421 54.
2168 2386 2186 2419 ι
2218 2366 2445 2422 Terram
2486 2367 2821 2423 fructiferam
2857 2369 2913 2423 in
2950 2368 3302 2439 salsuginem.
3337 2386 3355 2421 ι
3427 2375 3436 2383 ·

1842 2453 1960 2511 Hoc
2012 2458 2304 2528 perspicue
2360 2457 2568 2513 dictum
2617 2466 2702 2512 est
2760 2458 2817 2511 in
2871 2466 3070 2512 terram
3122 2458 3361 2513 Judacam

1772 2547 2115 2604 fructiferam
2180 2560 2406 2620 propter
2456 2551 2760 2621 praphetas
2812 2558 2868 2605 et
2911 2550 3092 2619 justos
3145 2567 3211 2603 ex
3272 2550 3363 2603 illa

1773 2639 2057 2707 oriundos,
2086 2641 2293 2709 quaa‘in
2316 2640 2650 2712 salsuginem
2681 2647 3015 2694 commutata
3045 2646 3129 2693 est
3159 2655 3188 2692 a
3208 2638 3364 2692 mali-

1773 2730 1847 2785 tia
1898 2730 2328 2786 inhabitantium
2381 2732 2436 2785 in
2476 2746 2539 2786 ea
2584 2731 2902 2786 Scribarum
2946 2746 3010 2784 ac
3055 2729 3365 2784 Pharisazo-

1774 2837 1920 2888 rum,
1956 2829 2012 2876 et
2051 2823 2300 2877 omnium
2350 2837 2479 2893 erga
2532 2822 2811 2877 Christum
2864 2820 3182 2891 impiorum.
3236 2820 3359 2875 Non

1773 2914 2011 2984 amplius
2042 2915 2192 2969 enim
2240 2914 2292 2968 in
2332 2914 2439 2969 illis
2474 2915 2752 2979 sacerdos,
2786 2929 2896 2968 non
2928 2914 3231 2983 propheta;
3268 2914 3363 2968 sed

1773 3020 1953 3075 neque
1981 3005 2197 3061 fructus
2229 3006 2368 3061 alius
2390 3006 2630 3075 antiquae
2661 3004 2976 3075 reipublicae
3001 3002 3294 3073 reperitur.

1845 3189 2011 3246 Vens.
2070 3191 2158 3246 35.
2201 3209 2220 3242 ι
2260 3190 2450 3246 Posuit
2514 3191 2792 3245 desertum
2845 3190 2900 3243 in
2964 3201 3156 3261 stagna
3195 3201 3363 3258 aqua-

1774 3300 1918 3340 rum.
1956 3303 1974 3337 1

1842 3375 1981 3431 Cum
2009 3376 2240 3431 dixisset
2266 3375 2356 3430 illa
2385 3391 2506 3445 qua:
2537 3372 2834 3428 incredulis
2861 3373 3117 3443 gentibus
3147 3384 3203 3428 et
3238 3389 3362 3443 quae

1774 3466 2000 3534 insuper
2034 3456 2238 3520 Iudaeis
2281 3473 2547 3520 eventura
2581 3473 2740 3518 erant
2772 3464 2885 3532 (illa
2917 3466 3063 3518 enim
3102 3465 3365 3535 spiritali-

1773 3558 1876 3612 bus
1897 3558 2069 3611 oculis
2114 3557 2431 3626 cernebat),
2467 3570 2597 3610 ecce
2636 3570 2787 3609 nunc
2820 3570 2883 3609 ea
2914 3571 3035 3624 qua:
3077 3558 3144 3611 ad
3183 3556 3369 3611 Eccle-

1774 3652 1913 3705 siam
1970 3650 2252 3720 pertinent
2310 3647 2669 3703 conformiter
2728 3663 2855 3703 cum
2916 3647 3055 3702 Isaia
3107 3649 3365 3719 exponit;

1776 3759 1903 3798 nam
1932 3750 1988 3797 et
2015 3744 2103 3798 ille
2135 3744 2214 3797 ait
2251 3760 2265 3800 :
2308 3741 2514 3796 Ponam
2552 3747 2816 3795 desertum
2856 3740 2910 3794 in
2946 3740 3185 3812 paludes,
3212 3751 3261 3795 et
3293 3743 3366 3796 si—

1776 3836 1988 3889 tientem
2014 3844 2213 3889 terram
2238 3836 2294 3888 in
2319 3835 2661 3905 aquwductus
2681 3834 2749 3886 ‘°.
2777 3832 2878 3888 llic
2902 3842 3085 3887 autem
3117 3842 3367 3904 stagnum

1777 3942 2044 3996 aquarum
2088 3927 2269 3981 fontes
2306 3925 2653 3996 baptismatis
2690 3925 2808 3980 sive
2845 3924 3163 3994 baptisteria
3206 3924 3370 3978 intel-

1776 4020 1942 4087 lexit;
1996 4029 2160 4090 prout
2205 4022 2372 4075 etiam
2422 4018 2683 4073 Salomon
2733 4019 2788 4073 in
2834 4018 3110 4083 Canticis,
3152 4020 3371 4088 quando

1776 4113 2057 4167 Christum
2107 4113 2175 4166 ad
2228 4127 2485 4181 sponsam
2530 4127 2685 4166 suam
2722 4110 3021 4165 Ecclesiam
3068 4111 3372 4165 introduxit

1778 4206 2051 4261 dicentem
2087 4222 2102 4261 :
2141 4204 2294 4259 Oculi
2334 4205 2412 4257 tui
2457 4213 2711 4273 tanquam
2745 4212 2935 4273 stagna
2975 4203 3029 4255 in
3063 4202 3267 4256 Eseban
3315 4203 3371 4255 in

1777 4299 1944 4368 portis
1968 4296 2097 4366 ﬁlice
2121 4295 2413 4350 multorum
2438 4295 2520 4361 ⁸¹;
2553 4293 2719 4348 ﬁliam
2750 4294 3047 4349 multorum
3070 4293 3370 4348 Ecclesiam

1779 4390 2091 4461 intelligens
2136 4406 2150 4443 :
2203 4388 2472 4458 siquidem
2523 4402 2635 4441 non
2683 4386 2922 4441 solorum
2977 4385 3370 4455 apostolorum,

1780 4484 1876 4539 sed
1921 4482 2085 4537 etiam
2140 4482 2534 4552 prophetarum
2583 4478 2690 4532 ﬁlia
2746 4477 2974 4533 exstitit.
3015 4475 3213 4531 Verum
3260 4493 3371 4530 non

1782 4583 1900 4630 erat
1926 4575 1982 4629 in
2011 4589 2073 4629 ea
2102 4574 2255 4643 prius
2285 4572 2523 4628 Verbum
2554 4570 2670 4637 Dei,
2707 4571 2801 4626 sed
2842 4584 2988 4624 nunc
3030 4568 3161 4623 illud
3197 4567 3371 4638 possi-

1782 4668 1911 4732 det;
1948 4667 2019 4720 ita
2058 4674 2118 4720 ut
2148 4680 2367 4719 omnem
2413 4675 2681 4719 terrarum
2726 4663 2917 4718 orbem
2965 4660 3084 4729 ejus
3118 4661 3370 4729 dogmata

1783 4764 2109 4828 penetrem;
2157 4756 2211 4808 in
2256 4756 2454 4824 quibus
2500 4753 2812 4808 institutum
2847 4765 2968 4806 esse
3007 4749 3228 4803 beatum
3265 4758 3370 4801 est.

1784 4848 1929 4904 Talis
1966 4846 2115 4901 enim
2152 4846 2425 4914 reperitur
2462 4843 2669 4912 lignum
2703 4842 2849 4909 quod
2880 4842 2936 4893 in
2969 4847 3215 4908 tempore
3257 4836 3372 4891 fru-

1782 4948 1931 4995 ctum
1979 4937 2128 5001 facit,
2164 4945 2219 4990 et
2252 4934 2339 4989 cui
2374 4948 2656 5003 nunquam
2705 4932 2896 4986 lolium
2943 4930 3168 4996 decidit,
3214 4937 3274 4984 ut
3315 4930 3371 4984 in

1785 5029 2066 5102 principiis
2097 5028 2437 5083 Psalmorum
2470 5024 2738 5095 scriptum
2769 5032 2874 5079 est.

1854 5123 2018 5179 Vens.
2069 5121 2158 5177 36.
2212 5142 2233 5175 ι
2281 5122 2348 5177 Et
2400 5118 2807 5176 constituerunt
2852 5116 3102 5173 civitates
3154 5115 3367 5172 habita-

1785 5214 1971 5269 tionis.
2012 5232 2030 5265 ι

1854 5302 1973 5359 Νοη
2005 5303 2304 5369 civitatem,
2341 5303 2435 5358 sed
2471 5301 2740 5357 civitates.
2771 5301 3023 5355 Diversas
3061 5297 3207 5352 enim
3250 5312 3367 5352 res-

1785 5395 2031 5466 publicas
2057 5395 2223 5449 habet
2242 5394 2477 5464 populus
2498 5407 2563 5447 ex
2589 5392 2861 5464 gentibus,
2886 5390 2944 5443 in
2964 5389 3162 5459 quibus
3187 5389 3362 5458 possi-

1790 5487 1883 5542 det
1913 5486 2173 5541 virtutum
2209 5485 2592 5551 habitationes,
2623 5499 2741 5555 qua:
2770 5480 3088 5538 interiorem
3118 5488 3389 5536 nostrum.

1792 5579 2067 5636 hominem
2102 5587 2408 5650 protegunt.
