3764 6320
7 301 34 364 9
1055 305 1514 366 FRAGMENTA
1553 305 1632 364 ΙΝ
1669 305 2030 364 PSALMOS.
3059 297 3194 362 1310

441 416 762 473 ,ΨΑΛΜΟΣ
799 416 920 472 ΡΖκ
1533 431 1579 482 Α

1533 431 1579 482 Α
2141 415 2263 471 PSA
2273 415 2462 472 LMUS
2499 413 2658 470 CVII.

45 507 176 580 ᾪδὴ
200 507 427 579 ψαλμοῦ
443 506 521 576 τῷ
551 507 738 563 Δαυῒδ.
790 525 810 560 ι

1675 507 1840 566 Vens.
1878 509 1926 563 Ι.
1969 527 1988 562 ι
2025 509 2311 564 Canticum
2345 509 2540 580 psalmi
2574 508 2676 579 ipsi
2712 506 2902 564 David.
2939 527 2957 561 ι

7 598 148 670 ῼδὴν
160 599 386 671 ψαλμοῦ
400 599 500 671 τὴν
520 601 577 653 ἐν
595 599 811 652 συνέσει
830 597 1141 668 δοξολογίαν
1159 599 1325 668 λέγει·
1345 597 1493 653 τοῦτ(

1706 602 1967 658 ιαιιιὶριιω
1999 601 2192 671 psalmi
2229 609 2390 655 vocat
2421 600 2882 655 collauilationem
2919 598 2974 653 in
3008 599 3192 656 scien-

36 692 134 744 καὶ
162 693 281 756 τοῖς
313 692 445 764 ἑξῆς
472 690 847 763 δειχθήσεται.

1715 697 1878 751 :hoc
1929 695 2078 750 enim
2128 695 2294 750 etiam
2353 709 2454 764 per
2506 693 2794 763 sequentia
2847 692 3193 748 demonstra-

50 868 287 940 Ἐτοίμη
320 870 356 940 ἡ
379 869 575 941 καρδία
617 887 748 940 μου,
782 869 812 921 ὁ
847 869 999 934 Θεός.
1027 888 1047 921 ι

1610 791 1781 845 bitur.

1684 875 1841 930 Vsus.
1866 877 1920 930 2.
1962 894 1981 928 ι
2025 873 2276 929 Paratum
2312 889 2407 929 cor
2439 887 2647 938 meum,
2685 871 2848 926 Deus.
2885 890 2902 923 ι

8 959 274 1032 ίακάριον
305 960 620 1032 ἑτοιμάζειν
647 959 770 1033 Θεῷ
796 962 896 1033 τὴν
937 962 1169 1033 καρδίαν
1194 978 1207 990 ·
1252 962 1369 1030 ἔξει
1402 961 1494 1034 γά(

1709 968 1911 1022 leatum
1955 976 2039 1022 est
2085 980 2398 1036 praeparare
2442 980 2539 1019 cor
2587 964 2700 1018 Deo
2735 980 2748 1017 :
2783 977 2910 1017 nam
2957 963 3048 1032 qui
3092 964 3195 1018 hoc

8 1052 74 1104 ὸν
103 1055 132 1106 ὁ
157 1053 476 1125 ἐτοιμάζων
519 1054 753 1110 ἔνοικον.
798 1055 1023 1126 Ἐπειδὴ
1060 1055 1118 1108 δὲ
1147 1057 1241 1108 τὸν
1279 1056 1454 1124 Λόγον
1483 1061 1494 1108 ι

1709 1068 1770 1114 at
1813 1058 2046 1114 habebit
2097 1058 2274 1127 ipsum
2333 1056 2591 1110 incolam.
2646 1055 2783 1111 Cum
2829 1064 3013 1110 autem
3060 1054 3195 1108 Pro-

7 1146 212 1214 ιφήτης
246 1144 533 1209 δίεσωσεν,
583 1144 696 1216 ἄρα
727 1145 925 1215 διπλῆν
951 1145 1101 1216 αὐτῷ
1145 1146 1246 1213 τὴν
1289 1147 1493 1216 ἕτοιμα⁴

1710 1161 1781 1208 tta
1820 1152 2056 1207 Verbum
2100 1150 2206 1205 hoe
2243 1149 2566 1212 servaverit,
2599 1148 2789 1218 utique
2834 1147 3108 1218 duplicem
3147 1146 3196 1200 ei

7 1251 33 1287 ν
58 1235 409 1304 προσφέρειν
437 1235 752 1306 ὀφείλομεν.
782 1236 892 1288 Καὶ
930 1235 1182 1308 καθάπερ
1215 1236 1265 1288 οἰ
1292 1234 1493 1305 βασιλέι

1712 1244 2069 1315 :parationem
2124 1240 2325 1296 all'erre
2380 1239 2670 1294 debemus.
2725 1238 2793 1292 Et
2840 1238 3198 1307 quemadmo-

7 1324 220 1388 ιλοντες
253 1326 620 1396 ὑποδέχεσθαι
649 1325 1004 1395 ἑτοιμάζουσι
1031 1327 1124 1379 τὸν
1155 1323 1328 1392 οἷκον,
1359 1324 1493 1395 πρῶ

1711 1353 1744 1391 n
1808 1336 1888 1390 illi
1928 1334 2025 1404 qui
2075 1347 2262 1400 regem
2316 1331 2558 1400 hOSpitio
2602 1329 2886 1398 excepturi
2925 1337 3056 1383 sunt
3097 1329 3197 1384 do-

45 1415 152 1486 μὲν
181 1415 636 1488 ἐκκαθαίροντες,
675 1415 928 1487 δεύτερον
960 1416 1016 1470 δὲ
1070 1409 1242 1488 σκεύη
1273 1417 1332 1470 ἐν
1364 1414 1517 1485 αὐτῷ

1713 1444 1767 1484 ιιι
1818 1434 2049 1498 parant,
2092 1425 2332 1496 primum
2375 1421 2598 1493 quidem
2640 1435 2763 1475 eam
2809 1426 3199 1490 expurgantes,

24 1507 169 1578 πρὸς
198 1505 303 1578 τὴν
346 1507 538 1578 χρείαν
581 1506 1005 1578 ἀποτιθέμενοι*
1049 1507 1190 1560 οῦτω
1230 1506 1329 1560 καὶ
1357 1507 1510 1576 ἡμεῖς

1715 1520 1819 1576 nde
1859 1533 1994 1576 vero
2040 1531 2172 1572 vasa
2222 1515 2290 1570 ad
2337 1525 2496 1569 usum
2546 1509 2863 1567 necessaria
2907 1510 2965 1564 in
3007 1509 3201 1564 eadem

7 1596 112 1668 λῆν
146 1597 478 1668 ὲτοιμασίαν
500 1596 580 1666 τῷ
599 1597 718 1668 Θεῷ
744 1597 1189 1668 παρασκευάζειν
1214 1596 1492 1668 χρῄζομεν

1715 1615 1988 1678 locantes;
2037 1610 2120 1666 sic
2163 1607 2333 1664 etiam
2382 1620 2486 1662 nos
2528 1603 2802 1674 duplicem
2845 1601 3201 1672 praeparatio-

7 1708 51 1745 ιν
89 1691 215 1760 μὲν,
247 1688 614 1762 καθαίροντες
644 1689 734 1743 τὸν
755 1689 854 1759 τῆς
892 1687 1120 1759 καρδίας
1149 1688 1309 1740 ναὸνο
1341 1684 1493 1739 δεῦτε

1719 1725 1750 1763 ιι
1791 1707 1906 1762 Deo
1943 1703 2210 1760 exhibere
2240 1700 2509 1756 debemus
2541 1715 2556 1751 :
2587 1712 2753 1751 unam
2800 1695 3025 1766 quidem
3065 1703 3205 1748 tem-

7 1797 30 1830 ν’·
59 1783 142 1849 δὲ,
176 1782 394 1854 ἀρετὰς
431 1781 570 1852 αὐτῇ
615 1780 712 1834 καὶ
745 1779 974 1849 πράξεις
1019 1778 1231 1849 ἀγαθάς
1261 1776 1491 1846 ἐπεισφέ

1723 1819 1775 1856 m
1807 1799 1991 1856 cordis
2025 1794 2411 1859 emundanda;
2454 1791 2684 1846 alteram
2719 1804 2850 1845 vero
2880 1788 3110 1843 virtutes
3141 1803 3205 1842 ac

7 1891 129 1937 ιτες.
168 1872 334 1927 Οῦτω
376 1873 491 1942 γάρ
520 1873 652 1942 ἡμῖν
692 1871 720 1923 ὁ
752 1869 888 1933 Θεὸς
929 1869 1032 1922 οὐκ
1083 1867 1379 1938 ἐνδημήσει
1425 1864 1493 1935 μό

1717 1893 1826 1946 ,ωε
1857 1888 2105 1944 actiones
2140 1885 2218 1938 illi
2255 1878 2568 1936 inferendo.
2605 1876 2698 1931 Sic
2729 1875 2876 1930 enim
2918 1875 3060 1930 Deus
3095 1889 3203 1928 non

7 1981 34 2027 ι,
65 1963 205 2017 ἀλλὰ
230 1963 328 2017 καὶ
355 1962 689 2032 ὲγχρονίσει.
711 1961 881 2027 Δόξαν
916 1959 1110 2014 ἑαυτοῦ
1157 1961 1186 2013 ὁ
1229 1958 1490 2030 Προφήτη

1720 1994 1800 2032 .im
1840 1977 1906 2030 ad
1951 1989 2054 2028 nos
2090 1969 2479 2031 diversabitur,
2522 1981 2716 2022 verum
2754 1963 2920 2018 etiam
2955 1964 3010 2017 in
3048 1963 3206 2017 nobis

7 2072 18 2105 ι
98 2054 342 2126 Χριστὸν
387 2053 867 2124 προσηγόρευσεν·
915 2051 1104 2122 ἐπειδὴ
1168 2049 1493 2120 συμμόρφου

1719 2065 2078 2123 nmorabitur.
2118 2062 2361 2119 Gloriam
2402 2073 2557 2115 suam
2600 2057 2692 2113 hic
2730 2054 3004 2124 Propheta
3041 2053 3205 2108 Chri-

8 2147 74 2210 ἇς
103 2147 204 2217 τῆς
237 2145 409 2215 δόξης
433 2145 534 2213 τῆς
561 2144 794 2208 οἰκείας,
823 2143 1109 2198 ἀναλαϐὼν
1133 2141 1202 2195 τά
1245 2140 1494 2212 ἡμέτερα

1725 2178 1771 2214 m
1822 2156 2150 2229 appellavit;
2203 2150 2647 2223 quandoquidem
2699 2163 2826 2204 cum
2877 2157 3064 2202 nostra
3121 2162 3211 2200 as-

7 2237 250 2307 ποίηκεν.
281 2238 380 2290 Ἐν
415 2236 591 2307 τούτῳ
611 2233 790 2289 τοίνυν
821 2234 967 2305 ᾅδειν
995 2235 1090 2287 καὶ¹
1115 2233 1340 2302 ψάλλειν
1369 2231 1493 2300 φησὶ

1721 2252 1890 2322 npsit,
1941 2247 2258 2303 conlormes
2307 2260 2412 2299 nos
2458 2242 2645 2313 gloriae
2687 2257 2800 2296 sua:
2841 2238 3100 2295 reddidit.
3149 2239 3207 2292 In

7 2331 198 2395 πέστι,
234 2331 336 2385 σὺν
385 2330 592 2383 αἰνέσει
633 2329 960 2396 δοξολογεῖν.
1010 2328 1074 2380 Τί
1099 2326 1155 2378 δὲ
1185 2328 1245 2378 ὲν
1289 2324 1366 2395 τῷ
1404 2325 1484 2394 Χρ

1743 2342 1909 2413 igitur
1957 2337 2294 2394 cantandum
2347 2343 2402 2389 et
2453 2332 2796 2405 psallendum
2845 2331 2952 2397 ait,
3004 2330 3058 2384 id
3104 2338 3207 2393 est,

7 2419 41 2490 ξ)
76 2421 392 2489 δοξολογεῖν
421 2421 518 2473 καὶ
536 2418 760 2488 ψάλλειν
784 2436 801 2485 ;
831 2418 899 2471 τά
929 2419 1057 2487 περὶ
1085 2415 1250 2470 αὐτοῦ
1285 2413 1493 2485 δηλονόι

1727 2451 1757 2488 n
1805 2432 1968 2487 laude
2016 2427 2430 2485 celebrandum.
2483 2425 2624 2491 Quid
2679 2438 2846 2495 porro
2893 2422 2950 2476 in
2997 2419 3213 2475 Christo

11 2513 234 2583 στήριαο
1631 2527 2025 2585 celebrandum
2101 2533 2157 2578 et
2237 2520 2622 2591 psallendum?
2695 2518 2882 2588 utique
2959 2513 3214 2587 mysteria

9 2725 28 2759 ι
69 2706 458 2779 Ἐξεγέρθητι,
491 2707 525 2778 ἡ
555 2705 687 2770 δόξα
720 2722 844 2776 μου.
885 2724 904 2756 ι

1633 2637 1823 2692 tpsms.

1711 2712 1868 2767 Vsus.
1901 2710 1953 2764 ’5.
1989 2726 2008 2761 ι
2041 2708 2308 2776 Exsurge,
2342 2703 2510 2776 gloria
2540 2716 2683 2756 mea.
2716 2719 2733 2751 ι

9 2799 228 2864 Πόθεν;
279 2799 349 2850 ὲκ
379 2796 489 2850 τῶν
527 2797 800 2851 ταπεινῶν
843 2797 942 2867 τῆς
976 2794 1393 2866 άνθρωπὸτητος
1427 2810 1495 2864 μυ

1730 2802 1903 2860 Inde?
1937 2800 2016 2854 Ex
2061 2798 2364 2855 humilibus
2409 2792 2767 2850 humanitatis
2808 2788 3102 2861 mysteriis,
3149 2801 3216 2840 ex

7 2891 202 2961 ηρίων,
243 2893 312 2943 ἐκ
360 2887 470 2942 τῶν
515 2889 730 2960 νεκρῶν
775 2886 869 2952 οὓς
923 2887 1200 2942 κατελθὼν
1239 2889 1268 2940 ὁ
1297 2885 1493 2956 Χριστὲ

1731 2897 1770 2952 is
1811 2892 2044 2949 mortuis
2092 2905 2233 2961 quos
2279 2885 2622 2944 descendens
2663 2882 2914 2940 Christus
2959 2880 3217 2935 visitare-

8 2980 288 3049 εεσκέψατο
315 2997 328 3011 ·
379 2978 588 3032 ἐκεῖθεν
636 2979 800 3032 αὐτὸν
844 2978 1231 3049 ἐξαναστῆσαι,
1283 2978 1372 3031 ἴνα
1443 2992 1494 3028 κς

1749 3008 1762 3043 :
1793 2987 1920 3043 inde
1949 2985 2070 3040 vult
2099 2983 2279 3053 ipsum
2311 2993 2626 3049 exsurgere,
2653 2985 2715 3032 ut
2742 2975 2903 3030 etiam
2936 2972 3215 3036 ascendat,

9 3070 227 3141 αληφθῇ
249 3112 265 3136 ,
298 3069 376 3133 ὡς
412 3068 715 3140 μελλόντων
752 3071 785 3138 ἡ
796 3070 914 3140 μῶν
945 3072 1219 3123 κοινωνεῖν
1252 3067 1398 3138 αὐτῷ
1432 3067 1495 3135 τῆ

1733 3087 1831 3135 iet
1869 3091 1971 3131 nos
2005 3088 2224 3159 quoque
2268 3070 2507 3128 ccelestis
2541 3069 2662 3139 ejus
2700 3066 2884 3138 gloria:
2925 3063 3219 3136 participes

7 3164 100 3233 ξης
137 3163 239 3232 τῆς
281 3163 362 3226 εἰς
407 3162 669 3232 οὐρανοὺς
719 3161 988 3232 βούλεται.
1042 3162 1175 3215 Οὐδὲ
1210 3160 1319 3231 γὰρ
1367 3160 1493 3230 μόνο

1735 3171 1961 3224 ιὰιιηιιιε.
2003 3153 2124 3221 Non
2155 3165 2334 3220 solum
2365 3163 2515 3217 enim
2549 3155 3095 3216 nos'consuscitavit,
3125 3153 3221 3208 sed

7 3257 276 3327 ονὴγειρεν
324 3255 506 3325 ἡμᾶς,
555 3254 692 3309 ἀλλὰ
735 3256 832 3308 καὶ
882 3254 1242 3309 συνεκάθισεν
1284 3254 1343 3305 ὲν
1385 3251 1493 3316 δεξι

1736 3276 1805 3315 tm
1836 3258 2139 3316 consedere
2169 3255 2300 3310 l’ccit
2326 3253 2382 3309 in
2412 3254 2638 3309 dextera
2667 3264 2764 3304 sua
2795 3249 2851 3302 in
2884 3245 3222 3304 coelestibus.

7 3346 148 3401 ιυτοῦ
196 3351 256 3400 ὲν
296 3348 414 3409 τοῖς
461 3344 830 3416 ἐπουρανίοις.
883 3344 1129 3398 Παλαιὰν
1171 3342 1406 3396 ἐνταῦθα
1449 3359 1493 3394 κ‹

1733 3359 1908 3408 )vocat
1952 3351 2057 3404 hoc
2099 3349 2222 3403 loco
2252 3347 2424 3403 Vetus
2452 3359 2517 3399 ac
2543 3341 2755 3398 Novum
2785 3339 3219 3399 Testamentum,

8 3438 165 3510 αινὴν
191 3438 474 3511 Διαθήκην
519 3435 900 3507 ἐξεγερθῆναι,
955 3436 1034 3497 εἰς
1082 3434 1181 3496 τὰς
1234 3436 1360 3504 περὶ
1409 3432 1494 3484 Θει

1746 3449 2002 3512 exsurgat
2044 3439 2111 3493 ad
2151 3436 2466 3492 testimonia
2511 3435 2578 3490 de
2624 3433 2736 3486 Deo
2782 3427 3128 3500 proferenda,
3168 3435 3225 3478 ut

7 3529 268 3599 πρτυρίας
303 3526 646 3602 παρακαλεῖ,
679 3524 820 3578 ὥστε
851 3525 918 3578 δι’
962 3524 1146 3578 αὐτῶν
1185 3524 1493 3593 πιστευθῆν‹

1736 3551 1745 3564 ³
1781 3549 1846 3588 ea
1878 3529 2086 3586 Christi
2129 3527 2464 3582 resurrectio
2497 3523 2871 3578 conﬁrmetur.
2907 3517 3044 3572 Illud
3078 3515 3222 3569 enim

7 3614 46 3666 n3
78 3613 322 3685 Χριστοῦ
367 3613 466 3684 τὴν
515 3613 834 3667 ἀνάστασιν.
873 3613 939 3666 Ἦ
989 3614 1088 3684 μὲν
1141 3612 1250 3684 γὰρ
1291 3613 1493 3682 προλέγ

1741 3625 1892 3683 edicit
1924 3633 2172 3692 tempora
2202 3627 2259 3672 et
2287 3617 2437 3683 loca;
2474 3616 2576 3670 hoc
2604 3626 2738 3667 vero
2767 3610 2820 3664 in
2857 3607 3080 3664 historia
3106 3621 3227 3675 quae

7 3706 83 3770 ιὺς
107 3704 343 3774 καιροὺς
365 3703 461 3756 καί
489 3701 616 3766 τοὺς
644 3702 844 3766 τόπους
863 3719 878 3734 ·
904 3705 938 3773 ἠ
965 3703 1021 3756 δὲ
1043 3702 1135 3756 ἐπὶ
1169 3703 1267 3769 τῆς
1299 3704 1493 3773 ἱστορίε

965 3703 1021 3756 δὲ
1043 3702 1135 3756 ἐπὶ
1169 3703 1267 3769 τῆς
1299 3704 1542 3773 ἱστορίας
1649 3718 1906 3791 praedicta
1932 3714 2153 3770 fuerant
2179 3708 2438 3767 ostendit.

7 3795 28 3847 ὶ
63 3793 440 3866 προλεχθέντα
472 3792 763 3847 δείκνυσιν.

36 3903 55 3936 ι
105 3883 582 3955 ἶΕξεγερθήσομαι
614 3881 838 3954 ὄρθρου.
878 3901 898 3935 ι

1729 3913 1748 3946 ι
1784 3891 2084 3961 Exsurgam
2115 3887 2376 3944 diluculo.
2416 3904 2436 3936 ι
2824 3921 2839 3938 κ

39 3977 361 4048 Ἀπόκρισιν
399 3976 658 4045 εἰσήγαγε
693 3973 786 4027 τοῦ
823 3973 1062 4045 Χριστοῦ
1109 3977 1175 4046 τῇ
1228 3976 1411 4046 δεήσει
1457 3979 1525 4030 τοὶ

1746 3981 2164 4052 lesponsionem
2204 3975 2412 4031 Christi
2463 3971 2764 4028 introduxit
2807 3969 3090 4039 Propheta
3132 3980 3232 4036 pe-

15 4068 251 4138 ροφήτου
307 4065 743 4137 συμϐαίνουσαν
788 4068 816 4120 ὁ
858 4065 957 4138 μὲν
987 4067 1096 4138 γὰρ
1136 4067 1296 4120 αὑτὸν
1322 4067 1501 4138 ὲξεγει

1747 4072 1834 4129 oni
1869 4076 2267 4141 congruentem
2297 4086 2310 4121 :
2343 4065 2434 4120 hic
2461 4064 2608 4118 enim
2648 4062 2797 4115 illum
2829 4068 3134 4129 rogaverat,
3174 4065 3233 4110 ut

7 4159 121 4224 ἠναι
157 4157 437 4212 ἱκέτευσεν
473 4156 643 4210 εἰπὼν
663 4198 678 4223 ,
723 4157 1085 4228 Ἑξεγέρθητι
1109 4199 1124 4226 ,
1156 4158 1196 4228 ἡ
1225 4157 1377 4223 δόξα
1413 4176 1493 4228 με

1749 4167 1976 4231 κινέει-οι
2004 4159 2216 4223 dicens,
2249 4156 2510 4224 Exsurge,
2536 4152 2707 4224 gloria
2734 4165 2871 4203 mea.
2903 4149 3026 4217 Ipse
3053 4157 3235 4200 autem

7 4254 35 4304 )
99 4252 156 4305 δὲ
202 4252 301 4306 καὶ
342 4251 431 4304 τὸν
469 4249 660 4320 καιρὸν
683 4249 827 4315 ,καθ’
897 4249 958 4302 ὃν
1011 4249 1318 4319 οἰκονομεῖν
1374 4249 1493 4319 μέλ)

1747 4271 1822 4310 aut
1861 4264 2076 4323 tempus
2106 4247 2476 4312 annuntiavit,
2523 4260 2632 4315 quo
2673 4241 2818 4298 istud
2856 4249 2975 4295 erat
3010 4239 3233 4309 dispen-

7 4343 157 4408 οῦτο,
205 4342 604 4414 κατήγγειλενι
661 4340 1161 4411 Ἐ’ξεγερθήσομαι
1202 4340 1332 4413 γὰρ,
1368 4342 1493 4411 φησὶ

1749 4363 1879 4403 urus
1909 4365 1922 4402 :
1953 4346 2251 4414 Exsurgam
2281 4341 2449 4406 enim,
2513 4335 2719 4407 inquit,
2748 4332 2999 4388 diluculo.
3038 4330 3235 4386 Iisdem

7 4442 206 4503 ρθρου.
269 4433 362 4497 Ἐξ
395 4434 563 4504 αὐτῆς
607 4433 803 4499 λέξεως
836 4432 897 4485 τὸ
940 4431 1018 4502 τῷ
1055 4432 1238 4500 Λουκᾷ
1283 4433 1413 4504 περὶ
1460 4451 1491 4485 τ

1749 4455 1780 4494 e
1819 4437 1999 4493 verbis
2043 4435 2242 4506 quibus
2283 4431 2458 4486 Lucas
2496 4427 2780 4484 historiam
2817 4421 3235 4481 resurrectionis

9 4524 320 4586 ναστάσεως
354 4523 708 4594 ἱστορημένον
735 4521 1107 4592 φθεγξάμενος
1125 4537 1140 4552 ο
1168 4523 1420 4590 Ὀρθρου
1445 4523 1493 4586 ,β

1751 4537 2050 4586 nmemorat
2090 4524 2282 4583 dicens
2313 4543 2326 4578 :
2366 4523 2525 4578 Valde
2567 4519 2798 4575 diluculo
2836 4525 3087 4572 venerunt
3122 4530 3237 4568 mu-

7 4614 106 4680 έος
137 4611 334 4684 ἦλθον
371 4613 653 4681 γυναῖκες
680 4612 778 4666 ἐπὶ
821 4612 889 4665 τὸ
924 4611 1151 4682 μνῆμα,
1191 4611 1482 4682 φέρουσαι

1754 4638 1812 4675 ’88
1860 4620 1930 4674 ad
1980 4625 2395 4679 monumentum,
2435 4621 2705 4682 portantes
2753 4625 2869 4679 qua:
2918 4612 3240 4678 paraverant

7 4706 315 4774 ’τοίμασαν
336 4701 614 4771 ἀρώματα
637 4718 650 4732 ·
683 4697 764 4765 οἷς
810 4702 904 4755 καὶ
958 4703 1026 4755 τὰ
1080 4701 1214 4757 ἄλλα
1273 4702 1372 4772 τῆς
1434 4703 1493 4756 ἀν

1761 4720 1906 4765 mata
1935 4709 1981 4743 ⁸⁵
2008 4727 2022 4762 :
2053 4710 2255 4778 quibus
2293 4706 2457 4776 etiam
2490 4703 2701 4771 reliqua
2735 4701 2804 4755 de
2836 4695 3247 4752 resurrectione

7 4797 221 4856 τάσεως
277 4792 372 4845 τοῦ
431 4792 683 4862 Σωτῆρος
712 4792 1015 4862 ἐπήγαγεν.

813 4808 1015 4861 ιγαγενο
1664 4802 1964 4858 Salvatoris
1999 4798 2299 4867 subiunxit.

53 4904 71 4938 I
110 4886 235 4939 "Ott
269 4883 414 4955 μέγα
447 4883 634 4936 ἐπάνω
667 4882 773 4935 τῶν
804 4883 1072 4950 οὐρανῶν.
1117 4903 1138 4934 ι

1741 4893 1881 4947 Vens
1903 4891 1956 4947 5.
1992 4910 2010 4941 ι
2040 4888 2177 4955 Quia
2208 4879 2400 4956 magna
2430 4892 2514 4937 est
2543 4895 2706 4950 super
2736 4879 2922 4933 coalos.
2971 4898 2988 4930 ι

51 4976 240 5039 Ἔλεος
277 4975 369 5029 καὶ
418 4973 646 5045 ἀλήθεια
687 4975 784 5044 τῆς
822 4974 1138 5046 οἰκονομίας
1179 4975 1274 5028 τοῦ
1321 4975 1537 5046 Χριστοῐ

1759 4981 2110 5039 tlisericordia
2136 4988 2192 5036 et
2218 4978 2421 5033 veritas
2445 4983 2575 5028 sunt
2595 4969 3017 5041 dispensationis
3039 4967 3245 5023 Christi

7 5065 38 5117 τ).
66 5067 361 5135 μυστήριον
386 5082 399 5096 ’
437 5065 580 5120 ὥστε
615 5065 704 5120 τὸν
740 5066 1032 5137 Προφήτην
1063 5065 1255 5120 τοῦτον
1287 5067 1490 5137 ἀλλαχό

1760 5076 2014 5140 stet-ium;
2072 5073 2146 5127 ita
2205 5079 2262 5125 ut
2313 5067 2582 5137 Propheta
2640 5064 2806 5118 etiam
2858 5062 2983 5115 alibi
3034 5061 3180 5115 dicat
3225 5079 3244 5120 ι,

7 5159 165 5227 .ἐγει·
214 5160 420 5225 Ἔλεος
459 5161 558 5214 καὶ
606 5161 858 5231 ἀλήθεια
900 5162 1326 5230 συνήντησαν.
1366 5164 1459 5227 Εἰς

1764 5167 2027 5223 :ericordia
2081 5175 2130 5219 et
2179 5163 2373 5218 veritas
2427 5159 2764 5213 obviaverunt
2803 5155 2872 5209 ⁸⁸.
2918 5153 3028 5209 Per
3077 5153 3250 5208 Verbi

7 5253 95 5320 τὰρ
134 5252 168 5320 ἡ
201 5250 293 5304 τοῦ
325 5252 562 5322 Χριστοῦ
601 5253 932 5325 θεότηςε.καὶ
981 5255 1339 5332 ἀνθρωπότγης
1366 5259 1431 5326 τῇ
1465 5275 1493 5310 τ

1765 5275 1814 5312 ιιι
1861 5244 2291 5311 incarnationem
2337 5248 2540 5304 Christi
2595 5247 2853 5302 divinitas
2890 5253 2946 5300 et
2987 5242 3245 5300 humani,-

8 5343 148 5410 ιὸγου
182 5341 456 5413 σαρκώσει
485 5339 858 5414 ’κατήντησαν.
877 5346 1041 5400 Ἀλλὰ
1063 5348 1124 5401 τὸ
1159 5348 1257 5418 μὲν
1277 5349 1435 5410 ,ἕλεος
1462 5350 1494 5402 ἁ

1781 5349 1836 5404 in
1871 5363 2038 5402 unum
2073 5351 2471 5401 convenerunt.
2508 5339 2898 5394 Verumtamen
2929 5336 3247 5390 miscricor-

7 5436 180 5502 μόττει
203 5439 270 5508 τῇ
301 5436 394 5490 τοῦ
429 5437 803 5508 σαρκωθέντος
845 5439 1010 5508 λόγου
1037 5439 1248 5512 θεότητι
1273 5442 1432 5513 (αὐτὴ
1457 5460 1490 5510 γ

1813 5438 2032 5508 quidem
2098 5433 2366 5490 incarnati
2433 5431 2595 5486 Verbi
2655 5428 2929 5484 divinitati
2994 5426 3245 5498 congruit

7 5527 54 5580 ιδ
82 5528 306 5598 πλάσμα
327 5534 387 5583 τὸ
408 5531 608 5584 οἰκεῖον
631 5530 897 5601 ἐλέησεν),
933 5534 967 5603 ἠ
994 5533 1221 5604 ἀλήθεια
1248 5534 1303 5588 δὲ
1331 5538 1396 5606 τῇ
1431 5553 1493 5588 σα

1762 5548 1812 5588 sa
1836 5532 1981 5588 enim
2018 5528 2256 5602 ﬁgmenti
2292 5526 2378 5584 sui
2419 5525 2639 5582 miserta
2683 5519 2833 5592 fuit),
2867 5520 3070 5577 veritas
3115 5533 3248 5574 vero

75 5703 118 5737 ⁸⁸
153 5705 279 5763 Luc.
303 5724 450 5773 xxxv,
490 5707 533 5760 I.
610 5705 654 5736 ⁵⁸
686 5703 1156 5772 Psal.Lxxxn',ll.
