3764 6320
16 244 133 310 313

1208 251 1672 314 FRAGMENTA
1707 252 1789 314 ΙΝ
1822 256 2180 319 PSALMOS.

3165 262 3304 328 1314

61 361 178 415 Διὰ
206 363 315 417 τοῦ
353 366 539 421 Μωάὄ
580 366 648 421 τὰ
671 366 802 438 ἔθνη
832 366 1129 421 αἰνίττεται
1156 384 1170 399 ο
1199 366 1403 439 λέϐητα
1440 368 1497 423 δὲ
1532 369 1578 422 ὲ)

1797 370 1902 426 Per
1940 372 2097 428 Moab
2143 382 2335 444 gentes
2384 373 2626 431 insinuat
2675 396 2686 430 :
2732 378 2966 434 lchetem
3015 395 3145 436 vero
3188 384 3302 453 spei

15 454 150 519 ;ίδος
187 457 349 511 αύτά
396 458 580 523 καλεῖ,
621 459 869 511 τουτέστι
913 458 1307 531 θερμαίνοντας
1347 459 1445 514 καὶ
1481 462 1617 513 ἀνα-

15 548 422 620 ωπυροῦντας
465 552 563 623 τὴν
589 553 669 616 είς
696 552 861 606 αὐτὸν
895 551 1108 605 ἐλπίδα.
1138 550 1264 615 Πῶς
1298 552 1354 604 δὲ
1396 551 1619 620 θερμαί-

15 656 188 704 οντας
219 657 236 708 ;
271 642 364 713 τῷ
397 642 579 715 νοητῷ
605 645 739 716 πυρὶ
777 642 878 715 τῆς
914 642 1198 713 ἐνεργείας
1238 643 1333 695 τοῦ
1362 643 1615 714 Πνεύμα-
1642 648 1655 657 ‘

15 749 104 795 ος.
146 733 309 802 Πυρὶ
345 735 465 807 γὰρ
495 736 626 806 ὁρᾷς
654 735 745 788 τὸν
775 734 980 806 λέϐητα
1007 733 1459 804 θερμαινόμενον.

61 844 83 876 ‹
132 825 275 878 Ἐπὶ
315 826 431 894 τὴν
476 827 782 898 Ἰδουμαίαν
813 825 1019 880 ἐκτενῶ
1048 826 1110 879 τὸ
1144 827 1416 897 ὑπόδημα.
1458 846 1475 878 ι

55 917 376 974 Δείκνυσιν
416 922 446 972 6
473 919 711 989 Χριστὸς
733 920 879 982 ὅπως
914 919 1012 989 τὴν
1040 918 1150 972 τῶν
1181 918 1353 972 ἐθνῶν
1388 917 1615 989 Ἐκκλη-

21 1008 117 1062 ίαν
150 1009 499 1081 ἔμπροσθεν
541 1010 602 1076 ἐξ
659 1012 877 1082 Ἰσραὴλ
923 1013 1291 1080 ύποταγεῖσαν
1337 1011 1612 1082 ἐποίησεν,

15 1100 263 1163 κτείνας
315 1103 425 1155 καὶ
471 1104 669 1175 μέχρις
698 1103 880 1157 αὐτῶν
912 1104 973 1157 τὸ
1014 1104 1290 1174 ὑπόδημα,
1327 1104 1529 1174 δηλαδὴ
1556 1105 1616 1157 τὸ

15 1192 362 1262 Ξύαγγέλιον
392 1211 406 1223 °
456 1196 593 1265 ὅπερ
653 1197 875 1267 μηνύων
926 1197 1182 1267 Ἰωάννης
1229 1198 1257 1249 6
1308 1197 1616 1263 Βαπτιστὴς

15 1284 189 1351 λεγεν
212 1326 229 1351 ,
268 1286 562 1355 Ἔρχεται
588 1280 713 1355 μετ’
740 1287 864 1356 ἐμὲ,
896 1282 969 1342 οὗ
995 1288 1106 1341 οὐκ
1132 1287 1250 1356 εἰμὶ
1273 1288 1480 1353 ἱκανὸς
1511 1288 1616 1341 λῦ-

15 1391 95 1429 ἀι
146 1376 270 1430 τὸν
327 1377 556 1445 ἱμάντα
602 1379 707 1431 τοῦ
756 1377 1141 1449 ὑποδήματος
1191 1379 1398 1433 αὐτοῦ.
1449 1376 1615 1430 Οῦτιω

15 1468 103 1539 ’ἀρ
131 1462 263 1538 εἶχε
309 1469 514 1539 καιρὸν
544 1472 923 1540 ὲκφρασθῆναι
969 1471 1030 1523 τὸ
1073 1470 1428 1539 Εύαγγέλιον.
1456 1469 1615 1522 Οῦτω

15 1560 42 1613 ὲ
89 1559 241 1614 αὐτὸ
275 1559 455 1614 καλεῖ
486 1561 580 1615 καὶ
615 1561 852 1625 Παῦλος·
906 1563 1040 1632 φησὶ
1082 1563 1191 1632 γάρ
1214 1577 1227 1591 ·
1288 1560 1614 1628 ’Υποδησά-

15 1671 170 1709 terat
204 1653 365 1720 τοὺς
420 1654 613 1720 πόδας
656 1655 726 1709 ἐν
764 1655 1077 1723 ἑτοιμασίᾳ
1104 1655 1211 1709 τοῦ
1247 1655 1615 1725 Εὺαγηέλίου

1724 464 1868 535 ipsas
1921 476 2101 530 vocat,
2157 467 2210 522 id
2257 477 2343 523 est
2368 467 2754 528 calefacientes
2806 480 2861 527 et
2910 475 3304 531 resuscitantes

1722 571 1874 626 spem
1933 556 1987 610 in
2046 556 2245 627 ipsum.
2303 559 2593 624 Quomodo
2644 570 2825 617 autem
2887 564 3304 639 calefacientes?

1722 644 1911 714 utique
1955 645 2185 715 spiritali
2223 646 2344 717 igne
2381 647 2773 718 inoperationis
2813 650 3049 723 Spiritus
3105 655 3298 710 sancti.

1722 734 1982 799 Lehetem
2013 737 2159 791 enim
2191 738 2345 793 vides
2376 739 2498 811 igne
2526 740 2782 795 caleﬁeri.

1800 846 1818 877 ι
1850 825 1910 881 In
1938 812 2522 883 Idumcam‘extendam
2552 816 2999 888 calceamentum.
3036 854 3054 885 ι

1792 918 2044 974 Christus
2092 921 2332 975 ostendit
2387 923 2659 991 quomodo
2717 924 2957 994 gentium
3003 926 3301 982 Ecclesiam

1723 1026 1904 1069 coram
1954 1012 2119 1067 Israel
2161 1013 2266 1069 sibi
2308 1014 2608 1083 subjectum
2643 1015 2853 1081 fecerit,
2882 1033 3052 1089 usque
3083 1020 3149 1073 ad
3184 1020 3303 1075 illas

1722 1121 1940 1175 quoque
1966 1107 2395 1161 calceamentum
2421 1123 2578 1161 suum
2607 1110 2929 1174 extendens,
2955 1111 3006 1165 id
3029 1121 3109 1166 est
3130 1114 3303 1167 Evan-

1722 1197 1921 1266 gelium
1969 1214 1982 1250 :
2026 1198 2169 1267 quod
2230 1198 2516 1254 insinuans
2566 1200 2805 1255 Joannes
2861 1201 3099 1272 Baptista
3147 1203 3299 1267 dixit,

1732 1287 1884 1342 Venit
1906 1298 2020 1358 post
2045 1306 2147 1352 me,
2183 1290 2335 1359 cujus
2371 1306 2474 1343 non
2503 1308 2619 1345 sum
2643 1293 2831 1362 dignus
2870 1302 2926 1346 ut
2954 1294 3152 1346 solvam
3189 1295 3304 1363 ejus

1722 1381 2004 1451 corrigiam
2073 1381 2417 1435 calceamenti
2466 1382 2532 1436 ³³.
2586 1382 2839 1437 Nondum
2906 1385 3054 1439 enim
3115 1386 3303 1440 aderat

1726 1478 1939 1540 tempus
1993 1470 2317 1525 enuntiandi
2368 1472 2743 1544 Evangelium.
2802 1474 2895 1533 Sic
2949 1491 3080 1529 vero
3139 1475 3302 1530 etiam

1722 1559 1922 1617 Paulus
1965 1561 2097 1618 illud
2147 1562 2403 1633 appellat,
2435 1564 2511 1618 ait
2557 1564 2701 1619 enim
2738 1584 2749 1618 :
2784 1564 3023 1620 Call-cati
3061 1569 3216 1638 pedes
3249 1569 3304 1621 in

1722 1655 2170 1723 prteparationem
2222 1653 2501 1725 Evangelii
2555 1658 2703 1725 pacis
2748 1658 2815 1711 νδ.
2876 1659 3085 1713 Idcirco
3139 1658 3303 1729 igitur

15 1746 103 1814 ’ἧς
125 1746 423 1815 είρήνης.
453 1747 552 1799 Διὰ
571 1747 728 1801 τοῦτο
747 1747 928 1801 τοίνυν
946 1747 1095 1818 αὐτῷ
1115 1747 1240 1809 τοὺς
1261 1747 1578 1816 ἀλλοφύλους

1795 1743 2074 1813 cnigenas,
2108 1743 2317 1797 scilicet
2346 1760 2442 1799 eos
2472 1746 2564 1813 qui
2595 1754 2722 1802 sunt
2752 1762 2815 1801 ex
2842 1749 3112 1818 gentibus,
3145 1747 3303 1804 Jesus

20 1837 208 1907 ηλαδὴ
265 1838 410 1900 τοὺς·
470 1836 527 1904 ἐξ
579 1837 769 1902 ἐθνῶν,
829 1840 857 1891 ὁ
915 1839 1123 1908 Ἰησοῦς
1191 1837 1456 1904 ὑπέταξε,
1520 1838 1615 1891 καὶ

15 1930 68 1993 νς
112 1929 519 1997 ὑποταγέντας
569 1930 650 1993 είς
698 1929 797 2001 τὴν
843 1930 940 1983 τοῦ
984 1930 1202 2002 Ἰσραὴλ
1247 1929 1616 2001 κληρονομίαν

15 2012 348 2092 ξυνήγαγεν.
1319 2092 1323 2095 _

79 2131 99 2164 ι
138 2112 243 2176 Τίς
266 2110 481 2175 ἀπάξει
513 2127 581 2182 με
613 2110 691 2173 εἰς
728 2109 883 2163 πόλιν
913 2110 1210 2181 περιοχῆς;
1242 2129 1260 2162 ι

73 2289 250 2343 Πόλιν
294 2288 567 2360 περιοχῆς
604 2286 702 2357 τὴν
756 2286 1089 2356 Ἐκκλησίαν
1119 2287 1278 2341 καλεῖ
1302 2305 1315 2318 ο
1347 2288 1404 2339 ὲν
1442 2289 1618 2361 ταύτῃ

15 2380 117 2452 γὰρ
145 2381 254 2435 ὅλα.
289 2380 620 2451 περιέχεται
668 2376 764 2431 τοῦ
798 2377 1038 2445 Χριστοῦ
1069 2378 1135 2431 τὰ
1170 2380 1445 2448 μυστήρια
1468 2394 1481 2407 ·
1527 2380 1619 2432 καὶ⁹

15 2471 181 2538 νόμος
234 2471 340 2525 καὶ
372 2469 650 2540 προφῆται
698 2467 785 2521 διὰ
823 2467 925 2538 τῆς
965 2469 1137 2538 αὐτῆς
1190 2469 1468 2532 πολιτείας
1525 2488 1620 2523 πε-

15 2563 331 2633 ριέχονται.
390 2560 502 2630 Τὴν
556 2558 726 2631 αὐτὴν
783 2560 840 2614 δὲ
900 2561 998 2613 καὶ
1071 2561 1375 2631 Ἰδουμαίαν
1440 2561 1615 2615 καλεῖ.

15 2655 201 2707 Μόνου
250 2652 354 2706 τοῦ
404 2652 642 2724 Χριστοῦ
671 2653 762 2706 τὸν
801 2652 1015 2724 Ἰσραὴλ
1070 2654 1212 2724 πρὸς
1266 2656 1366 2723 τὴν
1394 2654 1620 2724 Ἐκκλη-

15 2746 142 2799 σίαν
181 2743 483 2813 δδηγῆσαιτ
521 2742 881 2815 καθέστηκεν,
926 2744 984 2807 ὃς
1035 2743 1295 2797 ἀπώσατο
1322 2745 1449 2808 τοὺς
1493 2747 1620 2797 ’1ου-

15 2837 204 2898 Sotion;
234 2836 317 2898 ὼς
339 2836 423 2897 είς
441 2835 606 2888 αὐτὸν
644 2836 718 2906 μὴ
758 2834 1159 2899 πιστεύσαντας
1178 2852 1192 2866 ο
1239 2835 1355 2888 ἀλλ’
1383 2836 1444 2888 ού
1486 2837 1621 2891 πάν-

15 2944 151 2990 τας*
190 2926 323 2979 οὐδὲ
365 2925 588 2995 ἐξῆλθεν
630 2926 808 2979 αύτῶν
851 2929 908 2979 ἐν
952 2928 1073 2988 ταῖς
1104 2928 1428 2996 δυνάμεσιν·
1461 2944 1620 2980 τουτ’

15 3020 162 3083 ἐστι,
205 3017 344 3080 τοὺς
376 3018 434 3069 ἐν
472 3018 656 3081 αὐτοῖς
698 3019 976 3094 δυνατοὺς,
1006 3018 1210 3089 δηλαδὴ
1243 3018 1370 3081 τοὺς
1406 3019 1482 3088 μὴ
1528 3036 1620 3071 πι-

16 3113 396 3176 στεύσαντας,
428 3112 528 3164 οὐκ
564 3111 804 3165 ἀπέϐαλε
835 3111 924 3164 διὰ
961 3111 1089 3174 τοὺς
1121 3111 1549 3176 πιστεύσαντας.

48 3248 51 3251 .
96 3222 117 3256 ς
167 3205 274 3269 Δὸς
304 3206 438 3275 ἡμῖν
461 3202 715 3274 βοήθειαν
744 3204 807 3257 ὲκ
831 3202 1085 3273 θλίψεως.
1120 3223 1139 3255 ι

94 3380 374 3451 Βοήθειαν
400 3380 464 3432 ἐκ
498 3378 730 3447 θλίψεως
751 3376 964 3447 τῷλαῷ
997 3376 1105 3429 τῶν
1139 3377 1412 3431 Ἰουδαίων
1440 3378 1621 3430 πίστιν

21 3473 83 3537 ἐξ
114 3472 388 3534 ἀπιστίας
442 3470 831 3541 πρεσϐεύεται.
897 3466 1181 3539 Σωτηρίαν
1231 3468 1288 3520 δὲ
1330 3467 1620 3539 ἀνθρώπου

20 3563 125 3634 τὴν
158 3561 220 3625 ἐξ
244 3561 597 3631 ἀνθρωπίνης
626 3559 974 3620 διδασκαλίας
1008 3558 1470 3629 προσδοκωμένην
1498 3559 1624 3629 νόη-

26 3673 121 3710 σον
145 3672 157 3684 ·
206 3655 303 3707 οἵα
334 3670 416 3716 τις
445 3647 513 3724 ἦν
542 3654 574 3723 ἠ
622 3652 728 3708 τῶν
759 3650 1032 3703 Ἰουδαίων
1066 3650 1386 3704 διδασκαλία
1407 3692 1419 3705 .
1478 3652 1624 3723 Πρὸς

25 3748 137 3820 γὰρ
173 3749 238 3801 τὸ
260 3747 446 3808 αὐτοῖς
473 3743 668 3799 δοκοῦν
693 3744 929 3811 ἐγίνετο.

605 3836 899 3889 ΨΑΛΜΟΣ
925 3833 1052 3888 Pil'.

106 3951 126 3983 ‹
160 3932 259 3993 Εἰς
291 3929 354 3983 τὸ
381 3929 534 3992 τέλος
562 3927 777 3998 taxus;
807 3925 884 3996 τῷ
916 3925 1102 3978 Δαυῖδ.
1150 3943 1170 3977 >
1510 3992 1514 3996 ᾔ

112 4021 463 4090 Ἀναγκαίως
493 4021 584 4075 τὸν
602 4018 817 4089 ψαλμδν
839 4020 943 4082 Είς
960 4017 1026 4070 τὸ
1052 4017 1226 4082 τέλος
1258 4014 1346 4069 τὸν
1377 4016 1622 4089 παρόντα

31 4112 315 4183 ἔγραψενο
365 4110 478 4180 ἔχει
509 4109 618 4178 γὰρ
658 4109 758 4162 ὅσα
793 4107 871 4177 τῷ
910 4106 1055 4159 τέλει
1093 4109 1194 4178 τῆς
1235 4106 1330 4158 τοῦ
1369 4104 1624 4181 Σωτῆρος

33 4202 195 4272 ἡμῶν
230 4200 723 4270 ὲνανθρωπήσεως,
776 4196 979 4267 δηλαδὴ
1009 4196 1324 4267 πρὸς-αύτῷ
1353 4195 1428 4266 τῷ
1461 4197 1623 4249 πάθει

34 4296 113 4365 τῷ
161 4295 503 4364 Δεσποτικῷ,
562 4296 901 4363 πέπρακται·
933 4292 1125 4364 διόπερ
1168 4291 1261 4343 καὶ
1292 4291 1382 4344 τὸν
1411 4290 1625 4361 ψαλμὸν

1724 1833 1825 1887 sibi
1846 1832 2095 1902 subjecit,
2127 1842 2181 1887 et
2210 1842 2464 1904 tanquam
2502 1837 2754 1892 subditos
2794 1838 2847 1892 in
2878 1837 3090 1894 Israelis
3125 1840 3300 1895 Incre-

1724 1924 1948 1979 ditatem
1981 1923 2298 1980 introduxit.

1797 2106 1957 2161 Vens.
1993 2107 2079 2163 11.
2129 2127 2147 2160 ‹
2178 2107 2313 2172 Quis
2358 2107 2590 2162 adducet
2640 2123 2729 2162 me
2772 2108 2825 2162 in
2869 2108 3143 2163 civitatem
3191 2110 3300 2164 cir-

1725 2196 2106 2251 cumstantiae?
2142 2216 2159 2246 ι

1797 2285 2086 2340 Civitatem
2118 2285 2539 2341 circumstantiae
2573 2296 2730 2342 vocat
2756 2286 3050 2341 Ecclesium
3082 2304 3094 2340 :
3131 2285 3186 2341 in
3213 2271 3335 2341 illa.

1726 2375 1870 2429 enim
1930 2374 2283 2429 continentur
2335 2375 2589 2430 universa
2643 2374 2846 2429 Christi
2902 2374 3186 2445 mysteria;
3249 2384 3304 2430 et

1726 2468 1811 2522 lex
1840 2477 1894 2521 et
1924 2468 2202 2539 propheta:
2247 2468 2300 2522 in
2339 2468 2531 2523 eadem
2578 2483 2795 2538 quoque
2833 2467 3016 2538 politia
3054 2480 3304 2536 compre-

1727 2561 2058 2614 henduntur.
2138 2559 2399 2614 Eamdem
2478 2576 2610 2615 vero
2672 2560 2836 2614 etiam
2892 2554 3125 2629 appellat
3175 2559 3301 2613 Idu-

1726 2668 1939 2706 mtuam.
1970 2650 2265 2706 Constituit
2303 2652 2471 2706 solius
2495 2652 2698 2706 Christi
2747 2666 2867 2707 esse
2892 2651 3148 2706 Israelem
3200 2650 3301 2705 ad—

1727 2744 1928 2798 ducere
1968 2744 2035 2797 ad
2080 2743 2400 2807 Ecclesium,
2429 2744 2521 2813 qui
2559 2744 2774 2798 Judaeos
2803 2744 3005 2814 repulit
3045 2752 3302 2813 tanquam

1725 2851 1835 2889 non
1877 2835 2164 2889 credentes
2206 2834 2257 2888 in
2288 2850 2443 2901 eum;
2486 2851 2675 2890 verum
2717 2852 2827 2890 non
2865 2851 3092 2890 omnes:
3123 2851 3303 2905 neque

1727 2940 1978 3002 egressus
2026 2923 2124 2978 fuit
2168 2927 2222 2977 in
2267 2920 2561 2978 virtutibus
2613 2940 2822 2989 eorum,
2858 2925 2909 2979 id
2941 2932 3043 2989 est,
3084 2940 3177 2978 eos
3208 2916 3300 2993 qui

1729 3017 1870 3071 inter
1915 3017 2061 3087 ipsos
2104 3025 2359 3085 potentes
2410 3025 2585 3080 erant,
2627 3016 2839 3071 scilicet
2884 3016 3148 3082 inﬁdeles,
3191 3032 3301 3070 non

1648 3087 1691 3144 (ἶ
1727 3106 1924 3175 repulit
1962 3115 2184 3176 propter
2222 3106 2426 3161 ﬁdeles.

1794 3196 1959 3252 Vens.
2014 3198 2102 3253 15.
2164 3216 2182 3248 ι
2240 3197 2316 3251 Da
2370 3197 2533 3253 nobis
2603 3198 2869 3253 auxilium
2941 3198 3008 3253 de
3078 3197 3301 3252 tribula-

1726 3284 1894 3341 tione.
1925 3306 1943 3338 ι

1792 3378 2069 3432 Auxilium
2096 3379 2162 3433 de
2194 3379 2543 3434 tribulatione
2576 3380 2774 3449 populo
2799 3379 3109 3434 Judzcorum
3141 3381 3302 3435 ﬁdem

1725 3485 1791 3524 ex
1844 3468 2167 3523 inﬁdelitate
2220 3470 2531 3523 annuntiat.
2587 3470 2830 3523 Salutem
2883 3485 3013 3525 vero
3062 3471 3299 3526 hominis

1723 3558 1961 3631 intellige
1987 3559 2132 3613 illam
2152 3573 2272 3627 quae
2299 3575 2362 3612 ex
2384 3559 2622 3613 humana
2650 3558 2893 3613 doctrina
2914 3562 3293 3629 exspectatur:

1722 3654 1899 3723 qualis
1938 3660 2057 3708 erat
2103 3652 2190 3706 illa
2236 3652 2485 3727 doctrina
2522 3650 2882 3707 Judazorum:
2930 3652 2996 3706 ad
3039 3652 3298 3722 placitum

1724 3746 1869 3800 cnim
1903 3746 2143 3815 ipsorum
2173 3747 2357 3802 ﬁebat.

2253 3837 2568 3892 PSALMUS
2598 3836 2774 3893 CVIII.

1795 3928 1959 3983 Vens.
2004 3930 2054 3984 I.
2092 3947 2111 3981 ι
2144 3932 2204 3984 In
2229 3930 2391 3985 ﬁnem
2426 3931 2666 4000 psalmus
2700 3931 2885 3986 David.
2918 3949 2935 3981 ι

1795 4019 2116 4078 Necessario
2135 4031 2458 4092 praesentem
2497 4023 2764 4091 psalmum
2820 4022 3097 4093 inscripsit
3129 4023 3193 4078 In
3238 4024 3306 4093 ﬁ-

1725 4130 1842 4169 nem
1864 4130 1883 4168 :
1914 4114 2159 4170 continet
2189 4114 2335 4185 enim
2394 4128 2734 4183 quacunque
2772 4111 3069 4169 Salvatoris
3130 4115 3306 4170 nostri

1725 4198 2113 4258 incarnationis
2139 4202 2231 4257 ﬁni
2261 4203 2600 4265 acciderunt,
2626 4199 2834 4256 scilicet
2865 4216 2927 4255 ea
2954 4217 3075 4271 quae
3101 4201 3156 4255 in
3192 4202 3307 4272 ipsa

1726 4291 2009 4347 Duminica
2037 4292 2290 4363 passione
2325 4299 2475 4363 gesta
2503 4301 2633 4346 sunt
2656 4311 2669 4346 :
2698 4301 2922 4361 propter
2948 4307 3113 4361 quam
3137 4292 3306 4347 etiam

36 4387 406 4459 ἐμελῴδησεν.
472 4385 669 4438 Είκόνα
714 4384 820 4455 γὰρ
874 4383 1064 4454 φέρειν
1110 4384 1213 4434 τοῦ.
1250 4382 1491 4453 Χριστοῦ
1533 4381 1578 4435 τί

1795 4401 1877 4439 mc
1904 4372 2172 4456 psalmum
2204 4385 2425 4440 cecinit.
2461 4384 2717 4438 Davidcm
2747 4384 2894 4439 enim
2923 4382 3126 4438 Christi
3170 4382 3309 4438 ima-

34 4481 205 4540 Δαὸὶδ
239 4479 546 4549 εἰρήκαμεν
579 4477 907 4546 φθάσαντες.

114 4591 136 4624 ι
183 4570 245 4623 Ὀ
275 4570 407 4632 Θεὸς
446 4569 544 4636 τὴν
576 4567 781 4622 αἴνεσίν
823 4584 924 4637 μου
987 4565 1062 4635 μὴ
1095 4563 1562 4634 παρασιωπήσης.
1601 4584 1618 4615 ι

118 4661 229 4714 Τὸν
253 4659 460 4712 Ἰούδαν
481 4658 800 4712 αἰνίττεται·
829 4656 1085 4726 περὶγὰρ
1116 4654 1281 4708 αὐτοῦ
1327 4656 1421 4726 τῆς
1443 4653 1626 4725 ψαλμ-

40 4754 207 4824 ι;;δίας
233 4751 294 4805 τὸ
324 4752 574 4805 πλεῖστον
613 4751 711 4820 τῆς
742 4748 1159 4820 προκειμμένης
1183 4748 1492 4818 γέγραπται
1519 4763 1532 4776 ·
1563 4739 1625 4798 οὗ

40 4848 101 4900 τὸ
131 4848 310 4917 στόμα
353 4846 619 4916 πρότερον
660 4844 735 4907 ὡς
769 4842 1115 4915 ἁμαρτωλοῦ,
1160 4841 1413 4911 δεύτερον
1450 4838 1506 4891 δὲ
1550 4836 1626 4901 ὡς

44 4938 220 4990 δολίου
263 4938 402 4991 κατὰ
427 4935 521 4989 τοῦ
576 4936 782 5006 Κυρίου
839 4935 1123 5004 ἀνοιγῆναι
1158 4933 1504 5002 εὑρήσομεν·
1550 4930 1626 4992 ὡς

45 5026 154 5097 γὰρ
185 5028 507 5099 ἁμαρτωλὸς
529 5029 622 5082 καὶ
647 5026 969 5097 παράνομος
992 5027 1105 5087 τοῖς
1141 5022 1415 5087 Ἰουδαίοις
1449 5022 1625 5088 ἔλεγε·

56 5118 117 5171 Τί
144 5117 345 5172 θέλετέ
385 5137 485 5187 μοι
528 5118 760 5189 δοῦνςαι,
801 5117 962 5185 κάγὼ
996 5115 1138 5185 ὑμῖν
1164 5113 1497 5182 παραδώσω
1525 5116 1630 5168 αὺ-

52 5208 203 5267 τόν;
239 5204 315 5270 ὡς
343 5207 512 5270 δόλιος
551 5208 747 5276 Χαῖρε,
791 5206 1011 5275 Ῥαϐϐί,
1041 5206 1175 5278 πρδς
1217 5204 1425 5275 Ἰησοῦν
1460 5197 1580 5257 εἷπε
1610 5243 1625 5268 ,

59 5296 155 5348 καί
207 5297 609 5366 κατεφίλησεν
666 5298 852 5351 αὐτόν
883 5314 895 5327 ·
964 5296 1261 5368 ἀρραϐῶνα
1319 5297 1431 5358 τοῖς
1488 5294 1628 5363 λαμ-

60 5389 278 5443 ϐάνουσι
300 5388 547 5453 δεδωκὼς
576 5389 675 5459 τῆς
710 5390 1004 5459 προδοσίας
1035 5391 1098 5444 τὸ
1122 5389 1357 5461 φίλημα.

133 5498 156 5534 ‹
201 5480 493 5551 Ἐλάλησαν
517 5481 636 5533 κατ’
667 5480 801 5551 ἐμοῦ
828 5481 1071 5552 γλώσσῃ.
1118 5501 1136 5533 ι

1731 4479 1908 4548 ginem
1941 4476 2145 4533 referre
2172 4476 2420 4547 superius
2451 4474 2708 4531 diximus.

1777 4567 1961 4625 .Vens.
1989 4568 2044 4621 9..
2075 4558 2092 4619 ἀ
2122 4570 2280 4631 heus,
2304 4568 2516 4622 laudem
2548 4583 2722 4621 meam
2751 4582 2821 4622 ne
2855 4566 3109 4624 tacueris.
3141 4583 3160 4618 ι

1804 4646 1995 4714 Judam
2028 4660 2306 4723 insinuat;
2338 4660 2406 4714 de
2437 4659 2553 4729 ipso
2585 4656 2731 4712 enim
2767 4659 2994 4713 maxima
3026 4674 3151 4728 pars
3206 4658 3309 4711 hu-

1728 4749 1820 4817 jus
1879 4748 2070 4817 psalmi
2129 4749 2328 4818 scripta
2384 4757 2506 4811 est;
2547 4749 2701 4817 cujus
2756 4764 2817 4801 os
2853 4747 3004 4816 prius
3055 4755 3309 4814 tanquam

1735 4838 2055 4907 peccatoris,
2081 4838 2276 4891 deinde
2304 4852 2432 4889 vero
2478 4845 2733 4906 tanquam
2764 4838 2934 4892 dolosi
2980 4847 3165 4892 contra
3205 4836 3309 4891 Do-

1737 4929 1944 4983 minum
1980 4938 2226 4999 apertum
2275 4928 2443 4982 fuisse
2482 4928 2821 4997 reperiemus
2850 4948 2863 4983 :
2894 4944 3020 4983 nam
3056 4937 3306 4998 tauquam

1736 5031 1989 5091 peccator
2011 5029 2065 5075 et
2097 5020 2313 5090 iniquus
2342 5019 2544 5075 Iudaeis
2566 5020 2774 5076 dixerat
2800 5037 2813 5075 :
2846 5020 2982 5085 Quid
3002 5020 3158 5074 vultis
3207 5021 3308 5075 mi-

1734 5111 1787 5163 lii
1815 5116 1964 5176 dare,
1988 5120 2035 5164 et
2066 5126 2157 5181 ego
2182 5110 2323 5164 uobis
2352 5126 2472 5164 eum
2497 5111 2710 5164 tradam
2745 5111 2830 5163 9‘?
2861 5101 3114 5180 tanquam
3160 5110 3312 5166 dolo-

1735 5217 1828 5256 sus
1859 5202 1961 5255 Are
1980 5196 2144 5255 Rabbi
2163 5202 2227 5255 ad
2248 5201 2433 5256 Jesum
2457 5201 2616 5267 dixit,
2642 5210 2693 5255 et
2713 5202 2977 5256 osculatus
3003 5210 3080 5256 est
3109 5218 3226 5255 eum
3242 5202 3309 5268 9“,

1734 5295 1978 5375 osculum
2010 5295 2064 5347 in
2101 5293 2313 5364 signum
2353 5293 2678 5364 proditionis
2711 5294 2923 5350 donans
2972 5292 3312 5364 capientibus

1732 5400 1879 5440 eum.

1806 5479 1963 5536 Vens.
1991 5482 2045 5535 5.
2079 5501 2095 5533 ι
2134 5479 2319 5537 Locuti
2345 5491 2471 5537 sunt
2497 5480 2782 5538 adversum
2803 5495 2892 5537 me
2920 5480 3120 5551 lingua.
3156 5495 3178 5532 ι

131 5651 339 5711 θειοειη.
375 5672 413 5723 ι,
443 5654 530 5710 27.
608 5652 1110 5723 “Epltcs.v1,!5.
1188 5652 1234 5685 οδ
1269 5650 1455 5705 Matth.
1491 5651 1755 5719 xxvt,15.
1832 5653 1875 5685 οδ
1918 5651 2164 5706 ibid.49.
