3764 6320
27 303 163 376 1317

1191 295 1656 359 FRAGMENTA
1696 292 1780 354 IN
1817 292 2178 354 PSALMOS.

3190 291 3325 357 1318

97 418 258 483 Tivs;
314 415 468 486 δῆλον
498 412 571 477 ὡς
628 409 839 481 ἑαυτῷσ
873 405 995 462 οὐδὲ
1047 404 1155 477 γάρ
1199 407 1281 469 εἰς
1333 406 1606 477 μετάνοιαπ

1798 397 1944 453 Cui?
1998 398 2184 468 utique
2244 397 2593 454 manifestum
2643 400 2787 471 quod
2823 401 2923 456 sibi
2975 401 3073 473 ipsi
3105 414 3325 474 :neque

29 504 195 574 εἶδεν,
223 509 350 562 ὅθεν
378 508 561 569 ἐλέους
591 504 772 575 τυχεῖν
797 500 895 556 καὶ
921 498 1339 572 φιλανθρωπίας
1377 496 1622 552 ἀπολαῦ-

31 618 124 655 σαι
148 598 406 671 ἠδύνατο.
423 601 483 654 ‘0
510 599 566 652 δὲ
598 596 791 651 ἑαυτὸν
815 595 891 669 μὴ
919 593 1173 667 ἐλεήσας,
1212 593 1330 657 πῶς
1358 592 1509 666 παρὰ
1529 589 1623 645 τοῦ

30 693 77 746 Κ
88 693 241 765 ριτοῦ
267 694 562 766 ἐλεηθῆναι
589 691 817 745 δύναται
845 707 860 758 ;

108 890 127 924 ι
168 873 283 927 Καὶ
315 870 640 936 κατεδίωξεν
671 869 960 941 ἄνθρωπον
1001 867 1230 935 πένητα.
1262 883 1281 915 ι

97 965 283 1035 Πένης
310 965 407 1018 καὶ
435 963 651 1033 πτωχὸς
676 964 707 1016 ὀ
738 961 947 1031 Κύριος
971 976 984 990 ·
1021 956 1212 1029 ἐπειδὴ
1240 954 1496 1019 πλούσιος
1525 952 1622 1020 ὣν,

29 1058 173 1128 ὑπὲρ
214 1056 378 1126 ἡμῶν
417 1055 765 1125 ἐπτώχευσεν
790 1070 805 1083 ο
851 1054 911 1106 οὐ
949 1052 1108 1123 μόνον
1152 1050 1210 1104 δὲ
1246 1048 1624 1120 ἐπτώχευσεν,

31 1145 174 1199 ἀλλὰ
221 1146 322 1199 καὶ
372 1147 450 1209 εἰς
487 1143 745 1198 τοσοῦτον
792 1144 880 1197 διὰ
931 1144 1029 1214 τὴν
1067 1142 1178 1195 τῶν
1223 1139 1489 1193 Ἰουδαίων
1530 1138 1625 1189 άν-

34 1234 235 1305 ηκοῗαν
291 1234 460 1305 πένης
520 1235 761 1303 ἐγένετο,
816 1234 955 1286 ὥστε
997 1233 1196 1301 λέγειν·
1217 1234 1285 1285 Al
1318 1229 1626 1292 ἀλώπεκες

25 1323 311 1394 φωλεοὺς
364 1324 601 1394 ἔχουσι,
664 1324 761 1377 καὶ
806 1323 880 1377 τὰ
928 1322 1171 1376 πετεινὰ
1205 1319 1315 1375 τοῦ
1359 1317 1624 1388 οὐρανοῦ

26 1415 561 1484 κατασκηνώσεις
628 1418 662 1469 ὁ
707 1414 776 1466 δὲ
831 1415 959 1480 Υἱὸς
1007 1415 1113 1467 τοῦ
1161 1413 1475 1483 ἀνθρώπου
1511 1412 1623 1464 οὐκ

26 1512 156 1580 ἔχει
202 1507 326 1561 ποῦ
358 1506 474 1576 τὴν
499 1505 778 1577 κεφαλὴν
828 1506 1034 1576 κλίνῃ.
1073 1505 1256 1575 Ὅπερ
1281 1504 1400 1558 ἐστὶ
1433 1501 1626 1564 πενῖας

27 1597 486 1672 ὑπερϐαλλούσης
510 1596 806 1662 ἀπόδειξις.

101 1714 119 1746 ι
157 1695 273 1748 Καὶ
305 1693 787 1763 κατανενυγμένον
817 1694 883 1764 τῇ
905 1692 1125 1762 καρδία.
1173 1709 1192 1742 ι

1728 496 1880 552 enim
1911 495 1977 550 ad
1999 495 2384 566 paenitentiam
2412 495 2673 565 respexit,
2721 497 2866 551 unde
2895 497 3324 553 misericordiam

1729 599 1894 660 atquc
1921 589 2270 645 clementiam
2293 590 2556 659 consequi
2590 590 2885 659 potuisset.
2912 589 3089 656 Quem
3139 598 3315 645 auten

1729 681 1815 736 sui
1854 679 2028 751 ipsius
2054 695 2166 734 non
2197 680 2445 745 miseret,
2483 681 2758 749 quomodo
2796 696 2828 735 a
2874 680 3068 736 Judice
3102 681 3326 736 miseri-

1730 772 1976 828 cordiam
2018 772 2280 842 consequi
2314 772 2533 841 possit?

1800 862 1961 918 Vens.
1999 863 2083 918 17.
2114 880 2132 914 ι
2160 864 2231 918 Et
2259 873 2584 933 persecutus
2613 873 2698 918 est
2721 863 3002 919 hominem
3039 864 3317 936 inopem.»

1798 956 2021 1028 Egenus
2061 963 2117 1010 et
2151 956 2311 1027 inops
2351 955 2612 1010 Dominus
2637 972 2652 1021 ;
2682 955 2807 1026 quia
2830 972 2952 1010 eum
2973 967 3120 1012 esset
3148 957 3320 1021 dives,

1728 1063 1828 1119 pro
1860 1047 2020 1103 nobis
2061 1062 2266 1119 egenus
2299 1046 2476 1103 factus
2501 1056 2586 1102 est
2614 1065 2627 1101 :
2659 1056 2715 1103 et
2750 1064 2859 1103 non
2897 1049 3072 1103 solum
3113 1064 3324 1119 pauper

1728 1137 1850 1203 fuit,
1885 1152 2076 1191 verum
2118 1136 2283 1191 etiam
2317 1146 2540 1208 propter
2559 1135 2876 1193 Judceorum
2916 1140 3318 1194 contumaciam

1727 1231 1795 1286 ad
1827 1232 2034 1285 tantam
2073 1231 2327 1285 redactus
2355 1239 2439 1285 est
2457 1238 2776 1301 egestatem,
2810 1239 2869 1285 ut
2898 1231 3109 1286 diceret
3140 1248 3154 1286 :
3195 1231 3322 1285 Vul-

1727 1337 1815 1390 pes
1845 1322 2020 1391 foveas
2040 1320 2230 1374 habent
2256 1329 2304 1374 et
2340 1320 2573 1374 volucres
2608 1320 2723 1373 αι’ιὶ
2755 1320 2941 1382 nidos;
2982 1321 3152 1374 Filius
3200 1337 3322 1374 vero

1727 1412 1952 1465 hominis
1974 1428 2076 1465 non
2105 1413 2259 1467 habet
2287 1412 2377 1466 ubi
2405 1421 2566 1482 caput
2600 1412 2815 1466 reclinet
2855 1414 2898 1465 ².
2931 1412 3088 1478 Quod
3105 1412 3322 1484 signum

1727 1508 1811 1554 est
1834 1508 2092 1556 extremm
2118 1503 2395 1571 egestatis.

1804 1695 1823 1728 ί
1853 1676 1920 1731 Ει
1953 1688 2344 1748 compunctum
2370 1677 2559 1733 corde.
2597 1696 2616 1730 ι

112 1785 172 1839 Ὀ
202 1787 259 1840 δὲ
285 1786 457 1849 αὐτὸς
487 1751 673 1857 καὶ-τῇ
704 1751 907 1856 καρδία
933 1751 1001 1837 δέ
1044 1751 1192 1855 ἡμᾶς
1220 1784 1606 1857 κατανενυγμέ·

1801 1768 1949 1822 Idem
1986 1779 2168 1823 autem
2208 1778 2433 1838 propter
2467 1784 2568 1823 nos
2599 1784 2820 1838 quoque
2847 1770 3014 1826 corde
3052 1785 3323 1841 compun-

25 1893 116 1939 νος
152 1893 165 1905 ·
202 1876 401 1946 διόπερ
440 1875 594 1944 ἔλεγε
623 1891 638 1907 ο
671 1875 1011 1944 Περίλυπός
1032 1874 1204 1929 ἐστιν
1237 1874 1276 1943 ἡ
1301 1876 1473 1945 ψυχή
1504 1893 1623 1946 μου

26 1968 140 2035 ἕως
170 1967 325 2023 θανὰ
334 1984 467 2021 του.
1515 1949 1532 1959 4

106 2082 125 2115 ι
160 2062 270 2115 Καὶ
294 2059 555 2131 ἠγάπησε
584 2057 851 2130 κατάραν.
893 2076 911 2108 ι

102 2152 272 2207 Ποίαν
328 2149 431 2219 τὴν
473 2146 569 2201 τοῦ
619 2144 959 2215 Μονογενοῦς
1008 2145 1261 2217 ἤκουσεν,
1315 2145 1478 2215 ἡνίκα
1523 2144 1624 2215 τὴν

29 2242 328 2313 προδοσίαν
387 2239 684 2309 ἐμελέτησε
732 2236 1021 2305 λέγοντοςο
1066 2236 1130 2289 '0
1170 2234 1289 2304 μὲν
1333 2236 1467 2300 Υἱὸς
1515 2235 1623 2289 τοῦ

29 2335 354 2402 ἀνθρώπου
395 2330 783 2399 παραδίδοται
808 2344 822 2357 ο
861 2326 1058 2380 καλὸν
1094 2322 1174 2397 ἦν
1205 2325 1386 2391 αὐτῷ,
1429 2329 1481 2380 εὶ
1512 2329 1624 2382 οὐκ

27 2425 329 2494 ἐγεννήθη
361 2426 395 2478 ό
421 2423 734 2490 ἅνθρωπος
764 2419 1016 2485 ἐκεῖνος.

109 2538 128 2568 ε
163 2517 278 2570 Καὶ
312 2517 417 2569 οὐκ
443 2513 707 2584 ἠθέλησεν
737 2509 1013 2580 εὐλογίαν.
1045 2530 1064 2564 ι

103 2607 381 2675 Εὑλογίαν
416 2606 517 2674 τὴν
562 2605 671 2657 τῶν
714 2602 1035 2658 ἀποστόλων
1067 2603 1241 2672 λέγει,
1282 2605 1349 2674 ἢν
1388 2604 1569 2667 αὐτοῖς
1596 2606 1624 2658 ὀ

29 2696 272 2767 Χριστὸς
305 2694 652 2764 ἐξεφώνησεν
685 2709 700 2725 ·
746 2692 928 2762 Ἄμὴν
972 2692 1131 2761 λέγω
1178 2692 1341 2763 ὑμῖν,
1374 2694 1543 2762 ὑμεῖς
1568 2698 1623 2749 οἱ

29 2782 579 2851 ἀκολουθήσαντές
600 2800 720 2852 μοι,
754 2783 1080 2839 καθίσεσθε
1106 2782 1206 2837 ἐπὶ
1237 2782 1466 2838 δώδεκα
1488 2786 1624 2854 θρό-

31 2894 180 2942 νους
199 2918 215 2941 ,
257 2875 568 2944 κρίνοντες
596 2874 704 2940 τὰς
729 2872 958 2927 δώδεκα
988 2872 1189 2942 φυλὰς
1217 2873 1324 2928 τοῦ
1361 2873 1619 2942 Ἰσραήλ.

114 2989 133 3021 ‹
178 2970 290 3021 Καὶ
316 2966 609 3020 ἐνεδύσατο
643 2965 906 3035 κατάραν.
944 2984 963 3018 ι

110 3058 306 3113 Ταῦτα
345 3056 452 3129 γὰρ
492 3057 586 3111 τοῦ
621 3056 913 3128 ἀνθρώπου
955 3056 1212 3128 τυγχάνει
1241 3057 1310 3111 τὰ
1333 3056 1579 3110 ἐνδόσοια
1605 3074 1617 3086 ·

34 3149 177 3203 ὥστε
226 3150 328 3201 καὶ
375 3147 632 3217 δυνάμεις
665 3132 767 3215 τῆς
802 3145 980 3216 ψυχῆς
1015 3141 1155 3201 εἶναι
1187 3146 1257 3199 τά
1288 3146 1385 3215 μὲν
1417 3146 1625 3214 ἔγκατα

34 3241 131 3304 τὰς
170 3239 419 3309 λογικάς,
456 3238 642 3309 ἐπειδὴ
666 3238 735 3291 τὰ
753 3237 961 3306 ἔγκατα
984 3238 1044 3290 οὐ
1077 3238 1176 3309 τὴν
1202 3237 1374 3309 αὐτὴν
1404 3238 1625 3307 κατέχει

34 3332 271 3401 τροφὴν,
312 3329 450 3383 ἀλλὰ
479 3331 572 3382 καὶ
604 3329 698 3382 νῦν
729 3330 827 3399 μὲν
855 3330 1091 3399 δέχεται,
1126 3329 1220 3381 νῦν
1249 3329 1305 3380 δὲ
1328 3327 1582 3381 ἐκϐάλλει
1608 3346 1622 3360 ·

35 3421 227 3492 ὥσπερ
255 3422 353 3473 καὶ
387 3422 435 3472 οἱ
454 3419 706 3488 λογισμοὶ
728 3421 828 3472 οὐκ
858 3420 954 3471 ἐπὶ
977 3418 1086 3473 τῶν
1108 3418 1291 3473 αὐτῶν
1320 3420 1586 3487 ἑστήκασι
1606 3437 1619 3451 ο

38 3515 284 3584 συνεχῶς
324 3512 432 3582 γὰρ
471 3511 922 3582 μεταϐάλλονται.
955 3512 1036 3565 Τὰ
1067 3513 1124 3565 δὲ
1153 3512 1322 3576 ὀστᾶ,
1356 3510 1457 3574 τὰς
1485 3529 1625 3582 πρα-

37 3606 260 3671 κτικὰς,
307 3606 383 3667 dt;
433 3604 646 3674 ἰσχυρὰ,
697 3603 1004 3674 νοήσωμεν.
1050 3603 1270 3674 Ἐπειδὴ
1317 3602 1373 3656 δὲ
1422 3603 1483 3656 τὸ
1525 3604 1625 3674 μὲν

38 3696 187 3770 ὕδωρ
235 3700 350 3760 τοῖς
400 3696 654 3765 ὲγκάτοις
697 3695 791 3767 (ὡς
832 3697 891 3750 ἐν
936 3696 1195 3769 ὑγρότητι
1243 3697 1623 3768 τρεφομένοις)

36 3785 404 3856 κατάλληλον,
443 3784 506 3837 τὸ
539 3784 597 3837 δὲ
640 3784 819 3838 ἔλαιον
854 3787 969 3848 τοῖς
1003 3785 1214 3850 ὀστέοις
1252 3786 1483 3858 (σφόδρα
1514 3786 1624 3859 γὰρ

36 3880 222 3951 χαίρει
256 3881 324 3949 τῇ
357 3877 424 3930 δι’
461 3876 640 3931 ἐλαίου
690 3877 912 3948 ἀλοιφῇ)
937 3894 952 3909 '
986 3878 1215 3944 εἰκότως
1235 3879 1296 3932 τὸ
1335 3878 1482 3952 ὕδωρ
1508 3883 1624 3944 τοῖς

37 3971 321 4037 ὲγκάτοις,
353 3968 414 4022 τὸ
442 3968 620 4023 ἔλαιον
643 3971 756 4034 τοῖς
785 3969 990 4033 ὀστέοις
1014 3970 1375 4036 ἁποδέἰωκεν,
1406 3971 1486 4036 ὡς
1514 3972 1624 4025 δεῖ-

39 4057 127 4123 ξαι
147 4059 344 4129 ὅτιπερ
368 4057 516 4130 αὐτῷ
541 4059 607 4113 τὰ
634 4061 733 4131 τῆς
756 4061 1004 4132 κατάρας
1033 4060 1298 4132 ἥρμοσεν,
1323 4064 1399 4126 ώς
1421 4064 1624 4117 κατάλ-

38 4147 201 4219 ληλον
233 4149 373 4220 αὐτῇ
412 4148 678 4219 πονηρίαν
709 4149 1125 4218 μεταδιώξαντι.

115 4255 134 4291 ι
184 4240 302 4294 Καὶ
333 4238 636 4310 σὺ,Κύριε,
674 4238 900 4309 ποίησον
933 4240 1052 4309 μετ’
1079 4239 1238 4311 ἐμοῦ.
1280 4259 1299 4293 ι

114 4330 348 4402 Εἴρηται
383 4329 664 4396 πολλάκις,
695 4330 779 4384 ὅτι
817 4331 897 4403 τῷ
927 4330 1207 4402 προσώπῳ
1253 4331 1350 4386 τοῦ
1379 4332 1620 4403 Χριστοῦ

1730 1870 1850 1913 ctus
1874 1857 2009 1925 fuit;
2046 1869 2383 1928 quapropter
2417 1860 2590 1914 dixit:
2616 1859 2813 1915 Tristis
2866 1873 2943 1916 est
2978 1863 3161 1916 anima
3204 1878 3320 1915 mea

1731 1965 1895 2029 usqne
1920 1951 1995 2004 ad
2016 1959 2236 2004 mortem
2259 1951 2300 2005 ³.

1697 2090 1705 2103 ,
1804 2040 1967 2096 Vens.
1994 2043 2079 2095 t8.
2129 2060 2147 2093 ι
2179 2041 2247 2096 Et
2279 2041 2468 2097 dilexit
2501 2042 2965 2098 maledictionem.
3001 2064 3021 2096 ι

1802 2131 2030 2199 Qualem
2063 2147 2261 2203 nempe
2287 2133 2518 2197 audivit,
2548 2134 2769 2203 quando
2798 2133 2904 2204 ipsi
2952 2134 3319 2205 proditionem

1731 2225 2013 2280 meditanti
2043 2225 2373 2296 Unigenitus
2420 2226 2579 2293 dixit,
2621 2227 2794 2281 Filius
2839 2228 3051 2298 quidem
3095 2228 3320 2282 hominis

1732 2316 2001 2371 traditur:
2025 2315 2216 2370 bonum
2233 2324 2411 2369 autem
2428 2317 2625 2381 eratei,
2642 2316 2689 2369 si
2706 2323 2864 2370 natus
2893 2331 2996 2371 non
3019 2316 3204 2388 fuisset
3222 2316 3321 2371 Ita-

1733 2424 1818 2462 mo
1843 2408 1935 2463 ille
1957 2406 2000 2462 ⁸.

1808 2519 1826 2551 ι
1856 2500 1923 2554 Et
1949 2498 2121 2553 noluit
2141 2498 2607 2555 benedictionem.
2658 2519 2678 2552 ι
3096 2554 3101 2565 ,

1800 2591 2244 2647 Bcnedictionem
2266 2591 2519 2663 intelligit
2546 2591 2945 2661 apostolorum,
2966 2606 3130 2662 quam
3159 2589 3319 2648 Chri-

1731 2690 1848 2736 stus
1871 2680 2003 2750 ipsis
2029 2680 2317 2750 promisit:
2358 2681 2523 2734 Amen
2556 2681 2671 2735 dico
2703 2681 2863 2747 vobis,
2894 2682 3032 2752 quod
3090 2698 3198 2748 vos,
3227 2682 3319 2753 qui

1729 2774 1890 2828 secuti
1912 2774 2035 2827 estis
2068 2789 2172 2837 me,
2193 2774 2439 2828 sedebitis
2460 2789 2617 2844 super
2648 2775 2799 2828 'sedes
2844 2774 3140 2842 duodecim,
3163 2775 3318 2846 judi-

1732 2874 1908 2919 cantes
1934 2864 2204 2919 duodecim
2235 2864 2400 2919 tribus
2434 2863 2609 2920 Israel
2637 2866 2680 2921 '.

1807 2977 1826 3009 ‹
1868 2957 1933 3011 Et
1960 2957 2139 3012 induit
2167 2957 2629 3014 maledictionem.
2666 2978 2685 3010 ι

1804 3049 1929 3104 Haec
1956 3050 2101 3104 enim
2129 3050 2367 3105 hominis
2398 3050 2653 3106 interiora
2691 3058 2861 3118 sunt;
2900 3052 2973 3108 ita
2999 3064 3061 3108 ut
3092 3039 3316 3109 intesti-

1681 3138 1694 3157 ⁸
1727 3159 1795 3197 na
1827 3143 2046 3213 quidem
2077 3143 2185 3197 sint
2210 3144 2501 3198 rationales
2547 3145 2748 3200 anima:
2789 3146 3042 3212 virtutes,
3073 3147 3320 3218 quando—

1728 3235 1945 3305 quidem
1968 3236 2228 3291 intestina
2259 3251 2370 3290 non
2402 3237 2656 3292 eumdem
2697 3238 2881 3293 cibum
2932 3238 3191 3301 retinent,
3223 3239 3317 3293 sed

1728 3327 1888 3381 modo
1920 3328 2140 3396 quidem
2165 3327 2316 3381 illum
2343 3327 2669 3397 suscipiunt,
2703 3328 2869 3383 modo
2897 3344 3027 3384 vero
3054 3329 3315 3399 ejiciunt;

1727 3420 1868 3473 sicut
1894 3420 2059 3473 etiam
2089 3419 2449 3491 cogitationes
2479 3419 2673 3474 iisdem
2706 3419 2873 3475 rebus
2915 3420 3144 3475 minime
3178 3420 3317 3475 insi—

1727 3503 1898 3574 stunt,
1927 3509 2021 3563 sed
2062 3508 2279 3563 assidue
2303 3515 2607 3564 mutantur.
2635 3506 2769 3564 Ossa
2797 3525 2949 3574 vero,
2982 3519 3168 3580 utpote
3197 3527 3319 3582 quae

1726 3601 1883 3656 ﬁrma
1911 3600 2043 3666 sint,
2075 3600 2304 3655 virtutes
2323 3600 2592 3668 practicas
2625 3600 3014 3671 intelligemus.
3045 3601 3315 3667 Quoniam

1726 3707 1864 3762 aqua
1891 3692 2113 3762 quidem
2138 3691 2414 3747 intestinis
2438 3691 2520 3762 (ut
2549 3706 2670 3761 quae
2716 3690 2947 3747 humore
2976 3692 3314 3762 nutriantur)

1727 3784 1907 3840 oleum
1957 3799 2089 3840 vero
2125 3783 2339 3839 ossibus
2373 3782 2603 3853 quadrat
2656 3782 2794 3854 (haec
2838 3782 2987 3837 enim
3042 3783 3149 3839 olei
3206 3800 3314 3839 un-

1726 3877 1908 3930 ctione
1935 3876 2232 3946 plurimum
2261 3873 2562 3946 gaudent);
2605 3876 2803 3931 merito
2845 3890 3040 3946 aquam
3092 3875 3315 3931 intesti-

1725 3967 1832 4032 nis,
1865 3967 2046 4022 oleum
2076 3981 2207 4021 vero
2234 3966 2452 4022 ossibus
2485 3966 2753 4032 attribuit,
2786 3967 2855 4022 ad
2904 3967 3307 4022 ostendendum

1724 4059 1827 4128 ipsi
1863 4066 2174 4129 competere
2222 4046 2646 4124 exsecrationes,
2677 4067 2868 4128 utpote
2897 4058 3050 4115 hisce
3106 4074 3307 4117 come-

1723 4151 1972 4207 nientem
1999 4151 2267 4206 malitiam
2285 4150 2647 4206 consectanti.

1794 4241 1957 4298 Vens.
1991 4243 2081 4298 2|.
2122 4260 2142 4294 ι
2173 4242 2242 4297 Ει
2269 4251 2349 4308 tu,
2382 4240 2630 4306 Domine,
2656 4239 2741 4297 iac
2769 4255 3006 4301 mecum.
3037 4259 3058 4296 ι

1793 4332 2181 4406 δωρεηαωοω
2205 4333 2413 4389 dictum
2443 4340 2546 4400 est,
2577 4347 2829 4405 personat
2852 4331 3060 4390 Christi
3082 4333 3309 4391 humilia

39 4424 307 4494 ἁρμόττει
340 4423 409 4477 τὰ
451 4425 686 4478 ταπεινά
734 4424 821 4477 διὰ
858 4425 958 4493 τὴν
995 4423 1395 4495 ἅνθρωπότητα
1429 4441 1444 4466 '-
1485 4425 1606 4480 ἁλλό

1796 4439 2025 4498 ngruere
2069 4432 2295 4496 propter
2341 4422 2779 4491 humanitatem;
2811 4432 3192 4481 verumtamen
3248 4432 3310 4477 ut

40 4516 138 4568 καὶ
164 4516 311 4570 οὓτω
335 4515 402 4570 τὰ
436 4516 617 4586 ὑψηλὰ
658 4518 771 4580 τοῖς
798 4518 1081 4581 ταπεινοῖς
1108 4515 1487 4580 συνέζευκται.
1526 4517 1621 4571 Ei-

1723 4517 1803 4573 sic
1838 4517 2004 4572 etiam
2030 4515 2286 4572 sublimia
2313 4530 2439 4571 cum
2486 4514 2789 4571 humilibus
2815 4514 3110 4586 conjuncta
3155 4524 3304 4571 sunt.

38 4606 160 4659 πὼν
204 4608 336 4676 γὰρ,
394 4608 665 4675 Ποίησον
698 4607 829 4676 μετ’
848 4606 1018 4676 ἐμοῦ,
1049 4605 1393 4678 προσέθηκεν
1416 4607 1606 4662 ἔνεκει

1801 4624 1853 4663 m
1880 4623 2007 4663 cum
2028 4607 2253 4663 dixisset
2289 4607 2399 4662 Fac
2422 4623 2647 4672 mecum,
2678 4607 2928 4678 adjuuxit
2954 4618 3168 4678 propter
3207 4622 3305 4660 no-

37 4696 146 4749 τοῦ
180 4697 475 4764 ὀνόματός
506 4709 622 4749 σου
650 4736 664 4759 ,
697 4698 886 4750 ἕνεκεν
910 4699 1010 4767 τῆς
1038 4697 1181 4767 ἐμῆς
1201 4696 1380 4762 ἀξίας,
1414 4698 1606 4769 Ὄνομι

1796 4715 1841 4752 rn
1869 4707 2038 4764 tuum,
2071 4707 2292 4770 propter
2320 4712 2501 4754 meam
2524 4698 2864 4771 dignitatem.
2904 4696 3114 4753 Nomen
3144 4697 3296 4752 enim

37 4786 151 4859 γὰρ
180 4787 275 4840 τοῦ
310 4787 524 4859 Πατρδς
557 4789 586 4841 ὀ
610 4787 738 4851 Υἱός
760 4804 774 4817 ·
807 4787 996 4858 διόπερ
1039 4790 1153 4854 καὶ,
1196 4790 1622 4859 Εὐλογημένος

39 4882 73 4934 ό
103 4879 427 4951 ἐρχόμενος
463 4881 535 4934 ἐν
563 4881 808 4950 ὀνόματι
833 4881 1056 4949 Κυρίου
1086 4881 1339 4950 λέγεται,
1389 4883 1467 4946 ὡς
1509 4882 1622 4946 ἶσος

39 4970 194 5040 αὐτῷ
243 4973 529 5044 τυγχάνων
585 4971 679 5027 καὶ
729 4972 1170 5042 ἀπαράλλακτος,
1218 4975 1311 5027 καὶ
1345 4974 1432 5028 διὰ
1460 4973 1621 5028 τοῦτο

40 5058 137 5113 τοῦ
183 5062 397 5133 [ἰατρὸς
428 5063 834 5135 ἀναλαμϐάνων
881 5063 943 5117 τὸ
979 5063 1170 5133 ὄνομα.
1211 5065 1324 5119 Καὶ
1363 5067 1412 5119 εἰ
1442 5064 1623 5130 οὕτως

45 5148 201 5213 ἀξίας
223 5151 428 5221 ἔχεται,
443 5155 589 5218 τινος
618 5156 777 5227 χάριν
795 5154 1155 5226 προσεύχεται
1172 5157 1314 5221 ;’Ὀτι
1330 5156 1620 5225 χρηστὸν,

47 5242 206 5309 φησι,
242 5243 309 5296 τὸ
333 5244 502 5310 ἔλεός
535 5264 650 5301 σου
684 5264 699 5280 ο
739 5247 888 5311 ἔλεος
920 5248 1085 5301 πάλιν
1113 5248 1208 5300 τοῦ
1240 5247 1452 5319 [ἰατρὸς
1492 5248 1619 5300 ἑαυ-

45 5330 140 5383 τὸν
185 5331 368 5387 καλῶν
400 5350 415 5364 ο
448 5335 594 5400 ἐὶεος
628 5337 727 5407 μὲν
761 5336 950 5408 ἐπειδὴ
983 5335 1072 5390 διὰ
1101 5337 1199 5406 τῆς
1227 5335 1389 5389 αὐτοῦ
1414 5350 1615 5408 παρου-

51 5422 170 5486 σίας
200 5423 513 5497 ἠλεήθημεν
534 5443 547 5456 ·
584 5427 727 5491 ἔλεος
749 5429 805 5481 δὲ
828 5428 922 5482 τοῦ
950 5428 1162 5499 Πατρὺς
1198 5428 1443 5492 εἰκότως
1471 5427 1618 5495 γνώο-

52 5531 127 5585 μῃ
153 5516 261 5586 γὰρ
292 5517 457 5571 αὐτοῦ
488 5520 520 5588 ἡ
553 5520 800 5590 σωτηρία
830 5520 988 5590 ἡμῶν
1018 5522 1355 5593 πέπρακται.
1398 5519 1615 5590 Ἐπειδὴ

118 5652 137 5681 ²
172 5648 361 5708 Matth.
395 5668 512 5719 vtu,
538 5651 609 5706 20
641 5660 694 5707 et
717 5650 876 5708 Lucae
905 5668 981 5718 ιχ,
1018 5653 1106 5708 58.
1183 5655 1202 5686 ³
1226 5653 1422 5708 Matth.
1455 5667 1570 5719 XXI,
1594 5653 1685 5709 58.

54 5734 201 5784 xxul,
231 5723 318 5776 54.

1728 4789 1910 4845 Patris
1934 4800 2019 4845 est
2041 4789 2211 4845 Filius
2240 4807 2254 4848 :
2281 4799 2614 4858 quapropter
2647 4789 2811 4843 etiam
2851 4789 3082 4855 dicitur,
3132 4787 3304 4843 Bene-

1728 4883 1898 4937 dictus
1960 4881 2051 4951 qni
2084 4882 2223 4934 venit
2282 4880 2339 4931 in
2367 4879 2574 4931 nomine
2617 4878 2832 4931 Domini
2865 4879 2922 4945 °;
2957 4887 3141 4950 utpote
3200 4880 3305 4950 ipsi

1726 4972 1952 5044 aequalis
1980 4981 2035 5027 et
2070 4968 2532 5026 incommutabilis
2562 4969 2853 5036 exsistens,
2889 4980 3054 5041 atque
3097 4972 3307 5028 idcirco

1727 5064 1904 5121 Patris
1934 5079 2136 5120 nomen
2167 5077 2471 5119 assumens.
2510 5064 2671 5133 Atqui
2732 5063 2775 5131 si
2804 5071 2969 5118 tantae
3024 5064 3304 5136 dignitatis

1730 5154 1823 5222 sit,
1854 5156 2147 5210 cur’orat?
2191 5152 2353 5220 Quia,
2395 5153 2591 5224 inquit,
2617 5155 2792 5208 suavis
2816 5162 2890 5210 est
2945 5155 3302 5212 misericordia

1728 5253 1818 5297 tua
1849 5260 1866 5298 :
1897 5259 2090 5300 rursus
2129 5244 2485 5314 semetipsum
2517 5244 2693 5299 Patris
2724 5244 3162 5299 misericordiam
3202 5260 3303 5316 apo

1724 5336 1968 5406 pelians;
1991 5335 2426 5390 misericordiam
2459 5335 2699 5405 quidem,
2731 5336 2862 5405 quia
2882 5350 2980 5407 per
3013 5336 3136 5406 ejus
3157 5350 3301 5407 prte-

1724 5428 1954 5482 sentiam
1981 5428 2263 5483 consecuti
2291 5442 2480 5483 sumus
2499 5427 2927 5483 misericordiam
2952 5445 2968 5493 ;
3000 5426 3174 5484 Patris
3200 5443 3301 5482 au-
3404 5432 3407 5433 ⁷

1728 5529 1834 5575 tcm
1889 5519 2338 5582 misericordiam,
2378 5521 2505 5590 quia
2560 5521 2819 5575 nimirum
2878 5521 2996 5592 ejus
3021 5520 3303 5578 voluntate

1781 5653 1803 5685 δ
1829 5652 2023 5714 Matth.
2054 5671 2207 5723 xxvi,
2243 5655 2335 5710 ‘24.
2438 5658 2457 5688 ⁸
2488 5655 2676 5712 Matth.
2717 5672 2828 5723 xix,
2858 5654 2950 5714 28.
3049 5659 3070 5690 ⁸
3108 5656 3295 5714 llatth.
