3764 6320
23 349 149 416 1321

91 485 112 518 ι
145 459 554 532 Καταράσονται
575 452 750 508 αὐτοί.
773 469 791 502 t

88 556 344 625 Κατάραν
390 547 627 603 ἐνταῦθα
677 545 770 598 τὸν
821 540 1055 613 σταυρὸν
1081 539 1274 594 καλεῖ·
1309 536 1503 607 ἐπειδὴ
1533 537 1592 589 ἐν

21 652 95 723 τῷ
121 652 266 719 νόμῳ
303 642 693 716 γεγραμμένον
740 633 809 709 ἦν
832 655 845 668 ·
891 633 1358 702 Ἐπικατάρατος
1404 627 1526 723 πᾶᾼς
1559 631 1593 682 ό

21 719 385 813 κρεμάμενος
431 735 531 788 ἐπὶ
579 732 796 798 ξύλου.
825 729 1025 799 Διόπερ
1050 726 1217 781 αὑτὸν
1257 724 1380 778 οὐδὲ
1417 719 1594 813 ἄλλως

21 812 391 904 ἀναιρεθῆναι,
418 826 558 881 ἀλλὰ
605 823 696 876 διὰ
727 821 823 876 τοῦ
856 819 1091 892 σταυροῦ
1125 815 1420 888 ἐζήτησαν,
1444 812 1598 883 ὑϐρί-

23 945 108 981 σαι
141 928 202 996 τῇ
229 922 444 992 κατάρᾳ
471 921 540 990 τῇ
580 915 947 990 γεγραμμένῃ
975 914 1033 965 ἐν
1056 911 1134 982 τῷ
1157 909 1312 980 νόμῳ
1339 907 1596 980 βουλόμε-

20 1032 126 1073 νοι’
158 1015 270 1068 ἀλλ’
302 1015 449 1083 ὅμως
477 1011 506 1063 ὁ
536 1009 723 1078 Πατὴρ
754 1006 888 1060 αὐτὸ
919 1005 1000 1068 εἰς
1038 1000 1292 1069 εὐλογίαν
1318 996 1594 1066 ἐξέλαϐεν.

21 1109 151 1164 Οὐδὲ
177 1107 285 1176 γὰρ
306 1104 481 1166 ἄλλως
511 1103 561 1154 εἰ
587 1100 662 1172 μὴ
693 1099 784 1152 διὰ
808 1095 1045 1168 σταυροῦ
1074 1095 1331 1164 ἀνέχεται
1360 1105 1599 1160 προσκυ-

18 1199 247 1262 νεῖσθαι,
278 1197 312 1268 ἦ
345 1196 483 1258 ὅλως
515 1190 891 1246 πιστεύεσθαι.

95 1313 113 1345 ε
145 1294 208 1344 Οἱ
238 1284 665 1356 έπανιστὰμενοί
698 1300 791 1355 μοι
823 1280 1304 1352 αἰσχυνθήτωσαν.
1337 1297 1354 1330 ι

89 1381 571 1452 Αἰσχυνθήτωσαν,
608 1376 794 1448 φησὶν,
825 1377 874 1427 οἰ
934 1372 1195 1432 Ἰουδαῖοι,
1230 1371 1320 1424 τὸν
1345 1369 1477 1439 παρ’
1504 1367 1602 1422 αῦ-

19 1477 126 1529 τῶν
154 1471 538 1540 σταυρωθέντα
573 1469 725 1539 παρὰ
749 1466 967 1520 πάντων
996 1463 1232 1535 ὁρῶντες
1264 1459 1602 1533 προσκυνού-

21 1580 206 1634 μενον.
245 1562 418 1625 Auro;
446 1559 506 1614 δὲ
533 1559 596 1612 οὐ
630 1555 887 1610 τοσοῦτον
910 1554 1001 1609 διὰ
1037 1552 1140 1624 τὴν
1171 1553 1282 1606 τῶν
1331 1549 1603 1604 Ἰουδαίων

19 1658 303 1728 αἰσχύνην,
353 1655 480 1708 ὅσον
524 1651 612 1704 διὰ
667 1649 769 1720 τὴν
817 1643 1094 1719 σωτηρίαν
1127 1644 1226 1712 τῆς
1271 1640 1602 1712 οἰκουμένης

19 1751 392 1821 εὐφραίνεται.

1146 328 1613 392 FRAGMENTA
1651 327 1728 386 ΙΝ
1777 327 2135 387 PSALMOS.

1621 447 1665 504 Α
1767 440 1930 497 Vens.
1963 441 2054 497 28.
2095 461 2113 494 ι
2151 441 2473 500 Maledicent
2507 442 2603 496 illi.
2645 461 2663 493 ι

3141 321 3279 390 1322

1768 533 2117 589 Maledictum
2147 533 2252 588 hoc
2280 534 2400 588 loco
2429 534 2668 604 appellat
2726 547 2985 601 erucem;
3025 536 3279 606 quando-

1695 627 1915 698 quidem
1951 628 2004 681 in
2039 628 2155 698 lege
2184 629 2450 698 scriptum
2501 638 2623 682 erat
2675 647 2689 683 :
2744 629 3057 686 Maledicta:
3109 634 3278 687 omnia

1697 722 1785 790 qui
1815 721 2002 789 pendet
2046 723 2102 774 iu
2156 721 2298 792 ligno
2332 721 2394 774 “.
2461 721 2668 775 Idcirco
2708 721 2889 790 ipsum
2947 739 3059 778 non
3117 725 3278 780 aliter

1697 825 1861 879 quam
1895 825 1991 880 per
2017 811 2222 881 lignum
2257 811 2576 866 interimere
2603 811 2946 880 quaerebant,
2980 813 3279 870 maledicto

1699 904 1756 958 in
1788 903 1904 975 lege
1928 904 2134 974 scripto
2165 904 2344 974 ipsum
2393 902 2610 959 afﬁcere
2650 902 2938 958 volentes:
2998 917 3281 962 verumtae-

1699 1012 1825 1052 men
1855 995 2014 1052 Pater
2053 997 2186 1051 illud
2215 996 2274 1051 in
2302 994 2746 1051 benedictionem
2773 994 3066 1050 ordinavit.
3094 997 3281 1068 Neque

1699 1090 1848 1146 enim
1879 1089 2038 1145 aliter
2064 1105 2228 1159 quam
2284 1104 2382 1162 per
2411 1103 2630 1144 crucem
2674 1087 2914 1144 sustinet
2943 1089 3282 1157 δόσι-πὶ,νοί

1701 1181 1932 1236 omnino
1955 1181 2132 1237 credi.
2827 1194 2830 1196 ‘

1776 1289 1796 1322 τ
1831 1271 1934 1338 Qui
1997 1271 2288 1344 insurgunt
2344 1273 2609 1329 adversus
2670 1273 3214 1339 meconfundantur.
3259 1295 3281 1328 a

1772 1363 2210 1428 Conlundantur,
2238 1366 2437 1434 inquit,
2459 1364 2656 1431 Judaei,
2703 1381 2835 1422 eum
2885 1369 2983 1438 qui
3013 1369 3094 1424 ab
3155 1369 3288 1440 ipsis

1701 1457 1996 1515 cruciﬁxus
2024 1457 2204 1513 fuerat
2235 1459 2305 1513 ab
2333 1457 2595 1514 omnibus
2626 1458 2917 1514 adoratum
2960 1469 3283 1516 cernentes.

1705 1551 1829 1620 Ipse
1861 1556 2043 1604 autem
2073 1564 2186 1603 non
2213 1558 2427 1606 tantum
2459 1559 2688 1620 propter
2715 1538 3030 1607 Iudaeorum
3086 1554 3284 1608 confu-

1703 1640 1940 1707 sionem,
1999 1649 2267 1710 quantum
2322 1640 2394 1696 ob
2431 1641 2615 1696 totius
2643 1641 2794 1698 orbis
2839 1643 3072 1700 salutem
3131 1645 3286 1701 laeta-

1705 1743 1816 1792 tur.

95 1802 600 1896 ΐἘνδυσάσθωσαν
630 1836 678 1888 οἱ
704 1829 1144 1894 ὲνδιαϐἁλλοντές
1175 1845 1249 1900 με
1269 1826 1583 1900 ἐντροπὴν.ι

1782 1819 1944 1878 Vens.
1974 1822 2064 1877 29.
2109 1840 2129 1875 ι
2166 1819 2473 1879 Induantur
2516 1824 2611 1894 qui
2635 1824 2936 1882 detrahunt
2997 1828 3136 1884 milii
3179 1845 3287 1901 pu-

99 2021 400 2094 Ἐντροπὴν
431 2021 583 2090 λέγει
611 2018 723 2073 τῶν
764 2014 1038 2072 Ἰουδαίων
1070 2010 1180 2066 τῶν
1201 2007 1611 2065 διαϐαλλόντων

20 2117 112 2170 καὶ
146 2114 628 2188 βλασφημούντων
663 2113 754 2166 τὸν
782 2107 1043 2181 Χριστὸν,
1081 2106 1163 2159 ὅτι
1195 2103 1288 2158 τὸν
1319 2103 1378 2170 ἐξ
1427 2099 1609 2156 αὐτῶν

21 2209 150 2263 ὅντα
183 2208 325 2263 κατά
352 2209 558 2279 σάρκα,
591 2205 690 2260 καὶ
728 2205 903 2257 σῶσαι
925 2199 1127 2262 αὐτοὺς
1157 2196 1383 2258 ἐλθόντα
1417 2191 1610 2247 locati-

24 2318 222 2371 ρωσαν.
258 2301 405 2356 Ἀλλ’
437 2300 588 2371 ὅμως
616 2295 826 2365 ταύτην
848 2294 951 2366 τὴν
975 2290 1248 2362 ἐντροπὴν
1291 2287 1570 2343 ἐνδύονται
1593 2301 1606 2317 ’

19 2393 138 2446 οὐδὲ
184 2392 296 2465 γὰρ
340 2390 640 2463 ἀρνοῦνται
680 2387 742 2441 τὸ
789 2383 1037 2454 γεγονὸς,
1072 2381 1209 2436 ἀλλὰ
1265 2378 1362 2434 καὶ
1400 2376 1609 2446 σφόδρα

20 2484 351 2538 οἰκειοῦνται
375 2481 474 2536 τοῦ
500 2478 739 2550 σταυροῦ
762 2476 822 2530 τὸ
843 2475 1125 2546 τόλμημα.
1159 2472 1274 2543 Τὴν
1299 2470 1432 2540 γοῦν
1455 2470 1608 2538 εἰρη-

23 2578 193 2647 μένην
217 2578 488 2647 αἰσχύνην
511 2575 590 2636 ὡς
615 2569 866 2626 διπλοΐδα
890 2565 1317 2640 περιϐάλλονται
1342 2580 1356 2596 ο
1383 2564 1478 2617 ἐπὶ
1501 2561 1612 2631 γὰρ

17 2668 96 2738 τῷ
123 2668 438 2739 τολμήματι
474 2663 570 2718 τοῦ
601 2660 862 2732 σταυροῦ,
896 2660 1033 2729 ὅπερ
1065 2656 1280 2728 ἱμάτιον
1325 2653 1609 2723 κέκληται,

19 2760 315 2831 ἀρνοῦνται
347 2759 444 2814 τὸν
475 2757 568 2811 διὰ
608 2755 710 2824 τῆς
743 2752 954 2819 οἰκείας
985 2750 1258 2821 ὲγέρσεως
1297 2745 1395 2817 τὴν
1436 2745 1613 2798 οἰκου-

23 2852 192 2922 μένην
213 2853 533 2922 ἐγείραντα.
568 2845 738 2900 Τοῦτο
769 2845 825 2898 δὲ
849 2844 1035 2906 αὐτοῖς
1055 2842 1132 2905 ὡς
1162 2838 1397 2909 αἰσχύνη
1448 2833 1612 2904 διπλῆ

21 2943 289 3008 διπλοΐδος
322 2943 511 3005 αὐτοῖς
540 2937 770 3000 εἰκότως
798 2933 1146 3007 περιϐόλαιον
1179 2929 1412 3001 γίνεται.

96 3053 116 3087 ι
155 3034 659 3107 Ἑξομολογήσομαι
699 3027 777 3099 τῷ
827 3025 1255 3098 Κυρίῳλσφόδερα
1301 3025 1361 3075 ὲν
1391 3019 1471 3091 τῷ
1495 3017 1614 3104 στό-

24 3127 158 3197 ματί
187 3146 311 3198 μου.
337 3148 358 3182 a

90 3220 278 3290 Στόμα
303 3220 403 3274 τοῦ
428 3215 668 3290 Χριστοῦ
695 3216 730 3287 ἠ
772 3211 1074 3284 Ἐκκλησία
1093 3227 1105 3241 ·
1143 3209 1336 3279 ἐπειδὴ
1374 3208 1470 3263 καὶ
1508 3208 1607 3262 αὐ-

21 3312 110 3374 τὸς
142 3314 312 3385 αὐτῆς
336 3312 549 3384 κεφαλὴ
576 3307 890 3377 ἀναγκαίως
918 3305 1228 3375 καθέστηκε
1247 3319 1261 3333 °
1280 3302 1372 3356 διὰ
1403 3301 1611 3372 ταύτης

21 3401 202 3458 τοίνυν
262 3398 772 3476 ἐξομολογήσασθαι
821 3395 900 3466 τῷ
961 3394 1140 3466 Πατρὶ
1184 3391 1608 3461 ἐπαγγέλλεται.

21 3492 192 3548 Τοῦτο
217 3497 328 3566 γὰρ
349 3496 431 3557 εἰς
470 3491 772 3561 σαφήνειαν
805 3488 1055 3556 ἐπήγαγε
1089 3485 1152 3536 τὸ
1178 3484 1468 3554 ἑπόμενον.

97 3602 117 3635 ι
157 3584 247 3637 Ἐν
277 3586 433 3656 μέσῳ
460 3579 674 3634 πολλῶν
705 3577 904 3633 αἰνέσω
936 3573 1122 3630 αὐτόν.
1151 3591 1171 3626 ι
1311 3655 1316 3660 Δ
1497 3609 1508 3614 -

92 3675 305 3730 Οὐκοῦν
335 3677 435 3746 τὴν
473 3672 752 3743 ἡμετέραν
803 3667 1134 3736 δοξολογίαν,
1179 3665 1387 3724 οἰκείαν
1419 3663 1612 3738 ἐξομο-

22 3763 272 3838 λόγησιν,
341 3766 620 3820 τουτέστιν
671 3761 1048 3832 εὐχαριστίαν,
1099 3759 1418 3827 ἀναγκαίως
1470 3759 1612 3812 κατά

21 3851 182 3924 λόγον
209 3857 285 3921 ῶς
327 3853 534 3927 ποιμὴν
565 3853 823 3924 ποίμνης,
855 3849 950 3903 καὶ
989 3847 1063 3912 ῶς
1095 3847 1320 3918 ἀπαρχὴ
1351 3848 1611 3920 φυράμα-

25 3963 116 4010 τος
144 3947 382 4006 τίθεται.

99 4057 118 4089 ι
150 4041 276 4096 Ὀτι
310 4042 558 4114 παρέστη
589 4042 651 4092 ἐκ
680 4035 866 4105 δεξιῶν
897 4035 1152 4106 πένητος.
1178 4052 1196 4084 ι

109 4130 200 4185 Ἐν
233 4135 346 4208 γὰρ
399 4137 511 4199 τοῖς
560 4131 836 4194 Ἰουδαίοις
881 4127 1045 4184 αὐτὸν
1099 4126 1188 4180 διὰ
1234 4125 1334 4196 τὴν
1383 4125 1610 4180 ἐκείνων

23 4223 294 4281 ἀπιστίαν
339 4227 641 4302 πενόμενον
706 4223 959 4277 πλουτεῖν
1014 4218 1320 4290 πεποίηκεν
1393 4221 1450 4271 ἐν
1500 4220 1612 4281 τοῖς

24 4313 256 4383 ἔθνεσιν,
309 4322 374 4374 ὲκ
414 4319 605 4384 δεξιῶν
658 4315 824 4372 αὑτοῦ
883 4311 1208 4386 παραστάς·
1241 4311 1379 4380 ὅπερ
1408 4309 1474 4363 σὺ
1511 4309 1612 4378 μὲν

25 4405 200 4472 δοκεῖς
231 4406 378 4467 εἶναι
429 4410 705 4475 ταπεινὸν,
751 4408 868 4460 ἐστι
903 4406 962 4459 δὲ
1012 4403 1221 4474 σφόδρα
1261 4400 1486 4472 ὑψηλὸν,
1517 4400 1613 4453 καὶ

1707 1914 1859 1970 dore.
1901 1933 1921 1966 ι

1781 2007 2051 2064 Pudorem
2077 2009 2153 2064 ait
2177 2009 2496 2066 Judmorum
2521 2011 2927 2070 detrahentium
2953 2025 3011 2072 et
3059 2018 3290 2074 maledi-

1707 2097 1950 2152 centiam
1976 2098 2219 2165 Christo,
2239 2101 2386 2171 quod
2417 2101 2680 2158 nimirum
2723 2105 2904 2176 ipsum
2929 2107 3079 2162 cruci
3100 2109 3290 2164 allixee-

1712 2187 1841 2252 rint,
1864 2188 1955 2258 qui
1989 2207 2055 2244 ex
2082 2190 2189 2246 illis
2219 2200 2336 2247 erat
2367 2194 2671 2250 secundum
2704 2211 2949 2264 carnem,
2982 2199 3119 2255 etad
3142 2199 3293 2270 ipsos

1711 2281 2010 2339 servandos
2048 2283 2369 2360 advenerat.
2400 2284 2792 2352 Verumtamen
2835 2291 2988 2346 hunc
3022 2292 3290 2362 pudorem

1711 2371 1980 2441 induunt;
2011 2389 2120 2429 non
2139 2377 2286 2432 enim
2317 2377 2523 2436 factum
2544 2391 2764 2451 negant,
2801 2384 2898 2440 sed
2935 2386 3118 2442 crucis
3156 2387 3291 2443 [aci-

1713 2478 1818 2519 nus
1848 2464 1949 2519 sibi
1973 2467 2254 2542 prOprium
2292 2470 2597 2526 vindicant.
2625 2473 2843 2532 Dictum
2903 2476 3090 2548 itaque
3115 2481 3292 2550 pado.

1713 2571 1830 2611 rem
1865 2566 2121 2628 tanquam
2146 2561 2442 2632 diploidem
2481 2564 2721 2622 induunt
2757 2582 2923 2622 :natn
2953 2585 3117 2642 supra
3150 2572 3290 2629 faci-

1713 2667 1821 2707 nus
1847 2653 2049 2721 crueis,
2072 2655 2218 2726 quod
2249 2657 2418 2712 vestis
2478 2670 2852 2730 nuncupatur,
2877 2675 3078 2735 negant
3135 2667 3294 2723 illu-

1712 2757 1812 2812 per
1843 2743 2123 2818 propriam
2184 2746 2645 2804 resurrectionem
2727 2752 3044 2818 universum
3097 2757 3293 2815 orbem

1715 2833 2007 2894 excitasse.
2040 2835 2155 2892 Hoc
2177 2845 2362 2894 autem
2415 2847 2678 2910 tanquam
2697 2841 2896 2912 duplex
2951 2847 3128 2916 pudor
3171 2850 3297 2918 jure

1715 2930 1914 2986 merito
1937 2930 2067 3001 ipsis
2096 2931 2355 3003 diploidis
2378 2932 2765 2990 indumentum
2793 2938 3032 2995 exsistit.

1789 3019 1954 3077 Vens.
2011 3022 2102 3078 50.
2137 3040 2157 3074 ι
2213 3021 2532 3081 Conﬁtebor
2597 3025 2835 3084 Domino.
2879 3028 3044 3088 nimis
3102 3031 3160 3090 in
3201 3051 3298 3091 ore

1637 3135 1689 3200 ο
1717 3128 1861 3169 meo.
1893 3132 1915 3166 θ

1783 3205 1858 3262 Os
1879 3187 2083 3264 Christi
2107 3219 2190 3265 est
2220 3209 2494 3277 Ecclesia;
2539 3213 2984 3285 quandoquidem
3017 3217 3136 3289 ipse
3163 3235 3300 3290 quo-

1715 3315 1824 3369 que
1854 3303 2168 3359 necessario
2195 3303 2316 3374 ejus
2335 3314 2501 3377 caput
2530 3307 2870 3364 constitutus
2887 3317 2972 3365 est
3002 3326 3016 3363 :
3047 3313 3299 3382 perliane

1717 3391 1884 3464 igitur
1903 3393 2049 3451 Patri
2075 3397 2326 3452 conﬁteri
2347 3399 2696 3468 perhibetur.
2739 3399 2855 3458 Hoc
2883 3402 3032 3458 enim
3067 3405 3124 3460 id
3149 3407 3296 3476 quod

1718 3487 1964 3556 sequitur
1991 3487 2309 3546 declaravit.

1789 3593 1817 3628 ,ι
1856 3575 1918 3630 ln
1939 3578 2124 3636 medio
2145 3579 2443 3636 multorum
2467 3581 2704 3640 laudabo
2731 3600 2882 3641 eum.
2914 3605 2934 3642 ι

1789 3666 2043 3724 Nostram
2060 3670 2226 3743 igitur
2248 3671 2721 3746 gloriﬁcationem,
2752 3677 3034 3750 propriam
3078 3681 3298 3739 confes-

1719 3763 1952 3828 sionem,
1981 3763 2034 3818 id
2057 3773 2144 3820 est
2162 3764 2456 3835 gratiarum
2475 3767 2769 3836 actionem,
2797 3771 2957 3841 juxta
2983 3787 3298 3830 sermonem

1718 3853 1868 3909 hunc
1886 3856 2201 3911 necessario
2228 3857 2386 3927 ponit
2433 3863 2701 3930 tanquam
2739 3871 2930 3933 pastor
2979 3865 3182 3938 gregis,
3243 3875 3304 3924 et

1719 3953 1976 4016 tanquam
2002 3947 2260 4015 primitiae
2290 3952 2719 4020 eonspersionis.

1794 4035 1950 4098 Vens.
1979 4031 2069 4090 3i.
2093 4055 2113 4087 ι
2151 4035 2287 4102 Quia
2323 4040 2497 4094 astitit
2523 4056 2554 4094 a
2583 4041 2791 4098 dextris
2815 4045 3094 4114 pauperis.
3122 4065 3158 4098 r-

1790 4129 1972 4200 lpsutu
1996 4130 2148 4186 enim
2169 4131 2312 4187 inter
2337 4129 2559 4190 Iudaeos
2611 4135 2684 4190 ob
2712 4135 2930 4191 illorum
2952 4137 3303 4196 incredulita-

1722 4232 1830 4279 tem
1855 4221 2084 4293 penuria
2106 4221 2444 4278 laborantem
2465 4223 2746 4281 abundare
2763 4225 2893 4283 fecit
2913 4229 3057 4284 inter
3085 4240 3300 4302 gentes,

1719 4330 1751 4368 a
1777 4314 1982 4370 dextris
2014 4314 2186 4385 ipsius
2223 4316 2488 4371 assistens
2519 4332 2536 4369 :
2571 4317 2802 4391 quodltu
2833 4319 3056 4390 quidem
3093 4322 3302 4379 limile

1718 4421 1843 4460 esse
1867 4407 2174 4474 arbitraris,
2194 4408 2304 4486 sed
2340 4419 2428 4463 est
2471 4410 2630 4465 valde
2685 4410 2940 4476 sublime,
2994 4413 3140 4468 etde
3184 4414 3304 4470 sole

25 4501 156 4570 περὶ
185 4504 350 4572 μόνου
387 4503 518 4558 Υἰοῦ
561 4504 636 4566 ὡς
689 4499 823 4554 Θεοῦ
856 4498 953 4554 καὶ
998 4495 1290 4568 ὁμοουσίου
1319 4493 1583 4562 δυνάμενα

1787 4497 1858 4550 lio
1891 4505 2149 4568 tanquam
2183 4499 2294 4553 Deo
2333 4505 2389 4553 et
2431 4500 2882 4557 consubstantiali
2932 4503 3044 4559 dici
3095 4513 3299 4574 potest.

23 4587 309 4660 λέγεσθαι,
339 4597 554 4664 Ὥσπερ
587 4594 698 4664 γὰρ
729 4591 856 4654 Υἱὸς
883 4590 945 4643 οὐ
992 4588 1153 4660 μόνον
1183 4587 1249 4639 ὲκ
1272 4582 1463 4648 δεξιῶν
1487 4581 1616 4638 κάθ-

23 4696 156 4750 ηται
205 4685 304 4739 τοῦ
358 4686 596 4756 Πατρὸς,
645 4683 782 4737 ἀλλὰ
829 4683 924 4736 καὶ
977 4681 1041 4734 ἐκ
1103 4677 1295 4742 δεξιῶν
1370 4676 1607 4730 ἵσταται.

23 4770 186 4843 (φησὶ
207 4776 320 4849 γὰρ
343 4779 371 4831 ὁ
400 4778 690 4844 Στέφανος·
735 4772 883 4840 Ἰδοὺ
915 4767 1111 4839 θεωρῶ
1145 4766 1288 4834 τοὺς
1313 4764 1611 4836 οὐρανοὺς

20 4861 462 4937 ἀνεῳγμένους,
489 4866 589 4922 καὶ
634 4865 869 4935 Ἰησοῦν
905 4860 1137 4920 ἑστῶτα
1164 4861 1233 4915 ἐκ
1259 4858 1476 4924 δεξιῶν
1497 4855 1611 4926 τῆς

21 4949 380 5033 δὐνὰμεως)·
418 4959 564 5015 οὕτω
591 4959 684 5013 καὶ
729 4960 758 5012 ὁ
819 4955 1010 5026 Πατὴρ
1041 4955 1108 5008 ἐκ
1140 4950 1329 5018 δεξιῶν
1358 4948 1612 5003 ἵστασθαι

21 5037 244 5110 λέγεται
276 5054 371 5109 τοῦ
421 5052 574 5119 Υἱοῦ,
611 5052 698 5107 ἵνα
749 5049 882 5123 μίαν
926 5050 1088 5120 ἡμεῖς
1139 5043 1299 5109 ἀξίαν
1350 5039 1484 5096 Υἱοῦ
1515 5039 1611 5094 καὶ

21 5131 238 5208 Πατρδς
265 5146 546 5216 μάθωμεν.

590 5236 886 5291 ΨΑΛΜΟΣ
923 5232 1050 5290 ΡΘ’.

100 5335 121 5369 ‹
145 5317 317 5381 Είπεν
346 5329 374 5382 ὁ
407 5326 610 5398 Κύριος
639 5329 716 5398 τῷ
748 5329 942 5400 Κυρίῳ
974 5345 1098 5400 μου.
1127 5346 1146 5380 ι

97 5406 217 5464 Ἵνα
256 5415 441 5490 δειχθῇ
483 5417 578 5471 τοῦ
609 5419 820 5492 nam;
848 5420 944 5474 καὶ⁵
972 5417 1068 5473 τοῦ
1100 5416 1230 5470 Υἰοῦ
1265 5414 1326 5468 τὸ
1352 5416 1414 5468 ὲν
1443 5412 1608 5467 πᾶσιν

21 5491 309 5576 ὀίίιάΊτιμον,
339 5510 434 5564 καὶ
479 5511 562 5563 ὅτι
599 5509 700 5562 οὐκ
729 5510 892 5574 αὐτὸς
926 5509 1106 5580 ἑαυτῷ
1130 5511 1158 5563 ό
1187 5509 1318 5572 Υἰδς
1365 5499 1609 5577 ἁρπάζει

28 5583 308 5664 βασιλείας
349 5603 383 5673 ἢ
423 5604 678 5666 θεότητος
730 5601 886 5666 ἀξίαν
923 5601 1026 5673 (διό
1073 5616 1238 5671 φησιν
1287 5601 1316 5653 ὁ
1369 5595 1602 5662 Παῦλος,

98 5765 140 5799 ⁸¹
163 5772 319 5838 Deut.
345 5799 457 5846 xxi,
480 5781 570 5834 23.

347 5879 620 5937 PATROL.
667 5879 761 5933 Gn
834 5873 1030 5933 XCIII.

1720 4585 2190 4652 Quemadmodum
2210 4591 2358 4646 enim
2405 4589 2577 4647 Filius
2600 4608 2712 4647 non
2733 4595 2909 4650 solum
2933 4596 3088 4652 sedet
3111 4613 3142 4651 a
3167 4598 3304 4652 dex-

1726 4675 1824 4731 tris
1855 4676 2052 4744 Patris,
2073 4695 2267 4734 verum
2289 4680 2456 4736 etiam
2482 4698 2513 4738 a
2553 4683 2763 4738 dextris
2829 4695 2962 4754 stat.
2992 4687 3085 4740 Ait
3152 4689 3301 4742 enim

1721 4765 2082 4836 Stephanus:
2138 4768 2273 4823 Ecce
2333 4769 2482 4823 video
2535 4769 2688 4824 calor
2755 4781 2986 4842 apertos,
3017 4783 3065 4827 et
3118 4772 3305 4830 Iesum

1719 4865 1954 4912 stantem
1980 4876 2013 4912 a
2042 4859 2242 4912 dextris
2267 4858 2505 4913 virtutis.
2533 4857 2627 4914 Sic
2657 4860 2824 4916 etiam
2847 4860 3008 4917 Pater
3029 4880 3060 4918 a
3090 4864 3304 4920 dextris

1719 4949 1841 5007 Filii
1864 4963 2012 5007 stare
2037 4949 2260 5014 dicitur,
2285 4958 2346 5005 ut
2372 4965 2477 5008 nos
2511 4950 2792 5021 discamus
2834 4969 3003 5011 unam
3029 4956 3312 5014 eamdem-

1721 5056 1830 5114 que
1853 5056 1977 5098 esse
2005 5040 2185 5098 Patris
2234 5039 2473 5115 Filiique
2501 5043 2848 5116 dignitatem.
2875 5074 2884 5084 ι

2269 5225 2591 5286 PSALMUS
2628 5228 2766 5286 CIX.

1783 5313 1961 5372 .Vens.
1991 5319 2042 5373 l.
2073 5338 2092 5372 ι
2127 5319 2270 5376 Dixit
2295 5320 2562 5384 Dominus
2591 5321 2823 5379 Domino
2844 5339 2988 5381 meo.
3030 5345 3050 5378 ι

1791 5407 1865 5464 Ut
1892 5408 2069 5466 Patris
2107 5410 2339 5482 Filiique
2362 5412 2417 5467 in
2442 5414 2698 5470 omnibus
2731 5418 3014 5486 aequalitas
3041 5420 3300 5476 ostende-

1718 5509 1892 5568 retur,
1911 5511 1968 5558 et
1997 5513 2057 5558 ut
2086 5520 2197 5560 non
2229 5505 2346 5576 ipse
2376 5506 2479 5562 sibi
2514 5506 2618 5577 ipsi
2647 5507 2817 5566 Filius
2851 5512 3000 5582 regni
3033 5521 3127 5568 aut
3155 5511 3301 5568 divi-

1717 5591 1906 5650 nitatis
1932 5595 2110 5667 rapiat
2143 5597 2462 5669 dignitatem
2519 5598 2766 5672 (propter
2802 5602 2948 5672 quod
2976 5601 3176 5661 Paulus
3199 5603 3300 5662 ait:

2871 5875 2948 5936 42
