3764 6320
475 289 608 358 1343

1651 295 2010 357 HESYCilll
2070 295 2545 356 PRESBYTERI

3634 282 3732 340 131i

468 401 806 457 demonstrat
850 401 1075 475 Aggaus
1117 402 1196 460 sic
1230 403 1452 473 quidem
1492 405 1729 474 seipsum
1773 406 1852 460 sic
1881 405 2030 459 etian‘

2148 405 2286 458 Θεοῦ
2319 406 2706 477 ἑρμηνεύεται,
2737 402 3022 475 ἄνθρωπος
3053 400 3200 469 ὅμως
3225 391 3327 466 ἦν.
3359 393 3638 462 Ἄγγελοι
3653 397 3732 460 τάξ

466 503 525 550 et
549 495 686 549 alios
705 495 1001 566 prophetas
1013 509 1236 561 vocans,
1265 495 1464 565 quibus
1479 496 1778 566 prophetia
1800 511 1913 550 sua
1943 495 2050 549 mi-

469 585 655 640 nistris
673 587 950 640 utebatur.
973 587 1110 640 Dicit
1124 587 1291 641 enim:
1313 605 1331 637 ι
1352 583 1419 640 Ει
1433 585 1806 657 dixitAggaus
1823 587 2045 658 angelus

467 675 680 730 Domini
708 678 850 732 inter
871 679 1092 749 angelos
1115 677 1325 734 Domini
1377 679 1598 747 populo.
1630 697 1648 729 ι
1682 678 1846 734 Forte
1877 681 2042 734 etiam

467 783 522 822 et
559 771 662 825 hoc
703 785 902 826 nomen
931 771 1213 840 proprium
1251 771 1520 842 prepbeta
1559 771 1785 828 sortitus
1807 782 1908 827 est.
1933 771 2044 827 Sed

467 860 691 930 insuper
720 861 851 915 illud
879 861 1254 932 adjiciendum
1285 871 1340 917 et
1380 863 1446 916 ad
1481 864 1844 920 sinceriorem
1872 865 2042 919 libro-

468 968 588 1006 rum
648 953 1092 1024 propheticorum
1146 955 1582 1026 intelligentiam,
1639 954 1846 1011 scilicet
1899 955 2042 1009 anti-

465 1059 630 1113 quam
667 1060 788 1099 esse
817 1045 1118 1114 prophetia
1148 1046 1377 1116 gratiam
1401 1063 1421 1098 r
1447 1046 1652 1116 quippe
1679 1062 1800 1115 qua
1826 1047 1894 1100 ab
1922 1046 2038 1115 ipsa

464 1135 718 1203 primitus
755 1137 1036 1191 hominum
1070 1137 1348 1193 creatione
1383 1137 1636 1207 incipiat;
1675 1138 1748 1192 ita
1781 1148 1839 1191 ut
1867 1138 2042 1192 Adam

464 1226 533 1279 de
587 1226 695 1281 Eva
749 1226 949 1282 dixerit
980 1228 1302 1296 prophetico
1344 1228 1504 1296 plane
1537 1228 1717 1282 dono:
1761 1247 1780 1278 ι
1815 1227 2042 1298 Propter

465 1318 574 1373 hoc
631 1319 976 1388 derelinquet
1038 1321 1203 1374 homo
1240 1329 1448 1389 patrem
1505 1335 1663 1374 suum
1714 1329 1769 1374 et
1811 1328 2036 1374 matrem

461 1423 640 1473 suam,
669 1417 723 1463 et
756 1410 1057 1464 adhaerebit
1086 1410 1152 1463 ad
1184 1427 1413 1464 uxorem
1435 1425 1588 1464 suam
1615 1429 1628 1476 ;
1657 1421 1711 1465 et
1743 1421 1904 1465 erunt
1929 1413 2042 1466 duo

463 1499 519 1553 in
555 1513 776 1554 carnem
805 1517 991 1556 unam.
1029 1520 1049 1552 ι
1073 1501 1347 1556 Abraham
1379 1504 1645 1572 propheta
1673 1504 1741 1558 ab
1769 1503 1887 1572 ipso
1925 1504 2036 1560 Deo

462 1591 578 1645 hac
598 1592 814 1646 dicente
839 1593 906 1646 ad
932 1592 1272 1658 Ahimelech,
1307 1603 1655 1662 nuncupatus
1707 1603 1816 1649 est:
1849 1613 1868 1644 ι
1892 1593 2038 1650 Red—

461 1680 529 1734 de
564 1695 786 1735 uxorem
839 1682 976 1748 viro,
1010 1682 1134 1751 quia
1168 1683 1434 1752 propheta
1465 1693 1567 1737 est.
1602 1684 1718 1739 Non
1770 1685 1936 1754 igitur
1977 1687 2032 1740 hi

459 1770 561 1824 Soli
621 1773 900 1841 propheta
952 1782 1103 1838 sunt,
1168 1788 1402 1841 quorum
1449 1773 1671 1827 nomine
1710 1774 2035 1836 inscribitur
2067 1759 2107 1814 Β

461 1861 770 1930 prophetia.
791 1862 922 1917 Nam
958 1864 1233 1933 quomodo
1265 1862 1484 1918 Samuel
1515 1864 1767 1934 princeps
1796 1867 2037 1936 prephc-

463 1965 637 2011 tarum
669 1958 964 2012 vocabatur
991 1958 1021 2012 ?
1046 1958 1331 2023 Quomodo
1365 1959 1458 2012 lilii
1510 1962 1900 2030 prophetarum
1951 1963 2036 2017 di-

458 2048 724 2102 cebamur
769 2050 860 2118 qui
895 2051 1049 2120 juxta
1093 2051 1262 2104 Eliam
1327 2053 1848 2121 congregabantur?
1907 2052 2038 2109 Pro-

459 2139 646 2208 phetia
693 2139 838 2194 enim
884 2141 992 2195 ulla
1023 2157 1127 2196 nec
1182 2141 1376 2196 horum
1409 2157 1511 2196 nec
1565 2143 1780 2197 illorum
1813 2145 2038 2199 nomine

459 2229 722 2300 inscripta
751 2230 1008 2286 refertur.
1039 2231 1317 2301 Quotquot
1350 2233 1513 2304 igitur
1573 2245 1726 2290 erant
1789 2235 2036 2306 philoso-

459 2321 604 2392 phia
637 2321 819 2378 forsan
848 2332 974 2378 ante
999 2323 1134 2378 alios
1165 2325 1347 2395 periti,
1382 2326 1436 2378 hi
1470 2339 1686 2396 quoque
1716 2328 2036 2396 prophetico

459 2414 642 2469 studio
671 2413 910 2472 illustres
943 2415 1070 2469 facti
1101 2454 1116 2480 ,
1171 2415 1288 2470 sive
1331 2417 1475 2485 quod
1544 2417 1820 2472 historicis
1880 2418 2037 2474 libris

460 2506 739 2577 inspirata
779 2506 1075 2578 Scriptura
1101 2523 1440 2578 quacunque
1490 2510 1812 2579 prophetico
1839 2510 2032 2580 spiritu

461 2598 716 2653 dixerunt
767 2607 861 2654 aut
891 2600 1136 2655 fecerunt
1180 2602 1486 2670 conscripta
1544 2611 1706 2667 sunt,
1756 2602 1898 2655 sicut
1933 2601 2034 2656 Sa-

460 2691 638 2754 muel,
673 2688 817 2746 Elias
869 2700 924 2746 et
961 2692 1224 2760 Elizaus;
1252 2694 1367 2749 sive
1388 2693 1531 2763 quod
1566 2694 1735 2749 libros
1787 2693 1886 2764 ipsi
1911 2707 2036 2763 pro-

461 2783 711 2853 pheticos
736 2823 752 2848 ,
794 2782 1012 2838 alliante
1068 2785 1277 2854 Spiritu
1315 2827 1330 2851 ,
1375 2786 1739 2841 condiderunt
1770 2829 1786 2852 ,
1846 2787 2036 2855 quales

461 2873 615 2930 luere
648 2874 933 2930 duodecim
963 2917 979 2942 ,
1039 2885 1095 2930 et
1126 2876 1292 2931 Isaias
1321 2918 1336 2943 ,
1392 2887 1448 2932 et
1481 2877 1781 2944 Jeremias,
1815 2888 1870 2934 et
1903 2877 2037 2934 Eze-

460 2965 628 3032 chiel,
661 2976 716 3021 et
747 2966 956 3021 Daniel.
994 2967 1141 3022 Inter
1159 2983 1295 3036 quos
1323 2969 1575 3024 Ezechiel
1605 2970 1825 3040 quidem
1848 2978 1903 3026 et
1931 2971 2036 3025 Da-

462 3054 591 3118 niel,
629 3056 853 3144 Aggaus
880 3064 935 3110 et
958 3055 1268 3120 Zacharias,
1303 3057 1603 3126 captivitati
1635 3058 1819 3127 populi
1842 3057 2034 3113 Judai-
2061 3081 2108 3144 ο

461 3144 511 3198 ei
539 3145 684 3214 apud
715 3143 969 3216 Assyrios
1001 3146 1336 3215 posteriores
1367 3148 1718 3216 prophetam.
1770 3148 2037 3205 Jeremias

461 3241 645 3289 autem
677 3235 819 3290 hanc
851 3235 1025 3305 ipsam
1053 3235 1426 3306 captivitatem
1448 3236 1797 3292 vaticinatur.
1825 3235 2038 3309 Sopho-

461 3325 584 3380 nias
629 3340 741 3380 non
796 3333 912 3381 toto
941 3334 1190 3396 tempore
1243 3341 1358 3382 sua
1391 3327 1716 3398 prophetia,
1758 3329 1852 3383 sed
1885 3339 2039 3399 parte

464 3426 674 3470 tantum
702 3457 715 3481 ,
764 3416 948 3472 lloruit
996 3424 1259 3488 regnante
1332 3417 1516 3483 Josia;
1573 3435 1683 3488 quo
1721 3420 1886 3474 etiam
1947 3437 2037 3475 re-

461 3518 665 3578 gnante
695 3507 965 3564 Jeremias
986 3509 1270 3564 vaticinari
1303 3509 1615 3580 incipiebat.
1638 3511 1833 3566 Catcri
1856 3520 2038 3566 autem

464 3599 617 3654 Isaia
667 3602 886 3669 quidem
917 3601 1402 3672 contemporanei,
1455 3602 1549 3657 sed
1593 3602 1843 3657 Samuel'e
1868 3643 1882 3668 ,
1922 3604 2038 3660 Elia

461 3700 520 3745 et
552 3691 744 3746 Elisao
778 3693 1130 3748 recentiores.
1165 3691 1221 3747 ld
1255 3709 1320 3747 ex
1343 3707 1410 3746 eo
1460 3700 1612 3762 patet
1661 3694 1805 3762 quod
1845 3695 2040 3750 Elisao

465 3783 718 3838 mosienti
748 3784 920 3839 adluit
968 3785 1116 3850 Joas,
1141 3800 1238 3838 rex
1285 3784 1473 3839 Israel.
1517 3785 1573 3839 In
1603 3785 1796 3842 diebus
1855 3795 2037 3842 autem

464 3875 754 3930 Jeroboam
775 3913 789 3940 ,
821 3891 932 3930 non
963 3876 1058 3930 lilii
1113 3877 1326 3930 Nabath
1354 3915 1368 3939 ,
1404 3876 1500 3931 sed
1551 3876 1645 3930 lilii
1689 3876 1815 3933 Joas
1837 3919 1851 3944 ,
1901 3879 2039 3934 Osee

464 3967 805 4036 prophetiam
835 3966 966 4021 edit.
1007 3968 1180 4032 Simul
1205 3983 1328 4022 cum
1359 3983 1424 4023 eo
1486 3966 1791 4022 ﬂoruerunt
1846 3969 2036 4034 Amos,

467 4057 721 4114 Michzeas
754 4067 810 4114 et
833 4059 1037 4123 Isaias;
1087 4059 1229 4115 sicut
1266 4059 1570 4114 enumerati
1612 4061 1665 4113 in
1698 4060 1878 4114 fronte
1925 4061 2042 4114 sin-

464 4151 712 4216 gulorttm
743 4150 1044 4220 prophetia
1073 4165 1230 4222 reges
1257 4151 1501 4205 studiose
1527 4151 1862 4220 quarentiet
1888 4166 2040 4206 Scru-

467 4241 598 4293 tanti
637 4243 879 4296 iudicare
947 4249 1199 4311 possunt.
1236 4242 1388 4307 Quod
1417 4253 1600 4298 autem
1636 4244 1792 4298 deest
1815 4244 2040 4314 prologo

463 4319 778 4387 necessario
830 4333 1126 4387 addemus:
1170 4333 1403 4396 scilicet,
1436 4334 1602 4387 Amos
1636 4341 1692 4388 et
1722 4333 1862 4388 Osee
1895 4333 2039 4402 apud

2138 1979 2323 2033 ρευται
2343 1977 2359 1992 ⁶
2389 1980 2409 2013 ι
2432 1961 2658 2025 Ἀπόδος
2684 1961 2782 2030 τὴν
2802 1962 3035 2028 γυναῖκα
3062 1957 3144 2028 τῷ
3165 1955 3494 2026 ἀνθρώπῳ,
3519 1955 3592 2006 ὅτι
3617 1967 3704 2015 αρε-

2151 497 2288 551 Θεοῠ
2321 499 2372 552 οί
2393 497 2676 569 προφῆται
2721 495 3000 564 ἐλέγοντο·
3035 491 3186 562 δηλοῖ
3215 491 3277 543 δὲ
3309 489 3598 555 ’Δγγιιω
3625 486 3728 538 οὕτω

2153 591 2255 661 μὲν
2291 589 2504 653 ἑαυτὸν,
2552 588 2698 642 οὕτω
2729 588 2788 642 δὲ
2811 588 2907 640 καὶ
2930 586 3058 647 τοὺς
3105 583 3309 645 ἀλλους
3350 581 3648 650 προφήτας
3667 596 3726 628 ιε-

2151 680 2366 751 κληκὼς
2393 674 2474 744 οἷς
2490 679 2790 751 ὑπηρέταις
2806 679 2904 749 τῆς
2924 675 3124 732 ἑαυτοῦ
3145 670 3526 744 προφητείας
3548 670 3725 736 ὲκέιρῆ·

2147 789 2229 828 το.
2255 773 2394 842 Φησὶ
2423 772 2532 842 γάρ
2557 788 2571 802 ·
2612 791 2631 823 ι
2662 772 2772 824 Καὶ
2801 765 2957 824 εἷπεν
2987 769 3245 837 Ἀγγαῖος
3282 763 3542 832 ἄγγελος
3561 763 3720 829 Κνρὲν

2149 864 2207 916 ὲν
2228 863 2482 932 ἀγγέλοις
2516 863 2724 934 Κυρίου
2757 861 2836 933 τῷ
2877 860 3012 932 λαῷ.
3045 878 3066 911 ι
3111 859 3284 920 Ἴσως
3320 856 3391 908 δὲ
3450 855 3554 906 καὶ·
3595 853 3720 918 his

2146 955 2306 1008 τοῦτο
2329 954 2519 1026 κύριον
2542 957 2571 1008 ὁ
2621 955 2910 1025 προφήτης
2936 952 3228 1019 ἐκέκτητο.
3283 946 3480 1000 ’Δελλά
3512 945 3611 1015 μὴν
3649 947 3714 995 ni-

2147 1051 2295 1103 κεϊνο
2316 1049 2640 1121 προσθεῖναι
2663 1049 2797 1120 πρὸς
2824 1046 3230 1119 ἀκριϐεστέραν
3277 1044 3514 1111 γνῶσιν
3541 1041 3634 1092 τῦα
3661 1040 3712 1105 βί-

2145 1140 2287 1194 ϐλων
2311 1141 2422 1194 τῶν
2448 1140 2802 1213 προφητικῶν
2828 1139 2999 1204 ἀξιον,
3023 1138 3101 1201 ὥς
3149 1137 3413 1206 ἀρχαῖον
3447 1133 3548 1202 μὲν
3576 1127 3632 1200 ἦν
3649 1134 3709 1194 τίς
3758 1159 3759 1213 γ

2145 1231 2487 1301 προφητείας
2535 1232 2596 1285 τὸ
2620 1231 2889 1302 χάρισμα,
2930 1231 2989 1296 ἐξ
3019 1227 3199 1298 αὐτῆς
3229 1224 3475 1281 ἄνωθεν
3511 1225 3606 1289 τῆς
3640 1220 3706 1271 τᾶν

2144 1320 2241 1375 ἀνθ
2253 1323 2449 1391 ρώπων
2481 1318 2852 1390 δημιουργίας
2877 1319 3219 1390 ἀρξάμενον.
3247 1316 3441 1367 Ὥστε
3475 1312 3566 1364 τὸν
3591 1309 3704 1374 ’Δξὰμ

2145 1413 2272 1479 περὶ
2299 1413 2400 1482 τῆς
2434 1411 2577 1475 Εὔας
2600 1412 2804 1480 λέγειν,
2825 1408 3153 1482 προφητικῷ
3183 1405 3464 1475 δηλονότι
3494 1402 3702 1472 χαρίσαι-

2141 1519 2214 1555 τι·
2241 1502 2494 1556 ι’Ένεκεν
2521 1503 2711 1556 τούτου
2733 1502 3050 1570 καταλείψει
3078 1499 3400 1569 ἄνθρωπος
3435 1496 3542 1547 τὸν
3556 1493 3702 1556 πατέρ

2141 1594 2329 1659 αὑτοῦ,
2362 1596 2455 1648 καὶ
2481 1596 2591 1666 τὴν
2618 1594 2827 1664 μητέρα
2875 1594 3063 1659 αὐτοῦ,
3121 1592 3230 1645 καὶ
3263 1586 3704 1658 amvi-10011116722-

2139 1703 2228 1740 ται
2261 1687 2398 1757 πρὺς
2428 1687 2524 1758 τὴν
2549 1689 2784 1756 γυναῖκα
2822 1686 3020 1750 αὑτοῦ,
3058 1685 3157 1738 καὶ
3191 1683 3438 1736 ἔσονται
3469 1681 3520 1732 οἱ

2139 1778 2318 1848 σάρκα
2348 1778 2495 1847 μίαν.
2538 1797 2558 1830 ι
2596 1777 2924 1848 Ἀδραάμδὲ
2961 1777 3266 1848 προφήτης
3301 1772 3449 1844 παρ’
3481 1765 3700 1822 αὑτώτεξ

2137 1868 2294 1934 Θεοῦ,
2329 1869 2503 1923 ταῦτα
2533 1871 2668 1939 πρὸς
2700 1869 2792 1922 τὸν
2821 1868 3118 1938 Ἀϐιμέλεχ
3151 1866 3456 1927 εἰπόντος,
3487 1861 3706 1932 προσηγο-

2137 2044 2315 2127 φήτης
2358 2053 2528 2108 ἐστίν.
2563 2071 2582 2107 ι
2644 2053 2718 2107 Οὐ
2754 2052 2904 2122 μόνοι
2968 2051 3152 2103 τοίνυν
3189 2049 3498 2118 προφῆται
3533 2044 3705 2111 1112'»:-

2137 2163 2222 2200 σιν
2243 2187 2256 2211 ,
2290 2139 2365 2198 ὧν
2395 2145 2672 2216 ἔγγραφος
2702 2145 2736 2214 ή
2783 2143 3093 2212 προφητεία
3147 2141 3406 2209 φέρεται
3427 2153 3440 2166 ·
3476 2137 3591 2189 ἐπεὶ
3627 2134 3700 2192 εἷς

2140 2239 2236 2308 μὲν
2269 2240 2298 2290 ὁ
2317 2236 2572 2307 Σαμουὴλ
2607 2234 2903 2306 προφητῶν
2933 2233 3166 2304 ἔξαρχος
3197 2230 3603 2300 ἐπωνόμαστος
3625 2224 3700 2282 ἐἰς

2135 2329 2190 2382 δὲ
2228 2329 2336 2381 υἱοὶ
2370 2325 2668 2397 προφητῶν
2699 2327 2748 2378 oi
2775 2323 3136 2394 συναγόμενοι»
3164 2320 3339 2390 παρὰ
3364 2320 3462 2372 τὸν

2135 2417 2417 2486 ὲλέγοντο;
2449 2418 2763 2489 Ηροφητεία
2812 2415 2922 2486 γὰρ
2970 2414 3265 2485 ἔγγραφος
3297 2413 3368 2466 οὑ
3413 2410 3610 2463 τούτων
3637 2407 3702 2473 εει

2134 2506 2248 2574 οὖν,
2278 2508 2402 2562 οὐδὲ
2437 2509 2659 2562 ἐκείνων
2691 2505 2937 2577 φέρεται.
2958 2507 3118 2559 Ὅσοι
3143 2505 3342 2558 τοίνυν
3373 2500 3517 2574 ἦσαν
3537 2501 3620 2568 τὴν
3641 2517 3700 2564 ψ-

2134 2599 2389 2668 λοσοφίαν
2420 2599 2552 2661 ἴσως
2581 2597 2724 2667 ὑπὲρ
2746 2597 2875 2661 τοὺς
2900 2595 3096 2658 ἄλλους
3125 2593 3450 2660 ἐξαίρετοι,
3471 2586 3607 2644 οὗτοι
3639 2603 3700 2638 n:

2133 2689 2604 2762 τήνπροφητικήν
2637 2676 2874 2760 θεωρίαν
2893 2688 3183 2757 γεγονότες
3215 2687 3522 2756 ἐπίσημοι,
3554 2682 3584 2752 ἢ

2139 2784 2436 2852 ἱστορικαῖς
2488 2781 2690 2851 βίϐλοις
2726 2781 2828 2852 τῆς
2889 2779 3268 2834 θεοπνεύστου
3317 2776 3584 2847 Γραφῆς,
3629 2774 3698 2823 ἑτι

2136 2871 2466 2944 προφητικῷ
2491 2871 2775 2941 Πνεύματι
2796 2871 3045 2933 εἰπόντες
3073 2869 3108 2940 ἢ
3127 2868 3464 2939 πράξαντες
3486 2865 3696 2931 ὑπῆρκτο.

2135 2962 2546 3032 ἀνεγράφησαν,
2566 2959 2756 3031 ὥσπερ
2791 2959 3066 3030 Σαμουὴλ,
3103 2959 3303 3020 Ἠλίας
3345 2975 3412 3010 τε
3446 2957 3540 3010 καὶ
3570 2954 3696 3007 Ἐλιε·

2138 3055 2285 3116 σαῖος
2303 3069 2318 3083 ·
2349 3052 2384 3123 ἢ
2412 3051 2652 3122 βίϐλους,
2678 3050 3075 3122 ἐπιτραπέντες
3093 3050 3252 3119 παρά
3276 3049 3384 3102 τοῦ
3409 3047 3698 3114 {lusimus}

2141 3146 2294 3200 αὐτοὶ
2342 3143 2689 3215 προφητικὰς
2725 3141 3054 3207 συνέταξαν
3099 3136 3209 3195 οἷοί
3237 3158 3396 3204 τινες
3429 3143 3486 3194 οι
3517 3139 3696 3195 δώδεκα

2150 3237 2380 3300 Ἡσαΐας
2411 3253 2492 3301 τε,
2515 3237 2610 3289 καὶ
2639 3235 2928 3306 Ἱερεμίας,
2964 3233 3060 3288 καὶ
3082 3232 3386 3301 Ἰεζεκιήλ,
3424 3232 3522 3287 καὶ
3546 3227 3698 3294 Δανιὴλ

2138 3329 2427 3398 γεγόνασιν
2446 3343 2461 3360 ·
2488 3321 2562 3381 ὧν
2580 3325 2844 3396 Ἰεζεκιὴλ
2874 3326 2971 3396 μὲν
3010 3325 3104 3378 καὶ
3131 3325 3366 3394 Δανιὴλ,
3403 3323 3639 3391 ’Δγγᾶιὸς
3657 3335 3695 3369 π

2139 3421 2232 3473 καὶ
2267 3419 2563 3489 Ζαχαρίας,
2599 3419 2698 3487 τῆς
2757 3417 3012 3480 ἁλώσεως
3053 3416 3157 3486 τῆς¹
3213 3417 3278 3480 ἐξ
3307 3415 3616 3485 Ἀσσυρίων

2138 3511 2252 3582 λαῷ
2278 3512 2564 3580 συμϐάσης
2594 3509 2706 3562 τῶν
2734 3509 3026 3573 Ἰουδαίων,
3069 3507 3293 3578 ὕστεροι
3353 3504 3694 3580 προφητεύσει

2141 3619 2245 3656 σιν.
2290 3601 2562 3670 Ἱερεμίας
2587 3601 2644 3653 δὲ
2668 3600 2877 3671 ταύτην
2910 3599 3249 3670 προφητεύει
3283 3599 3395 3668 τὴν
3450 3596 3693 3652 suum”

2140 3691 2400 3760 Σοφονίας
2427 3692 2697 3745 οὔπάντα
2731 3693 2820 3746 τὸν
2854 3692 3046 3761 καιρὸν
3077 3692 3177 3760 τῆς
3209 3696 3582 3760 προφητείας.

2139 3780 2248 3835 ἀπο
2281 3782 2482 3851 μέρους
2516 3783 2885 3852 συνήκμασεν,
2949 3780 3044 3833 ἐπὶ
3070 3780 3170 3849 τῆς
3192 3778 3420 3832 Ἰωσίου
3469 3776 3692 3848 βασιλεΞῆ

2141 3873 2567 3944 προφητεύσας·
2619 3874 2706 3942 ἐφ’
2761 3865 2824 3926 οὗ
2882 3871 2981 3942 τῆς
3039 3873 3396 3940 προφητείας
3476 3869 3691 3937 Ἱερεμας

2139 3964 2369 4036 ήρξατο·
2396 3965 2646 4018 οίλοιποὶ
2665 3965 2730 4025 δὲς
2751 3964 2970 4017 Ἡσαΐου
2997 3963 3095 4032 μὲν
3125 3962 3455 4031 σύγχρονοι,
3484 3960 3607 4013 ἀλλά
3630 3958 3692 4006 ui

2140 4055 2418 4124 Σαμουὴλ,
2442 4055 2536 4108 καὶ
2552 4053 2762 4119 Ἠλίου,
2785 4053 2879 4106 καὶ
2911 4052 3218 4105 Ἐλισσαίου
3247 4050 3541 4122 νεώτεροι,
3562 4049 3689 4114 Δὶξὶςδ

2141 4147 2251 4216 γὰρ
2279 4147 2373 4214 ἀφ’
2425 4139 2501 4201 ὧν
2538 4146 2614 4214 τῷ
2649 4147 2750 4215 μὲν
2795 4145 3086 4213 Ἐλισσαίῳ
3118 4142 3307 4213 παρῆν
3365 4142 3533 4206 Ἰωὶς
3574 4143 3600 4191 ὀ
3627 4136 3690 4188 τεξι

2141 4237 2356 4308 Ἰσραὴλ
2386 4237 2660 4307 βασιλεὺς,
2687 4236 2777 4289 τὸν
2810 4235 2924 4304 βίον
2958 4235 3350 4304 μεταλλάττει·
3388 4237 3455 4286 ὲν
3503 4233 3690 4301 ήμὲριες

2139 4329 2199 4384 δὲ
2229 4331 2530 4400 ’1ερο6οὰμ,
2546 4330 2607 4382 οὐ
2629 4329 2726 4382 τοῦ
2752 4329 2868 4382 υἱοῦ
2891 4327 3102 4391 Ναυὰτ,
3129 4326 3268 4380 ἀλλὰ
3289 4326 3390 4378 τοῦ
3419 4328 3542 4380 υἱοῦ
3561 4324 3685 4379 ἸωΞς.

461 4423 705 4477 Judaeum
755 4433 810 4476 ct
869 4421 1168 4476 Samariam
1223 4422 1689 4492 prephctaverunt
1733 4441 1749 4478 :
1811 4434 1868 4479 et
1913 4425 2030 4486 ideo

2155 4421 2316 4490 Ὠσηὲ
2368 4422 2469 4490 τὴν
2525 4421 2869 4490 προφητείαν
2922 4421 3237 4473 ἐκτίθεται·
3299 4419 3493 4490 τούτῳ
3540 4419 3589 4470 δὲ
3625 4415 3684 4464 κιῖ

463 4516 606 4568 inter
669 4526 822 4582 reges
898 4511 1053 4567 Juda
1113 4512 1447 4579 Jeroboam,
1518 4514 1611 4583 qui
1674 4515 1864 4571 decem
1937 4514 2037 4572 tri-

462 4605 630 4660 buum
666 4604 832 4658 Israel
878 4612 1248 4672 separatarum
1297 4606 1471 4659 tenuit
1507 4615 1805 4676 sceptrum,
1855 4623 2030 4664 annn-

464 4701 698 4748 merant.
737 4693 891 4762 Patet
920 4701 1102 4747 autem
1135 4693 1408 4747 Amasiam
1469 4697 1807 4752 sacerdotem
1843 4698 2034 4754 Bethel

464 4784 581 4840 hac
613 4784 677 4838 ad
705 4783 872 4838 Amos
895 4783 1129 4840 dixisse:
1166 4803 1184 4836 ι
1209 4782 1517 4855 Trasmigra
1574 4786 1629 4840 in
1672 4796 1871 4842 terram
1896 4789 2035 4845 Juda

465 4883 522 4930 ct
555 4876 637 4945 ibi
676 4875 795 4928 vive
824 4915 839 4941 ,
872 4883 929 4929 et
955 4875 1030 4930 ibi
1098 4876 1486 4947 prophetabis:
1520 4876 1578 4930 ln
1616 4877 1804 4934 Bethel
1853 4890 2033 4935 autem

466 4981 577 5020 non
607 4965 854 5036 adiicias.
888 4986 907 5018 ι
945 4966 1222 5036 Quotquot
1248 4975 1429 5021 autem
1453 4967 1651 5023 futura
1684 4967 1883 5024 Judaa
1903 4986 2035 5040 pro-

469 5058 710 5126 phetiam
769 5059 1236 5127 pradicaverunt,
1273 5059 1327 5112 hi
1355 5060 1532 5113 solum
1589 5076 1746 5132 reges
1813 5062 1867 5117 in
1910 5075 2030 5117 eam

467 5159 758 5220 regnantes
786 5156 1229 5203 commemorant.

467 5243 688 5314 Ἰσραὴλ
721 5241 991 5312 βασιλείας
1043 5241 1316 5311 ἐσχηκότα
1352 5243 1682 5310 συνέταξαν·
1713 5245 1871 5315 δῆλον
1912 5246 1969 5299 δὲ
1997 5247 2079 5301 ὅτι

2156 4511 2335 4582 Ἀμὼς
2362 4514 2456 4566 καὶ
2482 4513 2721 4582 Μιχαίας
2752 4513 2846 4566 καὶ
2885 4512 3113 4575 Ἡσαΐας
3150 4513 3558 4582 συνήκμασίν.
3657 4520 3685 4553 ._-

2142 4605 2579 4675 προτεταγμένοι
2637 4607 2738 4674 τῆς
2798 4605 3032 4658 ἑκάστου
3087 4603 3441 4672 προφητείας
3497 4598 3686 4671 βασιλεῖς

2142 4696 2431 4750 παιδεῦσαι
2462 4697 2552 4748 τὸν
2583 4697 2692 4750 ἀπὸ
2721 4696 2956 4762 σπουδῆς
2997 4694 3313 4764 μελετῶντά
3339 4711 3406 4746 τε
3445 4695 3542 4748 καὶ
3557 4692 3683 4759 $1,11-

2141 4789 2328 4857 φῶντα
2350 4789 2625 4844 δύνανται.
2659 4789 2839 4858 Ὅπερ
2869 4790 2925 4841 δὲ
2957 4787 3144 4840 λοιπόν
3172 4788 3293 4838 ἐστι
3331 4786 3414 4855 τῷ
3457 4784 3686 4855 προλόγηκ.

2139 4881 2454 4948 ἀναγκαίως
2489 4879 2871 4950 προσθήσομεν
2893 4895 2908 4910 ·
2945 4878 3020 4941 ὡς
3045 4876 3228 4947 ’Δμὼς
3258 4877 3356 4929 καὶ
3390 4878 3556 4945 Ὠσηὲ
3588 4871 3686 4924 κατὰ

2138 4969 2238 5040 τὴν
2262 4969 2521 5023 Ἰουδαίαν
2545 4970 2639 5022 καὶ
2671 4969 2986 5039 Σαμάρειαν
3003 4969 3493 5037 προφητεύσαντες
3511 4968 3690 5031 ἔτυχε-ι.

2138 5063 2235 5115 καὶ
2269 5066 2462 5117 τούτου
2512 5063 2673 5134 χάριν
2719 5065 2831 5125 τοίς
2867 5061 3150 5132 βασιλεῦσι
3191 5062 3293 5130 τῆς
3329 5060 3594 5120 Ἰουδαίας
3628 5055 3690 5104 τὺ

2149 5155 2434 5227 Ἰεροϐοὰμ
2460 5156 2553 5209 τὸν
2573 5154 2640 5208 τὰ
2657 5155 2792 5208 δέκα
2820 5153 3076 5225 σκῆπτρα
3110 5153 3213 5221 τῆς
3233 5151 3624 5220 ἀφορισθείσης
3639 5163 3688 5210 ετξ

2138 5249 2392 5317 Αμασίας
2423 5251 2452 5303 ὀ
2501 5250 2679 5318 ἱερεὺς
2710 5249 2919 5318 Βαιθήλς
2956 5246 3190 5304 τοιαῦτα
3230 5248 3368 5316 πρὸς
3416 5247 3515 5298 τὸν

467 5330 767 5400 ἐφθέγξατο
796 5342 813 5358 ⁸
849 5327 1235 5400 ιἘκχὼρησον
1271 5334 1350 5396 εἰς
1393 5335 1496 5402 γῆν
1535 5333 1742 5399 Ἰούδα,
1802 5335 1896 5389 καὶ
1940 5338 2058 5389 ἐκεῖ
2109 5338 2404 5403 καταϐίου,
2459 5340 2553 5392 καὶ
2583 5341 2701 5392 ἐκεῖ
2755 5337 3180 5409 προφητεύσεις.
3215 5357 3234 5389 ι
3284 5338 3381 5399 Εἰς
3429 5337 3488 5388 δὲ
3523 5331 3680 5393 Βαεὲἐλ

471 5425 654 5481 οὐκέτι
683 5423 928 5493 προσθῇς
951 5441 966 5457 ·
997 5427 1111 5480 ὅσοι
1141 5425 1196 5478 δὲ
1241 5425 1340 5496 τῆς
1378 5427 1642 5490 Ἰουδαίας
1674 5428 1936 5498 ἐσομένης
1978 5429 2078 5500 τὴν
2117 5431 2450 5502 προφητείαν
2497 5430 2788 5502 ἐκήρυξαν,
2820 5423 2960 5483 οὗτοι
2986 5428 3149 5498 μόνον
3170 5428 3282 5482 τῶν
3299 5431 3361 5482 ὲν
3392 5429 3538 5497 αὐτῇ
3567 5427 3676 5490 βεεν

468 5515 560 5569 λευ
569 5516 775 5569 σάντων
807 5521 1132 5586 μέμνηνται,
