3764 6320
43 331 200 400 1345
1163 352 1244 415 IN
1284 354 1398 414 xu
1439 356 1662 416 Puon

1830 360 1886 417 ὃ
1927 359 2290 420 MINORES.

327 480 698 542 ΚΕΦΑΛΜΛ
732 490 811 561 (⁸5)
844 492 1020 547 ΩΣΗΕ
1052 495 1444 552 ΠΡΟΦΗΤΟΥ.

2143 501 2393 558 CAPITA
2425 501 2604 558 OSEE
2643 501 3057 558 ΡΠΟΡΙΙΕΤΑΞ.

117 599 198 648 α’.
228 593 434 652 Είκὼν
473 601 575 671 τῆς
595 601 705 656 τῶν
755 603 1028 661 Ἰουδαίων
1073 609 1424 680 συναγωγῆς,
1475 610 1536 675 ἐξ
1563 605 1662 684 ﬁci

1855 613 1898 669 ἰ.
1941 613 2155 688 Eiligies
2181 616 2472 689 Synagogae
2499 617 2811 673 Judneornm
2851 634 2914 674 ex
2967 634 3074 688 qua
3110 617 3364 673 Christus

39 681 308 782 Χριστὸς
326 690 394 743 τὸ
413 695 562 748 κατά
597 695 776 766 σάρκα
803 697 1046 753 τίκτεται
1069 717 1082 731 ³
1110 701 1204 754 καὶ
1237 701 1368 756 λαοῦ
1397 701 1460 756 τὸ
1490 681 1597 772 μὲν⁷
1627 705 1662 756 ἐι

1830 681 2085 762 mundum
2123 681 2353 763 carnem
2395 681 2664 774 nascitur,
2701 719 2756 766 et
2781 681 3023 782 populi-[
3055 709 3148 780 qvi
3182 708 3202 781 ]
3250 709 3365 780 pri-

43 780 299 874 άπιστίᾳ
345 784 599 856 ἔμεινεν,
629 789 768 844 τὸδέ
821 791 1046 864 ὕστερον
1075 794 1394 866 ἐπιστρέφει
1437 795 1532 850 καὶ
1576 796 1662 849 σώ·

1830 814 1934 852 tum
1978 799 2198 870 quidem
2252 800 2306 854 in
2359 801 2746 857 incredulitate
2787 780 3129 872 permansit,
3176 811 3363 874 postea

42 869 236 931 ξεται.
1781 905 1914 945 vero
1951 869 2012 946 se
2048 892 2318 947 convertit
2345 902 2399 947 et
2437 893 2697 948 salvatur.

3235 358 3368 424 1346

132 983 206 1054 β’.
239 975 496 1062 Ἀπειλὴ
518 991 662 1046 κατά
686 993 788 1064 τῆς
828 996 1151 1067 συναγωγῆς
1173 1037 1187 1062 ,
1217 995 1298 1053 δτι
1326 999 1544 1055 πάντων
1573 1001 1682 1057 τῶν

39 1076 338 1133 δοθέντων
367 1083 518 1154 αὐτῇ
547 1084 696 1156 παρὰ
722 1085 859 1139 Θεοῦ
889 1087 1131 1156 ἀγαθῶν,
1179 1090 1317 1146 ἀλλά
1340 1094 1435 1146 καὶ
1468 1087 1543 1148 ὧν
1564 1095 1680 1150 ἐδο-

40 1168 143 1234 ξεν
178 1171 251 1224 ἐκ
277 1173 402 1226 τῶν
437 1175 673 1229 εἰδώλων
711 1177 878 1249 ἔχειν,
912 1181 1358 1253 γυμνωθήσεται.

119 1269 199 1330 γ’.
226 1263 588 1337 Πρόρρησις,
615 1268 763 1333 ὅπως
789 1271 820 1341 ἡ
843 1270 943 1340 μὲν
963 1271 1264 1345 Συναγωγὴ
1283 1275 1391 1330 τῶν
1407 1277 1680 1332 Ἰουδαίων

39 1355 461 1422 ταπεινοῦται,
487 1358 580 1410 καὶ
597 1360 692 1428 τῆς
723 1359 968 1424 δουλείας
987 1363 1086 1431 τῆς
1107 1363 1216 1417 τῶν
1249 1365 1484 1421 εἰδώλων
1506 1367 1680 1422 παύε-

39 1460 140 1497 ται
165 1460 178 1472 ·
211 1446 270 1498 οἰ
317 1445 382 1512 ἐξ
405 1447 585 1518 αὐτῆς
615 1449 671 1503 δὲ
727 1450 1120 1518 πιστεύσαντες
1165 1458 1555 1529 κοινωνήσουσι
1582 1461 1680 1530 τῆς

39 1535 185 1600 νέας
221 1535 538 1610 διαθήκης,
573 1540 666 1594 καὶ
697 1540 806 1593 τῶν
833 1543 892 1596 ἐν
917 1543 1138 1616 Χριστῷ
1189 1549 1512 1622 μυστηρίων
1564 1552 1680 1614 τοῖς

38 1627 172 1681 ζθνε
182 1644 262 1683 σι.

1853 998 1920 1056 ll.
1967 1000 2124 1057 Minae
2187 1003 2451 1058 adversus
2497 1003 2857 1076 Synagogam,
2915 1003 3123 1059 scilicet
3181 1005 3363 1060 omni-

1779 1091 1885 1148 bus
1945 1108 1976 1147 a
2027 1095 2136 1149 Deo
2170 1097 2410 1165 acceptis
2442 1095 2603 1152 bonis
2628 1137 2644 1163 ,
2680 1096 2811 1166 quin
2841 1096 3009 1151 etiam
3055 1096 3120 1151 iis
3148 1112 3268 1166 qua:
3293 1095 3362 1151 ab

1782 1186 1940 1242 idolis
1968 1186 2216 1243 obtinere
2246 1189 2348 1243 sibi
2364 1189 2476 1245 visa
2504 1198 2609 1257 est,
2644 1190 2901 1245 nudatam
2922 1191 3007 1246 iri.

1853 1278 1941 1333 lll.
1991 1281 2284 1336 Prtedictio
2343 1283 2618 1353 quomodo
2691 1283 3008 1340 Judaeorum
3080 1283 3360 1355 Synagoga

1781 1369 2118 1434 humiliatur,
2150 1384 2208 1426 et
2241 1388 2273 1428 a
2309 1374 2573 1429 servitute
2627 1373 2894 1430 idolorum
2942 1376 3223 1431 liberatur.
3258 1377 3360 1443 Qui

1779 1475 1846 1514 ex
1877 1477 1941 1515 ea
1971 1462 2308 1517 crediderint
2368 1465 2854 1521 communicabunt
2923 1483 3050 1522 cum
3109 1469 3362 1540 gentibus

1780 1568 1976 1608 novum
2011 1553 2191 1610 foedus
2221 1563 2278 1609 et
2328 1551 2383 1609 in
2420 1553 2638 1611 Christo
2683 1557 2960 1628 mysteria.

83 1812 86 1814 _
117 1745 187 1798 δ’.
209 1746 572 1837 Κατηγορία
593 1751 690 1820 τῆς
718 1749 1172 1824 Συναγωγῆς,ὃτι
1200 1756 1356 1826 παρὰ
1376 1757 1512 1812 Θεοῦ
1540 1759 1662 1828 ἀγα·

1850 1765 1943 1821 lV.
1981 1764 2278 1822 Accusatio
2317 1763 2636 1837 Synagoga,
2667 1767 2835 1836 quod,
2871 1782 2994 1823 cum
3032 1783 3063 1822 a
3094 1768 3204 1824 Deo
3233 1768 3359 1824 dili-

42 1836 310 1930 ’κτωμένη
329 1841 460 1930 τοῖς
498 1840 743 1906 εἰδώλοις
796 1845 1150 1918 προσέδραμε
1170 1865 1184 1879 ·
1217 1849 1312 1902 καὶ
1343 1849 1662 1922 πρόρῥησις1

1830 1865 1994 1912 iretur
2022 1897 2038 1922 ,
2077 1857 2146 1911 ad
2186 1856 2331 1911 idola
2358 1828 2435 1912 ⁷ειο
2465 1828 2805 1914 vcdntulerit.
2824 1828 2892 1914 Et
2914 1860 3192 1929 [medi-otio
3219 1876 3357 1930 quo-

41 1928 208 1991 ὅπως
243 1927 581 2001 ὁλοκλήρως
608 1933 746 2004 αὐτῇ
779 1936 849 1991 τά
885 1936 983 2007 τῆς
1014 1937 1248 2008 ἀρχαίας
1271 1939 1546 2005 πολιτείας
1569 1943 1662 2015 ἀρ-

1831 1949 1937 2004 odo
1969 1963 2129 2004 suum
2180 1948 2256 2002 illi
2283 1949 2566 2019 antiquum
2609 1949 2851 2020 regimen
2890 1952 3112 2006 omnino
3145 1953 3357 2008 irritum

42 2020 227 2091 γήσῃ,
254 2020 408 2090 αὐτὴ
435 2021 496 2074 δὲ
529 2024 833 2098 ἐπιστρέψῃ
868 2028 1004 2100 πρὸς
1033 2029 1124 2086 τὸν
1146 2031 1384 2102 Χριστὸν
1405 2035 1485 2098 εἰς
1515 2033 1662 2089 ὔστε-

1830 2049 1907 2108 :t;
1944 2042 2061 2112 ipsa
2093 2055 2223 2096 vero
2261 2055 2320 2096 se
2349 2050 2632 2097 convertet
2659 2049 2846 2112 postea
2885 2043 2952 2097 ad
2992 2044 3298 2099 Christum.

48 2127 171 2181 ρον.

1845 2226 1912 2282 ν.
1953 2225 2209 2284 Narratio
2239 2243 2432 2282 eorum
2461 2228 2516 2282 in
2547 2229 2750 2298 quibus
2771 2229 3088 2285 Judasorum
3120 2233 3358 2300 populus

1775 2329 1830 2375 et
1855 2320 1976 2390 ejus
2002 2319 2314 2374 sacerdotes
2349 2319 2514 2389 impie
2536 2327 2765 2390 egerunt
2790 2330 2846 2375 et
2873 2331 3258 2390 peccaverunt.

1847 2411 1933 2467 Vl.
1987 2412 2280 2467 Accusatio
2319 2411 2636 2466 Iudaeorum
2691 2411 3002 2481 principum
3025 2453 3040 2477 ,
3077 2414 3223 2482 quod
3264 2429 3358 2484 per

119 2233 190 2283 ε’.
226 2228 516 2300 Διήγησις
552 2224 628 2285 ὧν
647 2233 678 2285 ό
701 2232 828 2297 λαδς
859 2232 970 2288 τῶν
995 2234 1268 2292 Ἰουδαίων
1293 2239 1388 2294 καὶ
1406 2240 1456 2294 οἱ
1483 2241 1672 2296 τούτου

49 2318 230 2388 ίερεῖς
254 2319 512 2388 ἠσέϐουν
539 2322 632 2374 καὶ
654 2323 999 2394 ἡμάρτανον.

129 2409 209 2475 ς’.
242 2412 586 2484 Κατηγορία
610 2415 720 2468 τῶν
747 2415 1056 2472 Ἰουδαϊκῶν
1080 2421 1360 2492 ἀρχόντων
1379 2441 1392 2454 ·
1415 2424 1496 2479 δτι
1521 2426 1674 2498 παρά

49 2502 158 2572 τὴν
189 2503 396 2557 αὐτῶν
427 2506 607 2558 αἰτίαν
635 2507 663 2559 ὀ
710 2506 839 2571 λαὸς
887 2507 1265 2582 ἐξημάρτανε·
1295 2516 1390 2569 καὶ
1433 2518 1674 2586 γνησίως

53 2595 164 2665 μὲν
183 2597 336 2666 πρὸς
365 2597 464 2649 τὸν
491 2597 626 2650 Θεὸν
675 2600 778 2653 οὐκ
806 2600 1165 2673 ἐπέστρεφον,
1215 2608 1353 2677 μετά
1383 2607 1587 2664 θυσιῶν
1618 2611 1675 2665 δέ

49 2687 232 2740 αὑτὸν
257 2686 485 2755 ἀλόγων
519 2688 728 2758 ἐζήτει,
759 2692 854 2746 καὶ
873 2693 962 2747 διὰ
985 2694 1143 2749 τοῦτο
1169 2697 1268 2768 οὐχ
1296 2697 1550 2772 ηὕρισκε.

129 2797 202 2864 ζ’.
237 2800 613 2872 Πρόσταγμα,
664 2805 1008 2876 κηρυχθῆναι
1056 2805 1147 2863 οἷα
1192 2809 1222 2863 ὁ
1274 2810 1401 2876 λαὸς
1435 2813 1535 2884 μέν
1567 2815 1675 2870 τῶν

54 2891 357 2946 Ἰουδαίων
391 2894 729 2968 ἐξήμαρτεν·
781 2900 810 2951 ὁ
839 2900 1076 2969 Χριστὸς
1106 2901 1164 2954 δέ
1207 2901 1294 2955 διὰ
1322 2901 1422 2957 τοῦ
1460 2922 1674 2976 μυστη-

59 2982 185 3053 ρίου
223 2985 329 3038 καὶ
357 2985 460 3056 τῆς
491 2987 847 3054 ἀναστάσεως
873 2991 969 3046 καὶ
994 2992 1096 3063 τῆς
1128 2992 1450 3066 ἀναλήψεως
1479 2997 1578 3070 τῆς
1595 3001 1675 3065 εἰς

56 3075 344 3146 οὐρανοὺς
377 3076 630 3148 ἔπραξεν.

1775 2521 1966 2560 eorum
2009 2505 2225 2574 culpam
2253 2503 2488 2574 populus
2517 2505 2797 2573 peccavit,
2834 2518 2939 2558 nec
2968 2506 3205 2574 ingenue
3236 2505 3358 2574 qui-

1775 2599 1898 2653 dem
1932 2598 2000 2653 ad
2038 2598 2208 2652 Deum
2273 2613 2334 2651 se
2365 2596 2658 2662 convertit;
2689 2597 2788 2652 sed
2817 2610 2946 2650 eum
3004 2611 3130 2651 cum
3183 2597 3356 2668 illegi-

1778 2689 1925 2745 timis
1970 2689 2206 2746 victimis
2255 2689 2456 2759 quaerit
2507 2697 2565 2745 et
2589 2697 2878 2759 propterea
2911 2703 3023 2743 non
3053 2688 3284 2745 invenit.

1845 2805 1958 2860 Vll.
1997 2803 2180 2861 Jussio
2205 2813 2266 2860 ut
2320 2804 2677 2860 denuntietur
2713 2818 2834 2873 quae
2863 2804 3097 2874 populus
3137 2801 3357 2860 ,ἰσόθεο-

1778 2913 1897 2952 rum
1943 2897 2291 2968 peccaverit;
2322 2911 2444 2967 qua:
2501 2905 2684 2953 autem
2739 2897 3001 2952 Christus
3044 2911 3144 2968 per
3177 2910 3358 2950 resur-

1775 2990 2038 3049 rectionis
2070 2999 2126 3046 et
2152 2990 2487 3046 ascensionis
2502 2989 2821 3064 mysterium
2843 2987 3108 3045 eﬂ'ecerit.

131 3196 210 3258 η’.
259 3191 535 3258 Ἔνδειξις
555 3193 654 3264 τῆς
690 3193 785 3249 τοῦ
809 3195 944 3250 Θεοῦ
977 3195 1412 3272 φιλανθρωπίας,
1451 3203 1662 3277 καὶτῆς

1848 3195 1988 3252 Vill.
2031 3195 2443 3253 Demonstratio
2511 3196 2682 3253 divini
2723 3196 2780 3251 in
2846 3196 3098 3252 homines
3153 3198 3357 3253 amoris

61 3283 178 3336 τῶν
213 3283 500 3338 Ἰουδαίων
559 3287 993 3360 ἀγνωμοσύνης·
1035 3292 1130 3345 καὶ
1165 3294 1489 3365 παραίνεσις
1539 3297 1662 3368 πρὸς

1830 3287 2198 3359 ιᾱαιοτιιιικιυο
2248 3288 2588 3344 immemoris
2621 3288 2812 3344 animi.
2860 3287 2927 3342 Et
2959 3289 3027 3344 ad
3075 3289 3355 3373 ipsos'ex-

61 3375 301 3441 αὐτοὺς,
331 3375 423 3430 ἵνα
437 3378 552 3440 τοῖς
590 3377 769 3432 ἔθνεσι
789 3379 892 3451 τῆς
926 3382 1270 3454 ἐπιστροφῆς
1299 3385 1393 3439 καὶ
1432 3386 1534 3458 τῆς
1583 3388 1662 3454 ἐξ·

1830 3379 2014 3434 thatio
2045 3388 2105 3434 ut
2128 3380 2372 3451 gentium
2391 3378 2772 3436 conversionis
2802 3387 2856 3433 et
2879 3378 3108 3434 latronis
3138 3380 3193 3434 in
3220 3390 3359 3434 tem-

63 3467 470 3539 ομολογήσεως
497 3467 575 3540 τῷ
593 3469 764 3542 ληστῇ
781 3471 857 3543 τῷ
887 3473 1033 3528 κατά
1051 3474 1144 3528 τὸν
1167 3476 1362 3548 καιρὸν
1388 3477 1483 3531 τοῦ
1508 3495 1674 3535 σταυ-
1774 3483 1910 3538 Dore
1932 3469 2111 3524 οτιιοίε
2135 3468 2328 3524 εθινίιῑῖ
2357 3469 2654 3538 Ρθτιίείρθε
2685 3468 2836 3523 nam"

67 3561 168 3631 ροῦ
201 3561 444 3614 σωθέντι
471 3563 864 3631 κοινωνήσωσι.

141 3653 212 3708 θ’.
241 3653 577 3723 Κατηγορία
626 3654 720 3706 τοῦ
747 3655 1006 3727 αἰσθητοῦ
1053 3656 1293 3731 Ἰσραὴλ,
1334 3661 1436 3716 ὅσα
1467 3663 1550 3728 εἰς
1583 3665 1675 3720 τὸν

67 3747 320 3817 Χριστὸν
344 3745 616 3816 διαφόρως
652 3744 960 3820 ἐξήμαρτε·
1007 3751 1103 3804 καὶ
1142 3753 1224 3806 ὅτι
1260 3754 1675 3829 παλαιωθείσης

2 3879 4 3884 ,
69 3836 264 3889 αὐτῶν
287 3836 394 3901 τῆς
417 3834 694 3900 πολιτείας
708 3837 808 3889 οὐκ
834 3838 1156 3908 ᾐσθάνοντο,
1179 3841 1462 3913 ἐζήλωσαν
1483 3844 1542 3899 δὲ
1567 3845 1675 3898 τῶν

69 3928 251 3981 ἐθνῶν
298 3927 400 3998 τὴν
431 3927 664 3998 ἀρχαίαν
696 3929 975 3998 ἀσέϐειαν,
1031 3931 1146 3986 ἀνθ’
1171 3926 1246 3989 ὧν
1272 3935 1458 4001 αὐτοῖς
1485 3937 1676 3989 ταπεί-

73 4037 247 4074 νωσιν
277 4019 570 4090 ἠπείλησε.

151 4120 204 4167 ι’.
249 4112 468 4184 Θρῆνος
495 4113 591 4166 τοῦ
623 4111 752 4167 λαοῦ
782 4113 890 4169 τῶν
925 4115 1217 4182 Ἰουδαίων,
1237 4114 1324 4173 οἷα
1359 4118 1458 4190 μὲν
1484 4120 1564 4184 εἰς
1584 4121 1676 4174 τὸν

2 4227 3 4230 η
73 4203 213 4256 Θεὸν
257 4203 590 4276 ἐξήμαρτεν,
625 4197 714 4257 οἷα
758 4203 815 4257 δὲ
857 4204 987 4276 παρ’
1010 4206 1180 4259 αὐτοῦ
1228 4206 1632 4280 ἐπαιδεύθησαν
1658 4229 1672 4243 ·

76 4296 178 4348 καὶ
203 4297 358 4358 ὅπως
389 4296 477 4350 διά
501 4296 603 4368 τὴν
630 4295 842 4369 πλάνην
873 4296 979 4351 τῶν
1006 4296 1240 4353 εἰδώλων
1269 4299 1542 4371 ἀπόληται
1581 4303 1678 4356 αὖ·

74 4385 190 4439 τῶν
222 4387 252 4439 ὁ
277 4385 403 4449 ναὸς
451 4385 544 4439 καὶ
588 4387 624 4458 ή
666 4383 848 4458 χώρα·
877 4385 971 4439 καὶ
1015 4385 1158 4458 άπερ
1186 4386 1376 4442 ἔλαϐον
1408 4389 1558 4461 παρά
1581 4391 1676 4446 τοῦ

77 4477 218 4532 Θεοῦ
246 4479 480 4549 νόμιμα.

155 4598 250 4644 ια’.
289 4590 626 4658 Ἀπόγνωσις
653 4593 752 4662 τῆς
785 4593 1082 4664 Ἰουδαϊκῆς
1111 4595 1308 4664 χαρᾶς,
1337 4593 1454 4648 ἀνθ’
1481 4588 1556 4648 ὧν
1581 4613 1671 4665 μι-

81 4684 400 4754 μησάμενοι
426 4681 536 4734 τῶν
565 4683 734 4735 ἐθνῶν
767 4684 867 4755 τὴν
908 4684 1184 4752 ἀσέϐειαν,
1211 4684 1312 4749 τὰς
1355 4684 1547 4749 θυσίας
1576 4689 1670 4739 τοῦ

4 4809 5 4812 η
78 4772 224 4828 Θεοῦ
255 4773 352 4828 καὶ
375 4775 473 4838 τὰς
498 4773 732 4837 σπονδάς
754 4775 1040 4844 ἐμόλυναν,
1065 4775 1161 4830 καὶ
1185 4775 1286 4848 τὴν
1304 4775 1417 4831 τῶν
1435 4774 1671 4833 εἰδώλων

84 4869 303 4940 πλάνην
331 4868 412 4933 εἰς
440 4867 531 4921 τὸν
563 4865 691 4921 ναὸν
720 4867 1035 4938 εἰσήγαγον.

156 4979 247 5048 ιβ’.
273 4979 463 5044 Ὅπως
479 4977 572 5034 τὸν
605 4978 822 5052 Ἰσραὴλ
851 4979 1148 5053 ἀγαπητῶς
1171 4981 1345 5046 ὀΘεδς
1371 4982 1672 5050 ἐξελέξατο,

87 5068 246 5121 αὐτοὶ
269 5068 327 5122 δέ
346 5067 587 5134 εἰδώλοις
614 5068 1015 5142 προσέδραμον,
1043 5069 1249 5124 καὶτοῦ
1270 5071 1405 5125 Θεοῦ
1429 5071 1529 5143 τῆς
1551 5071 1673 5126 δον·

86 5157 240 5220 λείας
267 5159 604 5230 ἀπέστησαν,
635 5160 730 5214 καὶ
751 5160 872 5214 οὐδὲ
892 5159 951 5225 ἐξ
973 5161 1154 5216 αὐτῶν
1180 5161 1272 5216 τὸν
1289 5163 1524 5234 Χριστὸν
1550 5180 1677 5235 σαρο

91 5247 339 5308 κωθέντα
368 5251 701 5322 ᾐδέσθησαν·
733 5254 856 5306 ὅθεν
888 5251 1071 5317 αὐτοῖς
1103 5252 1216 5324 άρά
1243 5254 1550 5327 ἀκαρπίας,
1578 5255 1674 5309 καὶ

88 5341 190 5412 τῆς
219 5341 300 5409 εἰς
330 5342 400 5398 τὰ
431 5342 560 5416 ἔθνη
588 5344 886 5418 διασπορᾶς
920 5347 1210 5416 ἐπάγεται.

1845 3655 1938 3710 lX.
1980 3654 2274 3711 Accusatio
2303 3654 2567 3710 adversus
2615 3623 2925 3709 sensualem
2958 3653 3127 3710 lsrael
3149 3656 3360 3712 scilicet

1775 3759 1909 3818 quot
1942 3757 1998 3804 et
2051 3755 2257 3818 quanta
2306 3747 2360 3802 in
2404 3745 2684 3802 Christum
2745 3749 3081 3822 pecca_verit,
3118 3758 3175 3804 et
3211 3750 3358 3820 quod

1775 3837 2118 3905 antiquatum
2149 3849 2308 3890 suum
2335 3835 2580 3906 regimen
2635 3850 2744 3898 non
2781 3837 3038 3904 senserit,
3069 3837 3165 3892 sed
3187 3854 3360 3896 temu-

1776 3927 1917 3982 latus
1952 3927 2022 3981 sit
2049 3925 2292 3996 gentium
2327 3926 2608 3996 antiquam
2643 3925 3018 3997 impietatem,
3081 3944 3182 3998 pro
3235 3929 3360 3999 qui-

1775 4019 1880 4074 bus
1927 4016 2247 4072 criminibus
2288 4016 2720 4072 humiliationem
2771 4018 2902 4088 ipsis
2943 4019 3210 4074 minatur.

1849 4108 1917 4162 X.
1959 4107 2305 4163 Lamentatio
2331 4109 2518 4179 populi
2539 4105 2875 4174 Judzeorum,
2911 4119 3112 4181 quanta
3136 4112 3358 4182 quidem

1778 4202 1833 4256 in
1869 4201 2040 4256 Deum
2076 4199 2407 4270 peccaverit,
2444 4199 2665 4270 quantis
2695 4215 2824 4256 vero
2853 4200 2922 4256 ab
2983 4201 3104 4272 ipso
3158 4203 3361 4258 multa~

1781 4302 1867 4347 tus
1915 4292 2006 4359 sit,
2060 4300 2116 4346 et
2147 4291 2420 4361 quomodo
2475 4299 2699 4361 prapter
2756 4291 3078 4349 idololatria;
3116 4309 3360 4351 errorem

1777 4387 2046 4460 perierint
2071 4401 2262 4442 eorum
2298 4385 2564 4457 templum
2594 4395 2649 4442 et
2680 4386 2882 4453 locum,
2907 4394 2964 4443 et
3013 4403 3137 4458 quae
3166 4403 3196 4442 a
3248 4389 3360 4444 Deo

1706 4505 1750 4560 ι)
1779 4477 2093 4550 acceperint
2123 4475 2333 4548 legalia.

1849 4591 1943 4646 Xl.
1985 4587 2233 4645 Deiectio
2264 4587 2579 4644 Iudaeorum
2610 4588 2816 4660 gaudii,
2855 4599 2910 4644 et
2937 4604 3004 4644 ex
3035 4572 3184 4660 quod.
3221 4604 3358 4660 gen-

1780 4683 1918 4737 tium
1953 4681 2291 4752 impietatem
2322 4679 2522 4734 imitati
2549 4717 2565 4742 ,
2620 4680 2716 4733 Dei
2753 4678 3040 4733 sacriﬁicia
3097 4687 3153 4733 et
3210 4679 3360 4734 obla-

1781 4777 1957 4832 tiones
1980 4773 2473 4830 contaminaverint
2497 4780 2553 4825 et
2582 4769 2850 4824 idolorum
2873 4783 3118 4824 errorem
3146 4771 3202 4823 in
3228 4777 3360 4824 tem-

1779 4867 1931 4937 plum
1970 4862 2397 4920 introduxerint.

1850 4978 1965 5035 Xll.
2013 4977 2298 5045 Quomodo
2333 4974 2498 5032 Israel
2553 4975 2696 5031 Deus
2727 4975 2890 5031 unice
2945 4975 3050 5032 sibi
3083 4974 3307 5048 elegerit
3337 4993 3354 5043 ;

1773 5073 1879 5142 ipsi
1943 5087 2077 5128 vero
2159 5070 2228 5126 ad
2277 5069 2568 5126 simulacra
2632 5075 3016 5132 cucurrerunt,
3078 5077 3135 5123 et
3186 5082 3216 5121 a
3258 5064 3355 5126 Dei

1775 5165 2040 5220 servitute
2057 5163 2427 5226 desciverunt,
2447 5175 2549 5215 nec
2578 5160 2720 5214 inter
2743 5174 2838 5214 eos
2859 5157 3141 5218 Christum
3172 5159 3362 5214 incar-

1773 5267 1963 5311 natum
1997 5255 2220 5312 reveriti
2247 5263 2377 5310 sunt
2403 5270 2416 5320 ;
2451 5252 2597 5308 unde
2628 5241 2766 5324 ipsis
2792 5251 3118 5322 imprecatio
3149 5249 3355 5307 sterili-

1772 5348 1899 5405 tatis
1935 5357 1992 5404 et
2028 5348 2084 5402 in
2115 5356 2306 5420 gentes
2333 5345 2696 5416 dispersionis
2731 5344 3027 5401 inducitur.

1623 5519 1858 5580 NOTAE.

164 5661 240 5738 (3)
291 5661 613 5734 Κεφάλαια.
648 5661 787 5716 Cum
852 5662 937 5717 his
984 5662 1221 5718 conferri
1265 5673 1498 5736 possunt
1551 5663 1641 5718 illa
1682 5664 1928 5735 Eusebii,
1968 5681 2092 5738 quae
2141 5665 2410 5737 Procopio
2440 5664 2666 5722 Parisiis
2715 5665 2864 5722 edito
2910 5664 2966 5720 in
3011 5662 3202 5721 Isaiam
3223 5672 3385 5728 sunt.

97 5749 329 5802 prmum.
