3764 6304
20 300 156 364 I353

1062 295 1144 354 IN
1185 294 1304 353 XII
1341 291 1787 353 PROPIIETAS
1823 293 2166 354 MINORES
2841 295 2893 335 θ

1881 172 1886 176 -
1913 169 1960 179 κο·
1975 163 2044 177 ’“⁹θ⁶
2068 165 2272 186 »ηυντ-οη

3141 303 3278 369 1354

15 427 141 478 ρους
184 404 610 477 διαρπάζουσιν
659 404 707 458 οί
744 404 801 457 δὲ
838 403 899 468 ἐξ
938 404 1156 474 Ἰσραὴλ
1204 403 1589 466 πιστεύσαντες

1772 400 1987 456 ditatem
2027 403 2266 473 rapiunt;
2297 405 2601 472 qui'autem
2631 422 2698 462 ex
2731 407 2895 464 Israel
2923 409 3279 467 crediderunt

15 500 150 568 πρὸς
190 497 287 566 τὴν
320 493 597 547 πολιτείαν
627 493 724 547 καὶ
754 493 854 563 τὴν
887 493 1073 546 πίστιν
1101 493 1203 564 τὴν
1242 492 1422 545 αὐτῶν
1469 505 1599 560 μετ-

15 587 304 651 οικίζονται
335 585 415 646 εἰς
445 585 536 638 τὸν
562 584 795 654 Χριστὸν
826 582 1240 645 πιστεύσαντες.

90 677 296 729 Ἀὅδιοὺ
313 675 674 746 ἑρμηνεύεται
690 675 912 742 δοῦλος
935 672 1405 744 ὲξομολογητής.
1431 665 1601 737 Οὗτος

15 763 78 838 ἦν
103 770 166 819 ἐκ
190 767 290 836 τῆς
325 767 511 838 Συχέμ
540 785 554 800 ι
601 761 756 830 οὗτος
783 761 850 838 ἦν
878 768 906 819 6
930 769 1226 838 τριστάτης
1254 767 1330 838 (7)
1378 767 1598 820 ἑκατόν-

15 874 246 929 ταρχοςο
281 859 310 909 6
339 859 524 928 τρίτος
556 855 824 929 Ὀχοζίου,
853 859 950 912 καὶ
995 857 1208 928 δεηθεὶς
1251 857 1349 911 τοῦ
1387 857 1598 920 Ἠλίου,

15 951 106 1001 καὶ
139 949 430 1012 διασωθεὶς
463 951 785 1020 παραδόξως
808 951 1026 1018 ἐγένετο
1050 949 1214 1002 αὐτοῦ
1249 948 1598 1020 λειτουργός·

15 1038 182 1092 πολλὰ
209 1039 266 1091 δὲ
302 1039 493 1093 παθὼν
527 1040 625 1094 καὶ
653 1042 757 1094 ὑπὸ
781 1040 878 1094 τοῦ
913 1040 1121 1111 Ἀχαὰϐ
1148 1039 1237 1094 διὰ
1264 1039 1357 1092 τὸν
1388 1039 1599 1104 Ἠλίαν,

15 1127 166 1191 τέλος
196 1131 626 1202 καταφρονήσας
646 1130 904 1195 θανάτου,
926 1129 1240 1185 καταλιπὼν
1261 1131 1354 1185 τὸν
1377 1130 1603 1200 βασιλέα

15 1219 357 1288 ήκολούθησε
387 1221 464 1292 τῷ
497 1222 674 1294 Ἠλίᾳ,
701 1223 796 1276 καὶ
831 1223 1208 1294 προεφήτευσε
1230 1260 1246 1285 ,
1274 1222 1370 1276 καὶ
1397 1223 1603 1277 ἀποθα-

15 1310 121 1363 νὼν
149 1313 210 1365 ἐν
241 1313 442 1384 εἰρήνῃ
469 1313 646 1384 ἐτάφη
677 1313 816 1382 μετά
841 1312 954 1365 τῶν
981 1313 1240 1381 πατέρων
1269 1309 1457 1366 αὐτοῦ.

229 1469 587 1524 ΚΕΦΔΛΑΙΔ
617 1469 756 1523 ΤΟΥ
794 1467 1166 1522 ΠΡΟΦΗΤΟΥ
1204 1467 1388 1521 ῙΩΝΔ.

88 1586 158 1634 α’.
202 1579 546 1651 Πρόσταγμα
593 1578 728 1633 Θεοῦ
785 1578 922 1650 πρὸς
947 1579 1154 1645 Ἰωνᾶν,
1183 1579 1277 1632 καὶ
1321 1578 1468 1650 φυγὴ
1506 1577 1604 1632 τοῦ

17 1670 325 1740 προφήτου,
358 1669 457 1724 καὶ
488 1668 776 1732 θαλάττιος
806 1667 1050 1739 χειμὼν,
1090 1669 1185 1722 καὶ
1215 1669 1418 1740 κλῆρος
1446 1667 1506 1736 ἐξ
1542 1663 1605 1723 οὗ

18 1763 195 1832 φυγὰς
224 1765 252 1816 6
286 1763 580 1834 προφήτης
608 1762 913 1832 ἐλέγχεται.

91 1855 157 1924 β’.
186 1855 377 1918 Ὅπως
399 1856 590 1918 Ἰωνᾶς
618 1855 647 1907 6
675 1855 958 1924 προφήτης
984 1851 1091 1906 ὑπὸ
1119 1851 1320 1923 κήτους
1347 1867 1607 1905 καταπο-

19 1942 153 2010 θεὶς,
185 1947 280 1999 καὶ
303 1947 460 2018 τρεῖς
493 1946 704 2018 ἡμέρας
731 1945 828 1999 καὶ
867 1943 1069 2007 νύκτας
1101 1944 1157 1998 ἐν
1195 1941 1343 2013 αὐτῷ
1367 1941 1610 1995 διατελέ-

23 2051 119 2097 σας
147 2034 352 2106 ηὔξατο
381 2034 465 2106 τῷ
489 2034 630 2106 θεῷ,
659 2035 755 2088 καὶ
782 2032 954 2098 οὕτως
985 2032 1064 2096 είς
1092 2031 1192 2102 τὴν
1219 2032 1326 2103 γῆν
1360 2030 1466 2084 ὑπὸ
1506 2030 1608 2099 κή-

21 2144 147 2188 τους
179 2128 530 2183 ἐκϐάλλεται.

92 2226 163 2287 γ’.
206 2221 549 2293 Πρόσταγμα
571 2218 924 2290 κηρύγματος
952 2216 1089 2288 πρὸς
1113 2215 1204 2271 τὸν
1224 2213 1412 2270 ἰωνᾶν
1435 2214 1614 2268 δεύτε-

26 2329 120 2382 ρον
137 2330 150 2344 ·
181 2315 278 2368 καὶ
302 2315 506 2386 δρόμος
530 2315 609 2378 εἰς
635 2314 836 2383 Νινευῆ
857 2313 952 2366 καὶ
974 2313 1240 2382 κήρυγμα
1257 2326 1271 2342 ’
1292 2303 1338 2380 ᾧ
1364 2309 1614 2364 πεισθέν-

24 2422 115 2470 τες
131 2407 420 2463 Νινευῗται
443 2411 522 2471 εἰς
549 2408 843 2479 μετάνοιαν
863 2401 1047 2478 ἦλθον,
1063 2403 1132 2476 ἢν
1151 2405 1180 2456 6
1196 2403 1331 2468 Θεὸς
1351 2403 1612 2473 δυσωπη-

25 2497 160 2564 θεὶς,
195 2501 297 2571 τὴν
324 2500 554 2571 ἀπειλὴν
583 2499 950 2553 κατέπαυσεν.

96 2590 158 2643 δ’.
187 2591 474 2658 Ἔντευξις
501 2591 659 2644 Ἰωνᾶ
693 2588 826 2661 πρὸς
855 2587 947 2640 τὸν
971 2586 1125 2650 Θεδν,
1158 2586 1254 2642 καὶ
1283 2586 1384 2658 τῆς
1407 2583 1615 2650 πόλεως

27 2679 228 2748 ἔξοδος,
262 2684 359 2736 καὶ
389 2681 596 2754 σκηνῆς
627 2678 970 2751 κατασκευὴ,
1006 2679 1098 2732 καὶ
1127 2677 1458 2748 κολοκύνθης
1481 2676 1617 2732 ἀνά-

27 2771 178 2834 δοσις
223 2775 322 2828 καὶ
366 2773 576 2846 φθοράν
620 2773 720 2829 καὶ
746 2771 844 2827 τοῦ
873 2771 1012 2826 Θεοῦ
1047 2770 1184 2844 πρὸς
1211 2770 1303 2824 τὸν
1331 2771 1620 2843 προφήτην

28 2863 284 2931 διάλεξις,
316 2869 401 2923 ὅτι
428 2868 524 2938 τῆς
556 2866 761 2936 Νινευῆ
791 2867 891 2920 οὐκ
919 2865 1130 2934 ἀλόγως
1159 2862 1440 2932 ἐφείσατο.

96 2958 286 3025 Ἰωνᾶς
315 2961 683 3033 ἑρμηνεύεται
717 2959 1005 3029 Ὑψίσνου
1027 2955 1434 3027 πονοῦντος,ῆ
1459 2969 1620 3024 περι-

29 3052 238 3120 στερά.
259 3055 450 3118 Ἰωνᾶς
478 3049 546 3126 ἦν
587 3055 652 3108 ἐκ
688 3053 794 3122 γῆς
827 3050 1119 3123 Καριαθὲμ
1151 3047 1621 3122 [Καριαθιαρεὶμ,

1699 493 1766 546 ad
1806 508 1995 548 eorum
2026 497 2268 566 regimen
2317 505 2369 552 et
2404 497 2565 553 ﬁdem
2599 501 2987 572 transmigrant
3025 503 3078 555 in
3119 504 3249 558 Chri

1700 593 1844 640 stum
1877 585 2180 641 credentes.

1771 671 1974 727 Abdias
2030 673 2298 744 signiﬁcat
2344 691 2523 730 servus
2577 679 2857 748 confessor.
2907 679 3002 734 Ille
3051 689 3171 734 erat
3212 682 3282 736 de

1705 763 1963 834 Sjcliem.
1993 764 2122 819 Erat
2145 767 2334 821 tertius
2373 767 2622 823 centurio
2647 807 2662 834 ,
2696 769 2890 824 tertius
2917 771 2986 824 ab
3016 771 3276 826 Ochozia.

1703 855 1770 908 Et
1799 871 1927 910 cum
1978 857 2325 926 implorasset
2376 858 2551 913 Eliam
2581 868 2637 914 et
2665 862 2805 916 miro
2836 863 3000 917 modo
3043 865 3280 918 salvatus

1701 957 1868 1012 esset,
1907 947 2083 1002 factus
2111 957 2197 1005 est
2247 951 2296 1005 ei
2363 951 2634 1006 minister.
2668 951 2832 1008 Multa
2868 965 3047 1010 autem
3089 973 3280 1027 passus

1703 1037 1771 1091 ab
1807 1036 1996 1094 Achab
2027 1039 2158 1096 Eliae
2187 1057 2352 1096 causa
2387 1060 2401 1109 ;
2432 1043 2676 1111 demum,
2727 1058 2902 1102 morte
2970 1060 3278 1120 contempta

1703 1137 1760 1181 et
1788 1144 1915 1201 rege
1949 1131 2140 1187 relicto
2169 1172 2184 1197 ,
2222 1134 2396 1188 Eliam
2428 1145 2650 1190 secutus
2677 1147 2762 1193 est
2803 1148 2858 1194 et
2912 1142 3277 1211 prophetavit.

1703 1221 1771 1275 Ει
1792 1232 2042 1280 mortuus
2070 1225 2124 1279 in
2183 1239 2319 1296 pace
2348 1265 2364 1292 ,
2425 1228 2667 1297 sepultus
2719 1239 2800 1286 est
2858 1248 2984 1287 cum
3037 1234 3281 1304 patribus

2021 1467 2272 1525 CAPITA
2297 1471 2496 1526 .IONJE
2549 1472 2962 1532 PROPHE'UE.

1776 1577 1818 1632 I.
1856 1575 2037 1637 Iussio
2082 1581 2176 1638 Dei
2207 1584 2276 1639 ad
2326 1581 2518 1641 Ionam
2549 1597 2604 1642 et
2636 1587 2764 1660 fuga
2797 1591 3100 1660 prophetae,
3149 1597 3282 1652 etin

1704 1670 1843 1724 mari
1887 1680 2206 1742 tempestas;
2239 1685 2297 1762 et
2328 1693 2449 1732 sors
2474 1694 2569 1748 per
2613 1695 2776 1750 quam
2827 1684 3096 1754 praphela
3141 1687 3282 1762 fugi-

1639 1775 1681 1831 B
1710 1760 1855 1816 tivus
1883 1764 2251 1820 convincitur.

1775 1851 1844 1906 Il.
1879 1852 2164 1920 Quomodo
2195 1854 2362 1912 Jonas
2388 1859 2656 1929 propheta
2676 1879 2707 1919 a
2741 1867 2892 1936 pisce
2923 1871 3246 1928 absorbetur
3266 1915 3285 1939 ,

1707 1953 1764 2000 et
1803 1959 1926 1999 cum
1952 1953 2066 2002 tres
2100 1947 2216 2003 dies
2243 1958 2300 2004 et
2330 1957 2521 2007 noctes
2556 1953 2610 2008 in
2643 1955 2761 2026 ipso
2790 1959 3060 2030 degisset,
3095 1965 3286 2035 depre-

1709 2044 1864 2092 catus
1897 2047 1983 2094 est
2012 2038 2181 2094 Deum
2211 2049 2269 2096 et
2299 2041 2355 2097 in
2378 2051 2578 2099 terram
2608 2060 2639 2100 a
2672 2047 2822 2116 pisce
2847 2051 3119 2122 dejicitur.

1779 2219 1870 2276 III.
1903 2219 2086 2277 lustio
2147 2221 2575 2282 denuntiationis
2645 2231 2884 2286 secunda
2932 2234 3000 2288 ad
3046 2234 3283 2306 Ionam;

1711 2325 1907 2368 cursus
1931 2312 1987 2368 in
2026 2312 2256 2370 Niniven
2277 2354 2293 2381 ,
2316 2325 2374 2371 et
2404 2317 2744 2376 denuntiatio
2773 2340 2787 2378 :
2824 2323 2911 2379 cui
2937 2340 3060 2381 cum
3105 2331 3284 2387 cndi-

1710 2402 1922 2458 dissent
1981 2403 2239 2461 Ninivitte
2276 2407 2344 2462 ad
2378 2410 2759 2478 pmnitentiam
2817 2428 3119 2487 venerunt,
3191 2439 3287 2494 per

1713 2509 1877 2566 quam
1918 2495 2062 2551 Deus
2090 2497 2334 2568 placatus
2365 2513 2396 2553 a
2420 2500 2583 2557 minis
2604 2501 2834 2560 destitit.

1786 2582 1878 2638 IV.
1915 2583 2246 2655 Deprecatio
2298 2585 2452 2644 Jonac
2489 2589 2556 2644 ad
2609 2590 2818 2660 Deum,
2852 2605 2910 2651 et
2983 2611 3016 2652 e
3069 2599 3289 2658 civitate

1717 2677 1980 2747 egressio,
2010 2685 2067 2731 et
2097 2678 2434 2735 tabernaculi
2455 2685 2781 2753 praeparatio
2807 2701 2824 2753 ;
2851 2696 2906 2743 et
2940 2689 3158 2749 hederae
3183 2711 3288 2750 na-

1719 2767 1900 2822 tivitas
1940 2776 1996 2822 et
2029 2783 2178 2824 more
2220 2785 2236 2837 ;
2273 2779 2327 2826 et
2365 2771 2459 2827 Dei
2486 2774 2553 2828 ad
2584 2777 2900 2846 prophetam
2930 2781 3206 2852 allocutio,
3231 2802 3290 2841 se

1719 2858 1916 2916 Ninive
1945 2869 2140 2932 sponte
2169 2863 2501 2932 pepercisse.

1784 2945 1955 3004 Jonas
1988 2949 2255 3021 signiﬁcat
2286 2951 2548 3014 altissima
2576 2955 2852 3015 laborante
2885 2960 3008 3017 sive
3031 2961 3286 3019 columba.

1721 3035 1890 3092 Jonas
1923 3047 2040 3093 erat
2059 3053 2122 3094 ex
2169 3049 2313 3096 terra
2333 3042 2644 3103 Cariathem
2687 3047 3292 3126 (Cariathiarim)pr0pe

29 3141 106 3205 ὥς
140 3146 288 3209 τινές
319 3164 476 3215 φασι,
511 3137 839 3218 Theophyl.]
864 3144 1091 3217 πλησίον
1121 3141 1360 3207 Ἀζώτου
1410 3141 1587 3195 πόλεω

1772 3136 1972 3195 notum,
2001 3131 2190 3188 urbem
2209 3135 2447 3206 gentium
2465 3137 2609 3207 apud
2643 3154 2810 3194 mare.
2835 3140 2902 3194 Et
2942 3158 3066 3198 cum
3083 3146 3290 3214 ejectus

44 3234 320 3308 Ἑλλήνων
372 3239 515 3293 κατά
565 3239 880 3293 θάλασσαν·
923 3239 1019 3291 καὶ
1067 3235 1396 3308 ἐκδρασθεὶς
1432 3234 1497 3286 ἐκ
1525 3230 1622 3285 τοῦ

33 3324 256 3394 κήτους,
281 3328 539 3384 ἀπελθὼν
562 3330 644 3393 είς
665 3326 857 3382 Νινευῒ
879 3329 975 3380 καὶ
993 3325 1241 3398 κηρύξας
1260 3324 1357 3378 καὶ
1375 3322 1626 3392 ,ἀνακάμ-

35 3416 141 3483 tina;
175 3419 279 3473 οὐκ
306 3421 523 3492 ἔμεινεν
551 3421 611 3473 ἐν
655 3421 724 3490 τῇ
766 3421 837 3490 γῇ
887 3416 1056 3471 αὑτοῦ
1077 3433 1092 3448 ο
1122 3414 1259 3469 ἀλλά
1284 3411 1621 3484 παραλαῦὼν

36 3508 135 3578 τὴν
185 3513 405 3584 μητέρα
446 3509 612 3566 αὐτοῦ
658 3511 992 3582 παρῴκησεν
1021 3509 1080 3561 ἐν
1106 3508 1175 3578 τῇ
1209 3503 1446 3574 ’Δσσοὺρ
1474 3501 1629 3576 χώρᾳ

39 3600 362 3672 ἀλλοφύλων
405 3602 605 3656 ἐθνῶψ
643 3601 796 3669 ἔλεγε
819 3599 954 3674 γὰρ,
981 3601 1062 3654 ὅτι
1105 3596 1292 3660 Οὕτως
1336 3594 1522 3665 ἀφελῶ
1567 3595 1628 3648 τὸ

41 3692 246 3759 busied;
293 3713 394 3767 μου
412 3733 430 3762 ,
465 3696 548 3750 ὅτι
589 3692 909 3764 ἐψευσάμην
938 3689 1327 3764 προφητεύσας
1354 3689 1500 3778 κατᾷ

41 3785 156 3839 νευῒ
208 3788 310 3860 τῆς
364 3786 611 3858 μεγάλης
657 3785 899 3849 πόλεως⁶
932 3781 1001 3856 ἦν
1049 3800 1133 3846 τις
1167 3781 1353 3845 Ἠλίας
1394 3777 1628 3852 [πόλεώς

45 3894 146 3945 μου
175 3879 278 3948 τῆς
310 3880 579 3951 μεγάλης*
613 3874 682 3950 ἦν
728 3877 784 3930 δὲ
812 3876 934 3930 τότε
967 3874 1085 3930 Ἦλ.
1117 3869 1446 3943 Theophle
1473 3869 1630 3937 ἐλέγ-

43 3987 152 4038 χων
193 3971 542 4043 τὺνἈχαάὁ,
591 3970 686 4025 καὶ
735 3968 973 4032 καλέσας
1016 3966 1176 4038 λιμὸν
1221 3966 1317 4018 ἐπὶ
1357 3963 1458 4034 τὴν
1500 3961 1626 4032 γῆν,

45 4059 212 4130 ἔφυγε
234 4080 249 4095 °
275 4067 370 4119 καὶ
399 4062 570 4119 ἐλθὼν
599 4064 680 4126 εἰς
705 4061 969 4134 Σαραφθά
990 4054 1455 4131 ηὗρείΣάρεφθα,
1479 4048 1627 4125 εὗρε,

46 4148 381 4226 Theophyl.]
432 4156 533 4224 τὴν
585 4156 763 4224 χήραν
809 4152 948 4222 μετά
999 4149 1095 4203 τοῦ
1141 4145 1264 4204 υίοῦ
1312 4145 1504 4215 αὐτῆς,
1535 4144 1630 4197 καὶ

47 4243 229 4314 ἐμεινε
263 4249 394 4321 παρ’
416 4250 635 4311 αὐτοῖς·
665 4245 787 4300 οὑδέ
833 4245 943 4316 γὰρ
984 4243 1216 4315 ἠδύνατο
1265 4241 1448 4312 μένειν
1493 4237 1631 4308 μετά

48 4336 156 4389 τῶν
187 4339 584 4412 ἀπεριτμήτων
605 4353 621 4369 ⁶
656 4337 754 4392 καὶ
782 4335 1077 4406 εὐλόγησεν
1101 4331 1271 4404 αὐτὴν
1297 4330 1386 4385 διά
1411 4329 1511 4399 τὴν
1542 4327 1629 4394 ξε·

51 4428 317 4500 νοδοχίαν,
347 4428 415 4503 ἦν
458 4433 569 4502 γὰρ
611 4428 1006 4500 προγινώσκων
1057 4425 1228 4494 αὐτὴν
1270 4424 1335 4480 ἐκ
1380 4419 1625 4491 πρώτου.

51 4517 318 4586 Θανόντος
351 4523 409 4576 δὲ
451 4522 548 4575 τοῦ
595 4522 715 4574 υἱοῦ
743 4521 915 4591 αὐτῆς
943 4520 1002 4571 ἐν
1035 4515 1187 4586 μέσῳ
1209 4513 1623 4585 άπεριτμήτων,

54 4611 214 4664 πάλιν
246 4615 470 4684 ήγειρεν
500 4616 529 4666 ὁ
551 4612 686 4674 Θεὸς
711 4612 800 4664 διὰ
819 4609 914 4663 τοῦ
933 4607 1096 4662 Ἠλία
1115 4607 1234 4660 ἐκεῖ
1257 4601 1476 4675 νεκρόν·
1502 4600 1628 4670 ἠθέ-

50 4698 186 4769 λησε
216 4703 328 4773 γάρ
355 4703 526 4766 δεῖξαι
551 4701 720 4772 αὐτῷ,
755 4702 837 4755 ὅτι
867 4701 929 4754 οὑ
957 4696 1186 4753 δύναταί
1215 4711 1298 4758 τις
1325 4691 1631 4763 ἀποδράσαι

56 4788 361 4861 [διαδράναι
385 4789 685 4861 Theophyl.
718 4806 788 4842 ιιι.
817 4804 864 4843 s.
888 4784 1050 4857 Aug.]
1073 4783 1230 4838 Θεόν.
1259 4781 1373 4836 Καὶ
1395 4778 1633 4841 ἀναστὰς

66 4877 248 4944 Ἰωνᾶς
288 4882 425 4951 μετά
455 4879 548 4934 τὸν
577 4879 759 4948 λιμὸν,
791 4875 956 4949 ἦλθεν
985 4878 1066 4938 είς
1091 4874 1193 4944 τὴν
1210 4870 1474 4926 Ἰουδαίαν
1496 4883 1511 4898 ⁸
1537 4867 1634 4921 καὶ

57 4969 326 5026 ἀπέθανεν
356 4976 389 5044 ή
425 4974 606 5044 μήτηρ
641 4969 806 5024 αὐτοῦ
837 4968 979 5022 κατὰ
1009 4966 1107 5038 τὴν
1132 4964 1269 5029 ὁδὸν,
1300 4961 1400 5016 καὶ
1421 4959 1628 5025 ἔθαψαν

60 5061 250 5130 αὐτὴν,
281 5065 512 5134 ἐχόμενα
547 5063 650 5133 τῆς
683 5061 915 5131 βαλάνου
934 5059 1010 5130 (8)
1037 5053 1354 5124 Δεὸὄώραςο
1379 5051 1474 5106 καὶ
1498 5067 1627 5105 κατ-

1724 3232 1866 3278 esset
1892 3239 1922 3278 a
1941 3224 2090 3296 pisce
2101 3236 2156 3282 et
2185 3227 2480 3284 abiissetin
2498 3228 2753 3298 Niniven,
2780 3241 2838 3287 et
2860 3234 3292 3295 denuntiavissrt

1725 3322 1781 3368 et
1805 3329 2083 3386 regressus
2129 3329 2307 3384 esset,
2343 3337 2454 3376 non
2486 3323 2748 3378 remansit
2777 3324 2833 3378 in
2864 3335 3007 3381 terra
3039 3344 3171 3384 sua:
3197 3333 3292 3386 sed

1726 3416 1949 3476 accepta
1970 3419 2143 3463 matre
2171 3425 2290 3475 sua,
2321 3412 2588 3468 habitavit
2612 3415 2666 3468 in
2697 3416 2918 3486 regione
2938 3420 3127 3483 Assur,
3150 3424 3294 3491 apud

1727 3508 1943 3555 exteras
1969 3510 2177 3568 gentes.
2231 3502 2455 3560 Dicebat
2481 3505 2628 3558 enim
2653 3522 2667 3557 :
2706 3507 2797 3562 Sic
2819 3508 3062 3564 auferam
3089 3527 3294 3582 oppro-

1726 3590 1909 3646 brium
1947 3606 2151 3660 tneum,
2173 3594 2317 3662 quod
2354 3595 2567 3651 scilicet
2593 3600 2890 3655 erraverim
2918 3605 3295 3673 prophetando

1727 3692 1916 3737 contra
1945 3681 2178 3740 Niniven
2223 3723 2239 3749 ,
2281 3684 2557 3744 civitatem
2599 3690 2881 3760 grandem.
2936 3691 3067 3748 Erat
3113 3704 3294 3750 autem

1729 3782 1861 3830 tunc
1889 3775 2036 3832 Elias
2088 3791 2324 3849 arguens
2361 3779 2572 3836 Achab.
2606 3781 2710 3848 Qui
2748 3798 2872 3838 cum
2916 3797 3165 3842 vocasset
3213 3788 3295 3842 fa-

1729 3879 1874 3919 mem
1889 3879 2055 3935 super
2075 3874 2295 3933 terram,
2326 3866 2481 3938 fugit.
2513 3870 2581 3925 Et
2609 3872 2836 3927 veniens
2862 3874 2916 3928 in
2945 3873 3191 3945 Sarepta,
3212 3877 3297 3931 in-

1728 3955 1880 4011 venit
1909 3957 2128 4012 viduam
2187 3973 2314 4013 cum
2346 3959 2458 4014 tilio
2482 3962 2621 4030 ejus,
2649 3971 2706 4016 et
2739 3965 2942 4020 mansit
2993 3968 3136 4035 apud
3158 3983 3252 4022 eos
3279 3984 3294 4033 ;

1730 4063 1840 4104 non
1868 4048 2016 4103 enim
2069 4064 2295 4106 manere
2325 4060 2536 4121 poterat
2575 4067 2702 4109 eum
2759 4055 3182 4112 ineircnmcisis.
3233 4058 3299 4116 Et

1731 4136 2011 4193 benedixit
2044 4137 2099 4192 ei
2140 4147 2366 4210 propter
2391 4139 2839 4209 hospitalitatem.
2870 4139 3109 4198 Noverat
3150 4147 3296 4200 enim

1731 4241 1852 4282 eam
1883 4227 2154 4298 primitus.
2187 4228 2456 4285 Defuncto
2488 4239 2668 4286 autem
2701 4232 2814 4288 ﬁlio
2842 4235 2962 4304 ejus
2997 4235 3052 4289 in
3118 4239 3298 4292 medio

1731 4318 2235 4391 incircumcisorum
2283 4323 2627 4381 resuscitavit
2682 4325 2824 4380 Deus
2873 4337 3148 4382 mortuum
3201 4345 3300 4399 per

1731 4408 1924 4465 Etiam.
1956 4409 2136 4466 Voluit
2159 4412 2304 4468 enim
2341 4414 2628 4469 ostendere
2653 4414 2806 4471 J0me
2836 4419 3109 4473 neminem
3139 4433 3299 4488 posse

1658 4468 1702 4523 Β
1731 4501 1827 4557 Dei
1857 4517 2052 4557 manus
2080 4503 2340 4573 cﬂugere.
2372 4503 2440 4559 Et
2476 4521 2706 4575 surgens
2727 4506 2897 4562 Jonas
2925 4519 3046 4580 post
3067 4468 3262 4565 famem
3282 4551 3297 4573 ,

1727 4592 1875 4648 venit
1908 4593 1961 4647 in
1986 4593 2258 4658 Iudaeam,
2301 4604 2354 4650 et
2393 4605 2607 4652 mortua
2639 4604 2723 4653 est
2763 4609 2940 4654 mater
2968 4602 3090 4670 ejus
3121 4603 3173 4655 in
3213 4603 3302 4656 iti-

1726 4699 1880 4751 nere,
1922 4691 1978 4740 et
2005 4686 2339 4754 sepelierunt
2376 4703 2495 4742 eam
2543 4688 2698 4756 juxta
2725 4705 2985 4758 quercum
3021 4693 3298 4746 Debhorm.

1730 4776 1798 4831 Et
1846 4775 2111 4832 habiuvit
2165 4776 2220 4830 in
2255 4785 2399 4831 terra
2429 4777 2664 4842 Saraer;
2694 4790 2942 4834 mortuus
2987 4790 3072 4834 est
3121 4791 3300 4836 autem

1731 4866 1827 4930 ibi,
1857 4875 1914 4920 et
1942 4865 2188 4935 sepultus
2218 4874 2306 4922 est.
2369 4866 2424 4919 in
2448 4865 2707 4935 spelunca
2737 4869 2948 4934 Cenez,
2991 4872 3192 4939 judicia
3248 4875 3302 4927 in

1731 4958 1926 5015 diebus
1973 4956 2191 5026 quando
2219 4971 2334 5016 non
2379 4966 2539 5012 erant
2581 4973 2754 5029 reges.
2791 4960 2860 5015 Et
2909 4963 3054 5017 dedit
3092 4965 3303 5034 signum

1733 5062 1986 5118 magnum
2013 5045 2076 5100 In
2103 5045 2309 5110 Israel,
2341 5055 2399 5100 et
2421 5045 2477 5100 in
2511 5061 2658 5102 οιιιιιι
2690 5055 2854 5103 terra.
2883 5050 3019 5104 Cum
3046 5053 3302 5112 viderint.

1535 5227 1764 5288 ΝΟΤᾸΕ.

139 5357 224 5482 (73
253 5359 594 5429 Τριστάτης.
647 5359 841 5432 Τρίτος
891 5354 1380 5440 πεντηκρνταρχος,
1428 5347 1625 5419 Epiph.

227 5433 407 5482 ornth.
456 5429 592 5482 Ibid.
636 5431 675 5482 l.
719 5445 906 5482 χχχιιι.
961 5430 1174 5482 Ἰωνᾶς.
1258 5428 1298 5475 0
1340 5420 1625 5480 θεσπέσιος

67 5436 122 5482 et
147 5420 156 5430 ’
183 5420 407 5486 Βοτλιιι.
456 5420 592 5486 Ibid.
636 5431 675 5483 l.
700 5420 906 5484 'xxxtu.
961 5420 1174 5490 Veii-lic.
1237 5420 1298 5475 Ὅ
1340 5420 1628 5490 θεσπέσιος

80 5499 259 5577 Timavi;
283 5501 485 5577 πατρὸς
517 5500 798 5577 μὲν-ἐξέφυ
817 5499 912 5577 79:3
942 5487 1164 5577 ἈΡ-σ’θὲ
1191 5491 1492 5577 δξΡμἨτέῩξ
1508 5487 1629 5577 ,ξῆν

72 5568 134 5641 ἐκ
169 5560 265 5624 Γέθ
297 5560 528 5641 Χιὸέρδ
547 5560 818 5641 πολίῇῃὶον
842 5567 901 5641 ᾷὲ
919 5560 1202 5641 *τοῦτο-τῆς
1219 5560 1630 5641 ’ἰουδαςωνχῆἣ

71 5635 186 5705 ἧτοι
238 5642 396 5711 κώμη
430 5627 571 5694 κατά
599 5627 787 5708 γε”τὸν
816 5638 1002 5689 εἰκότα
1041 5627 1216 5714 λόγον,
1250 5630 1431 5754 (ζετιιι.
1477 5627 1630 5705 Ales.

74 5717 172 5765 ms.
203 5709 337 5768 Ibid.
369 5713 408 5765 ι.
439 5726 619 5764 xxxiv.
650 5705 1078 5780 Καριαθιαρεὶμ.
1117 5702 1254 5758 Ηιιιο
1304 5710 1423 5780 orte
1461 5710 1634 5753 com—

309 5803 584 5864 PA'rnOL.
620 5799 738 5862 Gn.
787 5796 1005 5859 XCIII.

1731 5340 2183 5416 gendi_Epi_ph_an.
2210 5351 2264 5395 et
2288 5342 2510 5416 Doroth.
2533 5343 2625 5412 qui
2649 5347 2714 5399 ἐκ
2735 5345 2837 5414 γῆς
2859 5343 3069 5416 Καριαο
3081 5344 3264 5413 μαοὺμ
3289 5387 3304 5409 ,

1733 5410 1966 5481 πλησίον
2011 5410 2270 5476 Ἀζώτου,
2299 5410 2594 5469 oriundum
2638 5410 2904 5470 scribunt.

1808 5483 1882 5554 (8)
1924 5481 2206 5554 Ἑχόμεῂα
2241 5481 2355 5554 τῆς
2389 5483 2691 5546 βαλάνου.
2743 5487 2913 5554 Prope
2945 5493 3182 5554 montem
3215 5483 3304 5538 Li-

1732 5550 1958 5624 banum,
1992 5550 2216 5624 Doroth.
2245 5551 2380 5624 Ibid.
2419 5556 2452 5606 l.
2486 5569 2580 5608 LII.
2617 5550 2872 5624 Σαραήῤ.
2911 5554 3080 5624 Σαάρ,
3109 5553 3304 5624 Epiph.

1737 5621 2058 5694 etporoth.
2105 5620 2239 5694 I_hid.
2286 5621 2323 5694 I_.
2378 5638 2492 5676 Llll.
2544 5620 2736 5683 Κενέζ.
2775 5620 3066 5694 Κενεζαὶου
3110 5620 3301 5694 Epiph.

1738 5691 1872 5747 Ibid.
1906 5690 1944 5744 Ι.
1973 5706 2080 5748 LW.
2123 5690 2384 5761 Ἰσραήλ.
2433 5694 2808 5766 Ἰερουσαλήμ,
2839 5693 3063 5747 Doroth.

2927 5781 3002 5845 43
