3764 6304
45 303 176 371 1357

1102 294 1185 354 IN
1227 292 1343 352 XII
1386 291 1833 352 PROPHETAS
1871 293 2238 358 MINORES.

2183 176 2201 184 ι.
2227 171 2305 186 λνιδ

3160 295 3292 360 1358

41 417 177 489 αὕτη
221 417 318 488 μὲν
346 416 456 486 γὰρ
486 409 844 485 ήἘκκλησία
871 407 962 462 διὰ
995 406 1284 478 μετανοίας
1314 405 1605 509 ἀναστήσε-

1792 412 1813 450 r
1865 399 2252 468 paenitentiam
2309 417 2598 477 resurget;
2651 406 2743 462 illa
2791 415 2975 462 autem
3027 407 3293 480 legalibus

35 526 146 574 ται,
168 487 360 578 -ὲκείνη
392 508 448 561 δὲ
476 505 571 559 καὶ
599 503 711 557 τῶν
738 500 988 571 νομίμων
1011 499 1352 564 ἐκπεσεῖται,
1377 496 1475 550 καὶ
1501 498 1605 560 τοῖς

1792 487 1948 555 uidet,
1973 497 2030 545 et
2055 491 2438 560 spiritualibus
2466 496 2707 569 Assyriis
2738 497 3008 554 tradetur.

35 604 245 673 νοητοῖς
270 598 582 670 Ἀσσυρίοις
609 593 1081 666 παραδοθήσεται.
1175 598 1182 602 ’

106 698 194 760 ιγ’.
234 689 565 762 Παραίνεσις
596 687 675 758 τῷ
697 683 920 756 Ἰσραὴλ
942 724 957 749 ,
991 683 1081 737 διὰ
1115 682 1351 756 σταυροῦ
1384 682 1614 754 ποιμαί-

32 783 250 839 νεσθαι⁶
287 783 384 836 καὶ
414 781 756 853 πρόρῤησις,
788 779 938 841 ὅπως
975 777 1043 830 τὰ
1080 777 1180 847 μὲν
1212 775 1340 846 ἔθνη
1371 775 1482 829 τῶν
1501 776 1616 831 δαι-

35 877 210 946 μόνων
259 874 684 947 αἰσχυνθήσεται
713 912 728 937 ,
777 861 938 942 ἡμεῖς
989 868 1046 922 δὲ
1092 869 1182 922 διὰ
1235 868 1616 940 βαπτίσματος

31 970 226 1036 ἄφεσιν
265 966 688 1037 ἁμαρτημάτων
715 963 870 1034 παρὰ
896 960 1034 1015 Θεοῦ
1059 960 1366 1031 ληψόμεθα.

25 1109 28 1112 ~
97 1076 338 1147 Μιχαίας
365 1074 735 1147 ἑρμηνεύεται
767 1072 1197 1142 ταπείνωσις-,ἧ
1222 1073 1614 1142 ταπεινούμε-

28 1184 155 1234 νος.
184 1162 356 1231 Οὗτος
382 1163 452 1238 ἦν
478 1166 588 1220 ἀπὸ
613 1165 858 1236 Μοραθεὶ⁵
884 1164 959 1234 (9)
989 1163 1229 1236 [Μοραθὶ
1261 1163 1614 1235 Theophyl.],

29 1260 91 1311 ὲκ
123 1259 299 1329 φυλῆς
323 1257 565 1329 Ἐφραίμ
583 1273 598 1289 ⁸
626 1251 781 1319 οὗτος
807 1255 978 1309 πολλὰ
1011 1256 1246 1327 ποιήσας
1276 1255 1356 1328 τῷ
1378 1257 1612 1326 Ἀχαὰϐ,

27 1349 134 1402 ὑπὸ
162 1350 376 1420 Ἰωρὰμ
423 1349 518 1402 τοῦ
569 1347 692 1402 υίοῦ
739 1346 907 1403 αὐτοῦ
958 1346 1198 1420 ἀνῃρέθη
1249 1348 1503 1419 κρημνῷ,
1535 1349 1616 1403 ὅτι

28 1439 264 1510 ἤλεγχεν
300 1441 467 1494 αὑτὸν
513 1441 606 1496 ἐπὶ
632 1443 752 1503 ταῖς
784 1437 1198 1502 ἀσεϐείαιςτῶν
1225 1441 1480 1512 πατέρων
1519 1441 1617 1494 αύ-

26 1531 120 1584 τοῦ
140 1547 154 1560 ⁸
192 1532 289 1584 καὶ
321 1533 499 1603 ἐτάφη
532 1535 592 1586 ὲν
615 1534 680 1604 τῇ
707 1535 776 1603 γῇ
797 1531 962 1586 αὐτοῦ
999 1531 1181 1602 μόνος,
1216 1531 1484 1604 σύνεγγυς
1515 1550 1616 1588 πο-

26 1621 312 1692 Αυανδρίου
335 1621 554 1676 Ἐνακεί
560 1640 618 1693 μ.
674 1638 680 1644 ’
999 1609 1009 1618 ’

186 1735 559 1834 ’ΚΕΦΔΛΑΙΔ
593 1746 841 1834 ΝΑοῩΜ
879 1779 1020 1834 'ror
1057 1779 1448 1837 npoon'ror.

63 1911 162 1971 ,α⁹.
193 1905 475 1972 Ἔνδειξις
503 1907 740 1979 ἀπειλῆς
770 1909 931 1977 Θεοῦ,
965 1912 1064 1967 καὶ
1094 1913 1196 1984 τῆς
1227 1913 1310 1979 είς
1345 1913 1409 1968 τὸ
1447 1933 1622 1986 τιμω·

26 1996 238 2067 ρεῖσθαι
267 1999 562 2071 δυνάμεως
580 2015 596 2030 ο
618 2002 759 2056 κατὰ
779 2003 1051 2076 δαιμόνων
1072 2002 1208 2075 ὁμοῦ
1233 2005 1328 2059 καὶ
1353 2005 1623 2062 Ἰουδαίων

23 2089 310 2160 ἑκάτερον.

97 2181 163 2250 β’.
201 2181 438 2254 Ἀπειλὴ
483 2183 628 2238 κατὰ
673 2186 960 2240 διαδόλουυ
1001 2189 1096 2242 καὶ
1140 2192 1530 2262 προσφώνησις
1552 2192 1622 2263 τῇ

27 2268 331 2342 Ἐκκλησία
361 2272 466 2344 τῆς
511 2273 623 2327 τῶν
667 2274 902 2330 είδώλων
941 2276 1300 2349 ἀπαλλαγῆςθ
1338 2280 1430 2333 καὶ
1454 2279 1624 2350 εὐαγ-

23 2363 289 2437 γελισμὸς
315 2367 416 2421 τοῦ
456 2368 728 2441 σωτηρίου
768 2370 1144 2442 κηρύγματος,
1181 2371 1390 2445 ἑορτῶν
1425 2389 1486 2427 τε
1515 2373 1624 2428 τῶν

23 2455 116 2510 διὰ
160 2457 412 2530 Χριστοῦ
438 2499 453 2525 ,
493 2461 588 2517 καὶ
623 2461 934 2533 ἀφανισμοῦ
969 2462 1243 2534 δαιμόνων
1289 2465 1384 2519 καὶ
1421 2465 1626 2538 συγχύο

29 2565 194 2611 σεως.

100 2641 174 2713 γ’.
221 2645 546 2715 Πρόρῤησις
588 2646 939 2712 ἀναστάσεως
963 2624 1202 2720 Χριστοῦ
1234 2649 1330 2704 καὶ
1356 2651 1465 2704 τῶν
1499 2669 1628 2706 συν-

23 2736 426 2807 ανισταμένων
453 2737 604 2808 αὐτῷ
628 2737 840 2810 ψυχῶν,
876 2740 971 2794 καὶ
1015 2742 1117 2812 τῆς
1164 2741 1286 2796 τότε
1333 2744 1628 2818 γινομένης

25 2829 270 2885 θανάτου
307 2829 407 2884 καὶ
436 2828 681 2885 διαϐόλου
719 2832 974 2904 ἁρπαγῆς
1000 2833 1095 2888 καὶ
1119 2833 1482 2902 σκυλεύσεως.

97 2944 166 3000 δ’.
206 2943 442 3015 ’Λπειλὴ
485 2945 628 2998 κατὰ
674 2944 768 3000 τοῦ
820 2945 1118 3001 Ἰουδαϊκοῦ
1158 2946 1325 3010 λαοῦ,
1365 2949 1460 3003 καὶ
1506 2967 1630 3034 σχε-

24 3035 307 3106 τλιασμὸς
330 3034 756 3108 τῆςἸερουσαλή
766 3053 831 3107 μ·
857 3038 950 3091 καὶ
975 3037 1280 3112 πρόρρησις
1309 3034 1385 3095 ὧν
1405 3040 1629 3111 ἔμελλεν

23 3128 86 3179 ὲν
117 3129 188 3197 τῇ
225 3124 435 3179 ἁλώσει
466 3129 531 3198 τῇ
563 3127 846 3200 Ῥωμαϊκῇ
898 3129 1211 3195 πείσεσθαι,
1248 3129 1368 3184 ἀνθ’
1395 3125 1470 3188 ὧν
1517 3135 1630 3198 τοῖς

25 3217 250 3272 ἔθνεσιν
281 3220 311 3272 ό
337 3218 465 3282 λαὸς
487 3219 706 3289 ἐγένετο
743 3221 1096 3293 πρόσκομμα.

101 3333 167 3386 ε’.
210 3332 446 3403 Ἀπειλὴ
501 3335 644 3388 κατὰ
707 3335 806 3404 τῆς
859 3333 1216 3408 Ἰερουσαλὴμ
1271 3338 1358 3392 ἐπ’
1398 3339 1630 3413 αἰσχύνῃ

25 3428 386 3500 γυμνώσεως
405 3443 419 3456 ·
451 3426 547 3479 καὶ
574 3427 722 3489 ὃπως
750 3427 975 3497 ζητήσει
1016 3428 1115 3498 μὲν
1143 3430 1176 3498 ἡ
1211 3429 1508 3500 Ἐκκλησία
1533 3433 1631 3502 τῆς

37 3518 418 3591 Ἰερουσαλὴμ
451 3517 823 3588 παράκλησιν,
843 3518 981 3590 αὑτὴ
1012 3519 1068 3571 δὲ
1090 3519 1353 3586 ποικίλοις
1381 3523 1632 3595 ὁμιλήσει

27 3615 235 3676 κακοῖς
270 3610 654 3681 Ἰερουσαλὴμ,
685 3610 774 3664 διὰ
805 3611 865 3664 τὸ
893 3612 1123 3683 νοσῆσαι
1155 3614 1357 3669 κακίαν
1385 3615 1630 3688 ἀνυπέρ-

26 3706 264 3778 ὅλητον.

103 3797 269 3852 Ναοὺ
280 3813 324 3866 μ
371 3794 737 3866 ἑρμηνεύεται
768 3796 1155 3866 παράκλητος
1195 3797 1586 3872 [παράκλησις
1614 3844 1630 3868 ,

25 3885 382 3960 Theophle
411 3880 580 3950 Οὗτος
602 3883 670 3958 ἦν
700 3888 810 3941 ἀπὸ
837 3889 1428 3963 Ἐλκεσεὶν[Ἑλκασαῒ
1459 3894 1634 3966 πέραν

22 3979 128 4036 τοῦ
172 3979 454 4050 Ἰορδάνου
505 3979 584 4040 εἰς
631 3979 898 4051 Βιγαϐρὶ,
933 3979 1263 4055 Theophyl.]
1307 3983 1486 4055 πέραν
1536 3986 1632 4040 τοῦ

23 4069 361 4144 Τηνϐαρεὶν
389 4068 523 4140 (10),
559 4071 624 4122 ὲκ
665 4071 834 4141 φυλῆς
868 4072 1115 4143 Συμεών.
1149 4068 1319 4138 Οὗτος
1363 4077 1502 4147 μετᾲ
1542 4079 1634 4132 τὸν

38 4164 248 4218 Ἶωνᾶν
284 4161 454 4233 τέρας
500 4161 723 4226 ἔδωκεν,
752 4163 835 4215 ὄτι
871 4163 979 4216 ἀπὸ
1021 4165 1230 4218 ὑδάτων
1259 4167 1507 4234 γλυκέων
1542 4171 1636 4224 καὶ

22 4258 213 4328 πυρὸς
245 4255 534 4309 ἀπολεῖται
562 4257 594 4325 ή
622 4255 839 4308 Νινευῖο
862 4254 890 4307 ὃ
912 4255 1006 4308 καὶ
1026 4257 1218 4324 γέγονε
1238 4275 1251 4287 ·
1286 4259 1320 4328 ή
1349 4259 1457 4332 γὰρ
1478 4277 1635 4333 περι.

23 4350 248 4420 έχουσα
302 4346 474 4417 αὐτὴν
518 4345 680 4418 λίμνη
726 4347 1063 4403 κατέκλυσεν
1109 4349 1279 4419 αὐτὴν
1310 4354 1369 4405 ὲν
1397 4355 1628 4426 σεισμῷ,

1789 669 1928 726 XIII.
1961 670 2276 728 Exhortatio
2302 671 2368 727 ad
2402 671 2565 727 Israel
2596 681 2654 727 ut
2708 687 2806 740 per
2833 687 3053 729 crucem
3083 681 3302 747 regatur

1716 770 1774 818 et
1829 763 2107 833 quomodo
2137 775 2331 836 gentes
2382 765 2604 836 quidem
2633 781 2664 820 a
2692 765 3034 822 daemonibus
3064 767 3300 822 confun-

1715 853 1919 917 dentur
1957 871 1973 921 ;
2037 871 2140 912 nos
2183 868 2367 913 autem
2409 873 2509 929 per
2543 857 2874 930 baptismum
2926 858 3302 917 remissionem
3399 863 3405 872 '

1717 954 2068 1017 peccatorum
2093 963 2124 1002 a
2156 948 2267 1004 Deo
2289 950 2648 1021 accipiemur.
2694 1019 2702 1025 .

1787 1057 2041 1116 Michzeas
2073 1061 2345 1133 signiﬁcat
2370 1064 2645 1118 hunu'litas
2683 1064 2801 1121 sive
2832 1064 3170 1122 humiliatus.
3208 1064 3307 1120 Ille

1717 1159 1836 1204 erat
1871 1165 1941 1206 ex
1970 1151 2222 1221 Morathi,
2255 1155 2324 1210 de
2351 1155 2496 1210 tribu
2524 1153 2810 1225 Ephralm.
2860 1154 2912 1212 Is
2954 1172 3079 1212 cum
3135 1157 3305 1212 multa

1719 1242 1945 1301 fecisset
1992 1247 2202 1313 Achab,
2234 1263 2265 1303 a
2321 1247 2434 1304 tilio
2479 1247 2601 1317 ejus
2635 1247 2820 1305 Joram
2865 1264 3112 1320 preceps
3145 1249 3307 1306 datus

1719 1337 1902 1407 periit,
1939 1340 2070 1410 quia
2098 1341 2151 1397 ei
2198 1342 2495 1413 objiciebat
2525 1341 2838 1414 impietates
2894 1352 3112 1413 patrum
3163 1344 3306 1414 ejus.

1719 1429 1787 1483 Et
1817 1431 2068 1501 sepultus
2100 1443 2184 1489 est
2230 1435 2286 1489 in
2329 1444 2471 1490 terra
2502 1449 2600 1491 sua
2633 1436 2806 1504 solus,
2840 1450 3016 1508 prope
3049 1445 3310 1494 «ninete-

1719 1520 1862 1576 rium
1895 1523 2150 1580 Enacim.

2000 1771 2256 1830 CAPITA
2281 1783 2284 1786 ’
2307 1773 2553 1831 ΝΑΗυΜ
2607 1776 3026 1839 PROPIIETE.

1792 1901 1836 1956 I.
1866 1901 2222 1961 Denuntiatio
2249 1906 2524 1962 minarum
2557 1907 2650 1964 Dei
2682 1919 2739 1965 et
2764 1910 2887 1982 ejus
2917 1913 2986 1969 ad
3015 1913 3308 1972 vindican-

1722 1991 1853 2045 dum
1881 1993 2184 2061 potestatis,
2231 2003 2346 2050 tum
2385 2006 2574 2052 contra
2619 1998 2924 2069 daemones,
2955 2003 3091 2058 tum
3143 2006 3308 2062 etiam

1722 2093 1911 2139 contra
1931 2083 1960 2140 J
1969 2086 2179 2141 udzeos.

1795 2175 1862 2231 II.
1905 2176 2064 2234 Minae
2092 2179 2360 2237 adversus
2385 2181 2692 2247 diabolum,
2722 2193 2779 2239 et
2805 2185 3070 2243 allocutio
3101 2189 3170 2244 ad
3203 2188 3310 2245 Ec-

1725 2267 1951 2324 clesiam
2010 2269 2079 2325 de
2111 2271 2442 2330 liberatione
2492 2275 2562 2331 ab
2598 2275 2806 2334 idolis:
2852 2287 2910 2334 et
2965 2281 3311 2339 annuntiatio

1726 2358 2137 2428 praedicationis
2171 2362 2366 2419 salutis
2392 2372 2449 2420 et
2476 2364 2840 2424 festivitatum
2875 2385 2974 2440 per
3003 2369 3308 2440 Christum,

1726 2458 1782 2505 et
1808 2450 2122 2508 abolitionis
2150 2452 2460 2511 daemonum
2507 2465 2564 2513 et
2591 2458 2956 2518 confusionis.

1801 2631 1888 2689 ΙΙΙ.
1921 2633 2211 2693 Ριαξιιίοιίο
2237 2639 2659 2696 resurrectionis
2688 2639 2896 2698 Christi
2928 2654 2984 2700 et
3008 2661 3312 2704 animarum

1727 2739 1852 2781 cum
1875 2725 1992 2796 ipso
2015 2731 2590 2799 conresuscitatarum,
2620 2742 2676 2789 et
2707 2734 2879 2793 ruintr
2899 2745 2955 2793 et
2973 2739 3316 2811 spoliationis

1729 2819 1920 2874 mortis
1938 2828 1996 2874 et
2019 2821 2220 2877 diaboli
2257 2830 2391 2879 tunc
2418 2823 2636 2882 futura.

1801 2933 1891 2988 IV.
1927 2933 2084 2991 Minae
2110 2937 2164 2992 in
2189 2939 2453 3010 populum
2485 2939 2800 3011 Iudaicum,
2834 2953 2892 3000 et
2925 2947 3192 3004 desolatio
3219 2949 3316 3005 Je-

1730 3026 1991 3094 rusalem,
2022 3038 2078 3084 et
2097 3031 2381 3100 praedictio
2410 3049 2599 3090 eorum
2622 3052 2744 3107 quae
2780 3039 2834 3094 in
2863 3038 3109 3098 Romana
3132 3042 3318 3114 direp-

1737 3117 1886 3174 tione
1929 3135 2161 3191 passura
2199 3133 2308 3188 est,
2343 3143 2442 3196 pro
2477 3143 2546 3184 eo
2571 3130 2716 3200 quod
2749 3133 3005 3204 gentibus
3068 3137 3306 3206 populus

1729 3207 1906 3268 factus
1936 3222 2019 3269 est
2066 3217 2406 3275 scandalum.

1802 3324 1868 3380 V.
1897 3327 2056 3384 Minas
2077 3344 2269 3388 contra
2293 3335 2598 3392 Jerusalem
2619 3339 2686 3394 de
2706 3343 3000 3410 opprobrio
3022 3344 3286 3400 nuditatis
3308 3357 3325 3407 ;

1731 3427 1788 3474 et
1815 3426 2090 3489 quomodo
2115 3433 2324 3492 quaeret
2363 3427 2608 3482 Ecclesia
2657 3427 2960 3486 Jerusalem
2987 3434 3320 3489 consolatio-

1733 3526 1882 3578 nem,
1908 3511 2024 3582 ipsa
2053 3521 2236 3568 autem
2268 3515 2324 3570 in
2358 3517 2526 3571 variis
2569 3519 2728 3573 malis
2769 3521 3203 3591 conversabitur,
3237 3535 3319 3581 nt-

1732 3611 1862 3673 pote
1894 3618 2017 3674 qua:
2038 3605 2253 3661 laboret
2278 3607 2488 3662 malitia
2501 3609 2972 3681 inexsuperabili.
3207 3612 3212 3618 ’

1804 3789 2024 3845 Nahum
2055 3790 2328 3863 signiﬁcat
2379 3794 2682 3850 consolator
2718 3796 2834 3853 sive
2879 3801 3188 3858 consolatio.
3225 3803 3321 3860 Ille

1734 3889 1853 3934 erat
1873 3897 1940 3935 ex
1965 3881 2245 3948 Helcesin,
2272 3883 2414 3944 ultra
2462 3885 2770 3954 Timbarin,
2795 3890 2863 3945 de
2891 3893 3034 3948 tribu
3067 3893 3313 3954 Simeon.

1735 3969 1830 4026 Ille
1852 3983 1976 4042 post
2002 3973 2194 4029 Ionam
2226 3975 2444 4046 signum
2476 3979 2666 4046 edidit,
2703 3981 2914 4039 scilicet
2960 3987 3116 4054 aquis
3143 3988 3321 4046 dulci-

1735 4065 1840 4120 bus
1878 4074 1934 4120 et
1985 4066 2109 4137 igne
2159 4069 2456 4138 perituram
2489 4069 2724 4126 Niniven
2762 4092 2777 4140 ;
2828 4079 2973 4147 quod
3024 4089 3080 4134 et
3111 4083 3318 4138 evenit.

1737 4156 1916 4212 Lacus
1946 4158 2092 4213 enim
2119 4160 2214 4229 qui
2246 4176 2368 4216 eam
2400 4162 2774 4222 circumdabat
2797 4167 3061 4225 demersit
3097 4187 3219 4228 eam
3261 4175 3319 4231 in

1738 4255 1899 4303 terra:
1939 4257 2112 4313 motu,
2154 4259 2211 4304 et
2261 4250 2402 4323 ignis
2434 4268 2500 4307 ex
2535 4254 2756 4310 deserto
2809 4259 3150 4328 superiorem
3199 4264 3321 4333 ejus

1738 4350 1945 4409 partem
1975 4342 2296 4399 combussit.
2340 4344 2584 4402 Mortuus
2638 4358 2724 4405 est
2753 4359 2938 4406 autem
2973 4354 3028 4408 in
3074 4371 3229 4426 pace,
3265 4365 3321 4412 et

20 4418 129 4495 καὶ
159 4440 287 4510 πῦρ
317 4439 381 4492 ὲκ
410 4439 508 4508 τῆς
536 4441 743 4510 ἐρήμου
777 4439 1052 4513 [ἐπελθὸν]
1076 4441 1141 4494 τὸ
1170 4443 1503 4516 ὑψηλότερον
1521 4418 1605 4500 ἀύ

1792 4433 1990 4503 :pultus
2012 4443 2098 4491 est
2132 4435 2189 4490 in
2213 4446 2355 4494 terra
2382 4453 2502 4494 sua.

20 4533 132 4600 τῆς
183 4530 363 4601 μέρος
411 4529 760 4598 ὲνέπρησενυ
812 4530 1051 4584 ἀπέθανε
1097 4531 1142 4585 δ’
1175 4535 1234 4586 ἐν
1277 4535 1492 4608 εἰρήνῃ,
1544 4541 1640 4592 καὶ

19 4623 216 4692 ἐτάφη
249 4623 312 4672 ὲν
342 4621 406 4690 τῇ
440 4623 510 4690 γῇ
546 4620 732 4678 αὑτοῦ.

121 4769 495 4827 ΚΕΦΑΛΑΙΑ
534 4771 929 4826 ΑΜΒΑΚΟΥΜ
967 4774 1109 4828 ΤΟΥ
1147 4778 1541 4838 ΠΡΟΦΗΤΟΥ.

100 4894 180 4940 α’,
230 4882 608 4953 Σχετλιασμὸς
636 4882 731 4936 τοῦ
758 4887 1041 4956 προφήτου
1066 4891 1316 4961 περὶτῆς
1345 4894 1403 4945 ὲν
1427 4892 1505 4964 τῷ
1530 4894 1630 4967 βίῳ

19 4975 479 5046 πολιτευομένης
529 4973 775 5036 ἀδικίαςο
829 4977 922 5030 καὶ
979 4979 1287 5051 πρόῤῥησις
1343 4983 1438 5037 τοῦ
1488 4990 1631 5042 κατὰ

19 5067 287 5140 Χριστὸν
320 5068 644 5137 μυστηρίου,
673 5069 774 5127 ,καὶ
804 5071 903 5140 τῆς
929 5070 1039 5123 τῶν
1065 5073 1236 5127 ἐθνῶν
1262 5075 1508 5145 κλήσεως
1537 5083 1633 5134 καὶ

19 5155 392 5220 δυναστείας,
425 5159 481 5209 ὲν
580 5159 798 5222 παίζειν
827 5160 920 5214 καὶ
950 5159 1235 5232 καθαίρειν
1261 5164 1354 5216 τὸν
1386 5165 1632 5223 διάϐολον

23 5249 332 5323 μέλλουσι.

1999 4781 2256 4841 CAPITA
2283 4785 2604 4846 HABACUC
2644 4790 3062 4852 ΡΒΟΡΗΕΤΔΞ.

1807 4892 1849 4948 I.
1871 4893 2104 4960 Querela
2128 4900 2410 4968 propheta:
2441 4902 2509 4956 de
2542 4903 2827 4973 iniquitate
2856 4909 3235 4968 administrata
3263 4917 3318 4970 in

1737 4984 1848 5039 vita
1878 5003 1894 5042 :
1926 4995 1982 5042 et
2016 4988 2342 5043 vaticinium
2377 4993 2620 5062 mysterii
2647 4995 2702 5048 in
2734 4994 2974 5065 Christo,
2994 5009 3051 5055 et
3071 5003 3317 5074 gentium

1740 5078 2057 5146 vocationis,
2087 5090 2142 5136 et
2176 5081 2390 5138 virtutis
2443 5100 2548 5155 qua
2583 5085 2812 5144 illudent
2837 5090 3053 5148 diabolo
3082 5109 3318 5167 eumque

1738 5169 2040 5227 destruent.

1577 5441 1783 5497 NOTAS
1794 5481 1809 5495 .

105 5569 195 5640 (9)
235 5567 514 5644 Mofflﬂfif-
553 5563 795 5644 Μεραρί,
829 5563 1028 5644 Epiph.
1052 5572 1373 5644 etDoroth.
1420 5572 1557 5644 Ibid.
1589 5575 1626 5629 I.

25 5633 263 5710 κκῇινιι.
304 5635 396 5706 Τῷ
443 5633 671 5710 ᾏχαᾲὅ,
717 5633 903 5710 iidem.
931 5633 1090 5694 ’lbid.
1124 5643 1162 5695 Ι.
1214 5659 1436 5699 xxxvm.
1491 5643 1630 5710 Ταῖς

23 5705 379 5768 ἀσεϐείαις.
438 5705 610 5761 Αὐτοῦ
649 5705 743 5756 καὶ
773 5705 882 5759 τῶν
925 5710 1178 5779 πατέρων
1206 5713 1390 5778 αὑτοῦ,
1428 5705 1627 5786 Ερίρὴξ

1809 5579 1920 5666 (⁸9)
1963 5579 2686 5666 Πέρᾳνητῆςηῌηθεσᾳρῤ.
2740 5590 2962 5648 Doroth.
3000 5594 3180 5666 Πέραν
3222 5591 3316 5648 τοῦ

1749 5648 2016 5721 Ἰορδάνου
2043 5648 2133 5716 ἐις
2160 5648 2440 5728 θηγάδάρζ
2480 5648 2676 5730 Epiph.
2889 5685 2897 5694 -
