3764 6304
95 331 238 402 1361

1145 337 1227 397 1N
1264 336 1378 394 XII
1419 333 1858 395 PROPHE-TAS
1888 335 2246 396 MINORES.

3211 333 3348 402 i362

94 446 452 517 μυστηρίων,
482 445 625 516 ἅπερ
649 447 868 517 ἐναύτῇ
895 443 1044 516 παρὰ
1072 443 1310 515 Χριστοῦ
1340 443 1670 498 τετέλεσται⁴

1840 444 2039 513 ysteria
2062 459 2184 513 qua:
2217 444 2270 497 in
2293 443 2407 514 ipsa
2434 459 2465 499 a
2496 443 2714 501 Christo
2731 443 2970 515 perfecta
2991 454 3136 508 sunt,
3161 455 3215 500 et
3232 447 3348 517 glo-

91 539 192 590 καὶ
228 539 330 608 τῆς
380 538 561 608 δόξης,
585 539 651 607 ῆν
685 539 719 606 ή
764 533 1063 606 Ἐκκλησία
1092 534 1236 588 κατὰ
1268 535 1448 586 πᾶσαν
1475 533 1576 602 τὴν
1604 532 1683 582 ol-

91 629 418 699 κουμένην,
489 628 929 704 ἐπιστρεφούσης
985 627 1084 696 τῆς
1144 624 1521 698 αἰχμαλωσίας
1575 622 1711 690 τῶν,

88 717 471 787 ἁμαρτωλῶν,
499 717 684 789 ἔλαχε.

165 807 446 876 Σοφονίας
475 808 841 880 ἑρμηνεύεται
858 808 1082 862 σκοπιὰ
1098 807 1337 874 Κυρίου.
1356 801 1522 870 Οὗτος
1533 800 1600 876 ἦν
1615 806 1681 858 ἐκ

90 902 278 973 φυλῆς
308 903 567 972 Συμεὼν,
610 900 781 973 ἀγροῦ
827 897 1087 970 Σαϐαρὼθ
1140 899 1250 969 (12)
1297 897 1390 952 καὶ
1435 897 1678 967 προεφή-

88 1009 262 1046 τευσε
313 994 447 1065 περὶ
479 993 580 1062 τῆς
615 992 823 1054 πόλεως
874 989 1229 1062 Ἰερουσαλὴμ
1276 988 1370 1042 καὶ
1412 986 1542 1057 περὶ
1586 986 1680 1039 τὲ-

89 1082 226 1146 λους
258 1083 508 1154 Ἰσραὴλ,
527 1083 622 1137 καὶ
644 1083 1058 1152 ἀντεισαγωγῆς
1077 1081 1171 1135 καὶ
1191 1080 1464 1150 σωτηρίας
1488 1077 1678 1144 ἐθνῶν,

91 1175 194 1228 καὶ
251 1172 526 1246 αἰσχύνης
571 1173 805 1238 ἀσεϐῶν,
839 1174 934 1226 καὶ
965 1171 1122 1241 δόξης
1148 1171 1393 1235 δικαίων,
1438 1171 1531 1224 καὶ
1559 1184 1681 1239 κρι-

89 1264 194 1317 τοῦ
246 1264 437 1335 πάσης
483 1265 683 1336 πνοῆςο
718 1263 813 1318 καὶ
861 1261 1039 1318 θανὼν
1087 1263 1260 1333 ἐτάφη
1305 1264 1362 1316 ἐν
1405 1260 1482 1332 τῷ
1525 1258 1680 1330 ἀγρῷ

91 1374 294 1410 αυτοῦ.

332 1515 683 1571 ΚΕΦΑΛΑΙΑ
720 1514 1012 1568 ΑΓΓΑΙΟΥ
1065 1514 1453 1569 ΠΡΟΦΗΤΟΥ,

161 1634 236 1682 α’.
305 1627 710 1698 Ἀγανάκτησις
755 1627 892 1682 θεοῦ
939 1629 1083 1682 κατὰ
1128 1627 1236 1681 τῶν
1293 1625 1679 1697 ῥᾳθυμούντων

1785 539 1877 590 ria:
1897 552 2017 605 quae
2043 537 2302 592 Ecclesiae
2330 553 2428 607 per
2469 539 2784 594 universum
2824 540 3031 603 orbem,
3084 555 3347 596 conversa

1783 625 2047 683 servitute
2071 637 2440 696 peccatorum,
2471 626 2682 699 obtigit.

1851 808 2159 880 Sophonias
2189 809 2459 880 signiﬁcat
2493 808 2706 880 specula
2743 808 2971 866 Domini.
3005 808 3104 866 llic
3135 819 3252 866 erat
3279 827 3346 866 ex

1783 901 1926 956 tribu
1957 901 2200 965 Simeon,
2226 916 2256 955 e
2277 902 2496 971 regione
2513 901 2799 956 Sabaroth.
2836 901 2903 957 Et
2921 901 3247 959 vaticinatus
3265 912 3348 958 est

1781 993 1852 1048 de
1878 993 2015 1048 .urbe
2041 989 2366 1056 Jerusalem,
2396 1004 2451 1046 et
2481 992 2548 1047 de
2571 992 2677 1048 ﬁne
2699 992 2862 1048 Israel
2894 1001 2950 1047 et
2979 992 3047 1048 de
3074 992 3349 1048 sulioctio—

1781 1099 1850 1140 ne
1865 1083 2108 1153 gentium
2119 1083 2181 1143 in
2200 1083 2320 1154 ejus
2337 1082 2459 1138 loco
2471 1083 2974 1153 earutnquesalute,
2994 1092 3050 1137 et
3067 1085 3136 1139 de
3154 1082 3348 1138 conlu-

1782 1174 1936 1230 sione
1964 1173 2275 1243 impiorum,
2301 1182 2357 1227 et
2385 1173 2452 1227 de
2476 1173 2645 1243 gloria
2669 1173 2972 1242 iustorum,
2989 1181 3046 1228 et
3072 1173 3140 1228 de
3165 1172 3348 1243 judice

1780 1263 1960 1320 omnis
1991 1263 2236 1334 spiritus.
2289 1262 2356 1317 Et
2385 1271 2634 1318 mortuus
2661 1262 2908 1332 sepultus
2932 1262 3096 1318 estin
3129 1261 3348 1332 regione

1782 1372 1899 1412 sua.

2060 1514 2307 1571 carm
2366 1507 2599 1589 manu
2650 1513 3064 1572 PROPHETAE.

1852 1628 1892 1683 l.
1920 1629 2224 1700 Indignatio
2254 1628 2352 1682 Dei
2377 1636 2570 1681 contra
2608 1625 2930 1696 pigritantes
2959 1625 3012 1678 in
3037 1622 3350 1679 aediﬁcatio-

86 1721 191 1789 τῆς
223 1720 522 1790 οἰκοδομῆς
565 1718 660 1772 τοῦ
709 1720 873 1774 ναοῦ’
926 1719 1022 1773 καὶ
1069 1719 1318 1789 διήγησις
1363 1719 1465 1773 ὅσοι
1495 1718 1670 1782 αὐτοῖς

1837 1739 1854 1778 3
1883 1723 2092 1792 templi;
2109 1731 2168 1779 et
2197 1721 2490 1792 exponitur
2514 1721 2803 1792 quotipsis
2833 1720 2964 1778 inde
2986 1719 3125 1780 mala
3151 1728 3346 1790 supcr-

88 1812 352 1866 ἐντεῦθεν
384 1811 582 1885 συνέϐη
622 1813 788 1875 κακὰ,
821 1813 920 1866 ὅσα
946 1811 1002 1864 δὲ
1032 1813 1125 1866 καὶ
1155 1810 1516 1883 συμϐήσεται.

164 1903 234 1974 β’.
299 1902 551 1974 Ὑπακοῆ
597 1902 706 1956 τῶν
738 1902 1038 1973 ἀρχόντων,
1089 1900 1254 1957 αὑτοῦ
1286 1919 1346 1955 τε
1377 1901 1470 1954 τοῦ
1511 1899 1675 1955 λαοῦ’

91 1996 189 2050 καὶ
235 1995 452 2065 σπουδὴ
486 1993 714 2063 περὶτὰ
757 1995 894 2066 ἔργα
935 1994 1029 2047 τοῦ
1078 1994 1240 2049 ναοῦ·
1279 1993 1373 2048 καὶ
1406 1993 1500 2048 τοῦ
1544 1992 1678 2046 Θεοῦ

89 2087 234 2156 πρὸς
263 2087 469 2150 αὐτοὺς
497 2084 902 2155 προσφώνησις,
933 2083 1278 2154 ἀνδρίζεσθαι
1307 2084 1402 2138 καὶ
1431 2083 1676 2157 θαρρεῖν,

92 2178 187 2230 καὶ
216 2175 520 2245 γινώσκειν
554 2177 644 2233 τὸν
678 2175 811 2230 Θεὸν
842 2175 1006 2231 αὐτὸν
1052 2175 1280 2249 [αὐτῶν]
1319 2177 1681 2248 ἐφιστάμενον

91 2270 348 2342 ἔχοντας.

164 2367 237 2426 γ’.
274 2349 590 2431 Πρόρῥησις
626 2358 740 2414 τῶν
762 2361 854 2413 ἐπί¹
880 2358 974 2413 τοῦ
1001 2359 1235 2429 σταυροῦ
1259 2361 1372 2423 τοῖς
1398 2357 1680 2428 στοιχείοις

94 2452 580 2521 συμϐησομένώψ
619 2452 714 2504 καὶ
756 2453 856 2522 τῆς
903 2451 1012 2505 τῶν
1062 2450 1234 2506 ἐθνῶν
1281 2450 1676 2521 καρποφορίας,

96 2545 195 2595 καί.
226 2543 330 2613 τῆς
365 2542 459 2595 τοῦ
494 2543 616 2595 νέου
644 2541 774 2598 ναοῦ
799 2541 957 2611 δόξης
982 2558 997 2573 ·
1031 2542 1125 2595 καί.
1153 2543 1250 2611 τῆς
1282 2543 1525 2615 εἰρήνης,
1559 2544 1681 2613 ἥτις

106 2633 268 2703 παρὰ
298 2633 396 2686 τοῦ
445 2633 681 2703 Χριστοῦ
710 2633 797 2687 διὰ
844 2634 938 2688 τοῦ
985 2635 1220 2706 σταυροῦ
1256 2635 1367 2698 τοῖς
1399 2633 1682 2688 εὐσεϐοῦσι

103 2724 498 2795 κατώρθωται.

167 2821 235 2874 δ’.
297 2817 620 2888 Κατηγορία
674 2817 962 2881 Ἰουδαίων,
1009 2817 1086 2881 ὡς
1131 2815 1256 2872 οὔτε
1302 2816 1682 2888 ἀγιαζομένων

95 2913 218 2974 ταῖς
271 2909 508 2976 θυσίαις,
545 2911 634 2964 καὶ
665 2912 989 2982 μιαινόντων
1018 2913 1139 2974 ταῖς
1183 2911 1364 2966 αὐτῶν
1398 2913 1682 2984 πονηρίαις

95 3004 229 3064 τοὺς
273 3001 626 3070 ἐγγίζοντας·
669 3001 765 3056 καὶ
813 3003 1066 3074 διήγησις
1099 2997 1174 3058 ὧν
1222 3004 1376 3058 αύτοί
1400 3023 1457 3058 τε
1500 3005 1593 3060 καί¹
1633 3006 1681 3059 οἰ

1711 1790 1751 1844 Β
1781 1790 2014 1870 ventura
2048 1813 2180 1868 siut.

1848 1901 1917 1964 ll.
1947 1902 2240 1959 Obauditio
2257 1873 2566 1972 principum
2591 1916 2804 1958 necnon
2831 1913 2886 1957 et
2926 1901 3210 1971 ipsiusmet
3248 1917 3353 1971 ρο·-

1780 1995 1916 2066 puli,
1945 2003 2000 2050 et
2036 1996 2278 2052 studium
2311 2011 2449 2066 opus
2478 1995 2686 2065 templi.
2717 1996 2786 2052 Et
2828 1995 3081 2051 allocutio
3140 1995 3232 2050 Dei
3278 1995 3346 2048 ad

1780 2084 1926 2154 ipsos
1969 2094 2027 2139 ut
2047 2084 2423 2140 confortentur
2443 2094 2497 2140 et
2514 2085 2738 2140 viriliter
2763 2093 2990 2155 agantct
3011 2084 3186 2138 sciant
3222 2085 3346 2154 quia

1781 2177 2047 2238 Dominus
2085 2178 2202 2248 ipse
2229 2187 2336 2236 stat
2357 2194 2527 2248 super.
2551 2193 2647 2234 eos
2667 2177 3167 2248 quiperseverant.
3235 2221 3238 2224 .

1848 2362 1938 2418 Ill.
1973 2361 2260 2418 Praedictio
2297 2376 2486 2417 eorum
2516 2374 2638 2430 quae
2663 2359 2721 2414 in
2749 2372 2915 2414 cruce
2943 2357 3228 2414 elementis
3255 2373 3348 2412 su-

1783 2456 2184 2525 pervenient,et
2209 2452 2450 2524 gentium
2477 2450 2847 2516 fecunditatis,
2895 2457 2951 2503 et
2997 2447 3179 2519 gloriae
3221 2445 3347 2500 novi

1784 2546 1992 2616 templi,
2013 2553 2068 2600 et
2097 2544 2247 2620 pacis
2265 2559 2386 2615 quae
2412 2558 2444 2597 a
2470 2541 2688 2597 Christo
2718 2555 2815 2611 per
2836 2538 3064 2596 Crucem
3089 2537 3348 2609 disposita

1781 2649 1867 2695 est
1893 2638 2112 2694 sanctis.

1853 2826 1943 2881 IV.
1970 2822 2263 2880 Accusatio
2286 2819 2621 2885 Judaeorum,
2647 2818 2848 2890 quippe
2881 2816 2974 2887 qui
3008 2831 3117 2873 non
3145 2815 3349 2873 sancti»

1783 2919 1946 2976 ﬁcant
1975 2919 2275 2984 sacriﬁciis,
2313 2921 2408 2975 sed
2452 2918 2808 2988 coinquinant
2831 2917 2945 2972 suis
2975 2915 3198 2970 malitiis
3224 2929 3348 2984 pro—

1783 3011 1976 3065 ximos.
2002 3009 2067 3064 Et
2094 3010 2362 3081 cXpositio
2389 3025 2576 3070 eorum
2599 3008 2798 3078 quibus
2828 3015 2883 3061 et
2917 3005 3022 3076 ipsi
3049 3013 3104 3062 et
3140 3002 3350 3058 fructus

99 3097 310 3164 καρποὶ
344 3095 444 3164 τῆς
471 3094 572 3165 γῆς
600 3093 686 3149 διὰ
715 3094 812 3167 τὴν
841 3095 933 3148 τοῦ
965 3095 1094 3150 λαοῦ
1145 3098 1409 3168 πονηρίαν
1440 3097 1670 3168 ὑπέστη-

1842 3119 1941 3156 rra:
1960 3112 2183 3173 propter
2210 3102 2394 3172 populi
2429 3101 2687 3159 malitiam
2736 3099 3148 3178 subiacuenmt,
3175 3103 3232 3151 et
3258 3095 3346 3150 fu-

101 3205 242 3241 σαν’
283 3189 379 3240 καὶ
420 3189 518 3256 τῆς
563 3187 829 3258 ἐσομένης
870 3187 956 3240 διὰ
998 3189 1236 3259 Χριστοῦ
1267 3189 1516 3258 εὐλογίας
1542 3191 1677 3246 ὑπό-

99 3297 315 3350 σχεσις.

174 3377 235 3423 ε’.
296 3370 608 3442 Πρόῤῥησις
661 3371 1047 3442 καταστροφῆς
1092 3371 1382 3442 δαιμόνων,
1434 3376 1530 3430 καί
1570 3377 1679 3429 τῶν

102 3463 238 3534 παρ’
287 3461 515 3515 ἐκείνων
569 3461 1010 3531 ἐνεργουμένων·
1067 3464 1373 3534 προφητεία
1425 3465 1482 3519 δὲ
1529 3468 1679 3538 παρὰ

103 3552 219 3624 [ἵσ.
257 3570 319 3605 τε
353 3551 501 3624 περὶ]
532 3551 792 3622 Χριστοῦ,
824 3555 915 3606 καὶ
941 3553 1038 3624 τὴν
1066 3555 1378 3626 οἰκονομίαν
1405 3558 1507 3629 τῆς
1544 3577 1679 3632 σαρ-

103 3647 201 3710 κὸς
233 3646 332 3699 καὶ
367 3645 468 3713 τῆς
499 3644 749 3714 θεότητος
785 3645 1095 3716 μηνύουσω

189 3736 448 3803 Ἀγγαῖος
471 3733 757 3804 ἑορτάζων
779 3737 1161 3808 ἑρμηνεύεται.
1195 3732 1363 3806 Οὗτος
1386 3742 1577 3813 ἐτέχθη
1601 3747 1682 3809 εἰς

106 3823 429 3886 Βαϐυλῶνα.
465 3819 532 3895 ἦν
573 3825 728 3879 δὲέκ
760 3825 935 3897 φυλῆς
979 3829 1111 3882 Λευϊ
1133 3847 1148 3860 ι
1200 3830 1295 3884 καὶ
1331 3832 1410 3884 ἔτι
1443 3835 1561 3898 νέος
1605 3834 1682 3888 ὣν

104 3913 274 3986 ἦλθεν
301 3915 408 3968 ἀπὸ
433 3915 747 3980 Βαϐυλῶνος
778 3920 858 3980 εἰς
897 3919 1280 3992 Ἰερουσαλήμ·
1307 3924 1398 3976 καὶ
1431 3925 1684 3995 φανερῶς

107 4006 242 4075 περὶ
274 4007 377 4074 τῆς
425 4007 759 4078 ἐπιστροφῆς
813 4009 906 4062 τοῦ
950 4009 1080 4068 λαοῦ
1132 4000 1538 4084 προεφήτευσεο
1591 4017 1685 4069 καὶ

107 4091 248 4150 εἶδεν
278 4098 343 4150 ἐκ
375 4097 572 4167 μέρους
599 4098 696 4169 τὴν
729 4100 1017 4172 οἰκοδομὴν
1043 4102 1138 4156 τοῦ
1167 4103 1298 4160 ναοῦ
1317 4119 1332 4134 ⁸
1364 4105 1456 4158 καὶ
1479 4107 1684 4161 ἀποθα-

107 4187 217 4241 νὼν
257 4191 317 4242 ἐν
364 4188 742 4261 Ἰερουσαλὴμ,
766 4191 940 4262 ἐτάφη
995 4194 1223 4264 πλησίον
1260 4197 1431 4264 τάφον
1480 4195 1586 4249 τῶν
1612 4199 1685 4252 ἰε-

113 4283 252 4351 ρὲων
279 4281 526 4347 ἐνδόξως,
557 4283 630 4346 ὡς
663 4283 838 4348 αὐτοὶ,
872 4285 1059 4356 ἐπειδὴ
1099 4288 1192 4341 καὶ
1220 4287 1384 4352 αὐτὸς
1405 4284 1475 4359 ἦν
1499 4289 1568 4342 ἐκ
1601 4291 1686 4357 γέ-

108 4389 234 4434 νους
265 4372 561 4444 ἱερατικοῦ.

314 4529 658 4588 ΚΕΦΔΛΑῘΑ
695 4529 1040 4587 ΖΑΧΑΡιοΥ
1087 4516 1472 4590 ΠΡοψητογ.

180 4648 248 4694 α’.
314 4639 602 4710 Προτροπὴ
653 4640 790 4710 πρὸς
847 4641 1167 4712 μετάνοιαν,
1227 4645 1322 4698 καὶ
1378 4647 1681 4718 ὀνειδισμὸς

108 4731 203 4784 τοῦ
251 4730 540 4784 Ἰουδαϊκοῦ
585 4730 736 4795 λαοῦ,
784 4733 866 4785 ὅτι
903 4733 1012 4786 τῶν
1045 4734 1322 4805 προγόνων
1352 4736 1451 4807 τὴν
1482 4740 1680 4794 κακίαν

108 4821 412 4894 ἐζήλωσαν.

182 4893 248 4986 β’.
305 4910 619 4984 Προφητεία
649 4911 864 4983 δρόμων
887 4916 1281 4984 ἀποστολικῶν,
1315 4922 1408 4974 καὶ
1439 4909 1685 4976 ἀνανεὶὓει
1706 4893 1733 4912 ⁵

115 5021 269 5068 σεως,
309 5005 411 5068 ἕως
440 5004 540 5073 τῆς
577 5001 950 5077 Ἰερουσαλὴμ,
981 5009 1100 5079 ῆτις
1138 5010 1276 5080 αὐτὴ
1306 5011 1394 5065 διὰ
1424 5013 1525 5083 τῆς
1553 5011 1679 5078 νέας

111 5097 425 5164 γεγένηται.

180 5192 251 5258 γ’.
306 5187 541 5260 Αἴνιγμα
568 5189 674 5242 τῶν
705 5189 1071 5258 Εὐαγγελίων,
1099 5192 1158 5259 ἐξ
1189 5185 1264 5246 ῶν
1289 5193 1357 5248 τὰ
1377 5193 1503 5266 ἔθνη
1537 5196 1678 5250 κατὰ

113 5279 212 5344 τῆς
258 5276 605 5346 Ἰερουσαλὴμ
649 5281 748 5351 τῆς
780 5281 1013 5352 ἀρχαίας
1040 5282 1371 5354 ὠξύνθησαν.

183 5365 245 5418 δ’.
299 5367 627 5438 Προφητεία,
649 5372 748 5440 τὴν
775 5373 901 5426 νέαν
943 5373 1291 5447 Ἰερουσαλὴμ
1321 5378 1409 5432 διὰ
1439 5379 1674 5451 Χριστοῦ

1707 4456 1776 4518 D.

1783 3205 1915 3250 tura:
1955 3211 2056 3266 per
2076 3194 2352 3250 Christum
2384 3192 2778 3250 benedictionis
2799 3189 3108 3260 promissio.

1851 3378 1917 3433 ν.
1940 3379 2226 3441 Pracdietio
2263 3380 2438 3439 ruinae
2459 3377 2853 3436 daemoniorum
2881 3383 2939 3430 et
2961 3373 3031 3427 ab
3062 3370 3195 3442 ipsis
3217 3383 3346 3439 pos—

1779 3487 2080 3536 sessorum,
2114 3482 2170 3526 et
2206 3470 2492 3541 prophetia
2525 3470 2592 3526 de
2606 3468 2848 3532 Christo,
2889 3463 3201 3536 signiﬁcatus
3233 3462 3347 3519 disc

1780 3565 2108 3638 positionem
2156 3562 2335 3619 carnis
2368 3570 2420 3616 et
2443 3559 2756 3616 divinitatis.

1851 3747 2078 3817 Aggaeus
2115 3740 2384 3814 signiﬁcat
2409 3738 2684 3809 festinans.
2714 3735 2816 3791 Hie
2843 3742 3004 3792 natus
3027 3740 3112 3788 est
3145 3730 3198 3786 in
3245 3729 3348 3792 Ba-

1783 3838 2000 3908 bylone,
2027 3846 2082 3891 et
2121 3841 2241 3889 erat
2261 3832 2329 3888 de
2370 3831 2516 3886 tribu
2556 3828 2704 3883 Levi.
2737 3828 2804 3883 Et
2834 3841 2968 3898 puer
2997 3840 3123 3882 cum
3172 3823 3349 3878 adhuc

1784 3935 1948 3991 esset,
2003 3925 2156 3980 venit
2198 3939 2267 3978 ex
2313 3922 2583 3992 Babylone
2618 3919 2673 3973 in
2712 3917 3030 3981 Jerusalem,
3064 3924 3121 3972 et
3172 3916 3348 3985 palam

1783 4015 2134 4089 prophetavit
2165 4015 2234 4069 de
2268 4011 2626 4070 conversione
2654 4009 2838 4080 populi
2866 4017 2922 4064 et
2947 4007 3084 4062 vidit
3117 4006 3172 4060 in
3196 4015 3348 4074 parte

1785 4109 2202 4166 aediﬁcationem
2229 4105 2440 4175 templi.
2468 4104 2537 4160 Et
2556 4111 2803 4158 mortuus
2826 4101 2880 4162 in
2913 4098 3234 4163 Jerusalem,
3256 4112 3350 4154 se-

1787 4202 1971 4272 pultus
1998 4210 2082 4255 est
2103 4213 2272 4269 prope
2293 4196 2623 4266 sepulturam
2649 4193 3010 4256 sacerdotum,
3033 4191 3224 4246 eodem
3251 4189 3348 4244 ho-

1788 4305 1924 4345 nore
1957 4286 2272 4360 quoetipsi
2303 4305 2314 4338 :
2343 4293 2532 4356 utpote
2579 4283 2674 4354 qui
2705 4290 2824 4338 erat
2850 4297 2914 4337 ex
2944 4296 3144 4352 genere
3169 4295 3347 4337 sacer-

1784 4381 1975 4438 dotali.

2026 4531 2278 4614 CAPITA
2300 4526 2672 4589 ZACHARIA‘J
2695 4527 3100 4587 ΡΒΟΡΠΕΤᾹΞ.

1855 4647 1896 4702 l.
1936 4647 2258 4704 Exhortatio
2284 4646 2354 4701 ad
2387 4645 2786 4716 pmniteutiam,
2815 4651 2872 4700 et
2907 4646 3212 4716 objurgatio
3250 4661 3374 4715 por

1789 4738 1900 4807 puli
1934 4737 2167 4802 Judaici,
2199 4751 2266 4792 eo
2287 4736 2432 4807 quod
2455 4745 2672 4804 patrum
2695 4749 2920 4790 suorum
2951 4736 3207 4792 malitiam
3239 4735 3357 4805 imi-

1789 4825 1880 4879 tati
1921 4833 2069 4880 sunt.
2834 4871 2836 4874 .

1849 4916 1916 4975 II,
1951 4913 2284 4970 Vaticinium
2330 4927 2588 4967 cursuum
2628 4909 2998 4981 apostolorum
3032 4921 3086 4966 et
3120 4927 3348 4966 renova-

1788 5011 1951 5065 tionis
1988 5007 2283 5065 Jerusalem
2311 5020 2434 5078 quae
2457 5004 2576 5072 ipsa
2597 5002 2807 5058 novalis
2827 5001 2969 5060 facta
2998 5011 3099 5058 est.

1857 5191 1947 5250 lll.
1982 5191 2246 5248 Indicium
2275 5190 2595 5247 nuntiorum
2634 5205 2700 5247 ex
2730 5189 2926 5262 quibus
2943 5169 3131 5262 gentes
3156 5199 3342 5245 contra

1783 5288 2060 5357 antiquam
2089 5282 2391 5340 Jerusalem
2423 5282 2650 5338 infensa:
2673 5291 2820 5339 sunt.

1855 5376 1940 5431 IV.
1966 5375 2292 5431 Vaticinium
2331 5389 2528 5429 novam
2565 5372 2862 5430 Jerusalem
2886 5388 2918 5429 a
2952 5374 3170 5429 Christo
3216 5374 3336 5428 fun-

114 5455 518 5526 κτισθήσεσθαι,
549 5457 641 5510 καὶ
675 5459 877 5528 πλῆθος
921 5464 1208 5519 οἰκούντων
1241 5467 1381 5531 ἕξειν
1401 5486 1414 5500 ο
1449 5470 1542 5522 καὶ
1573 5470 1666 5522 τοῦ

1837 5476 1957 5524 itam
1989 5467 2078 5535 iri,
2109 5476 2166 5522 et
2209 5463 2612 5522 multitudinem
2645 5463 3021 5522 habitantium.
3052 5463 3154 5538 ipsi
3187 5463 3332 5519 tutu--

1640 5617 1874 5672 NOTAE.

189 5742 622 5815 (12))?a6updid.
684 5743 996 5814 Σαραδαοὰ,
1042 5747 1234 5819 Epiph.
1295 5752 1668 5818 Sabarlhal/m,
1698 5753 1923 5808 Dorotlt.
