3764 6304
19 335 183 399 1365

1119 343 1201 401 IN
1229 343 1346 402 XII
1383 340 1826 402 PROPHETAS
1865 344 2225 418 MINORES.

3184 339 3320 405 1366

19 448 285 516 πλάνης,
325 448 431 504 καὶ
461 449 569 503 τῶν
605 451 921 522 μυστηρίων
949 451 1048 523 τὴν
1075 452 1404 524 φανέρωσιν,
1438 451 1532 506 καὶ
1551 453 1629 522 τὴτ

1813 457 2132 525 ysteriorum
2190 455 2728 515 manifestationem.
2799 457 2854 512 in
2906 454 3319 511 conversionem

19 540 412 612 ἐπιστροφὴν
431 541 541 595 τῶν
566 542 1003 615 πεπλανημένων
1030 546 1397 616 χρησάμενος.

94 636 225 684 κοτ’.
287 632 424 684 Ὀτι
461 634 613 703 παρὰ
656 634 791 687 Θεοῦ
827 637 922 689 καὶ
968 638 1070 707 τὴν
1118 637 1279 707 χάριν
1309 640 1392 692 δεῖ
1424 641 1519 694 καὶ
1555 640 1647 694 τὸν

19 721 206 789 νόμον
251 723 707 794 προσδέχεσθαιε
742 726 836 779 καὶ
887 727 1107 799 διαὸολὴ
1150 722 1266 784 τῶν
1318 731 1647 802 Ἑλληνικῶν

19 811 343 879 μάντεων,
403 814 503 866 καὶ
553 814 752 885 ἀπειλὴ
805 816 914 870 τῶν
971 820 1279 873 Ἰουδαϊκῶν
1336 821 1644 891 ποιμένων·

19 905 124 957 καὶ
160 907 503 978 προφητεία
525 909 625 979 τῆς
652 910 742 963 διὰ
760 910 868 963 τῶν
896 912 1211 965 ἀποστόλων
1241 914 1505 984 ἐσομένης
1534 915 1649 965 ἐπιυ

19 999 304 1068 στροφῆς
330 1000 423 1053 διὰ
453 999 829 1071 βαπτίσματος
858 1004 950 1055 καὶ
990 1004 1276 1071 μετανοίας
1299 1006 1365 1058 ὲκ
1393 1006 1491 1074 τῆς
1517 1005 1646 1058 πλά-

19 1104 132 1157 νης
165 1091 302 1154 τοῖς
340 1090 547 1144 ἔθνεσι.

102 1203 222 1272 κβ’.
282 1206 607 1276 Πρὸρρησις
660 1207 866 1261 εἰσόδου
902 1207 1039 1277 πρδς
1084 1207 1151 1260 τὰ
1187 1206 1315 1279 ἔθνη
1348 1208 1442 1261 τοῦ
1480 1208 1648 1262 Πνεῦ-

24 1306 222 1357 ματος
247 1306 263 1320 ·
305 1292 409 1343 καὶ
440 1291 674 1346 είδώλων
709 1293 966 1357 πτώσεως
987 1310 999 1323 °
1023 1296 1117 1348 καὶ
1147 1294 1347 1367 θρήνου
1376 1295 1483 1350 τῶν
1519 1297 1648 1363 Ἰου-

19 1379 258 1432 δαϊκῶν
296 1383 599 1451 ποιμένων,
632 1384 718 1453 ἐφ’
750 1380 829 1447 οἷς
863 1388 1219 1455 καταργεῖται
1266 1386 1334 1439 τοά
1382 1388 1513 1457 παρ’
1549 1388 1647 1440 αὑ-

20 1471 151 1533 τοῖς
188 1471 509 1542 καθάρσια.

106 1558 206 1627 κγ’
213 1600 230 1613 .
287 1563 613 1632 Προφήτεία
645 1565 773 1635 περὶ
803 1564 1060 1634 Χριστοῦ,
1093 1567 1401 1636 ποιμαίνειν
1430 1567 1647 1641 εὐδοκία

1749 560 1936 600 eorum
1965 547 2055 617 qui
2088 555 2427 602 erraverant.

1819 636 1959 691 XXI.
1982 638 2138 704 Quod
2169 654 2197 693 a
2226 640 2336 694 Deo
2370 650 2483 695 tum
2506 640 2611 704 lex,
2640 649 2753 694 tum
2782 640 2974 711 gratia,
2995 642 3317 708 aecrpienua

1749 728 1837 782 sit.
1858 729 1922 783 Et
1949 730 2210 785 detractio
2245 732 2528 801 gentilium
2552 739 2756 796 vatum,
2790 743 2845 785 et
2873 733 3033 785 mina:
3070 731 3326 805 Iudaico-

1749 831 1870 869 rum
1901 825 2206 886 pastorum.
2232 819 2564 873 Vaticinium
2606 819 2980 873 conversionis
3019 836 3084 873 ex
3136 834 3322 873 errore

1750 917 1847 970 per
1862 907 2136 972 apostolos
2158 906 2411 976 gentibus
2438 906 2634 960 futura:
2658 921 2756 975 per
2778 905 3106 975 baptismum
3138 913 3192 959 et
3210 920 3323 974 poe-

1750 993 2058 1050 nitentiam.

1820 1197 1984 1251 XXII.
2011 1196 2298 1256 Praedictio
2318 1200 2671 1271 ingressionis
2698 1172 2933 1270 Spiritus
2960 1199 3015 1254 in
3041 1207 3250 1270 gentes,
3271 1205 3327 1278 et

1748 1289 1919 1343 ruinre
1956 1289 2244 1356 idolorum,
2278 1300 2335 1344 et
2366 1291 2776 1345 lamentationis
2816 1289 3170 1345 Judaicorum
3228 1304 3323 1359 pa-

1747 1384 1975 1440 storum,
2005 1392 2069 1430 eo
2088 1378 2229 1446 quod
2248 1387 2425 1432 cessat
2451 1377 2593 1447 apud
2618 1376 2765 1446 ipsos
2779 1376 2958 1431 hostia
2979 1374 3322 1445 expiationis.

1817 1557 2012 1614 XXIII.
2037 1556 2364 1613 Vaticinium
2394 1559 2463 1613 de
2492 1559 2733 1623 Christo,
2762 1561 2855 1630 qui
2876 1575 2943 1615 ex
2963 1560 3105 1635 bona
3131 1561 3325 1615 volun-

22 1651 152 1709 τοῦ
186 1653 428 1721 Πατρδς
480 1654 548 1708 τὰ
591 1654 780 1725 πρώην
830 1656 1147 1711 ἀπολωλότα
1190 1658 1493 1728 μέλλοντος,
1550 1659 1629 1713 κα¹

1813 1658 1861 1703 te
1896 1647 2073 1703 Patris
2106 1665 2329 1717 pascere
2358 1649 2523 1704 debet
2541 1664 2603 1703 ea
2624 1665 2747 1719 quae
2776 1658 2904 1705 ante
2929 1649 3224 1719 perierant.
3256 1650 3326 1704 Et

24 1742 248 1813 ἀπειλὴ
286 1744 401 1814 τῆς
428 1744 538 1798 τῶν
575 1746 840 1800 Ἰουδαίων
861 1748 1199 1819 πορθήσεως,
1226 1751 1447 1819 Καῖάφα
1461 1767 1521 1803 τε
1551 1752 1629 1805 κα

1813 1735 1914 1789 inae
1941 1736 2266 1804 direptionis
2306 1734 2638 1800 Iudaeorum,
2670 1746 2731 1791 et
2773 1736 3063 1792 ablationis
3102 1736 3326 1807 Caiphae

20 1836 291 1889 Πιλάτου
331 1838 434 1891 καὶ
473 1836 714 1908 Ἡρώδου
781 1838 1075 1910 ἐξάρσεως,
1142 1841 1309 1913 νόμου
1352 1858 1412 1895 τε
1441 1842 1629 1911 ἐγγρά⁴

1859 1823 2108 1890 Herodis,
2149 1825 2283 1901 legis
2346 1835 2459 1878 tum
2514 1825 2730 1894 scripta:
2775 1834 2890 1883 tum
2957 1824 3224 1882 naturalis
3270 1825 3324 1879 iu

24 1943 141 1995 φου
182 1927 287 1980 καὶ
332 1927 573 1995 φυσικοῦ
623 1929 965 1999 μεταθέσεως
1015 1933 1094 1995 είς
1142 1932 1338 1986 αὐτόν’
1383 1933 1629 2004 ἑκατέροι

1814 1916 2024 1971 irislum
2063 1916 2594 1983 transformationis;
2629 1917 2918 1988 utriusque
2946 1917 3294 1974 instauratio.

26 2014 381 2084 διόρθωσιν.

113 2123 226 2181 κδ’.
287 2126 613 2196 Προφητεία
642 2127 742 2198 τῆς
771 2129 1034 2200 ἐσομένης
1065 2130 1124 2184 ἐν
1155 2130 1269 2194 τοῖς
1298 2131 1475 2187 ἔθνεσι
1506 2130 1647 2201 γνώ-

39 2233 217 2284 σεως,
274 2218 385 2273 καὶ
433 2219 531 2288 τῆς
577 2219 671 2287 τρῦ
718 2220 923 2291 Κυρίου
972 2223 1308 2290 φαντασίας·
1360 2223 1466 2278 xui.»
1502 2224 1649 2289 ὅπως

36 2309 228 2380 αὐτῆς
271 2310 382 2380 μὲν
422 2308 681 2379 ἀδόκιμον
727 2308 943 2380 ἐδείχθη
987 2311 1048 2363 τὸ
1094 2311 1378 2382 ἀργύριον,
1428 2314 1461 2384 ή
1511 2313 1651 2385 πρὸς

36 2402 140 2454 τὸν
179 2401 325 2455 λαὸν
353 2400 410 2453 δὲ
443 2401 551 2453 τῶν
597 2400 865 2455 Ἰουδαίων
891 2401 1121 2474 διαθήκη
1159 2406 1483 2475 κατηγορία.

120 2498 237 2545 κε’.
290 2491 631 2560 Προφήτεία,
664 2491 717 2544 τί
749 2493 846 2563 μὲν
874 2495 902 2546 ό
936 2493 1300 2565 ’Δντίχριστος
1332 2498 1572 2568 ποιήσει,
1600 2498 1651 2551 τί

42 2580 107 2635 δὲ
149 2581 253 2634 καὶ
291 2580 481 2651 μέλλει
511 2581 818 2635 πείσεσθαι.

125 2701 251 2759 κςκ
307 2694 615 2766 Πρόρρησις
644 2694 752 2749 τῶν
783 2696 1085 2766 μελλόντων
1104 2701 1170 2770 τῇ
1206 2699 1564 2773 Ἰερουσαλὴμ
1596 2705 1653 2756 ἐν

48 2789 121 2857 τῇ
180 2785 460 2856 πορθήσει
513 2786 894 2857 συμϐήσεσθαι
944 2791 1037 2842 καὶ
1075 2790 1186 2844 τῶν
1237 2791 1513 2862 ἐσομένων
1566 2794 1655 2848 διὰ

54 2876 373 2947 μετανοίας
418 2877 748 2945 σωζομένοις
779 2878 1019 2947 ἀγαθῶν,
1053 2881 1203 2945 ὅπως
1249 2883 1405 2936 αὐτοὶ
1446 2885 1544 2954 μὲν
1573 2886 1653 2948 είς

52 2972 161 3040 τὴν
194 2968 362 3033 τάξιν
388 2969 498 3022 τῶν
537 2969 760 3032 δικαίων
792 2969 1174 3042 ἀναϐήσονται,
1210 2975 1292 3037 εἰς
1320 2974 1377 3029 δέ
1415 2976 1515 3044 τὴν
1546 2978 1656 3030 τῶν

55 3060 321 3128 ἀγγέλων
352 3061 401 3112 οἱ
439 3058 656 3113 δίκαιοι.

131 3152 242 3216 κζ’.
302 3151 613 3221 Προφητεία
640 3153 914 3219 ἀπωλείας
940 3155 1229 3227 δαιμόνων,
1260 3159 1471 3230 καὶτῆς
1496 3159 1646 3230 ἰσχύ-

62 3261 204 3307 σεως
235 3243 343 3313 τῆς
375 3244 470 3296 ἐπὶ
497 3245 625 3308 τοὺς
658 3246 898 3309 ’πιστοὺς
926 3247 1217 3318 γινομένης
1253 3248 1351 3303 τοῦ
1399 3250 1651 3322 Πνεῦμα-

57 3353 155 3399 τος
175 3350 190 3365 °
223 3336 325 3389 καὶ
367 3333 476 3388 τῶν
515 3335 789 3405 ἐσομένων
815 3338 874 3391 ἐν
897 3336 976 3407 τῷ
1018 3339 1196 3409 καιρῷ
1219 3340 1317 3411 τῆς
1347 3341 1657 3407 συντελείας

60 3428 182 3490 τοῖς
229 3425 519 3487 Ἰουδαίοις,
536 3426 759 3480 κακῶν·
789 3425 1026 3481 εἰδώλων
1050 3444 1109 3481 τε
1148 3430 1365 3483 καὶτοῦ
1408 3431 1657 3502 πνεῦμα⁹

62 3535 160 3582 τος
192 3519 299 3588 τῆς
333 3516 542 3587 πλάνης
587 3516 985 3590 ὀλοθρεύσεωςο
1024 3519 1119 3572 καὶ
1169 3516 1261 3574 οἶα
1304 3520 1384 3592 τῷ
1432 3523 1660 3593 Χριστῷ

64 3608 335 3680 ἐξαίρετα
363 3607 761 3680 προφητεύοντι
785 3610 938 3681 παρά
962 3610 1058 3665 τοῦ
1084 3610 1218 3666 λαοῦ
1245 3611 1355 3667 τῶν
1387 3612 1657 3668 Ἰουδαίων

67 3703 390 3772 γενήσεται.
1574 3692 1577 3694 ’

141 3798 258 3863 κη’.
314 3791 637 3864 Προφητεία,
655 3791 751 3846 τοῦ
783 3794 1118 3849 Δεσποτικοῦ
1150 3795 1405 3868 σταυροῦ,
1437 3796 1532 3851 καὶ
1558 3798 1658 3869 τῆς

69 3882 363 3953 ἀρνήσεως
395 3880 491 3935 τοῦ
521 3881 752 3953 Πέτρου,
796 3884 892 3938 καὶ
929 3884 1029 3954 τῆς
1053 3885 1164 3939 τῶν
1197 3886 1513 3943 ἀποστόλων
1539 3886 1658 3941 δια-

72 3972 313 4042 σπορᾶς,
360 3972 455 4024 καὶ⁸
501 3972 598 4040 τῆς
645 3972 756 4028 τῶν
813 3973 1081 4030 Ἰουδαίων
1124 3975 1514 4046 ὀλοθρεύσεως,
1565 3978 1660 4031 καὶ

72 4062 442 4134 προσλήψεως
465 4063 573 4119 τῶν
604 4066 664 4118 ἐν
691 4065 875 4129 αὐτοῖς
904 4066 1189 4121 σωθέντων
1224 4068 1293 4120 δι’
1322 4067 1658 4139 ἐξομολογή-

74 4169 239 4216 σεως,
271 4153 370 4206 καὶ
390 4152 627 4224 Χριστοῦ
657 4156 1012 4226 στρατηγίας,
1041 4155 1109 4225 ἣν
1138 4156 1275 4227 πρὸς
1299 4157 1426 4219 τοὺς
1466 4157 1658 4228 δαίμο-

73 4263 174 4309 νας
208 4246 350 4317 ὑπὲρ
372 4248 471 4316 τῆς
497 4247 772 4317 σωτηρίας
800 4249 917 4301 τῶν,
939 4247 1108 4301 ἐθνῶν
1138 4248 1560 4318 παρατάττεται.

145 4335 253 4393 κθ’.
296 4336 611 4407 Πρόρρησις
651 4338 749 4408 τῆς
790 4337 882 4390 τοῦ
934 4337 1171 4409 Χριστοῦ
1217 4340 1559 4411 ἀναλήψεως,
1599 4342 1659 4407 ἐξ

1820 2119 2008 2175 XXIV.
2042 2117 2370 2174 Vaticinium
2397 2118 2593 2173 futura:
2613 2118 2667 2171 in
2701 2115 2956 2187 gentibus
2978 2115 3327 2187 cognitionis.

1750 2222 1804 2268 et
1826 2211 2185 2283 apparitionis
2206 2210 2428 2267 Domini
2466 2227 2483 2277 ;
2510 2218 2567 2264 et
2594 2208 2869 2267 accusatio
2892 2208 3166 2278 quomodo
3204 2210 3327 2265 nul—

1752 2304 1858 2359 lius
1906 2303 2062 2373 pretii
2096 2303 2271 2358 visum
2314 2310 2401 2358 est
2441 2310 2726 2375 argentum
2762 2300 2906 2371 ejus,
2939 2299 3153 2375 scilicet
3201 2316 3327 2357 cum

1750 2394 1953 2466 popqu
1981 2392 2293 2465 Iudaeorum
2324 2393 2523 2448 fmdus.

1822 2482 1988 2539 XXV.
2018 2484 2347 2539 Vaticinium
2374 2471 2506 2555 quid
2544 2484 2911 2540 Antichristus
2938 2483 3184 2538 facturus
3233 2479 3326 2546 sit,

1752 2576 1887 2648 quid
1927 2570 2057 2633 vero
2089 2592 2373 2647 passurus.

1827 2687 2025 2747 XXVI.
2047 2688 2331 2746 Praedictio
2358 2704 2547 2745 eorum
2564 2705 2685 2760 quae
2704 2688 3005 2745 Jerusalem
3032 2686 3086 2740 in
3115 2686 3330 2741 destru-

1755 2782 1939 2839 ctione
1980 2789 2386 2851 superventura
2425 2788 2576 2846 sunt,
2606 2788 2662 2836 et
2698 2782 2970 2836 bonorum
3019 2778 3328 2833 futurorum

1758 2875 1849 2930 his
1870 2874 1963 2944 qui
2006 2889 2105 2944 per
2139 2873 2519 2944 paenitentiam
2549 2874 2683 2929 salvi
2714 2873 2956 2929 faciendi
2994 2879 3156 2936 sunt;
3187 2883 3326 2940 quo-

1760 2967 1920 3022 modo
1949 2965 2004 3019 hi
2026 2965 2247 3035 quidem
2279 2965 2336 3019 in
2367 2965 2618 3021 ordinem
2644 2965 2941 3035 jnstorum,
2977 2962 3112 3034 justi
3145 2969 3329 3015 autem

1762 3057 1816 3110 in
1851 3057 2100 3112 ordinem
2124 3058 2439 3128 angelorum
2478 3058 2797 3113 ascendent.

1832 3146 2047 3202 XXVII.
2081 3147 2415 3202 Vaticinium
2442 3147 2768 3218 perditionis
2789 3148 3121 3210 daemonum,
3140 3154 3196 3202 et
3212 3146 3331 3201 for-

1761 3240 2010 3295 titudinis
2036 3256 2134 3309 per
2160 3239 2424 3309 Spiritum
2463 3238 2717 3295 ﬁdelibus
2736 3237 2954 3304 futurae,
2988 3225 3330 3293 etmalorum

1756 3331 1957 3388 Iudaeis
1984 3332 2290 3387 futurorum
2333 3331 2387 3385 in
2410 3338 2656 3400 tempore
2718 3327 3226 3391 consummationis,
3276 3335 3333 3381 et

1756 3425 1935 3481 ruina:
1973 3425 2244 3480 idolorum
2303 3430 2360 3478 et
2401 3421 2638 3491 Spiritus
2682 3419 2903 3486 erroris,
2966 3427 3024 3473 et
3081 3432 3331 3486 quaenam

1755 3502 1978 3574 Christo
2030 3516 2232 3572 eximia
2284 3512 2630 3586 prophetanti
2680 3527 2710 3565 a
2758 3513 2960 3582 populo
3017 3510 3330 3567 Iudaeorum

1756 3611 1911 3666 fient.
1950 3638 1953 3641 -

1829 3789 2073 3847 XXVIII.
2093 3789 2426 3847 Vaticinium
2458 3790 2639 3847 erucis
2662 3790 2985 3857 Dominicaa,
3011 3803 3067 3849 et
3086 3795 3334 3866 negatio-

1757 3881 1843 3937 nis
1870 3881 2042 3947 Petri,
2078 3890 2143 3935 et-
2163 3877 2519 3950 dispersionis
2547 3880 2940 3950 apostolorum,
2984 3891 3042 3938 et
3068 3882 3331 3953 perditio-

1756 3973 1844 4027 nis
1866 3971 2213 4035 .ludzeorum,
2255 3979 2310 4026 et
2340 3970 2676 4040 acceptionis
2705 3986 2894 4028 eorum
2947 3974 3041 4043 qui
3093 3988 3158 4028 ex
3199 3974 3332 4046 ipsis

1754 4078 1856 4133 per
1908 4060 2306 4118 confessionem
2346 4059 2538 4115 salvati
2585 4060 2807 4126 fuerint,
2875 4069 2931 4116 et
2973 4062 3333 4133 expeditionis

1758 4152 1963 4209 Christi
1990 4167 2151 4222 quam
2175 4163 2365 4206 contra
2403 4151 2681 4206 daemones
2712 4161 2937 4223 propter
2969 4154 3212 4225 gentium
3239 4170 3327 4210 sa-

1756 4247 1925 4301 lutem
1959 4244 2220 4314 disponit.
2734 4256 2743 4261 ‘
3222 4260 3229 4263 ·

1829 4336 2023 4392 XXIX.
2047 4336 2334 4393 Praedictio
2384 4336 2794 4406 Assumptiouis
2841 4336 3067 4403 Christi,
3125 4352 3191 4393 ex
3224 4352 3330 4407 qua

75 4422 145 4496 ἧς
171 4426 234 4479 τὸ
267 4430 563 4498 μυστήριον
592 4428 672 4491 είς
709 4428 807 4483 ὅλα
856 4430 1136 4500 μερίζεται
1188 4430 1290 4499 τῆς
1330 4432 1629 4503 οἰκουμένη.

1814 4429 2074 4501 ysterium
2122 4428 2466 4483 distribuitur
2496 4428 2551 4482 in
2598 4429 2850 4483 universa
2907 4428 3054 4485 orbis
3093 4428 3329 4496 climata,

77 4516 149 4570 τὰ
166 4517 414 4587 κλίματα
433 4534 447 4549 ·
474 4522 570 4573 καὶ
594 4522 905 4591 προφητεία
937 4520 1047 4575 τῶν
1072 4522 1346 4591 ἐσομένων
1373 4524 1432 4575 ἐν
1459 4525 1653 4595 ἐκείνῳ

76 4604 157 4676 τῷ
184 4607 364 4677 καιρῷ
393 4608 710 4679 θαυμάτων,
743 4613 837 4665 καὶ
879 4613 978 4681 τῆς
1009 4611 1127 4666 τῶν
1150 4612 1320 4666 ἐθνῶν
1353 4614 1652 4683 ὑποταγῆς,

77 4700 174 4752 καὶ
225 4699 581 4770 Ἰερουσαλὴμ
606 4701 705 4771 τῆς
747 4702 874 4765 νέας
907 4705 1301 4774 κατοικήσεως.

148 4807 217 4864 λ’.
274 4809 501 4878 Ἀπειλὴ
533 4812 676 4865 κατὰ
706 4811 815 4865 τῶν
862 4813 937 4884 μὴ
966 4815 1409 4886 ἐπιστρεψάντων
1442 4817 1614 4871 ἐθνῶν
1636 4832 1651 4847 ’

80 4899 176 4953 καὶ
223 4899 477 4972 διήγησις
513 4901 608 4954 τοῦ
666 4901 898 4956 πλούτου
948 4905 1058 4958 τῶν
1104 4906 1650 4979 ἐξομολογουμένων·

82 4991 178 5043 καὶ
206 4992 481 5062 ἀπόφασις
508 4994 651 5048 κατὰ
679 4993 789 5048 τῶν
817 4981 1180 5068 ἁμαρτωλῶν,
1207 4999 1284 5062 ὡς
1314 5001 1654 5069 πεισομένων

84 5083 196 5145 τοῖς
228 5084 480 5139 ἀσεϐέσιν
510 5087 691 5153 ὃμοια.

155 5171 254 5225 λα’.
308 5174 623 5245 Προφήτεία
656 5177 967 5247 ἀφανισμοῦ
1001 5178 1216 5250 πλάνης
1241 5179 1509 5253 ἐσομένης
1542 5184 1654 5247 τοῖς

89 5260 297 5316 ἔθνεσι·
334 5265 431 5318 καὶ
475 5267 781 5339 πρόρρησις
815 5270 914 5339 τῆς
962 5272 1021 5324 ἐν
1050 5272 1235 5335 αὐτοῖς
1280 5274 1653 5343 φυτευομένης

88 5355 341 5418 πίστεως,
379 5356 445 5410 δι’
478 5358 545 5427 ἢν
593 5358 693 5410 οὐκ
737 5360 818 5413 ἔτι
860 5361 959 5432 τήν
997 5361 1307 5434 διαϐολικὴν
1352 5364 1651 5418 ἀπελασίαν

88 5442 402 5501 δεδοίκασιν.

159 5533 253 5605 λβ’.
317 5535 539 5616 Ἀπειλὴ
571 5538 713 5591 κατὰ
739 5538 848 5590 τῶν
876 5540 951 5610 μὴ
976 5544 1433 5613 παραδαλλόντων
1458 5547 1525 5615 τῇ
1554 5546 1650 5618 νέᾳ

64 5674 69 5678 .
103 5624 469 5700 Ἰερουσαλὴμ,
497 5627 641 5683 ὥστε
672 5628 741 5683 τὰ
769 5630 866 5685 νέα
895 5632 988 5686 τοῦ
1015 5634 1251 5703 Χριστοῦ
1285 5638 1650 5706 πανηγυρίσαι

98 5722 390 5792 μυστήρια·
437 5722 532 5775 καὶ
564 5721 887 5795 πρόρρησις,
923 5724 1001 5796 τῷ
1039 5726 1381 5797 εὐαγγελικῷ
1416 5726 1561 5798 λόγῳ
1581 5728 1648 5783 τὰ

1757 4528 1815 4575 et
1841 4520 2160 4579 vaticinium
2200 4519 2511 4576 futurorum
2555 4536 2623 4576 eo
2650 4528 2896 4591 tempore
2918 4521 3329 4588 miraculorum,

1756 4621 1815 4667 et
1839 4613 2199 4683 subiectionis
2232 4613 2504 4684 gentium,
2525 4621 2582 4668 et
2606 4612 2967 4687 habitationis
2993 4628 3149 4668 nova:
3173 4611 3330 4667 Jeru-

1758 4703 1955 4759 salem.

1824 4812 1994 4867 XXX.
2026 4812 2186 4868 Minae
2211 4815 2267 4868 in
2313 4828 2409 4868 eos
2441 4817 2534 4883 qut
2565 4829 2631 4868 ex
2662 4813 2912 4884 gentibus
2943 4828 3052 4867 non
3082 4814 3331 4869 conversi

1756 4905 1981 4971 fuerint,
2023 4915 2080 4960 et
2100 4905 2369 4974 expositio
2397 4904 2706 4959 divitiarum
2749 4919 2937 4958 eorum
2973 4905 3063 4975 qui
3095 4891 3328 4959 confessi

1757 4995 1982 5063 fuerint,
2020 5005 2075 5051 et
2102 4997 2371 5051 sententia
2399 5006 2590 5051 contra
2612 5005 2949 5067 peccatores,
2975 4998 3164 5052 eadem
3215 4999 3328 5054 sci-

1755 5089 1884 5144 licet
1911 5102 2170 5160 passuros
2189 5103 2311 5143 esse
2338 5104 2459 5158 quae
2488 5087 2661 5158 impii.

1824 5180 2015 5236 XXXI.
2053 5179 2381 5237 Vaticinium
2412 5179 2480 5235 de
2497 5179 2974 5250 erroregentilium
3006 5178 3325 5245 auferendo.

1753 5281 1809 5326 et
1841 5270 2122 5341 prazdictio
2148 5271 2216 5325 de
2238 5270 2526 5340 plantanda
2562 5270 2707 5325 inter
2732 5285 2827 5324 eos
2856 5269 2983 5335 ﬁde,
3023 5286 3185 5341 quam
3216 5288 3328 5328 am-

1753 5366 1894 5436 plexi
1927 5364 2072 5420 haud
2106 5363 2338 5434 amplius
2366 5364 2569 5419 diaboli
2596 5364 3028 5433 persecutiOnern
3071 5364 3286 5421 timent.

1818 5545 2038 5601 XXXII.
2059 5545 2215 5601 Minae
2233 5555 2419 5601 contra
2439 5528 2533 5601 eos
2554 5547 2645 5617 qui
2661 5562 2767 5600 non
2785 5545 3144 5602 adhaerebunt
3163 5562 3321 5606 novae

1748 5633 2076 5700 Jerusaiem,
2110 5633 2191 5688 ita.
2219 5643 2280 5689 ut
2308 5649 2449 5688 nova
2471 5633 2676 5689 Christi
2710 5634 2986 5689 Celebrent
3032 5638 3320 5705 mysteria,

1750 5738 1805 5783 et
1825 5726 2108 5798 prmdictio
2132 5734 2323 5798 gentes
2348 5726 2661 5798 evangelica
2686 5727 2854 5783 verbo
2872 5726 3164 5784 frenandas
3180 5727 3316 5783 fore.
