3764 6304
39 289 204 359 1369
1529 305 1606 365 [Ν

1859 311 1938 372 Μ.
1963 341 1967 344 ν
3225 311 3363 375 1370

119 413 461 487 Μαλαχίας
493 414 854 487 ἑρμηνεύεται
891 416 1167 487 ἄγγελος.
1199 409 1371 482 Οὗτος
1414 419 1553 490 μετά
1580 422 1637 473 τί

1860 424 2150 480 Malachias
2201 424 2471 496 signiﬁcat
2519 423 2767 494 Angelus.
2815 421 2910 480 Hic
2953 424 3089 494 'post
3138 424 3374 480 reditum

40 507 443 579 ἱπιστροφὴν
473 508 720 562 τίκτεται
749 508 808 562 ὲν
835 508 1042 578 Σοφιρᾷ
1083 509 1149 562 ὲκ
1174 508 1367 577 γένους
1404 508 1555 575 Aeni,
1590 529 1637 564 κε

1859 515 2172 585 captivitate
2194 525 2352 570 natus
2392 524 2475 570 est
2504 516 2558 569 in
2590 514 2824 585 Sophira
2872 517 2940 572 de
2983 531 3184 587 genere
3216 517 3370 573 Levi.

40 595 137 648 ετι
177 598 348 651 πάνυ
387 598 511 662 νέος
537 597 613 651 ῶν
645 598 808 652 καλὸν
847 598 961 669 βίον
987 598 1113 669 ἔσχε
1134 613 1146 628 ·
1176 600 1270 654 καὶ
1295 601 1485 670 ἐπειδὴ
1513 603 1621 665 πᾶς

1901 608 2160 677 parvulus
2185 625 2309 665 cum
2341 609 2634 664 admodum
2666 609 2847 664 adhuc
2880 614 3046 674 esset,
3088 610 3373 679 pulchram

42 685 196 752 λαὸς
235 690 428 760 ἐτίμα
457 692 620 744 αὐτὸν
651 692 728 756 ῶς
761 691 1052 762 ἄμεμπτον
1081 692 1176 745 καὶ
1213 692 1417 763 πραῢν,
1452 693 1637 747 ὲκάλει

1859 707 1958 753 iam
1994 699 2186 754 habuit
2219 717 2234 764 ;
2271 708 2472 755 etcum
2507 699 2686 754 omnis
2717 701 2951 770 pepulus
2981 715 3105 754 eum
3142 700 3376 754 honora-

45 779 390 849 Μαλαχίαν
441 782 641 848 αὐτὸν,
693 783 723 836 ὅ
775 785 923 836 ἐστιν
969 781 1271 852 ἄγγελος·
1317 780 1385 855 ἦν
1432 784 1540 855 γὰρ
1585 803 1637 838 κε

1860 799 1880 844 ι
1919 797 2178 860 tanquam
2226 790 2762 861 irreprebensibilem
2815 798 2870 844 et
2919 791 3130 855 mitem,
3189 791 3379 860 appel-

47 872 134 942 τῷ
169 875 327 927 εῖδει
366 875 657 946 εὐπρεπής
677 892 690 906 ·
728 874 867 928 ἀλλὰ
900 875 994 929 καὶ
1026 875 1084 937 ὃς
1115 874 1277 938 αὐτὸς
1305 871 1458 929 εἶπεν
1489 878 1637 947 (15)!

1859 882 1931 936 vit
1960 898 2087 937 eum
2122 882 2462 946 Malachiam,
2486 883 2630 952 quod
2662 895 2747 938 est
2777 883 3018 953 Angelus
3048 900 3062 949 ;
3089 891 3208 936 erat
3229 883 3374 938 enim

55 967 452 1038 προφητείᾳ,
505 967 644 1038 αὐτῇ
701 968 766 1037 τῇ
818 967 1001 1038 ἡμέρᾳ
1038 966 1270 1036 ἄγγελος
1299 967 1482 1038 ὀφθεὶς
1522 970 1637 1023 Θεοὲ

1891 973 2063 1028 forma
2095 973 2363 1044 egregius.
2403 971 2682 1038 Quinimo,
2745 973 2886 1027 sicut
2935 972 3052 1041 ipse
3115 971 3254 1026 dixit
3317 969 3375 1023 in

53 1056 460 1128 ὲπεδεύτεροι
497 1057 608 1129 (14)
639 1059 765 1120 τοὺς
796 1057 987 1125 λόγους
1033 1059 1200 1112 αὑτοῦ
1227 1076 1240 1091 ο
1284 1059 1378 1113 τὸν
1419 1059 1478 1114 δὲ
1516 1061 1685 1129 ἀγγε-

54 1144 162 1198 λον
203 1147 412 1210 οὐδεὶς
439 1145 656 1211 ἀνάξιος
693 1146 941 1219 ἐθεώρει,
978 1147 1096 1201 ἀλλ’
1131 1149 1250 1218 ἦτοι
1296 1149 1480 1220 φωνὴν
1521 1148 1684 1202 αὑτοῦ

56 1237 254 1305 ἤκουε
303 1237 512 1305 μόνον·
549 1239 596 1290 οί
641 1238 697 1291 δὲ
729 1237 870 1305 ἄξιοι
915 1239 1011 1293 καὶ
1055 1237 1115 1292 τὸ
1147 1234 1286 1302 εἶδος
1329 1239 1494 1293 αὐτοῦ
1527 1239 1690 1293 ὲθεώο

61 1346 213 1398 ρουν
239 1345 255 1359 ο
291 1328 382 1392 ὡς
410 1330 628 1398 ἐγένετο
652 1333 711 1384 ὲν
751 1334 872 1393 ταῖς
901 1331 1137 1401 ἡμέραις
1161 1331 1258 1402 τῆς
1289 1332 1550 1402 ἀναρχίας
1573 1350 1586 1364 ·
1613 1332 1689 1394 ὡς

61 1420 428 1487 γέγραπται
464 1421 522 1472 ὲν
551 1421 872 1490 Σχοιφετεὶμ
911 1420 1082 1490 Ἐφάρ
1129 1421 1371 1491 Φωτεὶμ,
1412 1422 1690 1476 τουτέστιν

0 1555 2 1560 ,
65 1509 132 1559 ὲν
165 1507 362 1580 βίϐλῳ
396 1509 648 1580 Κριτῶν·
688 1511 784 1563 καὶ
821 1511 900 1564 ἔτι
931 1510 1049 1574 νέος
1092 1509 1171 1564 ὢν
1204 1510 1513 1582 προσετέθη
1555 1514 1637 1584 πρ]

1859 1529 2109 1599 Iphatim,
2143 1527 2199 1582 id
2232 1537 2319 1581 est
2343 1527 2397 1581 in
2429 1525 2572 1580 libro
2598 1524 2875 1579 Judicum.
2920 1523 2989 1578 Et
3024 1538 3148 1577 cum
3201 1522 3381 1576 adhuc

65 1601 213 1665 τοὺς
252 1602 518 1673 πατέρας
546 1602 734 1668 αὐτοῦ,
764 1605 822 1655 ὲν
844 1602 944 1674 βίῳ
976 1601 1189 1675 ἀγαθῷ,
1219 1605 1314 1658 καὶ
1344 1602 1523 1675 ἐτάφη
1554 1619 1637 1673 μειι

1859 1631 1944 1679 set
1960 1621 2168 1693 junior,
2187 1619 2469 1690 appositus
2492 1627 2576 1672 est
2591 1617 2655 1672 ad
2674 1625 2858 1687 patres
2872 1616 3069 1672 suosin
3089 1616 3197 1670 vita
3215 1615 3376 1678 bona,

68 1693 193 1746 τῶν
227 1693 503 1765 πατέρων
529 1693 719 1748 αὑτοῦ.

1879 1712 2125 1782 sepultus
2151 1720 2237 1765 est
2260 1725 2386 1764 cum
2420 1709 2666 1779 patribus
2697 1708 2834 1762 suis.

1797 1066 2103 1138 prophetia,
2127 1066 2231 1120 hac
2251 1066 2369 1137 ipsa
2399 1065 2488 1120 die
2525 1065 2750 1136 angelus
2788 1063 2884 1120 Dei
2912 1063 3063 1118 visus
3088 1071 3190 1126 est,
3222 1063 3378 1132 cujus

1795 1160 2025 1217 iterabat
2058 1160 2245 1216 verba.
2281 1158 2548 1231 Angelum
2578 1168 2760 1228 autem
2795 1173 2958 1213 nemo
2999 1157 3258 1230 indignus
3302 1156 3380 1208 vi-

1795 1255 2097 1321 debat;sed
2113 1270 2303 1310 vocem
2333 1262 2543 1308 tantum
2568 1253 2688 1324 ejus
2718 1251 2971 1308 audiebat
2993 1269 3008 1318 ;
3031 1251 3178 1322 digni
3199 1259 3379 1304 autem

1796 1355 1852 1402 et
1891 1346 2084 1401 faciem
2109 1345 2229 1414 ejus
2256 1343 2515 1398 videbant
2554 1361 2569 1410 ;
2610 1343 2752 1397 sicut
2771 1341 2974 1396 factum
3004 1348 3088 1395 est
3113 1340 3168 1394 in
3191 1340 3380 1399 diebus

1797 1438 1854 1492 in
1882 1438 2080 1506 quibus
2116 1451 2228 1490 non
2269 1443 2426 1490 erant
2475 1448 2647 1504 rcges,
2687 1434 2829 1488 sicut
2883 1432 3146 1502 scriptum
3195 1440 3279 1486 est
3323 1431 3377 1489 in

254 1853 625 1906 ΚΕΦΑΛΑΙΑ
664 1851 921 1906 ΗΣΑΙΟΥ
958 1852 1102 1906 ΤΟΥ
1136 1816 1529 1906 ΠΡΟΦΗῨΟΥ.

147 1968 234 2025 α’.
278 1965 680 2038 Διαμαρτυρία
716 1965 826 2018 τῶν
866 1965 1147 2036 στοιχείων
1180 1965 1273 2018 ἐπὶ
1297 1967 1365 2034 τῇ
1406 1963 1518 2018 τῶν
1560 1964 1695 2018 Ἰου-

79 2056 265 2112 δαίων
303 2057 654 2128 παρανομίᾳ,
679 2059 774 2109 καὶ
797 2055 1052 2126 διήγησις
1074 2054 1176 2124 τῆς
1203 2055 1428 2109 ἐκείνων
1455 2055 1692 2126 πληγῆς·

82 2153 188 2206 καὶ
230 2148 555 2222 προφητεία
578 2149 676 2218 τῆς
706 2148 814 2200 τῶν
845 2147 1049 2218 ἑορτῶν
1073 2147 1166 2202 καὶ
1193 2145 1397 2199 θυσιῶν
1423 2147 1530 2200 τῶν
1560 2148 1694 2218 παρ’

0 2241 8 2270 ’⁸
80 2242 287 2303 αὐτοῖς
333 2239 631 2310 ἀποῦολῆς,
661 2232 866 2296 ἀνθ’ὧν
889 2237 1133 2310 πονηρὰς
1164 2237 1396 2308 πράξεις
1420 2241 1512 2291 καὶ
1544 2255 1695 2308 μιαι-

0 2370 9 2402 ε
77 2333 300 2400 φόνους
333 2334 694 2404 μετήρχοντο.

0 2489 3 2497 Ι
165 2422 240 2493 β’.
288 2422 590 2494 Προτροπὴ
630 2422 768 2484 πρὸς
801 2421 865 2475 τὸ
901 2421 1219 2492 βάπτισμα³
1251 2421 1348 2475 καὶ
1387 2423 1698 2494 κατηγορία

3 2577 10 2588 ι
85 2515 352 2584 ἀρχαίας
391 2513 752 2584 Ἰερουσαλήμ
775 2530 789 2542 ·
820 2514 916 2567 καὶ
946 2512 1144 2583 ἀπειλὴ
1180 2513 1324 2566 κατά
1353 2512 1462 2567 τῶν
1490 2512 1695 2582 ταύτης

86 2606 432 2677 ἀρχόντων
485 2605 580 2658 καὶ
618 2604 916 2675 ὑπόσχεσις
960 2602 1317 2667 ἀνανεώσεως
1359 2607 1458 2673 τῆς
1497 2604 1696 2675 Ἰερουι-

2113 1865 2362 1922 CAPITA
2397 1863 2598 1920 ISAIIE
2640 1862 3058 1920 ΡΒΟΡΗΕΤᾹΕ.

1869 1979 1907 2035 Ι.
1951 1977 2291 2036 Testilicatio
2311 1979 2707 2032 elementorum
2738 1976 2806 2030 de
2832 1973 3144 2030 Iudaeorum
3168 1987 3381 2043 praeva-

1799 2071 2084 2135 ricatione,
2103 2076 2160 2124 et
2181 2069 2423 2123 narratio
2446 2068 2724 2137 plagarum
2748 2080 2960 2120 eorum.
2979 2064 3044 2116 Et
3061 2063 3377 2118 vaticinium

1797 2162 2100 2218 eversionis
2123 2161 2386 2216 festorum
2416 2168 2472 2214 et
2506 2155 2898 2214 sacriﬁciorum
2921 2154 3247 2224 apudipsos,
3281 2167 3380 2223 pro

1794 2269 1864 2311 eo
1892 2254 2035 2324 quod
2054 2253 2196 2308 mala
2218 2265 2382 2322 opera
2420 2259 2474 2304 et
2513 2246 2804 2303 homicidia
2833 2244 3108 2317 prosecuti
3155 2251 3304 2298 sunt.

1866 2436 1934 2490 ll.
1960 2434 2284 2490 Exhortatio
2303 2433 2370 2488 ad
2401 2419 2767 2502 baptismum;
2804 2437 2860 2484 et
2887 2406 3162 2484 accusatio
3180 2425 3380 2482 veteris

1796 2527 2119 2592 Jerusalem,
2148 2535 2200 2581 et
2235 2526 2396 2580 minae
2426 2525 2480 2578 in
2507 2522 2786 2593 principes
2819 2521 2972 2590 ejus;
3005 2527 3061 2573 et
3087 2517 3381 2587 promissio

1799 2620 2176 2676 renovationis
2197 2617 2524 2681 Jerusalem,
2555 2629 2678 2684 qua:
2716 2611 2929 2668 novalis
2959 2610 3264 2680 accipitur;
3295 2624 3379 2663 re-

1797 2720 1993 2768 novata
2017 2719 2199 2765 autem
2236 2708 2374 2779 ipsa,
2415 2705 2651 2777 perditio
2723 2701 2967 2758 omnium
2999 2700 3056 2754 in
3086 2697 3256 2756 veteri
3293 2698 3382 2754 Je-

1798 2805 2035 2860 rusalem
2057 2800 2542 2874 praevaricatorum
2570 2794 2948 2851 annuntiatur.

0 2744 10 2774 μ,
90 2697 319 2766 σαλὴμ,
353 2697 475 2766 ἥτις
518 2697 598 2759 είς
640 2695 742 2766 τὴν
785 2696 912 2748 νέαν
945 2695 1046 2766 μὲν
1091 2695 1516 2765 ὲκλαμϐἀνεται,
1565 2697 1697 2749 ἅνα-

0 2835 10 2864 ,
87 2785 414 2855 νεουμένης
444 2785 504 2838 δὲ
535 2785 762 2856 ταύτης,
795 2785 1017 2855 ὄλεθρος
1063 2785 1285 2840 πάντων
1315 2785 1426 2840 τῶν
1472 2787 1566 2842 ἐπὶ
1594 2787 1695 2858 τῆς

0 2915 12 2956 ᾖ
93 2880 350 2951 ἀρχαίας
398 2879 755 2950 Ἰερουσαλὴμ
793 2878 1129 2949 παρανόμων
1167 2879 1532 2949 ἐπήγγελται.

169 2978 247 3040 γ’.
293 2970 636 3040 Προφητεία,
679 2969 898 3040 ἐμφανῆ
926 2969 1027 3039 τὴν
1058 2969 1186 3022 νέαν
1218 2968 1578 3040 Ἰερουσαλὴμ
1601 2986 1636 3022 κ

1872 2991 1961 3047 Ill.
2000 2989 2350 3056 Vaticinium,
2372 3001 2567 3043 novam
2597 2983 2897 3041 Jerusalem
2938 2987 2994 3036 et
3034 2979 3166 3035 Sion
3195 2977 3382 3033 visibi-

97 3063 208 3134 τὴν
256 3065 401 3117 Σιὼν
437 3064 573 3116 πᾶσι
620 3063 732 3125 τοῖς
779 3061 993 3117 ἔθνεσιν
1039 3060 1292 3116 ἔσεσθαιε
1326 3061 1421 3114 καὶ
1451 3061 1637 3115 ἀποσοί

1859 3097 1907 3136 m
1935 3081 2052 3137 fore
2079 3081 2337 3136 omnibus
2358 3078 2610 3150 gentibus
2635 3093 2653 3144 ;
2680 3084 2738 3130 et
2763 3072 2967 3129 veteris
2997 3069 3190 3140 templi
3213 3083 3378 3124 ever-

3 3209 10 3235 λ
97 3156 201 3211 τοῦ
239 3155 474 3227 ἀρχαίου
507 3155 640 3209 λαοῦ
661 3170 676 3186 υ
713 3154 833 3210 ἀνθ’
862 3147 939 3208 ὧν
967 3153 1040 3208 τά
1073 3152 1218 3207 κατὰ
1240 3151 1351 3206 τῶν
1381 3152 1554 3206 ὲθνῶν
1585 3153 1637 3205 τί

1859 3189 1906 3240 ο,
1937 3189 2003 3229 eo
2033 3172 2178 3243 quod
2215 3147 2411 3226 imitati
2455 3176 2588 3225 sunt
2632 3175 2824 3239 gentes
2866 3160 3330 3247 ppvaricatrices
3365 3177 3379 3224 ;

0 3297 13 3332 τ
104 3247 456 3318 παρανόμων
516 3245 796 3317 ἐζήλωσαν
817 3261 831 3276 ·
861 3244 957 3298 καὶ
990 3243 1296 3316 πρόρρησις
1321 3243 1556 3298 είδώλων
1592 3243 1637 3297 ἀ·

1881 3265 2161 3335 praedictio
2205 3262 2594 3320 destructionis
2641 3243 2915 3316 idolorum
2965 3265 3021 3312 et
3063 3253 3383 3327 perditionis

4 3391 12 3421 ί
103 3339 316 3401 ωλείας
349 3337 443 3392 καὶ
465 3336 799 3408 βλασφήμων
823 3335 1208 3407 όλοθρεύσεως.
1315 3425 1322 3427 _
1498 3425 1505 3427 _
1577 3426 1582 3427 γ
1800 3357 2273 3427 διθεριιεωοτυω.

178 3435 248 3487 δ’.
290 3431 625 3503 Πρόρρησις,
653 3429 754 3499 τὴν
784 3427 1020 3499 ἀρχαίαν
1065 3425 1429 3497 Ἰερουσαλὴμ
1451 3425 1522 3480 τά
1562 3426 1637 3494 ἀγ

1873 3425 1962 3501 Ν.
1997 3445 2284 3501 Praedictio
2313 3453 2556 3499 veterem
2584 3439 2890 3497 Jerusalem
2922 3436 3084 3493 bonis
3109 3436 3378 3490 adventus

13 3501 15 3508 Α
103 3524 181 3578 θά
205 3524 313 3594 τῆς
345 3501 438 3576 τοῦ
468 3519 708 3592 Χριστοῦ
740 3520 1048 3590 παρουσίας
1083 3518 1554 3588 ζημιωθήσεσθαι,
1579 3517 1696 3572 ἀνθ’

0 3660 16 3685 λ
105 3611 185 3670 ὧν
218 3614 366 3685 μετά
405 3614 505 3683 τῆς
545 3613 712 3683 ἄλλης
747 3611 948 3674 κακίας
983 3611 1041 3664 ιν
1061 3614 1130 3681 τῇ
1169 3611 1428 3679 ἀντάρσει
1456 3613 1523 3683 τῇ
1562 3612 1704 3665 κατᾶ

5 3700 15 3774 ,
107 3707 208 3762 τοῦ
231 3703 476 3774 Χριστοῦ
501 3704 601 3774 τὴν
634 3703 890 3774 Σοδόμων
920 3701 1154 3772 ἀνομίαν
1181 3700 1488 3772 ἐζήλωσαν.

183 3799 249 3850 ε’.
269 3795 502 3866 Διαϐολή
529 3796 627 3866 τῆς
643 3794 936 3862 ἀσελγείας
956 3793 1054 3848 τοῦ
1085 3792 1382 3847 Ἰουδαϊκοῦ
1409 3793 1542 3848 λαοῦ
1567 3811 1580 3824 ο
1607 3793 1702 3847 καὶ

0 3873 10 3891 ’
115 3889 430 3960 πρόρρησις
467 3885 567 3956 τῆς
602 3884 712 3938 τῶν
761 3884 988 3950 ἐνδόξων
1044 3882 1156 3937 τῶν
1205 3885 1337 3955 παρ’
1364 3885 1554 3948 αὐτοῖς
1606 3901 1704 3952 γυι

119 3976 386 4048 μνώσεως
406 3993 418 4005 ·
450 3975 546 4030 καὶ
562 3974 884 4046 προφητεία,
902 3974 998 4036 τὰς
1021 3975 1300 4045 ἐνεργείας
1331 3973 1426 4027 τοῦ
1448 3975 1702 4043 Πνεῦμα-

0 4049 14 4146 ῗ
115 4080 208 4132 τος
226 4070 295 4138 τῇ
313 4065 593 4136 οἰκονομίᾳ
609 4065 701 4120 τοῦ
726 4061 962 4133 Χριστοῦ
988 4062 1426 4133 συναφθήσεσθαι
1444 4079 1458 4095 ·
1483 4062 1632 4116 οὕτω
1644 4080 1702 4116 τε

9 4153 14 4238 ς
116 4160 246 4222 τοὺς
272 4159 339 4212 ὲκ
377 4156 679 4229 περιτομῆς
703 4155 1063 4217 πιστεύοντας
1088 4156 1169 4216 είς
1198 4155 1346 4223 ζωὴν
1375 4154 1700 4225 ἀπογράφε-

122 4250 278 4304 σθαι.
310 4250 404 4303 καὶ
435 4250 617 4302 πᾶσαν
654 4245 985 4316 Ἐκκλησίαν
1010 4243 1349 4314 τειχίζεσθαι
1378 4247 1446 4315 τῇ
1489 4263 1700 4318 παρου-

0 4343 14 4415 ξ
120 4344 217 4415 σία
241 4341 337 4394 τοῦ
373 4339 712 4410 Πνεύματος.

1800 3536 2006 3592 Christi
2037 3535 2313 3606 privatum
2341 3532 2430 3595 iri,
2460 3546 2527 3586 eo
2551 3529 2724 3599 quod,
2755 3534 2956 3597 prater
3008 3533 3234 3580 ceteras
3265 3539 3382 3578 ma-

1802 3630 1969 3693 litias,
2022 3624 2358 3697 insurgendo
2398 3623 2664 3677 adversus
2693 3620 2974 3675 Christum
3022 3616 3380 3672 Sodomorum

1801 3719 2312 3792 praevaricationem
2351 3712 2548 3769 imitati
2589 3719 2740 3766 sunt.

1873 3803 1939 3859 V.
1975 3804 2246 3858 Detractio
2275 3801 2504 3856 luxuriae
2529 3799 2744 3856 ‘Judaici
2781 3797 2988 3868 populi,
3019 3805 3075 3852 et
3103 3795 3381 3866 praedictio

1801 3896 2077 3952 nudidatis
2121 3894 2483 3966 superborum
2535 3891 2682 3961 apud
2723 3891 2873 3960 ipsos
2910 3907 2924 3942 :
2973 3897 3029 3943 et
3061 3887 3380 3942 vaticinium

1800 3988 2148 4058 operationes
2179 3984 2414 4054 Spiritus
2441 3981 2682 4037 aedilicio
2730 3979 2936 4034 Christi
2978 3977 3382 4033 connectendas

1802 4080 1957 4139 lore;
2012 4077 2203 4146 sicque
2237 4091 2305 4130 ex
2347 4072 2766 4130 circumcisione
2808 4072 3098 4125 credentes
3128 4070 3183 4122 in
3213 4068 3379 4124 vitam

1801 4172 2022 4235 ascribi,
2070 4179 2126 4224 et
2169 4170 2480 4222 universam
2522 4165 2821 4220 Ecclesium
2870 4179 2968 4234 pro
3013 4178 3171 4217 muro
3199 4160 3382 4216 fulciri

1801 4260 2089 4335 praesentia
2114 4258 2370 4330 Spiritus.

191 4437 269 4497 ς’.
326 4431 594 4501 Ἀποόολὴ
629 4429 724 4483 τοῦ
767 4427 1058 4482 Ἰουδαϊκοῦ
1107 4428 1451 4498 ἀμπελῶνος,
1480 4429 1596 4483 ἀνθ’
1627 4427 1637 4482 i

1879 4445 1969 4500 Vl.
2010 4441 2232 4500 Eversio
2261 4441 2502 4498 Iudaica:
2535 4441 2729 4505 vineae,
2761 4455 2828 4495 eo
2856 4439 3002 4510 quod
3040 4441 3096 4496 in
3144 4438 3380 4496 adventu

6 4587 14 4598 ι
122 4527 183 4577 ὲν
206 4527 276 4594 τῇ
305 4525 581 4594 παρουσίᾳ
611 4540 705 4576 του
739 4519 977 4592 Χριστοῦ
1007 4520 1466 4592 ἐκαρποφόρησαν
1501 4521 1703 4594 ἀνταρ-

126 4634 235 4669 σιν.

0 4683 10 4721 ί
195 4705 264 4770 ζ’.
305 4704 676 4774 Σχετλιασμὸς
719 4707 861 4761 κατά
899 4707 1012 4761 τῶν
1059 4709 1116 4760 ὲν
1171 4704 1463 4776 πλεονεξίᾳ
1499 4705 1599 4758 καὶ
1643 4705 1704 4758 ὲν

131 4797 436 4868 παρανόμῳ
463 4795 725 4866 βιούντων
751 4800 930 4869 τρυφῇ
953 4815 969 4830 ο
1005 4798 1099 4852 καὶ
1151 4798 1302 4860 ὅπως
1345 4797 1433 4848 ἐπ’
1473 4795 1704 4857 ἐκείνοις

136 4887 282 4959 μὲνό
315 4886 447 4958 ᾅδης
486 4889 514 4940 ὁ
557 4887 748 4956 νοητὸς
799 4889 1149 4954 πλατύνεται,
1190 4889 1220 4942 ὀ
1265 4887 1398 4949 Θεὸς
1445 4886 1502 4941 δὲ
1548 4888 1607 4939 ὲν
1635 4889 1702 4958 τῇ

131 4980 308 5047 κρίσει
335 4979 748 5052 δοξασθήσεται,
778 4980 1282 5052 ἀπολαμϐανόντων
1313 4978 1438 5032 τότε
1479 4979 1588 5032 τῶν
1627 4977 1704 5032 δι-

135 5071 302 5124 καίων
321 5072 418 5125 ὅσα
445 5072 540 5125 νῦν
568 5071 947 5145 ἀφῃρέθησαν.

205 5169 272 5231 η’.
315 5164 660 5234 Ταλανισμδς
706 5165 814 5224 τῶν
888 5166 1169 5237 ἁμαρτίας
1227 5166 1532 5238 ἁμαρτίαις
1587 5183 1710 5220 συν-

138 5253 433 5318 απτόντων,
481 5257 575 5308 καὶ
615 5257 685 5310 τὰ
728 5257 870 5326 καλὰ
913 5256 1330 5321 διαϐαλλόντων,
1361 5257 1430 5311 τὰ
1463 5256 1608 5311 κακά
1646 5257 1705 5310 δὲ

138 5345 546 5413 συνιστώντων,
597 5348 692 5401 καὶ
744 5348 838 5402 ἐπὶ
895 5348 1059 5420 σοφίᾳ
1098 5347 1277 5420 οἰκείᾳ
1321 5347 1699 5420 θαρρούντων,

1800 4536 2002 4592 Christi
2022 4533 2496 4590 fructiﬁcaverunt
2518 4532 2857 4603 insurgendo
2879 4531 2934 4586 in
2959 4546 3108 4586 eum.

1870 4628 1986 4682 VII.
2023 4627 2257 4694 Querela
2291 4626 2552 4680 adversus
2587 4638 2686 4680 eos
2717 4625 2812 4694 qui
2848 4624 2903 4678 in
2945 4626 3200 4695 superbia
3238 4632 3294 4679 et
3326 4625 3380 4677 in

1800 4713 2078 4787 illegitima
2102 4717 2293 4770 vivunt
2311 4715 2623 4784 voluptate;
2660 4722 2718 4769 et
2745 4713 3021 4782 quomodo
3057 4713 3190 4782 ipsis
3215 4712 3384 4767 infer-

1801 4822 1905 4862 nus
1955 4805 2215 4875 spiritalis
2286 4805 2581 4869 dilatatur;
2629 4805 2775 4858 Deus
2827 4809 3008 4857 autem
3060 4803 3118 4856 in
3172 4802 3382 4871 judicio

1805 4895 2211 4968 glorificabitur,
2261 4893 2648 4965 recipientibus
2693 4903 2826 4948 tunc
2871 4892 3070 4962 justis,
3116 4903 3381 4964 quantum

1804 5003 1956 5044 nunc
1974 4987 2198 5058 spoliati
2221 4984 2463 5041 fuerunt.

2951 5057 2984 5076 κ

1883 5168 2016 5226 Vill.
2049 5169 2265 5225 Miseria
2296 5182 2486 5224 eorum
2517 5168 2608 5240 qui
2641 5169 2883 5238 peccatis
2907 5177 3129 5238 peccata
3152 5166 3376 5228 addunt,

1803 5269 1864 5314 et
1897 5260 1990 5327 qui
2037 5257 2198 5314 bonis
2233 5258 2494 5328 Operibus
2535 5253 2854 5320 detrahunt,
2903 5255 3062 5312 malis
3081 5265 3265 5310 autem
3297 5255 3377 5308 in.

1811 5349 2036 5418 sistunt,
2077 5359 2133 5406 et
2166 5351 2260 5420 qui
2309 5351 2364 5404 in
2411 5365 2509 5406 sua
2545 5350 2816 5422 sapientia
2852 5349 3159 5414 conﬁdunt,
3205 5356 3262 5405 et
3285 5348 3374 5420 qui

1644 5529 1875 5588 NOTAE.

208 5641 315 5712 (l5)
347 5639 488 5712 Lege
513 5638 651 5712 ἀλλά
681 5641 774 5712 καὶ
801 5643 903 5697 ὅσα
924 5640 1079 5697 εἶπεν
1099 5644 1284 5705 αὐτός.

207 5711 318 5778 (id)
351 5710 492 5780 Lege
519 5710 898 5784 ἐπεδιυτέρου,
929 5714 1015 5770 vel
1035 5729 1099 5770 ex
1140 5713 1447 5784 Epiphanio
1477 5715 1896 5787 έπεδευτέρωσε.
