3764 6304
0 315 146 378 T373

1482 307 1563 367 IN
1603 304 1798 363 ISAIA
1809 305 1883 366 Μ.

3186 296 3319 363 1374

0 430 311 492 ἓοκτονῐοις
347 427 632 498 ἐνήργησε
661 443 678 458 ι
710 428 806 480 καὶ
839 425 1186 496 παράκλησις
1215 422 1351 492 πρὸς
1387 420 1489 490 τὴν
1519 418 1645 470 νέαν

1828 427 1904 469 ‘.us
1957 424 2083 480 est;
2135 423 2190 468 et
2247 415 2549 467 consolatio
2597 414 2662 468 ad
2709 427 2905 466 novam
2957 412 3110 476 Sion,
3174 419 3315 478 quod

0 522 178 588 Σιὼν,
209 521 299 588 ὡς
340 520 662 592 ὀλοθρεύειν
693 519 788 572 τοῦ
818 517 1056 587 Χριστοῦ
1095 517 1185 570 τὸν
1219 515 1632 590 ψευδόχριστον,

0 613 98 666 ea).
135 613 285 677 τοὺς
313 611 593 683 σὺνάὗτῷ
617 611 925 682 μέλλοντος.

74 704 174 759 ιη’.
224 703 672 774 Εὐαγγελισμὺς
700 704 1036 773 σαρκώσεως
1068 697 1333 771 Χριστοῦ,
1356 698 1451 750 καὶ
1489 698 1638 759 ὅπως

0 816 49 850 ιν
91 796 268 866 αὐτῷ
313 796 388 849 τὺ
426 795 702 866 πλήρωμα
754 794 1075 863 κατοικήσει
1123 787 1219 843 τοῦ
1278 789 1634 858 Πνεῦματοςι

0 890 100 943 καὶ
133 891 308 952 ὅπως
357 890 493 951 τοὺς
529 889 630 958 μὲν
665 887 940 948 ἐναντίους
969 885 1274 956 διαφθερεῖ,
1307 882 1537 953 ἀληθεία
1579 880 1637 934 δὲ

0 980 100 1031 καὶ
145 978 505 1050 δικαιοσύνῃ
540 977 679 1051 πρὸς
715 979 842 1039 τοὺς
875 973 1201 1045 ἀνθρώπους
1223 974 1509 1043 χρήσεται,
1543 973 1640 1024 καὶ

0 1071 156 1142 μετά
202 1069 465 1124 δικαίων
507 1068 758 1140 ἀθροίσει
799 1068 926 1130 τοὺς
967 1066 1027 1130 ἐξ
1067 1065 1345 1135 ἁμαρτίας
1380 1063 1640 1134 ἐπιστρέ-

0 1182 232 1233 ιροντας
261 1179 277 1192 ·
325 1164 432 1216 καὶ¹
474 1163 574 1232 τὴν
621 1163 684 1214 ἐκ
726 1160 998 1230 δαιμόνων
1036 1157 1378 1228 καταργήσει
1409 1154 1637 1228 βλάϐην,

0 1255 477 1327 πληθυνομένης
507 1255 607 1323 τῆς
636 1253 895 1314 πίστεως.

84 1355 168 1401 κ’.
221 1349 366 1400 Ὂτι
432 1346 604 1401 ἐθνῶν
653 1349 680 1399 ὁ
731 1344 969 1415 Χριστὸς
1022 1342 1358 1414 προσδοκία’
1391 1342 1641 1403 καὶτοὺς

2 1440 401 1509 πανταχόθεν
433 1441 511 1502 είς
550 1438 825 1508 σωτηρίαν
857 1435 1094 1501 συνάξει,
1133 1437 1227 1488 καὶ
1271 1439 1381 1498 τοῖς
1410 1435 1642 1496 δικαίοις

4 1531 152 1594 τοὺς
206 1529 764 1599 ἐξομολογουμένους
805 1526 1168 1596 ἁμαρτωλοὺς
1229 1524 1491 1600 συνάψει⁹
1549 1525 1642 1577 καὶ

5 1625 135 1684 τοῖς
184 1621 296 1691 μὲν
336 1619 554 1672 ἔθνεσιν
590 1619 867 1689 ἐκπέμψει
905 1619 1031 1682 τοὺς
1083 1617 1419 1681 ἀπο-στόλους
1467 1617 1640 1687 κήρυ-

9 1722 165 1777 καςο
209 1717 273 1767 ἐν
322 1712 593 1783 Αἰγύπτῳ
631 1713 689 1766 δὲ
734 1714 769 1783 ἡ
802 1711 1004 1781 γνῶσις
1038 1710 1510 1782 πληθυνθήσεταιε
1545 1708 1642 1762 καὶ
1674 1735 1702 1783 ἑ

1735 511 1988 564 Christus
2057 506 2528 577 pseudochristum
2578 514 2632 560 et
2687 507 2779 575 qui
2831 521 2956 560 cuni
3003 519 3069 559 eo
3112 515 3315 568 erunt,

1736 605 2017 659 occisurus
2040 604 2130 657 sit.

1808 697 1950 751 XIX.
1987 694 2345 748 Annuntialio
2389 691 2786 746 incarnationis
2826 691 3054 756 Christi,
3089 700 3141 744 ct
3178 705 3318 759 quo-

1737 790 1902 844 modo
1963 789 2019 841 in
2062 787 2181 855 ipso
2234 785 2562 838 inhabitabit
2614 784 2894 852 plenitudo
2947 783 3219 851 Spiritus;
3265 790 3322 836 et

1737 881 2010 952 quomodo
2041 877 2292 932 inimicos
2319 876 2542 944 quidem
2574 876 2842 936 destruet,
2877 875 3106 927 veritate
3136 881 3318 928 autem

1739 981 1795 1026 ct
1821 971 2030 1040 jnstitia
2075 970 2136 1022 in
2165 969 2416 1022 homines
2459 974 2666 1028 utetur,
2715 975 2924 1018 etcum
2963 962 3125 1032 justis
3185 979 3319 1018 con-
3397 1029 3404 1035 λ

1739 1063 1983 1136 gregabit
2017 1077 2120 1117 eos
2155 1060 2247 1130 qui
2287 1075 2353 1112 ex
2398 1066 2628 1128 peccato
2670 1054 2923 1110 conversi
2975 1053 3225 1120 fuerint;
3265 1063 3322 1108 et

1741 1155 2052 1209 dremonum
2139 1149 2343 1205 delebit
2421 1145 2877 1217 perversitatem,
2963 1144 3322 1214 multiplicata

1745 1246 1930 1389 “XX.
1972 1331 2128 1400 Quod
2174 1330 2427 1385 Christus
2451 1327 2556 1381 erit
2589 1325 2938 1395 exspectatio
2957 1324 3222 1395 gentium,
3265 1331 3322 1376 et

1741 1441 1934 1483 omnes
1971 1423 2213 1490 undique
2259 1420 2316 1472 in
2349 1418 2580 1472 salutem
2633 1415 3010 1486 congregabit,
3052 1425 3108 1468 et
3158 1414 3323 1484 justis

1741 1528 2058 1593 peccatores
2088 1513 2414 1571 conﬁtentes
2447 1511 2726 1579 adiunget,
2772 1518 2829 1563 et
2866 1508 3126 1578 gentibus
3145 1507 3324 1560 mittet

1743 1625 2024 1683 praecones
2057 1607 2358 1678 apostolos,
2395 1612 2452 1658 et
2478 1604 2533 1656 in
2575 1601 2812 1672 Egypto
2846 1600 3041 1654 notitia
3085 1607 3319 1653 crescet.

1743 1704 1810 1760 Et
1859 1700 2167 1759 exhortatio
2211 1697 2278 1752 ad
2321 1695 2795 1765 participationem
2849 1691 3226 1762 baptismatis;
3267 1702 3326 1746 et

10 1807 335 1878 προτροπὴ
391 1767 682 1868 κοινωνίας
741 1767 1158 1874 βαπτίσματος·
1211 1767 1320 1856 καὶ⁸
1363 1800 1640 1870 δοξολογία

1828 1796 1911 1850 ria
1940 1793 2142 1850 Christi
2173 1800 2398 1862 prOpter
2428 1788 2690 1843 miracula
2721 1802 2842 1856 quae
2868 1786 2924 1840 in
2959 1784 3091 1839 Sion
3119 1799 3323 1853 opera-

14 1896 312 1970 Χριστοῦ,
340 1896 438 1964 ἐφ’·
459 1889 542 1957 οἷς
568 1895 626 1945 ἐν
645 1895 712 1966 τῇ
739 1891 878 1947 Σιὼν
903 1890 1335 1963 ἐμυσταγώγησε
1371 1890 1638 1961 θαύμασι.

95 1986 216 2040 καῖ
264 1983 597 2057 Προφητεία
643 1983 891 2054 κλήσεως
933 1981 1104 2035 ἐθνῶν
1128 1981 1216 2035 διὰ
1258 1980 1522 2052 Χριστοῦ,
1547 1979 1644 2033 καὶ

19 2078 319 2150 ἀφίξεως,
355 2078 454 2130 καὶ
479 2077 588 2128 τῶν
614 2075 889 2148 ἐσομένων
918 2075 976 2127 ἐν
1010 2073 1086 2144 τῷ
1116 2073 1294 2144 καιρῷ
1325 2073 1427 2145 τῆς
1455 2089 1645 2125 συντε-

20 2170 188 2234 λείας
235 2172 300 2222 ἐν
340 2171 411 2241 τῇ
459 2171 529 2238 γῇ
583 2168 815 2229 καὶτοῖς
854 2164 1144 2236 στοιχείοις
1190 2164 1389 2217 ἅπασι·
1425 2162 1646 2232 καὶτῆς

24 2264 147 2318 τῶν
183 2263 422 2334 ἀνόμων
453 2258 776 2329 διαφθορᾶς,
820 2256 916 2310 καὶ
942 2256 1042 2326 τῆς
1072 2255 1180 2310 τῶν
1203 2255 1430 2309 δικαίων
1461 2254 1644 2324 δόξης⁸

27 2357 133 2410 καὶ
163 2350 264 2408 οἶα.
316 2353 604 2406 πείσονται
641 2351 692 2403 οἱ
734 2348 1027 2402 ὑπεύθυνοι
1052 2348 1173 2401 τότε
1220 2349 1292 2420 τῇ
1332 2346 1461 2420 δίκῃ
1500 2348 1648 2420 εὑρι-

33 2447 342 2518 σκόμενοι.

112 2544 233 2610 κβ’.
279 2536 627 2610 Προφήτεία,
659 2535 741 2588 ὅτι
770 2533 839 2586 τὰ
873 2533 999 2602 ἔθνη
1030 2531 1173 2587 κατά
1203 2531 1477 2602 δαιμόνων
1517 2531 1648 2583 ἀνα-

38 2632 363 2702 στήσεται,
382 2628 478 2680 καὶ
495 2623 930 2693 ἀφανισθήσεται
947 2622 1074 2692 παρ’
1093 2619 1274 2674 αὐτῶν
1308 2621 1341 2689 ἡ
1375 2619 1484 2672 τῶν
1505 2617 1650 2671 stadi-

37 2725 157 2776 λων
182 2721 483 2791 σύγχυσις,
500 2715 715 2788 Ἰσραὴλ
732 2715 786 2768 δὲ
809 2715 990 2776 αὐτοῖς
1011 2714 1038 2766 ὁ
1063 2709 1331 2765 πιστεύων
1344 2708 1649 2780 ἀναμιχθῆ-

40 2833 232 2881 σεται,
270 2814 374 2867 καὶ
407 2811 601 2882 θρῆνος
630 2807 878 2862 ἐντεῦθεν
906 2805 981 2877 τῷ
1005 2804 1236 2874 διαϐόλῳ
1266 2802 1578 2874 γενήσεται.

121 2905 240 2976 κγ’.
286 2903 454 2974 Χαρά
491 2901 600 2955 τῶν
627 2899 816 2964 ἐθνῶν,
844 2897 940 2950 καὶ
973 2893 1334 2967 σχετλιασμὸς
1375 2892 1482 2946 τῶν
1523 2893 1650 2945 ἀσε-

45 3000 165 3053 ϐῶν
197 2999 299 3050 ἐπὶ
335 2994 414 3065 τῷ
455 2994 714 3063 πτώματι
748 2989 844 3045 τοῦ
875 2988 1160 3043 διαϐόλου·
1185 2986 1279 3041 καὶ
1331 2984 1649 3054 ἐπιτίμησις

1746 1899 1832 1944 Ι.υὸ
1862 1899 1967 1944 est.

1817 1979 1959 2035 XXI.
2005 1975 2334 2031 Vatici‘nium
2379 1971 2684 2028 vocationis
2731 1969 2976 2040 gentium
3027 1981 3126 2037 per:
3162 1966 3326 2022 Chri-

1747 2083 1912 2142 stum,
1945 2082 2000 2128 et
2033 2073 2396 2128 adventusmt
2439 2066 2748 2120 futurorum
2796 2062 2850 2116 in
2892 2070 3139 2129 tempore
3191 2074 3326 2112 con-

1748 2164 2130 2223 summationis
2168 2161 2224 2215 in
2275 2167 2417 2214 terra
2453 2165 2508 2211 et
2549 2156 2602 2209 in
2634 2153 2888 2208 omnibus
2931 2151 3236 2216 elementis,
3272 2159 3328 2205 et

1749 2258 2057 2326 iniquorum
2090 2249 2438 2327 perditionis,
2477 2247 2824 2316 etjustorum
2849 2243 3070 2314 gloriae;
3103 2250 3158 2295 et
3181 2257 3329 2311 quaa-

1748 2361 1877 2402 nam
1919 2344 2197 2416 patientur
2245 2341 2298 2394 hi
2335 2339 2425 2408 qui
2473 2345 2602 2391 tunc
2641 2335 2849 2406 judicio
2897 2332 3121 2388 obnoxii
3172 2331 3327 2386 inve-

1748 2439 1991 2494 nientur.

1818 2529 1993 2585 XXII.
2035 2524 2366 2581 Vaticinium
2418 2528 2610 2590 gentes
2648 2519 2703 2572 in
2751 2517 3027 2572 dmmoncs
3082 2515 3326 2568 insurre-

1750 2633 1935 2680 cturas
1966 2635 2108 2683 esse,
2142 2623 2196 2672 et
2223 2617 2291 2671 ab
2329 2617 2411 2669 eis
2441 2611 2726 2668 delendam
2757 2607 3024 2662 idolorum
3055 2603 3330 2659 confusio-

1753 2732 1900 2772 nem.
1955 2710 2122 2768 Israel
2171 2718 2354 2764 autem
2401 2703 2576 2759 ﬁdelis
2606 2714 2728 2756 cum
2775 2697 2856 2752 eis
2893 2695 3231 2758 miscebitur,
3275 2700 3331 2748 et

1755 2809 1991 2883 gemitus
2017 2803 2144 2858 inde
2163 2798 2380 2856 diabolo
2404 2796 2516 2883 ﬁet.

1825 2893 2018 2950 XXIII.
2060 2889 2330 2946 Gaudium
2376 2881 2619 2955 gentium
2651 2886 2706 2932 et
2733 2873 3000 2931 desolatio
3037 2873 3330 2941 impiorum

1753 2971 1809 3046 in
1848 2987 2018 3044 ruina
2045 2979 2283 3043 diaboli;
2338 2984 2398 3030 et-
2426 2967 2830 3026 animadversio
2859 2965 2914 3018 in
2951 2978 3078 3017 eum
3113 2978 3140 3014 a
3199 2963 3330 3024 Ileo,

50 3093 181 3146 κατ’
212 3087 390 3144 αὑτοῦ
415 3086 569 3155 παρά
589 3083 685 3157 τοῦ
705 3082 864 3145 Θεοῦ,
898 3080 1136 3150 παντελῆ
1170 3079 1270 3149 μὲν
1303 3077 1524 3147 ὄλεθρον
1549 3077 1648 3128 αὐ-

1828 3079 2077 3150 mpletam
2122 3071 2268 3126 illius
2301 3065 2666 3138 perditionem
2708 3060 2937 3129 ejusque
2970 3053 3328 3116 asseclarum,

49 3185 150 3242 τοῦ
180 3200 244 3236 τε
271 3181 373 3238 καὶ
397 3180 506 3233 τῶν
541 3175 730 3242 αὐτοῦ,
770 3173 1064 3244 βεϐαίωσιν
1095 3172 1154 3224 δὲ
1187 3172 1285 3241 τῆς
1315 3169 1513 3240 βουλῆς
1547 3169 1647 3237 τῆς

56 3273 216 3336 θείας
251 3270 737 3339 καταγγέλλουσα.,

133 3364 242 3419 κδ’.
291 3362 683 3435 Προσφώνησις
731 3363 842 3424 τοῖς
891 3360 1133 3429 δαίμοσι,
1174 3357 1250 3427 μὴ
1300 3354 1525 3426 θαρρεῖν
1572 3349 1652 3422 τῷ

73 3457 370 3526 ’1ουδαῖκῴ
406 3454 684 3524 πτώματι,
720 3450 906 3522 ἐπειδὴ
937 3449 1153 3520 χαλεπὰ
1203 3447 1354 3516 παρὰ
1397 3444 1507 3498 τῶν
1542 3444 1653 3506 τοῖς

63 3548 400 3609 ἀποστόλοις
427 3543 873 3616 μαθητευθὲντων
903 3541 1205 3595 πείσονται.

142 3640 250 3699 κε’.
296 3637 613 3711 Προφητεία
643 3636 783 3688 κατᾶ
813 3635 912 3704 τῆς
936 3629 1378 3703 είδωλολατρείας
1403 3631 1461 3682 ἐν
1487 3629 1658 3698 αίνίγ-

68 3755 210 3812 ματι
244 3735 346 3806 τῆς
375 3727 550 3786 Μωάὃ
568 3744 582 3759 ⁸
609 3723 678 3798 ἦν
709 3725 818 3798 γὰρ
855 3723 1001 3797 αὑτὴ
1041 3723 1369 3784 κατείδωλος
1390 3737 1402 3753 ⁸
1431 3720 1530 3774 καὶ
1557 3719 1658 3789 τῆς

67 3828 375 3901 ἐπιδημίας
415 3824 514 3892 τῆς
561 3820 656 3875 τοῦ
697 3820 902 3890 Κυρίου
930 3817 1266 3890 πρόρρησιςο
1303 3815 1522 3884 καὶτῆς
1548 3812 1658 3866 τῶν

69 3922 519 3993 πεπλανημένων
539 3915 711 3971 ἐθνῶν
740 3913 1085 3985 διορθώσεως
1113 3912 1366 3983 μήνυσις.

143 4023 263 4083 κςν.
309 4010 643 4085 Προφητεία,
693 4007 793 4078 τὴν
835 4006 1046 4074 πλάνην
1097 4002 1192 4055 καὶ
1241 4003 1306 4055 ἐκ
1363 3996 1657 4070 Δαμασκοῦ

73 4106 387 4163 παύεσθαι·
425 4102 522 4156 καὶ
567 4101 874 4172 πρόρρησις
902 4097 1004 4166 τῆς
1059 4093 1154 4148 τοῦ
1209 4091 1341 4146 λαοῦ
1376 4093 1485 4144 τῶν
1523 4091 1658 4142 ἰου-

73 4202 244 4255 δαίων
299 4193 666 4259 ἐλαττώσεως,
718 4189 888 4243 ἐθνῶν
929 4205 991 4240 τε
1044 4183 1410 4257 ἐπιστροφῆς·
1445 4181 1540 4235 καὶ
1571 4175 1661 4234 οἶα

75 4289 189 4343 τῶν
236 4283 506 4341 Ἰουδαίων
556 4282 605 4334 οἱ
664 4277 851 4339 παῖδες
882 4274 968 4328 διὰ
995 4273 1094 4344 τὴν
1121 4273 1200 4336 εἰς
1243 4268 1478 4340 Χριστὸν
1531 4268 1660 4327 ἀπι-

80 4382 238 4435 στίαν
266 4375 590 4432 πεπόνθασι.

1752 3149 2227 3237 conﬁrmationein
2306 3175 2438 3215 vero
2502 3156 2703 3212 divinae
2756 3149 3046 3232 sententiae
3111 3161 3330 3201 annun-

1753 3280 2013 3411 "aXSXIV.
2051 3346 2323 3404 Allocutio
2369 3342 2434 3397 ad
2469 3341 2764 3396 daemones.
2794 3334 3005 3389 scilicet
3043 3347 3113 3385 ne
3161 3329 3336 3385 conﬁ-

1754 3447 1885 3503 dant
1925 3442 2237 3497 Jndaaorum
2281 3432 2475 3493 ruinae,
2505 3425 2764 3497 quoniam
2805 3421 2988 3493 gravia
3019 3420 3088 3474 ab
3124 3419 3209 3474 his
3239 3419 3334 3488 qui

1755 3539 1822 3593 ab
1851 3531 2111 3605 apostolis
2145 3523 2326 3581 edocti
2355 3520 2584 3583 fuerint,
2615 3515 2918 3585 patientur.

1825 3603 1994 3680 XXV.
2029 3615 2364 3674 Yaticinium
2408 3619 2598 3666 contra
2641 3605 3002 3663 idololatriam
3033 3604 3136 3659 sub
3167 3603 3337 3674 ﬁgura

1756 3719 1948 3782 Moab;
1992 3723 2108 3768 erat
2159 3707 2308 3764 enim
2342 3706 2461 3776 ipsa
2501 3701 2660 3756 idolis
2696 3698 2901 3753 dedita.
2949 3695 3014 3749 Et
3056 3694 3340 3766 pmdictio

1757 3811 2027 3866 adventus
2070 3799 2308 3864 Domini,
2349 3809 2406 3852 et
2447 3793 2715 3849 indicium
2753 3787 3164 3844 restaurationis
3202 3801 3340 3856 gen-

1761 3903 1894 3957 tium
1920 3899 1974 3952 in
2007 3894 2290 3952 erroribus
2319 3885 2680 3944 versantium.

1828 3989 2020 4046 XXVI.
2057 3961 2406 4045 Vaticiniuin,
2449 3991 2691 4033 errorem
2735 3974 2898 4028 etiam
2953 3986 3022 4027 cx
3079 3970 3341 4024 Damasco

1759 4083 2059 4139 desituram
2106 4091 2262 4140 esse;
2291 4082 2345 4127 et
2385 4069 2665 4141 praedictio
2717 4065 3115 4120 imminutionis
3155 4061 3339 4131 populi

1759 4174 2074 4230 Judaeorum
2122 4178 2177 4222 et
2233 4160 2610 4222 conversionis
2653 4158 2934 4230 gentium;
3000 4166 3055 4210 et
3095 4169 3340 4224 quzcnam

1760 4260 2070 4316 Judaeorum
2102 4255 2220 4320 ﬁlii,
2252 4269 2318 4308 eo
2347 4250 2496 4322 quod
2522 4249 2575 4302 in
2608 4246 2886 4304 Christum
2945 4259 3054 4299 non
3092 4242 3342 4298 credide-

1765 4356 1902 4417 rint,
1937 4351 2147 4425 passuri
2172 4358 2317 4405 sunt.

151 4432 259 4533 κζ’.
301 4465 532 4534 Κατάρα
563 4460 705 4515 κατά
739 4458 848 4511 τῶν
885 4454 1055 4510 ἐθνῶν
1079 4451 1214 4523 ὁμοῦ
1241 4451 1384 4504 κατὰ
1408 4449 1517 4502 τῶν
1547 4447 1650 4502 δαι·

1836 4445 2052 4498 XXVII.
2095 4442 2234 4496 Dirae
2272 4440 2326 4493 in
2359 4447 2547 4510 gentes
2573 4434 2733 4491 simul
2771 4441 2828 4488 et
2863 4432 2915 4497 in
2952 4432 3256 4497 daemones;
3292 4439 3347 4484 et

86 4562 269 4632 μόνων
287 4575 301 4589 ο
326 4559 423 4611 καλ¹
455 4557 763 4626 πρόρρησις
789 4544 1157 4602 ἀποστολικοῦ
1194 4543 1397 4614 δρόμου
1426 4541 1561 4614 πρὸς
1591 4539 1662 4593 τά

85 4653 236 4720 ἔθνη,
261 4649 358 4701 καὶ
386 4647 482 4714 τῆς
508 4646 614 4697 τῶν
645 4643 892 4696 ἀπίστων
927 4635 1318 4709 ὀλοθρεύσεως,
1350 4633 1459 4686 τῶν
1490 4632 1551 4696 ἐξ
1577 4631 1664 4683 ἐθ-

85 4742 194 4795 νῶν
223 4740 281 4792 δέ
304 4735 712 4792 πιστευσάντων
739 4731 876 4803 πρὸς
898 4729 968 4783 τὰ
997 4727 1274 4801 μυστήρια
1298 4726 1366 4780 τὰ
1391 4725 1489 4795 τῆς
1525 4720 1664 4774 Σιὼν

88 4832 349 4905 ἀφίξεως.

159 4931 268 4994 κη’.
307 4921 640 4994 Πρόρρησις,
694 4913 782 4971 οἷα
831 4917 958 4978 τοὺς
1017 4912 1350 4982 Αἰγυπτίους
1387 4911 1414 4963 ὁ
1462 4906 1668 4979 Κύριος

96 5016 291 5086 βρέφος
325 5015 461 5084 πρδς
494 5012 690 5074 αὐτοὺς
722 5009 967 5070 καταϐὰς
1001 5001 1404 5077 εὐηργέτησεν
1432 5000 1578 5062 ὅπως
1606 5014 1664 5050 τε

97 5108 277 5164 αὐτῶν
314 5109 420 5160 πᾶν
449 5106 606 5174 γένος
633 5103 734 5172 τῆς
769 5101 986 5170 ἀπάτης
1031 5096 1352 5165 ἐξηφάνισε,
1395 5092 1490 5145 καὶ
1541 5089 1668 5149 τοὺς

101 5199 295 5266 σοφοὺς
325 5199 450 5256 τοὺς
499 5195 627 5266 παρ’
659 5194 843 5255 αὐτοῖς
892 5186 1286 5259 νομιζομένους
1324 5185 1543 5255 ᾔσχυνε,
1573 5180 1670 5232 καὶ

103 5290 339 5360 φοϐερὰν
372 5289 552 5348 αὐτοῖς
583 5287 676 5356 τὴν
709 5285 906 5355 βουλίην
951 5281 1050 5352 τὴν
1083 5278 1290 5332 οἰκείαν
1339 5274 1664 5342 κατέστησε,

179 5469 277 5524 κθ’.
320 5467 634 5537 Προφητεία
674 5465 773 5533 τῆς
818 5459 1136 5530 Αἰγυπτίων
1201 5456 1337 5527 πρὸς
1386 5453 1479 5506 τὸν
1538 5452 1672 5504 Θεὸν

111 5560 474 5631 ἐπιστροφῆς·
511 5555 605 5609 καὶ
639 5556 786 5614 ὅπως
839 5551 977 5622 μετὰ
1009 5549 1118 5601 τῶν
1171 5546 1348 5600 ἄλλων
1392 5541 1564 5594 ἐθνῶν
1606 5540 1673 5592 τὰ

112 5653 346 5722 πρωτεῖα
369 5647 507 5700 κατὰ
531 5645 624 5698 τοῦ
658 5641 871 5712 Ἰσραὴλ
901 5641 1104 5705 ἕξουσι.

177 5742 242 5800 λ’.
283 5738 677 5814 Προσφώνησις
703 5733 779 5803 τῷ
824 5730 1042 5800 Ἡσαΐᾳ,
1069 5725 1302 5798 κηρύξαι
1324 5724 1418 5796 τὴν
1448 5726 1671 5794 γενομε-

1761 4538 2042 4608 ρταξόίοιίο
2080 4534 2451 4605 apostolorum
2494 4544 2690 4584 cursus
2748 4527 2800 4581 in
2837 4535 3048 4595 gentes,
3081 4534 3136 4580 et
3165 4524 3345 4578 incre-

1764 4629 2013 4683 dulorum
2047 4622 2399 4696 perditionis,
2430 4630 2486 4675 et
2511 4634 2699 4674 eorum
2728 4617 2815 4687 qui
2841 4633 2905 4671 cx
2945 4615 3199 4686 gentibus
3222 4628 3346 4668 crc-

1765 4717 2025 4771 didcrunt
2059 4711 2392 4769 accessionis
2430 4710 2496 4764 ad
2534 4707 2790 4779 mysteria
2825 4703 2978 4760 Sion.

1841 4915 2078 4972 XXVIII.
2121 4910 2453 4967 Vaticinium
2504 4905 2909 4962 beneﬁciorum,
2935 4919 3055 4972 qua:
3090 4903 3142 4956 in
3183 4901 3348 4972 Egy-

1769 5010 1912 5080 ptios
1957 5005 2222 5060 Dominus
2283 5000 2464 5054 adhuc
2525 5011 2662 5067 puer
2691 4995 2757 5048 ad
2806 4993 2955 5063 ipsos
3008 4993 3348 5049 descendens

1769 5099 2020 5162 contulit,
2081 5107 2136 5150 et
2180 5091 2454 5163 quomodo
2500 5090 2568 5143 ab
2612 5087 2692 5142 eis
2723 5101 2885 5140 omne
2934 5101 3107 5156 genus
3146 5085 3346 5140 erroris

1771 5189 1996 5253 amovit,
2035 5196 2090 5242 et
2130 5184 2223 5255 qui
2268 5184 2412 5237 inter
2463 5181 2613 5250 ipsos
2661 5176 2940 5247 sapientes
2979 5177 3338 5232 censebantur

1772 5279 2040 5343 confudit,
2087 5287 2143 5332 et
2192 5274 2468 5346 propriam
2509 5271 2642 5342 ipsis
2672 5268 3001 5324 sententiam
3044 5267 3344 5322 terribilem

1774 5372 1976 5426 eII'ecit.

1848 5461 2035 5515 XXIX.
2079 5458 2408 5514 Vaticininm
2454 5452 2830 5510 conversionis
2865 5452 3244 5525 Egyptiorum
3277 5451 3348 5508 ad

1779 5554 1969 5617 Deum,
2002 5563 2056 5607 et
2079 5551 2352 5622 quomodo
2385 5564 2506 5604 cum
2533 5547 2655 5601 aliis
2696 5547 2911 5618 populis
2956 5547 3250 5624 primatum
3288 5545 3347 5602 in

1777 5645 2030 5700 Israelcm
2055 5643 2398 5697 obtinebunt.

1849 5733 2014 5788 XXX.
2055 5733 2319 5790 Allocutio
2345 5734 2413 5788 ad
2445 5732 2638 5788 Isaiam
2681 5744 2736 5788 ut
2764 5730 3049 5786 denuntiet
3072 5745 3190 5785 cam
3223 5737 3345 5799 quat
