3764 6304
0 213 134 278 3ἷ7
1504 231 1586 293 IN
1628 235 1917 301 ISAIAM.
3195 252 3332 317 1378

51 324 198 396 μβ’.
256 329 666 400 Σχετλιασμὸς
698 333 837 386 κατά
859 334 960 402 τῆς
983 334 1219 406 ἀρχαίας
1253 333 1617 412 ’Ἰερουσαλήμ

1823 340 1980 396 XLII.
2022 341 2254 408 Querela
2300 346 2563 404 adversus
2599 361 2843 408 veterem
2894 352 3225 425 Jerusalem,
3275 372 3330 416 et

3 420 79 470 αἱ
114 421 255 472 ἀπε
269 422 383 494 ιλὴ
431 426 572 477 κατά
608 425 905 494 δαιμόνων,
940 427 1049 479 τῶν
1077 427 1250 497 αὐτὴν
1272 432 1624 500 τυραννησάν

1794 433 1912 485 lin-ae
1946 431 2000 485 in
2027 432 2304 490 daemones
2321 437 2415 506 qui
2441 453 2560 494 eam
2591 443 2952 515 ubegerunt;
2977 456 3034 502 et
3053 453 3330 508 accusatio

0 530 101 564 ων
129 529 145 542 ’
187 515 311 566 καὶ
349 516 670 586 κατηγορία
702 517 803 586 τῆς
829 517 940 570 τῶν
979 517 1255 572 Ἰουδαίων
1287 520 1604 592 πωρώσεως

1794 523 1969 578 uritiae
1993 523 2327 591 Iudaeorum,
2366 539 2421 584 et
2453 534 2724 600 quomodo
2747 537 3098 609 Evangelium
3127 540 3331 600 Judreis

0 605 84 656 ,αἱ
121 605 319 669 ὅπως
369 607 440 660 τὸ
489 608 826 677 Εὐαγγέλιον
871 611 986 672 τοῖς
1049 610 1332 674 Ἰουδαίοις
1377 614 1625 684 ὲσφράγι

1794 616 2021 671 mcitum
2051 628 2167 684 est;
2198 635 2307 675 non
2347 624 2614 694 accipitur
2656 639 2836 683 autem
2883 605 3200 704 priusquam
3238 637 3329 692 di-

0 715 152 764 ’ται,
194 701 525 767 ἀγνοεῖται
557 700 612 754 δὲ
645 703 776 771 πρὶν
800 702 868 756 τὰ
902 702 1020 756 θεῖα
1055 704 1432 775 παιδευθῆναι.

1794 709 1873 761 ina
1904 709 2260 768 edoceantur.

54 797 204 860 μγ’.
259 793 622 865 Κατηγορία
667 793 777 866 [Ion
822 795 1159 868 προφητεία]
1209 798 1308 867 τῆς
1359 797 1468 851 τῶν
1516 798 1625 852 Ἰου·

1821 796 2006 854 XLIII.
2046 801 2338 872 Prophetia
2366 806 2914 875 judiciiJudaaorum,
2955 825 3010 868 et
3042 819 3326 884 prtedictio

4 883 178 937 αίων
217 887 666 956 κατακρίσεως,
699 888 796 940 καὶ
833 888 1139 960 πρόρρησις
1195 889 1296 959 τῆς
1331 890 1441 943 τῶν
1471 891 1625 944 ὲθνῶε

1794 890 1952 945 οιίιίαι
1991 891 2086 946 Dei
2123 895 2266 962 apud
2293 907 2506 966 gentes,
2538 908 2593 954 et
2634 902 2957 970 perditionis
3000 883 3187 962 eorum
3234 913 3325 980 qui

0 978 422 1046 ιεογνωσίας,
458 983 552 1031 καὶ
581 979 682 1047 τῆς
717 979 998 1040 ἀπωλείας
1026 980 1136 1034 τῶν
1179 981 1326 1052 ἔργῳ
1371 983 1468 1036 καὶ
1499 983 1625 1054 λόγιε

1794 981 1914 1035 arbo
1945 989 2001 1036 et
2024 998 2191 1051 opere.
2222 987 2483 1055 populum
2513 991 2926 1058 scandalizent;
2967 1002 3024 1047 et
3054 978 3327 1064 quomodo

0 1067 88 1120 τὸν
143 1067 316 1120 λαὸν
383 1068 886 1133 σκανδαλιζόντωνο
923 1074 1017 1124 καὶ
1047 1071 1198 1135 ὅπως
1226 1076 1340 1134 τοῖς
1372 1073 1466 1126 τοῦ
1507 1076 1642 1144 Χρι-

1743 1081 1934 1142 gentes
1964 1073 2168 1129 Christi
2205 1076 2488 1134 miraculis
2528 1080 2895 1144 docebuntur.
2944 1085 3114 1141 Judaei
3143 1097 3324 1144 autem

0 1157 140 1211 ι·τοῦ
186 1160 478 1230 θαύμασι
513 1162 580 1214 τὰ
615 1161 715 1230 μὲν
742 1161 870 1231 ἔθνη
906 1163 1352 1235 παιδευθήσεται,
1395 1165 1619 1230 Ἰουδαίο

1794 1163 2174 1230 mfundentur,
2201 1167 2406 1237 quippe
2436 1170 2528 1238 qui
2555 1187 2586 1224 a
2611 1171 2722 1228 Deo
2753 1174 3079 1241 defecerint,
3128 1179 3327 1235 diaboli

0 1249 50 1302 ἰὲ
97 1251 639 1321 αἱσχυνθήσονται,
689 1251 766 1315 ὡς
815 1253 1154 1316 ἀποστάντες
1210 1253 1372 1320 Θεοῦ,
1397 1255 1493 1308 καὶ
1545 1257 1625 1310 τοί

1794 1261 1927 1309 ιιειι]
1958 1257 2225 1312 auxilium
2253 1261 2619 1328 praetulerint.

0 1342 229 1411 νοητοῦ
265 1342 388 1412 τὴν
421 1343 745 1414 συμμαχίαν
781 1343 1055 1412 ἑλόμενοι.

75 1432 208 1503 μδ.
261 1433 472 1496 ’Ὀπως
521 1434 590 1486 τά
643 1433 795 1504 παρᾶ
843 1433 957 1487 τῶν
1005 1435 1286 1506 δαιμόνων
1343 1437 1636 1511 ἀνωφελῆο

0 1524 274 1588 τούτους
323 1526 438 1596 γὰρ
486 1528 598 1588 τοῖς
642 1523 854 1596 θηρίοις
911 1526 1274 1596 παρείκασεν,
1306 1527 1445 1598 ὅπερ
1473 1528 1533 1579 ὲν
1559 1529 1639 1580 εί-

1814 1435 1998 1492 XLIV.
2033 1439 2319 1505 Quomodo
2363 1459 2484 1512 qua:
2520 1461 2550 1500 a
2592 1446 2954 1514 daemonibus,
2997 1463 3129 1509 sunt
3161 1473 3323 1512 vana.

1742 1525 1850 1582 llos
1878 1529 2024 1582 enim
2057 1527 2188 1584 feris
2211 1530 2479 1588 assimilat
2503 1553 2517 1601 ;
2543 1537 2683 1606 quod
2716 1539 2769 1592 in
2802 1539 2974 1612 ﬁgura
3001 1543 3121 1598 libri
3155 1562 3325 1602 evan-

0 1617 135 1671 κόνι
188 1616 319 1686 τῆς
364 1616 732 1686 εὐαγγελικῆς
778 1615 965 1686 βίϐλου
999 1617 1212 1689 γράψαι
1269 1620 1298 1671 ὁ
1344 1620 1625 1691 προφήτης

1794 1617 1896 1672 :lici
1954 1619 2196 1673 scribere
2232 1621 2498 1692 propheta
2535 1627 2780 1696 jnbetur.
2822 1630 2890 1686 Et
2917 1636 3191 1702 quomodo
3229 1655 3326 1693 au-

0 1708 375 1762 κελεύεται·
415 1709 511 1761 καὶ
539 1709 687 1773 ὅπως
715 1708 939 1762 ἀκούειν
971 1710 1217 1763 Ἰουδαῖοι
1245 1713 1314 1764 τὰ
1345 1709 1466 1764 θεῖα
1496 1725 1625 1783 παρ·

2232 1683 2251 1692 -
2337 1683 2350 1692 .
2535 1683 2554 1696 .
2741 1683 2777 1684 η
2874 1683 3188 1702 -..η-η---
3229 1683 3297 1693 ....

1801 1724 1857 1762 re
1877 1708 2060 1764 divina
2084 1707 2254 1764 Judwi
2300 1727 2425 1768 cum
2467 1719 2777 1786 renuerint,
2829 1722 2990 1779 ruina
3033 1726 3323 1785 insanabili

0 1799 186 1855 αιτού
201 1817 404 1872 μενοι,
447 1799 650 1871 πτῶμα
679 1801 900 1855 ἀνίατον
925 1801 1213 1856 πίπτουσι.

87 1901 217 1962 με’.
268 1892 613 1964 Παραίνεσις
650 1893 943 1962 μετανοίας
980 1893 1060 1964 τῷ
1105 1892 1345 1964 Ἰσραὴλ,
1386 1894 1481 1946 καὶ
1508 1893 1640 1946 ἀνά-

3 2001 243 2056 μνησις
281 1980 382 2037 οἷα
409 1985 569 2037 αὐτοὶ
595 1984 935 2047 ἀποστάντες
963 1983 1075 2037 ἀπὸ
1109 1983 1244 2037 Θεοῦ
1282 1983 1638 2036 ἐϐουλεύσαν-

0 2093 98 2138 το,
134 2078 169 2129 ὁ
200 2075 460 2146 Χριστὸς
487 2075 545 2129 δὲ
573 2074 671 2128 διὰ.
691 2076 791 2146 τῆς
811 2075 1023 2138 οίκείας
1065 2073 1398 2146 σαρκώσεως
1426 2077 1635 2128 οίκονο-

8 2169 151 2238 μεῖν
187 2166 593 2238 εὐτρέπισται.

94 2291 237 2355 μς’.
291 2283 612 2355 Πρόῤῥησις
647 2280 744 2335 τοῦ
798 2279 1046 2352 Χριστοῦ
1081 2281 1182 2351 τῆς
1222 2279 1487 2351 δευτέρας
1531 2281 1636 2350 ἀφ·-

1741 1799 1966 1854 cadent.

1812 1890 1972 1946 XLV.
2015 1892 2338 1952 Exhortatio
2359 1899 2696 1968 paenitentia:
2723 1904 2790 1958 ad
2821 1905 3021 1975 Israel;
3056 1917 3112 1965 et
3152 1927 3324 1967 reme-

1740 1983 1973 2038 moratio
2001 1986 2184 2055 qualia
2216 1987 2342 2058 ipsi,
2386 2005 2512 2044 cum
2548 2007 2578 2045 a
2625 1992 2737 2049 Deo
2776 1996 3102 2066 defecerint,
3135 2005 3320 2058 consi-

1739 2073 1850 2128 liati
1881 2075 2018 2142 sint;
2056 2077 2309 2135 Christus
2335 2089 2517 2136 autem
2549 2099 2648 2153 per
2684 2101 2837 2149 suam
2892 2091 3321 2150 incarnationem

1739 2164 1937 2220 bonam
1963 2167 2366 2227 institutionem
2401 2181 2579 2243 parat.
3155 2191 3158 2195 ’

1811 2271 1992 2335 XLVI.
2053 2280 2346 2340 Praedictio
2385 2289 2618 2343 secundi
2669 2294 2934 2350 adventus
2985 2294 3220 2361 Christi;
3265 2309 3322 2355 et

13 2377 196 2444 ίξεως
216 2392 234 2404 ο
259 2375 363 2428 καὶ
378 2373 580 2444 ἀπειλὴ
609 2373 747 2428 κατὰ
768 2373 878 2426 τῶν
896 2371 1366 2442 ἀποκεχρημένων
1394 2371 1473 2442 τῷ
1502 2371 1625 2443 οἴκῳ

1795 2369 1898 2426 ina;
1926 2371 1980 2425 in
2010 2389 2106 2428 eos
2135 2374 2226 2443 qui
2256 2375 2410 2432 abusi
2447 2389 2578 2434 sunt
2602 2381 2765 2436 domo
2809 2385 2922 2450 Dei,
2958 2397 3008 2442 et
3043 2389 3095 2442 in
3129 2390 3322 2446 diabo-

11 2467 121 2520 τοῦ
157 2467 339 2530 Θεοῦ,
375 2467 470 2520 καὶ
499 2465 642 2518 κατά
683 2463 778 2517 τοῦ
813 2463 1061 2518 διαϐόλου
1103 2465 1199 2516 καὶ
1229 2462 1338 2517 τῶν
1360 2465 1448 2516 ἐπ’
1484 2465 1625 2536 αὐτῷ

1795 2479 1846 2517 m
1882 2472 1937 2519 et
1977 2465 2033 2520 in
2073 2481 2170 2521 eos
2217 2467 2308 2538 qui
2360 2471 2643 2526 conﬁdunt
2677 2475 2732 2528 in
2786 2491 2872 2532 eo.
2926 2479 2994 2532 Et
3042 2484 3319 2549 quomodo

13 2559 432 2614 πεποιθότων·
469 2558 563 2610 καὶ
610 2557 822 2627 δπωςὴ
876 2555 972 2611 τοῦ
1029 2555 1286 2626 Σωτῆρος
1343 2557 1630 2628 ἐπιδημία,

1735 2552 2033 2610 Salvatoris
2061 2556 2330 2614 adventus
2356 2560 2449 2614 ﬁat
2477 2562 2783 2620 destructio
2811 2569 3012 2624 erroris
3054 2572 3316 2630 idolorum

16 2653 343 2724 ἀναίρεσις
379 2651 478 2722 τῆς
501 2649 713 2713 πλάνης
739 2649 849 2703 τῶν
879 2647 1136 2716 εἰδώλων,
1172 2651 1268 2703 καὶ
1296 2649 1392 2702 τοῦ
1424 2649 1625 2721 ταύτην

1809 2645 1932 2716 ejus
1957 2646 2050 2716 qui
2071 2661 2191 2702 eam
2216 2649 2468 2720 inspirat.

18 2750 118 2800 ὲνε
131 2744 252 2816 ργή
262 2759 461 2806 σαντος
488 2739 722 2810 γίνεται.

103 2834 230 2908 μς,
277 2832 648 2904 Μακαρισμδς
674 2833 784 2886 τῶν
812 2832 1192 2902 φυλαττόντων
1222 2832 1322 2904 τὴν
1349 2831 1486 2903 πρὸς
1523 2831 1628 2886 ΔἺς.

1803 2830 2008 2888 XLVII.
2048 2832 2339 2892 Beatitu’do
2385 2852 2575 2893 eorum
2619 2841 2711 2910 qui
2753 2855 2974 2901 servant
3017 2847 3314 2918 spiritalem

25 2928 336 3002 ρουσαλὴμ
375 2927 474 2999 τὴν
505 2926 705 2998 νοητὴν
751 2926 1097 2995 συγγένειαν,
1129 2920 1246 3000 ἐνῇ
1282 2929 1510 2996 φανεροῖ
1530 2927 1625 2996 τῆς

1794 2941 1854 2978 ιη]
1902 2923 2202 2982 Jerusalem
2271 2932 2693 3001 cognationem,
2745 2936 2945 3007 inqua
2997 2941 3316 2999 manifestat

25 3019 258 3080 οἰκείας
289 3015 587 3086 ἐπιδημίας
626 3017 655 3068 ὁ
705 3015 942 3085 Χριστὸς
970 3015 1042 3068 τὰ
1077 3017 1377 3087 μυστήρια,
1411 3016 1504 3070 καὶ
1527 3015 1625 3087 τὴν

1794 3015 1985 3071 πὶεῑιιε
2024 3017 2108 3070 sui
2144 3017 2415 3074 adventus
2452 3022 2727 3092 mysteria,
2775 3034 2829 3080 et
2871 3027 3182 3087 Iudaeorum
3219 3048 3314 3088 su-

25 3111 148 3166 τῶν
197 3109 479 3164 Ἰουδαίων
532 3107 855 3173 ἀλαζονείαν
905 3107 1092 3176 παύει,
1144 3108 1353 3178 βεϐαιοῖ
1412 3109 1470 3162 δὲ
1518 3108 1628 3162 τῶν

29 3203 259 3258 πιστῶν
287 3202 390 3273 τὴν
417 3199 728 3256 εὐσέϐειαν.

109 3324 234 3390 μη¹.
281 3314 701 3387 Εὐαγγελζισμδς
742 3313 856 3367 τῶν
896 3313 1258 3383 Ἐκκλησιῶν,
1292 3315 1387 3369 καὶ
1427 3315 1626 3386 θρῆνος

31 3410 146 3463 τῶν
180 3408 503 3463 Ἰουδαϊκῶν
539 3405 874 3473 συναγωγῶν
898 3421 910 3435 ·
933 3406 1030 3458 καὶ
1060 3405 1260 3477 ἀπειλὴ
1284 3407 1382 3472 τῆς
1423 3407 1624 3476 Ἰερου-

35 3499 232 3570 σαλὴμ
266 3497 621 3568 ἐρημώσεως,
657 3495 854 3564 μέχρις
873 3493 939 3548 ἂν
967 3494 1186 3564 δέξηται
1217 3493 1314 3564 τὴν
1343 3494 1625 3547 κοινωνίαν

35 3591 132 3645 τοῦ
164 3588 510 3658 Πκθεύματος,
541 3588 608 3655 ἢν
634 3586 703 3638 τά
740 3584 870 3654 ἔθνη
897 3586 1186 3656 δεχόμενα,
1223 3585 1488 3656 ἐλεύθερα
1519 3586 1624 3640 πά-

37 3703 142 3756 σης
181 3682 391 3753 βλάϐης
421 3679 774 3750 φυλάττεται,
821 3678 1066 3731 Ἰουδαῖοι
1115 3679 1170 3732 δὲ
1221 3677 1522 3751 διασπορὰς
1547 3679 1623 3743 ὡς

38 3774 404 3838 ἀπειθοῦντες
430 3773 727 3827 πείσονται.

114 3889 231 3962 μθ’.
271 3887 561 3956 Δοξολογία
592 3885 730 3940 Θεοῦ
759 3887 855 3940 καὶ
870 3886 980 3940 τῶν
1003 3885 1245 3954 ἀγαθῶν,
1284 3886 1428 3957 άπερ
1458 3883 1622 3949 αὐτὸς

0 3983 1 3986 ’
43 3983 364 4054 χαρίζεται·
406 3979 501 4034 καὶ
556 3979 879 4051 πρόρρησις,
924 3978 1308 4049 φθαρήσεσθαι
1346 3979 1446 4048 τὴν
1491 3977 1621 4030 ἀσέ-

45 4076 202 4129 ϐειαν
234 4073 300 4125 δι’
326 4071 678 4134 ἀναστάσεως
719 4069 963 4142 Χριστοῦ
1001 4068 1098 4123 καὶ
1135 4068 1478 4139 ἀναλήψεως,
1526 4067 1622 4122 καὶ

2 4191 4 4194 ν
50 4171 158 4224 τῶν
188 4169 361 4226 ἄλλων
398 4167 740 4239 μυστηρίων,
781 4165 927 4236 ειπερ
968 4167 1049 4228 είς
1093 4163 1400 4234 ἀφανισμὸν
1439 4163 1620 4232 πάσης

0 4263 2 4270 ’
51 4264 258 4329 πλάνης
305 4260 548 4314 ἐπιτελεῖ
599 4258 1012 4329 σαρκούμενος·
1043 4257 1104 4322 ἐξ
1135 4251 1209 4310 ὧν
1265 4255 1404 4308 Σιὼν
1455 4255 1618 4326 μὲνὴ

1730 3107 1936 3174 ρετδίω
1980 3107 2146 3164 ﬁnem
2202 3110 2454 3196 imponit,
2495 3123 2549 3169 et
2590 3116 2882 3174 conﬁrmat
2920 3120 3161 3204 ﬁdelium
3200 3127 3315 3198 pic-

1733 3205 1781 3250 ta
1789 3205 1916 3251 tem.

1797 3305 2029 3364 XLVIII.
2071 3309 2281 3367 Laetitia
2306 3311 2667 3372 Ecclesiarum
2690 3328 2745 3374 et
2771 3321 3094 3382 lamentatio
3118 3328 3307 3386 Judai-

1727 3411 1917 3452 carum
1968 3414 2357 3472 synagogarum
2387 3413 2444 3459 et
2484 3407 2647 3462 minae
2696 3409 3050 3470 d'esolationis
3083 3417 3308 3477 Jerusa-

1726 3487 1869 3553 lem,
1918 3489 2092 3544 donec
2150 3492 2378 3563 recipiat
2425 3499 2988 3556 communicationem
3034 3506 3305 3578 Spiritus,

1726 3593 1886 3647 quam
1917 3579 2243 3649 recipientes
2265 3593 2479 3652 gentes,
2501 3585 2775 3643 immunes
2803 3605 3093 3648 servantur
3121 3601 3305 3655 omnis

1726 3686 1915 3739 noxae;
1959 3672 2137 3728 Judaei
2183 3684 2368 3730 autem
2415 3692 2514 3746 pro
2545 3691 2644 3733 sua
2675 3677 3058 3742 incredulitate
3097 3688 3306 3760 disper-

1725 3763 1942 3818 sionem
1975 3764 2276 3834 patientur.

1792 3876 1981 3933 XLIX.
2024 3879 2357 3936 Gloriﬁcatio
2387 3881 2481 3937 Dei
2509 3892 2561 3937 et
2594 3883 2865 3943 bonorum
2894 3905 3016 3960 quae
3049 3892 3164 3963 ipse
3197 3894 3300 3950 lar-

1722 3968 1903 4040 gitur;
1930 3979 1985 4024 et
2013 3971 2295 4041 przedictio
2330 3973 2752 4043 disperdendam
2784 3979 2901 4036 fore
2943 3982 3302 4055 impietatem,

1721 4077 1818 4130 per
1841 4061 2042 4116 Christi
2072 4064 2528 4118 resurrectionem
2575 4075 2631 4120 et
2665 4071 3041 4128 ascensionem
3083 4075 3297 4146 aliaque

1723 4153 1976 4223 mysteria
2000 4169 2122 4224 qua:
2155 4154 2211 4209 in
2233 4155 2581 4212 abolitionem
2615 4161 2797 4215 omnis
2821 4165 3025 4220 erroris
3056 4170 3303 4236 perﬁciet

1720 4244 2058 4310 incarnatus,
2113 4261 2212 4315 per
2252 4261 2375 4314 qua:
2423 4263 2566 4303 nova
2610 4248 2742 4305 Sion
2790 4252 3116 4312 inconcussa
3171 4261 3300 4326 erit,

0 4383 2 4386 τ
52 4355 144 4409 νέα
175 4354 466 4416 ἀσάλευτος
487 4352 663 4418 ἔσται,
696 4353 752 4404 αί
784 4349 1102 4419 συναγωγαῖ¹
1129 4347 1186 4402 δὲ
1206 4347 1317 4400 τῶν
1352 4347 1618 4401 Ἰουδαίων

1794 4353 2003 4410 [ιαεοεω
2034 4348 2216 4394 autem
2247 4337 2555 4396 Judaeorum
2590 4343 2928 4412 quatient-tur.

55 4447 303 4500 σείονται.

122 4563 186 4612 ν’.
225 4554 535 4624 Πρόρῤησις
567 4551 878 4613 συντελείας
905 4549 1003 4619 τῆς
1039 4549 1324 4619 ὁρωμένης
1363 4547 1618 4614 κτίσεως,

0 4630 4 4662 ἶ
60 4647 177 4699 καθ’
203 4646 265 4715 ἢν
295 4643 656 4712 ἀφανίζονται
702 4643 861 4712 θυμῷ
899 4642 994 4698 τοῦ
1025 4643 1162 4697 Θεοῦ
1198 4643 1338 4713 μετὰ
1364 4642 1468 4712 τῆς
1497 4644 1624 4694 ἀσε-

60 4739 206 4802 ϐείας
233 4737 280 4790 οἱ
313 4736 484 4806 ταύτῃ
531 4736 1054 4806 προσχωρήσαντες,
1108 4735 1223 4796 τοῖς
1270 4733 1518 4786 εὐσεϐέσι
1563 4733 1618 4786 δὲ

0 4821 2 4830 ’
61 4827 378 4901 κληρονομία
409 4815 636 4880 δίδοται.

0 4915 2 4944 ἓ
128 4921 220 4978 va’.
256 4918 671 4990 Εὐαγγελισμδς
731 4919 830 4972 τοῦ
873 4918 977 4988 τῆς
1023 4917 1351 4988 Ἐκκλησίας
1398 4917 1614 4981 ἄνθους,

0 5007 4 5014 ’
66 5016 152 5067 καὶ
177 5016 278 5067 τῶν
306 5013 602 5084 θαυμάτων
633 5011 670 5066 ὃ.
711 5010 1019 5083 σαρκωθεὶς
1041 5014 1070 5066 ὁ
1103 5010 1338 5082 Χριστὸς
1372 5009 1614 5075 ἐδέξατο,

66 5107 157 5160 καὶ
185 5105 283 5159 τῶν
311 5105 529 5172 ἀγαθῶν
551 5105 661 5174 τῆς
680 5103 892 5176 δωρεᾶς
917 5102 1014 5156 τοῦ
1039 5101 1438 5173 βαπτίσματος.

134 5216 224 5289 νβ’.
294 5218 579 5287 Διήγησις,
633 5214 721 5270 οἷα
778 5215 1064 5287 Ῥαψάκης
1115 5217 1183 5286 τῇ
1256 5213 1616 5286 Ἰερουσαλὴμ

0 5367 2 5378 ν
71 5313 210 5380 παρὰ
256 5307 346 5362 τοῦ
389 5309 754 5378 Σεναχειρεὶμ
799 5307 1134 5370 ἀποσταλεὶς
1164 5305 1467 5376 ἠπείλησεο
1519 5305 1614 5358 καὶ

0 5385 3 5396 ’
71 5400 202 5464 ὅπως
228 5399 317 5470 τὴν
354 5398 585 5468 ἀπειλὴν
626 5399 874 5462 Ἐζεκίας
929 5395 1137 5468 μαθὼν,
1195 5395 1333 5467 πρὸς
1391 5395 1614 5449 Ἡσαΐαν

0 5553 1 5556 η
73 5493 184 5556 τοὺς
207 5491 334 5563 ὑπὲρ
363 5490 534 5560 αὐτῆς
554 5488 814 5560 δεηθῆναι
844 5486 1296 5560 παρακαλοῦντας
1329 5486 1576 5556 ἐπεμψεν
1597 5505 1611 5520 ο

76 5583 102 5633 ὁ
128 5582 176 5634 δὲ
206 5580 494 5649 ἀσφάλειαν
530 5579 681 5650 παρὰ
703 5577 838 5631 Θεοῦ
862 5582 930 5649 τῇ
963 5579 1142 5642 πόλει,
1171 5578 1524 5648 ἀποστροφὴν
1556 5577 1612 5630 δὲ

79 5672 159 5727 τοῦ
181 5673 494 5743 Σεναχειρὶμ
518 5674 597 5736 είς
629 5671 725 5741 τὴν
755 5670 940 5743 χώραν
979 5670 1078 5742 τὴν
1108 5669 1318 5724 οἰκείαν
1349 5669 1608 5739 ἐμήνυσε.

1793 4540 1855 4593 L.
1899 4539 2188 4596 Praedictio
2209 4544 2700 4603 consummationis
2722 4549 3015 4608 creationis
3048 4553 3297 4620 visibilis,

1722 4631 1775 4684 in
1811 4648 1916 4700 qua
1937 4629 2030 4686 Dei
2059 4631 2244 4687 furore
2275 4635 2531 4689 delentur
2554 4647 2610 4692 et
2640 4638 2892 4708 impietas
2925 4653 2981 4697 et
3011 4644 3046 4697 ii
3071 4646 3164 4714 qui
3193 4646 3298 4699 im-

1719 4720 1904 4788 pietati
1939 4719 2313 4801 adhaeserunt,
2353 4723 2455 4791 piis
2496 4733 2679 4778 autem
2723 4726 2959 4781 donatur
2988 4731 3296 4792 hereditas.

1791 4922 1880 4976 LI.
1919 4921 2130 4976 Laetum
2160 4919 2413 4975 nuntium
2446 4919 2596 4975 ﬂoris
2633 4921 2916 4993 Ecclesiae,
2965 4938 3020 4984 et
3059 4930 3300 4988 miracu-

1718 5014 1893 5068 lorum
1919 5028 2041 5082 quae
2059 5012 2309 5065 Christus
2335 5011 2651 5067 incarnatus
2672 5015 2923 5084 perfecit,
2947 5031 3003 5076 et
3027 5021 3296 5081 bonorum

1718 5106 1844 5160 doni
1883 5102 2244 5173 baptismatis.

1789 5218 1900 5272 LII.
1941 5217 2216 5286 Expositio
2249 5218 2514 5274 malorum
2543 5235 2664 5290 quae
2704 5221 2993 5290 liabsaces,
3026 5242 3056 5282 a
3086 5226 3294 5286 Senna-

1715 5310 1904 5366 cherib
1939 5311 2159 5374 missus,
2183 5307 2485 5365 Jerusalem
2515 5313 2752 5368 minatus
2774 5323 2878 5379 est,
2914 5327 2970 5371 et
2995 5323 3288 5392 quomodo,

1716 5403 1802 5456 bis
1828 5401 2046 5464 auditis,
2084 5401 2346 5457 Ezechias
2375 5402 2441 5456 ad
2480 5403 2673 5460 Isaiam
2725 5406 2873 5463 misit
2902 5411 2994 5480 qui
3025 5428 3149 5468 eum
3190 5416 3292 5470 de-

1715 5502 2070 5564 precarentur
2094 5501 2155 5547 ut
2175 5503 2359 5548 oraret
2388 5509 2488 5562 pro
2515 5495 2596 5551 eis
2627 5514 2640 5550 :
2687 5498 2776 5552 ille
2805 5510 2985 5556 autem
3029 5507 3288 5563 securita-

1715 5595 1823 5640 tem
1858 5602 1887 5639 ιι
1913 5585 2026 5640 Deo
2066 5585 2292 5653 civitati,
2329 5601 2630 5657 regressum
2669 5607 2798 5648 vero
2829 5594 3204 5657 Sennachcrib
3232 5603 3289 5660 in

1716 5690 1869 5730 suam
1905 5675 2182 5746 regionem
2207 5677 2573 5734 annuntiavit.
