3764 6304
0 238 166 303 1381

1477 288 1484 292 -
1519 244 1602 301 IN
1644 247 1932 306 ISAIAM.

3215 254 3355 324 I382

90 353 216 421 ξξμ.
276 354 698 424 Προσφώνησις
765 355 877 414 τοῖς
932 352 1240 422 στοιχείοις,
1293 353 1381 404 διὰ
1425 354 1525 423 τὴν
1573 353 1664 407 τοῦ

1847 357 2008 411 LXII.
2051 360 2320 416 Allocutio
2357 365 2424 418 ad
2475 366 2742 421 elementa
2796 378 2854 421 ut
2896 382 3117 438 prapter
3155 373 3251 430 Dei
3299 375 3353 429 in

0 439 174 493 Θεοῦ
244 445 411 512 περὶ
453 444 559 494 τῶν
603 442 905 513 ἀνθρώπων
934 442 1352 512 φιλανθρωπίαν
1380 443 1666 515 εὐφραίνε-

6 531 202 584 σθαιο
244 534 362 585 καὶ
398 533 657 602 ἐπιτιμία
691 535 802 596 τοῖς
834 532 1129 600 ἐγκαλοῦσι
1165 533 1242 604 τῷ
1288 534 1512 608 Χριστῷ
1538 537 1668 607 περὶ

4 615 98 674 ὧν
131 625 487 694 οἰκονομεῖ,
528 625 649 677 δέον
685 625 990 694 δοξολογεῖν
1021 621 1082 680 οῦ
1116 627 1282 697 μόνου
1313 628 1668 699 προγνώστου

8 713 125 764 καὶ
161 715 435 784 ποιητοῦ
471 716 832 784 τυγχάνοντος
857 733 870 746 °
907 718 1002 770 καὶ
1050 719 1138 771 διὰ
1176 719 1335 772 τοῦτο
1365 721 1668 790 τρεχόντων

9 804 179 874 πρὸς
211 806 414 859 αὑτὸν
440 807 549 860 τῶν
579 806 750 860 ἐθνῶν
783 809 864 871 εἰς
897 811 1300 881 προσκύνησιν.

93 918 227 988 ξγ’.
307 923 646 994 Προφητεία
708 923 1051 995 Ἐκκλησιῶν
1134 926 1526 998 ἐγκαινισμοῦι
1573 930 1670 983 καὶ

12 1010 198 1074 ὅπως
229 1015 264 1064 ὁ
331 1015 580 1084 Χριστὸς
610 1013 686 1076 ὼς
728 1013 860 1078 Θεὸς
903 1015 1000 1068 καὶ
1046 1017 1389 1087 Δημιουργὸς
1439 1020 1670 1089 μάταιον

21 1104 143 1172 μὲν
186 1104 376 1157 οὐδὲν
409 1106 487 1175 τῷ
532 1107 750 1177 Ἰσραὴλ
783 1106 1116 1174 ἐντέλλεται,
1148 1109 1215 1163 τὰ
1249 1109 1378 1178 ἔθνη
1413 1113 1471 1166 δὲ
1503 1113 1668 1166 καλεῖ

18 1195 135 1246 καὶ
163 1195 395 1258 σώζει·
419 1199 515 1250 καὶ
538 1199 688 1268 αὑτῴ
719 1199 817 1268 μὲν
841 1201 950 1252 πᾶν
973 1201 1103 1268 γόνυ
1126 1201 1361 1272 κάμψει·
1383 1203 1452 1256 τὰ
1469 1204 1665 1258 είδωλα

17 1284 89 1337 δὲ
129 1287 293 1354 παρ’
336 1289 513 1340 αὐτοῦ
564 1292 984 1359 συντριϐήσεται
1017 1308 1030 1322 '
1060 1294 1157 1345 καὶ
1200 1295 1512 1365 κατηγορία
1567 1296 1662 1348 τοῦ

38 1375 306 1447 Ἰσραὴλ
368 1378 467 1430 ἐπὶ
509 1382 575 1449 τῇ
625 1381 878 1452 εἱδωλικῇ
933 1383 1152 1454 πλάνῃο
1184 1383 1282 1436 καὶ
1311 1385 1662 1455 παραίνεσις,

27 1468 466 1539 προσδραμεῖν
488 1471 564 1540 τῷ
595 1472 816 1542 Χριστῷ
837 1473 913 1536 ὡς
939 1477 1246 1544 οἰκονομεῖν
1280 1475 1348 1528 τὰ
1388 1479 1666 1550 μυστήρια

30 1561 356 1629 μέλλοντι,
421 1561 568 1633 ειπερ
617 1567 698 1627 είς
763 1565 1038 1635 σωτηρίαν
1105 1567 1184 1638 τῷ
1254 1567 1474 1640 Ἰσραὴλ
1534 1590 1667 1643 προ-

30 1647 236 1702 έθετο.

119 1764 229 1829 ξδ’.
268 1764 684 1850 Προσφὼνησις
715 1770 778 1836 τῇ
823 1769 1034 1838 ἀρχαίᾳ
1100 1771 1458 1843 Ἰερουσαλὴμ
1482 1815 1497 1837 ,
1533 1791 1666 1826 πεν-

37 1858 172 1911 θεῖν
207 1858 311 1912 διὰ
336 1858 444 1927 τὴν
465 1857 741 1924 ἀσέϐειαν,
778 1861 901 1913 ὃθεν
928 1861 1066 1932 αὐτῇ
1113 1862 1174 1915 τό
1207 1864 1308 1933 τῆς
1347 1863 1666 1929 Βαϐυλῶνος

37 1949 419 2020 περιέθηκεν
470 1951 784 2020 πρόσωπον,
816 1952 891 2016 ὡς
932 1953 1000 2006 τὰ
1048 1954 1268 2026 ἐκείνης
1306 1952 1666 2031 μιμησαμένη

41 2041 250 2095 κακά’
290 2043 399 2095 καὶ
449 2042 672 2113 ἀπειλὴ,
705 2045 797 2097 τὸν
855 2045 1104 2100 διάϐολον
1155 2048 1236 2111 είς
1289 2048 1352 2102 τὸ
1407 2049 1518 2121 πῦρ
1565 2053 1667 2121 τῆς

42 2137 307 2206 γεέννης
349 2135 797 2206 πεμφθήσεσθαι.

129 2249 236 2315 ξε’.
295 2249 630 2318 Κατηγορία
676 2249 772 2318 τῆς
827 2248 922 2302 τοῦ
959 2249 1180 2322 Ἰσραὴλ
1230 2251 1574 2322 ὑποκρίσεῶς
1607 2269 1668 2306 τε

49 2341 163 2395 καὶ
191 2341 650 2411 σκληροκαρδίας
672 2356 686 2370 ’
729 2341 823 2391 καὶ
852 2340 1222 2413 διαμαρτυρία
1245 2343 1354 2395 τῶν
1391 2343 1668 2413 ἐσομένων

53 2434 130 2503 τῇ
185 2431 512 2502 Ἐκκλησία
564 2430 903 2500 μυστηρίων,
938 2433 1034 2484 καὶ
1087 2432 1184 2501 τῆς
1229 2431 1324 2484 τοῦ
1376 2431 1666 2486 Ἰουδαῖκοῦ

54 2521 202 2574 λαοῦ
231 2518 739 2590 ἁπαλλοτριώσεως
763 2535 779 2550 ⁶
820 2522 916 2580 καὶ
943 2519 1021 2584 ὡς
1049 2523 1077 2574 ό
1103 2521 1340 2591 Χριστὸς
1366 2523 1526 2586 αὐτος
1561 2523 1669 2592 πρὸ

56 2612 301 2667 αἰώνων
358 2611 456 2664 καὶ
501 2611 590 2664 ἐπ’
613 2611 858 2682 ἐσχάτων
903 2605 1022 2666 ἐστί
1047 2613 1175 2666 ’καὶ
1225 2613 1535 2684 ὀνειδισμὸς
1589 2614 1668 2686 τῷ

70 2703 340 2775 Ἰσραὴλ,
360 2704 434 2766 ὡς
460 2703 560 2773 οὑχ
579 2703 956 2757 ὑπακούσαντι
978 2721 990 2734 ⁶
1019 2705 1211 2776 κλῆσις
1232 2705 1288 2759 δὲ
1319 2711 1429 2771 τοῖς
1467 2707 1664 2774 ἔθνεσι,

57 2798 160 2850 καὶ
196 2797 506 2866 ὑπόσχεσις
535 2796 634 2867 τῆς
660 2797 848 2868 πηγῆς
870 2797 964 2851 τοῦ
988 2797 1384 2870 βαπτίσματος.

139 2908 258 2974 «ᾖς’.
300 2906 516 2978 Κλῆσις
574 2907 765 2975 ἐθνῶν,
798 2908 893 2961 καὶ
933 2909 1237 2980 προφητεία
1279 2911 1375 2965 τοῦ
1405 2911 1664 2983 Χριστοῦ,

61 3002 146 3062 ὡς
180 3002 271 3063 εἰς
318 2999 508 3053 δούλου
541 3000 756 3072 μορφὴν
788 3001 982 3055 ἑαυτὸν
1021 3001 1114 3054 ἐπὶ
1162 3003 1409 3074 σωτηρίᾳ
1435 3005 1546 3057 τῶν
1574 3006 1665 3057 ὲθ-
1693 3043 1736 3100 C

64 3094 184 3148 νῶν
226 3093 594 3164 κηρύξαντος,
629 3093 810 3165 καιρῷ
849 3111 908 3146 τε
944 3093 1115 3165 αὐτὴν
1147 3095 1563 3165 οίκονομοῦντος
1591 3097 1667 3168 τῷ

64 3184 282 3238 δέοντι.

147 3277 258 3344 ξζ’.
297 3277 695 3348 Προσφώνησις
743 3280 858 3341 τοῖς
911 3279 1217 3348 στοιχείοις,
1247 3281 1526 3350 ἑορτάζειν
1563 3281 1667 3351 τῆς

73 3370 371 3439 σωτηρίας
405 3369 510 3421 τῶν
537 3369 842 3438 ἀνθρώπων
871 3370 1035 3423 ἕνεκα
1063 3386 1077 3398 ·
1108 3372 1202 3424 καὶ
1230 3371 1524 3442 ὑπόσχεσις
1566 3373 1666 3442 τῆς

73 3462 359 3534 ἐσομένης
413 3463 796 3526 πολυπαιδίας,
839 3462 1009 3526 ἐθνῶν
1049 3480 1108 3516 τε
1167 3465 1511 3534 συναγωγῆς,
1570 3466 1666 3519 καὶ

70 3553 341 3606 διαϐόλου
365 3553 727 3616 σκυλεύσεως,
754 3553 1028 3618 ἀπωλείας
1046 3571 1106 3607 τε
1127 3555 1418 3626 δαιμόνων,
1445 3555 1666 3609 καὶτῶν

2 3659 4 3676 ’
75 3645 300 3699 πιστῶν
328 3644 676 3715 λυτρώσεως.

152 3755 264 3826 ξη’.
313 3754 646 3824 Ὀνειδισμός
665 3754 744 3826 τῷ
784 3757 1027 3827 Ἰσραὴλ,
1060 3757 1154 3810 καὶ
1185 3755 1286 3826 τῆς
1317 3756 1449 3826 παρ’
1482 3756 1665 3820 αὐτοῖς

80 3847 419 3916 συναγωγῆς
442 3847 682 3916 ἀποϐολή
711 3861 724 3875 ·
757 3847 854 3901 καὶ
885 3847 1110 3914 ἔνδειξις
1146 3847 1330 3917 ἰσχύος
1365 3846 1500 3901 Θεοῦ
1527 3865 1541 3880 ο
1570 3848 1666 3900 καλ⁵

80 3936 400 4009 προφητεία
429 3935 537 3990 τῶν
561 3934 658 3988 τοῦ
687 3937 892 4004 Κυρίου
929 3937 1116 3990 παθῶν
1137 3952 1151 3967 ο
1174 3937 1271 3989 καὶ
1304 3937 1500 4005 ἀπειλὴ
1523 3936 1665 3990 κατὰ

2 4059 4 4068 ι
80 4027 194 4080 τῶν
235 4026 534 4090 Ἰουδαίων,
566 4026 642 4090 ὡς
666 4029 848 4080 αὐτῶν
883 4027 1269 4082 σκευασάντων
1316 4027 1414 4098 τὴν
1459 4027 1665 4081 οἰκείαν

82 4118 388 4172 ἀπώλειαν.

160 4231 260 4296 ξθθ.
296 4228 693 4302 Προσφώνησις
717 4231 794 4301 τῷ
828 4231 1067 4302 Ἰσραὴλ,
1102 4232 1396 4302 προσέχειν
1434 4234 1547 4294 τοῖς
1569 4231 1662 4284 τοῦ

84 4323 263 4412 τάφου
313 4323 408 4375 τοῦ
450 4306 784 4379 Δεσποτικοῦ
823 4323 1064 4394 θαύμασι
1096 4340 1110 4354 ο
1147 4323 1243 4376 καὶ
1271 4322 1368 4377 τοῦ
1411 4323 1661 4394 Ἀϐραὰμ
1695 4374 1735 4429 D

88 4414 186 4481 τὴν
211 4413 464 4482 εὐλογίαν
495 4414 808 4482 λογίζεσθαι
831 4431 843 4444 ·
879 4414 1100 4484 καὶτῆς
1130 4413 1269 4472 Σιὼν
1301 4416 1660 4486 ἐγκαινισμὸν

91 4506 510 4576 προσδέχεσθαι,
552 4507 723 4561 ἐθνῶν
775 4507 1156 4577 προσέλευσιν,
1215 4508 1309 4560 καὶ
1356 4507 1465 4562 τῶν
1518 4525 1663 4561 στοι-

88 4597 253 4666 χείων
287 4598 602 4652 συντέλειαν
633 4615 646 4629 ο
684 4602 777 4651 καὶ
802 4599 1130 4668 παραίνεσις
1158 4601 1271 4672 τοῖς
1306 4603 1551 4664 πιστοῖς,
1587 4600 1662 4671 μὴ

89 4686 373 4755 φοϐεῖσθαι
402 4687 510 4739 τῶν
535 4688 781 4740 ἀπίστων
811 4690 877 4742 τὰ
909 4687 1240 4758 σκώμματα.

159 4795 222 4850 o'.
275 4796 632 4866 Παράκλησις
662 4799 725 4867 τῇ
768 4796 1142 4870 Ἰερουσαλὴμ,
1175 4799 1250 4862 ὼς
1295 4799 1424 4852 λαοῦ
1466 4800 1662 4852 πιστοῦ

91 4892 148 4945 ἐν
175 4891 312 4961 αὑτῇ
340 4890 753 4944 συνελεύσεσθαι
789 4891 1093 4959 μέλλοντος·
1119 4893 1212 4945 καὶ
1242 4894 1543 4964 προτροπὴ,
1571 4895 1664 4947 ἐπὶ

95 4982 210 5050 6εῷ
247 4971 594 5035 πεποιθέναι⁸
646 4983 741 5034 καὶ
798 4982 1123 5051 ὑπόσχεσις,
1174 4983 1272 5055 τὴν
1316 4984 1437 5037 κατ’
1493 4985 1664 5054 αὐτῆς

97 5072 261 5142 ὀργὴν
285 5074 425 5126 κατὰ
460 5073 731 5143 δαιμόνων
759 5073 1158 5143 τραπήσεσθαι.

169 5188 263 5236 οα’.
315 5185 646 5253 Παραίνεσις
697 5188 764 5257 τῇ
821 5185 992 5249 Σιὼν,
1029 5187 1104 5249 ὡς
1136 5187 1236 5257 τῆς
1287 5187 1662 5257 αἰχμαλωσίας

103 5272 362 5344 μελλούσῃ
383 5274 836 5330 ἁπαλλὰ.ττεσθαι’
862 5279 955 5330 καὶ
981 5278 1308 5349 ἀνάμνησις,
1329 5275 1415 5331 οἷα
1448 5281 1662 5349 Ἰσραὴλ

104 5369 128 5416 ὁ
169 5364 389 5429 παλαιὸς
433 5367 694 5438 ὴνόμησεο
735 5371 828 5421 καὶ
858 5370 1196 5442 πρόρρησις,
1226 5371 1300 5434 ῶς
1357 5373 1602 5443 ἐνδημῶν
1635 5376 1663 5426 ὁ
1706 5420 1707 5423 η

80 5443 322 5526 ’Χριστὸς
352 5457 448 5509 καὶ
474 5457 730 5527 γνωρίζει
754 5460 821 5511 τὰ
852 5462 1027 5514 οἰκεῖα
1053 5465 1349 5534 μυστήρια,
1372 5466 1466 5519 καὶ
1491 5467 1665 5518 ἀπαλ-

103 5546 261 5617 λαγὴν
308 5547 489 5610 αὐτοῖς
542 5547 642 5616 τῆς
691 5549 924 5618 ἀρχαίας
973 5553 1328 5626 Ἰερουσαλὴμ
1355 5556 1429 5619 ὡς
1457 5573 1662 5626 τυγχα-

107 5633 284 5706 νούσης
315 5637 626 5708 ἀκαθάρτου
662 5637 968 5707 χαρίζεται.

1779 448 2025 504 homines
2050 450 2488 509 benevolentiam
2513 457 2783 514 Iaztenlur.
2810 460 2878 516 Et
2899 465 3261 533 reprehensio
3296 467 3350 521 in

1773 555 1868 594 eos
1897 541 1987 610 qui
2023 543 2318 600 detrahunt
2345 545 2660 605 Christode
2691 553 2776 608 his
2803 569 2924 623 qua:
2961 556 3200 623 ordinat,
3222 573 3351 612 cum

1775 634 2158 704 gloriﬁcandus
2183 638 2255 693 sit
2291 647 2551 711 tanquam
2590 644 2783 700 unicus
2813 646 2980 702 futuri
3016 649 3276 718 praescius
3301 659 3349 704 et

1776 734 2010 790 creator,
2047 735 2102 782 et
2147 739 2438 800 propterea
2478 734 2544 788 ad
2577 749 2702 788 eum
2737 747 3071 794 concurrant
3091 739 3352 794 nationes

1775 817 1844 871 ad
1878 817 2242 874 adorandum.

1842 927 2030 983 LXIII.
2075 929 2400 987 Vaticinium
2444 935 2813 991 renovationis
2864 937 3255 1003 Ecclesrarum,
3298 949 3352 992 et

1775 1022 2051 1089 quomodo
2083 1021 2355 1090 Christus,
2380 1035 2440 1080 ιιι
2465 1025 2608 1082 Deus
2635 1037 2692 1082 et
2711 1038 2946 1092 creator,
2972 1029 3110 1083 nihil
3134 1029 3350 1098 quidem

1777 1112 1899 1164 vani
1922 1113 1996 1166 ad
2026 1113 2188 1167 Israel
2210 1115 2386 1184 jubet,
2429 1126 2618 1187 gentes
2656 1127 2838 1172 autem
2871 1129 3027 1174 vocat
3065 1129 3120 1174 et
3144 1121 3348 1187 salvat;

1778 1210 1831 1254 et
1869 1200 1971 1270 ipsi
2019 1217 2180 1257 omne
2224 1220 2366 1275 genu
2409 1207 2691 1274 ﬂectetur;
2748 1209 2888 1263 idola
2939 1225 3069 1264 vero
3107 1211 3180 1264 ab
3231 1211 3352 1280 ipso

1777 1301 2151 1348 conterentur.
2193 1297 2258 1350 ht
2297 1299 2574 1352 accusatio
2616 1298 2778 1353 Israel
2816 1309 3040 1369 propter
3082 1300 3350 1357 idolorum

1774 1399 2051 1450 errorem;
2087 1395 2140 1439 et
2167 1387 2473 1444 exhortatio
2502 1391 2568 1444 ad
2592 1391 2927 1445 currendum
2949 1391 3016 1445 ad
3047 1391 3349 1462 Christum,

1774 1479 1975 1549 quippe
2007 1482 2098 1549 qui
2132 1479 2544 1550 dispensaturus
2579 1481 2652 1537 sit
2687 1485 2941 1552 mysteria
2981 1499 3102 1554 qua:
3155 1500 3352 1556 propo-

1771 1571 1884 1626 suit
1907 1572 1972 1625 ad
2003 1571 2233 1627 salutem
2265 1572 2450 1627 Israel.

1840 1767 2026 1822 LXIV.
2068 1769 2343 1824 Allocutio
2372 1771 2437 1824 ad
2463 1781 2703 1826 veterem
2726 1771 3049 1838 Jerusalem,
3084 1783 3140 1828 ut
3164 1773 3350 1829 doleat

1771 1877 1924 1916 suam
1961 1863 2319 1932 impietatem,
2355 1863 2495 1917 unde
2523 1863 2623 1932 ipsi
2649 1863 2933 1935 Babylonis
2965 1866 3179 1921 induxit
3213 1866 3346 1939 ﬁgu-

1769 1969 1906 2020 ram,
1967 1963 2223 2024 tanquam
2274 1953 2548 2035 imitatrici
2613 1955 2836 2010 matitiaz
2865 1956 3006 2026 ejus.
3066 1957 3130 2012 Et
3184 1959 3348 2012 minae

1769 2049 2044 2104 diabolum
2074 2048 2402 2104 mittendum
2429 2049 2547 2104 fore
2571 2048 2624 2104 iu
2656 2048 2832 2121 ignem
2863 2051 3145 2122 gehennae.

1840 2243 2003 2299 LXV.
2057 2244 2348 2300 Accusatio
2408 2245 2708 2318 hypocrisis
2779 2255 2834 2302 et
2893 2245 3106 2302 duritia:
3163 2248 3346 2305 ccrdis

1771 2336 1954 2402 Israel,
1988 2345 2040 2391 et
2076 2337 2449 2392 testimonium
2489 2337 2802 2392 futurorum
2851 2337 3109 2394 Ecclesia:
3154 2351 3348 2412 mySIe-

1770 2432 1973 2484 riorum
2013 2437 2064 2483 et
2107 2427 2320 2483 Iudaici
2377 2430 2561 2500 populi
2605 2431 3056 2497 abalienationis;
3097 2439 3152 2486 et
3198 2427 3346 2503 quod

1769 2519 2019 2575 Christus
2036 2527 2120 2574 est
2139 2529 2268 2574 ante
2295 2521 2491 2576 saecula
2520 2532 2575 2576 et
2593 2523 2648 2575 in
2678 2521 2862 2577 ﬁnem.
2893 2521 2960 2577 Et
2986 2524 3336 2592 exprobratio

1769 2611 1836 2666 ad
1881 2611 2068 2676 Israel,
2100 2625 2166 2667 eo
2197 2613 2344 2683 quod
2387 2628 2496 2667 non
2531 2613 2856 2668 obediverit.
2904 2611 3130 2670 Vocatio
3159 2623 3345 2671 autem

1769 2705 2035 2777 gentium,
2059 2714 2114 2760 et
2137 2707 2428 2776 promissio
2451 2705 2619 2762 fontis
2647 2707 3012 2777 baptismatis.

1840 2908 2023 2964 LXVI.
2067 2907 2292 2964 Vocatio
2343 2909 2585 2980 gentium
2633 2917 2689 2963 et
2740 2905 3058 2962 vaticinium
3119 2902 3342 2970 Christi.

1773 3011 2026 3069 tanquam
2065 3001 2118 3054 in
2157 3000 2385 3054 formam
2413 3000 2553 3055 servi
2586 2988 2826 3070 seipsum
2857 2999 2911 3053 in
2947 2999 3174 3055 salutem
3207 3013 3344 3069 gen-

1771 3094 1904 3147 tium
1953 3093 2350 3158 annuntiantis,
2402 3104 2458 3148 et
2503 3107 2626 3147 eam
2671 3092 3038 3162 dispensantis
3098 3100 3343 3164 tempore

1768 3194 2096 3255 Opportuno.

1841 3275 2048 3332 LXVII.
2086 3278 2356 3333 Allocutio
2385 3277 2453 3331 ad
2488 3277 2756 3332 elementa
2783 3285 2842 3330 ut
2865 3275 3102 3346 jubilent
3122 3284 3344 3346 propter

1768 3372 2052 3425 hominum
2095 3372 2345 3435 salutem,
2379 3379 2432 3424 et
2453 3369 2740 3439 promissio
2757 3367 2954 3422 futura:
2994 3368 3345 3422 fecunditatis

1766 3469 1820 3515 et
1857 3458 2094 3530 gentium
2135 3458 2592 3527 congregationis,
2637 3465 2692 3511 et
2743 3455 2941 3511 diaboli
2979 3455 3342 3524 spoliationis.

1767 3552 2076 3606 daemonum
2135 3559 2316 3604 autem
2360 3547 2702 3618 perditionis,
2749 3555 2804 3602 et
2854 3547 3095 3602 ﬁdelium
3133 3546 3348 3601 redem-

1765 3642 1988 3714 ptionis.

1837 3752 2068 3810 LXVIII.
2095 3750 2456 3822 Exprobratio
2468 3751 2534 3804 ad
2561 3748 2745 3813 Israel,
2769 3758 2824 3804 et
2842 3747 3134 3820 Synagogai
3153 3763 3341 3803 eorum

1765 3844 2054 3915 abnegatio
2095 3861 2108 3909 ;
2137 3852 2192 3898 et
2217 3842 2616 3897 demonstratio
2652 3841 2911 3912 potentia:
2945 3838 3078 3903 Dei,
3115 3848 3170 3893 et
3200 3839 3343 3894 vati-

1765 3936 1970 3991 cinium
2006 3934 2218 3989 Domini
2241 3935 2577 4005 passionum,
2615 3942 2671 3989 et
2702 3933 2863 3988 mina:
2899 3934 2954 3987 in
2987 3932 3229 3997 Iudaeos,
3281 3941 3345 3987 ut

1765 4025 1856 4095 qui
1883 4025 1984 4095 ipsi
2026 4025 2128 4080 sibi
2159 4025 2472 4095 paraverint
2501 4040 2655 4079 suam
2687 4024 3092 4093 perditionem.

1837 4231 2025 4288 LXIX.
2062 4231 2330 4286 Allocutio
2357 4230 2422 4284 ad
2448 4227 2632 4294 Israel,
2673 4236 2732 4283 ut
2785 4228 3032 4292 attendat
3061 4227 3339 4282 miraculis

1766 4327 2002 4398 sepulcri
2057 4325 2270 4382 Domini
2297 4333 2352 4380 et
2393 4324 2662 4378 rationem
2693 4323 2892 4377 habeat
2933 4320 3333 4376 benedictionis

1763 4421 2026 4486 Abrahae;
2063 4419 2469 4473 renovationem
2498 4417 2652 4483 Sion,
2678 4417 2919 4488 gentium
2944 4414 3336 4476 accessionem,

1764 4521 1818 4566 et
1855 4513 2248 4566 elementorum
2273 4509 2801 4564 consummationem
2833 4514 3130 4576 exspectat.
3155 4506 3344 4560 Etex-

1765 4604 2004 4658 hortatio
2035 4602 2100 4656 ad
2132 4601 2317 4656 ﬁdeles
2351 4609 2410 4654 ut
2435 4601 2839 4656 incredulorum
2871 4599 3105 4653 ludibria
3134 4611 3244 4649 non
3278 4596 3340 4650 ti-

1764 4702 1969 4747 meant.

1834 4804 1995 4858 LXX.
2029 4803 2345 4858 Consolatio
2370 4801 2436 4856 ad
2463 4802 2785 4865 Jerusalem,
2808 4815 2871 4853 ex
2897 4813 2963 4851 eo
2987 4797 3131 4866 quod
3167 4810 3339 4865 popu-

1763 4900 1850 4954 Ius
1875 4897 2048 4952 ﬁdelis
2073 4895 2129 4949 in
2160 4910 2279 4948 eam
2313 4901 2572 4947 venturus
2607 4891 2698 4957 sit,
2729 4900 2783 4945 et
2812 4889 3118 4944 exhortatio
3145 4899 3202 4943 ut
3226 4887 3340 4943 Deo

1764 4990 1968 5053 credat,
1991 4995 2047 5041 et
2070 4984 2363 5056 promissio
2385 4982 2529 5052 quod
2564 4983 2642 5036 ira
2671 4997 2792 5049 quae
2830 4990 3018 5035 contra
3048 4995 3167 5034 eam
3199 4988 3334 5044 erat,

1763 5081 1819 5135 in
1849 5081 2126 5134 daemones
2161 5083 2536 5130 convertetur.

1834 5193 2021 5248 LXXI.
2053 5190 2371 5245 Exhortatio
2405 5189 2472 5244 ad
2504 5187 2633 5243 Sion
2687 5196 2941 5256 tanquam
2969 5201 2997 5238 a
3023 5184 3334 5254 captivitate

1763 5284 2096 5338 liberandam
2123 5300 2137 5348 ;
2157 5291 2212 5335 et
2235 5281 2614 5335 rememoratio
2629 5288 2828 5349 quanta
2843 5288 3006 5344 _vetus
3024 5277 3181 5332 Israel
3207 5292 3331 5346 pec-

1763 5376 1988 5438 caverit,
2039 5382 2096 5428 et
2150 5374 2431 5442 praedictio
2461 5371 2736 5426 Christum
2777 5371 2830 5424 in
2867 5385 2962 5424 sua
3022 5370 3329 5424 venientem

1765 5466 2160 5536 patefacturum
2191 5480 2286 5519 sua
2324 5464 2597 5535 mysteria,
2630 5471 2684 5518 et
2705 5463 2785 5518 eis
2814 5463 3190 5516 liberationem
3232 5475 3333 5520 ve-

1765 5559 1894 5614 teris
1922 5557 2222 5614 Jerusalem
2259 5569 2515 5632 tanqualn
2545 5556 2762 5626 polluta:
2793 5555 3136 5626 largiturum.
