3764 6304
53 314 204 381 1385
1190 305 1653 381 FRAGMENTA:
1681 304 1759 365 IN
1793 302 2296 371 EZECHIELEM.
3195 288 3326 356 1388

53 426 418 495 κατεδέξατο
436 467 453 492 ,
482 424 568 496 ἐφ’
597 419 677 487 οἷς
718 399 881 477 ac.sz
907 418 936 471 ὁ
976 418 1265 490 προφήτης
1305 415 1494 484 ὑμνεῖο
1522 428 1622 466 κατ

1814 410 2037 481 replicta.
2055 408 2322 493 collaudat
2355 424 2369 459 :
2392 405 2623 477 incusat
2640 410 2843 489 autem
2857 400 3107 466 Iudaeos,-
3130 406 3186 457 et
3213 397 3327 470 pri-

55 493 383 593 qyopetvbs
414 493 536 587 τῶν
563 504 867 582 Ἰουδαίων,
901 513 1001 569 καὶ
1035 512 1144 565 τῶν
1181 507 1475 579 θαυμάτων
1522 503 1622 558 ἀνα

1814 496 1905 551 ina
1936 495 2187 568 prodigia
2214 495 2273 565 in
2305 493 2915 571 memoriambrevucatr

57 614 394 684 μιμνήσκει
428 611 534 664 τῶν
566 608 898 681 ἔμπροσθεν.
1480 644 1483 647 ι

131 683 250 756 ine.
286 702 575 766 Ἐντευξις
603 701 695 754 τοῦ
732 698 1016 770 προφήτου
1063 691 1197 764 πρὸς
1231 690 1321 743 τὸν
1352 687 1484 740 Θεὸν
1516 683 1657 754 ὑπὲρ

52 794 158 847 τοῦ
206 795 460 865 Ἰσραὴλ,
488 795 562 857 ὡς
598 792 970 863 παροφθέντος
1012 788 1100 841 διὰ
1129 788 1228 857 τὴν
1264 783 1654 853 πρόσκρουσιν,

52 885 159 939 καὶ
211 889 325 949 τὰς
384 888 657 958 ἁμαρτίας
706 884 788 937 ἔτι
840 881 1040 954 μᾶλλον
1092 874 1513 933 πλεονάσαντοςο
1563 868 1657 925 καὶ

57 978 359 1048 ἱκετηρία,
397 978 471 1049 μὴ
507 977 669 1048 μέχρι
698 975 887 1037 τέλους
921 968 1354 1041 παρασιωπῆσαι
1384 963 1477 1016 τὸν
1503 962 1656 1025 Θεὸν,

53 1068 208 1124 ἀλλὰ
258 1071 362 1123 τὸν
407 1068 604 1122 ἑαυτοῦ
640 1066 767 1121 λαὸν
802 1065 897 1123 καὶ
924 1063 1021 1135 τὴν
1055 1056 1408 1134 Ἰερουσαλὴμ
1439 1052 1662 1119 ἐπισκέ-

52 1163 309 1231 ψασθαι.
802 1178 809 1185 ί
1578 1154 1581 1157 ’

132 1253 255 1308 πε’.
317 1253 651 1324 ’Υπόσχεσις
692 1250 953 1322 Χριστοῦ,
984 1249 1095 1312 τοῖς
1125 1246 1335 1300 ἔθνεσιν
1363 1242 1523 1297 αὑτὸν
1557 1243 1659 1312 ἐμ-

57 1344 528 1415 φανισθήσεσθαι
553 1361 566 1372 ·
604 1344 696 1397 καὶ
720 1340 918 1411 ἀπειλὴ
948 1338 1088 1392 κατὰ
1117 1336 1224 1391 τῶν
1266 1335 1554 1398 Ἰουδαίων,
1586 1332 1662 1394 ὼς

54 1436 175 1488 ἀπε
185 1435 504 1504 ιθησὼιτων
522 1436 577 1488 ὲν
600 1433 676 1503 τῷ
702 1430 940 1502 σταυρῷ,
955 1429 1049 1482 καὶ
1069 1426 1305 1490 εἰδώλοις
1330 1425 1427 1496 μὲν
1442 1422 1660 1477 δουλευ-
1693 1476 1699 1481 ,
1746 1476 1751 1481 ,

57 1525 315 1588 σάντων,
373 1525 598 1586 ἑαυτοὺς
641 1523 699 1576 δὲ
758 1521 1147 1585 δικαιούντων,
1180 1517 1321 1587 ὑπὲρ
1365 1510 1442 1570 ὧν
1478 1515 1661 1576 αὐτοῖς

54 1612 392 1667 ἀποδώσειν
418 1615 516 1675 τὰς
549 1611 829 1682 ἁμαρτίας
851 1611 1173 1680 ἠπείλησεν.

1814 1598 2015 1643 itornm
2052 1590 2316 1644 ultionem
2347 1589 2586 1645 minatus
2609 1596 2716 1653 est,

28 1722 37 1795 δ
141 1710 279 1769 πς’.
326 1677 634 1795 ’Δᾲπόφασις
675 1677 848 1795 Θεοῦ,
876 1677 978 1756 -τδν
1012 1677 1229 1795 Ἰσραὴλ
1279 1697 1355 1795 μη
1388 1698 1467 1795 είς
1491 1694 1622 1795 κτξλο

1844 1678 2128 1735 ωιλχνι.
2160 1680 2463 1736 Declaratio
2494 1679 2585 1733 Dei
2625 1694 2737 1737 non
2760 1677 2820 1733 in
2848 1677 3010 1733 ﬁnem
3036 1677 3201 1732 Israel
3241 1693 3338 1747 pe-

1818 1779 1997 1795 ι-.......-
2047 1772 2140 1795 ..-Δ
2166 1771 2475 1795 2-......μΙη1Αη
2506 1771 2718 1795 -..ἕλη-ι..
2750 1768 3056 1795 ..ΑκιιιιηιΙΛη
3085 1768 3199 1795 ’Λα-Λ
3228 1769 3334 1795 Ιὶιιι.

58 1768 495 1865 φθαρήσεσθαι,
555 1794 693 1849 ἀλλὰ
743 1793 871 1855 τοὺς
921 1768 1289 1851 ἀπειθοῦντας
1324 1784 1617 1840 ἁπολεῖσθα

1818 1779 2023 1836 turum,
2046 1772 2143 1826 sed
2166 1771 2479 1827 incredulos
2502 1771 2722 1843 quidem
2750 1768 3058 1840 perdendos
3082 1768 3337 1834 fore,Deo

58 1860 200 1947 τοὺς
225 1860 589 1946 δουλεύοντας
617 1884 673 1936 δὲ
720 1881 838 1952 Θεῷ
873 1883 967 1936 καὶ
1012 1879 1327 1952 μυστηρίων
1363 1877 1622 1931 ἀπόλαυσι

1814 1871 1953 1915 utem
1983 1863 2304 1928 servientes,
2355 1870 2467 1916 tum
2499 1863 2881 1933 mysteriorum
2912 1860 3341 1934 possessionem,

1756 662 1761 667 ’
1832 676 2114 733 LXXXIV.
2151 673 2475 747 Deprecatio
2497 660 2774 746 propheta
2809 673 2877 729 ad
2904 674 3073 731 Deum
3116 686 3214 744 pro
3251 671 3328 728 Is-

1764 771 1897 837 rael,
1932 779 1990 824 ut
2016 778 2145 840 pote
2164 754 2255 838 qui
2278 776 2503 837 propter
2542 754 2875 820 oﬂ‘ensiones‘
2894 750 3253 836 despi'cial’ur:
3273 775 3330 820 et

1765 862 1858 933 qui
1889 868 2113 933 peccata
2149 875 2247 914 sua
2276 858 2508 932 amplius
2530 857 2694 911 etiam
2724 855 3047 926 multiplicet
3078 874 3092 923 ;
3125 865 3179 910 et
3202 871 3330 931 sup-

1765 952 1987 1023 plicatio
2024 966 2096 1006 ne
2132 951 2274 1005 Deus
2307 950 2463 1004 sileat
2490 948 2542 1001 in
2576 947 2734 1001 ﬁnem
2763 947 2855 1001 sed
2883 961 3037 1003 suum
3074 947 3329 1019 populum

1768 1051 1822 1098 et
1846 1041 2148 1099 Jerusalem
2181 1041 2383 1113 visitet.

1837 1223 2094 1280 LXXXV.
2130 1223 2426 1280 Promissio
2451 1222 2677 1287 Christi,
2713 1219 2962 1275 videlicet
2986 1232 3045 1273 se
3085 1218 3334 1290 gentibus

1768 1314 2246 1369 manifestaturum
2290 1331 2305 1380 ;
2346 1323 2402 1369 et
2442 1313 2607 1369 minae
2649 1313 2704 1365 in
2731 1312 2969 1377 Judzeos,
3009 1326 3074 1365 eo
3099 1311 3242 1383 quod
3279 1316 3334 1363 in

1767 1403 1943 1459 Cruce
1971 1421 2082 1459 non
2111 1406 2465 1470 crediderint,
2492 1411 2546 1458 et
2590 1404 2745 1458 idolis
2779 1402 2995 1472 quidem
3025 1402 3332 1464 servierint,

1768 1496 1976 1565 scipsos
2014 1505 2197 1551 autem
2230 1497 2594 1552 condemnent
2620 1495 2687 1550 iis
2709 1510 2809 1565 pro
2828 1495 3027 1565 quibus
3054 1493 3187 1565 ipsis
3207 1508 3335 1567 pec-

1771 1961 1883 2005 tum
1902 1968 2100 2007 nomen
2121 1968 2322 2007 novum
2340 1954 2631 2008 sortituros
2658 1967 2799 2019 esse,
2815 1960 2872 2007 et
2886 1952 2943 2006 in
2963 1951 3164 2022 templo
3184 1966 3338 2007 novae

1769 2041 2068 2098 Jerusalem
2103 2045 2367 2099 virtutum
2412 2044 2804 2115 perfectionem
2842 2044 3081 2099 futuram
3122 2058 3244 2099 esse
3286 2051 3341 2099 et

1771 2136 2015 2190 laborum
2048 2151 2271 2191 suorum
2303 2136 2700 2192 liberationem.
2880 2150 2881 2153 ‘
3299 2179 3304 2185 .

1836 2225 2142 2306 LXXXVII,
2164 2228 2464 2287 Declaratio
2486 2229 2581 2283 Dei
2604 2230 2795 2285 domos
2809 2230 3089 2286 sensuales
3111 2245 3221 2284 non
3243 2229 3340 2285 eli-

1771 2319 1842 2390 gi,
1864 2334 1965 2374 nec
1989 2335 2050 2375 se
2072 2321 2311 2376 victimis
2340 2337 2406 2376 ex
2439 2321 2724 2392 iniquitate
2761 2330 3075 2377 contentum
3102 2336 3241 2377 esse.
3275 2324 3340 2377 Et

1772 2409 2075 2466 exhortatio
2097 2411 2163 2466 ad
2187 2411 2400 2478 'ﬁdeles,
2443 2420 2500 2466 ut
2536 2412 2850 2482 patientiam
2882 2412 2946 2467 ad
2979 2412 3227 2469 inimicos
3255 2427 3344 2467 os-

1777 2502 2024 2567 tendant,
2050 2503 2123 2557 Et
2158 2503 2442 2573 praedictio
2476 2504 2662 2575 populi
2710 2504 2766 2558 in
2801 2504 2933 2558 Sion
2975 2504 3258 2570 nascituri,
3286 2512 3342 2559 et

1774 2594 2057 2665 praedictio
2091 2596 2451 2665 iucunditatis
2476 2598 2542 2652 de
2588 2595 2747 2652 bonis
2778 2611 2899 2667 qua:
2930 2611 3085 2652 novae
3127 2596 3343 2651 Jerusa-

1776 2686 1881 2741 lem
1913 2696 2312 2757 praeparantur.

61 1978 166 2030 καὶ
214 1977 495 2046 ὀνόματος
541 1974 732 2029 καινοῦ
786 1971 1093 2038 τεύξεσθαι,
1142 1970 1239 2024 καὶ
1289 1968 1367 2039 τῷ
1419 1966 1534 2037 ναῷ
1564 1968 1662 2037 τῆς

60 2070 198 2130 νέας
253 2066 619 2138 Ἰερουσαλὴμ
662 2066 875 2137 ἀρετῶν
909 2063 1131 2117 ἔσεσθαι
1177 2060 1495 2130 τελειότητα
1522 2096 1536 2120 ,
1569 2057 1664 2109 καὶ

62 2160 178 2214 τῶν
212 2160 406 2212 πόνων
434 2158 544 2211 τῶν
581 2158 798 2211 οίκείων
826 2155 1150 2209 ἀπόλαυσιν.

135 2252 253 2317 πζν.
303 2250 614 2319 Ἀπόφασις
649 2249 806 2312 Θεοῦ,
856 2246 1040 2311 οἴκους
1071 2243 1365 2315 αἰσθητοὺς
1407 2241 1481 2313 μὴ
1513 2239 1666 2294 ἐκλέ-

63 2344 298 2409 γεσθαι,
339 2343 480 2412 μηδὲ
503 2344 624 2405 ταῖς
650 2339 709 2404 ἐξ
730 2339 942 2402 ἀδικίας
967 2337 1180 2399 θυσίαις
1203 2333 1547 2406 ἀρέσκεσθαι·
1573 2331 1668 2384 καὶ

65 2433 417 2501 παραίνεσις
463 2435 576 2495 τοῖς
639 2434 852 2494 πιστοῖς
882 2469 897 2494 ,
946 2426 1294 2493 ἀνεξικακίαν
1350 2425 1486 2497 πρὸς
1539 2424 1665 2486 τοὺς
1704 2446 1707 2451 ·

67 2523 317 2595 ἐχθροὺς
359 2521 732 2575 ἐνδείκνυσθαι
757 2537 771 2551 ⁸
799 2521 894 2574 καὶ⁹
928 2519 1234 2590 πρόρρησις
1284 2516 1378 2570 τοῦ
1415 2515 1670 2586 τεχθησοο

70 2614 248 2684 μένου
288 2609 430 2664 λαοῦ
478 2613 544 2681 τῇ
591 2612 687 2680 νέᾳ
728 2608 897 2662 Σιών·
938 2610 1031 2662 καὶ
1064 2606 1448 2677 προσφώνησις
1470 2606 1668 2674 εὐφροσ-

70 2704 254 2773 σύνης
308 2704 409 2755 ἐπὶ
446 2704 558 2764 τοῖς
589 2699 844 2769 ἀγαθοῖς,
883 2699 920 2754 ὃ.
951 2702 1017 2771 τῇ
1057 2699 1159 2769 νέα
1202 2694 1553 2769 Ἰερουσαλὴμ
1576 2695 1670 2747 ea.

67 2793 435 2865 τρεπίξεται.
1852 2836 1861 2846 .

139 2889 262 2949 my.
310 2882 634 2952 Προφητεία
664 2881 922 2951 δευτέρας
948 2879 1187 2952 Χριστοῦ
1222 2878 1548 2950 παρουσίας,
1580 2896 1622 2932 κε

1843 2872 2178 2939 LXXXVIII,
2209 2872 2539 2931 Vaticinium
2571 2876 2796 2935 secundi
2829 2875 3030 2932 Christi
3055 2876 3343 2940 adventus,

73 2974 376 3036 ἀπωλείας
399 2973 507 3025 τῶν
532 2972 768 3025 ἀσεϐῶν*
800 2976 893 3025 καὶ
919 2973 1224 3043 πρόρρησις
1244 2972 1342 3040 τῆς
1360 2971 1471 3024 τῶν
1502 2970 1622 3024 ὲθνᾶ

1814 2967 2146 3036 timpiorum
2180 2965 2546 3034 perditionis;
2598 2975 2653 3021 et
2670 2966 2950 3036 praedictio
2996 2965 3349 3036 ingres‘sionis

80 3063 233 3135 μετὰ
265 3063 433 3132 δόξης
477 3063 556 3126 εἰς
604 3064 705 3134 τὴν
738 3064 864 3117 νέαν
907 3063 1266 3134 Ἰερουσαλὴμ
1299 3062 1540 3128 συνόδου,
1576 3078 1622 3115 κς

1814 3061 2024 3115 ἐηῑίιιω
2052 3076 2174 3115 cun:
2209 3061 2378 3132 gloria
2417 3061 2471 3114 in
2498 3076 2695 3115 novam
2734 3060 3055 3127 Jerusalem,
3102 3068 3158 3114 et
3193 3074 3350 3115 nova:

77 3126 185 3224 τῆς
222 3154 317 3209 διὰ
354 3126 593 3223 Χριστοῦ
623 3126 819 3224 καινῆς
858 3126 1108 3218 κτίσεως·
1266 3154 1411 3215 ὅπως
1431 3152 1501 3206 τὰ
1526 3126 1622 3207 ᾐκαοι

1815 3126 2542 3208 er-Christumvcreationis
2574 3171 2589 3219 ;
2621 3161 2678 3207 et
2723 3154 2995 3222 quomodo
3055 3168 3175 3224 quae
3223 3159 3352 3208 sunt

78 3246 178 3302 τοῦ
236 3244 380 3298 λαοῦ
419 3244 527 3299 τῶν
575 3246 843 3300 Ἰουδαίων
886 3248 1000 3309 τοῖς
1058 3245 1269 3300 ἔθνεσιν
1319 3248 1399 3308 είς
1449 3245 1622 3315 θεωρί‹

1814 3253 1970 3298 ontra
2000 3243 2241 3309 Judaeos,
2272 3243 2527 3314 gentibus
2551 3243 2608 3296 in
2630 3243 3119 3299 considerationem
3148 3255 3352 3315 propo-

82 3338 481 3407 προκείσεται.

1814 3344 2007 3401 κοιλιην,

173 3426 419 3488 Ἡσαΐας
456 3426 486 3478 ὁ
517 3427 807 3497 προφήτης
839 3428 1058 3496 ἐγένετο
1093 3428 1193 3498 μὲν
1225 3431 1285 3482 ὲν
1328 3429 1622 3501 Ἰερουσαλὶ

1852 3428 2018 3483 Isaias
2056 3429 2321 3499 propheta
2361 3436 2524 3483 natus
2552 3434 2636 3482 est
2665 3425 2720 3480 in
2753 3424 3050 3481 Jerusalem
3099 3424 3166 3480 de
3211 3425 3355 3479 tribu

88 3517 155 3567 ἐκ
185 3516 373 3584 φυλῆς
421 3515 609 3581 Ἰούδα,
644 3516 866 3587 θνήσκει
909 3518 966 3570 δὲ
1007 3519 1112 3571 ὑπὸ
1140 3519 1407 3590 Μανασσῆ
1450 3520 1545 3573 τοῦ
1589 3520 1620 3590 β

1821 3520 1924 3575 uda
1945 3529 2226 3586 ;mortuus
2247 3527 2332 3574 est
2350 3527 2536 3574 autem
2559 3527 2824 3590 regnante
2851 3517 3058 3579 inJuda
3087 3517 3352 3575 Manasse.

89 3606 294 3670 σιλέως
310 3605 488 3659 Ἰούδα
506 3605 714 3676 [πρίονι
738 3607 1344 3680 ξυλίνῳ](⁴1θ)πρισθεὶς
1365 3609 1443 3672 είς
1459 3609 1571 3676 δύο,
1588 3627 1622 3663 κ

1814 3625 1964 3664 serra
2014 3609 2218 3681 lignea)
2247 3619 2432 3664 sectus
2464 3609 2520 3663 in
2549 3609 2680 3674 duo,
2706 3617 2762 3663 et
2821 3608 3064 3679 sepultus
3125 3617 3210 3664 est
3256 3609 3357 3664 sub

89 3694 261 3763 ἐτέθη
313 3693 573 3778 ὑποκάτω
620 3693 782 3765 δρυὸς
815 3695 1046 3766 Ῥωγὴλ,
1092 3696 1329 3767 ἐχόμενα
1361 3699 1462 3768 τῆς
1489 3698 1622 3752 διαϐι

1814 3717 1991 3773 ιιιειοιι
2023 3700 2268 3774 Rhogel,
2310 3704 2465 3772 juxta
2526 3701 2955 3772 praeterﬂuentes
2997 3717 3186 3772 aquas,
3220 3716 3358 3779 quas

93 3799 242 3846 σεως
266 3783 382 3836 τῶν
398 3775 645 3852 ὑδάτων,
676 3779 751 3840 ὧν
782 3785 1065 3841 ἀπώλεσεν
1088 3786 1346 3853 Ἐζεκίας
1372 3792 1401 3844 ὁ
1427 3790 1622 3862 βασιλει

1814 3794 2025 3850 »ει-(ίίᾶίι
2046 3793 2312 3851 Ezechias
2338 3809 2435 3849 rex
2456 3804 2601 3850 terra
2624 3794 2888 3863 defossas,

94 3877 289 3946 χώσας
319 3877 478 3931 αὑτά.

805 4221 1519 4313 FRAGMENTA
1623 4228 1751 4316 IN
1869 4226 2671 4320 EZECHIELEM.

1305 4414 1748 4484 Numerinus,
1789 4428 1829 4475 t.
1865 4420 1909 4486 Ι,
1934 4435 1991 4491 p.
2027 4421 2176 4494 130.)

1699 4599 1771 4613 Μ

184 4735 324 4806 Cap.
358 4734 450 4798 IX,
483 4751 535 4789 ν.
568 4734 623 4789 6.
670 4753 689 4786 ι
722 4735 791 4791 Ει
833 4751 862 4789 a
889 4736 1204 4791 sanctuario
1237 4751 1359 4793 meo
1384 4738 1628 4809 incipite.
1663 4757 1683 4791 ι
1719 4746 1764 4801 1)
1792 4737 2254 4793 Murmurantibus
2299 4740 2478 4793 Aaron
2520 4748 2576 4795 et
2625 4737 2790 4793 Maria
2829 4740 3096 4795 adversus
3137 4741 3362 4807 Mosen,

115 4825 391 4890 Quoniam
428 4824 619 4879 habitu
650 4825 826 4879 solum
865 4825 1064 4893 sancti,
1093 4843 1204 4882 non
1230 4843 1419 4883 revera
1449 4848 1465 4885 :
1491 4845 1617 4884 nam
1648 4831 1694 4885 si

117 4919 442 4974 habuissent
474 4919 688 4990 signum
709 4958 724 4983 ,
758 4933 870 4972 non
903 4934 1093 4974 revera
1118 4960 1133 4986 ,
1166 4930 1331 4990 atque
1359 4922 1448 4976 alii
1479 4923 1694 4979 delendi

119 5008 391 5074 fuissent,
447 5020 555 5065 etc.
598 5010 810 5065 Novum
868 5026 1042 5083 genus
1092 5013 1256 5067 audio
1313 5014 1695 5083 providentiae,

121 5097 356 5154 Domine
402 5101 547 5157 Deus
573 5145 588 5169 ,
638 5103 902 5158 adversus
945 5104 1227 5160 ministros
1265 5107 1563 5162 sanctuarii
1594 5108 1693 5162 tui.

123 5186 265 5243 Olim
320 5192 463 5245 enim
508 5196 819 5251 errantibus
874 5198 1241 5264 connivebas,
1283 5200 1546 5268 parcebas
1597 5200 1692 5256 de-

125 5279 537 5350 linquentibus;
569 5299 677 5355 quo
717 5294 808 5341 tuo
840 5288 1047 5343 nomini
1075 5298 1130 5343 et
1171 5289 1365 5347 honori
1412 5305 1686 5363 parceres.

209 5461 226 5492 ¹
258 5459 363 5516 Isa.
395 5478 541 5527 xxrv,
572 5462 627 5518 2.

1792 4831 1881 4886 illa
1913 4830 2138 4900 punitur
2168 4829 2340 4898 lepra,
2384 4829 2473 4883 ille
2527 4829 2799 4883 innocuus
2852 4829 3054 4883 evadit.
3097 4830 3277 4885 Aaron
3310 4841 3368 4886 et

1792 4921 2006 4995 Moyses
2029 4921 2355 4989 delinquunt
2384 4919 2450 4975 ad
2477 4933 2648 4992 aquas
2673 4918 3140 4985 contradictionis,
3173 4920 3366 4977 connio

1792 5025 1885 5073 vet
1914 5017 2061 5070 Deus
2088 5013 2307 5083 utrique
2335 5013 2507 5068 multo
2533 5021 2807 5082 tempore,
2840 5013 3190 5083 quantumvis
3222 5024 3370 5074 esset

1794 5104 2129 5178 indignatus.
2157 5103 2459 5161 Abiatharo
2480 5103 2649 5174 digno
2677 5113 2854 5161 morte
2887 5102 3062 5178 parcit
3088 5104 3369 5168 Salomon.

1798 5198 1926 5268 quia
1958 5198 2158 5253 tulerat
2178 5210 2358 5251 arcam
2384 5194 2622 5253 Domini.
2648 5195 2719 5248 At
2745 5210 2892 5252 nunc
2913 5196 3016 5251 erit
3038 5197 3172 5251 sicut
3200 5212 3381 5268 popa-7

1797 5291 1899 5356 lus,
1929 5291 2007 5350 sic
2032 5286 2276 5343 sacerdos
2299 5287 2314 5318 ¹
2341 5287 2364 5341 ?
2390 5287 2499 5343 imo
2523 5301 2654 5345 vero
2682 5285 2823 5344 sicut
2855 5285 3130 5355 sacerdos,
3154 5287 3235 5343 sic
3262 5302 3363 5361 po-

1630 5579 1857 5639 NOTIE.

200 5695 316 5769 (I6)
342 5699 545 5767 Πρίονι
570 5696 821 5763 ξυλίνῳ.
858 5695 912 5752 Id
941 5712 1007 5751 ex
1037 5697 1253 5754 Justino
1280 5696 1535 5770 Martyre.

378 5796 657 5857 PATROL.
704 5793 822 5859 Gn.
870 5793 1084 5857 XCIII.

2701 5792 2786 5862 .Ut
