3764 6304
37 195 160 266 1417

1388 186 1901 266 ΟυίΕΞΤΙΟΝΕΞ.

3134 203 3265 268 illis

37 316 166 370 ιατά
219 315 279 368 τὸ
318 314 423 367 ὑπὸ
472 309 566 367 τοῦ
596 311 877 384 προφήτου
940 310 1146 381 λεχθὲν,
1203 284 1591 381 ἐπιϐεϐηκέναι

1772 312 2007 367 :emlissc
2033 328 2197 385 super
2235 314 2439 370 asinam
2483 326 2538 372 et
2581 319 2791 389 pullum
2835 318 2973 374 dixit
2997 319 3085 383 ”;
3144 323 3269 389 quia

37 408 116 460 ml.
149 407 270 461 δνον
299 407 394 460 καὶ
424 404 599 457 πῶλον
624 401 777 457 εἶπεν
799 420 814 435 ο
843 404 926 456 ὅτι
954 402 1040 455 διά
1073 400 1169 455 τοῦ
1196 399 1378 454 πώλου
1406 400 1499 473 καί
1529 403 1595 470 τῇ

37 498 128 567 ἄνῳ
155 497 413 566 ἐκάθητο,
445 496 689 565 ἑπομένῃ
734 496 827 547 καὶ
868 491 1210 565 συνεργούσῃ
1245 491 1326 563 τῷ
1348 491 1444 546 τοῦ
1485 494 1598 545 Κυ-

37 588 139 640 >ίου
168 588 266 658 ὁχή
279 606 431 657 ματι.
468 587 530 639 El
581 586 638 639 δέ
666 603 749 650 τις
774 585 1025 655 ἀποροίη,
1082 586 1224 647 τίνος
1256 583 1419 653 χάριν
1447 583 1599 636 Ματ-

37 681 173 739 lnior.
195 680 297 748 μὲν
320 679 411 729 τὸν
446 676 732 746 προφήτην
754 674 1013 728 ἐκθέσθαι
1043 674 1207 743 φησὶν
1238 673 1329 725 ἐπὶ
1360 672 1479 724 δνον
1504 673 1600 725 καὶ

37 769 200 822 ῑῶλον
236 768 460 824 καθίσαι
490 773 580 825 τδν
612 770 836 840 Κύριονο
867 771 901 839 ὴ
923 769 979 821 δὲ
999 769 1108 821 τῶν
1135 771 1191 823 0’
1225 772 1477 832 Ἐκδοσις
1507 764 1601 819 ἐπὶ

37 861 200 914 τῶλον
220 861 347 915 δνου
381 862 605 914 καθίσαι
654 860 898 931 περιέχει
924 875 939 889 ’
965 860 1124 912 τοῦτο
1153 854 1492 929 μανθανέτω,
1525 852 1602 921 ὡς

37 953 84 1021 τῇ
127 950 400 1022 Ἐϐραῖκῇ
457 949 672 1023 γλώττῃ
704 949 1034 1020 κεχρημένοι
1084 948 1133 1002 οἱ
1163 946 1473 1012 ἀπόστολοι,
1502 946 1599 1001 ἆτε

37 1044 119 1113 τῆς
155 1043 489 1111 Ἑλληνικῆς
518 1041 850 1111 εὐγλωττίας
878 1040 1117 1111 ἄπειροι,
1144 1040 1239 1095 καὶ
1271 1040 1371 1110 τῆς
1396 1039 1507 1092 τῶν
1541 1042 1597 1091 0'

37 1133 316 1197 ικδόσεως,
371 1133 564 1195 ὥσπερ
610 1136 730 1196 ταῖς
758 1133 937 1186 αὐτῶν
993 1132 1197 1202 βίϐλοις
1230 1129 1601 1202 ἀρχαιοτέρως

38 1223 361 1286 [κτεθεῖσαις
391 1222 694 1292 ὲνεφέρετο,
731 1219 873 1276 οὕτω
898 1224 995 1286 τὰς
1025 1222 1367 1295 προφητικάς
1392 1240 1600 1293 μαρτυ-

37 1313 149 1374 ita;
174 1313 454 1379 ἐξέθεντο·
482 1314 574 1366 τοῦ
593 1306 912 1383 Πνεύματος
936 1313 1092 1366 τοῦτο
1123 1315 1599 1383 οίκονομήσαντος,

37 1407 109 1458 ’να
144 1405 221 1476 μὴ
249 1404 326 1467 ὡς
357 1406 422 1458 ἐκ
457 1405 798 1474 συνθήματος
850 1404 1064 1474 φανῶσι
1114 1405 1495 1471 συντάξαντες.
1543 1406 1602 1457 Ὀ

37 1499 215 1565 μιέντοι
248 1496 427 1561 πῶλος
460 1498 528 1551 τὰ
584 1497 730 1565 ἔθνη,
783 1500 817 1569 ή
881 1498 938 1551 δὲ
971 1499 1162 1552 τούτου
1219 1499 1435 1570 μήτηρ,
1473 1498 1601 1561 τοὺς

38 1586 336 1651 Ἰουδαίους
363 1589 680 1643 αἰνίττεται.

680 1683 942 1751 Ἀπορία.

109 1778 363 1834 Ἀνθὸτου
392 1777 671 1840 Ματθαίος
707 1777 804 1847 μὲν
832 1777 1147 1849 αὐθημερὸν
1172 1778 1270 1848 τὴν
1304 1780 1475 1848 συκῆν
1508 1777 1598 1847 ξη-

37 1866 296 1937 οανθῆναι
327 1867 631 1937 ἱστόρησεν,
683 1865 908 1935 Μάρκος
942 1866 999 1918 δὲ
1044 1869 1111 1936 τῇ
1145 1865 1372 1937 αὖριον;
1414 1865 1604 1918 Ὡσαύ-

37 1975 131 2020 τως
165 1958 224 2011 δὲ
261 1958 359 2010 καὶ
403 1958 530 2019 τοὺς
584 1956 895 2021 πωλοῦντας
929 1960 1020 2010 καὶ
1049 1957 1421 2029 ἀγοράζοντας
1446 1959 1504 2009 ἐν
1526 1956 1604 2027 τῷ

37 2047 178 2119 ερῷ,
209 2049 239 2101 ὁ
273 2048 374 2118 μὲν
402 2050 459 2101 ὲν
536 2049 718 2119 ἡμέρα
748 2050 824 2119 τῷ
853 2049 1017 2121 πώλῳ
1048 2048 1319 2119 ἐκαθέσθη
1342 2050 1371 2101 ὁ
1399 2048 1604 2119 Κύριος

37 2139 291 2194 εἰσελθὼν
339 2142 419 2204 είς
448 2142 548 2211 τὴν
578 2142 753 2205 πόλιν,
783 2142 1113 2211 ἐκϐληθῆναι
1148 2143 1240 2195 ὑπ’
1269 2142 1433 2195 αὐτοῦ
1460 2144 1604 2195 ἱστο-

37 2232 148 2283 δεῖ·
184 2232 213 2283 ὁ
240 2229 304 2282 δὲ
328 2230 386 2281 ὲν
427 2232 493 2300 τῇ
524 2230 808 2301 ὑστεραίᾳ.
849 2231 961 2283 Καὶ
1007 2232 1150 2293 τίνος
1177 2231 1339 2301 χάριν
1393 2231 1604 2303 καρπὸν

37 2321 90 2371 ὲκ
121 2318 222 2388 τῆς
248 2319 418 2387 συκῆς
439 2320 497 2370 ὲν
520 2320 579 2371 ού
606 2318 785 2389 καιρῷ
820 2319 1002 2389 ἐζήτει
1026 2338 1041 2353 ο
1072 2321 1106 2393 ἢ
1138 2320 1256 2386 πῶς
1283 2322 1603 2392 ἀγανακτή-

37 2423 146 2470 mg,
173 2408 259 2459 ὅτι
293 2405 368 2478 μὴ
392 2401 538 2477 εὗρε,
565 2406 770 2477 ταύτην
802 2407 1068 2479 ἐξήρανεν
1091 2427 1106 2476 ;

695 2499 904 2565 Λύσις.

108 2587 409 2659 Ἐκάτερος
458 2588 532 2650 ὡς
586 2589 643 2641 ἐν
674 2588 844 2642 ἅπασι
874 2590 969 2642 καὶ
1014 2592 1069 2643 ἐν
1100 2590 1275 2663 τούτῳ
1312 2590 1604 2662 quem“.

37 2683 266 2751 Πρωίας
294 2684 423 2753 γὰρ,
455 2682 635 2746 καθώς
666 2701 828 2753 φησιν
858 2687 885 2738 ὀ
929 2685 1343 2759 εὐαγγελιστής,
1382 2688 1607 2744 ἐπανά-

1700 418 1798 472 per
1832 404 2039 475 pullum
2080 404 2245 460 etiam
2276 407 2444 461 asina:
2471 408 2760 475 insidebat,
2795 409 3053 480 sequenti
3085 421 3140 465 et
3169 412 3269 467 ad-

1697 493 1907 562 juvanti
1937 493 2150 548 Domini
2178 504 2478 550 vecturam.
2509 497 2663 563 Quod
2685 501 2731 552 si
2755 499 2879 569 quis
2911 501 3268 560 dubitaverit.

1700 600 1868 654 quare
1898 584 2185 641 Matthtens
2212 586 2356 642 dicat
2394 588 2714 658 prophetam
2750 592 3052 648 declarasse
3084 594 3272 648 Domi-

1700 692 1833 731 num
1868 674 2074 733 sedisse
2113 694 2279 749 super
2316 679 2522 733 asinam
2555 689 2610 735 et
2637 682 2841 749 pullum
2864 684 2950 751 ";
2986 685 3153 741 editio
3184 702 3276 741 au-

1703 776 1811 825 tem
1828 764 1975 823 LXX.
1992 786 2155 839 super
2176 769 2380 840 pullum
2396 765 2563 825 asina:
2590 772 2798 827 sedisse
2828 775 3104 831 contineat
3130 795 3144 843 ;
3172 778 3273 832 hoc

1702 859 1893 923 discat,
1918 860 2194 929 apostolos
2218 860 2480 916 llebraica
2501 858 2681 932 lingua
2701 876 2853 923 usos,
2872 875 3055 932 utpote
3073 866 3273 923 Graecae

1704 950 2029 1017 eloquentia:
2060 948 2297 1021 ignaros,
2330 961 2494 1021 atque
2528 966 2594 1006 ex
2626 949 2768 1003 LXX
2801 949 3062 1017 editione,
3080 970 3273 1025 quem-

1704 1042 1994 1096 admodum
2038 1039 2090 1096 in
2126 1056 2314 1096 eorum
2352 1041 2501 1097 libris
2541 1041 2820 1111 antiquius
2863 1043 3099 1097 exaratis
3132 1044 3276 1100 fere-

1705 1134 1901 1199 batur,
1958 1129 2036 1187 sic
2066 1133 2384 1203 prophetica
2419 1133 2727 1187 testimonia
2784 1132 3018 1196 citasse;
3067 1133 3276 1203 Spiritu

1704 1225 1779 1280 ita
1817 1226 2187 1295 dispensante,
2212 1241 2281 1280 ne
2308 1234 2564 1296 tanquam
2589 1242 2653 1281 ex
2680 1226 2932 1282 condicto
2962 1227 3279 1283 viderentur

1702 1319 2072 1373 conscribere.
2109 1318 2380 1373 Caeterum
2416 1320 2597 1389 pullus
2621 1360 2637 1386 ,
2669 1328 2891 1390 gentes;
2945 1329 3122 1377 mater
3142 1337 3275 1377 vero

1704 1410 1868 1481 illius,
1891 1411 2107 1468 Judteos
2135 1411 2398 1483 designat.

2276 1672 2564 1749 Diﬂlcultas
2592 1694 2737 1734 nix.
2972 1741 2985 1751 η

1772 1770 1878 1825 Pro
1917 1785 2025 1840 qua
2063 1783 2122 1824 re
2159 1769 2445 1825 Matthteus
2472 1770 2693 1839 quidem
2733 1769 2819 1824 lici
2858 1768 3109 1825 arborem
3160 1777 3273 1829 sta-

1707 1863 1802 1916 tim
1834 1862 2026 1916 eodem
2055 1860 2142 1915 die
2168 1860 2461 1915 arefactam
2488 1853 2534 1893 9‘
2566 1860 2753 1926 refert,
2800 1860 3011 1916 Marcus
3033 1877 3165 1917 vero
3187 1862 3275 1916 die

1705 1954 2001 2024 sequenti?
2028 1950 2399 2008 Consimiliter
2429 1960 2483 2006 et
2514 1952 2811 2008 vendentes
2833 1963 3184 2023 ementesque
3221 1954 3276 2006 in

1707 2048 1910 2117 templo
1939 2047 2009 2111 θ’,
2042 2045 2130 2100 ille
2171 2046 2392 2115 quidem
2425 2044 2511 2099 die
2544 2061 2648 2115 qua
2681 2045 2828 2115 pullo
2855 2045 3053 2100 insedit
3092 2045 3278 2100 Domi-

1705 2154 1810 2192 nus
1868 2138 1924 2192 in
1974 2139 2161 2193 urbem
2204 2138 2515 2209 ingrediens
2538 2139 2605 2203 9“,
2638 2145 2826 2192 narrat
2869 2138 2938 2192 ab
2990 2153 3056 2191 eo
3109 2136 3278 2193 fuisse

1705 2234 1943 2301 eiectos;
1973 2230 2188 2285 Marcus
2234 2246 2366 2286 vero
2399 2232 2655 2301 postridie
2685 2232 2750 2286 ³⁷.
2792 2230 2860 2285 Ει
2899 2246 2996 2285 cur
3043 2230 3276 2285 fructum

1664 2354 1665 2357 η
1706 2330 1857 2376 extra
1894 2329 2110 2390 tempus
2136 2335 2167 2374 a
2199 2320 2430 2375 ﬁculnea
2456 2321 2807 2390 requirebat;
2848 2330 2942 2375 aut
2982 2335 3090 2390 quo
3119 2328 3278 2391 pacto

1706 2413 1852 2483 quod
1879 2426 1991 2466 non
2019 2411 2311 2468 invenisset
2343 2412 2673 2489 indignatus,
2702 2412 2926 2468 arefccit
2947 2428 3066 2491 eam
3089 2417 3113 2470 ἲ

2378 2502 2600 2561 Salutio.

1768 2595 2031 2665 Uterque,
2064 2593 2206 2649 sicut
2233 2594 2290 2649 in
2323 2595 2599 2662 omnibus,
2638 2596 2713 2651 ita
2744 2598 2874 2653 etin
2903 2598 3006 2653 hoc
3040 2615 3166 2655 vere
3195 2598 3277 2656 lo-

1708 2696 1868 2743 cutus
1892 2695 1994 2742 est.
2024 2685 2187 2741 Mane
2217 2687 2362 2741 enim
2382 2724 2397 2750 ,
2458 2696 2520 2742 ut
2575 2687 2651 2742 ait
2684 2689 3022 2762 Evangelista
3044 2734 3059 2757 ,
3102 2709 3278 2748 rever—

37 2787 149 2839 θτυν
170 2771 273 2824 ἐπὶ
305 2772 419 2839 τὴν
437 2775 619 2826 πόλιν
647 2773 675 2823 ὁ
689 2774 914 2843 Κύριος,
941 2774 1225 2832 ἐπείνασε
1244 2793 1258 2807 ·
1294 2776 1394 2831 val
1414 2777 1596 2834 ἐλθὼν

1772 2796 1819 2834 na
1851 2781 1908 2832 in
1937 2780 2202 2833 civitatem
2248 2778 2545 2844 Dominus,
2593 2783 2808 2845 esuriit.
2854 2792 2905 2836 et
2958 2785 3164 2838 veniens
3206 2787 3279 2839 ad

37 2864 122 2918 ἐπὶ
148 2865 268 2933 τὴν
295 2863 519 2932 συκῆν,
580 2868 692 2934 οὐχ
721 2861 898 2933 εὗρεν
929 2868 1083 2936 εἰμὴ
1131 2870 1337 2937 φύλλα
1395 2871 1607 2940 μόνον.

1709 2870 1901 2940 ﬁcum,
1958 2887 2058 2924 non
2105 2871 2301 2925 invenit
2348 2871 2449 2924 nisi
2477 2870 2606 2942 [alia
2652 2881 2856 2926 tantum
2878 2873 2945 2926 ".
2981 2873 3116 2927 Cum
3151 2891 3279 2946 ergo

37 2954 283 3027 ἱέὶρηκὼς
307 2951 398 3008 οὖν
418 2972 433 2986 ο
462 2954 685 3021 Μηκέτι
712 2956 780 3009 ἐκ
815 2953 927 3009 σοῦ
953 2958 1181 3025 καρπὸς
1210 2958 1469 3029 γένηται,
1506 2978 1596 3015 πα‹

1772 2963 1954 3028 sisset,
1986 2962 2273 3034 Nunquam
2300 2980 2364 3017 ea:
2390 2972 2440 3017 te
2470 2964 2672 3032 [ructus
2704 2974 2993 3029 nascatur;
3015 2968 3279 3021 continuo

37 3049 300 3119 οαχρῆμα
320 3048 525 3117 ταύτην
576 3046 827 3120 ἐξήρανε.
861 3050 960 3103 Διά
991 3049 1047 3102 δὲ
1080 3050 1141 3103 τὸ
1173 3051 1404 3121 μέγεθος
1426 3053 1520 3106 καὶ
1546 3052 1607 3106 τὸ

37 3139 178 3207 Ξένον
212 3139 309 3192 τοῦ
339 3139 635 3210 θαύματος,
681 3142 747 3210 τῇ
792 3139 1057 3205 ἐπαύριον
1087 3143 1136 3194 οἱ
1197 3142 1440 3214 μαθηταὶ
1472 3144 1607 3196 ταύ-

39 3247 128 3301 την
153 3230 646 3293 κατοπτεύσαντες,
681 3230 765 3299 ἐφ’
874 3230 1402 3301 πολυπραγμονῆσαι
1430 3235 1479 3285 εἰ
1510 3235 1607 3287 καὶ

39 3322 87 3373 ιὶ
113 3321 263 3390 ῥίζαι
283 3319 540 3383 ὡσαύτως
563 3320 637 3389 τῷ
666 3319 904 3389 στελέχει
954 3321 1051 3373 καὶ
1084 3324 1196 3384 τοῖς
1220 3322 1433 3385 κλάδοις
1481 3320 1607 3395 ἐξη-

39 3413 338 3485 ράνθησαν,
368 3410 744 3481 ἐξεπλάγησαν
768 3413 832 3480 τῇ
863 3409 1154 3479 βεϐαιώσει
1176 3411 1268 3464 τοῦ
1307 3412 1603 3483 θαύματος.

41 3504 168 3575 Ἐξή
178 3520 308 3574 ρανε
337 3503 443 3573 γὰρ
472 3500 677 3570 ταύτην
702 3503 730 3553 ὁ
759 3501 982 3570 Κύριος,
1008 3502 1107 3573 τῆς
1158 3503 1290 3566 ἰδίας
1326 3504 1607 3574 δυνάμεως

39 3598 232 3665 πεῖραν
260 3597 371 3655 τοῖς
401 3592 667 3663 μαθηταῖς
694 3596 1131 3662 παρασχόμενος,
1166 3595 1256 3648 διά
1286 3596 1345 3649 τὸ
1372 3599 1604 3668 προσδο-

39 3687 286 3755 κώμενον
332 3684 520 3747 πάθος.
587 3684 908 3755 Ἐπειδήπερ
956 3687 1014 3737 ὲν
1069 3689 1189 3749 ταῖς
1239 3688 1583 3759 εὐεργεσίαις

39 3776 389 3847 πολυτρόπως
417 3775 514 3846 τὴν
529 3774 756 3845 δύναμιν
782 3776 1122 3842 ἐπεδείξατο·
1150 3780 1249 3847 τῆς
1270 3779 1327 3831 δὲ
1356 3796 1601 3852 τιμωρη-

39 3870 189 3938 τικῆς
206 3867 489 3936 δυνάμεως
517 3866 576 3918 οὐ
608 3865 911 3946 παρέσχετο
940 3870 1133 3938 πεῖραν
1151 3886 1165 3897 ·
1199 3870 1265 3941 ἢν
1288 3873 1605 3939 ἀναγκαίως

114 3961 196 4031 τῷ
220 3961 413 4029 ἀψύχῳ
444 3958 537 4011 νῦν
595 3958 925 4022 ἐπεδείξατο.
960 3958 1099 4022 Τοὺς
1140 3960 1324 4030 μέντοι
1360 3962 1602 4017 πωλοῦν-

39 4069 129 4115 τας
161 4052 260 4105 καὶ
293 4049 679 4121 ἀγοράζοντας,
714 4051 769 4101 ὲν
797 4051 917 4111 ταῖς
945 4048 1039 4102 δύο
1065 4049 1315 4114 ἐξέϐαλεν
1345 4052 1600 4122 ἡμέραις,

41 4149 97 4216 τῇ
124 4162 184 4197 τε
210 4144 400 4214 πρώτῃ
432 4144 524 4196 καὶ
545 4144 610 4211 τῇ
647 4140 784 4211 μετά
816 4140 935 4211 τὴν,
968 4140 1062 4193 ac:
1106 4140 1183 4207 τῷ
1225 4144 1323 4211 τῆς
1352 4144 1602 4216 φιλοκερ-

41 4234 149 4299 Ξίας
176 4236 275 4288 καὶ
300 4234 604 4304 καπηλείας
633 4231 863 4294 ἀναιδῶς
895 4231 1248 4302 ἐγκειμένους
1282 4236 1567 4306 νοσήματι.

719 4323 981 4391 Ἀπορία.

99 4423 228 4485 Πῶς
256 4419 533 4480 Ματθαῖος
561 4417 653 4469 καὶ
678 4404 909 4484 Μάρκος
933 4415 1021 4467 τὸν
1068 4415 1452 4489 οἰκοδεσπότην
1503 4437 1605 4489 φη-

41 4514 122 4569 σὶν
153 4513 292 4584 (Si).
313 4511 371 4572 ὃς
397 4511 490 4563 τὸν
516 4510 813 4579 ἀμπελῶνα
840 4506 1101 4574 ἐφύτευσε
1124 4546 1140 4573 ,
1191 4507 1417 4571 πολλοὺς
1467 4510 1604 4563 ἀπο-

101 4671 150 4703 ”
176 4666 347 4722 Zach.
381 4682 457 4730 Ix,
482 4664 535 4719 9.
611 4663 656 4697 ”
679 4662 866 4717 Matth.
900 4678 1012 4724 ur,
1042 4658 1127 4718 19.
1204 4661 1250 4694 ’³
1273 4662 1404 4718 ibid.
1428 4662 1482 4719 5.
1556 4666 1601 4699 ”
1628 4663 1791 4719 Marc.
1842 4682 1917 4729 ιι,
1951 4666 2045 4719 20.
2122 4660 2167 4697 “
2203 4664 2391 4718 Matth.
2436 4638 2527 4718 xxi
2555 4703 2570 4726 ,
2604 4665 2686 4721 l2.

41 4742 76 4773 ’⁸
108 4741 299 4795 Matth.
347 4753 455 4801 XXI,
495 4735 581 4789 18.

1710 3052 1856 3105 illam
1881 3051 2126 3107 arefccit.
2151 3051 2378 3121 Propter
2409 3053 2838 3123 magnitudinem
2870 3064 3050 3111 autem
3081 3065 3136 3111 et
3176 3072 3280 3111 no-

1708 3144 1931 3198 vitatem
1956 3144 2226 3206 miraculi,
2259 3145 2496 3199 crastino
2524 3146 2610 3199 die
2643 3146 2891 3216 discipuli
2940 3165 3060 3204 eam
3104 3152 3280 3206 oculis

1707 3235 2023 3301 lustrantes,
2058 3242 2118 3289 ut
2147 3235 2436 3305 diligenter
2460 3237 2843 3306 explorarent,
2893 3255 3024 3294 num
3071 3243 3280 3297 radices

1709 3327 1913 3396 pariter
1942 3342 2065 3383 cum
2092 3338 2284 3382 trunco
2312 3336 2366 3381 et
2394 3329 2558 3383 ramis
2578 3330 2743 3384 arida:
2768 3339 2973 3397 essent,
3014 3333 3277 3404 obstupe-

1707 3417 1834 3473 facti
1890 3427 2018 3472 sunt
2071 3418 2149 3471 rei
2202 3420 2353 3473 mirze
2401 3419 2832 3476 conﬁrmatione.
2871 3422 3047 3489 Ipsam
3078 3424 3278 3495 quippe

1706 3510 1932 3566 arefecit
1958 3511 2240 3577 Dominus,
2271 3520 2332 3566 ut
2368 3528 2478 3568 suae
2511 3514 2769 3581 potentiae
2797 3515 3074 3583 specimen
3108 3517 3276 3572 disci-

1709 3604 1852 3674 pulis
1880 3604 2165 3659 exhiberet
2190 3645 2205 3670 ,
2246 3615 2470 3675 pr0pter
2525 3605 2898 3662 imminentem
2938 3608 3275 3677 passionem.

1705 3696 2152 3766 Quandoquidem
2187 3696 2241 3751 in
2270 3697 2552 3752 beneﬁciis
2592 3699 2768 3754 modis
2799 3699 2961 3754 variis
2986 3701 3094 3755 vim
3123 3717 3274 3757 suam

1706 3797 2053 3853 exseruerat;
2083 3797 2139 3842 at
2162 3788 2372 3844 ultricis
2404 3789 2619 3846 virtutis
2644 3790 2951 3859 exemplum
2975 3807 3080 3846 non
3110 3792 3274 3846 dede-

1705 3888 1827 3944 rat;
1876 3894 2039 3948 quam
2067 3878 2381 3932 necessario
2415 3879 2468 3932 in
2502 3894 2558 3933 re
2587 3879 2824 3933 inanima
2846 3895 2994 3935 nunc
3014 3882 3275 3936 ostendit.

1705 3971 2015 4026 Vendentes
2037 3985 2199 4039 porro
2225 3977 2281 4025 et
2305 3978 2570 4034 ementes,
2594 3971 2806 4025 duobus
2827 3971 3022 4027 diebus
3050 3973 3274 4041 expulit,

1704 4066 1881 4136 primo
1906 4073 1961 4119 et
1985 4063 2244 4128 secundo,
2268 4072 2328 4118 ut
2354 4063 2594 4119 avaritiae
2622 4072 2678 4118 et
2707 4066 3122 4135 cauponationis
3149 4067 3275 4121 abs-

1704 4173 1808 4226 quc
1839 4157 2047 4227 pudore
2075 4154 2264 4209 morbo
2292 4153 2537 4209 affectos.

2278 4331 2569 4404 Diﬁicultaa
2592 4348 2715 4388 xxx.
2740 4378 2759 4384 _

1780 4421 2027 4489 Quidita,
2058 4418 2202 4494 quod
2229 4423 2511 4479 Matthzeus
2538 4433 2593 4478 et
2625 4423 2838 4480 Marcus
2858 4424 3011 4481 aiunt
3039 4435 3278 4496 patrem-

1712 4511 1979 4578 familias,
2034 4514 2127 4582 qui
2180 4513 2393 4571 rineam
2451 4514 2757 4582 plantavit,
2813 4516 3013 4570 multos
3057 4514 3276 4570 misisse

2787 4668 2831 4699 ⁸⁷
2859 4665 3023 4721 Marc.
3057 4684 3112 4721 ιι
3133 4706 3148 4732 ,
3186 4665 3274 4720 15.

1539 4822 1772 4883 NOTAE.

41 4941 126 4977 nro
162 4941 241 4989 ea,
303 4934 356 4978 et
414 4920 715 4977 ascendens
766 4929 929 4988 Super
975 4914 1330 4989 subju’galem,
1394 4925 1449 4975 et
1482 4921 1603 4990 pul-

41 4999 146 5045 lum
190 4996 480 5061 juvenem,
538 4989 840 5061 Matthwus,
894 5004 1060 5061 super
1100 4991 1331 5061 asinam,
1378 4999 1431 5044 et
1480 4989 1604 5061 pul-

43 5065 144 5113 lum
178 5057 347 5131 tilium
371 5059 686 5131 subjugalis,
724 5066 895 5131 au_t_ut
914 5058 1313 5131 inpqur'bgtsdam
1336 5057 1601 5125 exempla-

43 5130 177 5183 ribus
203 5130 421 5183 habetur
442 5127 696 5198 {pullum
726 5127 1021 5195 subjugalis
1042 5146 1058 5195 ;
1104 5127 1339 5183 Joannes
1366 5145 1485 5182 vero
1505 5144 1600 5197 po-

43 5199 164 5261 mit,
201 5200 412 5253 Sedens
436 5199 585 5252 venit
617 5211 782 5264 super
815 5199 1023 5263 pullum
1061 5200 1252 5253 asinae.
1278 5227 1348 5237 —
1375 5198 1529 5264 Quod
1555 5198 1601 5252 si

43 5270 259 5339 insuper
282 5267 618 5339 consulueris
641 5265 819 5334 Cyrilli
840 5264 1301 5339 Commentarium
1322 5267 1378 5339 in
1399 5268 1602 5339 Zacha-

43 5337 197 5404 riam,
229 5351 406 5391 mutes
427 5338 589 5391 velim
614 5349 678 5386 ex
705 5348 869 5407 sensu
895 5339 1175 5407 εὐτεχνίαν
1203 5338 1259 5391 in
1282 5337 1596 5407 εὐτεκνίανε

43 5421 159 5460 cum
217 5416 405 5477 contra
469 5404 772 5477 φιλοτεχνεῖ
826 5418 925 5471 pro
980 5404 1284 5477 φιλοτεχνεῖ
1324 5406 1601 5477 habeatur

43 5476 189 5529 initio
221 5476 437 5533 Catenae
482 5472 562 5529 ad
597 5472 865 5543 Marcum,
901 5477 954 5528 in
994 5472 1272 5531 'Encoinio
1323 5474 1592 5543 ProcOpii,

1771 4916 1882 4990 (ει)
1914 4914 2110 4986 Φησὶν
2131 4931 2229 4987 pro
2257 4914 2622 4990 cppac'rlvaSaepe
2648 4918 2706 4990 in
2726 4916 3025 4990 hoctomo,
3060 4927 3116 4977 et
3147 4935 3275 4990 pas-

1698 4988 1801 5046 sim
1833 4988 2267 5060 apudauctores
2289 4988 2562 5060 interdum
2592 5003 2659 5042 ex
2698 4989 2991 5055 idiotismo,
3027 4999 3088 5045 ut
3118 4988 3277 5046 vide-

1702 5071 1809 5125 tur,
1828 5057 2098 5114 interdum
2129 5068 2308 5113 errato
2336 5057 2701 5124 librariorum,
2718 5060 2953 5114 maxinw
2977 5061 3049 5116 ob
3067 5062 3278 5118 brevia-

1701 5140 1809 5191 tam
1858 5130 2235 5199 scriptionem.
2292 5127 2383 5182 Sic
2413 5129 2575 5199 apud;
2603 5129 2923 5199 Gregorium
2962 5130 3271 5199 Nyssenum

1699 5201 1945 5254 oratione
1975 5195 2008 5253 8
2038 5198 2090 5251 in
2121 5197 2277 5269 Cant.
2308 5195 2463 5269 eant.—
2485 5206 2523 5252 t.
2556 5195 2598 5269 1,
2622 5213 2678 5267 p.
2704 5195 2808 5254 594
2839 5199 2900 5253 C.
2945 5195 3078 5269 φησι
3108 5201 3275 5256 habet

1699 5269 1870 5323 editio
1900 5309 1917 5341 ,_
1948 5269 2083 5336 φασὶ
2111 5268 2512 5341 codexiﬂegius
2531 5267 2701 5341 1797..
2735 5269 2854 5341 Non
2903 5267 3041 5341 ergo,
3065 5279 3272 5326 temere

1699 5339 2015 5393 mutandum
2050 5354 2066 5404 ;
2101 5349 2160 5392 ut
2200 5337 2329 5393 fecit
2387 5337 2614 5392 Allatius
2675 5337 2733 5391 in
2797 5337 3272 5395 Notis'Eustathii

1698 5407 2138 5479 Hexaemero_np.
2159 5408 2279 5471 155,
2297 5406 2519 5479 deloco
2562 5406 2931 5479 Chrysostomi
2972 5409 3037 5464 ad
3065 5409 3267 5467 Jercm.

1699 5493 1831 5546 3m,
1880 5478 1966 5531 11.
2010 5476 2231 5531 Catenae
2283 5476 2740 5539 Ghislerianaa,'t.
2774 5476 2839 5542 ll,
2886 5491 2943 5546 p.
2971 5478 3096 5535 955.
3130 5480 3267 5535 Vide

43 5546 392 5637 ante'linctp.
435 5546 576 5625 Loca
613 5554 721 5637 non
744 5540 961 5637 profero
990 5583 1005 5609 ,
1041 5546 1167 5614 quia
1220 5545 1375 5614 plura
1416 5540 1596 5599 dicere
1693 5540 1951 5602 Catenam
1980 5546 2035 5600 in
2068 5546 2190 5611 Job,
2217 5563 2270 5616 p.
2301 5546 2425 5613 519,
2450 5546 2574 5611 480,
2612 5549 2737 5607 lli.

43 5624 129 5667 aut
161 5615 468 5670 describere
491 5614 658 5685 piget.

388 5706 663 5768 Pnnon.
708 5709 822 5768 Gn.
868 5704 1097 5768 XCIII.
1189 5739 1197 5747 -

2786 5695 2863 5758 hii
