3764 6304
33 298 111 361 ει
1345 293 1859 369 ΟΠίΕΞἹἾΟΝΕΞ.

3097 289 3239 355 Ῑίὲὶ

56 406 302 479 Βηθανίᾳ
330 405 523 478 μύρον,
549 405 643 460 καὶ
675 406 737 458 τδ
772 405 1059 475 σύμφωνον
1087 404 1187 474 τῆς
1225 403 1394 456 Ἰοιίδα
1422 421 1547 473 προ-

1719 404 1868 465 .ionis
1896 402 2077 471 Iudae;
2128 417 2190 457 ca
2238 417 2357 473 qua:
2403 417 2500 472 per
2541 403 2685 458 illam
2717 409 2932 459 noctem
2963 402 3108 459 dicta
3152 404 3236 463 fa-

35 498 180 560 σίας,
211 496 279 549 τὰ
311 499 370 549 ὲν
400 499 465 567 τῇ
498 496 655 549 νυκτὶ
702 495 963 567 λεχθέντα
995 511 1055 548 τε
1092 494 1186 548 καὶ
1242 493 1559 565 πραχθέντα

35 588 209 653 έθετο,
242 580 361 661 ὲνῇ
396 587 688 657 παρεδόθη.

633 680 691 733 Ἀ
701 678 899 746 πορία.

40 770 166 834 Πῶς
199 770 480 834 Ματθαῖος
515 771 613 841 μὲν
645 771 808 825 αὑτὸν
835 769 1170 840 ὁμολογῆσαι
1222 770 1316 822 τὸν
1359 768 1562 823 Ἰούδαν

34 881 67 929 ;ν
97 862 391 931 προδοσίαν
427 861 665 927 ἐξέθετο,
721 861 979 915 εἰπόντα·
1038 859 1133 924 Μή
1169 876 1224 913 τι
1278 860 1393 929 ἐγώ
1421 862 1559 929 εἰμι,

33 951 183 1004 ἀϐϐί
199 967 219 1015 ;
264 949 521 1018 Ἰωάννης
553 948 633 1012 δὲ,
656 949 740 1001 ὅτι
761 949 789 1000 ὁ
817 947 1052 1019 Χριστὸς
1081 946 1143 999 τὸ
1170 946 1387 1018 ψωμίον
1416 946 1562 1016 αὐτῷ

33 1045 221 1108 δωκεν,
249 1044 324 1107 ὡς
350 1045 415 1115 τῇ
447 1042 712 1115 προδοσίᾳ
736 1044 999 1112 σημεῖονς

650 1134 862 1198 Λύσις.

42 1224 167 1276 Ὀτι
202 1224 564 1294 πολυτρόπως
595 1224 848 1288 ποικίλας
880 1223 981 1293 τὴν
1024 1223 1188 1279 αὐτοῦ
1217 1225 1565 1279 διδασκαλίαν

33 1315 257 1385 Κύριος.
296 1316 392 1369 καὶ
421 1316 512 1368 τὸν
557 1315 778 1379 Ἰούδαν,
813 1316 912 1385 οὐχ
936 1314 1102 1379 ἅπαξ.
1132 1316 1253 1369 οὐδὲ
1287 1316 1392 1379 δἰς,
1428 1315 1565 1369 ἀλλὰ

33 1407 63 1458 gi.
94 1406 383 1469 πολλάκις,
433 1407 562 1459 ποτὲ
619 1406 717 1476 μὲν
758 1407 1241 1477 συνεσκιασμένως
1298 1407 1563 1477 ἐλέγχων,

33 1498 100 1549 οτὲ
120 1496 179 1548 δὲ
211 1514 345 1565 φανε
357 1497 632 1567 ρωτέρως,
661 1496 926 1550 ἀνέκοπτε
955 1498 1052 1567 τῆς
1076 1497 1298 1566 ὲγχειρή
1310 1514 1466 1560 σεως.
1487 1497 1566 1549 Τά

40 1606 68 1639 ν
102 1586 197 1641 οὖν
225 1590 423 1657 πρῶτα
446 1590 548 1657 τῆς
577 1590 634 1639 έν
663 1587 740 1657 τῷ
794 1589 1000 1659 δείπνῳ
1032 1588 1225 1641 τούτου
1257 1588 1417 1659 χάριν
1446 1588 1566 1640 δια-

33 1677 162 1742 ξεως
195 1680 249 1731 Μ
257 1678 479 1742 ατθαῖος
505 1680 723 1746 ἐξέθετο
749 1698 762 1711 ο
800 1680 869 1733 τὰ
892 1679 949 1733 δὲ
976 1680 1263 1734 τελευταῖα
1288 1679 1563 1750 Ἰωάννης,

41 1769 276 1838 ξάμενος
308 1769 538 1822 ἀπὸτοῦ
566 1771 850 1841 νιπτῆρας,
894 1771 987 1823 καὶ
1031 1770 1359 1842 παραλιπὼν
1401 1770 1469 1823 τὰ
1507 1773 1564 1824 ὲν

33 1862 332 1932 »Ματθαίῳ
363 1862 652 1932 εἰρημένα.
699 1862 918 1931 Ἐπειδὴ
950 1863 1285 1934 γέγραπται,
1334 1861 1476 1931 μετά
1505 1862 1566 1915 τὸ

33 1952 203 2021 ιμίον,
234 1953 318 2015 εἰς
353 1952 449 2004 τὸν
505 1952 707 2005 Ἰούδαν
755 1951 1018 2004 εἰσελθεῖν
1049 1952 1139 2005 τὸν
1169 1952 1439 2013 Σατανᾶν,
1491 1950 1566 2021 μὴ

33 2042 323 2111 νισθῶμεν.
390 2041 463 2095 Οὐ
498 2042 606 2113 γὰρ
667 2042 727 2093 τὸ
773 2042 987 2111 ψωμίον
1036 2042 1185 2113 αὐτῷ
1210 2041 1399 2095 τούτου
1427 2058 1568 2121 παρ-

33 2147 140 2183 τιον
159 2146 172 2161 ·
201 2130 303 2200 ἤδη
339 2129 454 2198 γὰρ
508 2125 577 2200 ἦν
602 2129 886 2199 βεϐληκὼς
912 2131 992 2194 είς
1024 2130 1122 2200 τὴν
1149 2130 1377 2199 καρδίαν
1401 2130 1566 2182 αὐτοῦ

38 2240 65 2284 ς
94 2221 391 2291 προδοσίας
415 2221 476 2272 τὸ
507 2221 762 2290 τόλμημα
782 2240 796 2252 ·
832 2222 969 2274 ἀλλὰ
990 2224 1109 2276 τότε
1138 2223 1274 2286 ὅλως
1296 2225 1375 2286 εἰς
1406 2224 1570 2276 αὐτὸν

34 2291 241 2383 ὠρησε,
302 2312 369 2364 τὸ
418 2312 787 2382 ἀμετανόητον
839 2312 1005 2365 αὐτοῦ
1062 2312 1174 2384 (22)
1210 2313 1565 2384 θεασάμενος.

33 2407 84 2471 σὺ
116 2408 227 2473 γὰρ
260 2402 459 2457 τούτου
508 2402 693 2473 ἡρέμα
715 2403 892 2474 τούτῳ
925 2405 1286 2473 προσέϐαλλε.
1346 2406 1421 2458 Τὸ
1452 2405 1569 2475 ψω-

36 2514 95 2548 ον
125 2496 311 2548 τοίνυν
347 2493 594 2564 σιδηρίου
650 2494 899 2563 ἰατρικοῦ
935 2495 1091 2561 τάξιν
1120 2497 1360 2566 ἐπεῖχεν,
1407 2496 1439 2568 ἢ
1473 2498 1573 2566 ἑμ-

33 2590 251 2657 .άστρου
282 2584 696 2654 ἐπιτιθεμένης,
737 2586 831 2637 καὶ
887 2586 1343 2657 ἐκκαλυπτούσης
1375 2586 1441 2640 τὰ
1477 2604 1572 2640 κε-

33 2699 74 2732 ιυ
86 2679 270 2749 μελένα
321 2675 635 2746 τραύματα.

682 2767 729 2820 Ἀ
738 2768 933 2834 πορία.

42 2863 203 2923 Τίνος
223 2859 386 2929 χάριν
414 2859 695 2922 Matrinio;
736 2860 834 2928 μὲν
860 2862 916 2911 ἐν
944 2861 1008 2930 τῇ
1045 2858 1244 2931 πρώτῃ
1278 2860 1385 2913 τῶν
1418 2860 1574 2926 Ἀζύ-

33 2968 117 3015 ον,
144 2950 207 3001 τὸ
233 2949 449 3000 δεῖπνον
484 2950 706 3016 γεγονὸς
751 2949 1024 3002 ἐκτίθεται
1051 2965 1067 2982 ο
1097 2952 1145 3002 οἱ
1193 2951 1248 3002 δὲ
1292 2949 1443 3004 ἄλλοι
1474 2952 1572 3022 τὴν

33 3041 195 3110 ιέραν
224 3038 358 3090 αὐτὸ
414 3037 507 3092 τοῦ
536 3038 833 3093 Ἰουδαϊκοῦ
865 3040 1057 3110 Πάσχα
1094 3043 1525 3113 ὲπιφημίξουσιν
1554 3061 1567 3074 ε

33 3134 237 3201 υάννης
258 3132 315 3184 δὲ
338 3133 445 3202 πρὸ
468 3132 569 3201 τῆς
593 3134 785 3203 ἑορτῆς
801 3134 894 3186 τοῦ
919 3135 1107 3204 Πάσχα
1129 3135 1289 3187 τοῦτο
1322 3136 1576 3204 γενέσθαι

33 3222 345 3293 ιρτύρεται,
393 3223 486 3276 τοῦ
520 3224 736 3295 ψωμίου
784 3227 1188 3297 μνημονεύσας,
1224 3228 1362 3299 ὅπερ
1404 3231 1432 3281 ὁ
1466 3228 1579 3282 Κύ-

35 3331 94 3377 ος
113 3314 191 3384 τῷ
206 3315 381 3386 Ἰούδᾳ
403 3316 667 3382 ἐπέδωκε,
686 3317 777 3369 καὶ
794 3312 917 3369 εἷπε
941 3318 1076 3388 πρὸς
1092 3317 1220 3371 αὐτὸ
1242 3341 1269 3383 ·,
1283 3323 1352 3373 Ὃ
1366 3320 1573 3388 ποιεῖς,

33 3404 245 3472 οίησον
268 3407 339 3459 ἐν
369 3405 534 3474 τάχει
555 3420 570 3432 ⁸
593 3407 688 3458 καὶ
720 3407 977 3475 προσθεὶς
994 3408 1073 3460 ὅτι
1101 3409 1260 3473 τινες
1290 3410 1568 3474 ἐδόκουν,

33 3513 72 3549 τι
106 3497 270 3567 λέγει
304 3496 464 3563 αὐτῷ
509 3501 541 3550 ὁ
596 3498 852 3576 ἰοσωᾷα
891 3498 1222 3567 Ἀγόρασον
1250 3493 1337 3552 ὧν
1368 3504 1579 3569 χρείαν

33 3603 204 3653 ςομεν
229 3590 321 3651 εἰς
371 3585 487 3652 τὴν
522 3585 759 3653 ἑορτὴν,
805 3585 842 3653 ἢ
883 3587 1004 3651 τοῖς
1059 3588 1319 3656 πτωχοῖς
1370 3590 1470 3643 ἵνα
1520 3608 1576 3644 τι

33 3676 119 3743 in

697 3770 906 3837 Λύσις.

51 3857 165 3929 Τὴν
200 3859 807 3929 τεσσαρεσκαιδεκάτην
856 3860 949 3913 τοῦ
986 3862 1155 3931 μηνὸς
1206 3863 1300 3915 rei}
1334 3864 1575 3934 πρώτου,

35 3949 182 4019 άσχα
214 3948 446 4017 σύνηθες
474 3953 538 4020 τῇ
574 3950 765 4019 Γρασῇ
810 3952 1027 4005 καλεῖν·
1061 3952 1138 4016 ὡς
1182 3954 1239 4005 ὲν
1271 3954 1408 4026 αὐτῇ
1444 3957 1578 4010 ἀνα-

34 4037 155 4088 ἕσον
188 4038 296 4088 τῶν
327 4037 651 4108 ὲσπερινῶν,
679 4038 772 4089 τοῦ
797 4040 974 4107 ἀμνοῦ
997 4042 1312 4112 ἐσθιομένου
1340 4047 1428 4097 ἐπ’
1448 4046 1578 4111 ὀιζύς

34 4144 142 4190 οις·
176 4130 277 4198 τὴν
316 4128 373 4182 δὲ
428 4130 922 4199 πεντεκαιδεκάτην
976 4133 1209 4202 ἡμέραν,
1263 4137 1324 4188 οὐ
1364 4138 1575 4207 Πάσχα,

33 4219 103 4269 λλ’
125 4220 322 4289 ἑορτὴν
358 4219 453 4271 τοῦ
488 4220 701 4289 Πάσχα,
738 4222 909 4291 ἤγουν
943 4223 1135 4293 ἑορτὴν
1178 4225 1449 4296 Ἀζύμων·
1483 4246 1580 4280 κα-

34 4309 96 4372 .ἷ›ς
125 4328 264 4379 φησι
294 4311 558 4379 Μωυσῆς,
592 4314 693 4374 ὅτι,
724 4311 829 4364 Ἐν
853 4310 932 4376 τῷ
953 4314 1161 4381 πρώτῳ
1185 4315 1352 4384 μηνὶ,
1409 4317 1479 4386 τῇ
1508 4319 1578 4371 ιδ’

1663 507 1857 565 ctaque
1882 503 2029 561 sunt,
2061 494 2115 548 in
2151 510 2256 565 qua
2284 494 2513 550 traditus
2542 503 2651 563 est,
2689 493 2964 551 memoriae
2986 494 3226 577 reliquit.

2191 667 2480 738 Diﬂicultas
2514 686 2710 726 χχχιιι.

1724 757 1826 824 Qui
1861 757 2145 814 lilatthaeus
2176 759 2353 830 ipsum
2400 760 2594 817 ludam
2650 762 2821 818 edixit
2864 765 3070 822 fassum
3115 783 3240 824 esse

1663 848 1731 903 de
1794 850 2103 919 proditione
2158 866 2252 905 sua
2288 893 2302 917 ,
2361 852 2559 907 aiendo
2599 856 2899 927 :Nunquid
2953 874 3045 929 ego
3097 876 3237 920 sum,

1666 937 1833 994 Rabbi
1858 942 1916 995 ’?
1938 939 2200 1009 Joannes,
2223 941 2500 998 Christum
2534 943 2634 1012 ipsi
2667 943 2883 1000 dedisse
2914 947 3238 1009 buccellam,

1666 1041 1726 1087 ut
1763 1035 2060 1104 proditioni
2091 1036 2304 1108 signum
2339 1037 2381 1067 ¹⁰
2414 1037 2438 1091 ?

2374 1128 2605 1186 Salutio.

1739 1217 2004 1284 Quoniam
2059 1220 2289 1276 diversis
2342 1223 2518 1279 modis
2575 1239 2888 1293 proponens
2939 1224 3243 1280 doctrinam

1670 1325 1823 1365 suam
1853 1312 2133 1376 Dominus,
2181 1324 2235 1368 et
2268 1313 2465 1369 Judam
2516 1331 2626 1369 non
2667 1317 2857 1381 semel,
2910 1332 3089 1386 neque
3137 1316 3242 1379 bis,

1668 1402 1762 1459 sed
1805 1419 1972 1474 saepe,
2008 1405 2281 1459 interdum
2309 1406 2577 1472 obscure,
2624 1407 2825 1462 clarius
2851 1408 3125 1462 interdum
3153 1423 3243 1462 ar-

1669 1510 1860 1565 gucns,
1889 1496 2205 1550 retrahebat
2245 1497 2315 1551 ab
2341 1496 2598 1568 incoepta.
2645 1499 2831 1554 Priora
2859 1515 2988 1570 ergo
3014 1499 3099 1552 illa
3129 1515 3250 1555 ser-

1671 1586 1850 1642 monis
1887 1603 2004 1642 eam
2041 1588 2112 1642 ob
2160 1604 2273 1644 rem
2313 1589 2485 1644 habiti
2531 1589 2584 1644 in
2623 1607 2800 1652 cmna.
2841 1592 3083 1647 narravit
3111 1590 3248 1648 Mat~

1673 1679 1880 1742 thmus;
1915 1687 2191 1747 postrema
2218 1677 2483 1741 Joannes,
2526 1680 2796 1751 incipiens
2817 1698 2846 1735 a
2873 1681 3163 1750 lavipcdi‘o,
3195 1690 3251 1737 et

1672 1768 1989 1838 relinquens
2021 1783 2108 1823 res
2141 1784 2171 1821 a
2194 1768 2446 1826 Matthmo
2492 1781 2841 1828 memoratas.
2876 1771 3031 1838 Quod
3066 1781 3249 1828 autem

1673 1857 1937 1926 scriptum
1978 1865 2079 1921 est,
2113 1866 2235 1926 post
2277 1857 2607 1923 huccellam,
2655 1859 2707 1913 in
2742 1859 2937 1916 Iudam
2974 1861 3251 1916 introiisse

1674 1948 1953 2007 Satanam.
1988 1964 2055 2001 ne
2077 1948 2236 2004 nobis
2256 1949 2454 2003 mirum
2482 1950 2748 2005 videatur.
2782 1951 2900 2005 Non
2932 1953 3082 2007 enim
3111 1953 3248 2008 buc-

1675 2035 1810 2090 cclla
1863 2034 1915 2089 ei
1960 2035 2061 2090 hoc
2108 2035 2325 2103 eﬂecit;
2376 2039 2811 2108 quandoquidem
2850 2041 2960 2110 jam
3006 2041 3253 2097 diabolus

1674 2123 1976 2181 immiserat
2000 2126 2053 2179 in
2087 2142 2180 2180 cor
2228 2127 2347 2196 ejus
2391 2128 2607 2183 facinus
2654 2129 3016 2199 proditionis;
3062 2146 3252 2187 verum

1678 2227 1808 2271 tunc
1828 2218 2054 2272 omnino
2071 2219 2127 2274 in
2150 2236 2274 2273 eum
2297 2219 2508 2286 insiliit,
2531 2221 2965 2292 impmnitenlem
2984 2237 3246 2289 cernens;

1676 2317 1836 2363 antea
1900 2309 2101 2379 quippe
2148 2311 2349 2366 sensim
2402 2312 2769 2367 adoriebatur.
2832 2312 3081 2369 Buccella
3122 2327 3254 2383 ergo

1677 2396 1858 2453 locum
1890 2401 2066 2454 tenuit
2088 2400 2403 2456 ferramenti
2438 2403 2800 2472 medicorum,
2831 2413 2924 2461 aut
2949 2404 3251 2477 emplastri,

1676 2491 1821 2560 quod
1853 2492 2264 2562 superponitur,
2297 2501 2352 2549 et
2390 2495 2601 2549 occulta
2634 2497 2857 2550 vulnera
2886 2496 3165 2566 patefacit.

2220 2760 2512 2832 Diﬁicultas
2536 2780 2723 2820 xxxrv.

1750 2852 1864 2918 Qua
1915 2854 2081 2924 gratia
2123 2854 2405 2911 Matthmus
2452 2858 2671 2927 quidem
2722 2859 2897 2930 prima
2927 2861 3253 2932 Azymorum

1678 2944 1767 2999 die
1803 2959 2015 2999 coenam
2051 2946 2246 3000 factam
2299 2948 2495 3013 docet,
2529 2950 2619 3004 alii
2642 2966 2771 3005 vero
2806 2950 2950 3006 diem
2977 2953 3256 3009 celebrant

1684 3031 1889 3086 Pascha
1920 3033 2205 3089 Judaicum
2234 3035 2273 3068 ¹¹
2297 3078 2312 3103 ,
2355 3037 2597 3093 Joannes
2632 3049 2813 3096 autem
2856 3041 2907 3095 id
2953 3052 3078 3097 ante
3109 3043 3252 3097 diem

1681 3124 1880 3179 festum
1924 3126 2127 3183 Pascha
2167 3130 2415 3184 evenisse
2461 3132 2748 3201 perhibet,
2805 3134 3141 3190 mentionem
3173 3134 3255 3189 fa-

1680 3216 1832 3273 ciens
1853 3218 2136 3283 buccellae,
2171 3236 2332 3291 quam
2377 3221 2639 3278 Dominus
2667 3224 2820 3280 Iuda:
2841 3227 3102 3295 porrexit,
3129 3242 3253 3281 cum

1681 3307 1766 3362 his
1801 3309 1981 3364 verbis
2013 3328 2026 3365 :
2063 3309 2214 3376 Quod
2259 3313 2392 3384 facis
2413 3356 2426 3379 ,
2477 3316 2562 3385 fac
2595 3317 2738 3381 cito;
2767 3317 3080 3387 addensque
3109 3320 3255 3388 quod

1681 3400 1899 3468 quidam»
1928 3403 2208 3467 putabant,
2255 3406 2393 3473 quod
2436 3407 2660 3459 dixisset
2701 3407 2749 3458 ei
2798 3407 2992 3460 Jesus:
3030 3405 3162 3462 Eme
3192 3425 3254 3463 ea

1679 3506 1794 3559 qum
1817 3507 1946 3558 opus
1979 3501 2100 3544 sunt
2133 3493 2276 3546 nobis
2317 3495 2388 3547 ad
2421 3496 2559 3549 diem
2585 3498 2815 3566 festum;
2857 3510 2950 3552 aut
2983 3500 3156 3569 egenis
3197 3507 3255 3554 ut

1679 3581 1883 3653 aliquid
1910 3583 2105 3636 daret?

2376 3764 2603 3831 Salutio.

1749 3857 2284 3928 Decimumquartum
2324 3858 2483 3927 primi
2511 3859 2717 3914 mensis
2751 3859 2896 3915 diem
2932 3861 3071 3915 solet
3105 3860 3254 3917 Scri-

1682 3961 1836 4018 ptura
1867 3950 2140 4020 appellare
2161 3948 2366 4006 Pascha
2393 3968 2409 4017 ;
2450 3952 2596 4021 quod
2634 3952 2687 4006 in
2730 3968 2798 4008 eo
2830 3952 2971 4008 inter
2998 3969 3254 4026 vesperas

1680 4059 1852 4113 agnus
1871 4042 2249 4097 comederetur
2275 4058 2397 4096 cum
2438 4043 2640 4113 azymis
2664 4061 2679 4109 ;
2707 4044 2980 4098 decimum
3007 4046 3255 4115 quintum

1680 4144 1884 4197 autem,
1908 4149 2017 4188 non
2050 4132 2279 4193 Pascha.
2315 4134 2409 4189 sed
2443 4133 2640 4189 festum
2663 4135 2906 4201 Pascha,
2940 4152 3037 4191 seu
3056 4136 3256 4193 festum

1682 4229 2008 4296 Azymorum
2042 4245 2055 4280 :
2094 4225 2236 4281 sicut
2288 4226 2365 4279 ait
2416 4225 2624 4296 Moyses
2669 4242 2683 4279 :
2729 4224 2795 4280 In
2841 4230 3010 4299 primo
3062 4246 3254 4293 mense,

1681 4317 2080 4385 quartadecima
2135 4317 2327 4371 mensis
2355 4359 2367 4379 ,
2411 4317 2549 4371 inter
2609 4319 2841 4372 medium
2898 4335 3255 4386 vesperarum,

33 4402 179 4471 μέρςι
215 4403 323 4456 τοῦ
345 4404 561 4473 μηνὸς,
591 4404 900 4472 ἀναμέσων
928 4404 1047 4458 τῶν
1069 4408 1425 4475 ἐσπερινῶν,
1468 4412 1569 4463 Πα‹

1719 4406 1887 4460 ’ascha
1917 4404 2161 4459 Domino.
2196 4404 2262 4458 Et
2293 4407 2347 4459 in
2391 4406 2780 4477 quintadecima
2836 4407 2920 4460 die
2953 4407 3258 4463 solemuitas

35 4511 113 4561 κα
149 4493 232 4559 τῷ
269 4499 481 4563 Κυρίῳ.
515 4496 625 4549 Καὶ
656 4497 724 4548 ἐν
770 4495 844 4564 τῇ
866 4500 1372 4568 πεντεκαιδεκάτῃ
1396 4503 1573 4572 ἑορτὴ

33 4585 265 4656 4ζύμων
287 4585 367 4651 τῷ
399 4589 609 4652 Κυρίῳ.
670 4589 779 4659 Πρδ
808 4585 900 4641 οὖν
933 4588 1137 4658 ταύτης
1170 4593 1235 4662 τῇ
1300 4592 1362 4645 ιδ’
1414 4593 1576 4662 ὀψίας

33 4678 92 4748 δη
135 4678 307 4746 οὔσης
355 4678 750 4747 συνδειπνήσας
780 4682 891 4744 τοῖς
931 4681 1209 4749 μαθηταῖς
1254 4684 1317 4736 τὸ
1345 4685 1574 4738 τυπικδν

44 4769 186 4837 ἀσχα
221 4769 250 4819 ὁ
272 4767 493 4836 Κύριος,
544 4767 665 4820 τότε
694 4770 787 4820 καὶ
840 4771 901 4823 τὸ
934 4773 1193 4841 μυστικὸν
1225 4777 1406 4838 αὐτοῖς
1441 4795 1574 4847 παρ-

33 4858 161 4909 Ξωκε
191 4859 384 4928 Πάσχα
407 4873 425 4889 ’
450 4857 704 4928 οὐδαμῶς
736 4859 792 4912 δὲ
828 4861 1130 4917 ἐκωλύοντο
1180 4866 1244 4918 ἐκ
1267 4866 1362 4919 τοῦ
1409 4867 1572 4936 νόμου

33 4945 58 4996 Ξι
88 4946 227 5016 πρὸς
249 4945 480 5018 τροφὴν,
507 4946 540 5016 ἢ
567 4946 766 4999 πωλεῖν
792 4947 824 5018 ἦ
874 4950 1186 5020 ἀγοράζειν,
1218 4952 1249 5021 ἦ
1275 4952 1572 5022 ἐλεημοσύ-

1685 4498 2002 4566 Azymorum
2032 4496 2260 4551 Domino
2288 4496 2352 4550 ".
2386 4500 2524 4551 Ante
2549 4502 2679 4569 ergo
2710 4498 2858 4552 illum
2889 4497 3034 4553 diem
3058 4540 3074 4565 ,
3114 4499 3259 4554 decic

1681 4600 1984 4657 maquarta,
2021 4606 2144 4644 cum
2186 4605 2309 4644 sero
2331 4590 2442 4659 jam
2473 4599 2638 4654 esset,
2666 4605 2823 4646 coena
2860 4605 2983 4644 cum
3010 4590 3256 4661 discipu-

1682 4677 1749 4730 lis
1795 4676 1935 4731 facta
1976 4677 2259 4732 Paschalis
2288 4677 2470 4747 typici,
2511 4687 2641 4732 tunc
2670 4679 2935 4733 Dominus
2967 4679 3255 4747 mysticum

1680 4784 1897 4839 quoque
1919 4770 2050 4839 ipsis
2075 4769 2296 4823 tradidit
2323 4768 2551 4821 Pascha.
2576 4769 2623 4820 N
2629 4768 2900 4822 ullatenus
2921 4775 3105 4822 autem
3126 4780 3257 4836 pro-

1681 4860 2014 4916 hibebantur
2045 4875 2146 4930 per
2181 4859 2378 4929 Legem
2401 4897 2414 4920 ,
2446 4857 2576 4925 quin
2633 4857 2786 4911 cibos
2819 4857 3122 4912 venderent
3157 4865 3258 4913 aut

1679 4958 1947 5014 emerent,
1978 4950 2065 5004 vel
2096 4950 2291 5003 darent
2314 4949 2715 5018 eleemosynam
2750 4988 2763 5011 ,
2795 4954 3088 5018 propterea
3113 4947 3258 5018 quod

33 5052 87 5102 ην
129 5039 392 5106 παρέχειν
415 5053 428 5067 ’
459 5038 547 5090 διὰ
576 5037 638 5090 τὸ
665 5040 917 5109 εἰρῆσθαι
948 5057 961 5069 ο
990 5041 1147 5094 Ὅσα
1179 5042 1569 5109 ποιηθήσετοοι

1719 5046 1882 5099 ictum
1916 5053 2000 5097 est
2023 5057 2034 5092 :
2057 5040 2185 5105 Qua:
2206 5040 2329 5108 ﬁent
2356 5040 2570 5104 animle,
2600 5039 2695 5092 illa
2720 5040 2845 5108 ﬁent
2876 5040 3019 5095 vobis
3038 5037 3258 5106 “.Quo-

64 5212 313 5283 ’WMatth.
346 5214 602 5283 “v.25.
682 5216 726 5247 ¹⁰
749 5214 911 5269 Joan.
939 5233 1056 5274 xm.
1093 5217 1183 5268 ‘26.
1264 5218 1304 5249 ¹¹
1373 5217 1561 5271 Matth.
1593 5235 1739 5281 τινι,
1778 5220 1872 5281 l7;
1902 5215 2066 5271 \larc.
2100 5233 2212 5277 xw,
2251 5194 2520 5281 12;'Luc.
2558 5230 2694 5281 xxu,
2734 5217 2784 5269 7.
2866 5218 2909 5246 ¹²
2938 5212 3096 5269 Joan.
3123 5232 3255 5283 xm,

34 5322 46 5344 ,
72 5281 162 5345 Ξῖ,
198 5283 287 5338 29.
367 5284 410 5313 ¹³
433 5281 607 5338 Levit.
640 5302 794 5350 xxtn,
829 5286 880 5350 5,
915 5289 969 5339 6.
1047 5291 1092 5321 ιδ
1124 5285 1291 5341 Exod.
1318 5303 1411 5353 xu,
1441 5289 1527 5342 16.

1529 5376 1761 5430 NOTAE.

72 5468 183 5538 (29.)
214 5470 283 5522 Τὸ
312 5470 718 5538 ἀμετανόητον
745 5469 948 5523 αὐτοῦ.
971 5469 1120 5522 Idem
1151 5467 1313 5538 tradit
1333 5465 1568 5538 severus

33 5536 371 5593 .ntinchcnus
393 5540 457 5616 a_d
478 5538 1119 5616 Jnanni_s_testimoniu_m,
1143 5537 1322 5616 verbis
1347 5537 1419 5591 ob
1441 5551 1566 5616 par-

39 5610 591 5678 andepravationem
623 5608 954 5678 adducendis
982 5624 996 5659 :
1025 5607 1111 5658 ὅτε
1139 5607 1196 5657 δὲ
1221 5606 1435 5678 πάντων
1460 5606 1567 5678 τῶν

37 5674 323 5743 φῖιλόνέων
349 5678 514 5732 αὐτοῦ
544 5677 604 5730 τὸ
632 5677 802 5739 πάθος
848 5676 1039 5727 σϐέσαι
1074 5675 1383 5744 γενομένων
1418 5674 1569 5745 παρὰ

1674 5465 1769 5519 τοῦ
1807 5465 2076 5535 Σωτῆρος,
2111 5466 2358 5535 κρεῖττον
2384 5463 2525 5535 (sine
2547 5464 2711 5519 dubio
2748 5467 3042 5534 scripserat
3070 5465 3258 5535 κρείτυ

1674 5553 1752 5589 τω
1765 5538 1803 5603 ι)
1836 5530 2161 5605 θεραπείαςί
2183 5530 2418 5605 ἐγένετο.
2458 5530 2642 5588 Verum
2674 5534 2761 5587 ubi
2789 5575 2804 5598 ,
2853 5530 3252 5605 omnibusque

1676 5602 1873 5658 malum
1906 5602 2020 5672 ejus
2063 5602 2216 5657 Judae
2255 5603 2582 5672 exstinguere
2613 5620 2676 5657 ac
2718 5605 2905 5658 sedare
2938 5602 3245 5673 debuerant,

1678 5693 1709 5728 a
1744 5673 2020 5728 Saluatore
2049 5673 2316 5729 adhibitis.
2340 5673 2597 5727 medicina
2627 5673 2867 5744 superior
2896 5674 3115 5728 exstitit.
