3764 6304
21 247 99 313 25

679 375 889 442 Λύσις.

21 452 413 547 [ξραχυλογίας
475 464 642 533 ἧμελε
705 469 910 541 σφόδρα
967 471 1046 543 τῷ
1100 472 1404 547 Πνεύματι,
1460 477 1563 547 τῆς

26 543 108 639 ων
132 545 449 639 ολιγωρίας
475 553 656 610 ἕνεκα.
702 558 864 614 Ὅθεν
911 563 939 614 6
970 563 1070 633 μὲν
1096 543 1449 639 πλατυτέρως
1495 543 1563 620 τὰ

21 634 87 742 pl.
109 636 219 742 τῇς
247 642 428 742 εὐχῆς
470 646 720 742 έξέθετο·
750 651 778 704 6
812 652 867 706 δὲ
888 653 963 717 ὼς
1008 657 1066 708 ἐν
1095 634 1445 730 παραδρομῇ,
1476 659 1565 713 διὰ

36 729 123 790 εἰς
155 729 333 803 ἕτερα
363 738 688 807 ἐπείγεσθαι
710 760 725 773 ·
758 744 785 795 ὁ
831 745 888 798 δὲ
932 748 1040 801 οὐδ’
1075 750 1233 814 ὅλως,
1257 729 1432 804 διὰτὸ
1460 752 1565 807 ὑπὸ

26 835 57 871 ν
80 819 301 878 λοιπῶν
336 834 787 902 συγγεγράφθαι·
815 838 905 892 ἵνα
933 840 1009 911 μὴ
1032 843 1453 911 ταυτολογῶσιν.

654 1016 713 1070 Ἀ
722 1018 919 1087 κυρία.

21 1092 156 1160 Πῶς
178 1099 457 1174 Ἰωάννης
492 1107 649 1177 μόνος
679 1110 773 1164 τοῦ
803 1112 903 1183 τῆς
928 1114 1222 1185 προδοσίας
1252 1118 1353 1172 οὒκ
1399 1120 1568 1190 ἐμνή-

21 1205 54 1257 η
101 1190 474 1263 φιλήματοςς
521 1200 640 1265 πῶς
685 1202 743 1256 δὲ
777 1205 886 1258 τῶν
918 1206 1093 1261 ἄλλων
1142 1210 1443 1281 εἰρηκότων
1491 1213 1566 1276 ὡς

21 1294 72 1332 ,α
107 1282 172 1335 τὸ
206 1285 451 1355 φιλῆσαι
485 1291 577 1343 τὸν
596 1293 820 1364 Ἰούδαν,
853 1297 946 1351 τὸν
982 1298 1206 1370 Κύριον,
1238 1305 1287 1355 oi
1319 1302 1566 1357 Ἰουδαῖοι

21 1375 271 1431 νέλαὸον
293 1398 309 1411 ο
366 1383 626 1454 Ἰωάννης
654 1387 710 1440 δὲ
741 1388 802 1441 οὐ
848 1390 1006 1444 τοῦτο
1029 1408 1042 1420 ·
1076 1394 1351 1463 ἐρωτῆσαι
1376 1394 1433 1447 δὲ
1468 1397 1568 1448 αύ-

21 1466 106 1537 ὶμς,
144 1469 297 1524 Τίνα
327 1472 586 1542 ζητεῖτε;
613 1480 706 1531 καὶ
736 1479 959 1546 ὑπτίους
1007 1482 1184 1555 ῥίψαι,
1222 1486 1318 1539 καὶ
1347 1485 1417 1540 τὰ
1441 1487 1567 1558 ἑξῆς

23 1562 399 1632 emanavere;

314 1658 322 1665 ⁸
655 1663 870 1731 Λύσις.

1355 274 1753 348 ΟυίΕΞΤΙΟΝ
1761 282 1878 343 ES.

1598 400 1642 454 Α

3109 280 3255 348 1426

2339 391 2563 448 Salutio.

1738 484 2192 554 Breviloquentiae
2220 500 2412 557 magna
2450 485 2553 541 fuit
2579 501 2710 541 cura
2743 484 2991 556 Spiritui,
3018 493 3268 555 propter-

1669 586 1911 632 nostram
1939 578 2344 649 negligentiam.
2381 577 2729 650 Quapropter
2767 578 2857 633 ille
2908 577 3130 648 quidem
3161 575 3242 630 la-

1670 670 1780 727 tius
1814 668 1883 723 de
1918 668 2010 723 illa
2053 669 2304 735 oratione
2350 670 2568 724 loeutus
2602 678 2706 735 est,
2737 668 2875 722 alter
2913 682 3043 722 vero
3088 667 3245 737 quasi

1671 761 1726 814 in
1759 769 2100 827 transcursu,
2133 761 2277 830 quod
2316 760 2384 816 ad
2426 761 2533 817 alia
2561 768 2910 832 properaret;
2947 759 3085 814 alter
3114 775 3247 814 vero

1670 852 1873 917 omisit,
1902 853 2030 923 quia
2061 868 2093 907 a
2115 852 2343 922 reliquis
2377 853 2752 922 conscriptum
2780 850 2996 915 fuerat;
3036 865 3106 904 ne
3153 864 3246 904 ea-

1671 943 1794 997 dem
1817 951 2148 1013 repeterent.

2232 1034 2524 1104 Diﬂicuuaa
2557 1045 2783 1087 xxxvm.

1740 1122 1861 1189 Quo
1892 1133 2051 1194 pacto
2079 1125 2226 1181 solus
2252 1123 2753 1181 Joannesoseulum
2788 1123 3117 1193 proditionis
3139 1136 3248 1174 non

1670 1217 2178 1271 commemoravit?
2211 1231 2429 1287 quoque
2477 1224 2635 1286 pacto
2679 1230 2803 1270 cum
2838 1213 3020 1270 exteri
3069 1212 3256 1267 dicant

1670 1306 1815 1373 quod
1841 1306 2001 1360 simul
2026 1306 2266 1362 acJudas
2297 1306 2581 1361 Dominum
2617 1315 2701 1360 est
2734 1306 3032 1369 osculatus,
3079 1293 3251 1358 Judaei

1672 1413 1798 1452 eum
1826 1407 2127 1468 ceperunt,
2158 1398 2399 1453 Joannes
2428 1413 2538 1452 non
2568 1398 2672 1464 ita;
2724 1397 2820 1452 sed
2881 1396 3254 1464 interrogasse

1672 1507 1790 1557 eos,
1817 1490 1981 1558 Quem
2006 1494 2284 1563 quwritis?
2306 1504 2363 1549 et
2378 1494 2674 1564 proiecisse
2696 1494 2753 1547 in
2770 1501 2973 1547 terram
3002 1489 3250 1559 supinos,

1673 1593 1730 1639 et
1761 1600 1883 1655 quae
1920 1595 2226 1656 sequuntur
2246 1582 2577 1656 conscripsit
2607 1575 2686 1640 ⁵δῖ

2390 1674 2616 1730 Salutio.

24 1739 219 1800 Ἦλθε
261 1749 370 1817 μὲν
416 1752 509 1804 ἐπὶ
534 1754 627 1808 τὸν
662 1755 867 1827 Κύριον
909 1758 1050 1828 μετὰ
1093 1759 1332 1832 πλήθους
1365 1761 1569 1831 ῥόπαλα

1752 1764 1913 1821 Venit
1939 1766 2007 1821 ad
2043 1766 2332 1828 Dominum
2355 1766 2526 1821 ludas
2558 1781 2683 1819 cum
2710 1762 3055 1819 multitudine
3085 1761 3256 1817 fustes

21 1837 52 1889 ιδ.
82 1840 387 1913 μαχαίρας
413 1845 810 1916 ἐπιφερομένου
837 1852 866 1903 6
896 1850 1117 1914 Ἰούδας,
1145 1851 1330 1916 καθὼς
1375 1853 1577 1917 πάντες

32 1930 290 1999 μφὼνως
321 1935 592 2002 ἐξέθεντο.
617 1939 900 1994 Ἐντεῦθεν
922 1942 1107 1996 λοιπὸν
1135 1942 1408 2016 διαφόρων
1430 1962 1575 2015 πρα-

22 2019 238 2086 έντων,
309 2026 635 2096 μερίζονται
687 2031 788 2100 τὴν
819 2033 912 2084 ἐπὶ
968 2033 1176 2087 τούτων
1223 2035 1478 2104 διήγησιν
1526 2036 1576 2089 οί

24 2113 398 2181 αγγελισταί.
441 2118 500 2172 '0
525 2123 635 2189 γὰρ
664 2122 903 2194 Χριστὸς
930 2125 1102 2191 δεῖξαι
1146 2124 1472 2195 βουλόμενος
1502 2126 1579 2191 ὡς

21 2202 112 2256 ιὼν
145 2205 628 2278 συλλαμϐάνεται,
663 2214 935 2284 ἀορασίαν
958 2254 973 2277 .
1023 2205 1191 2285 ἤγουν
1237 2216 1579 2288 ἁποπληξίαν

21 2297 155 2358 »τοῖς
182 2296 465 2351 ἐπέϐαλεν
487 2316 500 2328 ·
525 2301 618 2353 καὶ
643 2302 807 2372 ῥίψας
863 2304 1109 2368 ὑπτίους,
1141 2304 1237 2359 καὶ
1270 2307 1445 2361 είπὼν
1471 2307 1576 2371 ὃτι,

21 2385 130 2453 ἔγηώ
159 2388 287 2456 ειμι
312 2389 376 2442 ὃν
406 2389 642 2460 ζητεῖτε,
683 2393 1100 2466 θορυὸουμένων
1138 2396 1339 2463 αὐτῶν,
1368 2396 1448 2450 ἔτι
1488 2398 1581 2450 καὶ

21 2475 63 2529 εὖ
114 2477 306 2533 Ἰούδα
362 2480 442 2547 τῷ
501 2482 770 2554 φιλήματι
817 2484 1007 2539 τοῦτον
1068 2487 1578 2559 καταμηνύσαντος,

21 2575 101 2644 ιρ¹
136 2573 331 2627 αὐτῶν
355 2574 819 2645 συλλαμὸάνεται.

679 2688 945 2757 Ἀπορία.

41 2781 181 2845 Πῶς
207 2781 475 2852 Ἰωάννης
502 2784 595 2837 τὸν
618 2784 825 2854 Πέτρον
878 2784 1066 2856 φησὶν,
1103 2787 1166 2839 τὸ
1196 2785 1288 2851 οὓς
1312 2787 1407 2841 τοῦ
1440 2789 1585 2841 οἱκέο

21 2889 69 2926 ›υ
90 2873 193 2926 τοῦ
223 2875 534 2944 ἀρχιερέως
557 2875 882 2943 ἀφελέσθαι·
915 2878 971 2930 οἱ
989 2877 1047 2930 δὲ
1068 2876 1247 2932 λοιποὶ
1274 2879 1462 2944 ἁπλῶς
1489 2879 1586 2933 ἕνα

21 2965 90 3018 ὒν
129 2966 274 3036 περὶ
295 2965 535 3036 Χριστὸν
556 2966 669 3037 (:25)
697 2969 1014 3039 είρήκασιν;

689 3062 900 3127 Λύσις.

46 3149 327 3220 Ἰωάννης
357 3151 455 3222 μὲν
499 3151 596 3206 ἅτε
633 3152 850 3224 θαρρῶν
884 3157 951 3224 τῇ
981 3156 1077 3208 τοῦ
1100 3156 1310 3227 Πέτρου
1356 3156 1547 3228 ἀγάπῃ
1568 3199 1584 3226 ’
1623 3178 1628 3182 ι

21 3242 186 3304 ςοῦκ
213 3243 706 3312 ἀγανακτήσαντος
730 3246 797 3314 τῇ
831 3244 934 3314 τῆς
970 3245 1232 3316 ἀληθείας
1257 3248 1585 3318 ἐπαγγελίᾳ,

21 3330 82 3402 ὴν
111 3332 413 3402 ἀκρίϐειαν
452 3333 688 3399 ἐξέθετο.
715 3332 806 3402 Τῷ
845 3334 961 3386 ὄντι
988 3335 1097 3404 γὰρ
1127 3337 1228 3405 τῆς
1252 3337 1347 3390 τοῦ
1380 3337 1589 3408 Πέτρου

21 3425 340 3494 ερμότητος
380 3421 447 3496 ἦν
474 3426 535 3478 τὸ
575 3426 841 3497 πραχθέν.
878 3427 1038 3490 Εἰκὸς
1086 3427 1143 3481 δὲ
1188 3429 1315 3490 τοὺς
1347 3430 1588 3496 λοιποὺς,

28 3512 133 3566 ίδοί
153 3514 256 3568 τοῦ
293 3515 500 3585 Πέτρου
538 3516 921 3596 ἁπλουστέρως
952 3518 1013 3572 τὸ
1061 3519 1285 3588 γεγονὸς
1326 3520 1593 3591 διηγήσα-

22 3604 143 3660 θαι.

660 3701 929 3771 Ἀπορία.

64 3789 210 3842 Τίνα
247 3788 406 3858 λόγον
462 3786 606 3863 εἶχεν
639 3794 997 3865 ἐπιτιμᾶσθαι
1056 3795 1209 3867 παρὰ
1255 3797 1351 3849 τοῦ
1388 3797 1593 3869 Κυρίου

22 3879 87 3932 ὸν
114 3883 183 3951 τῇ
248 3881 492 3953 μαχαίρᾳ
541 3885 916 3956 χρησάμενον·
957 3886 1143 3961 αὐτοῦ.
1182 3886 1275 3940 τοῦ
1334 3888 1594 3958 Χριστοῦ,

21 3973 189 4037 ιαθὼς
228 3975 434 4046 ἱστορεῖ
477 3977 713 4041 Λουκᾶς,
747 3979 1022 4049 ἀγοράσαι
1060 3981 1333 4051 μαχαίρας
1355 3984 1597 4053 προστά-

21 4066 231 4130 ξαντος,
258 4066 595 4132 ἀκούσαντος
626 4070 745 4124 τότε
776 4072 1196 4142 πυνθανομένων
1228 4073 1278 4124 εί
1324 4073 1433 4126 δέοι
1463 4073 1599 4127 ταύ-

21 4172 121 4219 rat;
152 4156 466 4225 χρήσασθαι
489 4175 504 4224 ;

685 4255 893 4317 Λύσις.

22 4364 33 4377 -
74 4338 374 4409 Μαχαίρας
399 4340 669 4412 ἀγοράσαι
695 4342 726 4396 6
754 4342 959 4414 Κύριος
986 4346 1096 4409 τοῖς
1129 4345 1397 4417 μαθηταῖς
1422 4363 1596 4419 προσ-

1614 3090 1660 3152 C

1678 1868 1733 1915 et
1758 1859 1965 1930 gladios
1995 1858 2380 1924 deferente,ut
2407 1871 2599 1910 omnes
2644 1871 2753 1909 una
2812 1871 2949 1911 voce
3011 1854 3257 1910 declara-

1678 1964 1828 2007 runt.
1891 1950 2027 2005 Inde
2086 1958 2279 2020 postea
2337 1947 2502 2004 variis
2556 1947 2908 2017 perpetratis,
2942 1945 3255 2017 partiuntur

1678 2059 1868 2100 eorum
1898 2043 2268 2098 narrationem
2294 2038 2663 2109 evangelistae.
2686 2037 2938 2093 Christus
2963 2036 3134 2100 enim,
3162 2037 3255 2105 qui

1680 2136 1845 2191 vellet
1872 2134 2165 2189 ostendere
2194 2149 2252 2189 se
2285 2135 2477 2202 sponte
2503 2128 2920 2200 comprehendi,
2954 2124 3256 2181 caecitatem

1681 2242 1777 2282 seu
1826 2235 2104 2296 stuporem
2139 2227 2272 2296 ipsis
2327 2225 2582 2289 immisit;
2664 2230 2866 2277 etcum
2927 2224 3260 2287 prostrasset

1679 2334 1795 2384 eos,
1824 2318 2155 2388 dixissetque
2179 2334 2191 2371 :
2223 2317 2334 2388 Ego
2358 2334 2475 2371 sum
2496 2330 2657 2387 quem
2678 2310 2944 2383 quaeritis,
2972 2307 3105 2380 ipsis
3130 2322 3258 2377 per-

1682 2412 1939 2474 turbatis,
1974 2411 2069 2466 sed
2103 2419 2160 2465 et
2182 2409 2323 2465 Juda
2360 2410 2541 2479 ipsum
2579 2407 2860 2462 indicante
2922 2417 3025 2473 per
3093 2414 3258 2456 oscu-

1683 2506 1813 2574 lum,
1848 2506 1919 2560 ita
1949 2506 2019 2561 ab
2051 2504 2157 2560 illis
2176 2504 2411 2574 capitur.

1716 2777 1735 2782 _
2219 2706 2507 2778 Di/ﬁcultas
2545 2719 2729 2760 xxxrx.

1753 2803 1835 2858 Ad
1862 2817 2026 2873 quem
2054 2800 2275 2857 modum
2302 2801 2378 2855 ait
2405 2798 2646 2854 Joannes
2698 2793 2921 2849 Petrum
2950 2795 3262 2860 amputasse

1686 2910 1869 2950 aurem
1939 2892 2127 2947 famuli
2183 2891 2503 2963 pontificis;
2556 2887 2741 2944 caeteri
2782 2897 2914 2940 vero
2947 2880 3267 2952 simpliciter

1686 3001 1857 3040 unum
1895 2998 2085 3040 eorum
2117 2983 2209 3054 qui
2243 2997 2367 3037 cum
2399 2980 2621 3036 Christo
2649 2983 2807 3033 erant
2834 2970 3129 3029 dixerunt?

2331 3070 2559 3128 Salutio.

1756 3166 2022 3237 Equidem
2047 3164 2289 3221 Joannes
2317 3161 2571 3219 charitati
2598 3159 2746 3215 Petri
2793 3155 3098 3219 confidens,
3117 3150 3263 3221 quod

1688 3274 1829 3330 aegre
1884 3259 2101 3312 laturus
2127 3272 2237 3312 non
2290 3262 2438 3310 esset
2499 3248 2752 3307 veritatis
2807 3242 3265 3304 enuntiationem,

1691 3366 1806 3405 rem
1845 3352 2037 3405 exacte
2057 3348 2260 3402 retulit.
2294 3345 2507 3400 Revera
2538 3342 2684 3397 enim
2716 3338 2930 3393 facinus
2960 3334 3063 3389 fuit
3085 3332 3269 3386 fervo-

1692 3443 1767 3496 ris
1789 3441 1957 3496 Petri.
1982 3437 2270 3492 Probabile
2296 3450 2428 3490 vero
2453 3442 2539 3488 est
2568 3430 2829 3499 reliquos,
2862 3440 2976 3496 pra:
3009 3434 3268 3477 reveren-

1692 3531 1770 3585 tia
1801 3544 1928 3601 erga
1961 3526 2207 3590 Petrum,
2235 3532 2447 3597 gestum
2476 3517 2780 3589 simplicius
2802 3525 3117 3570 enarrasse.

2279 3699 2573 3772 Diﬁicultaa
2593 3711 2682 3754 XL.

1767 3799 1940 3866 Quam
1968 3799 2236 3853 rationem
2252 3794 2464 3859 habuit,
2522 3787 2775 3860 redargui
2802 3800 2832 3839 a
2867 3781 3099 3838 Domino
3149 3795 3271 3834 eum

1698 3892 1789 3961 qui
1813 3889 1988 3961 gladio
2016 3902 2148 3943 usus
2171 3893 2288 3950 est;
2323 3897 2451 3939 cum
2475 3881 2594 3951 ipse
2615 3876 2884 3939 Christus,
2918 3881 3060 3928 teste
3107 3869 3274 3932 Luca,
3320 3882 3325 3885 '

1700 3998 1884 4039 emere
1899 3980 2103 4052 gladios
2126 3975 2371 4049 jusserit,
2401 3973 2493 4043 qui
2517 3981 2648 4028 tunc
2691 3965 2898 4025 audivit
2935 3962 3280 4019 sciscitantes

1702 4092 1832 4133 num
1856 4079 2133 4146 oporteret
2161 4069 2271 4125 illis
2314 4066 2395 4123 uti
2413 4065 2503 4120 ὀἳ

2381 4240 2606 4298 Salutio.

1775 4344 1992 4404 Gladios
2020 4354 2206 4398 emere
2240 4336 2507 4393 Dominus
2547 4330 2812 4405 praecepit
2848 4324 3152 4396 discipulis,
3168 4337 3281 4377 non

21 4428 225 4494 Ξταξεν,
268 4430 367 4501 οὐχ
427 4430 567 4485 ὥστε
595 4432 821 4498 ταύταις
869 4436 950 4497 είς
1003 4414 1218 4505 ἄμυναν
1257 4414 1569 4507 χρήσασθαι

1738 4449 1762 4496 t
1786 4439 1853 4494 iis
1885 4436 1952 4492 ad
1989 4433 2253 4491 ultionem
2279 4434 2588 4491 uterentur,
2638 4420 2736 4478 sed
2767 4436 2833 4477 eo
2854 4418 3016 4474 modo
3041 4414 3282 4487 passiOni

21 4520 145 4573 ἱλλὰ
173 4520 239 4572 τὸ
267 4521 437 4585 πάθος
454 4522 540 4576 διὰ
565 4523 769 4578 τούτων
813 4524 1190 4596 πιστούμενος,
1240 4527 1356 4598 ἅμα
1402 4530 1460 4582 δὲ
1499 4532 1597 4585 καὶ

21 4614 353 4683 ’προφητείαν
375 4615 618 4683 πληρῶν,
663 4617 765 4680 ὅτι,
794 4619 956 4672 Μετὰ
1012 4620 1254 4689 ἀνόμων
1289 4624 1600 4693 κατελογί-

21 4706 148 4768 γθη.
202 4701 276 4753 Τὸ
307 4701 417 4773 γὰρ
449 4704 507 4756 ὲν
560 4705 717 4759 νυκτὶ
749 4706 1009 4776 βαλαντιά
1058 4726 1118 4761 τε
1176 4712 1270 4764 καὶ
1323 4714 1602 4784 μαχαίρας

21 4791 516 4863 ιεταχειρίζεσθαι,
552 4794 842 4868 λῃστρικὸν
890 4793 957 4851 ἂν
1008 4801 1093 4870 εἴη
1126 4801 1334 4871 σχῆμα.
1362 4804 1436 4857 Οὐ
1476 4804 1601 4875 μέν·

21 4901 90 4937 τοι
112 4882 426 4955 γέγραπται
460 4887 786 4959 πυθομένοις
835 4894 948 4955 τοῖς
983 4894 1252 4964 μαθηταῖς
1301 4896 1602 4968 ἐπιτρέψας

21 4972 39 5022 5
69 4974 297 5044 Κύριος,
328 4977 469 5031 ὥστε
491 4982 613 5043 ταῖς
650 4981 946 5052 μαχαίραις
971 4985 1301 5054 χρήσασθαι.
1328 4987 1600 5061 Ἃμαγὰρ

21 5063 76 5115 τὸ
107 5066 403 5139 ἐρωτῆσαι,
436 5071 596 5134 εὐθὺς
651 5074 680 5124 6
704 5073 912 5143 Πέτρος
950 5075 1044 5129 τοῦ
1075 5076 1265 5132 δούλου
1320 5079 1385 5134 τὸ
1441 5080 1601 5135 ὠτίον

95 5261 143 5291 ³⁸
169 5259 361 5317 Matth.
380 5278 539 5344 ἐτη,
570 5266 664 5332 50;
696 5267 1006 5344 Marc._xrv,
1031 5272 1131 5344 46;
1168 5273 1299 5330 Luc.
1325 5291 1461 5338 xm,
1494 5277 1562 5333 54

1738 5294 1792 5333 n.
1807 5295 1960 5344 xvm,
1999 5276 2056 5332 ι.

24 5328 193 5387 Mare.
224 5348 337 5399 xw,
366 5334 471 5401 47;
500 5334 632 5391 Luc.
653 5328 816 5407 mu,
847 5340 937 5397 50.
993 5328 1005 5338 ’
1049 5328 1649 5416 I°Lu¢;ixii,"36',‘i92

1701 4535 1861 4591 fidem
1900 4528 2223 4594 concilians,
2256 4522 2525 4592 simulque
2586 4514 2933 4589 prophetiam
2961 4513 3106 4567 illam
3177 4510 3284 4564 im-

1702 4627 1898 4697 plens;
1960 4622 2089 4679 Cum
2128 4619 2323 4689 iniquis
2374 4619 2709 4683 computatus
2752 4616 2829 4663 est
2845 4607 2912 4662 ”.
2937 4605 3077 4660 Nam
3121 4608 3286 4656 nocte

1705 4715 1952 4772 sacculos
1984 4711 2255 4782 etgladios
2276 4723 2390 4778 prae
2442 4702 2698 4759 manibus
2729 4698 2955 4762 habere,
3009 4696 3286 4747 latronum

1709 4807 1872 4863 fuerit
1901 4799 2355 4875 apparatus.Non
2386 4798 2571 4864 itaque
2631 4791 2898 4860 scriptum
2921 4794 3024 4851 est,
3049 4796 3288 4854 percon-

1710 4899 1954 4955 tantibus
1985 4892 2271 4964 discipulis
2317 4886 2635 4960 permisisse
2697 4880 3014 4943 Dominum,
3041 4885 3104 4932 ut
3168 4875 3288 4946 gla-

1709 4992 1814 5050 diis
1835 4995 2142 5046 uterentur.
2173 4981 2347 5038 Simul
2378 4977 2525 5035 enim
2557 4991 2622 5033 ac
2651 4974 3086 5042 interrogarunt,
3102 4966 3288 5023 statim

1707 5084 1904 5139 Petrus
1942 5077 2089 5136 servi
2132 5073 2437 5133 auriculam
2495 5067 2757 5131 abscidit,
2808 5074 2922 5119 non
2969 5064 3289 5130 exspectato

2164 5272 2388 5330 "Joan.
2423 5285 2556 5326 xvm
2579 5310 2594 5334 ,
2651 5266 2714 5320 l0
2740 5282 2756 5332 ;
2783 5259 2973 5317 Matth.
3008 5277 3154 5326 τινι,
3180 5258 3283 5325 51;

1762 5350 1807 5383 "
1843 5338 1973 5403 Luc.
2013 5364 2149 5413 xx",
2174 5347 2281 5413 57;
2324 5343 2426 5398 lsa.
2467 5356 2588 5406 Llll,
2614 5338 2700 5396 12,

1508 5504 1738 5562 ΝΟΤίΕ.

96 5610 569 5691 ἐξω-Ἕςᾳητὸν
614 5613 747 5691 περὶ
799 5616 1074 5691 Χριστρν.
1127 5615 1234 5691 Pro
1282 5616 1411 5682 τῶν,
1485 5619 1631 5691 quod

37 5681 206 5751 τοῦτο,
240 5681 297 5736 In
330 5681 656 5753 Philopono,
687 5681 774 5739 ’Uc
815 5681 995 5741 mundi
1020 5688 1280 5743 creatione
1305 5729 1319 5757 ,
1360 5704 1434 5758 vl,
1475 5681 1563 5746 26.

1704 5620 1927 5687 rectius,
1993 5618 2197 5692 vulgari
2279 5632 2486 5674 errore.
2559 5615 2841 5688 Είρημένα
2901 5613 3116 5687 τούτῳ,
3166 5630 3277 5672 non
