3764 6304
0 358 145 428 ί433

1407 377 1801 448 ΟΗΕΒΤΙΟΝ
1810 379 1919 439 ES.

3140 384 3277 450 1434

0 492 102 534 τοι
132 481 443 550 σήμερον
461 500 476 513 ·
516 484 611 537 καὶ
640 484 1026 549 ύποστίζουσιν
1045 503 1060 519 ·
1091 485 1209 540 εἶτα
1237 486 1608 556 ἐπιφέρουσιν,

1752 498 1974 542 tnotam
2030 490 2499 548 subdistinctionis
2548 505 2794 565 ponunt;
2839 495 3038 550 deinde
3100 498 3278 568 subji-

0 574 80 625 Ξτι
106 590 125 606 ο
159 577 327 628 Μετ’
356 575 508 645 ἐμοῦ
526 577 643 645 ἔσῃ
671 578 743 630 ἐν
768 577 849 644 τῷ
874 578 1238 647 παραδείσῳ.
1271 578 1356 642 Ὠς
1376 578 1441 632 ἂν
1467 580 1612 631 εἴποι

0 679 111 727 τις,
142 665 236 717 ὅτι
293 667 480 737 Ἀμὴν
513 668 660 736 λέγω
695 685 777 721 σοι
810 669 1051 740 σήμερον
1079 671 1136 722 ἐν
1160 669 1239 739 τῷ
1270 669 1488 740 σταυρῷ
1516 668 1613 735 ὣν,

0 750 156 823 Ἐσῃ
203 755 347 822 μετ’
397 754 533 824 ἐμοῦ
569 757 625 807 ἐν
662 755 740 825 τῷ
770 756 1108 827 παραδείσῳ.
1132 758 1195 810 ΕΞ
1217 757 1274 810 δὲ
1300 759 1395 810 καὶ
1427 760 1617 825 ἀναγι-

0 843 263 896 νώσκειν
308 845 421 908 δεῖ,
463 845 539 910 ὡς
569 849 633 918 τῇ
664 848 928 918 συνηθείᾳ
954 849 1121 914 δοκεῖ,
1163 849 1315 903 οὐδὲν
1342 849 1612 901 ἐναντιούο

0 950 120 987 ται·
182 934 295 988 τοῦ
336 937 595 1007 Σωτῆρος
647 938 828 1008 ἡμῶν,
861 941 929 1008 τῇ
994 940 1392 1011 ἀπεριγράπτῳ
1453 938 1618 992 αὑτοῦ

0 1023 277 1094 θεότητι,
315 1029 427 1081 οὐκ
447 1029 504 1080 ἐν
529 1028 634 1103 ᾄδῃ
681 1029 842 1099 μόνον
867 1030 1329 1100 παραγεγονότος,
1364 1030 1500 1083 ἀλλά
1525 1031 1621 1083 καὶ⁵

0 1117 60 1169 ἐν
90 1118 451 1190 παραδείσῳ
479 1119 597 1189 ἅμα
623 1120 701 1190 τῷ
718 1120 910 1191 λῃστῇ,
943 1121 1040 1173 καὶ
1074 1123 1132 1174 ἐν
1166 1120 1321 1192 ᾅδου,
1355 1121 1451 1174 καὶ
1482 1121 1619 1190 μετὰ

0 1208 275 1280 Πατρὸς,
345 1211 444 1263 καὶ
499 1213 558 1267 ἐν
612 1211 691 1281 τῷ
745 1213 922 1282 τάφῳ·
978 1210 1076 1265 ἆτε
1121 1211 1192 1265 τὰ
1252 1212 1428 1266 πάντα
1481 1210 1620 1281 πληε-

0 1300 286 1375 ροῦντος.

716 1394 971 1462 Ἀπορία.

80 1484 222 1537 Τίνι
252 1484 413 1555 λόγῳ
437 1483 547 1555 (27)
580 1485 860 1548 Ματθαῖος
895 1485 996 1554 μὲν
1021 1483 1118 1553 ὀψὲ
1150 1484 1444 1539 Σαὸΰάτων
1475 1486 1619 1538 ἱστο-

4 1578 106 1647 ρεῖ
140 1575 255 1646 τὴν
320 1576 646 1628 ἀνάστασιν·
680 1579 905 1648 Μάρκος
954 1577 1011 1632 δὲ
1041 1576 1161 1629 λίαν
1204 1569 1350 1647 πρωὶ
1372 1578 1453 1630 ἔτι
1487 1579 1622 1631 ἀνα-

2 1666 325 1730 τέλλοντος
378 1666 474 1720 τοῦ
532 1668 711 1737 ἡλίου·
760 1670 979 1732 Λουκᾶς
1030 1669 1089 1723 δὲ
1146 1668 1344 1740 ὄρθρου
1406 1667 1618 1737 βαθέος·

20 1758 316 1829 Ἰωάννης
357 1759 417 1811 δέ
443 1759 519 1812 ἔτι
572 1759 792 1822 σκοτίας
828 1759 1022 1828 οὗσης;
1060 1758 1172 1812 Καὶ
1208 1760 1324 1823 πῶς
1361 1760 1460 1829 μὲν
1494 1759 1621 1830 μίαν

19 1851 313 1919 Ἰωάννης
358 1855 615 1918 γυναῖκα·
649 1853 866 1913 Λουκᾶς
918 1851 974 1905 δέ
1026 1851 1122 1904 καὶ
1174 1851 1400 1921 Μάρκος
1449 1853 1619 1921 τρεῖς,

7 1942 332 2005 Ματθαῖος
362 1943 421 1995 δὲ
469 1943 581 2007 δύο,
609 1942 858 2011 λέγουσιν
892 1943 986 1995 ἐπὶ
1026 1941 1087 1995 τὸ
1120 1942 1308 2012 μνῆμα
1332 1941 1393 1994 τὸ
1423 1944 1628 1994 Δεσπου

9 2032 180 2084 τικον
211 2032 439 2097 ἐλθεῖν;
490 2034 597 2084 Καὶ
626 2032 692 2085 τὰ
715 2033 956 2102 ὀνόματα
985 2032 1039 2084 δὲ
1066 2032 1334 2101 διαφόρως
1360 2031 1624 2098 ἐξέθεντο.

14 2124 256 2187 Λουκᾶς
281 2124 389 2193 μὲν
419 2125 525 2193 γάρ
548 2123 713 2194 τριῶν
740 2123 1136 2193 μνημονεύσας,
1168 2123 1264 2192 τὴν
1297 2123 1425 2192 μίαν
1448 2121 1626 2175 αὐτῶν

29 2214 321 2268 Ἰωάνναν
373 2212 511 2268 εἶναί
563 2231 747 2285 φησιν·
795 2216 1024 2285 Μάρκος
1073 2215 1128 2267 δὲ
1155 2213 1416 2275 ὡσαύτως
1460 2214 1628 2283 τριῶν

17 2307 437 2376 ἐπιμνησθεὶς,
494 2305 763 2377 Σαλώμην
809 2302 951 2360 εἶναί
1011 2321 1176 2377 φησιν
1206 2304 1264 2370 ἐξ
1304 2305 1483 2358 αὐτῶν
1527 2304 1629 2376 τὴν

23 2395 191 2466 μίαν.

735 2487 946 2554 Λύσις.

103 2579 471 2649 Εὑρίσκομεν
519 2579 719 2647 πολλὴν
773 2578 913 2634 εἶναι
942 2579 1289 2650 συνωνυμίαν
1318 2579 1376 2633 ἐν
1401 2581 1468 2651 τῇ
1512 2580 1630 2650 θείᾳ

28 2669 272 2738 Γραφῇ·
330 2669 522 2739 ὥσπερ
580 2671 673 2722 καὶ
722 2671 818 2723 νῦν
876 2670 1183 2741 συμϐαίνει.
1237 2669 1405 2723 Ὅθεν
1456 2671 1550 2724 καὶ
1597 2672 1630 2742 ή

28 2761 257 2830 ἀδελφὴ
294 2764 394 2831 τῆς
445 2760 728 2824 Θεοτόκου,
760 2761 838 2832 τῷ
872 2762 1022 2832 αύτῷ
1065 2761 1330 2826 ἐκέκλητο
1380 2761 1630 2832 ὀνόματι,

32 2853 138 2907 καὶ
174 2852 382 2923 Μαρία
397 2851 670 2908 Ἰακώϐου.
700 2854 991 2906 Συνέὁαινε
1007 2854 1064 2907 δέ
1084 2855 1177 2907 καὶ⁴
1205 2854 1572 2924 Μαγδαληνάς
1588 2864 1630 2892 ω

35 2943 103 2997 οὐ
139 2942 285 3012 μίαν
319 2939 458 2999 εἶναι
493 2943 589 2998 καὶ
620 2944 714 2998 δύο
749 2945 929 3015 μόνον,
966 2946 1102 3000 ἀλλὰ
1139 2947 1232 3000 καὶ
1263 2951 1432 3019 τρεῖς·
1476 2943 1550 3002 ὧν
1599 2950 1634 3018 ἡ

39 3034 148 3104 μία
177 3035 249 3087 ἐκ
277 3034 551 3104 δαιμόνων
586 3035 729 3091 ἑπτὰ
768 3037 1154 3108 κεκαθάριοτο·
1195 3037 1314 3107 μεθ’
1334 3034 1403 3110 ἦς
1440 3041 1496 3092 αἱ
1521 3038 1637 3092 λοι-

1715 581 1904 634 ciunt:
1930 582 2126 635 Herum
2167 585 2270 637 oris
2290 586 2343 637 in
2369 587 2640 655 paradiso.
2693 585 2856 652 Quasi
2892 588 3092 642 dixerit
3132 589 3280 658 quis-

1716 674 1893 743 piam;
1927 673 2099 727 Amen
2128 673 2252 729 dico
2282 675 2377 729 tibi
2406 676 2589 742 hodie,
2615 676 2669 730 in
2721 693 2882 732 cruce
2910 678 3120 747 positus
3142 680 3282 743 ,eris

1716 764 2014 817 meeum‘in
2065 763 2335 832 paradiso.
2398 762 2504 819 Sed
2560 774 2615 820 et
2662 765 2707 819 si
2759 767 3045 836 legendum
3092 767 3277 829 fuerit,

1716 853 1795 907 uti
1828 854 2118 919 vultusus,
2191 855 2324 908 nihil
2353 856 2686 910 contrarium
2728 858 3007 925 sequitur;
3062 859 3281 929 quando

1721 943 1979 997 Servatur
1993 950 2197 1008 noster,
2224 942 2692 1013 incircumscripta
2713 959 2806 998 sua
2847 944 3151 1010 divinitate,
3170 960 3281 999 non

1722 1034 1897 1088 solum
1944 1034 2001 1087 in
2036 1034 2254 1089 inferno
2276 1035 2531 1100 adfuerit,
2575 1036 2668 1090 sed
2698 1043 2753 1090 et
2784 1036 2839 1089 in
2870 1035 3122 1105 paradiso
3178 1052 3283 1089 una

1720 1139 1842 1177 cum
1886 1124 2117 1189 latrone,
2144 1132 2196 1179 et
2226 1125 2279 1179 in
2340 1125 2572 1191 inferno,
2596 1135 2650 1181 et
2684 1142 2807 1182 cum
2832 1126 3010 1189 Patre,
3037 1135 3093 1180 et
3120 1125 3175 1179 in
3203 1138 3290 1180 se-

1720 1216 1936 1286 pulcro,
1968 1225 2154 1286 utpote
2177 1226 2370 1272 cuncta
2402 1218 2636 1287 replens.

2314 1394 2599 1462 Difﬁcultas
2636 1409 2689 1449 ι.

1790 1490 1906 1554 Qua
1936 1489 2145 1543 ratione
2175 1487 2480 1552 Mattlnrus,
2516 1504 2747 1557 vespere
2781 1487 3015 1550 sabbati,
3043 1502 3293 1544 resurreo

1721 1583 1956 1637 etionem
1990 1592 2178 1636 narrat
2201 1580 2282 1646 ‘7;
2323 1581 2553 1645 Marcus,
2617 1581 2773 1635 valde
2799 1595 2978 1646 mane,
2999 1580 3110 1649 jam
3169 1590 3290 1635 orto

1723 1675 1926 1740 sole”;
1953 1674 2149 1739 Lucas,
2187 1674 2343 1729 valde
2369 1674 2608 1728 diluculo
2658 1673 2738 1739 “;
2780 1672 3037 1739 Joannes,
3062 1689 3184 1736 cum
3202 1672 3294 1726 ad-

1724 1766 1832 1821 huc
1889 1765 2125 1818 tenebrae
2153 1764 2370 1818 essent?
2402 1764 2470 1817 Et
2496 1780 2602 1833 quo
2636 1765 2795 1819 modo
2851 1765 3090 1820 Joannes
3131 1780 3293 1819 unam

1724 1857 2030 1920 mulierem,
2082 1854 2256 1909 Lucas
2284 1862 2340 1907 et
2381 1855 2590 1910 Marcus
2618 1864 2749 1920 tres,
2786 1855 3073 1911 Matthaaus
3133 1858 3291 1923 duas,

1726 1945 1919 2000 dicunt
1937 1943 2003 1997 ad
2025 1949 2442 1996 monumentum
2505 1944 2852 1997 Dominicum
2876 1945 3129 1999 venisse?
3187 1946 3295 2000 Sed

1726 2046 1781 2091 et
1804 2034 2026 2089 nomina
2051 2034 2262 2089 diverse
2282 2043 2601 2103 posuerunt.
2615 2033 2748 2087 Nam
2768 2033 2941 2088 Lucas
2960 2036 3122 2089 trium
3138 2052 3297 2090 men~
3348 2054 3355 2063 “

1728 2128 1929 2182 tionem
1985 2126 2190 2181 faciens
2220 2127 2290 2189 ⁵⁸³,
2328 2142 2514 2180 carum
2574 2141 2736 2179 unam
2798 2123 3062 2180 Joaunam
3111 2127 3296 2198 dicit;

1727 2227 1782 2271 at
1804 2216 2025 2270 Marcus
2044 2225 2153 2270 tres
2177 2218 2376 2285 pariter
2417 2232 2872 2282 commemorans,
2899 2232 3059 2271 unam
3086 2233 3150 2272 ex
3190 2218 3299 2273 illis

1731 2311 1986 2365 Salomen
2016 2309 2294 2364 exstitisse
2329 2309 2423 2366 ait.

2398 2483 2626 2539 Salutio.

1800 2577 2092 2640 Plurimam
2127 2576 2441 2631 invenimus
2469 2579 2523 2630 in
2572 2576 2856 2646 Scriptura
2886 2577 3070 2632 divina
3122 2578 3300 2632 nomi-

1731 2688 1863 2727 num
1885 2669 2360 2735 communionem;
2383 2668 2840 2739 quemadmodum
2884 2677 2941 2722 et
2978 2684 3125 2723 nunc
3151 2671 3300 2725 acci-

1731 2765 1830 2819 dit.
1865 2762 2102 2817 Proinde
2121 2772 2178 2820 et
2207 2776 2362 2817 soror
2415 2760 2681 2830 Deiparze,
2723 2760 2915 2816 eodem
2940 2747 3162 2829 ac'ipsa
3205 2775 3304 2813 no—

1734 2858 1881 2912 mine
1904 2856 2217 2920 vocabatur,
2250 2863 2307 2909 et
2340 2851 2507 2907 Maria
2544 2854 2754 2908 Jacobi.
2811 2853 3053 2923 Contigit
3085 2867 3305 2922 quoque

1734 2951 1790 3004 in
1822 2947 2170 3018 Magdalenis,
2193 2962 2305 3001 non
2336 2961 2499 3000 unam
2528 2944 2718 3010 fuisse,
2764 2953 2854 2998 aut
2882 2944 3019 2999 duas
3060 2953 3298 3009 tantum,

1735 3043 1829 3098 sed
1867 3052 2009 3107 tres;
2047 3056 2277 3110 quarum
2301 3055 2427 3104 una,
2458 3054 2489 3091 a
2526 3037 2866 3093 daemonibus
2908 3045 3115 3106 septem
3173 3052 3305 3104 pur-

37 3124 176 3190 παὶ,
217 3125 341 3195 ἅμα
382 3123 603 3197 Ἰωάννα
646 3129 742 3180 καὶ
792 3126 1051 3201 Σαλώμῃ,
1086 3128 1444 3200 πολυτρόπως
1482 3131 1624 3200 παρᾶ

1749 3142 1859 3205 gata
1884 3142 1968 3187 est
1997 3132 2074 3197 ⁸¹;
2102 3147 2223 3185 cum
2263 3145 2368 3199 qua
2414 3128 2657 3197 reliqum.
2704 3127 2942 3194 itemque
2992 3124 3200 3178 Joanna
3251 3132 3309 3178 et

38 3217 144 3270 τοῦ
199 3218 463 3288 Σωτῆρος
507 3219 974 3288 εὐεργετηθεῖσαι,
1010 3219 1153 3272 κατὰ
1183 3219 1474 3288 διαφόρους
1509 3237 1634 3273 και-

47 3308 209 3379 ροὺς,
245 3308 389 3378 πρὸς
412 3309 474 3360 τὸ
511 3309 699 3378 μνῆμα
744 3309 806 3361 τὸ
833 3310 1164 3367 Δεσποτικὺν
1203 3310 1457 3380 ἔδραμον·
1493 3313 1637 3373 εἰκὸς

43 3398 240 3454 τοίνυν
302 3398 398 3450 καὶ
451 3399 674 3468 Μαρίαν
744 3399 1000 3452 Ἰακώϐου
1031 3400 1125 3453 τοῦ
1192 3400 1302 3453 ιίιῦ
1355 3400 1634 3469 Ἁλφαίου,

45 3483 196 3536 ἀλλὰ
233 3484 332 3537 καὶ
361 3484 554 3553 ἑτέραν
605 3486 824 3554 Μαρίαν
858 3486 956 3555 μὲν
989 3487 1313 3559 λεγομένην,
1344 3490 1557 3561 μητέρα
1583 3491 1636 3544 δὲ

46 3569 229 3627 οὖσαν
288 3574 546 3630 Ἰακώϐου
600 3574 694 3627 τοῦ
727 3576 1038 3633 Ζεϐεδαίου.
1082 3578 1363 3633 Ἐντεῦθεν
1397 3576 1490 3634 οὖν
1521 3599 1640 3635 σκο-

51 3667 182 3721 πεῖν
205 3665 290 3716 δεῖ
318 3664 425 3716 τῶν
459 3665 734 3720 ὀπτασιῶν
774 3667 872 3737 τὴν
915 3667 1205 3744 διαίρεσιν.
1246 3670 1485 3742 Ούδεμιᾷ
1531 3674 1640 3742 γὰρ

51 3754 441 3825 ἐναντιολογία
479 3756 895 3828 ἀναγέγραπται
928 3760 1006 3829 τῷ
1048 3760 1334 3831 Ματθαίῳ,
1373 3764 1503 3831 μίαν
1532 3765 1640 3818 τῶν

52 3845 439 3915 Μαγδαληνῶν
497 3848 716 3918 Μαρίαν
745 3850 860 3919 ἅμα
889 3850 1023 3924 ἄλλῃ
1054 3852 1261 3925 Μαρίᾳ,
1293 3855 1390 3924 ὀψὲ
1430 3856 1641 3911 Σαϐὅάο

53 3957 197 4003 των,
257 3941 660 4014 παρατεινούσῃ
708 3943 834 4015 ἄχρι
886 3945 1263 4013 μεσονυκτίου,
1289 3945 1438 4010 ἐντὸς
1471 3951 1551 4011 εἰς
1579 3949 1641 4000 τὸ

61 4031 265 4102 μνῆμα
306 4031 553 4101 δραμεῖν,
590 4032 811 4083 διπλοῦν
857 4033 1103 4103 ὑπάρχον
1162 4034 1305 4087 κατά
1356 4037 1447 4090 τὸν
1475 4037 1640 4091 τύπον

57 4121 157 4175 τοῦ
184 4121 452 4191 σπηλαίου
485 4122 578 4180 τοῦ
618 4122 889 4194 Ἀϐραὰμ,
922 4126 1018 4177 καὶ
1046 4128 1104 4178 ἐν
1134 4127 1213 4196 τῷ
1238 4127 1486 4199 ἐξωτέρω
1507 4132 1641 4202 οἴκῳ

61 4211 390 4281 γενομένας,
440 4212 532 4264 τὸν
565 4213 795 4280 ἄγγελον
857 4214 1003 4279 ίδεῖν,
1037 4218 1092 4269 ἐν
1130 4217 1265 4287 αὐτῇ
1289 4220 1353 4288 τῇ
1385 4219 1506 4293 ὥρᾳ
1551 4221 1642 4274 τὸν

62 4302 218 4357 λίθον
250 4303 681 4366 άποκυλίσαντα,
734 4304 1129 4370 ἐξαναστάντος
1160 4308 1262 4378 ἤδη
1303 4310 1398 4363 τοῦ
1430 4314 1644 4382 μνήμα-

62 4412 159 4461 τος
185 4397 281 4449 τού
330 4397 590 4467 Χριστοῦ·
635 4398 723 4451 διὰ
772 4396 932 4451 τοῦτο
961 4400 1292 4470 γεγράφθαι·
1327 4403 1484 4458 Ἰδοὺ
1519 4422 1642 4460 σει-

1742 3224 1977 3289 Salome,
2013 3221 2176 3276 variis
2196 3219 2479 3275 beneficiis
2502 3234 2530 3272 a
2561 3217 2847 3273 Servatore
2878 3215 3104 3279 aﬂ‘ectae,
3129 3216 3309 3270 diver-

1744 3314 1819 3367 sis
1852 3311 2210 3381 temporibus,
2242 3309 2308 3363 ad
2367 3314 2781 3362 monumentum
2829 3303 3177 3359 Dominicum
3216 3319 3308 3358 cu-
3362 3312 3365 3315 ‘

1744 3410 2067 3468 currerunt;
2088 3402 2283 3470 quibus
2299 3401 2500 3454 addere
2522 3406 2948 3452 consentaneum
2973 3406 3058 3449 est
3088 3394 3309 3448 Mariam

1743 3494 1928 3551 Jacobi
1961 3493 2055 3546 filii
2083 3492 2315 3560 Alplnei,
2340 3491 2608 3558 aliamque
2648 3488 2850 3558 pariter
2901 3486 3119 3539 Mariam
3167 3502 3311 3540 nun-

1746 3594 2016 3655 cupatam,
2051 3590 2280 3636 matrem
2338 3595 2469 3636 vero
2497 3579 2679 3634 Jacobi
2729 3578 2971 3632 Zebedzei
3008 3577 3121 3631 lilii.
3175 3575 3313 3634 Hinc

1746 3691 1875 3745 ergo
1908 3673 2257 3733 considerare
2284 3678 2499 3741 oportet
2522 3669 2923 3740 apparitionum
2964 3668 3310 3723 divisionem.

1747 3770 1964 3838 Absque
1998 3767 2108 3819 ulla
2137 3764 2282 3818 enim
2315 3763 2583 3818 sermonis
2645 3761 3034 3816 contrarietate
3079 3760 3314 3829 perscri'

1747 3872 1898 3932 ptum
1927 3868 2009 3914 est
2029 3874 2059 3911 a
2090 3857 2361 3921 Matthaao,
2399 3871 2562 3909 unam
2594 3853 3031 3924 M‘agdalenarum
3093 3851 3312 3905 Mariam

1748 3953 1908 4008 simul
1934 3966 2059 4006 cum
2085 3947 2189 4002 alia
2219 3948 2403 4017 Maria,
2446 3961 2671 4015 vespere
2703 3944 2945 4008 Sabbati,
2973 3943 3315 4013 pertingente

1748 4055 1923 4110 usque
1952 4038 2020 4093 ad
2047 4036 2281 4111 mediam
2316 4045 2551 4098 noctem,
2611 4033 2757 4087 intro
2802 4033 2856 4086 in
2903 4040 3316 4085 monumentum

1749 4132 2080 4195 cucurrisse,
2112 4129 2255 4197 quod
2290 4134 2407 4180 erat
2437 4124 2657 4193 duplex,
2704 4124 2857 4193 juxta
2919 4122 3143 4193 ﬁguram
3196 4137 3321 4191 spe-

1747 4228 1924 4282 lunca:
1956 4223 2227 4278 Abraham
2249 4221 2329 4285 ";
2355 4231 2602 4297 eumque.
2617 4224 2800 4269 essent
2829 4216 2883 4268 in
2914 4215 3169 4269 exteriori
3184 4215 3321 4282 aede,

1749 4319 2002 4390 angelum
2027 4314 2225 4369 vidisse
2245 4354 2257 4372 .
2279 4312 2373 4381 qui
2405 4310 2594 4364 eadem
2625 4309 2758 4361 hora
2787 4307 3018 4361 revolvit
3062 4304 3319 4374 lapidem,

1749 4422 2034 4483 postquam
2050 4408 2161 4477 jam
2189 4403 2439 4459 Christus
2461 4416 2490 4455 e
2523 4406 2879 4453 monumento
2901 4395 3318 4459 exsurrexisset;

68 4487 229 4557 σμὸς
285 4487 525 4559 ἐγένετο
569 4489 779 4559 μέγας·
831 4490 1132 4557 τουτέστιν,
1193 4491 1311 4562 ἅμα
1366 4498 1432 4566 τῇ
1480 4499 1624 4551 αύτοὶ

1751 4504 1981 4569 ideoque
2033 4504 2313 4552 exaratum
2337 4508 2462 4547 esse
2504 4508 2517 4542 :
2557 4488 2692 4543 Ecce
2731 4498 2886 4543 terra:
2935 4497 3104 4542 motus
3150 4488 3321 4557 {actus

79 4580 366 4650 παρουσίᾳ·
390 4577 511 4636 εἶτα
536 4580 767 4635 ἀκοῦσαι
793 4582 960 4652 περὶη
980 4584 1091 4654 (28)
1114 4584 1207 4637 τοῦ
1238 4587 1473 4655 ἀγγέλου
1505 4588 1624 4661 ἄπει

1755 4603 1826 4647 est
1858 4588 2136 4661 magnus”
2157 4587 2291 4654 ;hoc
2319 4593 2424 4651 est,
2444 4584 2512 4637 ad
2545 4583 2717 4653 ipsius
2743 4580 3038 4635 adventum
3064 4597 3078 4634 :
3121 4577 3321 4632 deinde

141 4716 198 4795 ξ’.
217 4714 679 4795 Μειῐιιιαινιηᾼ,
750 4719 795 4751 ⁸³
811 4718 974 4774 Marc.
1002 4736 1111 4786 ενι,
1135 4720 1189 4777 2.
1264 4721 1309 4757 ⁸⁸
1331 4722 1462 4781 Luc.
1487 4743 1624 4795 xxiv,

1778 4731 1822 4763 ”
1848 4727 1979 4782 Luc.
2006 4725 2163 4791 ibid.,
2192 4723 2277 4777 10.
2353 4722 2396 4753 ⁸¹
2420 4719 2583 4772 Marc.
2610 4734 2715 4781 xw,
2734 4719 2783 4771 1.
2860 4715 2904 4746 ⁸³
2933 4712 3069 4766 Gen.
3100 4711 3319 4771 xxm,9.

70 4785 121 4825 ω
150 4785 341 4841 Matth.
379 4801 567 4853 xxvm,
601 4790 654 4845 2.

1384 4887 1614 4946 VARle
1650 4885 2056 4946 LECTlONES.

1559 5037 1788 5094 NOTIE.

145 4968 268 5024 ωιπ
291 4988 391 5025 ms.
423 4985 624 5038 semper
649 4986 767 5023 cum
796 4987 833 5025 ι.
928 4980 955 5008 ιι
978 4972 1044 5027 L.
1083 4972 1254 5043 παρά.

290 5127 644 5212 Τίν·ι“.1‹5ιγζιι›ἶ
687 5130 889 5187 Confer
934 5146 1091 5212 cum.
1118 5127 1661 5212 ejusdeind‘iesvchii'

84 5199 326 5253 oratiune
351 5202 402 5251 in
433 5199 766 5256 Dominicam
797 5199 1260 5256 resurrectionem
1292 5208 1331 5254 t.
1356 5199 1372 5252 1
1401 5200 1644 5252 Auctarii

83 5268 502 5331 Combeiisiani,
551 5286 600 5323 c.
654 5269 794 5338 744,
837 5285 959 5338 qua
999 5273 1343 5326 tribuebatur
1385 5268 1647 5338 Gregorio

85 5339 371 5410 ‘Nysseno‘,
407 5347 690 5410 exstatque
728 5337 869 5394 t.lll
922 5340 1162 5410 Operum
1190 5341 1333 5393 illius
1361 5380 1375 5402 ,
1413 5354 1467 5407 p.
1517 5337 1643 5392 400.

90 5407 153 5469 Et
177 5408 295 5463 vide
316 5407 582 5477 Anastasii
612 5407 1118 5477 quaestionem—155,
1152 5411 1237 5463 cui
1262 5416 1408 5464 recte
1440 5423 1648 5476 praepo-

1748 5129 1797 5181 οί
1833 5126 2220 5197 εὖαγγελισταὶ
2246 5127 2295 5179 οἱ
2322 5126 2585 5197 τέσσαρες
2607 5163 2623 5189 ,
2653 5121 2926 5197 διαφόρως
2950 5123 3018 5197 τά
3046 5121 3325 5197 συμξεϐης

1748 5199 1882 5251 κότα
1928 5192 2058 5267 περὶ
2109 5197 2207 5266 τῆς
2255 5192 2605 5257 ἀναστάσεως
2658 5192 2897 5264 Χριστοῦ
2928 5192 3020 5246 τοῦ
3063 5192 3197 5245 Θεοῦ
3229 5193 3322 5246 τοῦ

1749 5269 1898 5332 Σωτῆ
1910 5285 1997 5335 ρος
2023 5268 2178 5335 ἡμῶν
2200 5268 2508 5335 ἱστόρησαν.

1821 5332 1932 5406 (28)
1957 5332 2112 5402 Περί.
2144 5336 2259 5390 Ιιιιο
2280 5332 2430 5406 παρὰ
2466 5333 2839 5406 confusionem
2855 5332 3328 5406 tpraepositionum

1752 5401 1950 5476 saepius
1977 5401 2209 5460 faciente
2261 5401 2912 5476 abb‘reviatascriptura}
2950 5401 3008 5457 ut
3041 5403 3199 5476 titulo
3228 5401 3330 5455 lie-

86 5478 388 5547 niturapud
412 5471 783 5548 Lambecium.
804 5479 905 5534 lib.
929 5496 1008 5544 ιιι,
1028 5471 1131 5534 ms.
1157 5471 1651 5548 89,ρ.197”;Ἦσυ-
1755 5471 2063 5545 sponsorum
2108 5475 2477 5548 canonicgram
2530 5473 2805 5548 Timothei
2829 5471 3206 5548 Alexandrini,
3262 5488 3327 5526 ex

89 5549 207 5616 χίου
228 5546 618 5617 πρεσϐυτέρου.
646 5546 900 5617 Hesychii
941 5565 1063 5603 esse
1102 5546 1339 5603 ostendit
1370 5548 1531 5601 etiam
1558 5562 1651 5603 c0-

91 5620 188 5673 dex
245 5616 449 5688 Regius,
495 5616 618 5688 750,
670 5616 919 5688 quadam
972 5619 1119 5681 enim
1160 5634 1224 5672 ex
1271 5617 1360 5671 illa
1396 5617 1649 5688 oratione

94 5686 388 5765 proferens,
420 5686 632 5765 titulum
664 5686 815 5765 facit,
835 5687 1114 5765 Α’-Ησυχίου
1138 5686 1521 5765 πρεσϐυτέρου
1550 5687 1648 5765 'l_s-

98 5755 431 5835 ὶιοπολύμων·
461 5759 543 5812 ὅτι
575 5757 719 5812 κατὰ
752 5757 918 5829 μηδὲν
962 5755 1211 5827 ἀλλήλοις
1239 5755 1647 5821 ἐναντιωθέντες

1757 5539 1918 5600 sensu
1966 5554 2019 5599 et
2062 5560 2192 5598 mss.
2222 5545 2275 5597 in
2315 5543 2564 5599 Cedreno
2604 5543 2732 5597 edit.
2772 5540 2903 5612 Reg.
2937 5541 3122 5612 p.225
3170 5539 3230 5602 Β,
3265 5558 3330 5595 ac

1754 5613 2063 5688 Nicephnro
2113 5614 2205 5688 lib.
2227 5629 2303 5688 iv,
2325 5629 2458 5688 cap;
2490 5612 2579 5688 25.
2606 5610 2889 5688 extremo}
2915 5610 3199 5688 insigniter
3226 5625 3328 5688 au-

1759 5697 1866 5742 tem
1893 5677 2115 5740 "duobus
2142 5684 2196 5737 in
2238 5677 2606 5738 locisfPrimo
2640 5681 2890 5736 Historia:
2914 5677 3200 5735 Sozomeni
3226 5677 3323 5731 lib.

1754 5771 1871 5824 vui,
1911 5771 2027 5826 cap.
2053 5753 2143 5822 27,
2171 5754 2263 5811 ubi
2295 5752 2527 5824 elogium
2561 5752 2719 5807 Attici
2747 5751 2849 5808 CP.
2880 5751 2970 5823 qui
2999 5749 3064 5806 Ei
3094 5765 3172 5819 πη
3195 5761 3326 5805 και-
