  <div class='ocr_page' id='page_1' title='image "/cluster/home/n/w/nwhite01/storage/ocr_20150623/93/pst.000005712991/856.png"; bbox 0 0 3764 6304; ppageno 0'>
   <div class='ocr_carea' id='block_1_1' title="bbox 1508 195 1555 214">
    <p class='ocr_par' dir='ltr' id='par_1_1' title="bbox 1508 195 1555 214">
     <span class='ocr_line' id='line_1_1' title="bbox 1508 195 1555 214; baseline 0 0"><span class='ocrx_word' id='word_1_1' title='bbox 1508 195 1555 214; x_wconf 66' lang='grc'><strong>4-</strong></span> 
     </span>
    </p>
   </div>
   <div class='ocr_carea' id='block_1_2' title="bbox 4 304 169 381">
    <p class='ocr_par' dir='ltr' id='par_1_2' title="bbox 4 304 169 381">
     <span class='ocr_line' id='line_1_2' title="bbox 4 304 169 381; baseline -0.055 0"><span class='ocrx_word' id='word_1_2' title='bbox 4 304 169 381; x_wconf 62' lang='grc'><strong>4441</strong></span> 
     </span>
    </p>
   </div>
   <div class='ocr_carea' id='block_1_3' title="bbox 1442 315 1961 386">
    <p class='ocr_par' dir='ltr' id='par_1_3' title="bbox 1442 315 1961 386">
     <span class='ocr_line' id='line_1_3' title="bbox 1442 315 1961 386; baseline 0 -10"><span class='ocrx_word' id='word_1_3' title='bbox 1442 315 1961 386; x_wconf 70' lang='grc' dir='ltr'><strong>ΟΗᾹΞΞΤΙΟΝΕΒ.</strong></span> 
     </span>
    </p>
   </div>
   <div class='ocr_carea' id='block_1_4' title="bbox 3195 320 3329 382">
    <p class='ocr_par' dir='ltr' id='par_1_4' title="bbox 3195 320 3329 382">
     <span class='ocr_line' id='line_1_4' title="bbox 3195 320 3329 382; baseline 0 0"><span class='ocrx_word' id='word_1_4' title='bbox 3195 320 3213 382; x_wconf 88' lang='lat' dir='ltr'><strong>l</strong></span> <span class='ocrx_word' id='word_1_5' title='bbox 3228 321 3329 382; x_wconf 62' lang='grc'><strong>442</strong></span> 
     </span>
    </p>
   </div>
   <div class='ocr_carea' id='block_1_5' title="bbox 20 422 1663 498">
    <p class='ocr_par' dir='ltr' id='par_1_5' title="bbox 20 422 1660 498">
     <span class='ocr_line' id='line_1_5' title="bbox 20 422 1660 498; baseline -0.001 -18"><span class='ocrx_word' id='word_1_6' title='bbox 20 433 236 496; x_wconf 64' lang='grc' dir='ltr'>μεῖον,</span> <span class='ocrx_word' id='word_1_7' title='bbox 270 428 380 482; x_wconf 73' lang='grc' dir='ltr'>καί</span> <span class='ocrx_word' id='word_1_8' title='bbox 416 429 603 498; x_wconf 74' lang='grc' dir='ltr'>εὗρον</span> <span class='ocrx_word' id='word_1_9' title='bbox 627 429 813 494; x_wconf 73' lang='grc' dir='ltr'>οὕτως</span> <span class='ocrx_word' id='word_1_10' title='bbox 837 428 1028 497; x_wconf 80' lang='grc' dir='ltr'>καθὼς</span> <span class='ocrx_word' id='word_1_11' title='bbox 1058 428 1155 483; x_wconf 80' lang='grc' dir='ltr'><strong>καὶ</strong></span> <span class='ocrx_word' id='word_1_12' title='bbox 1182 430 1245 483; x_wconf 76' lang='grc' dir='ltr'>αἱ</span> <span class='ocrx_word' id='word_1_13' title='bbox 1273 426 1550 496; x_wconf 74' lang='grc' dir='ltr'>γυναῖκες</span> <span class='ocrx_word' id='word_1_14' title='bbox 1576 422 1660 479; x_wconf 80' lang='grc' dir='ltr'><strong>εἴ·</strong></span> 
     </span>
    </p>
   </div>
   <div class='ocr_carea' id='block_1_6' title="bbox 1839 422 3303 498">
    <p class='ocr_par' dir='ltr' id='par_1_6' title="bbox 1839 426 3303 488">
     <span class='ocr_line' id='line_1_6' title="bbox 1839 426 3303 488; baseline 0.005 -10"><span class='ocrx_word' id='word_1_15' title='bbox 1839 427 1954 479; x_wconf 81' lang='lat' dir='ltr'><strong>stris</strong></span> <span class='ocrx_word' id='word_1_16' title='bbox 1980 426 2049 478; x_wconf 77' lang='lat' dir='ltr'><strong>ad</strong></span> <span class='ocrx_word' id='word_1_17' title='bbox 2076 436 2503 488; x_wconf 77' lang='lat' dir='ltr'><strong>monumentum;</strong></span> <span class='ocrx_word' id='word_1_18' title='bbox 2532 434 2582 480; x_wconf 87' lang='lat' dir='ltr'><strong>et</strong></span> <span class='ocrx_word' id='word_1_19' title='bbox 2620 428 2694 481; x_wconf 89' lang='lat' dir='ltr'><strong>ita</strong></span> <span class='ocrx_word' id='word_1_20' title='bbox 2719 429 3028 483; x_wconf 81' lang='lat' dir='ltr'><strong>invenerunt</strong></span> <span class='ocrx_word' id='word_1_21' title='bbox 3052 432 3184 485; x_wconf 76' lang='lat' dir='ltr'><strong>sicut</strong></span> <span class='ocrx_word' id='word_1_22' title='bbox 3212 448 3303 486; x_wconf 85' lang='lat' dir='ltr'><strong>mu</strong></span> 
     </span>
    </p>
   </div>
   <div class='ocr_carea' id='block_1_7' title="bbox 4 517 886 583">
    <p class='ocr_par' dir='ltr' id='par_1_7' title="bbox 4 517 886 583">
     <span class='ocr_line' id='line_1_7' title="bbox 4 517 886 583; baseline -0.001 -8"><span class='ocrx_word' id='word_1_23' title='bbox 4 531 180 583; x_wconf 65' lang='grc' dir='ltr'>ξπον,</span> <span class='ocrx_word' id='word_1_24' title='bbox 212 519 427 574; x_wconf 75' lang='grc' dir='ltr'>αὐτὸν</span> <span class='ocrx_word' id='word_1_25' title='bbox 462 521 532 573; x_wconf 81' lang='grc' dir='ltr'>δὲ</span> <span class='ocrx_word' id='word_1_26' title='bbox 560 524 673 575; x_wconf 86' lang='grc' dir='ltr'><strong>οὐκ</strong></span> <span class='ocrx_word' id='word_1_27' title='bbox 704 517 886 574; x_wconf 77' lang='grc' dir='ltr'>εἶδον.</span> 
     </span>
    </p>
   </div>
   <div class='ocr_carea' id='block_1_8' title="bbox 737 610 1006 679">
    <p class='ocr_par' dir='ltr' id='par_1_8' title="bbox 737 610 1006 679">
     <span class='ocr_line' id='line_1_8' title="bbox 737 610 1006 679; baseline -0.004 -14"><span class='ocrx_word' id='word_1_28' title='bbox 737 610 1006 679; x_wconf 79' lang='grc' dir='ltr'>Ἀπορία.</span> 
     </span>
    </p>
   </div>
   <div class='ocr_carea' id='block_1_9' title="bbox 107 697 1662 772">
    <p class='ocr_par' dir='ltr' id='par_1_9' title="bbox 107 697 1662 772">
     <span class='ocr_line' id='line_1_9' title="bbox 107 697 1662 772; baseline -0.002 -20"><span class='ocrx_word' id='word_1_29' title='bbox 107 699 252 760; x_wconf 83' lang='grc' dir='ltr'>Πῶς</span> <span class='ocrx_word' id='word_1_30' title='bbox 316 700 592 772; x_wconf 82' lang='grc' dir='ltr'><strong>Ἰωάννης</strong></span> <span class='ocrx_word' id='word_1_31' title='bbox 652 702 821 772; x_wconf 65' lang='grc' dir='ltr'>φησιν</span> <span class='ocrx_word' id='word_1_32' title='bbox 873 699 1160 771; x_wconf 75' lang='grc' dir='ltr'><strong>εἰρηκέναι</strong></span> <span class='ocrx_word' id='word_1_33' title='bbox 1215 702 1282 770; x_wconf 83' lang='grc' dir='ltr'>τῇ</span> <span class='ocrx_word' id='word_1_34' title='bbox 1335 699 1525 769; x_wconf 80' lang='grc' dir='ltr'>Μαρίᾳ</span> <span class='ocrx_word' id='word_1_35' title='bbox 1570 697 1662 750; x_wconf 76' lang='grc' dir='ltr'>τὸν</span> 
     </span>
    </p>
   </div>
   <div class='ocr_carea' id='block_1_10' title="bbox 29 788 1662 863">
    <p class='ocr_par' dir='ltr' id='par_1_10' title="bbox 29 788 1662 863">
     <span class='ocr_line' id='line_1_10' title="bbox 29 788 1662 863; baseline -0.001 -21"><span class='ocrx_word' id='word_1_36' title='bbox 29 790 297 861; x_wconf 67' lang='grc' dir='ltr'>Κύριονο</span> <span class='ocrx_word' id='word_1_37' title='bbox 342 792 450 859; x_wconf 80' lang='grc' dir='ltr'><strong>Μή</strong></span> <span class='ocrx_word' id='word_1_38' title='bbox 496 812 616 863; x_wconf 85' lang='grc' dir='ltr'>μου</span> <span class='ocrx_word' id='word_1_39' title='bbox 655 793 871 857; x_wconf 85' lang='grc' dir='ltr'><strong>ἅπτου,</strong></span> <span class='ocrx_word' id='word_1_40' title='bbox 914 792 1010 845; x_wconf 70' lang='grc' dir='ltr'><strong>καὶ</strong></span> <span class='ocrx_word' id='word_1_41' title='bbox 1056 790 1127 844; x_wconf 74' lang='grc' dir='ltr'>τὰ</span> <span class='ocrx_word' id='word_1_42' title='bbox 1176 790 1333 861; x_wconf 74' lang='grc' dir='ltr'>ἐξῆςο</span> <span class='ocrx_word' id='word_1_43' title='bbox 1376 788 1662 844; x_wconf 87' lang='grc' dir='ltr'>Ματθαίου</span> 
     </span>
    </p>
   </div>
   <div class='ocr_carea' id='block_1_11' title="bbox 4 878 1663 954">
    <p class='ocr_par' dir='ltr' id='par_1_11' title="bbox 4 878 1663 954">
     <span class='ocr_line' id='line_1_11' title="bbox 4 878 1663 954; baseline -0.001 -21"><span class='ocrx_word' id='word_1_44' title='bbox 4 882 492 952; x_wconf 65' lang='grc' dir='ltr'>ιίπτορήσαντος,</span> <span class='ocrx_word' id='word_1_45' title='bbox 549 884 631 937; x_wconf 79' lang='grc' dir='ltr'><strong>ὅτι</strong></span> <span class='ocrx_word' id='word_1_46' title='bbox 687 884 1037 954; x_wconf 83' lang='grc' dir='ltr'>κρατήσασαι</span> <span class='ocrx_word' id='word_1_47' title='bbox 1089 882 1215 945; x_wconf 81' lang='grc' dir='ltr'>τοὺς</span> <span class='ocrx_word' id='word_1_48' title='bbox 1273 880 1442 945; x_wconf 83' lang='grc' dir='ltr'>πόδας</span> <span class='ocrx_word' id='word_1_49' title='bbox 1497 878 1663 933; x_wconf 74' lang='grc' dir='ltr'>αὑτοῦ</span> 
     </span>
    </p>
   </div>
   <div class='ocr_carea' id='block_1_12' title="bbox 4 971 723 1045">
    <p class='ocr_par' dir='ltr' id='par_1_12' title="bbox 4 971 723 1045">
     <span class='ocr_line' id='line_1_12' title="bbox 4 971 723 1045; baseline 0.01 -24"><span class='ocrx_word' id='word_1_50' title='bbox 4 1014 9 1045; x_wconf 40' lang='grc' dir='ltr'>ἰ</span> <span class='ocrx_word' id='word_1_51' title='bbox 34 971 506 1043; x_wconf 72' lang='grc' dir='ltr'><strong>προσεκύνησαν</strong></span> <span class='ocrx_word' id='word_1_52' title='bbox 540 975 687 1044; x_wconf 80' lang='grc' dir='ltr'>αὐτῷ</span> <span class='ocrx_word' id='word_1_53' title='bbox 709 992 723 1040; x_wconf 89' lang='grc'>;</span> 
     </span>
    </p>
   </div>
   <div class='ocr_carea' id='block_1_13' title="bbox 766 1063 976 1127">
    <p class='ocr_par' dir='ltr' id='par_1_13' title="bbox 766 1063 976 1127">
     <span class='ocr_line' id='line_1_13' title="bbox 766 1063 976 1127; baseline 0 -11"><span class='ocrx_word' id='word_1_54' title='bbox 766 1063 976 1127; x_wconf 76' lang='grc' dir='ltr'>Λύσις.</span> 
     </span>
    </p>
   </div>
   <div class='ocr_carea' id='block_1_14' title="bbox 124 1147 1666 1224">
    <p class='ocr_par' dir='ltr' id='par_1_14' title="bbox 124 1147 1666 1224">
     <span class='ocr_line' id='line_1_14' title="bbox 124 1147 1666 1224; baseline -0.001 -21"><span class='ocrx_word' id='word_1_55' title='bbox 124 1151 227 1215; x_wconf 84' lang='grc' dir='ltr'>Ὦς</span> <span class='ocrx_word' id='word_1_56' title='bbox 263 1153 373 1206; x_wconf 68' lang='grc' dir='ltr'>καὶ</span> <span class='ocrx_word' id='word_1_57' title='bbox 410 1155 516 1224; x_wconf 74' lang='grc' dir='ltr'>ἤδη</span> <span class='ocrx_word' id='word_1_58' title='bbox 550 1147 949 1218; x_wconf 77' lang='grc' dir='ltr'>ἀποδέδεικται,</span> <span class='ocrx_word' id='word_1_59' title='bbox 983 1152 1353 1224; x_wconf 83' lang='grc' dir='ltr'>ἀσθενεστέρα</span> <span class='ocrx_word' id='word_1_60' title='bbox 1385 1153 1449 1223; x_wconf 85' lang='grc' dir='ltr'>τῇ</span> <span class='ocrx_word' id='word_1_61' title='bbox 1485 1149 1666 1203; x_wconf 78' lang='grc' dir='ltr'>πίστει</span> 
     </span>
    </p>
   </div>
   <div class='ocr_carea' id='block_1_15' title="bbox 3 1241 1664 1316">
    <p class='ocr_par' dir='ltr' id='par_1_15' title="bbox 3 1241 1664 1316">
     <span class='ocr_line' id='line_1_15' title="bbox 3 1241 1664 1316; baseline -0.002 -20"><span class='ocrx_word' id='word_1_62' title='bbox 3 1243 158 1305; x_wconf 82' lang='grc' dir='ltr'>,τῶν</span> <span class='ocrx_word' id='word_1_63' title='bbox 198 1244 436 1297; x_wconf 86' lang='grc' dir='ltr'>λοιπῶν</span> <span class='ocrx_word' id='word_1_64' title='bbox 474 1241 541 1316; x_wconf 78' lang='grc' dir='ltr'>ἦν</span> <span class='ocrx_word' id='word_1_65' title='bbox 591 1244 753 1311; x_wconf 75' lang='grc' dir='ltr'>αὕτη.</span> <span class='ocrx_word' id='word_1_66' title='bbox 791 1244 955 1296; x_wconf 83' lang='grc' dir='ltr'>Ὅθεν</span> <span class='ocrx_word' id='word_1_67' title='bbox 1001 1244 1271 1314; x_wconf 81' lang='grc' dir='ltr'>νομίσασα</span> <span class='ocrx_word' id='word_1_68' title='bbox 1317 1243 1392 1306; x_wconf 84' lang='grc' dir='ltr'>ὡς</span> <span class='ocrx_word' id='word_1_69' title='bbox 1421 1243 1483 1295; x_wconf 83' lang='grc' dir='ltr'><strong>τὸ</strong></span> <span class='ocrx_word' id='word_1_70' title='bbox 1513 1244 1664 1312; x_wconf 69' lang='grc' dir='ltr'>πρὶν,</span> 
     </span>
    </p>
   </div>
   <div class='ocr_carea' id='block_1_16' title="bbox 4 1316 1668 1406">
    <p class='ocr_par' dir='ltr' id='par_1_16' title="bbox 4 1316 1668 1406">
     <span class='ocr_line' id='line_1_16' title="bbox 4 1316 1668 1406; baseline -0.001 -20"><span class='ocrx_word' id='word_1_71' title='bbox 4 1316 200 1387; x_wconf 32' lang='grc' dir='ltr'><strong>ιοῦτω</strong></span> <span class='ocrx_word' id='word_1_72' title='bbox 238 1335 584 1389; x_wconf 86' lang='grc' dir='ltr'>συνέσεσθαι</span> <span class='ocrx_word' id='word_1_73' title='bbox 641 1335 718 1404; x_wconf 86' lang='grc' dir='ltr'>τῷ</span> <span class='ocrx_word' id='word_1_74' title='bbox 748 1333 991 1406; x_wconf 79' lang='grc' dir='ltr'>Χριστῷ.</span> <span class='ocrx_word' id='word_1_75' title='bbox 1032 1335 1199 1405; x_wconf 79' lang='grc' dir='ltr'>μηδὲν</span> <span class='ocrx_word' id='word_1_76' title='bbox 1227 1336 1370 1405; x_wconf 84' lang='grc' dir='ltr'><strong>μέγα</strong></span> <span class='ocrx_word' id='word_1_77' title='bbox 1406 1334 1532 1404; x_wconf 69' lang='grc' dir='ltr'>περὶ</span> <span class='ocrx_word' id='word_1_78' title='bbox 1568 1333 1668 1386; x_wconf 76' lang='grc' dir='ltr'><strong>αὖ·</strong></span> 
     </span>
    </p>
   </div>
   <div class='ocr_carea' id='block_1_17' title="bbox 4 1410 1669 1497">
    <p class='ocr_par' dir='ltr' id='par_1_17' title="bbox 4 1410 1669 1497">
     <span class='ocr_line' id='line_1_17' title="bbox 4 1410 1669 1497; baseline -0.001 -19"><span class='ocrx_word' id='word_1_79' title='bbox 4 1410 146 1491; x_wconf 77' lang='grc' dir='ltr'>τοῦ</span> <span class='ocrx_word' id='word_1_80' title='bbox 189 1428 626 1495; x_wconf 83' lang='grc' dir='ltr'>φαντασθεῖσα,</span> <span class='ocrx_word' id='word_1_81' title='bbox 664 1426 890 1489; x_wconf 86' lang='grc' dir='ltr'>δικαίως</span> <span class='ocrx_word' id='word_1_82' title='bbox 949 1428 1279 1497; x_wconf 76' lang='grc' dir='ltr'><strong>ἐπετιμήθη,</strong></span> <span class='ocrx_word' id='word_1_83' title='bbox 1325 1429 1419 1479; x_wconf 77' lang='grc' dir='ltr'><strong>καὶ</strong></span> <span class='ocrx_word' id='word_1_84' title='bbox 1467 1425 1669 1495; x_wconf 76' lang='grc' dir='ltr'>ἔμαθεν</span> 
     </span>
    </p>
   </div>
   <div class='ocr_carea' id='block_1_18' title="bbox 3 1504 1668 1589">
    <p class='ocr_par' dir='ltr' id='par_1_18' title="bbox 3 1504 1668 1589">
     <span class='ocr_line' id='line_1_18' title="bbox 3 1504 1668 1589; baseline -0.01 -5"><span class='ocrx_word' id='word_1_85' title='bbox 3 1504 131 1584; x_wconf 49' lang='grc' dir='ltr'><strong>ίδτι</strong></span> <span class='ocrx_word' id='word_1_86' title='bbox 173 1519 329 1588; x_wconf 78' lang='grc' dir='ltr'>πρὸς</span> <span class='ocrx_word' id='word_1_87' title='bbox 362 1521 460 1570; x_wconf 73' lang='grc' dir='ltr'><strong>τὸν</strong></span> <span class='ocrx_word' id='word_1_88' title='bbox 494 1520 551 1570; x_wconf 84' lang='grc' dir='ltr'>ὲν</span> <span class='ocrx_word' id='word_1_89' title='bbox 592 1519 843 1589; x_wconf 74' lang='grc' dir='ltr'>οὐρανοῖς</span> <span class='ocrx_word' id='word_1_90' title='bbox 880 1519 1093 1589; x_wconf 78' lang='grc' dir='ltr'>Πατέρα</span> <span class='ocrx_word' id='word_1_91' title='bbox 1126 1518 1250 1573; x_wconf 84' lang='grc' dir='ltr'>ὅθεν</span> <span class='ocrx_word' id='word_1_92' title='bbox 1287 1517 1414 1587; x_wconf 71' lang='grc' dir='ltr'>ἥκει</span> <span class='ocrx_word' id='word_1_93' title='bbox 1443 1516 1523 1569; x_wconf 86' lang='grc' dir='ltr'>δεῖ</span> <span class='ocrx_word' id='word_1_94' title='bbox 1568 1516 1668 1567; x_wconf 79' lang='grc' dir='ltr'>αὐ-</span> 
     </span>
    </p>
   </div>
   <div class='ocr_carea' id='block_1_19' title="bbox 4 1596 499 1663">
    <p class='ocr_par' dir='ltr' id='par_1_19' title="bbox 4 1596 499 1663">
     <span class='ocr_line' id='line_1_19' title="bbox 4 1596 499 1663; baseline 0.004 -2"><span class='ocrx_word' id='word_1_95' title='bbox 4 1596 14 1605; x_wconf 50' lang='grc'><strong>·</strong></span> <span class='ocrx_word' id='word_1_96' title='bbox 38 1607 145 1661; x_wconf 79' lang='grc' dir='ltr'><strong>τὸν</strong></span> <span class='ocrx_word' id='word_1_97' title='bbox 184 1608 499 1663; x_wconf 85' lang='grc' dir='ltr'>ἀπελθεῖν.</span> 
     </span>
    </p>
   </div>
   <div class='ocr_carea' id='block_1_20' title="bbox 4 1692 1013 1769">
    <p class='ocr_par' dir='ltr' id='par_1_20' title="bbox 4 1692 1013 1769">
     <span class='ocr_line' id='line_1_20' title="bbox 4 1692 1013 1769; baseline -0.003 -14"><span class='ocrx_word' id='word_1_98' title='bbox 4 1692 7 1695; x_wconf 38' lang='grc'>’</span> <span class='ocrx_word' id='word_1_99' title='bbox 757 1699 954 1769; x_wconf 73' lang='grc' dir='ltr'>Ἀπορί</span> <span class='ocrx_word' id='word_1_100' title='bbox 954 1717 1013 1754; x_wconf 88' lang='grc' dir='ltr'>α.</span> 
     </span>
    </p>
   </div>
   <div class='ocr_carea' id='block_1_21' title="bbox 4 1785 1670 1865">
    <p class='ocr_par' dir='ltr' id='par_1_21' title="bbox 4 1785 1670 1865">
     <span class='ocr_line' id='line_1_21' title="bbox 4 1785 1670 1865; baseline -0.003 -21"><span class='ocrx_word' id='word_1_101' title='bbox 4 1785 9 1865; x_wconf 53' lang='grc' dir='ltr'><em>ξ</em></span> <span class='ocrx_word' id='word_1_102' title='bbox 124 1791 307 1854; x_wconf 87' lang='grc' dir='ltr'>Τίνος</span> <span class='ocrx_word' id='word_1_103' title='bbox 341 1791 514 1862; x_wconf 82' lang='grc' dir='ltr'>χάριν</span> <span class='ocrx_word' id='word_1_104' title='bbox 544 1791 759 1854; x_wconf 81' lang='grc' dir='ltr'>Λουκᾶς</span> <span class='ocrx_word' id='word_1_105' title='bbox 788 1791 886 1860; x_wconf 79' lang='grc' dir='ltr'>μὲν</span> <span class='ocrx_word' id='word_1_106' title='bbox 914 1791 1010 1843; x_wconf 72' lang='grc' dir='ltr'>καὶ</span> <span class='ocrx_word' id='word_1_107' title='bbox 1050 1789 1307 1859; x_wconf 83' lang='grc' dir='ltr'><strong>Ἰωάννης</strong></span> <span class='ocrx_word' id='word_1_108' title='bbox 1337 1785 1670 1856; x_wconf 80' lang='grc' dir='ltr'>ἀπαγγεῖλαι</span> 
     </span>
    </p>
   </div>
   <div class='ocr_carea' id='block_1_22' title="bbox 4 1877 1672 1951">
    <p class='ocr_par' dir='ltr' id='par_1_22' title="bbox 4 1877 1672 1951">
     <span class='ocr_line' id='line_1_22' title="bbox 4 1877 1672 1951; baseline -0.004 -15"><span class='ocrx_word' id='word_1_109' title='bbox 4 1878 9 1885; x_wconf 84' lang='grc'><em>’</em></span> <span class='ocrx_word' id='word_1_110' title='bbox 49 1884 163 1947; x_wconf 85' lang='grc' dir='ltr'>τὰς</span> <span class='ocrx_word' id='word_1_111' title='bbox 196 1885 489 1951; x_wconf 81' lang='grc' dir='ltr'>γυναῖκας</span> <span class='ocrx_word' id='word_1_112' title='bbox 518 1884 631 1946; x_wconf 80' lang='grc' dir='ltr'>τοῖς</span> <span class='ocrx_word' id='word_1_113' title='bbox 665 1882 986 1945; x_wconf 83' lang='grc' dir='ltr'>ἀποστόλοις</span> <span class='ocrx_word' id='word_1_114' title='bbox 1021 1880 1118 1934; x_wconf 80' lang='grc' dir='ltr'>τοῦ</span> <span class='ocrx_word' id='word_1_115' title='bbox 1150 1877 1391 1950; x_wconf 80' lang='grc' dir='ltr'>Χριστοῦ</span> <span class='ocrx_word' id='word_1_116' title='bbox 1413 1877 1512 1948; x_wconf 81' lang='grc' dir='ltr'>τὴν</span> <span class='ocrx_word' id='word_1_117' title='bbox 1542 1877 1672 1929; x_wconf 85' lang='grc' dir='ltr'>ἀνά-</span> 
     </span>
    </p>
   </div>
   <div class='ocr_carea' id='block_1_23' title="bbox 49 1966 1673 2045">
    <p class='ocr_par' dir='ltr' id='par_1_23' title="bbox 49 1966 1673 2045">
     <span class='ocr_line' id='line_1_23' title="bbox 49 1966 1673 2045; baseline -0.006 -17"><span class='ocrx_word' id='word_1_118' title='bbox 49 1992 265 2028; x_wconf 79' lang='grc' dir='ltr'>στασιν</span> <span class='ocrx_word' id='word_1_119' title='bbox 331 1973 627 2045; x_wconf 72' lang='grc' dir='ltr'>ἔγραφονο</span> <span class='ocrx_word' id='word_1_120' title='bbox 662 1972 888 2044; x_wconf 84' lang='grc' dir='ltr'>Μάρκος</span> <span class='ocrx_word' id='word_1_121' title='bbox 932 1972 988 2025; x_wconf 82' lang='grc' dir='ltr'>δὲ</span> <span class='ocrx_word' id='word_1_122' title='bbox 1046 1970 1325 2040; x_wconf 79' lang='grc' dir='ltr'>σιωπῆσαι</span> <span class='ocrx_word' id='word_1_123' title='bbox 1368 1970 1461 2022; x_wconf 77' lang='grc' dir='ltr'><strong>καὶ</strong></span> <span class='ocrx_word' id='word_1_124' title='bbox 1507 1966 1673 2037; x_wconf 82' lang='grc' dir='ltr'>μηδὲν</span> 
     </span>
    </p>
   </div>
   <div class='ocr_carea' id='block_1_24' title="bbox 43 2059 1675 2134">
    <p class='ocr_par' dir='ltr' id='par_1_24' title="bbox 43 2059 1675 2134">
     <span class='ocr_line' id='line_1_24' title="bbox 43 2059 1675 2134; baseline -0.007 -14"><span class='ocrx_word' id='word_1_125' title='bbox 43 2069 238 2120; x_wconf 77' lang='grc' dir='ltr'>εἰπεῖν</span> <span class='ocrx_word' id='word_1_126' title='bbox 296 2066 407 2119; x_wconf 67' lang='grc' dir='ltr'><strong>διὰ</strong></span> <span class='ocrx_word' id='word_1_127' title='bbox 452 2065 544 2118; x_wconf 79' lang='grc' dir='ltr'><strong>τὸν</strong></span> <span class='ocrx_word' id='word_1_128' title='bbox 595 2064 760 2134; x_wconf 80' lang='grc' dir='ltr'>φόϐον</span> <span class='ocrx_word' id='word_1_129' title='bbox 795 2063 1187 2134; x_wconf 76' lang='grc' dir='ltr'>μαρτύρεταιο</span> <span class='ocrx_word' id='word_1_130' title='bbox 1233 2064 1261 2115; x_wconf 86' lang='grc' dir='ltr'>ὁ</span> <span class='ocrx_word' id='word_1_131' title='bbox 1299 2061 1355 2113; x_wconf 81' lang='grc' dir='ltr'>δὲ</span> <span class='ocrx_word' id='word_1_132' title='bbox 1396 2059 1675 2120; x_wconf 86' lang='grc' dir='ltr'>Ματθαῖος</span> 
     </span>
    </p>
   </div>
   <div class='ocr_carea' id='block_1_25' title="bbox 4 2138 1564 2229">
    <p class='ocr_par' dir='ltr' id='par_1_25' title="bbox 4 2138 1564 2229">
     <span class='ocr_line' id='line_1_25' title="bbox 4 2138 1564 2229; baseline -0.007 -17"><span class='ocrx_word' id='word_1_133' title='bbox 4 2138 6 2143; x_wconf 14' lang='grc' dir='ltr'><strong>θ</strong></span> <span class='ocrx_word' id='word_1_134' title='bbox 54 2160 250 2229; x_wconf 80' lang='grc' dir='ltr'>σιωπῇ</span> <span class='ocrx_word' id='word_1_135' title='bbox 276 2157 651 2228; x_wconf 79' lang='grc' dir='ltr'>παρέδραμεν</span> <span class='ocrx_word' id='word_1_136' title='bbox 675 2157 769 2209; x_wconf 71' lang='grc' dir='ltr'>καὶ</span> <span class='ocrx_word' id='word_1_137' title='bbox 796 2154 905 2207; x_wconf 84' lang='grc' dir='ltr'><strong>τῶν</strong></span> <span class='ocrx_word' id='word_1_138' title='bbox 935 2152 1240 2226; x_wconf 73' lang='grc' dir='ltr'>εἰρημένων</span> <span class='ocrx_word' id='word_1_139' title='bbox 1269 2150 1564 2222; x_wconf 81' lang='grc' dir='ltr'>ἑκάτερον;</span> 
     </span>
    </p>
   </div>
   <div class='ocr_carea' id='block_1_26' title="bbox 741 2245 990 2310">
    <p class='ocr_par' dir='ltr' id='par_1_26' title="bbox 741 2245 990 2310">
     <span class='ocr_line' id='line_1_26' title="bbox 741 2245 990 2310; baseline 0.008 -10"><span class='ocrx_word' id='word_1_140' title='bbox 741 2300 750 2309; x_wconf 77' lang='grc'><strong>,</strong></span> <span class='ocrx_word' id='word_1_141' title='bbox 783 2245 990 2310; x_wconf 82' lang='grc' dir='ltr'>Λύσις.</span> 
     </span>
    </p>
   </div>
   <div class='ocr_carea' id='block_1_27' title="bbox 132 2331 1676 2409">
    <p class='ocr_par' dir='ltr' id='par_1_27' title="bbox 132 2331 1676 2409">
     <span class='ocr_line' id='line_1_27' title="bbox 132 2331 1676 2409; baseline -0.006 -17"><span class='ocrx_word' id='word_1_142' title='bbox 132 2340 217 2392; x_wconf 86' lang='grc' dir='ltr'>Τδ</span> <span class='ocrx_word' id='word_1_143' title='bbox 248 2339 358 2409; x_wconf 82' lang='grc' dir='ltr'>μὲν</span> <span class='ocrx_word' id='word_1_144' title='bbox 397 2336 678 2390; x_wconf 84' lang='grc' dir='ltr'>Ματθαίου</span> <span class='ocrx_word' id='word_1_145' title='bbox 712 2337 937 2407; x_wconf 77' lang='grc' dir='ltr'>ἑτοίμην</span> <span class='ocrx_word' id='word_1_146' title='bbox 967 2334 1079 2404; x_wconf 77' lang='grc' dir='ltr'>ἔχει</span> <span class='ocrx_word' id='word_1_147' title='bbox 1114 2334 1212 2404; x_wconf 83' lang='grc' dir='ltr'>τὴν</span> <span class='ocrx_word' id='word_1_148' title='bbox 1241 2332 1415 2388; x_wconf 76' lang='grc' dir='ltr'>λύσιν.</span> <span class='ocrx_word' id='word_1_149' title='bbox 1449 2333 1522 2385; x_wconf 82' lang='grc' dir='ltr'><strong>Οὐ</strong></span> <span class='ocrx_word' id='word_1_150' title='bbox 1568 2331 1676 2402; x_wconf 80' lang='grc' dir='ltr'>γὰρ</span> 
     </span>
    </p>
   </div>
   <div class='ocr_carea' id='block_1_28' title="bbox 61 2414 1676 2496">
    <p class='ocr_par' dir='ltr' id='par_1_28' title="bbox 61 2414 1676 2496">
     <span class='ocr_line' id='line_1_28' title="bbox 61 2414 1676 2496; baseline -0.006 -15"><span class='ocrx_word' id='word_1_151' title='bbox 61 2424 230 2481; x_wconf 77' lang='grc' dir='ltr'>εἶπεν</span> <span class='ocrx_word' id='word_1_152' title='bbox 273 2427 356 2490; x_wconf 77' lang='grc' dir='ltr'>ὡς</span> <span class='ocrx_word' id='word_1_153' title='bbox 396 2427 450 2478; x_wconf 83' lang='grc' dir='ltr'>αἱ</span> <span class='ocrx_word' id='word_1_154' title='bbox 478 2426 734 2493; x_wconf 79' lang='grc' dir='ltr'>γυναῖκες</span> <span class='ocrx_word' id='word_1_155' title='bbox 763 2423 832 2476; x_wconf 83' lang='grc' dir='ltr'>τὰ</span> <span class='ocrx_word' id='word_1_156' title='bbox 871 2414 1196 2476; x_wconf 68' lang='grc' dir='ltr'>ὲντάλθέντα</span> <span class='ocrx_word' id='word_1_157' title='bbox 1231 2420 1570 2496; x_wconf 83' lang='grc' dir='ltr'>ἀπαγγεῖλαι</span> <span class='ocrx_word' id='word_1_158' title='bbox 1604 2430 1627 2457; x_wconf 79' lang='grc' dir='ltr'>ι’</span> <span class='ocrx_word' id='word_1_159' title='bbox 1659 2436 1676 2452; x_wconf 79' lang='grc' dir='ltr'><strong>ο</strong></span> 
     </span>
    </p>
   </div>
   <div class='ocr_carea' id='block_1_29' title="bbox 4 2510 1677 2585">
    <p class='ocr_par' dir='ltr' id='par_1_29' title="bbox 4 2510 1677 2585">
     <span class='ocr_line' id='line_1_29' title="bbox 4 2510 1677 2585; baseline -0.006 -12"><span class='ocrx_word' id='word_1_160' title='bbox 4 2538 9 2543; x_wconf 91' lang='grc'>·</span> <span class='ocrx_word' id='word_1_161' title='bbox 60 2520 193 2573; x_wconf 80' lang='grc' dir='ltr'>ἀλλ’</span> <span class='ocrx_word' id='word_1_162' title='bbox 229 2520 323 2571; x_wconf 83' lang='grc' dir='ltr'><strong>ὅτι</strong></span> <span class='ocrx_word' id='word_1_163' title='bbox 361 2514 750 2585; x_wconf 82' lang='grc' dir='ltr'>πορευομένων</span> <span class='ocrx_word' id='word_1_164' title='bbox 784 2513 1115 2581; x_wconf 79' lang='grc' dir='ltr'>ἀπαγγεῖλαι</span> <span class='ocrx_word' id='word_1_165' title='bbox 1163 2514 1276 2574; x_wconf 82' lang='grc' dir='ltr'>τοῖς</span> <span class='ocrx_word' id='word_1_166' title='bbox 1327 2510 1612 2581; x_wconf 83' lang='grc' dir='ltr'>μαθηταῖς,</span> <span class='ocrx_word' id='word_1_167' title='bbox 1643 2510 1677 2580; x_wconf 85' lang='grc' dir='ltr'><strong>ἡ</strong></span> 
     </span>
    </p>
   </div>
   <div class='ocr_carea' id='block_1_30' title="bbox 4 2599 1680 2676">
    <p class='ocr_par' dir='ltr' id='par_1_30' title="bbox 4 2599 1680 2676">
     <span class='ocr_line' id='line_1_30' title="bbox 4 2599 1680 2676; baseline -0.006 -15"><span class='ocrx_word' id='word_1_168' title='bbox 4 2610 9 2615; x_wconf 50' lang='grc'>⁴</span> <span class='ocrx_word' id='word_1_169' title='bbox 61 2609 184 2661; x_wconf 80' lang='grc' dir='ltr'><strong>τῶν</strong></span> <span class='ocrx_word' id='word_1_170' title='bbox 220 2603 589 2676; x_wconf 81' lang='grc' dir='ltr'>στρατιωτῶν</span> <span class='ocrx_word' id='word_1_171' title='bbox 623 2604 846 2671; x_wconf 87' lang='grc' dir='ltr'>γέγονεν</span> <span class='ocrx_word' id='word_1_172' title='bbox 880 2601 1064 2669; x_wconf 72' lang='grc' dir='ltr'>ἄφιξις</span> <span class='ocrx_word' id='word_1_173' title='bbox 1114 2602 1172 2653; x_wconf 79' lang='grc' dir='ltr'>ἐν</span> <span class='ocrx_word' id='word_1_174' title='bbox 1219 2603 1288 2672; x_wconf 79' lang='grc' dir='ltr'>τῇ</span> <span class='ocrx_word' id='word_1_175' title='bbox 1334 2599 1490 2652; x_wconf 86' lang='grc' dir='ltr'>πόλει</span> <span class='ocrx_word' id='word_1_176' title='bbox 1544 2600 1680 2670; x_wconf 84' lang='grc' dir='ltr'>πρὸς</span> 
     </span>
    </p>
   </div>
   <div class='ocr_carea' id='block_1_31' title="bbox 4 2691 1680 2769">
    <p class='ocr_par' dir='ltr' id='par_1_31' title="bbox 4 2691 1680 2769">
     <span class='ocr_line' id='line_1_31' title="bbox 4 2691 1680 2769; baseline 0.001 -24"><span class='ocrx_word' id='word_1_177' title='bbox 4 2704 7 2731; x_wconf 85' lang='lat'><strong>‘-</strong></span> <span class='ocrx_word' id='word_1_178' title='bbox 63 2702 206 2763; x_wconf 77' lang='grc' dir='ltr'>τοὺς</span> <span class='ocrx_word' id='word_1_179' title='bbox 242 2698 555 2769; x_wconf 82' lang='grc' dir='ltr'>ἀρχιερεῖς,</span> <span class='ocrx_word' id='word_1_180' title='bbox 600 2696 664 2748; x_wconf 84' lang='grc' dir='ltr'><strong>τὸ</strong></span> <span class='ocrx_word' id='word_1_181' title='bbox 731 2694 946 2765; x_wconf 76' lang='grc' dir='ltr'>συμϐὰν</span> <span class='ocrx_word' id='word_1_182' title='bbox 980 2695 1111 2764; x_wconf 75' lang='grc' dir='ltr'>περὶ</span> <span class='ocrx_word' id='word_1_183' title='bbox 1158 2692 1218 2745; x_wconf 86' lang='grc' dir='ltr'><strong>τὸ</strong></span> <span class='ocrx_word' id='word_1_184' title='bbox 1271 2693 1459 2763; x_wconf 82' lang='grc' dir='ltr'>μνῆμα</span> <span class='ocrx_word' id='word_1_185' title='bbox 1496 2691 1680 2763; x_wconf 79' lang='grc' dir='ltr'>θαῦμα</span> 
     </span>
    </p>
   </div>
   <div class='ocr_carea' id='block_1_32' title="bbox 4 2782 1681 2861">
    <p class='ocr_par' dir='ltr' id='par_1_32' title="bbox 4 2782 1681 2861">
     <span class='ocr_line' id='line_1_32' title="bbox 4 2782 1681 2861; baseline -0.004 -19"><span class='ocrx_word' id='word_1_186' title='bbox 4 2820 7 2823; x_wconf 97' lang='grc'><strong><em>-</em></strong></span> <span class='ocrx_word' id='word_1_187' title='bbox 70 2789 438 2861; x_wconf 79' lang='grc' dir='ltr'>μηνυόντων.</span> <span class='ocrx_word' id='word_1_188' title='bbox 475 2787 690 2848; x_wconf 79' lang='grc' dir='ltr'>Λουκᾶς</span> <span class='ocrx_word' id='word_1_189' title='bbox 730 2784 787 2837; x_wconf 79' lang='grc' dir='ltr'>δὲ</span> <span class='ocrx_word' id='word_1_190' title='bbox 837 2786 932 2838; x_wconf 70' lang='grc' dir='ltr'>καὶ</span> <span class='ocrx_word' id='word_1_191' title='bbox 974 2784 1229 2853; x_wconf 84' lang='grc' dir='ltr'>Ἰωάννης</span> <span class='ocrx_word' id='word_1_192' title='bbox 1269 2782 1577 2853; x_wconf 73' lang='grc' dir='ltr'>συμφώνως</span> <span class='ocrx_word' id='word_1_193' title='bbox 1602 2783 1681 2853; x_wconf 85' lang='grc' dir='ltr'><strong>τῷ</strong></span> 
     </span>
    </p>
   </div>
   <div class='ocr_carea' id='block_1_33' title="bbox 4 2875 1683 2952">
    <p class='ocr_par' dir='ltr' id='par_1_33' title="bbox 4 2875 1683 2952">
     <span class='ocr_line' id='line_1_33' title="bbox 4 2875 1683 2952; baseline -0.006 -15"><span class='ocrx_word' id='word_1_194' title='bbox 4 2890 7 2917; x_wconf 74' lang='grc' dir='ltr'><strong>λ</strong></span> <span class='ocrx_word' id='word_1_195' title='bbox 72 2880 428 2952; x_wconf 82' lang='grc' dir='ltr'>προλαϐόντι</span> <span class='ocrx_word' id='word_1_196' title='bbox 494 2878 856 2948; x_wconf 81' lang='grc' dir='ltr'>εὐαγγελιστῇ</span> <span class='ocrx_word' id='word_1_197' title='bbox 924 2876 1254 2944; x_wconf 83' lang='grc' dir='ltr'>ἀπαγγεῖλαι</span> <span class='ocrx_word' id='word_1_198' title='bbox 1317 2875 1520 2939; x_wconf 83' lang='grc' dir='ltr'>ταύτας</span> <span class='ocrx_word' id='word_1_199' title='bbox 1570 2877 1683 2938; x_wconf 85' lang='grc' dir='ltr'>τοῖς</span> 
     </span>
    </p>
   </div>
   <div class='ocr_carea' id='block_1_34' title="bbox 71 2966 1683 3039">
    <p class='ocr_par' dir='ltr' id='par_1_34' title="bbox 71 2966 1683 3039">
     <span class='ocr_line' id='line_1_34' title="bbox 71 2966 1683 3039; baseline -0.004 -14"><span class='ocrx_word' id='word_1_200' title='bbox 71 2972 423 3033; x_wconf 82' lang='grc' dir='ltr'>ἀποστόλοις</span> <span class='ocrx_word' id='word_1_201' title='bbox 450 2970 853 3039; x_wconf 74' lang='grc' dir='ltr'>άνεγράψαντο.</span> <span class='ocrx_word' id='word_1_202' title='bbox 885 2969 1110 3036; x_wconf 85' lang='grc' dir='ltr'>Μάρκος</span> <span class='ocrx_word' id='word_1_203' title='bbox 1145 2966 1203 3019; x_wconf 85' lang='grc' dir='ltr'>δὲ</span> <span class='ocrx_word' id='word_1_204' title='bbox 1234 2967 1333 3030; x_wconf 78' lang='grc' dir='ltr'>τὰς</span> <span class='ocrx_word' id='word_1_205' title='bbox 1364 2967 1683 3030; x_wconf 81' lang='grc' dir='ltr'>τελευταίας</span> 
     </span>
    </p>
   </div>
   <div class='ocr_carea' id='block_1_35' title="bbox 1765 519 3060 587">
    <p class='ocr_par' dir='ltr' id='par_1_35' title="bbox 1765 519 3060 587">
     <span class='ocr_line' id='line_1_35' title="bbox 1765 519 3060 587; baseline 0.005 -16"><span class='ocrx_word' id='word_1_206' title='bbox 1765 519 1916 572; x_wconf 80' lang='lat' dir='ltr'><strong>lieres</strong></span> <span class='ocrx_word' id='word_1_207' title='bbox 1936 519 2206 583; x_wconf 69' lang='lat' dir='ltr'><strong>dixerunt,</strong></span> <span class='ocrx_word' id='word_1_208' title='bbox 2236 519 2408 587; x_wconf 78' lang='lat' dir='ltr'><strong>ipsum</strong></span> <span class='ocrx_word' id='word_1_209' title='bbox 2440 534 2560 571; x_wconf 86' lang='lat' dir='ltr'><strong>vero</strong></span> <span class='ocrx_word' id='word_1_210' title='bbox 2593 535 2696 573; x_wconf 89' lang='lat' dir='ltr'><strong>non</strong></span> <span class='ocrx_word' id='word_1_211' title='bbox 2725 521 2965 575; x_wconf 77' lang='lat' dir='ltr'><strong>viderunt</strong></span> <span class='ocrx_word' id='word_1_212' title='bbox 2993 525 3060 578; x_wconf 78' lang='lat'><strong>&quot;.</strong></span> 
     </span>
    </p>
   </div>
   <div class='ocr_carea' id='block_1_36' title="bbox 2327 609 2766 679">
    <p class='ocr_par' dir='ltr' id='par_1_36' title="bbox 2327 609 2766 679">
     <span class='ocr_line' id='line_1_36' title="bbox 2327 609 2766 679; baseline 0.005 -17"><span class='ocrx_word' id='word_1_213' title='bbox 2327 609 2618 679; x_wconf 73' lang='lat' dir='ltr'><strong>Diﬁicultas</strong></span> <span class='ocrx_word' id='word_1_214' title='bbox 2657 627 2766 665; x_wconf 84' lang='lat' dir='ltr'><strong>LIII.</strong></span> 
     </span>
    </p>
   </div>
   <div class='ocr_carea' id='block_1_37' title="bbox 1831 700 3333 770">
    <p class='ocr_par' dir='ltr' id='par_1_37' title="bbox 1831 700 3333 770">
     <span class='ocr_line' id='line_1_37' title="bbox 1831 700 3333 770; baseline 0.006 -18"><span class='ocrx_word' id='word_1_215' title='bbox 1831 700 1961 765; x_wconf 75' lang='lat' dir='ltr'><strong>Qua:</strong></span> <span class='ocrx_word' id='word_1_216' title='bbox 2019 700 2173 765; x_wconf 87' lang='lat' dir='ltr'><strong>ratio,</strong></span> <span class='ocrx_word' id='word_1_217' title='bbox 2218 702 2361 770; x_wconf 83' lang='lat' dir='ltr'><strong>quod</strong></span> <span class='ocrx_word' id='word_1_218' title='bbox 2400 701 2641 756; x_wconf 83' lang='lat' dir='ltr'><strong>Joannes</strong></span> <span class='ocrx_word' id='word_1_219' title='bbox 2687 703 2762 757; x_wconf 90' lang='lat' dir='ltr'><strong>ait</strong></span> <span class='ocrx_word' id='word_1_220' title='bbox 2796 704 3085 759; x_wconf 90' lang='lat' dir='ltr'><strong>Dominum</strong></span> <span class='ocrx_word' id='word_1_221' title='bbox 3132 705 3333 761; x_wconf 77' lang='lat' dir='ltr'><strong>dixisse</strong></span> 
     </span>
    </p>
   </div>
   <div class='ocr_carea' id='block_1_38' title="bbox 1763 790 3334 866">
    <p class='ocr_par' dir='ltr' id='par_1_38' title="bbox 1763 790 3334 866">
     <span class='ocr_line' id='line_1_38' title="bbox 1763 790 3334 866; baseline 0.004 -22"><span class='ocrx_word' id='word_1_222' title='bbox 1763 790 1943 844; x_wconf 61' lang='lat' dir='ltr'><strong>Maria}</strong></span> <span class='ocrx_word' id='word_1_223' title='bbox 1977 812 1988 844; x_wconf 85' lang='lat'>:</span> <span class='ocrx_word' id='word_1_224' title='bbox 2028 791 2153 844; x_wconf 74' lang='lat' dir='ltr'><strong>Noli</strong></span> <span class='ocrx_word' id='word_1_225' title='bbox 2211 809 2291 845; x_wconf 86' lang='lat' dir='ltr'><strong>me</strong></span> <span class='ocrx_word' id='word_1_226' title='bbox 2353 802 2567 862; x_wconf 84' lang='lat' dir='ltr'><strong>tangere</strong></span> <span class='ocrx_word' id='word_1_227' title='bbox 2597 796 2662 859; x_wconf 71' lang='grc' dir='ltr'>θ’,</span> <span class='ocrx_word' id='word_1_228' title='bbox 2688 803 2743 848; x_wconf 86' lang='lat' dir='ltr'><strong>et</strong></span> <span class='ocrx_word' id='word_1_229' title='bbox 2802 796 3004 866; x_wconf 84' lang='lat' dir='ltr'><strong>reliqua</strong></span> <span class='ocrx_word' id='word_1_230' title='bbox 3040 796 3334 863; x_wconf 80' lang='lat' dir='ltr'><strong>;Malth:eo</strong></span> 
     </span>
    </p>
   </div>
   <div class='ocr_carea' id='block_1_39' title="bbox 1764 884 3335 956">
    <p class='ocr_par' dir='ltr' id='par_1_39' title="bbox 1764 884 3335 956">
     <span class='ocr_line' id='line_1_39' title="bbox 1764 884 3335 956; baseline 0.007 -22"><span class='ocrx_word' id='word_1_231' title='bbox 1764 891 2060 945; x_wconf 76' lang='lat' dir='ltr'><strong>narrante,</strong></span> <span class='ocrx_word' id='word_1_232' title='bbox 2110 898 2204 937; x_wconf 88' lang='lat' dir='ltr'><strong>eas</strong></span> <span class='ocrx_word' id='word_1_233' title='bbox 2262 884 2574 954; x_wconf 78' lang='lat' dir='ltr'><strong>complexes</strong></span> <span class='ocrx_word' id='word_1_234' title='bbox 2629 887 2795 956; x_wconf 83' lang='lat' dir='ltr'><strong>pedes</strong></span> <span class='ocrx_word' id='word_1_235' title='bbox 2850 888 2968 955; x_wconf 83' lang='lat' dir='ltr'><strong>ejus</strong></span> <span class='ocrx_word' id='word_1_236' title='bbox 3023 890 3335 946; x_wconf 77' lang='lat' dir='ltr'><strong>adoravisse</strong></span> 
     </span>
    </p>
   </div>
   <div class='ocr_carea' id='block_1_40' title="bbox 1767 974 2010 1029">
    <p class='ocr_par' dir='ltr' id='par_1_40' title="bbox 1767 974 2010 1029">
     <span class='ocr_line' id='line_1_40' title="bbox 1767 974 2010 1029; baseline -0.008 0"><span class='ocrx_word' id='word_1_237' title='bbox 1767 990 1891 1029; x_wconf 89' lang='lat' dir='ltr'><strong>eum</strong></span> <span class='ocrx_word' id='word_1_238' title='bbox 1915 975 1959 1006; x_wconf 79' lang='grc'>⁸³</span> <span class='ocrx_word' id='word_1_239' title='bbox 1988 974 2010 1027; x_wconf 88' lang='lat'><strong>?</strong></span> 
     </span>
    </p>
   </div>
   <div class='ocr_carea' id='block_1_41' title="bbox 2432 1067 2657 1122">
    <p class='ocr_par' dir='ltr' id='par_1_41' title="bbox 2432 1067 2657 1122">
     <span class='ocr_line' id='line_1_41' title="bbox 2432 1067 2657 1122; baseline 0 0"><span class='ocrx_word' id='word_1_240' title='bbox 2432 1067 2657 1122; x_wconf 82' lang='lat' dir='ltr'><strong>Salutio.</strong></span> 
     </span>
    </p>
   </div>
   <div class='ocr_carea' id='block_1_42' title="bbox 1837 1156 3345 1229">
    <p class='ocr_par' dir='ltr' id='par_1_42' title="bbox 1837 1156 3345 1229">
     <span class='ocr_line' id='line_1_42' title="bbox 1837 1156 3345 1229; baseline 0.004 -18"><span class='ocrx_word' id='word_1_241' title='bbox 1837 1156 2305 1223; x_wconf 86' lang='lat' dir='ltr'><strong>Quemadmodum</strong></span> <span class='ocrx_word' id='word_1_242' title='bbox 2360 1173 2523 1229; x_wconf 88' lang='lat' dir='ltr'><strong>supra</strong></span> <span class='ocrx_word' id='word_1_243' title='bbox 2584 1169 2865 1217; x_wconf 89' lang='lat' dir='ltr'><strong>ostensum</strong></span> <span class='ocrx_word' id='word_1_244' title='bbox 2919 1174 3022 1227; x_wconf 90' lang='lat' dir='ltr'><strong>est,</strong></span> <span class='ocrx_word' id='word_1_245' title='bbox 3070 1165 3345 1219; x_wconf 78' lang='lat' dir='ltr'><strong>inﬁrmior</strong></span> 
     </span>
    </p>
   </div>
   <div class='ocr_carea' id='block_1_43' title="bbox 1769 1248 3337 1326">
    <p class='ocr_par' dir='ltr' id='par_1_43' title="bbox 1769 1248 3337 1326">
     <span class='ocr_line' id='line_1_43' title="bbox 1769 1248 3337 1326; baseline 0.005 -24"><span class='ocrx_word' id='word_1_246' title='bbox 1769 1248 1875 1303; x_wconf 84' lang='lat' dir='ltr'><strong>ﬁde</strong></span> <span class='ocrx_word' id='word_1_247' title='bbox 1896 1248 2105 1303; x_wconf 66' lang='lat' dir='ltr'><strong>caeteris</strong></span> <span class='ocrx_word' id='word_1_248' title='bbox 2132 1250 2249 1303; x_wconf 80' lang='lat' dir='ltr'><strong>haec</strong></span> <span class='ocrx_word' id='word_1_249' title='bbox 2276 1258 2410 1304; x_wconf 88' lang='lat' dir='ltr'><strong>erat.</strong></span> <span class='ocrx_word' id='word_1_250' title='bbox 2440 1249 2620 1316; x_wconf 86' lang='lat' dir='ltr'><strong>Quare</strong></span> <span class='ocrx_word' id='word_1_251' title='bbox 2642 1253 2899 1308; x_wconf 88' lang='lat' dir='ltr'><strong>arbitrata</strong></span> <span class='ocrx_word' id='word_1_252' title='bbox 2927 1255 3071 1323; x_wconf 85' lang='lat' dir='ltr'><strong>quod</strong></span> <span class='ocrx_word' id='word_1_253' title='bbox 3103 1266 3164 1310; x_wconf 89' lang='lat' dir='ltr'><strong>ut</strong></span> <span class='ocrx_word' id='word_1_254' title='bbox 3184 1257 3337 1326; x_wconf 87' lang='lat' dir='ltr'><strong>prius</strong></span> 
     </span>
    </p>
   </div>
   <div class='ocr_carea' id='block_1_44' title="bbox 1769 1338 3341 1417">
    <p class='ocr_par' dir='ltr' id='par_1_44' title="bbox 1769 1338 3341 1417">
     <span class='ocr_line' id='line_1_44' title="bbox 1769 1338 3341 1417; baseline 0.006 -26"><span class='ocrx_word' id='word_1_255' title='bbox 1769 1338 1843 1391; x_wconf 88' lang='lat' dir='ltr'><strong>ita</strong></span> <span class='ocrx_word' id='word_1_256' title='bbox 1870 1353 1993 1393; x_wconf 91' lang='lat' dir='ltr'><strong>cum</strong></span> <span class='ocrx_word' id='word_1_257' title='bbox 2031 1339 2248 1394; x_wconf 79' lang='lat' dir='ltr'><strong>Christo</strong></span> <span class='ocrx_word' id='word_1_258' title='bbox 2282 1350 2670 1396; x_wconf 86' lang='lat' dir='ltr'><strong>conversatura</strong></span> <span class='ocrx_word' id='word_1_259' title='bbox 2713 1353 2875 1409; x_wconf 87' lang='lat' dir='ltr'><strong>esset,</strong></span> <span class='ocrx_word' id='word_1_260' title='bbox 2905 1346 3042 1398; x_wconf 86' lang='lat' dir='ltr'><strong>nihil</strong></span> <span class='ocrx_word' id='word_1_261' title='bbox 3082 1363 3341 1417; x_wconf 81' lang='lat' dir='ltr'><strong>magnum</strong></span> 
     </span>
    </p>
   </div>
   <div class='ocr_carea' id='block_1_45' title="bbox 1770 1431 3343 1515">
    <p class='ocr_par' dir='ltr' id='par_1_45' title="bbox 1770 1431 3343 1515">
     <span class='ocr_line' id='line_1_45' title="bbox 1770 1431 3343 1515; baseline 0.009 -35"><span class='ocrx_word' id='word_1_262' title='bbox 1770 1433 1838 1485; x_wconf 79' lang='lat' dir='ltr'><strong>de</strong></span> <span class='ocrx_word' id='word_1_263' title='bbox 1885 1432 2003 1500; x_wconf 89' lang='lat' dir='ltr'><strong>ipso</strong></span> <span class='ocrx_word' id='word_1_264' title='bbox 2049 1431 2366 1502; x_wconf 74' lang='lat' dir='ltr'><strong>imaginata,</strong></span> <span class='ocrx_word' id='word_1_265' title='bbox 2396 1434 2516 1503; x_wconf 85' lang='lat' dir='ltr'><strong>jure</strong></span> <span class='ocrx_word' id='word_1_266' title='bbox 2562 1436 2837 1506; x_wconf 74' lang='lat' dir='ltr'><strong>increpata</strong></span> <span class='ocrx_word' id='word_1_267' title='bbox 2893 1438 3010 1502; x_wconf 77' lang='lat' dir='ltr'><strong>fuit,</strong></span> <span class='ocrx_word' id='word_1_268' title='bbox 3044 1439 3343 1515; x_wconf 80' lang='lat' dir='ltr'><strong>didicitque</strong></span> 
     </span>
    </p>
   </div>
   <div class='ocr_carea' id='block_1_46' title="bbox 1770 1519 3345 1592">
    <p class='ocr_par' dir='ltr' id='par_1_46' title="bbox 1770 1519 3345 1592">
     <span class='ocr_line' id='line_1_46' title="bbox 1770 1519 3345 1592; baseline 0.008 -21"><span class='ocrx_word' id='word_1_269' title='bbox 1770 1519 1970 1573; x_wconf 84' lang='lat' dir='ltr'><strong>reverti</strong></span> <span class='ocrx_word' id='word_1_270' title='bbox 2006 1533 2130 1575; x_wconf 91' lang='lat' dir='ltr'><strong>eum</strong></span> <span class='ocrx_word' id='word_1_271' title='bbox 2165 1520 2365 1576; x_wconf 88' lang='lat' dir='ltr'><strong>debere</strong></span> <span class='ocrx_word' id='word_1_272' title='bbox 2391 1522 2459 1577; x_wconf 88' lang='lat' dir='ltr'><strong>ad</strong></span> <span class='ocrx_word' id='word_1_273' title='bbox 2493 1522 2706 1577; x_wconf 87' lang='lat' dir='ltr'><strong>Patrem</strong></span> <span class='ocrx_word' id='word_1_274' title='bbox 2751 1525 3051 1592; x_wconf 73' lang='lat' dir='ltr'><strong>cmlestem,</strong></span> <span class='ocrx_word' id='word_1_275' title='bbox 3078 1529 3219 1583; x_wconf 87' lang='lat' dir='ltr'><strong>unde</strong></span> <span class='ocrx_word' id='word_1_276' title='bbox 3243 1544 3345 1582; x_wconf 63' lang='grc' dir='ltr'><strong>γοα</strong></span> 
     </span>
    </p>
   </div>
   <div class='ocr_carea' id='block_1_47' title="bbox 1769 1619 1947 1665">
    <p class='ocr_par' dir='ltr' id='par_1_47' title="bbox 1769 1619 1947 1665">
     <span class='ocr_line' id='line_1_47' title="bbox 1769 1619 1947 1665; baseline 0.006 -1"><span class='ocrx_word' id='word_1_277' title='bbox 1769 1619 1947 1665; x_wconf 87' lang='lat' dir='ltr'><strong>nerat.</strong></span> 
     </span>
    </p>
   </div>
   <div class='ocr_carea' id='block_1_48' title="bbox 2331 1705 2777 1775">
    <p class='ocr_par' dir='ltr' id='par_1_48' title="bbox 2331 1705 2777 1775">
     <span class='ocr_line' id='line_1_48' title="bbox 2331 1705 2777 1775; baseline 0.011 -17"><span class='ocrx_word' id='word_1_278' title='bbox 2331 1705 2620 1775; x_wconf 70' lang='lat' dir='ltr'><strong>Difﬁcultas</strong></span> <span class='ocrx_word' id='word_1_279' title='bbox 2669 1725 2777 1762; x_wconf 80' lang='lat' dir='ltr'><strong>LIV.</strong></span> 
     </span>
    </p>
   </div>
   <div class='ocr_carea' id='block_1_49' title="bbox 1843 1791 3340 1863">
    <p class='ocr_par' dir='ltr' id='par_1_49' title="bbox 1843 1791 3340 1863">
     <span class='ocr_line' id='line_1_49' title="bbox 1843 1791 3340 1863; baseline 0.006 -19"><span class='ocrx_word' id='word_1_280' title='bbox 1843 1791 1983 1857; x_wconf 82' lang='lat' dir='ltr'><strong>Quid</strong></span> <span class='ocrx_word' id='word_1_281' title='bbox 2008 1807 2187 1847; x_wconf 67' lang='lat' dir='ltr'><strong>causa:</strong></span> <span class='ocrx_word' id='word_1_282' title='bbox 2216 1802 2318 1858; x_wconf 89' lang='lat' dir='ltr'><strong>est,</strong></span> <span class='ocrx_word' id='word_1_283' title='bbox 2356 1795 2500 1863; x_wconf 87' lang='lat' dir='ltr'><strong>quod</strong></span> <span class='ocrx_word' id='word_1_284' title='bbox 2529 1795 2704 1851; x_wconf 88' lang='lat' dir='ltr'><strong>Lucas</strong></span> <span class='ocrx_word' id='word_1_285' title='bbox 2738 1806 2795 1851; x_wconf 91' lang='lat' dir='ltr'><strong>et</strong></span> <span class='ocrx_word' id='word_1_286' title='bbox 2818 1797 3056 1853; x_wconf 85' lang='lat' dir='ltr'><strong>Joannes</strong></span> <span class='ocrx_word' id='word_1_287' title='bbox 3080 1797 3340 1853; x_wconf 86' lang='lat' dir='ltr'><strong>mulieres</strong></span> 
     </span>
    </p>
   </div>
   <div class='ocr_carea' id='block_1_50' title="bbox 1773 1881 3339 1954">
    <p class='ocr_par' dir='ltr' id='par_1_50' title="bbox 1773 1881 3339 1954">
     <span class='ocr_line' id='line_1_50' title="bbox 1773 1881 3339 1954; baseline 0.005 -20"><span class='ocrx_word' id='word_1_288' title='bbox 1773 1881 2113 1950; x_wconf 84' lang='lat' dir='ltr'><strong>scripserunt</strong></span> <span class='ocrx_word' id='word_1_289' title='bbox 2166 1883 2513 1939; x_wconf 80' lang='lat' dir='ltr'><strong>renuntiasse</strong></span> <span class='ocrx_word' id='word_1_290' title='bbox 2565 1886 2825 1954; x_wconf 85' lang='lat' dir='ltr'><strong>apostolis</strong></span> <span class='ocrx_word' id='word_1_291' title='bbox 2882 1888 3339 1943; x_wconf 84' lang='lat' dir='ltr'><strong>resurrectionem</strong></span> 
     </span>
    </p>
   </div>
   <div class='ocr_carea' id='block_1_51' title="bbox 1772 1968 3341 2046">
    <p class='ocr_par' dir='ltr' id='par_1_51' title="bbox 1772 1968 3341 2046">
     <span class='ocr_line' id='line_1_51' title="bbox 1772 1968 3341 2046; baseline 0.006 -24"><span class='ocrx_word' id='word_1_292' title='bbox 1772 1968 1972 2023; x_wconf 82' lang='lat' dir='ltr'><strong>Christi</strong></span> <span class='ocrx_word' id='word_1_293' title='bbox 2007 1970 2089 2038; x_wconf 76' lang='lat'><strong>“;</strong></span> <span class='ocrx_word' id='word_1_294' title='bbox 2123 1969 2334 2027; x_wconf 86' lang='lat' dir='ltr'><strong>Marcus</strong></span> <span class='ocrx_word' id='word_1_295' title='bbox 2368 1987 2515 2034; x_wconf 85' lang='lat' dir='ltr'><strong>vero,</strong></span> <span class='ocrx_word' id='word_1_296' title='bbox 2541 1988 2634 2027; x_wconf 87' lang='lat' dir='ltr'><strong>eas</strong></span> <span class='ocrx_word' id='word_1_297' title='bbox 2663 1975 2918 2040; x_wconf 85' lang='lat' dir='ltr'><strong>tacuisse,</strong></span> <span class='ocrx_word' id='word_1_298' title='bbox 2950 1976 3197 2046; x_wconf 89' lang='lat' dir='ltr'><strong>nihilque</strong></span> <span class='ocrx_word' id='word_1_299' title='bbox 3229 1992 3341 2045; x_wconf 64' lang='lat' dir='ltr'><strong>prae</strong></span> 
     </span>
    </p>
   </div>
   <div class='ocr_carea' id='block_1_52' title="bbox 1774 2059 3342 2136">
    <p class='ocr_par' dir='ltr' id='par_1_52' title="bbox 1774 2059 3342 2136">
     <span class='ocr_line' id='line_1_52' title="bbox 1774 2059 3342 2136; baseline 0.005 -23"><span class='ocrx_word' id='word_1_300' title='bbox 1774 2059 1970 2114; x_wconf 85' lang='lat' dir='ltr'><strong>timore</strong></span> <span class='ocrx_word' id='word_1_301' title='bbox 2014 2060 2217 2115; x_wconf 82' lang='lat' dir='ltr'><strong>dixisse</strong></span> <span class='ocrx_word' id='word_1_302' title='bbox 2265 2061 2518 2130; x_wconf 87' lang='lat' dir='ltr'><strong>perhibet</strong></span> <span class='ocrx_word' id='word_1_303' title='bbox 2536 2063 2606 2128; x_wconf 67' lang='lat' dir='ltr'><strong>cl’;</strong></span> <span class='ocrx_word' id='word_1_304' title='bbox 2647 2073 2703 2119; x_wconf 88' lang='lat' dir='ltr'><strong>at</strong></span> <span class='ocrx_word' id='word_1_305' title='bbox 2736 2064 3021 2121; x_wconf 64' lang='lat' dir='ltr'><strong>Mattheus</strong></span> <span class='ocrx_word' id='word_1_306' title='bbox 3049 2074 3342 2136; x_wconf 84' lang='lat' dir='ltr'><strong>utrumque</strong></span> 
     </span>
    </p>
   </div>
   <div class='ocr_carea' id='block_1_53' title="bbox 1776 2148 2617 2218">
    <p class='ocr_par' dir='ltr' id='par_1_53' title="bbox 1776 2148 2617 2218">
     <span class='ocr_line' id='line_1_53' title="bbox 1776 2148 2617 2218; baseline 0 -15"><span class='ocrx_word' id='word_1_307' title='bbox 1776 2148 2044 2203; x_wconf 86' lang='lat' dir='ltr'><strong>dictorum</strong></span> <span class='ocrx_word' id='word_1_308' title='bbox 2068 2148 2263 2203; x_wconf 91' lang='lat' dir='ltr'><strong>tacitus</strong></span> <span class='ocrx_word' id='word_1_309' title='bbox 2291 2150 2617 2218; x_wconf 81' lang='lat' dir='ltr'><strong>praeterivit?</strong></span> 
     </span>
    </p>
   </div>
   <div class='ocr_carea' id='block_1_54' title="bbox 2450 2240 2674 2296">
    <p class='ocr_par' dir='ltr' id='par_1_54' title="bbox 2450 2240 2674 2296">
     <span class='ocr_line' id='line_1_54' title="bbox 2450 2240 2674 2296; baseline 0 0"><span class='ocrx_word' id='word_1_310' title='bbox 2450 2240 2674 2296; x_wconf 85' lang='lat' dir='ltr'><strong>Salutio.</strong></span> 
     </span>
    </p>
   </div>
   <div class='ocr_carea' id='block_1_55' title="bbox 1848 2331 3347 2398">
    <p class='ocr_par' dir='ltr' id='par_1_55' title="bbox 1848 2331 3347 2398">
     <span class='ocr_line' id='line_1_55' title="bbox 1848 2331 3347 2398; baseline 0.005 -13"><span class='ocrx_word' id='word_1_311' title='bbox 1848 2332 1978 2386; x_wconf 86' lang='lat' dir='ltr'><strong>Illud</strong></span> <span class='ocrx_word' id='word_1_312' title='bbox 2015 2331 2252 2386; x_wconf 69' lang='lat' dir='ltr'><strong>Matthaei</strong></span> <span class='ocrx_word' id='word_1_313' title='bbox 2277 2374 2290 2398; x_wconf 91' lang='lat'><strong>,</strong></span> <span class='ocrx_word' id='word_1_314' title='bbox 2330 2332 2489 2388; x_wconf 81' lang='lat' dir='ltr'><strong>facile</strong></span> <span class='ocrx_word' id='word_1_315' title='bbox 2534 2335 2761 2389; x_wconf 82' lang='lat' dir='ltr'><strong>solvitur</strong></span> <span class='ocrx_word' id='word_1_316' title='bbox 2785 2337 2848 2390; x_wconf 80' lang='lat'><strong>“.</strong></span> <span class='ocrx_word' id='word_1_317' title='bbox 2882 2335 3001 2392; x_wconf 87' lang='lat' dir='ltr'><strong>Non</strong></span> <span class='ocrx_word' id='word_1_318' title='bbox 3032 2338 3178 2392; x_wconf 88' lang='lat' dir='ltr'><strong>enim</strong></span> <span class='ocrx_word' id='word_1_319' title='bbox 3208 2338 3347 2394; x_wconf 77' lang='lat' dir='ltr'><strong>dixit</strong></span> 
     </span>
    </p>
   </div>
   <div class='ocr_carea' id='block_1_56' title="bbox 1777 2423 3344 2499">
    <p class='ocr_par' dir='ltr' id='par_1_56' title="bbox 1777 2423 3344 2499">
     <span class='ocr_line' id='line_1_56' title="bbox 1777 2423 3344 2499; baseline 0.003 -20"><span class='ocrx_word' id='word_1_320' title='bbox 1777 2424 2037 2479; x_wconf 86' lang='lat' dir='ltr'><strong>mulieres</strong></span> <span class='ocrx_word' id='word_1_321' title='bbox 2064 2423 2314 2478; x_wconf 90' lang='lat' dir='ltr'><strong>mandata</strong></span> <span class='ocrx_word' id='word_1_322' title='bbox 2352 2439 2462 2477; x_wconf 90' lang='lat' dir='ltr'><strong>non</strong></span> <span class='ocrx_word' id='word_1_323' title='bbox 2493 2427 2834 2481; x_wconf 86' lang='lat' dir='ltr'><strong>renuntiasse</strong></span> <span class='ocrx_word' id='word_1_324' title='bbox 2867 2444 2880 2493; x_wconf 92' lang='lat'><strong>;</strong></span> <span class='ocrx_word' id='word_1_325' title='bbox 2914 2429 3009 2482; x_wconf 91' lang='lat' dir='ltr'><strong>sed</strong></span> <span class='ocrx_word' id='word_1_326' title='bbox 3062 2429 3128 2483; x_wconf 91' lang='lat' dir='ltr'><strong>iis</strong></span> <span class='ocrx_word' id='word_1_327' title='bbox 3160 2433 3344 2499; x_wconf 82' lang='lat' dir='ltr'><strong>profe-</strong></span> 
     </span>
    </p>
   </div>
   <div class='ocr_carea' id='block_1_57' title="bbox 1779 2512 3346 2583">
    <p class='ocr_par' dir='ltr' id='par_1_57' title="bbox 1779 2512 3346 2583">
     <span class='ocr_line' id='line_1_57' title="bbox 1779 2512 3346 2583; baseline 0.003 -15"><span class='ocrx_word' id='word_1_328' title='bbox 1779 2515 1882 2568; x_wconf 90' lang='lat' dir='ltr'><strong>ctis</strong></span> <span class='ocrx_word' id='word_1_329' title='bbox 1914 2522 1974 2567; x_wconf 92' lang='lat' dir='ltr'><strong>ut</strong></span> <span class='ocrx_word' id='word_1_330' title='bbox 1995 2512 2316 2567; x_wconf 87' lang='lat' dir='ltr'><strong>nuntiarent</strong></span> <span class='ocrx_word' id='word_1_331' title='bbox 2341 2513 2639 2583; x_wconf 87' lang='lat' dir='ltr'><strong>discipulis,</strong></span> <span class='ocrx_word' id='word_1_332' title='bbox 2666 2515 2869 2570; x_wconf 88' lang='lat' dir='ltr'><strong>milites</strong></span> <span class='ocrx_word' id='word_1_333' title='bbox 2892 2517 3108 2573; x_wconf 84' lang='lat' dir='ltr'><strong>venisse</strong></span> <span class='ocrx_word' id='word_1_334' title='bbox 3130 2518 3185 2571; x_wconf 92' lang='lat' dir='ltr'><strong>in</strong></span> <span class='ocrx_word' id='word_1_335' title='bbox 3213 2519 3346 2572; x_wconf 87' lang='lat' dir='ltr'><strong>civi-</strong></span> 
     </span>
    </p>
   </div>
   <div class='ocr_carea' id='block_1_58' title="bbox 1784 2603 3349 2678">
    <p class='ocr_par' dir='ltr' id='par_1_58' title="bbox 1784 2603 3349 2678">
     <span class='ocr_line' id='line_1_58' title="bbox 1784 2603 3349 2678; baseline 0.003 -18"><span class='ocrx_word' id='word_1_336' title='bbox 1784 2614 1948 2661; x_wconf 87' lang='lat' dir='ltr'><strong>tatem</strong></span> <span class='ocrx_word' id='word_1_337' title='bbox 1969 2603 2036 2658; x_wconf 87' lang='lat' dir='ltr'><strong>ad</strong></span> <span class='ocrx_word' id='word_1_338' title='bbox 2069 2603 2347 2675; x_wconf 91' lang='lat' dir='ltr'><strong>principes</strong></span> <span class='ocrx_word' id='word_1_339' title='bbox 2372 2605 2739 2670; x_wconf 87' lang='lat' dir='ltr'><strong>sacerdotum,</strong></span> <span class='ocrx_word' id='word_1_340' title='bbox 2774 2616 2829 2660; x_wconf 87' lang='lat' dir='ltr'><strong>et</strong></span> <span class='ocrx_word' id='word_1_341' title='bbox 2851 2607 3176 2663; x_wconf 83' lang='lat' dir='ltr'><strong>iudicavisse</strong></span> <span class='ocrx_word' id='word_1_342' title='bbox 3202 2610 3349 2678; x_wconf 86' lang='lat' dir='ltr'><strong>quod</strong></span> 
     </span>
    </p>
   </div>
   <div class='ocr_carea' id='block_1_59' title="bbox 1782 2696 3351 2769">
    <p class='ocr_par' dir='ltr' id='par_1_59' title="bbox 1782 2696 3351 2769">
     <span class='ocr_line' id='line_1_59' title="bbox 1782 2696 3351 2769; baseline 0.001 -16"><span class='ocrx_word' id='word_1_343' title='bbox 1782 2697 2084 2769; x_wconf 80' lang='lat' dir='ltr'><strong>contigerat</strong></span> <span class='ocrx_word' id='word_1_344' title='bbox 2122 2696 2445 2750; x_wconf 89' lang='lat' dir='ltr'><strong>miraculum</strong></span> <span class='ocrx_word' id='word_1_345' title='bbox 2478 2697 2543 2751; x_wconf 90' lang='lat' dir='ltr'><strong>ad</strong></span> <span class='ocrx_word' id='word_1_346' title='bbox 2573 2697 2903 2766; x_wconf 89' lang='lat' dir='ltr'><strong>sepulcrum.</strong></span> <span class='ocrx_word' id='word_1_347' title='bbox 2939 2697 3114 2753; x_wconf 88' lang='lat' dir='ltr'><strong>Lucas</strong></span> <span class='ocrx_word' id='word_1_348' title='bbox 3134 2714 3263 2754; x_wconf 84' lang='lat' dir='ltr'><strong>vero</strong></span> <span class='ocrx_word' id='word_1_349' title='bbox 3294 2708 3351 2754; x_wconf 88' lang='lat' dir='ltr'><strong>ct</strong></span> 
     </span>
    </p>
   </div>
   <div class='ocr_carea' id='block_1_60' title="bbox 1781 2786 3346 2861">
    <p class='ocr_par' dir='ltr' id='par_1_60' title="bbox 1781 2786 3346 2861">
     <span class='ocr_line' id='line_1_60' title="bbox 1781 2786 3346 2861; baseline 0.001 -17"><span class='ocrx_word' id='word_1_350' title='bbox 1781 2789 2019 2844; x_wconf 86' lang='lat' dir='ltr'><strong>Joannes</strong></span> <span class='ocrx_word' id='word_1_351' title='bbox 2048 2786 2454 2843; x_wconf 88' lang='lat' dir='ltr'><strong>consentientes</strong></span> <span class='ocrx_word' id='word_1_352' title='bbox 2483 2802 2605 2842; x_wconf 90' lang='lat' dir='ltr'><strong>cum</strong></span> <span class='ocrx_word' id='word_1_353' title='bbox 2630 2789 2957 2858; x_wconf 67' lang='lat' dir='ltr'><strong>praecedenti</strong></span> <span class='ocrx_word' id='word_1_354' title='bbox 2991 2792 3346 2861; x_wconf 80' lang='lat' dir='ltr'><strong>evangelista,</strong></span> 
     </span>
    </p>
   </div>
   <div class='ocr_carea' id='block_1_61' title="bbox 1782 2878 3352 2949">
    <p class='ocr_par' dir='ltr' id='par_1_61' title="bbox 1782 2878 3352 2949">
     <span class='ocr_line' id='line_1_61' title="bbox 1782 2878 3352 2949; baseline 0.001 -14"><span class='ocrx_word' id='word_1_355' title='bbox 1782 2881 2065 2935; x_wconf 88' lang='lat' dir='ltr'><strong>nuntiasse</strong></span> <span class='ocrx_word' id='word_1_356' title='bbox 2101 2895 2192 2934; x_wconf 87' lang='lat' dir='ltr'><strong>eas</strong></span> <span class='ocrx_word' id='word_1_357' title='bbox 2221 2878 2478 2949; x_wconf 87' lang='lat' dir='ltr'><strong>apostolis</strong></span> <span class='ocrx_word' id='word_1_358' title='bbox 2505 2880 2967 2949; x_wconf 89' lang='lat' dir='ltr'><strong>conscripserunt.</strong></span> <span class='ocrx_word' id='word_1_359' title='bbox 3001 2880 3214 2936; x_wconf 87' lang='lat' dir='ltr'><strong>Marcus</strong></span> <span class='ocrx_word' id='word_1_360' title='bbox 3250 2898 3352 2936; x_wconf 88' lang='lat' dir='ltr'><strong>au-</strong></span> 
     </span>
    </p>
   </div>
   <div class='ocr_carea' id='block_1_62' title="bbox 1785 2970 3353 3042">
    <p class='ocr_par' dir='ltr' id='par_1_62' title="bbox 1785 2970 3353 3042">
     <span class='ocr_line' id='line_1_62' title="bbox 1785 2970 3353 3042; baseline -0.001 -15"><span class='ocrx_word' id='word_1_361' title='bbox 1785 2982 1917 3039; x_wconf 90' lang='lat' dir='ltr'><strong>tem,</strong></span> <span class='ocrx_word' id='word_1_362' title='bbox 1953 2980 2254 3042; x_wconf 86' lang='lat' dir='ltr'><strong>postremas</strong></span> <span class='ocrx_word' id='word_1_363' title='bbox 2289 2970 2559 3041; x_wconf 79' lang='lat' dir='ltr'><strong>profectas</strong></span> <span class='ocrx_word' id='word_1_364' title='bbox 2593 2980 2714 3026; x_wconf 89' lang='lat' dir='ltr'><strong>orto</strong></span> <span class='ocrx_word' id='word_1_365' title='bbox 2738 2972 2851 3041; x_wconf 87' lang='lat' dir='ltr'><strong>jam</strong></span> <span class='ocrx_word' id='word_1_366' title='bbox 2883 2971 3018 3037; x_wconf 88' lang='lat' dir='ltr'><strong>sole,</strong></span> <span class='ocrx_word' id='word_1_367' title='bbox 3046 2972 3241 3027; x_wconf 90' lang='lat' dir='ltr'><strong>merito</strong></span> <span class='ocrx_word' id='word_1_368' title='bbox 3275 2972 3353 3026; x_wconf 85' lang='lat' dir='ltr'><strong>ait</strong></span> 
     </span>
    </p>
   </div>
   <div class='ocr_carea' id='block_1_63' title="bbox 4 3057 1663 3135">
    <p class='ocr_par' dir='ltr' id='par_1_63' title="bbox 4 3057 1663 3131">
     <span class='ocr_line' id='line_1_63' title="bbox 4 3057 1663 3131; baseline -0.004 -15"><span class='ocrx_word' id='word_1_369' title='bbox 4 3078 5 3087; x_wconf 83' lang='lat'>‘</span> <span class='ocrx_word' id='word_1_370' title='bbox 75 3062 362 3124; x_wconf 75' lang='grc' dir='ltr'>ἐλθούσας</span> <span class='ocrx_word' id='word_1_371' title='bbox 390 3060 483 3114; x_wconf 75' lang='grc' dir='ltr'><strong>τοῦ</strong></span> <span class='ocrx_word' id='word_1_372' title='bbox 517 3059 666 3131; x_wconf 80' lang='grc' dir='ltr'>ἡλίου</span> <span class='ocrx_word' id='word_1_373' title='bbox 707 3059 893 3113; x_wconf 76' lang='grc' dir='ltr'>λοιπὸν</span> <span class='ocrx_word' id='word_1_374' title='bbox 943 3058 1324 3120; x_wconf 86' lang='grc' dir='ltr'>ἀνατείλαντος</span> <span class='ocrx_word' id='word_1_375' title='bbox 1354 3058 1489 3125; x_wconf 82' lang='grc'><strong>(50),</strong></span> <span class='ocrx_word' id='word_1_376' title='bbox 1531 3057 1663 3110; x_wconf 72' lang='grc' dir='ltr'>εἰκό-</span> 
     </span>
    </p>
   </div>
   <div class='ocr_carea' id='block_1_64' title="bbox 1839 3057 3354 3135">
    <p class='ocr_par' dir='ltr' id='par_1_64' title="bbox 1848 3061 3354 3135">
     <span class='ocr_line' id='line_1_64' title="bbox 1848 3061 3354 3135; baseline -0.001 -17"><span class='ocrx_word' id='word_1_377' title='bbox 1848 3063 1926 3118; x_wconf 89' lang='lat' dir='ltr'><strong>hil</strong></span> <span class='ocrx_word' id='word_1_378' title='bbox 1968 3063 2037 3118; x_wconf 89' lang='lat' dir='ltr'><strong>ob</strong></span> <span class='ocrx_word' id='word_1_379' title='bbox 2087 3063 2337 3117; x_wconf 84' lang='lat' dir='ltr'><strong>timorem</strong></span> <span class='ocrx_word' id='word_1_380' title='bbox 2380 3061 2600 3117; x_wconf 77' lang='lat' dir='ltr'><strong>dixisse.</strong></span> <span class='ocrx_word' id='word_1_381' title='bbox 2626 3062 2703 3116; x_wconf 86' lang='lat' dir='ltr'><strong>Ea</strong></span> <span class='ocrx_word' id='word_1_382' title='bbox 2749 3077 2879 3135; x_wconf 75' lang='lat' dir='ltr'><strong>ergo</strong></span> <span class='ocrx_word' id='word_1_383' title='bbox 2928 3062 2997 3118; x_wconf 91' lang='lat' dir='ltr'><strong>de</strong></span> <span class='ocrx_word' id='word_1_384' title='bbox 3043 3077 3203 3118; x_wconf 82' lang='lat' dir='ltr'><strong>causa</strong></span> <span class='ocrx_word' id='word_1_385' title='bbox 3248 3063 3354 3119; x_wconf 65' lang='lat' dir='ltr'><strong>illa;</strong></span> 
     </span>
    </p>
   </div>
   <div class='ocr_carea' id='block_1_65' title="bbox 75 3149 1678 3223">
    <p class='ocr_par' dir='ltr' id='par_1_65' title="bbox 75 3149 1678 3223">
     <span class='ocr_line' id='line_1_65' title="bbox 75 3149 1678 3223; baseline -0.004 -16"><span class='ocrx_word' id='word_1_386' title='bbox 75 3171 194 3216; x_wconf 82' lang='grc' dir='ltr'><strong>τως</strong></span> <span class='ocrx_word' id='word_1_387' title='bbox 227 3153 374 3223; x_wconf 82' lang='grc' dir='ltr'>φησί</span> <span class='ocrx_word' id='word_1_388' title='bbox 406 3151 493 3204; x_wconf 78' lang='grc' dir='ltr'>διὰ</span> <span class='ocrx_word' id='word_1_389' title='bbox 525 3153 616 3205; x_wconf 72' lang='grc' dir='ltr'><strong>τὸν</strong></span> <span class='ocrx_word' id='word_1_390' title='bbox 647 3151 812 3221; x_wconf 83' lang='grc' dir='ltr'>φόϐον</span> <span class='ocrx_word' id='word_1_391' title='bbox 846 3150 1012 3220; x_wconf 80' lang='grc' dir='ltr'>μηδὲν</span> <span class='ocrx_word' id='word_1_392' title='bbox 1034 3150 1230 3202; x_wconf 75' lang='grc' dir='ltr'>εἰπεῖν.</span> <span class='ocrx_word' id='word_1_393' title='bbox 1251 3149 1323 3201; x_wconf 87' lang='grc' dir='ltr'><em>Ἢ</em></span> <span class='ocrx_word' id='word_1_394' title='bbox 1351 3150 1541 3201; x_wconf 78' lang='grc' dir='ltr'>τούτου</span> <span class='ocrx_word' id='word_1_395' title='bbox 1564 3149 1678 3202; x_wconf 87' lang='grc' dir='ltr'>τοί-</span> 
     </span>
    </p>
   </div>
   <div class='ocr_carea' id='block_1_66' title="bbox 77 3239 1678 3315">
    <p class='ocr_par' dir='ltr' id='par_1_66' title="bbox 77 3239 1678 3315">
     <span class='ocr_line' id='line_1_66' title="bbox 77 3239 1678 3315; baseline -0.006 -15"><span class='ocrx_word' id='word_1_396' title='bbox 77 3262 183 3301; x_wconf 87' lang='grc' dir='ltr'><strong>νυν</strong></span> <span class='ocrx_word' id='word_1_397' title='bbox 244 3243 435 3315; x_wconf 84' lang='grc' dir='ltr'>χάριν,</span> <span class='ocrx_word' id='word_1_398' title='bbox 482 3242 686 3305; x_wconf 79' lang='grc' dir='ltr'>ταύτας</span> <span class='ocrx_word' id='word_1_399' title='bbox 746 3242 914 3311; x_wconf 72' lang='grc' dir='ltr'>μηδὲν</span> <span class='ocrx_word' id='word_1_400' title='bbox 963 3239 1394 3308; x_wconf 78' lang='grc' dir='ltr'>ἁπαγγεῐλαι,ῆ</span> <span class='ocrx_word' id='word_1_401' title='bbox 1429 3255 1678 3308; x_wconf 86' lang='grc' dir='ltr'>προσυπ-</span> 
     </span>
    </p>
   </div>
   <div class='ocr_carea' id='block_1_67' title="bbox 80 3330 1681 3404">
    <p class='ocr_par' dir='ltr' id='par_1_67' title="bbox 80 3330 1681 3404">
     <span class='ocr_line' id='line_1_67' title="bbox 80 3330 1681 3404; baseline -0.014 -13"><span class='ocrx_word' id='word_1_402' title='bbox 80 3337 323 3391; x_wconf 81' lang='grc' dir='ltr'>ακούειν</span> <span class='ocrx_word' id='word_1_403' title='bbox 341 3335 422 3388; x_wconf 84' lang='grc' dir='ltr'><strong>δεῖ</strong></span> <span class='ocrx_word' id='word_1_404' title='bbox 443 3333 518 3396; x_wconf 79' lang='grc' dir='ltr'>ὡς</span> <span class='ocrx_word' id='word_1_405' title='bbox 544 3334 672 3404; x_wconf 85' lang='grc' dir='ltr'>ἄχρι</span> <span class='ocrx_word' id='word_1_406' title='bbox 690 3332 789 3402; x_wconf 78' lang='grc' dir='ltr'>τῆς</span> <span class='ocrx_word' id='word_1_407' title='bbox 812 3331 906 3385; x_wconf 79' lang='grc' dir='ltr'>τοῦ</span> <span class='ocrx_word' id='word_1_408' title='bbox 923 3331 1129 3402; x_wconf 84' lang='grc' dir='ltr'>Κυρίου</span> <span class='ocrx_word' id='word_1_409' title='bbox 1152 3331 1292 3401; x_wconf 78' lang='grc' dir='ltr'>πρὸς</span> <span class='ocrx_word' id='word_1_410' title='bbox 1309 3330 1478 3394; x_wconf 68' lang='grc' dir='ltr'>αὑτὰς</span> <span class='ocrx_word' id='word_1_411' title='bbox 1503 3331 1681 3400; x_wconf 50' lang='grc' dir='ltr'>ἐμφά-</span> 
     </span>
    </p>
   </div>
   <div class='ocr_carea' id='block_1_68' title="bbox 81 3417 660 3480">
    <p class='ocr_par' dir='ltr' id='par_1_68' title="bbox 81 3417 660 3480">
     <span class='ocr_line' id='line_1_68' title="bbox 81 3417 660 3480; baseline -0.009 0"><span class='ocrx_word' id='word_1_412' title='bbox 81 3445 244 3480; x_wconf 80' lang='grc' dir='ltr'>νειαν</span> <span class='ocrx_word' id='word_1_413' title='bbox 286 3425 443 3478; x_wconf 82' lang='grc' dir='ltr'>οὐδὲν</span> <span class='ocrx_word' id='word_1_414' title='bbox 485 3417 660 3476; x_wconf 84' lang='grc' dir='ltr'>εἷπον.</span> 
     </span>
    </p>
   </div>
   <div class='ocr_carea' id='block_1_69' title="bbox 244 3494 1027 3580">
    <p class='ocr_par' dir='ltr' id='par_1_69' title="bbox 244 3494 1027 3580">
     <span class='ocr_line' id='line_1_69' title="bbox 244 3494 1027 3580; baseline -0.004 -13"><span class='ocrx_word' id='word_1_415' title='bbox 244 3494 257 3505; x_wconf 44' lang='grc'><em>’</em></span> <span class='ocrx_word' id='word_1_416' title='bbox 772 3512 1027 3580; x_wconf 78' lang='grc' dir='ltr'>Ἀπορία.</span> 
     </span>
    </p>
   </div>
   <div class='ocr_carea' id='block_1_70' title="bbox 159 3586 1685 3678">
    <p class='ocr_par' dir='ltr' id='par_1_70' title="bbox 159 3586 1685 3678">
     <span class='ocr_line' id='line_1_70' title="bbox 159 3586 1685 3678; baseline -0.007 -15"><span class='ocrx_word' id='word_1_417' title='bbox 159 3611 329 3672; x_wconf 84' lang='grc' dir='ltr'>Τίνος</span> <span class='ocrx_word' id='word_1_418' title='bbox 362 3609 551 3678; x_wconf 80' lang='grc' dir='ltr'>χάριν,</span> <span class='ocrx_word' id='word_1_419' title='bbox 594 3605 842 3659; x_wconf 82' lang='grc' dir='ltr'>Ἰωάννου</span> <span class='ocrx_word' id='word_1_420' title='bbox 888 3604 1094 3675; x_wconf 83' lang='grc' dir='ltr'>Πέτρον</span> <span class='ocrx_word' id='word_1_421' title='bbox 1130 3603 1224 3655; x_wconf 75' lang='grc' dir='ltr'><strong>καὶ</strong></span> <span class='ocrx_word' id='word_1_422' title='bbox 1264 3600 1514 3671; x_wconf 83' lang='grc' dir='ltr'>Ἰωάννην</span> <span class='ocrx_word' id='word_1_423' title='bbox 1549 3586 1685 3672; x_wconf 74' lang='grc' dir='ltr'>πρδς</span> 
     </span>
    </p>
   </div>
   <div class='ocr_carea' id='block_1_71' title="bbox 83 3694 1685 3768">
    <p class='ocr_par' dir='ltr' id='par_1_71' title="bbox 83 3694 1685 3768">
     <span class='ocr_line' id='line_1_71' title="bbox 83 3694 1685 3768; baseline -0.007 -13"><span class='ocrx_word' id='word_1_424' title='bbox 83 3705 150 3756; x_wconf 70' lang='grc' dir='ltr'>τὸ</span> <span class='ocrx_word' id='word_1_425' title='bbox 187 3699 524 3753; x_wconf 77' lang='grc' dir='ltr'>Δεσποτικὸν</span> <span class='ocrx_word' id='word_1_426' title='bbox 567 3698 757 3768; x_wconf 84' lang='grc' dir='ltr'>μνῆμα</span> <span class='ocrx_word' id='word_1_427' title='bbox 779 3695 1009 3766; x_wconf 85' lang='grc' dir='ltr'>δραμεῖν</span> <span class='ocrx_word' id='word_1_428' title='bbox 1041 3694 1461 3762; x_wconf 80' lang='grc' dir='ltr'>ίστορήσαντος,</span> <span class='ocrx_word' id='word_1_429' title='bbox 1495 3695 1522 3745; x_wconf 87' lang='grc' dir='ltr'><strong>ὁ</strong></span> <span class='ocrx_word' id='word_1_430' title='bbox 1549 3694 1685 3745; x_wconf 85' lang='grc' dir='ltr'>Λου-</span> 
     </span>
    </p>
   </div>
   <div class='ocr_carea' id='block_1_72' title="bbox 89 3785 1684 3864">
    <p class='ocr_par' dir='ltr' id='par_1_72' title="bbox 89 3785 1684 3864">
     <span class='ocr_line' id='line_1_72' title="bbox 89 3785 1684 3864; baseline -0.006 -18"><span class='ocrx_word' id='word_1_431' title='bbox 89 3797 199 3851; x_wconf 72' lang='grc' dir='ltr'><strong>κᾶς</strong></span> <span class='ocrx_word' id='word_1_432' title='bbox 235 3792 401 3864; x_wconf 87' lang='grc' dir='ltr'>μόνον</span> <span class='ocrx_word' id='word_1_433' title='bbox 436 3791 529 3845; x_wconf 70' lang='grc' dir='ltr'>τὸν</span> <span class='ocrx_word' id='word_1_434' title='bbox 564 3791 770 3860; x_wconf 84' lang='grc' dir='ltr'>Πέτρον</span> <span class='ocrx_word' id='word_1_435' title='bbox 818 3788 954 3860; x_wconf 83' lang='grc' dir='ltr'>πρὸς</span> <span class='ocrx_word' id='word_1_436' title='bbox 982 3787 1073 3840; x_wconf 71' lang='grc' dir='ltr'>τὸν</span> <span class='ocrx_word' id='word_1_437' title='bbox 1136 3787 1307 3854; x_wconf 57' lang='grc' dir='ltr'>τάφον</span> <span class='ocrx_word' id='word_1_438' title='bbox 1350 3785 1525 3839; x_wconf 86' lang='grc' dir='ltr'>ἐλθεῖν</span> <span class='ocrx_word' id='word_1_439' title='bbox 1556 3802 1684 3840; x_wconf 88' lang='grc' dir='ltr'>συν-</span> 
     </span>
    </p>
   </div>
   <div class='ocr_carea' id='block_1_73' title="bbox 88 3886 799 3959">
    <p class='ocr_par' dir='ltr' id='par_1_73' title="bbox 88 3886 799 3959">
     <span class='ocr_line' id='line_1_73' title="bbox 88 3886 799 3959; baseline -0.007 -18"><span class='ocrx_word' id='word_1_440' title='bbox 88 3904 156 3955; x_wconf 79' lang='grc' dir='ltr'><strong>εγ</strong></span> <span class='ocrx_word' id='word_1_441' title='bbox 166 3886 382 3959; x_wconf 70' lang='grc' dir='ltr'>ράψατο</span> <span class='ocrx_word' id='word_1_442' title='bbox 402 3902 417 3951; x_wconf 89' lang='lat'><strong>;</strong></span> <span class='ocrx_word' id='word_1_443' title='bbox 793 3953 799 3958; x_wconf 87' lang='lat'>_</span> 
     </span>
    </p>
   </div>
   <div class='ocr_carea' id='block_1_74' title="bbox 783 3974 994 4040">
    <p class='ocr_par' dir='ltr' id='par_1_74' title="bbox 783 3974 994 4040">
     <span class='ocr_line' id='line_1_74' title="bbox 783 3974 994 4040; baseline -0.009 -12"><span class='ocrx_word' id='word_1_444' title='bbox 783 3974 994 4040; x_wconf 82' lang='grc' dir='ltr'>Λύσις.</span> 
     </span>
    </p>
   </div>
   <div class='ocr_carea' id='block_1_75' title="bbox 171 4062 1681 4138">
    <p class='ocr_par' dir='ltr' id='par_1_75' title="bbox 171 4062 1681 4138">
     <span class='ocr_line' id='line_1_75' title="bbox 171 4062 1681 4138; baseline -0.005 -16"><span class='ocrx_word' id='word_1_445' title='bbox 171 4069 375 4132; x_wconf 82' lang='grc' dir='ltr'>Καθὼς</span> <span class='ocrx_word' id='word_1_446' title='bbox 418 4068 511 4122; x_wconf 75' lang='grc' dir='ltr'>καὶ</span> <span class='ocrx_word' id='word_1_447' title='bbox 544 4065 800 4138; x_wconf 76' lang='grc' dir='ltr'>ἀνωτέρω</span> <span class='ocrx_word' id='word_1_448' title='bbox 835 4067 962 4136; x_wconf 77' lang='grc' dir='ltr'>περὶ</span> <span class='ocrx_word' id='word_1_449' title='bbox 1003 4062 1199 4117; x_wconf 83' lang='grc' dir='ltr'>τούτου</span> <span class='ocrx_word' id='word_1_450' title='bbox 1243 4063 1681 4133; x_wconf 82' lang='grc' dir='ltr'>ἀναγέγραπται,</span> 
     </span>
    </p>
   </div>
   <div class='ocr_carea' id='block_1_76' title="bbox 91 4152 1684 4231">
    <p class='ocr_par' dir='ltr' id='par_1_76' title="bbox 91 4152 1684 4231">
     <span class='ocr_line' id='line_1_76' title="bbox 91 4152 1684 4231; baseline -0.006 -17"><span class='ocrx_word' id='word_1_451' title='bbox 91 4161 378 4231; x_wconf 81' lang='grc' dir='ltr'>διαφόρων</span> <span class='ocrx_word' id='word_1_452' title='bbox 422 4160 732 4229; x_wconf 86' lang='grc' dir='ltr'>γενομένων</span> <span class='ocrx_word' id='word_1_453' title='bbox 767 4159 886 4219; x_wconf 87' lang='grc' dir='ltr'>ταῖς</span> <span class='ocrx_word' id='word_1_454' title='bbox 937 4155 1156 4224; x_wconf 78' lang='grc' dir='ltr'>γυναιξὶ</span> <span class='ocrx_word' id='word_1_455' title='bbox 1193 4153 1331 4222; x_wconf 79' lang='grc' dir='ltr'>πρὸς</span> <span class='ocrx_word' id='word_1_456' title='bbox 1384 4156 1443 4206; x_wconf 85' lang='grc' dir='ltr'><strong>τὸ</strong></span> <span class='ocrx_word' id='word_1_457' title='bbox 1494 4152 1684 4222; x_wconf 80' lang='grc' dir='ltr'>μνῆμα</span> 
     </span>
    </p>
   </div>
   <div class='ocr_carea' id='block_1_77' title="bbox 94 4243 1687 4321">
    <p class='ocr_par' dir='ltr' id='par_1_77' title="bbox 94 4243 1687 4321">
     <span class='ocr_line' id='line_1_77' title="bbox 94 4243 1687 4321; baseline -0.004 -18"><span class='ocrx_word' id='word_1_458' title='bbox 94 4251 362 4321; x_wconf 81' lang='grc' dir='ltr'>ἁφίξεων,</span> <span class='ocrx_word' id='word_1_459' title='bbox 394 4249 668 4318; x_wconf 79' lang='grc' dir='ltr'>διαφόρως</span> <span class='ocrx_word' id='word_1_460' title='bbox 697 4248 790 4301; x_wconf 69' lang='grc' dir='ltr'><strong>καὶ</strong></span> <span class='ocrx_word' id='word_1_461' title='bbox 819 4246 889 4299; x_wconf 83' lang='grc' dir='ltr'>τὰ</span> <span class='ocrx_word' id='word_1_462' title='bbox 916 4247 1002 4298; x_wconf 77' lang='grc' dir='ltr'>ἐπ’</span> <span class='ocrx_word' id='word_1_463' title='bbox 1035 4244 1186 4314; x_wconf 83' lang='grc' dir='ltr'>αὐτῷ</span> <span class='ocrx_word' id='word_1_464' title='bbox 1204 4244 1518 4315; x_wconf 86' lang='grc' dir='ltr'>πραχθέντα</span> <span class='ocrx_word' id='word_1_465' title='bbox 1547 4243 1687 4296; x_wconf 78' lang='grc' dir='ltr'>ἱστό-</span> 
     </span>
    </p>
   </div>
   <div class='ocr_carea' id='block_1_78' title="bbox 100 4330 1682 4411">
    <p class='ocr_par' dir='ltr' id='par_1_78' title="bbox 100 4330 1682 4411">
     <span class='ocr_line' id='line_1_78' title="bbox 100 4330 1682 4411; baseline -0.007 -18"><span class='ocrx_word' id='word_1_466' title='bbox 100 4357 322 4411; x_wconf 87' lang='grc' dir='ltr'>ρηνται.</span> <span class='ocrx_word' id='word_1_467' title='bbox 362 4339 490 4391; x_wconf 81' lang='grc' dir='ltr'>Ὅτε</span> <span class='ocrx_word' id='word_1_468' title='bbox 530 4333 622 4390; x_wconf 75' lang='grc' dir='ltr'><strong>οὖν</strong></span> <span class='ocrx_word' id='word_1_469' title='bbox 651 4337 842 4407; x_wconf 82' lang='grc' dir='ltr'>Πέτρῳ</span> <span class='ocrx_word' id='word_1_470' title='bbox 884 4336 979 4389; x_wconf 75' lang='grc' dir='ltr'><strong>καὶ</strong></span> <span class='ocrx_word' id='word_1_471' title='bbox 1019 4334 1244 4405; x_wconf 82' lang='grc' dir='ltr'>Ἰωάννῃ</span> <span class='ocrx_word' id='word_1_472' title='bbox 1290 4334 1324 4403; x_wconf 77' lang='grc' dir='ltr'>ἡ</span> <span class='ocrx_word' id='word_1_473' title='bbox 1350 4330 1682 4404; x_wconf 83' lang='grc' dir='ltr'>Μαγδαληνὴ</span> 
     </span>
    </p>
   </div>
   <div class='ocr_carea' id='block_1_79' title="bbox 1789 3154 3355 3224">
    <p class='ocr_par' dir='ltr' id='par_1_79' title="bbox 1789 3154 3355 3224">
     <span class='ocr_line' id='line_1_79' title="bbox 1789 3154 3355 3224; baseline 0 -14"><span class='ocrx_word' id='word_1_474' title='bbox 1789 3156 1928 3210; x_wconf 88' lang='lat' dir='ltr'><strong>nihil</strong></span> <span class='ocrx_word' id='word_1_475' title='bbox 1962 3154 2386 3221; x_wconf 88' lang='lat' dir='ltr'><strong>denuntiarunt;</strong></span> <span class='ocrx_word' id='word_1_476' title='bbox 2421 3154 2505 3209; x_wconf 89' lang='lat' dir='ltr'><strong>vel</strong></span> <span class='ocrx_word' id='word_1_477' title='bbox 2535 3154 2826 3210; x_wconf 75' lang='lat' dir='ltr'><strong>subaudire</strong></span> <span class='ocrx_word' id='word_1_478' title='bbox 2863 3163 3099 3224; x_wconf 87' lang='lat' dir='ltr'><strong>oportet,</strong></span> <span class='ocrx_word' id='word_1_479' title='bbox 3131 3166 3191 3210; x_wconf 92' lang='lat' dir='ltr'><strong>ut</strong></span> <span class='ocrx_word' id='word_1_480' title='bbox 3219 3155 3355 3211; x_wconf 86' lang='lat' dir='ltr'><strong>nihil</strong></span> 
     </span>
    </p>
   </div>
   <div class='ocr_carea' id='block_1_80' title="bbox 1788 3234 3357 3318">
    <p class='ocr_par' dir='ltr' id='par_1_80' title="bbox 1788 3234 3357 3318">
     <span class='ocr_line' id='line_1_80' title="bbox 1788 3234 3357 3318; baseline 0.001 -16"><span class='ocrx_word' id='word_1_481' title='bbox 1788 3234 2026 3315; x_wconf 81' lang='lat' dir='ltr'><strong>dixerint</strong></span> <span class='ocrx_word' id='word_1_482' title='bbox 2069 3263 2241 3318; x_wconf 88' lang='lat' dir='ltr'><strong>usque</strong></span> <span class='ocrx_word' id='word_1_483' title='bbox 2291 3247 2359 3301; x_wconf 90' lang='lat' dir='ltr'><strong>ad</strong></span> <span class='ocrx_word' id='word_1_484' title='bbox 2413 3246 2811 3317; x_wconf 87' lang='lat' dir='ltr'><strong>apparitionem</strong></span> <span class='ocrx_word' id='word_1_485' title='bbox 2870 3246 3086 3302; x_wconf 87' lang='lat' dir='ltr'><strong>Domini</strong></span> <span class='ocrx_word' id='word_1_486' title='bbox 3146 3248 3214 3303; x_wconf 87' lang='lat' dir='ltr'><strong>ad</strong></span> <span class='ocrx_word' id='word_1_487' title='bbox 3261 3262 3357 3303; x_wconf 72' lang='lat' dir='ltr'><strong>eas</strong></span> 
     </span>
    </p>
   </div>
   <div class='ocr_carea' id='block_1_81' title="bbox 1790 3338 2007 3393">
    <p class='ocr_par' dir='ltr' id='par_1_81' title="bbox 1790 3338 2007 3393">
     <span class='ocr_line' id='line_1_81' title="bbox 1790 3338 2007 3393; baseline -0.009 0"><span class='ocrx_word' id='word_1_488' title='bbox 1790 3338 2007 3393; x_wconf 77' lang='lat' dir='ltr'><strong>factam.</strong></span> 
     </span>
    </p>
   </div>
   <div class='ocr_carea' id='block_1_82' title="bbox 2353 3511 2779 3583">
    <p class='ocr_par' dir='ltr' id='par_1_82' title="bbox 2353 3511 2779 3583">
     <span class='ocr_line' id='line_1_82' title="bbox 2353 3511 2779 3583; baseline 0.005 -17"><span class='ocrx_word' id='word_1_489' title='bbox 2353 3511 2646 3583; x_wconf 77' lang='lat' dir='ltr'><strong>Difﬁcultas</strong></span> <span class='ocrx_word' id='word_1_490' title='bbox 2692 3530 2779 3568; x_wconf 80' lang='lat' dir='ltr'><strong>Lv.</strong></span> 
     </span>
    </p>
   </div>
   <div class='ocr_carea' id='block_1_83' title="bbox 1860 3605 3356 3675">
    <p class='ocr_par' dir='ltr' id='par_1_83' title="bbox 1860 3605 3356 3675">
     <span class='ocr_line' id='line_1_83' title="bbox 1860 3605 3356 3675; baseline 0 -14"><span class='ocrx_word' id='word_1_491' title='bbox 1860 3607 2132 3675; x_wconf 87' lang='lat' dir='ltr'><strong>Quorsum</strong></span> <span class='ocrx_word' id='word_1_492' title='bbox 2163 3607 2373 3661; x_wconf 84' lang='lat' dir='ltr'><strong>Joanne</strong></span> <span class='ocrx_word' id='word_1_493' title='bbox 2411 3605 2696 3670; x_wconf 81' lang='lat' dir='ltr'><strong>referente,</strong></span> <span class='ocrx_word' id='word_1_494' title='bbox 2723 3605 2944 3660; x_wconf 88' lang='lat' dir='ltr'><strong>Petrum</strong></span> <span class='ocrx_word' id='word_1_495' title='bbox 2988 3614 3045 3660; x_wconf 91' lang='lat' dir='ltr'><strong>et</strong></span> <span class='ocrx_word' id='word_1_496' title='bbox 3094 3606 3356 3661; x_wconf 90' lang='lat' dir='ltr'><strong>Joannem</strong></span> 
     </span>
    </p>
   </div>
   <div class='ocr_carea' id='block_1_84' title="bbox 1791 3695 3361 3760">
    <p class='ocr_par' dir='ltr' id='par_1_84' title="bbox 1791 3695 3361 3760">
     <span class='ocr_line' id='line_1_84' title="bbox 1791 3695 3361 3760; baseline -0.001 -5"><span class='ocrx_word' id='word_1_497' title='bbox 1791 3699 1857 3755; x_wconf 90' lang='lat' dir='ltr'><strong>ad</strong></span> <span class='ocrx_word' id='word_1_498' title='bbox 1917 3697 2256 3753; x_wconf 85' lang='lat' dir='ltr'><strong>Dorninicum</strong></span> <span class='ocrx_word' id='word_1_499' title='bbox 2303 3705 2719 3751; x_wconf 90' lang='lat' dir='ltr'><strong>monumentum</strong></span> <span class='ocrx_word' id='word_1_500' title='bbox 2754 3696 3061 3751; x_wconf 88' lang='lat' dir='ltr'><strong>cucurrisse</strong></span> <span class='ocrx_word' id='word_1_501' title='bbox 3085 3697 3150 3760; x_wconf 82' lang='grc'><strong>⁸⁷,</strong></span> <span class='ocrx_word' id='word_1_502' title='bbox 3184 3695 3361 3753; x_wconf 71' lang='lat' dir='ltr'><strong>Lucas</strong></span> 
     </span>
    </p>
   </div>
   <div class='ocr_carea' id='block_1_85' title="bbox 1793 3789 3290 3861">
    <p class='ocr_par' dir='ltr' id='par_1_85' title="bbox 1793 3789 3290 3861">
     <span class='ocr_line' id='line_1_85' title="bbox 1793 3789 3290 3861; baseline -0.004 -12"><span class='ocrx_word' id='word_1_503' title='bbox 1793 3793 1968 3849; x_wconf 89' lang='lat' dir='ltr'><strong>solum</strong></span> <span class='ocrx_word' id='word_1_504' title='bbox 1994 3791 2212 3846; x_wconf 85' lang='lat' dir='ltr'><strong>Petrum</strong></span> <span class='ocrx_word' id='word_1_505' title='bbox 2250 3790 2472 3861; x_wconf 84' lang='lat' dir='ltr'><strong>scripsit</strong></span> <span class='ocrx_word' id='word_1_506' title='bbox 2501 3789 2717 3845; x_wconf 88' lang='lat' dir='ltr'><strong>venisse</strong></span> <span class='ocrx_word' id='word_1_507' title='bbox 2740 3789 2806 3844; x_wconf 88' lang='lat' dir='ltr'><strong>ad</strong></span> <span class='ocrx_word' id='word_1_508' title='bbox 2841 3790 3154 3860; x_wconf 82' lang='lat' dir='ltr'><strong>sepulcrum</strong></span> <span class='ocrx_word' id='word_1_509' title='bbox 3186 3789 3233 3822; x_wconf 78' lang='lat'><strong>“</strong></span> <span class='ocrx_word' id='word_1_510' title='bbox 3266 3790 3290 3843; x_wconf 80' lang='lat'><strong>?</strong></span> 
     </span>
    </p>
   </div>
   <div class='ocr_carea' id='block_1_86' title="bbox 2457 3968 2683 4024">
    <p class='ocr_par' dir='ltr' id='par_1_86' title="bbox 2457 3968 2683 4024">
     <span class='ocr_line' id='line_1_86' title="bbox 2457 3968 2683 4024; baseline -0.009 0"><span class='ocrx_word' id='word_1_511' title='bbox 2457 3968 2683 4024; x_wconf 83' lang='lat' dir='ltr'><strong>Salutio.</strong></span> 
     </span>
    </p>
   </div>
   <div class='ocr_carea' id='block_1_87' title="bbox 1862 4060 3360 4133">
    <p class='ocr_par' dir='ltr' id='par_1_87' title="bbox 1862 4060 3360 4133">
     <span class='ocr_line' id='line_1_87' title="bbox 1862 4060 3360 4133; baseline -0.004 -12"><span class='ocrx_word' id='word_1_512' title='bbox 1862 4066 2015 4121; x_wconf 83' lang='lat' dir='ltr'><strong>Sicut</strong></span> <span class='ocrx_word' id='word_1_513' title='bbox 2044 4063 2296 4133; x_wconf 87' lang='lat' dir='ltr'><strong>superius</strong></span> <span class='ocrx_word' id='word_1_514' title='bbox 2319 4076 2382 4115; x_wconf 90' lang='lat' dir='ltr'><strong>ea</strong></span> <span class='ocrx_word' id='word_1_515' title='bbox 2413 4061 2481 4116; x_wconf 90' lang='lat' dir='ltr'><strong>de</strong></span> <span class='ocrx_word' id='word_1_516' title='bbox 2506 4075 2565 4115; x_wconf 91' lang='lat' dir='ltr'><strong>re</strong></span> <span class='ocrx_word' id='word_1_517' title='bbox 2581 4060 2838 4130; x_wconf 90' lang='lat' dir='ltr'><strong>scriptum</strong></span> <span class='ocrx_word' id='word_1_518' title='bbox 2861 4069 2964 4126; x_wconf 87' lang='lat' dir='ltr'><strong>est,</strong></span> <span class='ocrx_word' id='word_1_519' title='bbox 2982 4075 3105 4114; x_wconf 90' lang='lat' dir='ltr'><strong>cum</strong></span> <span class='ocrx_word' id='word_1_520' title='bbox 3134 4060 3360 4116; x_wconf 69' lang='lat' dir='ltr'><strong>diversa:</strong></span> 
     </span>
    </p>
   </div>
   <div class='ocr_carea' id='block_1_88' title="bbox 1793 4151 3358 4221">
    <p class='ocr_par' dir='ltr' id='par_1_88' title="bbox 1793 4151 3358 4221">
     <span class='ocr_line' id='line_1_88' title="bbox 1793 4151 3358 4221; baseline -0.005 -8"><span class='ocrx_word' id='word_1_521' title='bbox 1793 4158 1996 4214; x_wconf 80' lang='lat' dir='ltr'><strong>fuerint</strong></span> <span class='ocrx_word' id='word_1_522' title='bbox 2027 4154 2313 4209; x_wconf 86' lang='lat' dir='ltr'><strong>mulierum</strong></span> <span class='ocrx_word' id='word_1_523' title='bbox 2357 4152 2425 4207; x_wconf 89' lang='lat' dir='ltr'><strong>ad</strong></span> <span class='ocrx_word' id='word_1_524' title='bbox 2457 4159 2872 4206; x_wconf 88' lang='lat' dir='ltr'><strong>monumentum</strong></span> <span class='ocrx_word' id='word_1_525' title='bbox 2902 4151 3268 4221; x_wconf 80' lang='lat' dir='ltr'><strong>profectiones</strong></span> <span class='ocrx_word' id='word_1_526' title='bbox 3292 4151 3358 4215; x_wconf 83' lang='lat'><strong>&quot;,</strong></span> 
     </span>
    </p>
   </div>
   <div class='ocr_carea' id='block_1_89' title="bbox 1793 4241 3363 4314">
    <p class='ocr_par' dir='ltr' id='par_1_89' title="bbox 1793 4241 3363 4314">
     <span class='ocr_line' id='line_1_89' title="bbox 1793 4241 3363 4314; baseline -0.006 -12"><span class='ocrx_word' id='word_1_527' title='bbox 1793 4248 2011 4303; x_wconf 79' lang='lat' dir='ltr'><strong>diverso</strong></span> <span class='ocrx_word' id='word_1_528' title='bbox 2039 4258 2255 4314; x_wconf 90' lang='lat' dir='ltr'><strong>quoque</strong></span> <span class='ocrx_word' id='word_1_529' title='bbox 2298 4242 2458 4297; x_wconf 90' lang='lat' dir='ltr'><strong>modo</strong></span> <span class='ocrx_word' id='word_1_530' title='bbox 2488 4257 2610 4311; x_wconf 74' lang='lat' dir='ltr'><strong>quae</strong></span> <span class='ocrx_word' id='word_1_531' title='bbox 2634 4241 2746 4295; x_wconf 92' lang='lat' dir='ltr'><strong>illic</strong></span> <span class='ocrx_word' id='word_1_532' title='bbox 2766 4249 2915 4311; x_wconf 79' lang='lat' dir='ltr'><strong>gesta</strong></span> <span class='ocrx_word' id='word_1_533' title='bbox 2947 4252 3363 4303; x_wconf 80' lang='lat' dir='ltr'><strong>suntenarran-</strong></span> 
     </span>
    </p>
   </div>
   <div class='ocr_carea' id='block_1_90' title="bbox 1796 4329 3361 4405">
    <p class='ocr_par' dir='ltr' id='par_1_90' title="bbox 1796 4329 3361 4405">
     <span class='ocr_line' id='line_1_90' title="bbox 1796 4329 3361 4405; baseline -0.006 -12"><span class='ocrx_word' id='word_1_534' title='bbox 1796 4347 1903 4393; x_wconf 91' lang='lat' dir='ltr'><strong>tur.</strong></span> <span class='ocrx_word' id='word_1_535' title='bbox 1931 4334 2157 4402; x_wconf 87' lang='lat' dir='ltr'><strong>Quando</strong></span> <span class='ocrx_word' id='word_1_536' title='bbox 2189 4334 2351 4405; x_wconf 77' lang='lat' dir='ltr'><strong>igitur</strong></span> <span class='ocrx_word' id='word_1_537' title='bbox 2381 4333 2539 4388; x_wconf 83' lang='lat' dir='ltr'><strong>Petro</strong></span> <span class='ocrx_word' id='word_1_538' title='bbox 2553 4342 2608 4388; x_wconf 90' lang='lat' dir='ltr'><strong>et</strong></span> <span class='ocrx_word' id='word_1_539' title='bbox 2634 4331 2835 4387; x_wconf 91' lang='lat' dir='ltr'><strong>Joanni</strong></span> <span class='ocrx_word' id='word_1_540' title='bbox 2863 4330 3175 4402; x_wconf 77' lang='lat' dir='ltr'><strong>Magdalena</strong></span> <span class='ocrx_word' id='word_1_541' title='bbox 3198 4329 3361 4384; x_wconf 76' lang='lat' dir='ltr'><strong>Maria</strong></span> 
     </span>
    </p>
   </div>
   <div class='ocr_carea' id='block_1_91' title="bbox 97 4420 1663 4503">
    <p class='ocr_par' dir='ltr' id='par_1_91' title="bbox 97 4423 1663 4503">
     <span class='ocr_line' id='line_1_91' title="bbox 97 4423 1663 4503; baseline -0.008 -16"><span class='ocrx_word' id='word_1_542' title='bbox 97 4432 294 4503; x_wconf 86' lang='grc' dir='ltr'>Μαρία</span> <span class='ocrx_word' id='word_1_543' title='bbox 322 4430 656 4502; x_wconf 81' lang='grc' dir='ltr'>ἀπήγγειλεν</span> <span class='ocrx_word' id='word_1_544' title='bbox 679 4429 917 4501; x_wconf 85' lang='grc' dir='ltr'>ἀρθῆναι.</span> <span class='ocrx_word' id='word_1_545' title='bbox 946 4427 1011 4480; x_wconf 80' lang='grc' dir='ltr'>ἐκ</span> <span class='ocrx_word' id='word_1_546' title='bbox 1032 4426 1124 4480; x_wconf 79' lang='grc' dir='ltr'>τοῦ</span> <span class='ocrx_word' id='word_1_547' title='bbox 1151 4427 1325 4494; x_wconf 81' lang='grc' dir='ltr'>τάφου</span> <span class='ocrx_word' id='word_1_548' title='bbox 1350 4423 1445 4477; x_wconf 80' lang='grc' dir='ltr'>τοῦ</span> <span class='ocrx_word' id='word_1_549' title='bbox 1475 4424 1663 4494; x_wconf 76' lang='grc' dir='ltr'>Κυρίοι</span> 
     </span>
    </p>
   </div>
   <div class='ocr_carea' id='block_1_92' title="bbox 1839 4420 3359 4503">
    <p class='ocr_par' dir='ltr' id='par_1_92' title="bbox 1839 4420 3359 4493">
     <span class='ocr_line' id='line_1_92' title="bbox 1839 4420 3359 4493; baseline -0.006 -10"><span class='ocrx_word' id='word_1_550' title='bbox 1839 4427 2142 4493; x_wconf 76' lang='lat' dir='ltr'><strong>:nuntiavit,</strong></span> <span class='ocrx_word' id='word_1_551' title='bbox 2163 4426 2436 4481; x_wconf 86' lang='lat' dir='ltr'><strong>sublatum</strong></span> <span class='ocrx_word' id='word_1_552' title='bbox 2462 4425 2631 4481; x_wconf 79' lang='lat' dir='ltr'><strong>fuisse</strong></span> <span class='ocrx_word' id='word_1_553' title='bbox 2659 4439 2691 4480; x_wconf 88' lang='lat' dir='ltr'><strong>e</strong></span> <span class='ocrx_word' id='word_1_554' title='bbox 2715 4422 2968 4492; x_wconf 90' lang='lat' dir='ltr'><strong>sepulcro</strong></span> <span class='ocrx_word' id='word_1_555' title='bbox 2994 4420 3207 4477; x_wconf 89' lang='lat' dir='ltr'><strong>Domini</strong></span> <span class='ocrx_word' id='word_1_556' title='bbox 3234 4436 3359 4475; x_wconf 89' lang='lat' dir='ltr'><strong>cor-</strong></span> 
     </span>
    </p>
   </div>
   <div class='ocr_carea' id='block_1_93' title="bbox 96 4513 1663 4596">
    <p class='ocr_par' dir='ltr' id='par_1_93' title="bbox 96 4515 1663 4595">
     <span class='ocr_line' id='line_1_93' title="bbox 96 4515 1663 4595; baseline -0.007 -18"><span class='ocrx_word' id='word_1_557' title='bbox 96 4526 161 4578; x_wconf 75' lang='grc' dir='ltr'>τὺ</span> <span class='ocrx_word' id='word_1_558' title='bbox 196 4525 358 4593; x_wconf 85' lang='grc' dir='ltr'>σῶμα</span> <span class='ocrx_word' id='word_1_559' title='bbox 384 4526 518 4595; x_wconf 79' lang='lat'><strong>(3|),</strong></span> <span class='ocrx_word' id='word_1_560' title='bbox 558 4522 862 4593; x_wconf 76' lang='grc' dir='ltr'>ἀμφότεροι</span> <span class='ocrx_word' id='word_1_561' title='bbox 894 4522 1074 4574; x_wconf 84' lang='grc' dir='ltr'>ἐκεῖσε</span> <span class='ocrx_word' id='word_1_562' title='bbox 1108 4517 1501 4590; x_wconf 83' lang='grc' dir='ltr'>παρεγένοντο.</span> <span class='ocrx_word' id='word_1_563' title='bbox 1525 4515 1663 4570; x_wconf 85' lang='grc' dir='ltr'><strong>Μετὸ</strong></span> 
     </span>
    </p>
   </div>
   <div class='ocr_carea' id='block_1_94' title="bbox 1839 4513 3352 4596">
    <p class='ocr_par' dir='ltr' id='par_1_94' title="bbox 1839 4513 3352 4586">
     <span class='ocr_line' id='line_1_94' title="bbox 1839 4513 3352 4586; baseline -0.006 -13"><span class='ocrx_word' id='word_1_564' title='bbox 1839 4535 1906 4580; x_wconf 81' lang='grc' dir='ltr'>ιε.</span> <span class='ocrx_word' id='word_1_565' title='bbox 1959 4517 2118 4572; x_wconf 87' lang='lat' dir='ltr'><strong>ambo</strong></span> <span class='ocrx_word' id='word_1_566' title='bbox 2165 4516 2294 4571; x_wconf 92' lang='lat' dir='ltr'><strong>illuc</strong></span> <span class='ocrx_word' id='word_1_567' title='bbox 2340 4521 2717 4586; x_wconf 81' lang='lat' dir='ltr'><strong>perrexerunt.</strong></span> <span class='ocrx_word' id='word_1_568' title='bbox 2767 4513 2964 4569; x_wconf 88' lang='lat' dir='ltr'><strong>Postea</strong></span> <span class='ocrx_word' id='word_1_569' title='bbox 3016 4528 3169 4577; x_wconf 89' lang='lat' dir='ltr'><strong>vero,</strong></span> <span class='ocrx_word' id='word_1_570' title='bbox 3224 4527 3352 4566; x_wconf 89' lang='lat' dir='ltr'><strong>cum</strong></span> 
     </span>
    </p>
   </div>
   <div class='ocr_carea' id='block_1_95' title="bbox 97 4606 1680 4682">
    <p class='ocr_par' dir='ltr' id='par_1_95' title="bbox 97 4606 1680 4682">
     <span class='ocr_line' id='line_1_95' title="bbox 97 4606 1680 4682; baseline -0.005 -16"><span class='ocrx_word' id='word_1_571' title='bbox 97 4614 157 4666; x_wconf 82' lang='grc' dir='ltr'>δὲ</span> <span class='ocrx_word' id='word_1_572' title='bbox 187 4613 349 4666; x_wconf 81' lang='grc' dir='ltr'>τοῦτο</span> <span class='ocrx_word' id='word_1_573' title='bbox 375 4614 483 4665; x_wconf 85' lang='grc' dir='ltr'>τῶν</span> <span class='ocrx_word' id='word_1_574' title='bbox 506 4611 584 4681; x_wconf 84' lang='grc' dir='ltr'>τῷ</span> <span class='ocrx_word' id='word_1_575' title='bbox 619 4613 805 4682; x_wconf 80' lang='grc' dir='ltr'>Λουκᾷ</span> <span class='ocrx_word' id='word_1_576' title='bbox 840 4608 1234 4681; x_wconf 85' lang='grc' dir='ltr'>ἱστορηθεισῶν</span> <span class='ocrx_word' id='word_1_577' title='bbox 1264 4606 1541 4675; x_wconf 84' lang='grc' dir='ltr'>γυναικῶν</span> <span class='ocrx_word' id='word_1_578' title='bbox 1571 4608 1680 4668; x_wconf 85' lang='grc' dir='ltr'>τοῖς</span> 
     </span>
    </p>
   </div>
   <div class='ocr_carea' id='block_1_96' title="bbox 177 4726 1259 4793">
    <p class='ocr_par' dir='ltr' id='par_1_96' title="bbox 177 4726 1259 4793">
     <span class='ocr_line' id='line_1_96' title="bbox 177 4726 1259 4793; baseline -0.001 -13"><span class='ocrx_word' id='word_1_579' title='bbox 177 4730 220 4760; x_wconf 76' lang='grc'>⁸⁸</span> <span class='ocrx_word' id='word_1_580' title='bbox 259 4727 392 4783; x_wconf 80' lang='lat' dir='ltr'><strong>Luc.</strong></span> <span class='ocrx_word' id='word_1_581' title='bbox 427 4745 583 4793; x_wconf 73' lang='lat' dir='ltr'><strong>xxiv,</strong></span> <span class='ocrx_word' id='word_1_582' title='bbox 610 4728 698 4782; x_wconf 72' lang='grc'><strong>24.</strong></span> <span class='ocrx_word' id='word_1_583' title='bbox 776 4728 821 4759; x_wconf 72' lang='grc'><strong>⁸³</strong></span> <span class='ocrx_word' id='word_1_584' title='bbox 856 4726 1016 4781; x_wconf 86' lang='lat' dir='ltr'><strong>Joan.</strong></span> <span class='ocrx_word' id='word_1_585' title='bbox 1047 4742 1138 4791; x_wconf 77' lang='lat' dir='ltr'><strong>xx,</strong></span> <span class='ocrx_word' id='word_1_586' title='bbox 1171 4726 1259 4780; x_wconf 79' lang='grc'><strong>17.</strong></span> 
     </span>
    </p>
   </div>
   <div class='ocr_carea' id='block_1_97' title="bbox 87 4794 1494 4864">
    <p class='ocr_par' dir='ltr' id='par_1_97' title="bbox 87 4794 1494 4864">
     <span class='ocr_line' id='line_1_97' title="bbox 87 4794 1494 4864; baseline -0.006 -9"><span class='ocrx_word' id='word_1_587' title='bbox 87 4813 217 4864; x_wconf 74' lang='lat' dir='ltr'><strong>‘xvt,</strong></span> <span class='ocrx_word' id='word_1_588' title='bbox 251 4800 304 4854; x_wconf 93' lang='lat'><strong>8.</strong></span> <span class='ocrx_word' id='word_1_589' title='bbox 382 4799 427 4830; x_wconf 80' lang='lat'><strong>“</strong></span> <span class='ocrx_word' id='word_1_590' title='bbox 456 4798 644 4852; x_wconf 86' lang='lat' dir='ltr'><strong>Matth.</strong></span> <span class='ocrx_word' id='word_1_591' title='bbox 678 4814 868 4862; x_wconf 82' lang='lat' dir='ltr'><strong>xxvm,</strong></span> <span class='ocrx_word' id='word_1_592' title='bbox 906 4799 990 4851; x_wconf 78' lang='grc' dir='ltr'><strong>Η.</strong></span> <span class='ocrx_word' id='word_1_593' title='bbox 1066 4797 1109 4829; x_wconf 73' lang='grc'><strong>⁸⁷</strong></span> <span class='ocrx_word' id='word_1_594' title='bbox 1141 4794 1300 4851; x_wconf 89' lang='lat' dir='ltr'><strong>Joan.</strong></span> <span class='ocrx_word' id='word_1_595' title='bbox 1324 4810 1415 4861; x_wconf 80' lang='lat' dir='ltr'><strong>xx,</strong></span> <span class='ocrx_word' id='word_1_596' title='bbox 1442 4794 1494 4847; x_wconf 85' lang='lat'><strong>5.</strong></span> 
     </span>
    </p>
   </div>
   <div class='ocr_carea' id='block_1_98' title="bbox 191 4910 837 4982">
    <p class='ocr_par' dir='ltr' id='par_1_98' title="bbox 191 4910 837 4982">
     <span class='ocr_line' id='line_1_98' title="bbox 191 4910 837 4982; baseline -0.006 -15"><span class='ocrx_word' id='word_1_597' title='bbox 191 4923 212 4953; x_wconf 70' lang='grc' dir='ltr'><strong><em>π</em></strong></span> <span class='ocrx_word' id='word_1_598' title='bbox 247 4913 312 4967; x_wconf 86' lang='lat' dir='ltr'><strong>F.</strong></span> <span class='ocrx_word' id='word_1_599' title='bbox 338 4914 439 4967; x_wconf 69' lang='grc' dir='ltr'>οὐκ</span> <span class='ocrx_word' id='word_1_600' title='bbox 469 4910 837 4982; x_wconf 80' lang='grc' dir='ltr'>ἀπήγγειλαν.</span> 
     </span>
    </p>
   </div>
   <div class='ocr_carea' id='block_1_99' title="bbox 1377 4722 1957 4784">
    <p class='ocr_par' dir='ltr' id='par_1_99' title="bbox 1377 4722 1957 4784">
     <span class='ocr_line' id='line_1_99' title="bbox 1377 4722 1957 4784; baseline 0 -9"><span class='ocrx_word' id='word_1_601' title='bbox 1377 4724 1423 4756; x_wconf 74' lang='grc'><strong>⁸³</strong></span> <span class='ocrx_word' id='word_1_602' title='bbox 1450 4722 1639 4777; x_wconf 85' lang='lat' dir='ltr'><strong>Matth.</strong></span> <span class='ocrx_word' id='word_1_603' title='bbox 1674 4738 1872 4784; x_wconf 79' lang='lat' dir='ltr'><strong>xxvm.</strong></span> <span class='ocrx_word' id='word_1_604' title='bbox 1903 4722 1957 4777; x_wconf 91' lang='lat'><strong>9.</strong></span> 
     </span>
    </p>
   </div>
   <div class='ocr_carea' id='block_1_100' title="bbox 1788 4602 3362 4678">
    <p class='ocr_par' dir='ltr' id='par_1_100' title="bbox 1788 4602 3362 4678">
     <span class='ocr_line' id='line_1_100' title="bbox 1788 4602 3362 4678; baseline -0.006 -14"><span class='ocrx_word' id='word_1_605' title='bbox 1788 4610 2044 4664; x_wconf 87' lang='lat' dir='ltr'><strong>mulieres</strong></span> <span class='ocrx_word' id='word_1_606' title='bbox 2093 4623 2194 4678; x_wconf 87' lang='lat' dir='ltr'><strong>per</strong></span> <span class='ocrx_word' id='word_1_607' title='bbox 2240 4607 2440 4662; x_wconf 88' lang='lat' dir='ltr'><strong>Lucam</strong></span> <span class='ocrx_word' id='word_1_608' title='bbox 2499 4613 2839 4671; x_wconf 70' lang='lat' dir='ltr'><strong>memoratae,</strong></span> <span class='ocrx_word' id='word_1_609' title='bbox 2888 4604 3170 4673; x_wconf 90' lang='lat' dir='ltr'><strong>discipulis</strong></span> <span class='ocrx_word' id='word_1_610' title='bbox 3215 4602 3362 4671; x_wconf 88' lang='lat' dir='ltr'><strong>quod</strong></span> 
     </span>
    </p>
   </div>
   <div class='ocr_carea' id='block_1_101' title="bbox 2058 4717 3368 4787">
    <p class='ocr_par' dir='ltr' id='par_1_101' title="bbox 2058 4717 3368 4787">
     <span class='ocr_line' id='line_1_101' title="bbox 2058 4717 3368 4787; baseline -0.001 -11"><span class='ocrx_word' id='word_1_611' title='bbox 2058 4722 2105 4754; x_wconf 78' lang='lat'><strong>“</strong></span> <span class='ocrx_word' id='word_1_612' title='bbox 2132 4722 2268 4776; x_wconf 89' lang='lat' dir='ltr'><strong>Luc.</strong></span> <span class='ocrx_word' id='word_1_613' title='bbox 2303 4739 2458 4787; x_wconf 74' lang='lat' dir='ltr'><strong>xxiv,</strong></span> <span class='ocrx_word' id='word_1_614' title='bbox 2493 4721 2527 4774; x_wconf 86' lang='lat'><strong>9</strong></span> <span class='ocrx_word' id='word_1_615' title='bbox 2549 4739 2565 4786; x_wconf 91' lang='lat'><strong>;</strong></span> <span class='ocrx_word' id='word_1_616' title='bbox 2588 4721 2745 4776; x_wconf 86' lang='lat' dir='ltr'><strong>Joan.</strong></span> <span class='ocrx_word' id='word_1_617' title='bbox 2800 4737 2869 4775; x_wconf 79' lang='lat' dir='ltr'><strong>xx</strong></span> <span class='ocrx_word' id='word_1_618' title='bbox 2892 4761 2906 4785; x_wconf 91' lang='lat'><strong>,</strong></span> <span class='ocrx_word' id='word_1_619' title='bbox 2943 4719 3028 4773; x_wconf 78' lang='grc'><strong>18.</strong></span> <span class='ocrx_word' id='word_1_620' title='bbox 3127 4718 3172 4749; x_wconf 79' lang='grc'>⁸⁸</span> <span class='ocrx_word' id='word_1_621' title='bbox 3198 4717 3368 4775; x_wconf 85' lang='lat' dir='ltr'><strong>Marc.</strong></span> 
     </span>
    </p>
   </div>
   <div class='ocr_carea' id='block_1_102' title="bbox 1572 4790 2568 4855">
    <p class='ocr_par' dir='ltr' id='par_1_102' title="bbox 1572 4790 2568 4855">
     <span class='ocr_line' id='line_1_102' title="bbox 1572 4790 2568 4855; baseline -0.001 -11"><span class='ocrx_word' id='word_1_622' title='bbox 1572 4792 1615 4823; x_wconf 76' lang='grc'><strong>⁵⁸</strong></span> <span class='ocrx_word' id='word_1_623' title='bbox 1638 4790 1769 4845; x_wconf 84' lang='lat' dir='ltr'><strong>Luc.</strong></span> <span class='ocrx_word' id='word_1_624' title='bbox 1798 4808 1944 4855; x_wconf 74' lang='lat' dir='ltr'><strong>xxiv,</strong></span> <span class='ocrx_word' id='word_1_625' title='bbox 1973 4792 2059 4845; x_wconf 70' lang='lat'><strong>12.</strong></span> <span class='ocrx_word' id='word_1_626' title='bbox 2137 4792 2359 4846; x_wconf 64' lang='lat' dir='ltr'><strong>&quot;Joan.</strong></span> <span class='ocrx_word' id='word_1_627' title='bbox 2393 4807 2480 4854; x_wconf 77' lang='lat' dir='ltr'><strong>xx,</strong></span> <span class='ocrx_word' id='word_1_628' title='bbox 2520 4791 2568 4843; x_wconf 79' lang='grc' dir='ltr'><strong>Ι.</strong></span> 
     </span>
    </p>
   </div>
   <div class='ocr_carea' id='block_1_103' title="bbox 1607 4970 1841 5028">
    <p class='ocr_par' dir='ltr' id='par_1_103' title="bbox 1607 4970 1841 5028">
     <span class='ocr_line' id='line_1_103' title="bbox 1607 4970 1841 5028; baseline -0.004 -2"><span class='ocrx_word' id='word_1_629' title='bbox 1607 4970 1841 5028; x_wconf 67' lang='grc' dir='ltr'><strong>ΝΟΤιΕ.</strong></span> 
     </span>
    </p>
   </div>
   <div class='ocr_carea' id='block_1_104' title="bbox 183 5067 1685 5146">
    <p class='ocr_par' dir='ltr' id='par_1_104' title="bbox 183 5067 1685 5146">
     <span class='ocr_line' id='line_1_104' title="bbox 183 5067 1685 5146; baseline -0.005 -17"><span class='ocrx_word' id='word_1_630' title='bbox 183 5075 294 5146; x_wconf 75' lang='lat'><strong>(50)</strong></span> <span class='ocrx_word' id='word_1_631' title='bbox 354 5075 815 5146; x_wconf 73' lang='grc' dir='ltr'>Ἀνατείλαντος.</span> <span class='ocrx_word' id='word_1_632' title='bbox 880 5072 935 5127; x_wconf 91' lang='lat' dir='ltr'><strong>Si</strong></span> <span class='ocrx_word' id='word_1_633' title='bbox 997 5071 1245 5146; x_wconf 68' lang='lat' dir='ltr'><strong>homines</strong></span> <span class='ocrx_word' id='word_1_634' title='bbox 1308 5068 1465 5146; x_wconf 84' lang='lat' dir='ltr'><strong>doc_ti_</strong></span> <span class='ocrx_word' id='word_1_635' title='bbox 1501 5067 1685 5146; x_wconf 63' lang='lat' dir='ltr'><strong>Graeca</strong></span> 
     </span>
    </p>
   </div>
   <div class='ocr_carea' id='block_1_105' title="bbox 111 5138 1685 5210">
    <p class='ocr_par' dir='ltr' id='par_1_105' title="bbox 111 5138 1685 5210">
     <span class='ocr_line' id='line_1_105' title="bbox 111 5138 1685 5210; baseline -0.004 -12"><span class='ocrx_word' id='word_1_636' title='bbox 111 5138 534 5206; x_wconf 38' lang='lat' dir='ltr'><strong>col‘rsu&#39;luissent,</strong></span> <span class='ocrx_word' id='word_1_637' title='bbox 574 5146 719 5199; x_wconf 90' lang='lat' dir='ltr'><strong>circa</strong></span> <span class='ocrx_word' id='word_1_638' title='bbox 760 5145 939 5198; x_wconf 86' lang='lat' dir='ltr'><strong>locum</strong></span> <span class='ocrx_word' id='word_1_639' title='bbox 972 5141 1150 5210; x_wconf 59' lang='grc' dir='ltr'><strong>(ἐγήΗί</strong></span> <span class='ocrx_word' id='word_1_640' title='bbox 1176 5139 1527 5210; x_wconf 75' lang='lat' dir='ltr'><strong>Alexandrini</strong></span> <span class='ocrx_word' id='word_1_641' title='bbox 1566 5138 1685 5206; x_wconf 86' lang='lat' dir='ltr'><strong>epi-</strong></span> 
     </span>
    </p>
   </div>
   <div class='ocr_carea' id='block_1_106' title="bbox 114 5206 1687 5281">
    <p class='ocr_par' dir='ltr' id='par_1_106' title="bbox 114 5206 1687 5281">
     <span class='ocr_line' id='line_1_106' title="bbox 114 5206 1687 5281; baseline -0.003 -16"><span class='ocrx_word' id='word_1_642' title='bbox 114 5215 250 5266; x_wconf 87' lang='lat' dir='ltr'><strong>stola</strong></span> <span class='ocrx_word' id='word_1_643' title='bbox 278 5215 344 5267; x_wconf 88' lang='lat' dir='ltr'><strong>ad</strong></span> <span class='ocrx_word' id='word_1_644' title='bbox 385 5216 638 5268; x_wconf 85' lang='lat' dir='ltr'><strong>Acacium</strong></span> <span class='ocrx_word' id='word_1_645' title='bbox 681 5213 865 5281; x_wconf 87' lang='lat' dir='ltr'><strong>(etiam</strong></span> <span class='ocrx_word' id='word_1_646' title='bbox 907 5213 964 5266; x_wconf 90' lang='lat' dir='ltr'><strong>in</strong></span> <span class='ocrx_word' id='word_1_647' title='bbox 997 5206 1269 5274; x_wconf 78' lang='lat' dir='ltr'><strong>Liberato,</strong></span> <span class='ocrx_word' id='word_1_648' title='bbox 1302 5223 1422 5277; x_wconf 91' lang='lat' dir='ltr'><strong>cap.</strong></span> <span class='ocrx_word' id='word_1_649' title='bbox 1454 5206 1687 5281; x_wconf 81' lang='lat' dir='ltr'><strong>8),__non</strong></span> 
     </span>
    </p>
   </div>
   <div class='ocr_carea' id='block_1_107' title="bbox 117 5276 1690 5352">
    <p class='ocr_par' dir='ltr' id='par_1_107' title="bbox 117 5276 1690 5352">
     <span class='ocr_line' id='line_1_107' title="bbox 117 5276 1690 5352; baseline -0.005 -16"><span class='ocrx_word' id='word_1_650' title='bbox 117 5284 474 5337; x_wconf 60' lang='lat' dir='ltr'><strong>haesitassent.</strong></span> <span class='ocrx_word' id='word_1_651' title='bbox 533 5276 711 5337; x_wconf 79' lang='lat' dir='ltr'><strong>Primo</strong></span> <span class='ocrx_word' id='word_1_652' title='bbox 761 5283 963 5352; x_wconf 84' lang='lat' dir='ltr'><strong>quippe</strong></span> <span class='ocrx_word' id='word_1_653' title='bbox 1012 5280 1214 5352; x_wconf 83' lang='lat' dir='ltr'><strong>intuitu</strong></span> <span class='ocrx_word' id='word_1_654' title='bbox 1265 5276 1690 5352; x_wconf 68' lang='lat' dir='ltr'><strong>npoavac_eil.av-_</strong></span> 
     </span>
    </p>
   </div>
   <div class='ocr_carea' id='block_1_108' title="bbox 115 5347 1690 5421">
    <p class='ocr_par' dir='ltr' id='par_1_108' title="bbox 115 5347 1690 5421">
     <span class='ocr_line' id='line_1_108' title="bbox 115 5347 1690 5421; baseline -0.006 -16"><span class='ocrx_word' id='word_1_655' title='bbox 115 5369 206 5414; x_wconf 78' lang='grc' dir='ltr'><strong>τος</strong></span> <span class='ocrx_word' id='word_1_656' title='bbox 238 5368 356 5407; x_wconf 89' lang='lat' dir='ltr'><strong>esse</strong></span> <span class='ocrx_word' id='word_1_657' title='bbox 410 5354 753 5421; x_wconf 67' lang='lat' dir='ltr'><strong>pr‘a’oriretur</strong></span> <span class='ocrx_word' id='word_1_658' title='bbox 779 5347 1071 5421; x_wconf 46' lang='lat' dir='ltr'><strong>&#39;vel&#39;prius</strong></span> <span class='ocrx_word' id='word_1_659' title='bbox 1103 5347 1330 5403; x_wconf 80' lang='lat' dir='ltr'><strong>oriretur</strong></span> <span class='ocrx_word' id='word_1_660' title='bbox 1351 5347 1548 5421; x_wconf 68' lang='lat' dir='ltr'><strong>ecquis</strong></span> <span class='ocrx_word' id='word_1_661' title='bbox 1581 5362 1690 5421; x_wconf 78' lang='lat' dir='ltr'><strong>non</strong></span> 
     </span>
    </p>
   </div>
   <div class='ocr_carea' id='block_1_109' title="bbox 116 5414 1689 5493">
    <p class='ocr_par' dir='ltr' id='par_1_109' title="bbox 116 5414 1689 5493">
     <span class='ocr_line' id='line_1_109' title="bbox 116 5414 1689 5493; baseline -0.004 -21"><span class='ocrx_word' id='word_1_662' title='bbox 116 5414 640 5493; x_wconf 65' lang='lat' dir='ltr'><strong>intelligat?_Eaclettt</strong></span> <span class='ocrx_word' id='word_1_663' title='bbox 669 5420 853 5493; x_wconf 80' lang='lat' dir='ltr'><strong>Graeca</strong></span> <span class='ocrx_word' id='word_1_664' title='bbox 884 5414 1183 5493; x_wconf 82' lang='lat' dir='ltr'><strong>ostendunt</strong></span> <span class='ocrx_word' id='word_1_665' title='bbox 1206 5433 1331 5471; x_wconf 76' lang='lat' dir='ltr'><strong>mox</strong></span> <span class='ocrx_word' id='word_1_666' title='bbox 1350 5414 1550 5493; x_wconf 75' lang='lat' dir='ltr'><strong>ibidem</strong></span> <span class='ocrx_word' id='word_1_667' title='bbox 1587 5414 1689 5484; x_wconf 78' lang='lat' dir='ltr'><strong>legi</strong></span> 
     </span>
    </p>
   </div>
   <div class='ocr_carea' id='block_1_110' title="bbox 115 5484 1691 5561">
    <p class='ocr_par' dir='ltr' id='par_1_110' title="bbox 115 5484 1691 5561">
     <span class='ocr_line' id='line_1_110' title="bbox 115 5484 1691 5561; baseline -0.006 -17"><span class='ocrx_word' id='word_1_668' title='bbox 115 5484 320 5546; x_wconf 64' lang='lat' dir='ltr'><strong>dobere</strong></span> <span class='ocrx_word' id='word_1_669' title='bbox 344 5512 356 5544; x_wconf 90' lang='lat'><strong>:</strong></span> <span class='ocrx_word' id='word_1_670' title='bbox 385 5490 455 5544; x_wconf 82' lang='lat' dir='ltr'><strong>Et</strong></span> <span class='ocrx_word' id='word_1_671' title='bbox 485 5491 623 5561; x_wconf 81' lang='lat' dir='ltr'><strong>quod</strong></span> <span class='ocrx_word' id='word_1_672' title='bbox 651 5491 952 5556; x_wconf 78' lang='lat' dir='ltr'><strong>specialiter</strong></span> <span class='ocrx_word' id='word_1_673' title='bbox 981 5490 1296 5547; x_wconf 77' lang='lat' dir='ltr'><strong>contristare</strong></span> <span class='ocrx_word' id='word_1_674' title='bbox 1319 5496 1422 5549; x_wconf 88' lang='lat' dir='ltr'><strong>eat,</strong></span> <span class='ocrx_word' id='word_1_675' title='bbox 1443 5484 1691 5538; x_wconf 74' lang='lat' dir='ltr'><strong>&#39;Alexan-</strong></span> 
     </span>
    </p>
   </div>
   <div class='ocr_carea' id='block_1_111' title="bbox 119 5561 692 5630">
    <p class='ocr_par' dir='ltr' id='par_1_111' title="bbox 119 5561 692 5630">
     <span class='ocr_line' id='line_1_111' title="bbox 119 5561 692 5630; baseline 0 -17"><span class='ocrx_word' id='word_1_676' title='bbox 119 5561 246 5613; x_wconf 62' lang='lat' dir='ltr'><strong>(tria?</strong></span> <span class='ocrx_word' id='word_1_677' title='bbox 269 5562 559 5630; x_wconf 77' lang='lat' dir='ltr'><strong>episcopus,</strong></span> <span class='ocrx_word' id='word_1_678' title='bbox 585 5568 692 5614; x_wconf 82' lang='lat' dir='ltr'><strong>etc.</strong></span> 
     </span>
    </p>
   </div>
   <div class='ocr_carea' id='block_1_112' title="bbox 188 5622 1691 5699">
    <p class='ocr_par' dir='ltr' id='par_1_112' title="bbox 188 5622 1691 5699">
     <span class='ocr_line' id='line_1_112' title="bbox 188 5622 1691 5699; baseline -0.005 -17"><span class='ocrx_word' id='word_1_679' title='bbox 188 5622 308 5699; x_wconf 56' lang='grc' dir='ltr'><strong>[δυ’</strong></span> <span class='ocrx_word' id='word_1_680' title='bbox 363 5622 630 5699; x_wconf 70' lang='grc' dir='ltr'>Ἆρθῆνιιι</span> <span class='ocrx_word' id='word_1_681' title='bbox 681 5629 751 5682; x_wconf 81' lang='grc' dir='ltr'><strong><em>ἐκ</em></strong></span> <span class='ocrx_word' id='word_1_682' title='bbox 805 5628 909 5681; x_wconf 80' lang='grc' dir='ltr'><strong>τοῦ</strong></span> <span class='ocrx_word' id='word_1_683' title='bbox 960 5628 1173 5699; x_wconf 62' lang='grc' dir='ltr'>τάφου</span> <span class='ocrx_word' id='word_1_684' title='bbox 1201 5626 1307 5679; x_wconf 84' lang='grc' dir='ltr'>τοῦ</span> <span class='ocrx_word' id='word_1_685' title='bbox 1362 5624 1584 5692; x_wconf 84' lang='grc' dir='ltr'>Κυρίου</span> <span class='ocrx_word' id='word_1_686' title='bbox 1625 5622 1691 5674; x_wconf 82' lang='grc' dir='ltr'>τὸ</span> 
     </span>
    </p>
   </div>
   <div class='ocr_carea' id='block_1_113' title="bbox 124 5698 1688 5771">
    <p class='ocr_par' dir='ltr' id='par_1_113' title="bbox 124 5698 1688 5771">
     <span class='ocr_line' id='line_1_113' title="bbox 124 5698 1688 5771; baseline -0.004 -19"><span class='ocrx_word' id='word_1_687' title='bbox 124 5698 307 5768; x_wconf 83' lang='grc' dir='ltr'>σῶμα.</span> <span class='ocrx_word' id='word_1_688' title='bbox 360 5699 572 5771; x_wconf 76' lang='lat' dir='ltr'><strong>Insigne</strong></span> <span class='ocrx_word' id='word_1_689' title='bbox 616 5700 916 5764; x_wconf 85' lang='lat' dir='ltr'><strong>mendum,</strong></span> <span class='ocrx_word' id='word_1_690' title='bbox 954 5698 1210 5767; x_wconf 87' lang='lat' dir='ltr'><strong>jocularis</strong></span> <span class='ocrx_word' id='word_1_691' title='bbox 1236 5710 1409 5761; x_wconf 88' lang='lat' dir='ltr'><strong>error,</strong></span> <span class='ocrx_word' id='word_1_692' title='bbox 1454 5700 1688 5762; x_wconf 81' lang='lat' dir='ltr'><strong>occupat</strong></span> 
     </span>
    </p>
   </div>
   <div class='ocr_carea' id='block_1_114' title="bbox 1792 5058 3365 5137">
    <p class='ocr_par' dir='ltr' id='par_1_114' title="bbox 1792 5058 3365 5137">
     <span class='ocr_line' id='line_1_114' title="bbox 1792 5058 3365 5137; baseline 0.001 -18"><span class='ocrx_word' id='word_1_693' title='bbox 1792 5069 2051 5121; x_wconf 69' lang='lat' dir='ltr'><strong>Catenam</strong></span> <span class='ocrx_word' id='word_1_694' title='bbox 2080 5066 2135 5118; x_wconf 90' lang='lat' dir='ltr'><strong>iu</strong></span> <span class='ocrx_word' id='word_1_695' title='bbox 2162 5063 2400 5118; x_wconf 81' lang='lat' dir='ltr'><strong>Marcum</strong></span> <span class='ocrx_word' id='word_1_696' title='bbox 2429 5063 2590 5137; x_wconf 80' lang='lat' dir='ltr'><strong>initio</strong></span> <span class='ocrx_word' id='word_1_697' title='bbox 2619 5078 2742 5137; x_wconf 84' lang='lat' dir='ltr'><strong>cap.</strong></span> <span class='ocrx_word' id='word_1_698' title='bbox 2768 5065 2832 5119; x_wconf 86' lang='lat' dir='ltr'><strong>l6</strong></span> <span class='ocrx_word' id='word_1_699' title='bbox 2860 5080 2874 5137; x_wconf 69' lang='grc' dir='ltr'><strong><em>ς</em></strong></span> <span class='ocrx_word' id='word_1_700' title='bbox 2909 5063 3006 5137; x_wconf 58' lang='grc' dir='ltr'>Ἰζίς</span> <span class='ocrx_word' id='word_1_701' title='bbox 3032 5058 3177 5137; x_wconf 72' lang='grc' dir='ltr'><strong>οὗνὴ</strong></span> <span class='ocrx_word' id='word_1_702' title='bbox 3205 5068 3365 5137; x_wconf 81' lang='grc' dir='ltr'>χρεία</span> 
     </span>
    </p>
   </div>
   <div class='ocr_carea' id='block_1_115' title="bbox 1791 5132 3363 5213">
    <p class='ocr_par' dir='ltr' id='par_1_115' title="bbox 1791 5132 3363 5213">
     <span class='ocr_line' id='line_1_115' title="bbox 1791 5132 3363 5213; baseline 0.001 -25"><span class='ocrx_word' id='word_1_703' title='bbox 1791 5137 1889 5213; x_wconf 68' lang='grc' dir='ltr'>τῆς</span> <span class='ocrx_word' id='word_1_704' title='bbox 1935 5137 2168 5213; x_wconf 46' lang='grc' dir='ltr'>ἀγγέλου</span> <span class='ocrx_word' id='word_1_705' title='bbox 2206 5133 2508 5213; x_wconf 72' lang='grc' dir='ltr'>παρουσίας</span> <span class='ocrx_word' id='word_1_706' title='bbox 2523 5148 2548 5213; x_wconf 58' lang='grc' dir='ltr'>ξ</span> <span class='ocrx_word' id='word_1_707' title='bbox 2799 5203 2813 5213; x_wconf 81' lang='lat'>_</span> <span class='ocrx_word' id='word_1_708' title='bbox 2852 5132 3363 5213; x_wconf 34' lang='grc' dir='ltr'>ἐκεῖς’-ὃτιςέπειθε</span> 
     </span>
    </p>
   </div>
   <div class='ocr_carea' id='block_1_116' title="bbox 1792 5202 3364 5274">
    <p class='ocr_par' dir='ltr' id='par_1_116' title="bbox 1792 5202 3364 5274">
     <span class='ocr_line' id='line_1_116' title="bbox 1792 5202 3364 5274; baseline 0.001 -17"><span class='ocrx_word' id='word_1_709' title='bbox 1792 5202 1918 5267; x_wconf 76' lang='grc' dir='ltr'>τόὺς</span> <span class='ocrx_word' id='word_1_710' title='bbox 1978 5202 2656 5274; x_wconf 44' lang='grc' dir='ltr'>ζητοῦνταςλὲγηγέρθαι,</span> <span class='ocrx_word' id='word_1_711' title='bbox 2688 5203 2813 5274; x_wconf 1' lang='grc' dir='ltr'>,ἀλλ’</span> <span class='ocrx_word' id='word_1_712' title='bbox 2841 5204 2903 5257; x_wconf 84' lang='grc' dir='ltr'><strong>οὐ</strong></span> <span class='ocrx_word' id='word_1_713' title='bbox 2944 5203 3237 5273; x_wconf 76' lang='grc' dir='ltr'>βεϐλέφθαι</span> <span class='ocrx_word' id='word_1_714' title='bbox 3270 5208 3364 5258; x_wconf 85' lang='grc' dir='ltr'><strong>τὸν</strong></span> 
     </span>
    </p>
   </div>
   <div class='ocr_carea' id='block_1_117' title="bbox 1794 5273 3366 5346">
    <p class='ocr_par' dir='ltr' id='par_1_117' title="bbox 1794 5273 3366 5346">
     <span class='ocr_line' id='line_1_117' title="bbox 1794 5273 3366 5346; baseline 0.001 -18"><span class='ocrx_word' id='word_1_715' title='bbox 1794 5273 2042 5346; x_wconf 56' lang='grc' dir='ltr'>Ιςύριονζ</span> <span class='ocrx_word' id='word_1_716' title='bbox 2068 5273 2206 5338; x_wconf 86' lang='lat' dir='ltr'><strong>Quid</strong></span> <span class='ocrx_word' id='word_1_717' title='bbox 2240 5273 2405 5343; x_wconf 85' lang='lat' dir='ltr'><strong>igitur</strong></span> <span class='ocrx_word' id='word_1_718' title='bbox 2457 5273 2585 5346; x_wconf 80' lang='lat' dir='ltr'><strong>opus</strong></span> <span class='ocrx_word' id='word_1_719' title='bbox 2619 5273 2719 5343; x_wconf 77' lang='lat' dir='ltr'><strong>fuit</strong></span> <span class='ocrx_word' id='word_1_720' title='bbox 2775 5276 3109 5346; x_wconf 75' lang='lat' dir='ltr'><strong>apparitione</strong></span> <span class='ocrx_word' id='word_1_721' title='bbox 3153 5276 3366 5346; x_wconf 85' lang='lat' dir='ltr'><strong>angeli?</strong></span> 
     </span>
    </p>
   </div>
   <div class='ocr_carea' id='block_1_118' title="bbox 1798 5343 3365 5413">
    <p class='ocr_par' dir='ltr' id='par_1_118' title="bbox 1798 5343 3365 5413">
     <span class='ocr_line' id='line_1_118' title="bbox 1798 5343 3365 5413; baseline 0.002 -17"><span class='ocrx_word' id='word_1_722' title='bbox 1798 5345 1986 5399; x_wconf 88' lang='lat' dir='ltr'><strong>Dicam</strong></span> <span class='ocrx_word' id='word_1_723' title='bbox 2022 5360 2148 5413; x_wconf 83' lang='lat' dir='ltr'><strong>ego,</strong></span> <span class='ocrx_word' id='word_1_724' title='bbox 2187 5352 2245 5395; x_wconf 86' lang='lat' dir='ltr'><strong>ut</strong></span> <span class='ocrx_word' id='word_1_725' title='bbox 2274 5343 2611 5413; x_wconf 81' lang='lat' dir='ltr'><strong>persuaderet</strong></span> <span class='ocrx_word' id='word_1_726' title='bbox 2638 5344 2988 5413; x_wconf 64' lang='lat' dir='ltr'><strong>quaerentibus</strong></span> <span class='ocrx_word' id='word_1_727' title='bbox 3028 5343 3365 5399; x_wconf 46' lang='lat' dir='ltr'><strong>recurremus“</strong></span> 
     </span>
    </p>
   </div>
   <div class='ocr_carea' id='block_1_119' title="bbox 1798 5412 3361 5480">
    <p class='ocr_par' dir='ltr' id='par_1_119' title="bbox 1798 5412 3361 5480">
     <span class='ocr_line' id='line_1_119' title="bbox 1798 5412 3361 5480; baseline 0.002 -14"><span class='ocrx_word' id='word_1_728' title='bbox 1798 5412 2101 5476; x_wconf 80' lang='lat' dir='ltr'><strong>Dominum,</strong></span> <span class='ocrx_word' id='word_1_729' title='bbox 2145 5413 2240 5466; x_wconf 83' lang='lat' dir='ltr'><strong>etsi</strong></span> <span class='ocrx_word' id='word_1_730' title='bbox 2269 5429 2384 5465; x_wconf 86' lang='lat' dir='ltr'><strong>eum</strong></span> <span class='ocrx_word' id='word_1_731' title='bbox 2433 5412 2533 5480; x_wconf 75' lang='lat' dir='ltr'><strong>ipsi</strong></span> <span class='ocrx_word' id='word_1_732' title='bbox 2562 5428 2665 5465; x_wconf 87' lang='lat' dir='ltr'><strong>non</strong></span> <span class='ocrx_word' id='word_1_733' title='bbox 2699 5422 2986 5468; x_wconf 86' lang='lat' dir='ltr'><strong>cernerent.</strong></span> <span class='ocrx_word' id='word_1_734' title='bbox 3021 5414 3190 5469; x_wconf 74' lang='lat' dir='ltr'><strong>Nemo</strong></span> <span class='ocrx_word' id='word_1_735' title='bbox 3219 5416 3361 5470; x_wconf 88' lang='lat' dir='ltr'><strong>enim</strong></span> 
     </span>
    </p>
   </div>
   <div class='ocr_carea' id='block_1_120' title="bbox 1799 5482 3363 5551">
    <p class='ocr_par' dir='ltr' id='par_1_120' title="bbox 1799 5482 3363 5551">
     <span class='ocr_line' id='line_1_120' title="bbox 1799 5482 3363 5551; baseline -0.001 -15"><span class='ocrx_word' id='word_1_736' title='bbox 1799 5498 1911 5536; x_wconf 90' lang='lat' dir='ltr'><strong>non</strong></span> <span class='ocrx_word' id='word_1_737' title='bbox 1963 5484 2146 5537; x_wconf 89' lang='lat' dir='ltr'><strong>statim</strong></span> <span class='ocrx_word' id='word_1_738' title='bbox 2199 5482 2574 5551; x_wconf 86' lang='lat' dir='ltr'><strong>deprehendet</strong></span> <span class='ocrx_word' id='word_1_739' title='bbox 2608 5496 2792 5536; x_wconf 71' lang='lat' dir='ltr'><strong>veram</strong></span> <span class='ocrx_word' id='word_1_740' title='bbox 2845 5482 3134 5537; x_wconf 86' lang='lat' dir='ltr'><strong>lectionem</strong></span> <span class='ocrx_word' id='word_1_741' title='bbox 3173 5485 3363 5537; x_wconf 82' lang='grc' dir='ltr'>κεκλέ-</span> 
     </span>
    </p>
   </div>
   <div class='ocr_carea' id='block_1_121' title="bbox 1799 5552 3362 5625">
    <p class='ocr_par' dir='ltr' id='par_1_121' title="bbox 1799 5552 3362 5625">
     <span class='ocr_line' id='line_1_121' title="bbox 1799 5552 3362 5625; baseline 0.001 -21"><span class='ocrx_word' id='word_1_742' title='bbox 1799 5554 1950 5625; x_wconf 77' lang='grc' dir='ltr'>φοαι.</span> <span class='ocrx_word' id='word_1_743' title='bbox 1996 5552 2358 5625; x_wconf 72' lang='lat' dir='ltr'><strong>Resurrexisse</strong></span> <span class='ocrx_word' id='word_1_744' title='bbox 2398 5552 2699 5625; x_wconf 21' lang='grc' dir='ltr'>υυηιίηῄιιηι,</span> <span class='ocrx_word' id='word_1_745' title='bbox 2720 5568 2823 5607; x_wconf 86' lang='lat' dir='ltr'><strong>non</strong></span> <span class='ocrx_word' id='word_1_746' title='bbox 2847 5562 3023 5607; x_wconf 82' lang='lat' dir='ltr'><strong>autem</strong></span> <span class='ocrx_word' id='word_1_747' title='bbox 3046 5554 3185 5623; x_wconf 81' lang='lat' dir='ltr'><strong>furto</strong></span> <span class='ocrx_word' id='word_1_748' title='bbox 3206 5557 3362 5625; x_wconf 67' lang='lat' dir='ltr'><strong>fuisse</strong></span> 
     </span>
    </p>
   </div>
   <div class='ocr_carea' id='block_1_122' title="bbox 1797 5620 2687 5692">
    <p class='ocr_par' dir='ltr' id='par_1_122' title="bbox 1797 5620 2687 5692">
     <span class='ocr_line' id='line_1_122' title="bbox 1797 5620 2687 5692; baseline -0.003 -17"><span class='ocrx_word' id='word_1_749' title='bbox 1797 5622 2085 5676; x_wconf 80' lang='lat' dir='ltr'><strong>sublatum.</strong></span> <span class='ocrx_word' id='word_1_750' title='bbox 2112 5621 2330 5692; x_wconf 77' lang='lat' dir='ltr'><strong>(Matth.</strong></span> <span class='ocrx_word' id='word_1_751' title='bbox 2354 5637 2543 5687; x_wconf 77' lang='lat' dir='ltr'><strong>xxvul,</strong></span> <span class='ocrx_word' id='word_1_752' title='bbox 2578 5620 2687 5690; x_wconf 80' lang='lat' dir='ltr'><strong>l5.)</strong></span> 
     </span>
    </p>
   </div>
  </div>
