3764 6304
446 286 582 350 1443

1624 278 1985 340 HESYCHII
2021 277 2499 338 PRESBYTERI
3603 278 3711 340 12ἑέ

443 400 808 459 iudicassent,
838 408 941 448 nec
969 392 1039 448 ab
1067 391 1136 447 iis
1190 390 1566 456 crederentur,
1601 390 1795 446 Petrus
1829 398 1888 445 ut
1921 403 1982 442 ar

2155 387 2381 461 αθηταῖς
2410 388 2471 441 τὸ
2498 388 2909 460 ὁραοὲναύταῖς
2944 387 3330 459 μηνυσασῶν,
3360 387 3463 439 καί
3486 389 3697 444 ἄπιστε.

441 489 600 553 dens,
627 488 825 541 iterum
854 485 946 539 illo
968 482 1245 554 profectus
1268 488 1375 536 est.

1005 656 1294 729 Difﬁcultas
1336 674 1446 712 Lvt.

511 752 645 818 Quae
685 765 848 805 causa
889 748 1010 810 l‘uit,
1050 756 1109 802 ut
1155 747 1247 815 qui
1293 746 1573 816 discipulis
1618 747 1685 802 ad
1731 746 2005 802 Galilaaam

442 859 735 915 properare
777 858 874 911 per
912 841 1170 893 mulieres
1217 847 1569 909 praeceperat,
1607 841 1762 909 quasi
1807 840 1915 895 illic
1942 841 2009 895 iis

442 936 811 1004 appariturus,
838 934 891 985 in
915 931 1042 985 Sion
1067 939 1290 1000 apparet
1313 929 1395 981 τοι
1450 932 1518 986 Et
1540 932 1811 1000 quomodo
1838 933 2009 986 Lucas

442 1027 575 1080 dicit
603 1025 843 1079 adfuisse
884 1022 1144 1077 undecim
1165 1023 1234 1084 ",
1257 1036 1378 1076 cum
1414 1029 1595 1076 tamen
1620 1022 1838 1077 abesset
1862 1023 2010 1079 Tho-

440 1131 557 1170 mas
580 1116 604 1168 ?

1113 1199 1337 1254 Salutio.

509 1292 693 1345 Primo
731 1291 948 1361 quidem
984 1291 1191 1344 territis
1226 1291 1500 1359 apostolis,
1534 1306 1636 1346 nec
1684 1292 2009 1347 audentibus

438 1380 770 1450 Jerosolyma
825 1380 1007 1449 egredi
1059 1381 1133 1434 ob
1191 1391 1393 1434 metum
1446 1380 1777 1447 Iudaeorum,
1811 1385 2008 1437 merito

439 1475 681 1544 oportuit
707 1472 995 1526 Dominum
1025 1472 1079 1525 in
1103 1473 1232 1526 Sion
1257 1488 1539 1542 apparere,
1560 1482 1613 1527 et
1635 1475 1876 1529 adimere
1903 1477 2008 1533 illis

440 1567 715 1629 timorem,
747 1579 1046 1633 pacemque
1081 1563 1230 1626 dare,
1280 1579 1343 1617 ac
1376 1567 1790 1621 resurrectionis
1846 1566 2006 1621 ﬁdem

2112 479 2289 549 μένων
2322 480 2455 552 παρ’
2491 482 2690 544 αὐτῶν,
2723 484 2751 533 6
2791 482 2999 551 Πέτρος
3048 482 3135 545 ὡς
3175 481 3434 552 θερμὸς,
3456 485 3521 534 ἐκ
3548 484 3703 538 δευτε-

2110 586 2206 638 ρου
2245 570 2426 624 ἐκεῖσε
2452 575 2805 642 παρεγένετο.

2776 665 3035 732 Ἅπορία.

2178 757 2335 822 Τίνος
2373 757 2532 829 χάριν
2561 759 2672 822 τοῖς
2708 758 2978 828 μαθηταῖς
3008 760 3093 820 εἰς
3124 757 3238 828 τὴν
3275 758 3699 834 rubiginis.)-

2111 850 2252 918 μεῖν,
2280 849 2369 903 διὰ
2399 850 2510 902 τῶν
2544 850 2818 917 γυναικῶν
2847 850 3276 920 ἐντειλάμενος,
3303 850 3393 914 ὡς
3426 854 3597 906 ἐκεῖσε
3626 858 3694 906 τι·

2107 941 2218 1001 τοίς
2243 940 2785 1011 ὲμφανισθησόμενος
2808 982 2824 1007 ,
2858 942 2922 992 ἐκ
2966 940 3112 992 Σιὼν
3152 943 3578 1010 ἐμφανίζεταη
3604 947 3691 1008 Ili;

2103 1028 2162 1081 δὲ
2205 1030 2300 1081 καὶ
2334 1032 2363 1083 6
2387 1032 2624 1093 ’Λουκᾶς
2668 1031 2815 1099 λέγει
2870 1034 3137 1102 παρεῖναι
3177 1033 3328 1094 τοὺς
3376 1032 3585 1099 ἕνδεκα,
3626 1038 3689 1089 ’.τί

2106 1119 2282 1189 Θωμᾶ
2306 1121 2697 1192 ίστορήσαντος
2732 1133 2788 1188 ⁸;

2280 1208 2289 1215 ’
2784 1214 2995 1280 Λύσις.

2178 1302 2404 1373 Πρῶτον
2434 1303 2532 1373 μὲν
2555 1319 2623 1355 πε
2634 1305 2875 1374 ριφόὸοις
2898 1301 3056 1359 οὖσιν
3078 1309 3210 1369 τοῖς
3238 1307 3598 1373 ἀποστόλοις,
3621 1317 3673 1363 n’

2108 1394 2247 1463 μηδὲ
2274 1394 2508 1458 ἐξελθεῖν
2560 1397 2657 1464 τῆς
2699 1395 3061 1467 Ἰερουσαλὴμ
3083 1397 3364 1466 τολμῶσι
3394 1399 3489 1451 διὰ
3518 1402 3603 1453 τὶν
3625 1404 3686 1467 ςτ-

2106 1483 2199 1536 6ον
2232 1486 2339 1538 τῶν
2387 1485 2679 1551 Ἰουδαίων,
2720 1488 2946 1549 εἰκότως
3004 1489 3119 1541 ἔδει
3155 1490 3224 1542 ὲν
3252 1495 3327 1559 τῇ
3369 1490 3517 1543 Σιὼν
3548 1494 3683 1559 ἐμει-

2105 1575 2354 1646 νισθῆναι
2399 1577 2491 1629 τὸν
2522 1578 2750 1648 Κύριον,
2792 1581 2887 1632 καὶ
2928 1580 3095 1633 λῦσαι
3133 1581 3350 1644 αὐτοῖς
3396 1584 3492 1635 τὸν

439 1654 664 1710 facere:
719 1664 957 1711 attamen
1008 1655 1207 1709 viviﬁci
1262 1656 1608 1724 baptismatis
1657 1658 1982 1731 traditionen

2155 1668 2201 1718 xl.
2238 1668 2339 1736 τὴν
2388 1668 2616 1745 εἰρήνην
2646 1672 2975 1740 παρασχεῖν,
3012 1674 3113 1725 καὶ
3137 1671 3255 1743 τὴν
3288 1675 3597 1727 ἀνάστασιν
3621 1696 3683 1727 :-

438 1761 545 1800 una
570 1761 693 1799 eum
720 1745 1134 1815 perfectiorihus
1166 1745 1505 1815 dogmatibus
1533 1748 1775 1816 praebere
1816 1728 1923 1802 illis
1950 1749 1982 1802 ii

2155 1755 2423 1810 ιὼσασθαι
2446 1774 2461 1790 ο
2486 1758 2586 1826 τὴν
2639 1760 2827 1829 μέντοι
2857 1760 2952 1812 τοῦ
2984 1762 3281 1824 ζωοποιοῦ
3340 1762 3683 1833 βαπτξσμιτις

439 1835 677 1896 Galilata,
719 1835 957 1890 Iudaicae
985 1835 1306 1889 temeritatis
1329 1846 1479 1889 metu
1508 1837 1748 1892 liberatis
1777 1854 1791 1901 ;
1829 1846 1888 1893 ut
1914 1839 2005 1908 qui

438 1925 495 1979 in
528 1924 744 1978 Galilma
773 1939 1020 1995 magnam
1057 1925 1232 1979 lucem
1254 1926 1582 1981 ostendisset
1623 1927 1688 1982 iis
1712 1929 1801 1997 qui
1844 1929 2003 1982 sede-

437 2015 571 2069 bant
598 2016 652 2068 in
684 2016 943 2079 tenebris,
977 2016 1265 2070 salutarem
1295 2032 1492 2086 nempe
1533 2017 1859 2086 baptismum
1891 2036 1905 2086 ;
1935 2017 2003 2073 ad

436 2122 597 2174 quem
622 2108 914 2160 cohortans
942 2107 1105 2162 dixit:
1132 2106 1500 2162 Pozm'tomiam
1526 2109 1685 2179 agite,
1719 2111 2004 2179 appropin-

436 2198 617 2265 quavit
672 2198 811 2250 enim
838 2213 1052 2267 regnum
1106 2198 1352 2252 malorum
1387 2200 1452 2253 ⁷³.
1512 2199 1773 2254 Undecim
1820 2212 1999 2256 autem

435 2287 827 2357 discipulorum
856 2288 1059 2343 idcirco
1088 2288 1260 2344 Lucas
1285 2291 1550 2355 meminit,
1577 2292 1830 2360 quoniam
1863 2292 2000 2347 Juda

434 2379 491 2432 in
525 2389 805 2448 peccatum
840 2379 1083 2450 delapso,
1116 2389 1169 2435 et
1216 2379 1424 2435 Thoma
1469 2382 1715 2447 absente,
1749 2383 2000 2440 Matthias

430 2466 594 2538 plane
636 2468 843 2533 aderat,
886 2483 1047 2537 quem
1093 2484 1191 2538 pro
1222 2467 1360 2524 Juda
1413 2480 1561 2525 sorte
1591 2472 1906 2542 elegerunt,
1945 2482 2002 2527 ut

430 2558 523 2628 qui
556 2559 610 2612 in
635 2559 783 2612 omni
818 2567 1062 2627 tempore
1095 2576 1265 2630 usque
1295 2562 1359 2615 ad
1390 2563 1764 2618 ascensionem
1797 2564 1999 2618 Christi

433 2649 587 2702 testis
634 2658 780 2701 esset
834 2651 1248 2707 resurrectionis
1296 2652 1437 2723 ejus,
1467 2654 1923 2722 quemadmodum
1964 2670 1995 2717 a

429 2734 577 2793 Luca
608 2747 860 2792 narratur
881 2741 944 2793 ⁷³.

986 2977 1277 3046 Diﬁiculms
1305 2997 1431 3035 Lvtt.

498 3065 603 3133 Qui
659 3065 867 3119 factum
913 3077 997 3120 est
1045 3076 1105 3120 ut
1150 3067 1389 3124 Joannes
1430 3071 1646 3136 dixerit,
1678 3088 1803 3129 cum
1850 3086 1995 3132 esset
2022 3053 2068 3113 δ

424 3172 550 3214 sero
574 3172 681 3210 una
719 3154 1077 3212 Sabhatorum
1107 3159 1173 3222 7‘,
1197 3162 1410 3215 cunctis
1432 3163 1731 3232 discipulis,
1762 3177 1992 3235 pra-ter-

422 3260 589 3316 quam
637 3245 898 3313 Thomas,
952 3246 1228 3303 Christum
1285 3252 1524 3319 seipsum
1575 3253 1988 3323 manifestasse;

421 3333 600 3390 Lucas
631 3352 780 3399 vero,
810 3337 910 3391 soli
940 3336 1123 3404 Petro,
1148 3341 1367 3408 quando
1398 3341 1668 3410 Cleophas
1700 3359 1993 3415 comesque

421 3425 568 3480 illius
582 3442 804 3496 vespere
825 3427 1067 3496 ejusdem
1086 3429 1191 3482 diei
1209 3429 1596 3501 Jerosolymam
1616 3434 1818 3488 reversi
1843 3446 1988 3503 sunt,

421 3526 704 3587 postquam
740 3518 1028 3572 Dominum
1073 3519 1127 3572 in
1173 3520 1429 3576 Emmaus
1469 3525 1992 3594 conspexissent"?

1084 3607 1312 3663 Salutio.
1896 3616 1899 3621 ’

486 3695 670 3753 Primo
722 3708 845 3768 post
899 3699 1158 3754 mulieres
1212 3700 1392 3767 Petro,
1447 3703 1680 3774 indeque
1729 3712 1986 3777 apostolis

416 3788 666 3845 Christus
694 3791 964 3860 apparuit,
1007 3791 1148 3845 sicut
1187 3793 1388 3849 Paulus
1414 3795 1518 3849 ait:
1554 3796 1690 3860 Quia
1721 3801 1860 3855 visus
1909 3814 1985 3858 est

413 3878 620 3952 Cephea,
658 3892 708 3936 et
738 3894 917 3953 postea
948 3885 1220 3939 duodecim
1258 3888 1347 3941 7‘:
1384 3904 1493 3943 non
1529 3889 1793 3948 Thomam
1850 3911 1982 3953 con-

413 3986 733 4036 numerans,
771 3988 948 4041 neque
994 3974 1139 4027 enim
1189 3974 1397 4042 aderat,
1449 3979 1542 4033 sed
1595 3980 1875 4037 Matthiam
1927 3996 1983 4041 et

335 4102 344 4110 .
412 4061 649 4117 Justum.
676 4062 811 4117 Cum
838 4064 1002 4135 igitur
1027 4067 1205 4121 adhuc
1228 4067 1280 4121 in
1313 4069 1398 4123 via
1420 4070 1487 4125 ab
1513 4071 1767 4129 Emmaus
1796 4088 1979 4133 essent

411 4154 520 4209 duo
541 4155 889 4242 illiLquorum
921 4174 1064 4213 unus
1085 4158 1372 4231 Cle0phas,
1395 4163 1644 4222 Christus
1689 4166 1851 4223 Petro
1881 4187 1980 4242 ap-

411 4249 587 4307 paret.
623 4240 693 4295 Ut
716 4251 897 4296 autem
927 4246 995 4299 ab
1031 4248 1286 4303 Emmaus
1319 4254 1521 4306 reversi
1553 4264 1701 4324 sunt,
1748 4267 1803 4312 et
1847 4240 1976 4329 apo-

409 4329 562 4383 stolis
584 4335 995 4399 annuntiarnnt,
1022 4351 1132 4403 quo
1161 4350 1321 4407 pacto
1342 4342 1409 4396 ab
1443 4343 1544 4398 illis
1565 4348 1781 4417 agnitus
1812 4350 1974 4409 fuerit

409 4415 464 4469 in
498 4417 761 4473 fractione
793 4424 990 4490 panis;
1020 4434 1150 4479 tunc
1182 4429 1249 4482 ad
1286 4442 1511 4487 cunctos
1558 4415 1678 4491 illos
1720 4438 1970 4495 Christus

407 4503 463 4557 in
506 4503 639 4559 Sion
689 4508 911 4562 advenit
948 4510 1015 4575 ⁷⁷,
1050 4518 1503 4580 quemadmodum
1559 4507 1729 4581 tradit~
1775 4528 1969 4585 Lucas.

359 4594 365 4599 ”
404 4587 525 4643 Non
555 4590 703 4644 enim
736 4594 991 4651 admirari
1039 4611 1273 4669 oportet,
1303 4608 1445 4675 quod
1474 4612 1665 4667 eodem
1699 4617 1786 4671 die
1821 4636 1851 4673 a
1884 4621 1973 4675 Je-

406 4680 642 4735 rusalem
674 4683 729 4736 in
757 4684 1034 4755 Emmaus,
1071 4701 1127 4746 et
1176 4695 1245 4749 ab
1276 4695 1532 4755 Emmans
1566 4704 1620 4758 in
1671 4705 1968 4767 Jerusalem

404 4773 634 4871 proiecti
667 4776 888 4833 fuerint.
913 4781 1099 4852 Neque
1128 4788 1273 4842 enim
1294 4792 1553 4861 scriptum
1581 4808 1667 4852 est
1685 4817 1966 4871 vesperam

404 4861 593 4928 fuisse,
612 4870 831 4935 quando
848 4875 1419 4947 appropinquaverunt
1435 4890 1658 4945 castello
1688 4861 1964 4963 Emimus,

403 4955 499 5009 sed
524 4956 912 5029 advesperasse
947 4974 1001 5019 et
1028 4967 1337 5026 inclinatam
1359 4990 1477 5031 esse
1496 4978 1606 5045 jam
1634 4983 1804 5046 diem;
1830 4955 1966 5043 adeo

402 5051 463 5095 ut
490 5054 631 5100 esset
649 5047 833 5103 forsan
856 5061 1043 5108 octava
1063 5057 1144 5111 vel
1161 5075 1304 5114 nona
1322 5063 1453 5117 hora
1475 5103 1490 5127 ,
1509 5069 1635 5134 quia
1658 5087 1686 5125 a
1713 5076 1962 5144 septima,

401 5135 558 5200 quasi
590 5137 659 5192 ad
681 5142 1038 5208 vespertinam
1083 5158 1287 5216 partem
1326 5152 1550 5212 inclinat
1596 5162 1696 5215 sol.
1732 5135 1967 5222 Praeter;

403 5237 561 5292 quam
588 5230 732 5297 quod
760 5247 982 5292 cursura
1003 5237 1078 5290 illi
1109 5242 1479 5312 adhibuerim,
1514 5265 1625 5318 prae
1653 5258 1869 5325 gaudio,
1910 5269 1968 5315 ut

469 5357 515 5389 ⁷ο
540 5358 705 5398 Matth
759 5379 920 5398 νυν...
982 5368 1043 5398 In
1139 5372 1316 5398 nr---
1558 5385 1621 5398 --

469 5358 515 5389 ⁷⁶
540 5358 727 5415 Matth.
759 5379 944 5432 xxvut,
982 5368 1063 5424 l0.
1139 5372 1181 5403 ⁷¹
1209 5372 1338 5429 Luc.
1381 5395 1521 5447 xxiv,
1556 5385 1644 5437 55.
1721 5389 1764 5419 ⁷³
1793 5390 1982 5451 Matth.

402 5437 439 5494 ι,
470 5425 557 5491 2i,
584 5428 671 5485 22.
747 5431 794 5464 ⁷⁸
818 5433 972 5491 Joan.
1003 5454 1092 5505 xx,
1129 5441 1211 5497 l9.
1288 5447 1330 5478 ⁷³
1361 5447 1488 5502 Luc.
1521 5468 1667 5520 xxiv,
1701 5458 1788 5512 54.
1865 5466 1982 5521 ἐκ

2155 5422 2207 5471 Il,
2243 5411 2328 5476 16;
2366 5412 2415 5465 Μ

2155 5492 2222 5543 tv,
2255 5479 2313 5535 5;
2384 5484 2415 5514 "

2107 1848 2426 1918 παράδοσιν,
2482 1850 2600 1920 ἅμα
2647 1853 2760 1915 τοῖς
2809 1852 3175 1923 τελειοτέροις
3222 1854 3514 1923 δόγμασιν
3554 1860 3603 1910 ἐκ»
3637 1861 3681 1926 τῇ

2103 1939 2371 2011 Γαλιλαίᾳ
2397 1944 2608 2005 τούτοις
2643 1942 2961 2012 ἐγχειρῆσαι
2999 1944 3044 2008 ί,
3079 1944 3190 2013 τῆς
3249 1947 3569 2016 Ἰουδαῆς
3592 1949 3682 2016 ἑρσ-

2105 2028 2334 2100 σύτητος
2363 2030 2455 2084 τὸν
2494 2031 2657 2098 φόϐον
2676 2032 3144 2099 ἀποσεισαμένοις
3171 2051 3189 2064 ·
3227 2033 3337 2086 az;
3372 2037 3437 2089 ἐν
3465 2042 3528 2106 τῇ
3562 2038 3680 2089 Γαῖα·

2102 2120 2228 2192 λαίᾳ
2258 2123 2316 2174 τὸ
2346 2121 2489 2192 μέγα
2520 2123 2633 2188 φῶς
2660 2122 2912 2187 δείξαντα
2935 2166 2950 2189 ,
2988 2127 3105 2187 τοῖς
3133 2126 3200 2177 ὲν
3231 2127 3434 2180 σκότει
3477 2130 3679 2195 κάθῃ-ἐ-

2104 2229 2235 2277 νοις,
2273 2212 2333 2265 τὸ
2363 2214 2626 2282 σωτήριον
2655 2212 2856 2283 δηλαδὴ
2908 2214 3212 2284 βάπτισμα
3244 2235 3259 2247 ·
3291 2219 3390 2287 ἐφ’
3413 2212 3460 2285 ᾧ
3487 2238 3677 2289 προτρε-

2102 2304 2333 2372 πόμενος
2370 2302 2523 2372 ἔλεγε
2549 2320 2563 2333 ·
2615 2306 2990 2367 Μετανοεῖτε,
3046 2307 3289 2376 ἦγγικε
3322 2312 3439 2379 γὰρ
3478 2313 3513 2377 ἠ
3535 2312 3677 2375 ,εει-τ-

2099 2394 2236 2447 λεία
2268 2393 2386 2446 τῶν
2422 2395 2717 2463 οὐρανῶν.
2750 2394 2870 2448 Τῶν
2909 2397 2965 2450 δὲ
2995 2397 3208 2452 ἕνδεκα
3252 2402 3562 2472 μαθητῶν,
3586 2404 3679 2455 τεύ-

2101 2500 2193 2536 του
2231 2484 2393 2555 χάριν
2420 2487 2447 2538 6
2481 2487 2700 2549 Λουκᾶς
2722 2488 3161 2557 ἐμνημόνευσεν,
3194 2491 3295 2542 ὅτι
3337 2493 3519 2546 Ἰούδα
3544 2496 3677 2546 ἐκπ-

2106 2574 2307 2638 σόντος,
2348 2576 2442 2627 καὶ
2492 2576 2664 2645 Θωμᾶ
2708 2576 2783 2647 μὴ
2822 2579 3119 2648 παρῦντος,
3172 2582 3460 2647 Ματῡίσς
3502 2588 3677 2649 πάντες

2104 2666 2281 2735 παρῆν
2307 2704 2321 2727 ,
2353 2664 2413 2717 ὃν
2441 2665 2561 2718 ιΞιντλ⁵
2598 2666 2692 2719 τοῦ
2733 2667 2907 2720 Ἰούδα
2932 2668 3307 2740 ὲκλήρωσαν,
3350 2674 3433 2736 ὡς
3464 2678 3518 2726 ὲν

2098 2753 2176 2824 τῷ
2208 2754 2384 2825 χρόνῳ
2422 2757 2582 2826 μέχρι
2623 2758 2724 2827 τῆς
2772 2759 3100 2828 ἀναλήψεως
3143 2762 3252 2814 τοῦ
3285 2765 3537 2834 Χριστςῦ

2098 2857 2243 2913 τυρα
2263 2844 2362 2913 τῆς
2388 2846 2737 2910 ἀναστάσεως
2763 2849 2930 2913 ας)τοῦ
2952 2850 3310 2920 γενόμενον,
3331 2856 3672 2923 καθὼςλιηᾷ

2101 2935 2406 3007 ἱστόρηται.

2766 3010 3018 3078 Ἀπορία.

2170 3096 2290 3160 Πῶς
2346 3096 2595 3166 Ἰωάννης
2633 3092 2814 3166 λέγει,
2851 3103 2933 3153 ὅτι
2959 3102 3129 3167 ὀψίας
3163 3104 3357 3176 οὔσης
3385 3112 3456 3177 τῇ
3492 3111 3584 3180 μιᾷ
3601 3109 3669 3160 in

2093 3186 2387 3240 Σαϐϐάτων
2413 3229 2428 3251 ,
2469 3190 2610 3253 ὅλοις
2657 3193 2852 3245 ἑαυτὸν
2888 3196 3003 3256 τοῖς
3060 3196 3389 3265 μαθηταῖς,
3439 3202 3578 3271 πλὴν
3608 3200 3669 3252 :53

2090 3275 2265 3344 Θωμᾶ
2300 3279 2328 3329 6
2361 3279 2596 3349 Χριστὸς
2639 3282 2988 3350 ἐνεφάνισεν·
3024 3287 3262 3352 Λουκᾶς
3293 3290 3361 3342 δὲ
3404 3293 3489 3344 ὅτι
3525 3294 3669 3360 Πέτρῳ

2093 3366 2253 3433 μόνον
2277 3406 2293 3429 ,
2323 3369 2485 3436 ἡνίκα
2512 3372 2561 3423 oi
2589 3376 2715 3440 περὶ
2746 3373 3016 3427 Κλεῶπαν
3053 3379 3113 3429 ὲν
3142 3380 3384 3452 ἑσπέρᾳ
3410 3383 3511 3452 τῆς
3536 3383 3670 3447 αὐτῆς

2090 3459 2304 3528 ἡμέρας
2354 3462 2437 3522 εἰς
2480 3461 2838 3534 Ἰερουσαλὴμ
2878 3465 3248 3535 ὑπέστρεψαν
3304 3475 3397 3535 εἰς
3435 3475 3532 3541 τὴν
3567 3473 3667 3539 Ἐξι-

2091 3550 2215 3618 ιοαῶ
2243 3550 2333 3602 τὸν
2364 3551 2570 3621 Κύριον
2605 3553 2968 3625 θεασάμενοι;

2775 3646 2985 3713 Λύσις.

2159 3731 2383 3802 Πρῶτον
2407 3734 2508 3804 μὲν
2539 3743 2567 3771 ι
2613 3736 2712 3800 τὰς
2741 3742 3008 3805 γυναῖκας
3037 3742 3118 3812 τῷ
3149 3744 3366 3817 Πέτρῳ
3393 3792 3411 3813 ,
3450 3751 3540 3802 καὶ
3566 3750 3665 3803 τότε

2084 3823 2196 3884 τοῖς
2224 3823 2550 3888 ἀποστόλοις
2585 3827 2612 3877 6
2642 3828 2876 3899 Χριστὸς
2898 3831 3095 3901 ἐφάνη,
3118 3835 3321 3898 καθὼς
3356 3839 3556 3907 ἐφάνη,
3579 3858 3662 3892 n-

2084 3912 2189 3973 θὼς
2228 3913 2439 3978 Παῦλός
2466 3933 2629 3986 φησιν
2653 3935 2668 3950 ο
2697 3920 2819 3973 Ὅτι
2868 3919 3033 3990 ὤφθη
3061 3924 3244 3993 Κηφᾷ
3265 3968 3285 3991 ,
3317 3929 3528 3983 ἔπειτα
3562 3931 3663 3994 τάς

2081 4001 2309 4057 δώδεκα
2341 4020 2355 4033 ·
2387 4006 2448 4057 οὐ
2489 4008 2582 4059 τὸν
2609 4008 2811 4080 Θωμᾶν
2864 4013 3258 4084 συναριθμῶν,
3294 4021 3367 4072 οὐ
3420 4023 3529 4091 γάρ
3576 4040 3663 4073 πι-

2084 4096 2204 4163 ρῆν,
2238 4096 2375 4149 ἀλλὰ
2424 4100 2671 4152 Ματθίαν
2717 4102 2810 4152 καὶ
2863 4103 3115 4159 Ἰοῦστον.
3158 4108 3287 4161 Ἔτι
3340 4114 3525 4164 τοίνυν
3568 4116 3660 4165 τε...

2080 4185 2207 4256 περὶ
2260 4188 2527 4241 Κλεῶπαν
2572 4191 2715 4244 κατά
2761 4192 2858 4263 τὴν
2901 4195 3019 4247 ὁδὸν
3076 4197 3180 4267 τὴν
3235 4202 3357 4255 ἀπὸ
3399 4205 3659 4275 Ἐμμαοῦς

2078 4277 2285 4344 ὄντων,
2343 4279 2420 4349 τῷ
2493 4280 2684 4351 Πέτρῳ
2744 4285 2773 4335 6
2823 4285 3058 4354 Χριστὸς
3121 4293 3543 4359 ἐμφανίζεται.
3578 4294 3655 4359 Ὧς

2005 4392 2050 4450 D
2076 4368 2131 4420 δὲ
2173 4369 2476 4439 ἐπανῆλθον
2524 4372 2631 4424 ἀπὸ
2668 4373 2978 4443 Ἐμμαοῦς,
3023 4379 3119 4430 καὶ
3160 4384 3283 4443 τοῖς
3354 4386 3653 4449 ἀποστειτκ

2075 4460 2459 4529 ἀπήγγειλαν,
2500 4463 2617 4527 πῶς
2667 4466 2914 4536 ἐγνώσθη
2966 4470 3150 4534 αὐτοῖς
3202 4476 3271 4543 τῇ
3335 4477 3531 4532 κὲἁσει
3576 4479 3649 4532 τεεί

2072 4552 2239 4620 ἄρτου
2263 4570 2276 4583 ·
2310 4553 2432 4631 τότε
2464 4559 2626 4609 πᾶσιν
2650 4558 2830 4620 αὐτοῖς
2860 4563 2918 4612 ἐν
2943 4564 3008 4631 τῇ
3038 4564 3176 4616 Σιὼν
3204 4569 3232 4618 6
3268 4569 3519 4638 Χριστὸς
3564 4574 3647 4623 ἑτ-

2073 4642 2349 4714 εδήμησε,
2395 4646 2575 4709 καθὼς
2619 4650 2833 4713 Λουκᾶς
2884 4654 3279 4723 παραδίδωσιν.
3334 4662 3416 4712 Οὐ
3435 4665 3544 4734 γάρ
3581 4665 3649 4715 δέ

2073 4733 2413 4826 θαυμάζειν,
2447 4740 2496 4790 εί
2526 4740 2585 4792 ἐν
2637 4744 2736 4812 μιᾷ
2783 4743 2969 4815 ἡμέρᾳ
3016 4746 3125 4799 ἀπὸ
3164 4733 3540 4826 Ἰερουσαὶήμ
3582 4760 3649 4817 εἰς

2090 4822 2343 4893 Ἐμμαῶ,
2382 4829 2477 4880 καὶ
2525 4828 2632 4881 ἀπὸ
2688 4831 2967 4900 Ἐμμαοῦς
3000 4836 3081 4894 εἰς
3116 4822 3651 4915 Ἰερουσαλὴμ-τωρ-

2075 4913 2343 4977 εγένοντο.
2369 4913 2505 4968 Οὔτε
2531 4918 2640 4989 γὰρ
2663 4921 2973 4993 γέγραπται
3008 4927 3094 4979 ὅτι
3123 4930 3338 5002 ἑσπέρα
3368 4930 3433 5003 ἧν
3459 4937 3549 4987 ξτε

2087 5003 2141 5054 Ἐ
2149 5005 2314 5073 μμαῶ
2344 5007 2577 5076 ἤγγισαν
2597 5047 2612 5071 ,
2641 5012 2776 5065 ἀλλὰ
2799 5015 2933 5082 πρὸς
2957 5019 3210 5091 ἑσπέραν
3232 5063 3247 5086 ,
3286 5026 3367 5077 ὅτι
3401 5003 3653 5081 κέκλικεν

2418 5429 2672 5503 arcam,
2708 5420 3010 5503 l5;_hla_tt_h.
3043 5441 3131 5494 tv,
3168 5433 3276 5503 {6,
3306 5437 3394 5494 ΓΙ.
3464 5439 3506 5470 ’³
3534 5439 3643 5494 Δα-

2412 5486 2428 5514 ⁷
2453 5484 2586 5541 Luc.
2612 5504 2757 5556 xxxv,
2779 5491 2867 5561 56,
2892 5494 2984 5549 39.

1673 5567 1906 5629 VARIAE
1942 5578 2345 5649 LECTIONES.

472 5631 495 5661 ⁵
523 5632 934 5708 ὑστερήσαντος.
1018 5648 1034 5681 ι
1069 5645 1130 5701 F.
1162 5650 1370 5717 τούτοις
1405 5656 1729 5731 ἐγχειρίσαι.
1808 5679 1834 5706 α
1871 5631 2033 5739 μετά.
