  <div class='ocr_page' id='page_1' title='image "/cluster/home/n/w/nwhite01/storage/ocr_20150623/93/pst.000005712991/868.png"; bbox 0 0 3764 6304; ppageno 0'>
   <div class='ocr_carea' id='block_1_1' title="bbox 13 318 1813 391">
    <p class='ocr_par' dir='ltr' id='par_1_1' title="bbox 13 318 1813 391">
     <span class='ocr_line' id='line_1_1' title="bbox 13 318 1813 391; baseline 0.008 -17"><span class='ocrx_word' id='word_1_1' title='bbox 13 318 86 379; x_wconf 76' lang='lat' dir='ltr'><strong>f5</strong></span> <span class='ocrx_word' id='word_1_2' title='bbox 1387 327 1813 391; x_wconf 77' lang='lat' dir='ltr'><strong>SERMONES.</strong></span> 
     </span>
    </p>
   </div>
   <div class='ocr_carea' id='block_1_2' title="bbox 3093 339 3232 405">
    <p class='ocr_par' dir='ltr' id='par_1_2' title="bbox 3093 339 3232 405">
     <span class='ocr_line' id='line_1_2' title="bbox 3093 339 3232 405; baseline 0.029 -4"><span class='ocrx_word' id='word_1_3' title='bbox 3093 339 3232 405; x_wconf 77' lang='grc'><strong>1466</strong></span> 
     </span>
    </p>
   </div>
   <div class='ocr_carea' id='block_1_3' title="bbox 21 427 1564 525">
    <p class='ocr_par' dir='ltr' id='par_1_3' title="bbox 21 427 1561 520">
     <span class='ocr_line' id='line_1_3' title="bbox 21 427 1561 520; baseline 0.007 -41"><span class='ocrx_word' id='word_1_4' title='bbox 21 427 301 499; x_wconf 66' lang='grc' dir='ltr'>ἀραντου,</span> <span class='ocrx_word' id='word_1_5' title='bbox 333 433 456 503; x_wconf 73' lang='grc' dir='ltr'>ἄρα</span> <span class='ocrx_word' id='word_1_6' title='bbox 490 435 522 505; x_wconf 79' lang='grc' dir='ltr'>ἡ</span> <span class='ocrx_word' id='word_1_7' title='bbox 549 434 1166 520; x_wconf 32' lang='grc' dir='ltr'>Παρθένοςιὰφθαρσίας</span> <span class='ocrx_word' id='word_1_8' title='bbox 1199 436 1396 505; x_wconf 74' lang='grc' dir='ltr'>φυτὸν,</span> <span class='ocrx_word' id='word_1_9' title='bbox 1430 438 1561 490; x_wconf 82' lang='grc' dir='ltr'>ἀθα-</span> 
     </span>
    </p>
   </div>
   <div class='ocr_carea' id='block_1_4' title="bbox 1679 427 3229 525">
    <p class='ocr_par' dir='ltr' id='par_1_4' title="bbox 1679 443 3229 525">
     <span class='ocr_line' id='line_1_4' title="bbox 1679 443 3229 525; baseline 0.01 -32"><span class='ocrx_word' id='word_1_10' title='bbox 1679 443 2003 511; x_wconf 79' lang='lat' dir='ltr'><strong>)rospiciens</strong></span> <span class='ocrx_word' id='word_1_11' title='bbox 2032 461 2211 517; x_wconf 83' lang='lat' dir='ltr'><strong>nuper</strong></span> <span class='ocrx_word' id='word_1_12' title='bbox 2270 446 2603 518; x_wconf 85' lang='lat' dir='ltr'><strong>acelamabat</strong></span> <span class='ocrx_word' id='word_1_13' title='bbox 2643 448 2833 505; x_wconf 89' lang='lat' dir='ltr'><strong>dicens</strong></span> <span class='ocrx_word' id='word_1_14' title='bbox 2868 466 2881 503; x_wconf 89' lang='lat'><strong>:</strong></span> <span class='ocrx_word' id='word_1_15' title='bbox 2921 449 3053 504; x_wconf 85' lang='lat' dir='ltr'><em>Ecce</em></span> <span class='ocrx_word' id='word_1_16' title='bbox 3083 456 3229 525; x_wconf 75' lang='lat' dir='ltr'><strong>virgo</strong></span> 
     </span>
    </p>
   </div>
   <div class='ocr_carea' id='block_1_5' title="bbox 13 520 1554 599">
    <p class='ocr_par' dir='ltr' id='par_1_5' title="bbox 13 520 1554 599">
     <span class='ocr_line' id='line_1_5' title="bbox 13 520 1554 599; baseline 0.005 -24"><span class='ocrx_word' id='word_1_17' title='bbox 13 520 136 585; x_wconf 73' lang='grc' dir='ltr'>τίας</span> <span class='ocrx_word' id='word_1_18' title='bbox 170 523 547 595; x_wconf 77' lang='grc' dir='ltr'><strong>παράδεισος.</strong></span> <span class='ocrx_word' id='word_1_19' title='bbox 579 523 672 587; x_wconf 80' lang='grc' dir='ltr'><strong>Εἰς</strong></span> <span class='ocrx_word' id='word_1_20' title='bbox 714 527 779 597; x_wconf 80' lang='grc' dir='ltr'>ἢν</span> <span class='ocrx_word' id='word_1_21' title='bbox 810 526 1037 589; x_wconf 75' lang='grc' dir='ltr'>Ἡσαΐας</span> <span class='ocrx_word' id='word_1_22' title='bbox 1066 527 1239 581; x_wconf 84' lang='grc' dir='ltr'>ταῦτα</span> <span class='ocrx_word' id='word_1_23' title='bbox 1281 527 1419 582; x_wconf 88' lang='grc' dir='ltr'>θεῶν</span> <span class='ocrx_word' id='word_1_24' title='bbox 1455 530 1554 599; x_wconf 85' lang='grc' dir='ltr'><strong>ἁρ-</strong></span> 
     </span>
    </p>
   </div>
   <div class='ocr_carea' id='block_1_6' title="bbox 13 612 1556 685">
    <p class='ocr_par' dir='ltr' id='par_1_6' title="bbox 13 612 1556 685">
     <span class='ocr_line' id='line_1_6' title="bbox 13 612 1556 685; baseline 0.007 -23"><span class='ocrx_word' id='word_1_25' title='bbox 13 627 69 673; x_wconf 65' lang='grc' dir='ltr'>δς</span> <span class='ocrx_word' id='word_1_26' title='bbox 123 612 585 683; x_wconf 68' lang='grc' dir='ltr'>προανεφιὶνιησε</span> <span class='ocrx_word' id='word_1_27' title='bbox 628 614 831 683; x_wconf 73' lang='grc' dir='ltr'>λέγων·</span> <span class='ocrx_word' id='word_1_28' title='bbox 860 613 1040 680; x_wconf 76' lang='grc' dir='ltr'>Ἰδοὺ,</span> <span class='ocrx_word' id='word_1_29' title='bbox 1077 616 1117 684; x_wconf 74' lang='grc' dir='ltr'>ἡ</span> <span class='ocrx_word' id='word_1_30' title='bbox 1152 617 1453 685; x_wconf 80' lang='grc' dir='ltr'>Παρθένος</span> <span class='ocrx_word' id='word_1_31' title='bbox 1483 620 1556 673; x_wconf 78' lang='grc' dir='ltr'><strong>ἐν</strong></span> 
     </span>
    </p>
   </div>
   <div class='ocr_carea' id='block_1_7' title="bbox 13 692 1554 770">
    <p class='ocr_par' dir='ltr' id='par_1_7' title="bbox 13 692 1554 770">
     <span class='ocr_line' id='line_1_7' title="bbox 13 692 1554 770; baseline 0.005 -15"><span class='ocrx_word' id='word_1_32' title='bbox 13 702 165 769; x_wconf 69' lang='lat' dir='ltr'><strong>arpi</strong></span> <span class='ocrx_word' id='word_1_33' title='bbox 191 702 498 770; x_wconf 72' lang='grc' dir='ltr'>λήψεται,</span> <span class='ocrx_word' id='word_1_34' title='bbox 537 704 636 757; x_wconf 77' lang='grc' dir='ltr'><strong>καί</strong></span> <span class='ocrx_word' id='word_1_35' title='bbox 662 692 891 769; x_wconf 67' lang='grc' dir='ltr'>τέξεται</span> <span class='ocrx_word' id='word_1_36' title='bbox 918 706 1076 767; x_wconf 78' lang='grc' dir='ltr'>υίὸν,</span> <span class='ocrx_word' id='word_1_37' title='bbox 1098 707 1193 760; x_wconf 80' lang='grc' dir='ltr'>καὶ</span> <span class='ocrx_word' id='word_1_38' title='bbox 1216 707 1554 763; x_wconf 71' lang='grc' dir='ltr'>καλέσουσι</span> 
     </span>
    </p>
   </div>
   <div class='ocr_carea' id='block_1_8' title="bbox 55 788 1552 868">
    <p class='ocr_par' dir='ltr' id='par_1_8' title="bbox 55 788 1552 868">
     <span class='ocr_line' id='line_1_8' title="bbox 55 788 1552 868; baseline 0.006 -25"><span class='ocrx_word' id='word_1_39' title='bbox 55 791 268 861; x_wconf 82' lang='grc' dir='ltr'>ὄνομα</span> <span class='ocrx_word' id='word_1_40' title='bbox 316 793 519 847; x_wconf 83' lang='grc' dir='ltr'>αὐτοῦ</span> <span class='ocrx_word' id='word_1_41' title='bbox 549 794 953 863; x_wconf 76' lang='grc' dir='ltr'>Ἐμμανουήλ.</span> <span class='ocrx_word' id='word_1_42' title='bbox 983 794 1118 849; x_wconf 79' lang='grc' dir='ltr'>Ἰδοὺ</span> <span class='ocrx_word' id='word_1_43' title='bbox 1259 798 1552 868; x_wconf 81' lang='grc' dir='ltr'>Παρθένος’</span> 
     </span>
    </p>
   </div>
   <div class='ocr_carea' id='block_1_9' title="bbox 14 882 1556 957">
    <p class='ocr_par' dir='ltr' id='par_1_9' title="bbox 14 882 1556 957">
     <span class='ocr_line' id='line_1_9' title="bbox 14 882 1556 957; baseline 0.004 -23"><span class='ocrx_word' id='word_1_44' title='bbox 14 882 108 947; x_wconf 86' lang='grc' dir='ltr'>ία;</span> <span class='ocrx_word' id='word_1_45' title='bbox 162 882 236 935; x_wconf 87' lang='grc' dir='ltr'><em>Ἡ</em></span> <span class='ocrx_word' id='word_1_46' title='bbox 287 884 411 938; x_wconf 80' lang='grc' dir='ltr'><strong>τῶν</strong></span> <span class='ocrx_word' id='word_1_47' title='bbox 458 885 733 953; x_wconf 87' lang='grc' dir='ltr'>γυναικῶν</span> <span class='ocrx_word' id='word_1_48' title='bbox 766 884 1040 957; x_wconf 80' lang='grc' dir='ltr'>ἔγκριτος,</span> <span class='ocrx_word' id='word_1_49' title='bbox 1074 887 1108 957; x_wconf 79' lang='grc' dir='ltr'><strong>ἡ</strong></span> <span class='ocrx_word' id='word_1_50' title='bbox 1140 886 1245 939; x_wconf 91' lang='grc' dir='ltr'><strong>τῶν</strong></span> <span class='ocrx_word' id='word_1_51' title='bbox 1274 887 1556 957; x_wconf 75' lang='grc' dir='ltr'>παρθένων</span> 
     </span>
    </p>
   </div>
   <div class='ocr_carea' id='block_1_10' title="bbox 13 970 1553 1044">
    <p class='ocr_par' dir='ltr' id='par_1_10' title="bbox 13 970 1553 1044">
     <span class='ocr_line' id='line_1_10' title="bbox 13 970 1553 1044; baseline 0.004 -22"><span class='ocrx_word' id='word_1_52' title='bbox 13 970 265 1041; x_wconf 82' lang='grc' dir='ltr'>ιίρετος,</span> <span class='ocrx_word' id='word_1_53' title='bbox 298 971 368 1039; x_wconf 65' lang='grc' dir='ltr'>τρ</span> <span class='ocrx_word' id='word_1_54' title='bbox 410 973 606 1041; x_wconf 67' lang='grc' dir='ltr'>σεμνὸν</span> <span class='ocrx_word' id='word_1_55' title='bbox 651 970 751 1042; x_wconf 83' lang='grc' dir='ltr'>τῆς</span> <span class='ocrx_word' id='word_1_56' title='bbox 795 973 1066 1044; x_wconf 83' lang='grc' dir='ltr'>ἡμετέρας</span> <span class='ocrx_word' id='word_1_57' title='bbox 1102 973 1315 1042; x_wconf 84' lang='grc' dir='ltr'>φύσεως</span> <span class='ocrx_word' id='word_1_58' title='bbox 1359 975 1553 1042; x_wconf 75' lang='grc' dir='ltr'>ἐγκαλ-</span> 
     </span>
    </p>
   </div>
   <div class='ocr_carea' id='block_1_11' title="bbox 18 1063 1556 1138">
    <p class='ocr_par' dir='ltr' id='par_1_11' title="bbox 18 1063 1556 1138">
     <span class='ocr_line' id='line_1_11' title="bbox 18 1063 1556 1138; baseline 0.005 -25"><span class='ocrx_word' id='word_1_59' title='bbox 18 1078 242 1132; x_wconf 85' lang='grc' dir='ltr'>πισμα,</span> <span class='ocrx_word' id='word_1_60' title='bbox 277 1063 348 1116; x_wconf 79' lang='grc' dir='ltr'>τὸ</span> <span class='ocrx_word' id='word_1_61' title='bbox 401 1063 498 1116; x_wconf 87' lang='grc' dir='ltr'><strong>τοῦ</strong></span> <span class='ocrx_word' id='word_1_62' title='bbox 543 1063 716 1134; x_wconf 84' lang='grc' dir='ltr'>πηλοῦ</span> <span class='ocrx_word' id='word_1_63' title='bbox 766 1065 1036 1135; x_wconf 76' lang='grc' dir='ltr'><strong>ἡμετέρου</strong></span> <span class='ocrx_word' id='word_1_64' title='bbox 1087 1064 1367 1136; x_wconf 85' lang='grc' dir='ltr'>καύχημα,</span> <span class='ocrx_word' id='word_1_65' title='bbox 1396 1068 1430 1137; x_wconf 79' lang='grc' dir='ltr'><strong>ἡ</strong></span> <span class='ocrx_word' id='word_1_66' title='bbox 1456 1066 1556 1138; x_wconf 83' lang='grc' dir='ltr'>τῆς</span> 
     </span>
    </p>
   </div>
   <div class='ocr_carea' id='block_1_12' title="bbox 13 1152 1557 1227">
    <p class='ocr_par' dir='ltr' id='par_1_12' title="bbox 13 1152 1557 1227">
     <span class='ocr_line' id='line_1_12' title="bbox 13 1152 1557 1227; baseline 0.003 -22"><span class='ocrx_word' id='word_1_67' title='bbox 13 1153 225 1223; x_wconf 71' lang='grc' dir='ltr'>ῖχύνης</span> <span class='ocrx_word' id='word_1_68' title='bbox 279 1154 395 1225; x_wconf 83' lang='grc' dir='ltr'>τὴν</span> <span class='ocrx_word' id='word_1_69' title='bbox 449 1152 593 1207; x_wconf 75' lang='grc' dir='ltr'>Εὕαν</span> <span class='ocrx_word' id='word_1_70' title='bbox 620 1195 637 1221; x_wconf 90' lang='grc'><strong>,</strong></span> <span class='ocrx_word' id='word_1_71' title='bbox 682 1155 775 1207; x_wconf 70' lang='grc' dir='ltr'>καὶ</span> <span class='ocrx_word' id='word_1_72' title='bbox 823 1154 925 1224; x_wconf 81' lang='grc' dir='ltr'>τῆς</span> <span class='ocrx_word' id='word_1_73' title='bbox 970 1154 1203 1226; x_wconf 81' lang='grc' dir='ltr'><strong>ἀπειλῆς</strong></span> <span class='ocrx_word' id='word_1_74' title='bbox 1252 1157 1344 1223; x_wconf 74' lang='grc' dir='ltr'>τὸν</span> <span class='ocrx_word' id='word_1_75' title='bbox 1382 1156 1557 1227; x_wconf 72' lang='grc' dir='ltr'>’Δδαμ</span> 
     </span>
    </p>
   </div>
   <div class='ocr_carea' id='block_1_13' title="bbox 13 1243 1556 1318">
    <p class='ocr_par' dir='ltr' id='par_1_13' title="bbox 13 1243 1556 1318">
     <span class='ocr_line' id='line_1_13' title="bbox 13 1243 1556 1318; baseline 0.003 -21"><span class='ocrx_word' id='word_1_76' title='bbox 13 1243 358 1309; x_wconf 74' lang='grc' dir='ltr'><strong>ἀλλάξασα,</strong></span> <span class='ocrx_word' id='word_1_77' title='bbox 392 1246 427 1316; x_wconf 81' lang='grc' dir='ltr'><strong>ἡ</strong></span> <span class='ocrx_word' id='word_1_78' title='bbox 456 1245 552 1315; x_wconf 79' lang='grc' dir='ltr'>τὴν</span> <span class='ocrx_word' id='word_1_79' title='bbox 587 1246 897 1316; x_wconf 69' lang='grc' dir='ltr'>παρρησίαν</span> <span class='ocrx_word' id='word_1_80' title='bbox 923 1246 1277 1316; x_wconf 81' lang='grc' dir='ltr'><strong>ἀποτεμοῦσα</strong></span> <span class='ocrx_word' id='word_1_81' title='bbox 1302 1246 1395 1301; x_wconf 88' lang='grc' dir='ltr'><strong>τοῦ</strong></span> <span class='ocrx_word' id='word_1_82' title='bbox 1424 1247 1556 1318; x_wconf 82' lang='grc' dir='ltr'>δρά-</span> 
     </span>
    </p>
   </div>
   <div class='ocr_carea' id='block_1_14' title="bbox 13 1331 1555 1410">
    <p class='ocr_par' dir='ltr' id='par_1_14' title="bbox 13 1331 1555 1410">
     <span class='ocr_line' id='line_1_14' title="bbox 13 1331 1555 1410; baseline 0.003 -22"><span class='ocrx_word' id='word_1_83' title='bbox 13 1353 141 1399; x_wconf 77' lang='grc' dir='ltr'>ντος</span> <span class='ocrx_word' id='word_1_84' title='bbox 161 1352 178 1366; x_wconf 88' lang='grc'><strong>·</strong></span> <span class='ocrx_word' id='word_1_85' title='bbox 213 1331 291 1410; x_wconf 80' lang='grc' dir='ltr'>ἦς</span> <span class='ocrx_word' id='word_1_86' title='bbox 332 1337 546 1399; x_wconf 73' lang='grc' dir='ltr'>καπνὸς</span> <span class='ocrx_word' id='word_1_87' title='bbox 579 1337 874 1406; x_wconf 78' lang='grc' dir='ltr'><strong>ἐπιθυμίας</strong></span> <span class='ocrx_word' id='word_1_88' title='bbox 901 1337 998 1409; x_wconf 74' lang='grc' dir='ltr'><strong>οὐχ</strong></span> <span class='ocrx_word' id='word_1_89' title='bbox 1025 1337 1233 1407; x_wconf 79' lang='grc' dir='ltr'>ἥψατο,</span> <span class='ocrx_word' id='word_1_90' title='bbox 1260 1339 1382 1392; x_wconf 77' lang='grc' dir='ltr'><strong>οὐδὲ</strong></span> <span class='ocrx_word' id='word_1_91' title='bbox 1410 1339 1555 1392; x_wconf 78' lang='grc' dir='ltr'>σκὼ-</span> 
     </span>
    </p>
   </div>
   <div class='ocr_carea' id='block_1_15' title="bbox 13 1427 1555 1498">
    <p class='ocr_par' dir='ltr' id='par_1_15' title="bbox 13 1427 1555 1498">
     <span class='ocr_line' id='line_1_15' title="bbox 13 1427 1555 1498; baseline 0.003 -18"><span class='ocrx_word' id='word_1_92' title='bbox 13 1428 39 1493; x_wconf 79' lang='grc' dir='ltr'>Ξ</span> <span class='ocrx_word' id='word_1_93' title='bbox 88 1429 283 1498; x_wconf 77' lang='grc' dir='ltr'>αὐτὴν</span> <span class='ocrx_word' id='word_1_94' title='bbox 332 1427 678 1498; x_wconf 77' lang='grc' dir='ltr'><strong>ἡδυπαθείας</strong></span> <span class='ocrx_word' id='word_1_95' title='bbox 722 1427 975 1498; x_wconf 74' lang='grc' dir='ltr'>ἔϐλαψεν.</span> <span class='ocrx_word' id='word_1_96' title='bbox 999 1428 1157 1483; x_wconf 82' lang='grc' dir='ltr'><strong>ἰδοὺ</strong></span> <span class='ocrx_word' id='word_1_97' title='bbox 1184 1430 1222 1497; x_wconf 76' lang='grc' dir='ltr'><strong><em>ἠ</em></strong></span> <span class='ocrx_word' id='word_1_98' title='bbox 1253 1430 1555 1497; x_wconf 67' lang='grc' dir='ltr'>Παρθένιος</span> 
     </span>
    </p>
   </div>
   <div class='ocr_carea' id='block_1_16' title="bbox 44 1515 1554 1592">
    <p class='ocr_par' dir='ltr' id='par_1_16' title="bbox 44 1515 1554 1592">
     <span class='ocr_line' id='line_1_16' title="bbox 44 1515 1554 1592; baseline 0 -19"><span class='ocrx_word' id='word_1_99' title='bbox 44 1523 283 1588; x_wconf 77' lang='grc' dir='ltr'>γαστρὶ</span> <span class='ocrx_word' id='word_1_100' title='bbox 316 1520 613 1588; x_wconf 74' lang='grc' dir='ltr'>λήψεται·</span> <span class='ocrx_word' id='word_1_101' title='bbox 644 1519 827 1578; x_wconf 83' lang='grc' dir='ltr'>πόθεν.</span> <span class='ocrx_word' id='word_1_102' title='bbox 863 1515 909 1574; x_wconf 81' lang='grc' dir='ltr'><strong>ὧ</strong></span> <span class='ocrx_word' id='word_1_103' title='bbox 952 1520 1240 1592; x_wconf 85' lang='grc' dir='ltr'>προφῆτα;</span> <span class='ocrx_word' id='word_1_104' title='bbox 1269 1521 1344 1573; x_wconf 82' lang='grc' dir='ltr'><strong>Οὐ</strong></span> <span class='ocrx_word' id='word_1_105' title='bbox 1391 1520 1554 1588; x_wconf 82' lang='grc' dir='ltr'>λέγω,</span> 
     </span>
    </p>
   </div>
   <div class='ocr_carea' id='block_1_17' title="bbox 21 1611 1558 1683">
    <p class='ocr_par' dir='ltr' id='par_1_17' title="bbox 21 1611 1558 1683">
     <span class='ocr_line' id='line_1_17' title="bbox 21 1611 1558 1683; baseline 0.001 -20"><span class='ocrx_word' id='word_1_106' title='bbox 21 1611 101 1664; x_wconf 84' lang='grc' dir='ltr'>σί.</span> <span class='ocrx_word' id='word_1_107' title='bbox 144 1612 338 1665; x_wconf 85' lang='grc' dir='ltr'>Τοῦτο</span> <span class='ocrx_word' id='word_1_108' title='bbox 391 1612 502 1683; x_wconf 84' lang='grc' dir='ltr'>γὰρ</span> <span class='ocrx_word' id='word_1_109' title='bbox 554 1611 632 1683; x_wconf 83' lang='grc' dir='ltr'>τῷ</span> <span class='ocrx_word' id='word_1_110' title='bbox 680 1611 921 1683; x_wconf 74' lang='grc' dir='ltr'>Γαϐριὴλ</span> <span class='ocrx_word' id='word_1_111' title='bbox 967 1611 1334 1681; x_wconf 86' lang='grc' dir='ltr'>πεφύλακται.</span> <span class='ocrx_word' id='word_1_112' title='bbox 1367 1612 1558 1665; x_wconf 71' lang='grc' dir='ltr'>Πολλοὶ</span> 
     </span>
    </p>
   </div>
   <div class='ocr_carea' id='block_1_18' title="bbox 13 1701 1558 1773">
    <p class='ocr_par' dir='ltr' id='par_1_18' title="bbox 13 1701 1558 1773">
     <span class='ocr_line' id='line_1_18' title="bbox 13 1701 1558 1773; baseline 0.003 -19"><span class='ocrx_word' id='word_1_113' title='bbox 13 1721 37 1766; x_wconf 82' lang='grc' dir='ltr'><strong>ς</strong></span> <span class='ocrx_word' id='word_1_114' title='bbox 67 1702 366 1755; x_wconf 76' lang='grc' dir='ltr'>Θεοτὸκου</span> <span class='ocrx_word' id='word_1_115' title='bbox 398 1702 734 1772; x_wconf 74' lang='grc' dir='ltr'>διαιροῦνται</span> <span class='ocrx_word' id='word_1_116' title='bbox 754 1702 824 1755; x_wconf 78' lang='grc' dir='ltr'>τὰ</span> <span class='ocrx_word' id='word_1_117' title='bbox 847 1701 1122 1772; x_wconf 79' lang='grc' dir='ltr'>θαύματα,</span> <span class='ocrx_word' id='word_1_118' title='bbox 1140 1703 1310 1757; x_wconf 87' lang='grc' dir='ltr'>πολλὰ</span> <span class='ocrx_word' id='word_1_119' title='bbox 1331 1703 1385 1756; x_wconf 83' lang='grc' dir='ltr'>δὲ</span> <span class='ocrx_word' id='word_1_120' title='bbox 1408 1705 1558 1773; x_wconf 84' lang='grc' dir='ltr'>ὅμως</span> 
     </span>
    </p>
   </div>
   <div class='ocr_carea' id='block_1_19' title="bbox 13 1782 1635 1865">
    <p class='ocr_par' dir='ltr' id='par_1_19' title="bbox 13 1782 1635 1865">
     <span class='ocr_line' id='line_1_19' title="bbox 13 1782 1635 1865; baseline 0.001 -20"><span class='ocrx_word' id='word_1_121' title='bbox 13 1793 35 1845; x_wconf 76' lang='grc' dir='ltr'><strong>ὶ</strong></span> <span class='ocrx_word' id='word_1_122' title='bbox 70 1792 138 1857; x_wconf 76' lang='grc' dir='ltr'><strong>ἐξ</strong></span> <span class='ocrx_word' id='word_1_123' title='bbox 171 1792 375 1845; x_wconf 76' lang='grc' dir='ltr'>αὐτῶν</span> <span class='ocrx_word' id='word_1_124' title='bbox 416 1793 849 1865; x_wconf 68' lang='grc' dir='ltr'>παραλέλειπται</span> <span class='ocrx_word' id='word_1_125' title='bbox 873 1809 886 1824; x_wconf 76' lang='grc' dir='ltr'>ο</span> <span class='ocrx_word' id='word_1_126' title='bbox 935 1793 1075 1863; x_wconf 80' lang='grc' dir='ltr'>πλὴν</span> <span class='ocrx_word' id='word_1_127' title='bbox 1120 1792 1229 1861; x_wconf 66' lang='grc' dir='ltr'><strong>ἐγὼ</strong></span> <span class='ocrx_word' id='word_1_128' title='bbox 1270 1793 1361 1847; x_wconf 79' lang='grc' dir='ltr'>τὸν</span> <span class='ocrx_word' id='word_1_129' title='bbox 1401 1795 1559 1848; x_wconf 80' lang='grc' dir='ltr'><strong>τόκον</strong></span> <span class='ocrx_word' id='word_1_130' title='bbox 1594 1782 1635 1835; x_wconf 77' lang='grc' dir='ltr'><strong><em>Β</em></strong></span> 
     </span>
    </p>
   </div>
   <div class='ocr_carea' id='block_1_20' title="bbox 13 1883 1557 1956">
    <p class='ocr_par' dir='ltr' id='par_1_20' title="bbox 13 1883 1557 1956">
     <span class='ocr_line' id='line_1_20' title="bbox 13 1883 1557 1956; baseline 0.003 -20"><span class='ocrx_word' id='word_1_131' title='bbox 13 1902 40 1947; x_wconf 88' lang='grc' dir='ltr'><strong>ς</strong></span> <span class='ocrx_word' id='word_1_132' title='bbox 67 1883 496 1954; x_wconf 74' lang='grc' dir='ltr'>Ἀειπαρθένου</span> <span class='ocrx_word' id='word_1_133' title='bbox 529 1885 897 1954; x_wconf 75' lang='grc' dir='ltr'><strong>πεπίστευμαι</strong></span> <span class='ocrx_word' id='word_1_134' title='bbox 918 1901 934 1916; x_wconf 82' lang='grc'><em>’</em></span> <span class='ocrx_word' id='word_1_135' title='bbox 976 1883 1235 1955; x_wconf 85' lang='grc' dir='ltr'>Μιχαίας,</span> <span class='ocrx_word' id='word_1_136' title='bbox 1253 1885 1345 1938; x_wconf 85' lang='grc' dir='ltr'>τὸν</span> <span class='ocrx_word' id='word_1_137' title='bbox 1383 1885 1557 1956; x_wconf 85' lang='grc' dir='ltr'>χῶρον</span> 
     </span>
    </p>
   </div>
   <div class='ocr_carea' id='block_1_21' title="bbox 25 1969 1558 2047">
    <p class='ocr_par' dir='ltr' id='par_1_21' title="bbox 25 1969 1558 2047">
     <span class='ocr_line' id='line_1_21' title="bbox 25 1969 1558 2047; baseline 0.002 -20"><span class='ocrx_word' id='word_1_138' title='bbox 25 1969 74 2045; x_wconf 78' lang='grc' dir='ltr'>ᾧ</span> <span class='ocrx_word' id='word_1_139' title='bbox 93 1975 157 2027; x_wconf 82' lang='grc' dir='ltr'><strong>τδ</strong></span> <span class='ocrx_word' id='word_1_140' title='bbox 186 1975 397 2044; x_wconf 83' lang='grc' dir='ltr'>θαῦμα</span> <span class='ocrx_word' id='word_1_141' title='bbox 434 1976 782 2047; x_wconf 81' lang='grc' dir='ltr'>πέπρακται·</span> <span class='ocrx_word' id='word_1_142' title='bbox 819 1974 1002 2040; x_wconf 73' lang='grc' dir='ltr'>Δασὶδ,</span> <span class='ocrx_word' id='word_1_143' title='bbox 1029 1976 1121 2028; x_wconf 77' lang='grc' dir='ltr'>τὸν</span> <span class='ocrx_word' id='word_1_144' title='bbox 1152 1975 1362 2046; x_wconf 85' lang='grc' dir='ltr'>καιρόν.</span> <span class='ocrx_word' id='word_1_145' title='bbox 1388 1976 1558 2040; x_wconf 81' lang='grc' dir='ltr'>Αὐτὸς</span> 
     </span>
    </p>
   </div>
   <div class='ocr_carea' id='block_1_22' title="bbox 21 2064 1556 2139">
    <p class='ocr_par' dir='ltr' id='par_1_22' title="bbox 21 2064 1556 2139">
     <span class='ocr_line' id='line_1_22' title="bbox 21 2064 1556 2139; baseline 0 -19"><span class='ocrx_word' id='word_1_146' title='bbox 21 2084 54 2139; x_wconf 90' lang='grc' dir='ltr'><strong>ρ</strong></span> <span class='ocrx_word' id='word_1_147' title='bbox 86 2067 177 2131; x_wconf 84' lang='grc' dir='ltr'><strong>τὺ,</strong></span> <span class='ocrx_word' id='word_1_148' title='bbox 208 2068 323 2121; x_wconf 67' lang='grc' dir='ltr'>Ἐκ</span> <span class='ocrx_word' id='word_1_149' title='bbox 358 2068 625 2136; x_wconf 79' lang='grc' dir='ltr'>γαστρὸς</span> <span class='ocrx_word' id='word_1_150' title='bbox 651 2066 765 2135; x_wconf 76' lang='grc' dir='ltr'>πρὸ</span> <span class='ocrx_word' id='word_1_151' title='bbox 795 2067 1106 2136; x_wconf 72' lang='grc' dir='ltr'>ἑωσφόρον</span> <span class='ocrx_word' id='word_1_152' title='bbox 1128 2064 1427 2135; x_wconf 76' lang='grc' dir='ltr'><strong>ἐγέννησὰ</strong></span> <span class='ocrx_word' id='word_1_153' title='bbox 1462 2082 1556 2129; x_wconf 89' lang='grc' dir='ltr'><strong>σε,</strong></span> 
     </span>
    </p>
   </div>
   <div class='ocr_carea' id='block_1_23' title="bbox 42 2157 1560 2229">
    <p class='ocr_par' dir='ltr' id='par_1_23' title="bbox 42 2157 1560 2229">
     <span class='ocr_line' id='line_1_23' title="bbox 42 2157 1560 2229; baseline -0.001 -17"><span class='ocrx_word' id='word_1_154' title='bbox 42 2159 162 2213; x_wconf 85' lang='grc' dir='ltr'><strong>τῶν</strong></span> <span class='ocrx_word' id='word_1_155' title='bbox 194 2158 466 2229; x_wconf 78' lang='grc' dir='ltr'>Ψαλμῶν</span> <span class='ocrx_word' id='word_1_156' title='bbox 498 2158 809 2229; x_wconf 68' lang='grc' dir='ltr'>προφητεία</span> <span class='ocrx_word' id='word_1_157' title='bbox 836 2158 1084 2227; x_wconf 73' lang='grc' dir='ltr'>ἐνέθηκε.</span> <span class='ocrx_word' id='word_1_158' title='bbox 1116 2157 1357 2228; x_wconf 79' lang='grc' dir='ltr'>Γασριὴλ</span> <span class='ocrx_word' id='word_1_159' title='bbox 1378 2158 1560 2211; x_wconf 79' lang='grc' dir='ltr'><strong>τοίνυν</strong></span> 
     </span>
    </p>
   </div>
   <div class='ocr_carea' id='block_1_24' title="bbox 14 2247 1556 2320">
    <p class='ocr_par' dir='ltr' id='par_1_24' title="bbox 14 2247 1556 2320">
     <span class='ocr_line' id='line_1_24' title="bbox 14 2247 1556 2320; baseline -0.003 -18"><span class='ocrx_word' id='word_1_160' title='bbox 14 2252 69 2302; x_wconf 84' lang='grc' dir='ltr'><strong>εἰ</strong></span> <span class='ocrx_word' id='word_1_161' title='bbox 93 2249 180 2311; x_wconf 76' lang='grc' dir='ltr'><strong>τὸ,</strong></span> <span class='ocrx_word' id='word_1_162' title='bbox 222 2249 428 2302; x_wconf 83' lang='grc' dir='ltr'>πόθεν.</span> <span class='ocrx_word' id='word_1_163' title='bbox 454 2250 695 2311; x_wconf 80' lang='grc' dir='ltr'>Ἐκεῖνος</span> <span class='ocrx_word' id='word_1_164' title='bbox 714 2248 822 2317; x_wconf 85' lang='grc' dir='ltr'><strong>γὰρ</strong></span> <span class='ocrx_word' id='word_1_165' title='bbox 849 2247 908 2313; x_wconf 70' lang='grc' dir='ltr'>ἐξ</span> <span class='ocrx_word' id='word_1_166' title='bbox 933 2247 1164 2317; x_wconf 75' lang='grc' dir='ltr'>οὐρανοῦ</span> <span class='ocrx_word' id='word_1_167' title='bbox 1197 2248 1524 2320; x_wconf 75' lang='grc' dir='ltr'><strong>κατέρχεται</strong></span> <span class='ocrx_word' id='word_1_168' title='bbox 1542 2263 1556 2275; x_wconf 70' lang='grc'><strong><em>³</em></strong></span> 
     </span>
    </p>
   </div>
   <div class='ocr_carea' id='block_1_25' title="bbox 13 2339 1556 2410">
    <p class='ocr_par' dir='ltr' id='par_1_25' title="bbox 13 2339 1556 2410">
     <span class='ocr_line' id='line_1_25' title="bbox 13 2339 1556 2410; baseline -0.002 -15"><span class='ocrx_word' id='word_1_169' title='bbox 13 2343 166 2404; x_wconf 85' lang='grc' dir='ltr'>εἶνος</span> <span class='ocrx_word' id='word_1_170' title='bbox 199 2341 297 2394; x_wconf 75' lang='grc' dir='ltr'><strong>ἐπ’</strong></span> <span class='ocrx_word' id='word_1_171' title='bbox 322 2341 464 2394; x_wconf 74' lang='grc' dir='ltr'>αὐτὸ</span> <span class='ocrx_word' id='word_1_172' title='bbox 500 2340 658 2393; x_wconf 86' lang='grc' dir='ltr'>τοῦτο</span> <span class='ocrx_word' id='word_1_173' title='bbox 684 2340 777 2392; x_wconf 77' lang='grc' dir='ltr'><strong>ἐπὶ</strong></span> <span class='ocrx_word' id='word_1_174' title='bbox 804 2340 903 2409; x_wconf 76' lang='grc' dir='ltr'>τὴν</span> <span class='ocrx_word' id='word_1_175' title='bbox 934 2339 1206 2410; x_wconf 80' lang='grc' dir='ltr'><strong>Παρθένον</strong></span> <span class='ocrx_word' id='word_1_176' title='bbox 1238 2340 1556 2410; x_wconf 81' lang='grc' dir='ltr'>πέμπεται·</span> 
     </span>
    </p>
   </div>
   <div class='ocr_carea' id='block_1_26' title="bbox 14 2430 1561 2501">
    <p class='ocr_par' dir='ltr' id='par_1_26' title="bbox 14 2430 1561 2501">
     <span class='ocr_line' id='line_1_26' title="bbox 14 2430 1561 2501; baseline -0.001 -16"><span class='ocrx_word' id='word_1_177' title='bbox 14 2435 167 2494; x_wconf 67' lang='lat' dir='ltr'><strong>sive;</strong></span> <span class='ocrx_word' id='word_1_178' title='bbox 197 2434 261 2484; x_wconf 82' lang='grc' dir='ltr'>ὲν</span> <span class='ocrx_word' id='word_1_179' title='bbox 298 2431 484 2501; x_wconf 84' lang='grc' dir='ltr'>καιρῷ</span> <span class='ocrx_word' id='word_1_180' title='bbox 512 2431 603 2485; x_wconf 91' lang='grc' dir='ltr'><strong>τοῦ</strong></span> <span class='ocrx_word' id='word_1_181' title='bbox 635 2432 794 2484; x_wconf 83' lang='grc' dir='ltr'>τόκου</span> <span class='ocrx_word' id='word_1_182' title='bbox 825 2432 1210 2501; x_wconf 77' lang='grc' dir='ltr'>παραγίνεται,</span> <span class='ocrx_word' id='word_1_183' title='bbox 1243 2432 1336 2485; x_wconf 80' lang='grc' dir='ltr'>καὶ</span> <span class='ocrx_word' id='word_1_184' title='bbox 1358 2430 1450 2489; x_wconf 85' lang='grc' dir='ltr'><strong>τοῦ</strong></span> <span class='ocrx_word' id='word_1_185' title='bbox 1476 2433 1561 2484; x_wconf 81' lang='grc' dir='ltr'>τό·</span> 
     </span>
    </p>
   </div>
   <div class='ocr_carea' id='block_1_27' title="bbox 17 2523 1560 2594">
    <p class='ocr_par' dir='ltr' id='par_1_27' title="bbox 17 2523 1560 2594">
     <span class='ocr_line' id='line_1_27' title="bbox 17 2523 1560 2594; baseline 0 -18"><span class='ocrx_word' id='word_1_186' title='bbox 17 2543 47 2576; x_wconf 76' lang='grc' dir='ltr'><strong>υ</strong></span> <span class='ocrx_word' id='word_1_187' title='bbox 81 2524 190 2593; x_wconf 84' lang='grc' dir='ltr'>τὴν</span> <span class='ocrx_word' id='word_1_188' title='bbox 221 2523 535 2577; x_wconf 79' lang='grc' dir='ltr'>ὑπόστασιν</span> <span class='ocrx_word' id='word_1_189' title='bbox 583 2523 895 2590; x_wconf 74' lang='grc' dir='ltr'>ἀναγκαίως</span> <span class='ocrx_word' id='word_1_190' title='bbox 943 2524 1279 2594; x_wconf 72' lang='grc' dir='ltr'>ἑρμηνεῦσαι</span> <span class='ocrx_word' id='word_1_191' title='bbox 1306 2523 1560 2577; x_wconf 81' lang='grc' dir='ltr'>πιστεύε-</span> 
     </span>
    </p>
   </div>
   <div class='ocr_carea' id='block_1_28' title="bbox 14 2613 1561 2683">
    <p class='ocr_par' dir='ltr' id='par_1_28' title="bbox 14 2613 1561 2683">
     <span class='ocr_line' id='line_1_28' title="bbox 14 2613 1561 2683; baseline 0.004 -18"><span class='ocrx_word' id='word_1_192' title='bbox 14 2633 62 2669; x_wconf 43' lang='grc' dir='ltr'><strong>νι.</strong></span> <span class='ocrx_word' id='word_1_193' title='bbox 100 2615 167 2669; x_wconf 78' lang='lat' dir='ltr'><strong>Et</strong></span> <span class='ocrx_word' id='word_1_194' title='bbox 206 2614 270 2668; x_wconf 71' lang='grc' dir='ltr'>δὲ</span> <span class='ocrx_word' id='word_1_195' title='bbox 310 2613 410 2667; x_wconf 78' lang='grc' dir='ltr'>καὶ</span> <span class='ocrx_word' id='word_1_196' title='bbox 453 2613 582 2683; x_wconf 87' lang='grc' dir='ltr'>παρ’</span> <span class='ocrx_word' id='word_1_197' title='bbox 605 2613 740 2682; x_wconf 69' lang='grc' dir='ltr'>ἐμοῦ</span> <span class='ocrx_word' id='word_1_198' title='bbox 771 2613 1062 2683; x_wconf 78' lang='grc' dir='ltr'>μανθάνειν</span> <span class='ocrx_word' id='word_1_199' title='bbox 1091 2614 1287 2677; x_wconf 79' lang='grc' dir='ltr'>θέλεις.</span> <span class='ocrx_word' id='word_1_200' title='bbox 1320 2614 1389 2669; x_wconf 80' lang='grc' dir='ltr'><strong>τὰ</strong></span> <span class='ocrx_word' id='word_1_201' title='bbox 1431 2615 1561 2682; x_wconf 74' lang='grc' dir='ltr'><strong>ἑξῆς</strong></span> 
     </span>
    </p>
   </div>
   <div class='ocr_carea' id='block_1_29' title="bbox 13 2703 1560 2777">
    <p class='ocr_par' dir='ltr' id='par_1_29' title="bbox 13 2703 1560 2777">
     <span class='ocr_line' id='line_1_29' title="bbox 13 2703 1560 2777; baseline -0.001 -19"><span class='ocrx_word' id='word_1_202' title='bbox 13 2723 55 2775; x_wconf 60' lang='grc' dir='ltr'>ις</span> <span class='ocrx_word' id='word_1_203' title='bbox 83 2704 454 2777; x_wconf 80' lang='grc' dir='ltr'>προφητείας</span> <span class='ocrx_word' id='word_1_204' title='bbox 476 2703 674 2757; x_wconf 74' lang='grc' dir='ltr'>ἔπελθε</span> <span class='ocrx_word' id='word_1_205' title='bbox 697 2721 712 2736; x_wconf 90' lang='grc'><strong>·</strong></span> <span class='ocrx_word' id='word_1_206' title='bbox 737 2704 847 2758; x_wconf 80' lang='lat' dir='ltr'><strong>Kal</strong></span> <span class='ocrx_word' id='word_1_207' title='bbox 880 2703 1109 2769; x_wconf 79' lang='grc' dir='ltr'>τέξεται</span> <span class='ocrx_word' id='word_1_208' title='bbox 1142 2707 1298 2769; x_wconf 75' lang='grc' dir='ltr'>υἱὸν,</span> <span class='ocrx_word' id='word_1_209' title='bbox 1328 2706 1426 2759; x_wconf 79' lang='grc' dir='ltr'>καὶ</span> <span class='ocrx_word' id='word_1_210' title='bbox 1455 2721 1560 2759; x_wconf 77' lang='lat' dir='ltr'><strong>xa-</strong></span> 
     </span>
    </p>
   </div>
   <div class='ocr_carea' id='block_1_30' title="bbox 13 2792 1561 2863">
    <p class='ocr_par' dir='ltr' id='par_1_30' title="bbox 13 2792 1561 2863">
     <span class='ocr_line' id='line_1_30' title="bbox 13 2792 1561 2863; baseline 0.003 -17"><span class='ocrx_word' id='word_1_211' title='bbox 13 2795 229 2849; x_wconf 78' lang='grc' dir='ltr'>ίσουσι</span> <span class='ocrx_word' id='word_1_212' title='bbox 255 2795 329 2847; x_wconf 82' lang='grc' dir='ltr'>τὸ</span> <span class='ocrx_word' id='word_1_213' title='bbox 389 2792 573 2860; x_wconf 82' lang='grc' dir='ltr'>ὄνομα</span> <span class='ocrx_word' id='word_1_214' title='bbox 594 2793 780 2848; x_wconf 80' lang='grc' dir='ltr'>αὐτοῦ</span> <span class='ocrx_word' id='word_1_215' title='bbox 813 2795 1211 2863; x_wconf 74' lang='grc' dir='ltr'>Ἐμμανουήλ.</span> <span class='ocrx_word' id='word_1_216' title='bbox 1249 2795 1313 2848; x_wconf 89' lang='grc' dir='ltr'>Τί</span> <span class='ocrx_word' id='word_1_217' title='bbox 1333 2795 1389 2849; x_wconf 79' lang='grc' dir='ltr'>δέ</span> <span class='ocrx_word' id='word_1_218' title='bbox 1414 2798 1561 2850; x_wconf 72' lang='grc' dir='ltr'>ἐστιν</span> 
     </span>
    </p>
   </div>
   <div class='ocr_carea' id='block_1_31' title="bbox 13 2883 1561 2955">
    <p class='ocr_par' dir='ltr' id='par_1_31' title="bbox 13 2883 1561 2955">
     <span class='ocr_line' id='line_1_31' title="bbox 13 2883 1561 2955; baseline 0.003 -19"><span class='ocrx_word' id='word_1_219' title='bbox 13 2883 376 2953; x_wconf 73' lang='grc' dir='ltr'>Ξμμανουήλ;</span> <span class='ocrx_word' id='word_1_220' title='bbox 400 2883 720 2951; x_wconf 75' lang='grc' dir='ltr'><strong>Μεθ’ἠμῶν</strong></span> <span class='ocrx_word' id='word_1_221' title='bbox 739 2887 771 2939; x_wconf 89' lang='grc' dir='ltr'><em>ὁ</em></span> <span class='ocrx_word' id='word_1_222' title='bbox 788 2885 955 2950; x_wconf 80' lang='grc' dir='ltr'>Θεός.</span> <span class='ocrx_word' id='word_1_223' title='bbox 980 2886 1071 2955; x_wconf 83' lang='grc' dir='ltr'><strong>Μὴ</strong></span> <span class='ocrx_word' id='word_1_224' title='bbox 1096 2887 1273 2938; x_wconf 84' lang='grc' dir='ltr'>τοίνυν</span> <span class='ocrx_word' id='word_1_225' title='bbox 1296 2885 1429 2949; x_wconf 76' lang='grc' dir='ltr'>Θεὸς</span> <span class='ocrx_word' id='word_1_226' title='bbox 1452 2887 1561 2941; x_wconf 77' lang='grc' dir='ltr'><strong>ἀπὸ</strong></span> 
     </span>
    </p>
   </div>
   <div class='ocr_carea' id='block_1_32' title="bbox 13 2974 1563 3047">
    <p class='ocr_par' dir='ltr' id='par_1_32' title="bbox 13 2974 1563 3047">
     <span class='ocr_line' id='line_1_32' title="bbox 13 2974 1563 3047; baseline 0.001 -19"><span class='ocrx_word' id='word_1_227' title='bbox 13 2976 152 3046; x_wconf 72' lang='grc' dir='ltr'>ἱμου</span> <span class='ocrx_word' id='word_1_228' title='bbox 177 2976 285 3029; x_wconf 75' lang='grc' dir='ltr'>καὶ</span> <span class='ocrx_word' id='word_1_229' title='bbox 316 2974 524 3045; x_wconf 77' lang='grc' dir='ltr'>φθορᾶς</span> <span class='ocrx_word' id='word_1_230' title='bbox 551 2975 1011 3045; x_wconf 73' lang='grc' dir='ltr'>συλλαμϐάνεται,</span> <span class='ocrx_word' id='word_1_231' title='bbox 1042 2978 1135 3030; x_wconf 81' lang='grc' dir='ltr'>καὶ</span> <span class='ocrx_word' id='word_1_232' title='bbox 1166 2977 1224 3041; x_wconf 75' lang='grc' dir='ltr'><strong>ἐξ</strong></span> <span class='ocrx_word' id='word_1_233' title='bbox 1258 2977 1446 3047; x_wconf 75' lang='grc' dir='ltr'>ἀνδρὸς</span> <span class='ocrx_word' id='word_1_234' title='bbox 1469 2980 1563 3032; x_wconf 80' lang='grc' dir='ltr'>καὶ</span> 
     </span>
    </p>
   </div>
   <div class='ocr_carea' id='block_1_33' title="bbox 13 3056 1560 3139">
    <p class='ocr_par' dir='ltr' id='par_1_33' title="bbox 13 3056 1560 3139">
     <span class='ocr_line' id='line_1_33' title="bbox 13 3056 1560 3139; baseline 0.003 -21"><span class='ocrx_word' id='word_1_235' title='bbox 13 3056 157 3136; x_wconf 74' lang='grc' dir='ltr'>ιίτης</span> <span class='ocrx_word' id='word_1_236' title='bbox 186 3065 461 3135; x_wconf 77' lang='grc' dir='ltr'>τεχθῆναι</span> <span class='ocrx_word' id='word_1_237' title='bbox 510 3065 545 3137; x_wconf 77' lang='grc' dir='ltr'>ἢ</span> <span class='ocrx_word' id='word_1_238' title='bbox 594 3066 944 3137; x_wconf 84' lang='grc' dir='ltr'>σαρκωθῆναι</span> <span class='ocrx_word' id='word_1_239' title='bbox 985 3056 1243 3133; x_wconf 75' lang='grc' dir='ltr'>δύναταις</span> <span class='ocrx_word' id='word_1_240' title='bbox 1272 3069 1560 3139; x_wconf 78' lang='grc' dir='ltr'><strong>Οὐδαμῶς,</strong></span> 
     </span>
    </p>
   </div>
   <div class='ocr_carea' id='block_1_34' title="bbox 13 3155 1561 3233">
    <p class='ocr_par' dir='ltr' id='par_1_34' title="bbox 13 3155 1561 3233">
     <span class='ocr_line' id='line_1_34' title="bbox 13 3155 1561 3233; baseline 0.002 -24"><span class='ocrx_word' id='word_1_241' title='bbox 13 3156 81 3210; x_wconf 61' lang='lat' dir='ltr'><strong>tl’</strong></span> <span class='ocrx_word' id='word_1_242' title='bbox 103 3156 175 3233; x_wconf 27' lang='grc' dir='ltr'><strong>ἐξ,</strong></span> <span class='ocrx_word' id='word_1_243' title='bbox 202 3155 496 3226; x_wconf 67' lang='grc' dir='ltr'>ἐνεργείας</span> <span class='ocrx_word' id='word_1_244' title='bbox 540 3155 698 3221; x_wconf 83' lang='grc' dir='ltr'>Θεοῦ,</span> <span class='ocrx_word' id='word_1_245' title='bbox 729 3157 791 3221; x_wconf 84' lang='grc' dir='ltr'><strong>ἐξ</strong></span> <span class='ocrx_word' id='word_1_246' title='bbox 835 3158 1241 3227; x_wconf 73' lang='grc' dir='ltr'>ἐπιφυτεὺσεως</span> <span class='ocrx_word' id='word_1_247' title='bbox 1286 3159 1561 3228; x_wconf 77' lang='grc' dir='ltr'>Ὑψίστου,</span> 
     </span>
    </p>
   </div>
   <div class='ocr_carea' id='block_1_35' title="bbox 15 3245 1567 3320">
    <p class='ocr_par' dir='ltr' id='par_1_35' title="bbox 15 3245 1567 3320">
     <span class='ocr_line' id='line_1_35' title="bbox 15 3245 1567 3320; baseline -0.001 -17"><span class='ocrx_word' id='word_1_248' title='bbox 15 3266 30 3302; x_wconf 88' lang='grc' dir='ltr'><strong>ι</strong></span> <span class='ocrx_word' id='word_1_249' title='bbox 63 3248 393 3320; x_wconf 82' lang='grc' dir='ltr'>παρουσίας</span> <span class='ocrx_word' id='word_1_250' title='bbox 420 3247 767 3317; x_wconf 78' lang='grc' dir='ltr'>Πνεῦματος,</span> <span class='ocrx_word' id='word_1_251' title='bbox 797 3249 862 3301; x_wconf 88' lang='grc' dir='ltr'>Τί</span> <span class='ocrx_word' id='word_1_252' title='bbox 903 3249 1011 3319; x_wconf 79' lang='grc' dir='ltr'>γὰρ</span> <span class='ocrx_word' id='word_1_253' title='bbox 1039 3245 1131 3302; x_wconf 86' lang='grc' dir='ltr'><strong>οὗν</strong></span> <span class='ocrx_word' id='word_1_254' title='bbox 1160 3249 1324 3317; x_wconf 75' lang='grc' dir='ltr'>ἡνίκα</span> <span class='ocrx_word' id='word_1_255' title='bbox 1356 3252 1390 3317; x_wconf 81' lang='grc' dir='ltr'>ὴ</span> <span class='ocrx_word' id='word_1_256' title='bbox 1419 3251 1567 3320; x_wconf 67' lang='grc' dir='ltr'>Παρο</span> 
     </span>
    </p>
   </div>
   <div class='ocr_carea' id='block_1_36' title="bbox 15 3338 1562 3410">
    <p class='ocr_par' dir='ltr' id='par_1_36' title="bbox 15 3338 1562 3410">
     <span class='ocr_line' id='line_1_36' title="bbox 15 3338 1562 3410; baseline 0 -17"><span class='ocrx_word' id='word_1_257' title='bbox 15 3339 126 3403; x_wconf 78' lang='grc' dir='ltr'>ἱνος</span> <span class='ocrx_word' id='word_1_258' title='bbox 151 3343 301 3410; x_wconf 82' lang='grc' dir='ltr'>πρὸς</span> <span class='ocrx_word' id='word_1_259' title='bbox 321 3339 425 3392; x_wconf 67' lang='grc' dir='ltr'>τὸν·</span> <span class='ocrx_word' id='word_1_260' title='bbox 441 3338 683 3409; x_wconf 81' lang='grc' dir='ltr'>Γαὸριὴλ</span> <span class='ocrx_word' id='word_1_261' title='bbox 704 3338 857 3406; x_wconf 69' lang='grc' dir='ltr'>ἔλεγε</span> <span class='ocrx_word' id='word_1_262' title='bbox 872 3356 886 3369; x_wconf 76' lang='grc'><em>’</em></span> <span class='ocrx_word' id='word_1_263' title='bbox 909 3338 1042 3403; x_wconf 86' lang='grc' dir='ltr'><strong>Πῶς</strong></span> <span class='ocrx_word' id='word_1_264' title='bbox 1060 3340 1230 3391; x_wconf 76' lang='grc' dir='ltr'>ἔσται</span> <span class='ocrx_word' id='word_1_265' title='bbox 1243 3355 1348 3407; x_wconf 84' lang='grc' dir='ltr'><strong>μοι</strong></span> <span class='ocrx_word' id='word_1_266' title='bbox 1369 3339 1562 3402; x_wconf 75' lang='grc' dir='ltr'>τοῦτο,</span> 
     </span>
    </p>
   </div>
   <div class='ocr_carea' id='block_1_37' title="bbox 15 3429 1566 3501">
    <p class='ocr_par' dir='ltr' id='par_1_37' title="bbox 15 3429 1566 3501">
     <span class='ocr_line' id='line_1_37' title="bbox 15 3429 1566 3501; baseline -0.004 -14"><span class='ocrx_word' id='word_1_267' title='bbox 15 3433 104 3488; x_wconf 73' lang='lat' dir='ltr'><strong>ssi</strong></span> <span class='ocrx_word' id='word_1_268' title='bbox 138 3432 346 3501; x_wconf 78' lang='grc' dir='ltr'>ἄνδρα</span> <span class='ocrx_word' id='word_1_269' title='bbox 366 3434 438 3486; x_wconf 89' lang='grc' dir='ltr'><strong>οὺ</strong></span> <span class='ocrx_word' id='word_1_270' title='bbox 458 3431 725 3501; x_wconf 78' lang='grc' dir='ltr'>γινώσκω</span> <span class='ocrx_word' id='word_1_271' title='bbox 743 3446 762 3494; x_wconf 88' lang='grc'><em>;</em></span> <span class='ocrx_word' id='word_1_272' title='bbox 782 3429 925 3482; x_wconf 82' lang='grc' dir='ltr'>τοῦτ’</span> <span class='ocrx_word' id='word_1_273' title='bbox 948 3429 1117 3497; x_wconf 63' lang='grc' dir='ltr'>ἔστιν,</span> <span class='ocrx_word' id='word_1_274' title='bbox 1148 3429 1475 3498; x_wconf 82' lang='grc' dir='ltr'>Ἐκπλήττει</span> <span class='ocrx_word' id='word_1_275' title='bbox 1500 3447 1566 3499; x_wconf 83' lang='grc' dir='ltr'><strong>με</strong></span> 
     </span>
    </p>
   </div>
   <div class='ocr_carea' id='block_1_38' title="bbox 15 3517 1568 3593">
    <p class='ocr_par' dir='ltr' id='par_1_38' title="bbox 15 3517 1568 3593">
     <span class='ocr_line' id='line_1_38' title="bbox 15 3517 1568 3593; baseline -0.003 -16"><span class='ocrx_word' id='word_1_276' title='bbox 15 3528 33 3577; x_wconf 59' lang='grc' dir='ltr'><strong>ὃ</strong></span> <span class='ocrx_word' id='word_1_277' title='bbox 64 3521 289 3593; x_wconf 81' lang='grc' dir='ltr'>θαῦμα,</span> <span class='ocrx_word' id='word_1_278' title='bbox 321 3520 690 3589; x_wconf 83' lang='grc' dir='ltr'>καταπλήττει</span> <span class='ocrx_word' id='word_1_279' title='bbox 742 3536 809 3588; x_wconf 89' lang='grc' dir='ltr'><strong>με</strong></span> <span class='ocrx_word' id='word_1_280' title='bbox 845 3519 908 3571; x_wconf 78' lang='grc' dir='ltr'>τὸ</span> <span class='ocrx_word' id='word_1_281' title='bbox 937 3519 1109 3587; x_wconf 79' lang='grc' dir='ltr'>ῥῆμα,</span> <span class='ocrx_word' id='word_1_282' title='bbox 1142 3519 1237 3571; x_wconf 79' lang='grc' dir='ltr'>καὶ</span> <span class='ocrx_word' id='word_1_283' title='bbox 1276 3521 1306 3572; x_wconf 82' lang='grc' dir='ltr'>ὁ</span> <span class='ocrx_word' id='word_1_284' title='bbox 1340 3517 1436 3572; x_wconf 90' lang='grc' dir='ltr'><strong>τοῦ</strong></span> <span class='ocrx_word' id='word_1_285' title='bbox 1466 3520 1568 3588; x_wconf 81' lang='grc' dir='ltr'><strong>ἀγ-</strong></span> 
     </span>
    </p>
   </div>
   <div class='ocr_carea' id='block_1_39' title="bbox 15 3609 1569 3686">
    <p class='ocr_par' dir='ltr' id='par_1_39' title="bbox 15 3609 1569 3686">
     <span class='ocr_line' id='line_1_39' title="bbox 15 3609 1569 3686; baseline -0.003 -19"><span class='ocrx_word' id='word_1_286' title='bbox 15 3613 141 3669; x_wconf 74' lang='grc' dir='ltr'>έλου</span> <span class='ocrx_word' id='word_1_287' title='bbox 175 3611 570 3686; x_wconf 82' lang='grc' dir='ltr'>χρηματισμὸς</span> <span class='ocrx_word' id='word_1_288' title='bbox 605 3610 701 3680; x_wconf 79' lang='grc' dir='ltr'>τὴν</span> <span class='ocrx_word' id='word_1_289' title='bbox 734 3609 1012 3679; x_wconf 82' lang='grc' dir='ltr'>Παρθένον</span> <span class='ocrx_word' id='word_1_290' title='bbox 1046 3609 1290 3679; x_wconf 76' lang='grc' dir='ltr'>ἐξίστησι</span> <span class='ocrx_word' id='word_1_291' title='bbox 1311 3649 1326 3674; x_wconf 92' lang='grc'><strong>,</strong></span> <span class='ocrx_word' id='word_1_292' title='bbox 1359 3610 1569 3679; x_wconf 87' lang='grc' dir='ltr'>θαυμα-</span> 
     </span>
    </p>
   </div>
   <div class='ocr_carea' id='block_1_40' title="bbox 15 3699 1568 3772">
    <p class='ocr_par' dir='ltr' id='par_1_40' title="bbox 15 3699 1568 3772">
     <span class='ocr_line' id='line_1_40' title="bbox 15 3699 1568 3772; baseline -0.003 -12"><span class='ocrx_word' id='word_1_293' title='bbox 15 3705 81 3759; x_wconf 77' lang='grc' dir='ltr'>τὰ</span> <span class='ocrx_word' id='word_1_294' title='bbox 110 3706 326 3772; x_wconf 76' lang='grc' dir='ltr'>λέγεις,</span> <span class='ocrx_word' id='word_1_295' title='bbox 358 3702 481 3770; x_wconf 74' lang='grc' dir='ltr'>ἐμοὶ</span> <span class='ocrx_word' id='word_1_296' title='bbox 509 3702 564 3754; x_wconf 74' lang='grc' dir='ltr'>δὲ</span> <span class='ocrx_word' id='word_1_297' title='bbox 591 3700 679 3754; x_wconf 76' lang='grc' dir='ltr'>διὰ</span> <span class='ocrx_word' id='word_1_298' title='bbox 702 3700 762 3754; x_wconf 84' lang='grc' dir='ltr'>τὸ</span> <span class='ocrx_word' id='word_1_299' title='bbox 790 3700 938 3765; x_wconf 78' lang='grc' dir='ltr'>ξένον</span> <span class='ocrx_word' id='word_1_300' title='bbox 963 3699 1198 3755; x_wconf 77' lang='grc' dir='ltr'>ὕποπτα.</span> <span class='ocrx_word' id='word_1_301' title='bbox 1230 3700 1455 3754; x_wconf 78' lang='grc' dir='ltr'>Δέδοικα</span> <span class='ocrx_word' id='word_1_302' title='bbox 1475 3702 1568 3755; x_wconf 86' lang='grc' dir='ltr'><strong>τοῦ</strong></span> 
     </span>
    </p>
   </div>
   <div class='ocr_carea' id='block_1_41' title="bbox 17 3791 1570 3867">
    <p class='ocr_par' dir='ltr' id='par_1_41' title="bbox 17 3791 1570 3867">
     <span class='ocr_line' id='line_1_41' title="bbox 17 3791 1570 3867; baseline -0.006 -14"><span class='ocrx_word' id='word_1_303' title='bbox 17 3794 398 3867; x_wconf 67' lang='grc' dir='ltr'>Βαγγελισμοῦ</span> <span class='ocrx_word' id='word_1_304' title='bbox 440 3794 500 3847; x_wconf 80' lang='grc' dir='ltr'>τὸ</span> <span class='ocrx_word' id='word_1_305' title='bbox 549 3792 753 3859; x_wconf 80' lang='grc' dir='ltr'>καινὸν,</span> <span class='ocrx_word' id='word_1_306' title='bbox 784 3792 1121 3863; x_wconf 76' lang='grc' dir='ltr'>θορυϐοῦμαι</span> <span class='ocrx_word' id='word_1_307' title='bbox 1163 3792 1298 3858; x_wconf 79' lang='grc' dir='ltr'>πρὸς</span> <span class='ocrx_word' id='word_1_308' title='bbox 1347 3791 1407 3844; x_wconf 85' lang='grc' dir='ltr'>τὸ</span> <span class='ocrx_word' id='word_1_309' title='bbox 1450 3792 1570 3844; x_wconf 88' lang='grc' dir='ltr'>λίαν</span> 
     </span>
    </p>
   </div>
   <div class='ocr_carea' id='block_1_42' title="bbox 17 3882 1568 3955">
    <p class='ocr_par' dir='ltr' id='par_1_42' title="bbox 17 3882 1568 3955">
     <span class='ocr_line' id='line_1_42' title="bbox 17 3882 1568 3955; baseline -0.004 -12"><span class='ocrx_word' id='word_1_310' title='bbox 17 3890 89 3944; x_wconf 80' lang='grc' dir='ltr'><strong>ῶν</strong></span> <span class='ocrx_word' id='word_1_311' title='bbox 118 3885 439 3955; x_wconf 78' lang='grc' dir='ltr'>λεγομένων</span> <span class='ocrx_word' id='word_1_312' title='bbox 473 3884 663 3954; x_wconf 80' lang='grc' dir='ltr'>ἄηθες.</span> <span class='ocrx_word' id='word_1_313' title='bbox 710 3882 842 3949; x_wconf 86' lang='grc' dir='ltr'><strong>Πῶς</strong></span> <span class='ocrx_word' id='word_1_314' title='bbox 885 3885 1052 3937; x_wconf 78' lang='grc' dir='ltr'>ἐσται</span> <span class='ocrx_word' id='word_1_315' title='bbox 1079 3900 1183 3952; x_wconf 73' lang='grc' dir='ltr'><strong>μοι</strong></span> <span class='ocrx_word' id='word_1_316' title='bbox 1216 3882 1414 3945; x_wconf 86' lang='grc' dir='ltr'>τοῦτο,</span> <span class='ocrx_word' id='word_1_317' title='bbox 1439 3883 1568 3937; x_wconf 75' lang='grc' dir='ltr'>ἐπεὶ</span> 
     </span>
    </p>
   </div>
   <div class='ocr_carea' id='block_1_43' title="bbox 20 3971 1572 4048">
    <p class='ocr_par' dir='ltr' id='par_1_43' title="bbox 20 3971 1572 4048">
     <span class='ocr_line' id='line_1_43' title="bbox 20 3971 1572 4048; baseline -0.013 -14"><span class='ocrx_word' id='word_1_318' title='bbox 20 3981 183 4048; x_wconf 82' lang='grc' dir='ltr'>νδρα</span> <span class='ocrx_word' id='word_1_319' title='bbox 229 3979 308 4031; x_wconf 86' lang='grc' dir='ltr'><strong>οὺ</strong></span> <span class='ocrx_word' id='word_1_320' title='bbox 347 3975 654 4046; x_wconf 59' lang='lat' dir='ltr'><strong>Territum);</strong></span> <span class='ocrx_word' id='word_1_321' title='bbox 699 3973 818 4036; x_wconf 87' lang='grc' dir='ltr'><strong>πῶς</strong></span> <span class='ocrx_word' id='word_1_322' title='bbox 853 3972 1048 4042; x_wconf 70' lang='grc' dir='ltr'>ἔσομαι</span> <span class='ocrx_word' id='word_1_323' title='bbox 1083 3974 1290 4042; x_wconf 82' lang='grc' dir='ltr'>μήτηρ,</span> <span class='ocrx_word' id='word_1_324' title='bbox 1322 3971 1398 4043; x_wconf 76' lang='grc' dir='ltr'>μὴ</span> <span class='ocrx_word' id='word_1_325' title='bbox 1420 3990 1572 4041; x_wconf 80' lang='grc' dir='ltr'>γενο-</span> 
     </span>
    </p>
   </div>
   <div class='ocr_carea' id='block_1_44' title="bbox 17 4062 1573 4141">
    <p class='ocr_par' dir='ltr' id='par_1_44' title="bbox 17 4062 1573 4141">
     <span class='ocr_line' id='line_1_44' title="bbox 17 4062 1573 4141; baseline -0.005 -17"><span class='ocrx_word' id='word_1_326' title='bbox 17 4071 126 4141; x_wconf 79' lang='grc' dir='ltr'>,ένη</span> <span class='ocrx_word' id='word_1_327' title='bbox 158 4068 396 4139; x_wconf 73' lang='grc' dir='ltr'>νύμφης</span> <span class='ocrx_word' id='word_1_328' title='bbox 434 4068 533 4120; x_wconf 78' lang='grc' dir='ltr'><strong>οῦκ</strong></span> <span class='ocrx_word' id='word_1_329' title='bbox 578 4065 789 4136; x_wconf 77' lang='grc' dir='ltr'>ἐφθάρη</span> <span class='ocrx_word' id='word_1_330' title='bbox 830 4064 891 4118; x_wconf 81' lang='grc' dir='ltr'>τὸ</span> <span class='ocrx_word' id='word_1_331' title='bbox 935 4064 1035 4133; x_wconf 81' lang='grc' dir='ltr'>τῆς</span> <span class='ocrx_word' id='word_1_332' title='bbox 1074 4062 1221 4134; x_wconf 80' lang='grc' dir='ltr'>ὧρας</span> <span class='ocrx_word' id='word_1_333' title='bbox 1268 4062 1447 4125; x_wconf 85' lang='grc' dir='ltr'>ἄνθος,</span> <span class='ocrx_word' id='word_1_334' title='bbox 1481 4063 1573 4116; x_wconf 76' lang='grc' dir='ltr'><strong>τὸν</strong></span> 
     </span>
    </p>
   </div>
   <div class='ocr_carea' id='block_1_45' title="bbox 17 4154 1573 4233">
    <p class='ocr_par' dir='ltr' id='par_1_45' title="bbox 17 4154 1573 4233">
     <span class='ocr_line' id='line_1_45' title="bbox 17 4154 1573 4233; baseline -0.003 -23"><span class='ocrx_word' id='word_1_335' title='bbox 17 4164 254 4233; x_wconf 75' lang='grc' dir='ltr'>ωστῆρα</span> <span class='ocrx_word' id='word_1_336' title='bbox 291 4160 391 4229; x_wconf 79' lang='grc' dir='ltr'>τῆς</span> <span class='ocrx_word' id='word_1_337' title='bbox 436 4158 735 4230; x_wconf 86' lang='grc' dir='ltr'>παρθενίας</span> <span class='ocrx_word' id='word_1_338' title='bbox 776 4157 877 4210; x_wconf 79' lang='grc' dir='ltr'>οὐκ</span> <span class='ocrx_word' id='word_1_339' title='bbox 908 4155 1100 4219; x_wconf 76' lang='grc' dir='ltr'>ἔλυσα,</span> <span class='ocrx_word' id='word_1_340' title='bbox 1132 4154 1222 4208; x_wconf 82' lang='grc' dir='ltr'>τὸν</span> <span class='ocrx_word' id='word_1_341' title='bbox 1249 4154 1448 4223; x_wconf 71' lang='grc' dir='ltr'>δεσμὸν</span> <span class='ocrx_word' id='word_1_342' title='bbox 1474 4156 1573 4224; x_wconf 82' lang='grc' dir='ltr'>τῆς</span> 
     </span>
    </p>
   </div>
   <div class='ocr_carea' id='block_1_46' title="bbox 19 4244 1571 4323">
    <p class='ocr_par' dir='ltr' id='par_1_46' title="bbox 19 4244 1571 4323">
     <span class='ocr_line' id='line_1_46' title="bbox 19 4244 1571 4323; baseline -0.006 -17"><span class='ocrx_word' id='word_1_343' title='bbox 19 4254 211 4323; x_wconf 82' lang='grc' dir='ltr'>,ήτρας</span> <span class='ocrx_word' id='word_1_344' title='bbox 240 4251 343 4304; x_wconf 71' lang='grc' dir='ltr'>οὐκ</span> <span class='ocrx_word' id='word_1_345' title='bbox 370 4250 671 4320; x_wconf 81' lang='grc' dir='ltr'>ὲχαύνωσα,</span> <span class='ocrx_word' id='word_1_346' title='bbox 692 4248 792 4318; x_wconf 81' lang='grc' dir='ltr'>τὴν</span> <span class='ocrx_word' id='word_1_347' title='bbox 824 4244 1095 4316; x_wconf 77' lang='grc' dir='ltr'>σφραγῖδα</span> <span class='ocrx_word' id='word_1_348' title='bbox 1125 4245 1226 4312; x_wconf 82' lang='grc' dir='ltr'>τῆς</span> <span class='ocrx_word' id='word_1_349' title='bbox 1254 4244 1489 4313; x_wconf 77' lang='grc' dir='ltr'>γαστρὸς</span> <span class='ocrx_word' id='word_1_350' title='bbox 1511 4244 1571 4296; x_wconf 82' lang='grc' dir='ltr'><strong>οὐ</strong></span> 
     </span>
    </p>
   </div>
   <div class='ocr_carea' id='block_1_47' title="bbox 19 4334 1569 4413">
    <p class='ocr_par' dir='ltr' id='par_1_47' title="bbox 19 4334 1569 4413">
     <span class='ocr_line' id='line_1_47' title="bbox 19 4334 1569 4413; baseline -0.006 -17"><span class='ocrx_word' id='word_1_351' title='bbox 19 4345 305 4413; x_wconf 68' lang='grc' dir='ltr'>παρέλυσα.</span> <span class='ocrx_word' id='word_1_352' title='bbox 348 4341 408 4394; x_wconf 86' lang='lat'><strong>&#39;0</strong></span> <span class='ocrx_word' id='word_1_353' title='bbox 460 4341 518 4394; x_wconf 74' lang='grc' dir='ltr'><strong>δι</strong></span> <span class='ocrx_word' id='word_1_354' title='bbox 582 4340 813 4407; x_wconf 79' lang='grc' dir='ltr'>ἄγγελος</span> <span class='ocrx_word' id='word_1_355' title='bbox 874 4334 1222 4405; x_wconf 81' lang='grc' dir='ltr'>παραχρῆμα</span> <span class='ocrx_word' id='word_1_356' title='bbox 1294 4334 1569 4403; x_wconf 77' lang='grc' dir='ltr'>ἐπήγαγεο</span> 
     </span>
    </p>
   </div>
   <div class='ocr_carea' id='block_1_48' title="bbox 1663 533 3231 608">
    <p class='ocr_par' dir='ltr' id='par_1_48' title="bbox 1663 533 3231 608">
     <span class='ocr_line' id='line_1_48' title="bbox 1663 533 3231 608; baseline 0.01 -24"><span class='ocrx_word' id='word_1_357' title='bbox 1663 533 1717 585; x_wconf 91' lang='lat' dir='ltr'><strong>in</strong></span> <span class='ocrx_word' id='word_1_358' title='bbox 1744 543 1891 587; x_wconf 80' lang='lat' dir='ltr'><strong><em>utero</em></strong></span> <span class='ocrx_word' id='word_1_359' title='bbox 1919 538 2193 607; x_wconf 79' lang='lat' dir='ltr'><strong>concipiet,</strong></span> <span class='ocrx_word' id='word_1_360' title='bbox 2218 547 2267 592; x_wconf 87' lang='lat' dir='ltr'><strong>et</strong></span> <span class='ocrx_word' id='word_1_361' title='bbox 2295 539 2465 608; x_wconf 81' lang='lat' dir='ltr'><strong>pariet</strong></span> <span class='ocrx_word' id='word_1_362' title='bbox 2478 538 2670 607; x_wconf 80' lang='lat' dir='ltr'><strong>ﬁlium,</strong></span> <span class='ocrx_word' id='word_1_363' title='bbox 2699 550 2746 594; x_wconf 84' lang='lat' dir='ltr'><strong>et</strong></span> <span class='ocrx_word' id='word_1_364' title='bbox 2771 540 3026 595; x_wconf 77' lang='lat' dir='ltr'><strong>vocabunt</strong></span> <span class='ocrx_word' id='word_1_365' title='bbox 3044 559 3231 599; x_wconf 80' lang='lat' dir='ltr'><strong><em>nomen</em></strong></span> 
     </span>
    </p>
   </div>
   <div class='ocr_carea' id='block_1_49' title="bbox 1661 622 3228 698">
    <p class='ocr_par' dir='ltr' id='par_1_49' title="bbox 1661 622 3228 698">
     <span class='ocr_line' id='line_1_49' title="bbox 1661 622 3228 698; baseline 0.008 -22"><span class='ocrx_word' id='word_1_366' title='bbox 1661 623 1775 692; x_wconf 84' lang='lat' dir='ltr'><strong>ejus</strong></span> <span class='ocrx_word' id='word_1_367' title='bbox 1795 622 2112 681; x_wconf 76' lang='lat' dir='ltr'><strong>Emmanuel</strong></span> <span class='ocrx_word' id='word_1_368' title='bbox 2134 628 2197 683; x_wconf 73' lang='lat'><strong>&quot;.</strong></span> <span class='ocrx_word' id='word_1_369' title='bbox 2231 628 2370 684; x_wconf 85' lang='lat' dir='ltr'><strong>Ecce</strong></span> <span class='ocrx_word' id='word_1_370' title='bbox 2390 627 2563 698; x_wconf 90' lang='lat' dir='ltr'><strong>virgo,</strong></span> <span class='ocrx_word' id='word_1_371' title='bbox 2598 630 2886 698; x_wconf 72' lang='lat' dir='ltr'><strong>quaenam?</strong></span> <span class='ocrx_word' id='word_1_372' title='bbox 2941 630 3228 688; x_wconf 80' lang='lat' dir='ltr'><strong>Mulierum</strong></span> 
     </span>
    </p>
   </div>
   <div class='ocr_carea' id='block_1_50' title="bbox 1661 713 3230 787">
    <p class='ocr_par' dir='ltr' id='par_1_50' title="bbox 1661 713 3230 787">
     <span class='ocr_line' id='line_1_50' title="bbox 1661 713 3230 787; baseline 0.008 -22"><span class='ocrx_word' id='word_1_373' title='bbox 1661 713 1894 785; x_wconf 84' lang='lat' dir='ltr'><strong>egregia,</strong></span> <span class='ocrx_word' id='word_1_374' title='bbox 1927 732 1956 769; x_wconf 87' lang='lat' dir='ltr'><strong>e</strong></span> <span class='ocrx_word' id='word_1_375' title='bbox 1979 716 2278 786; x_wconf 82' lang='lat' dir='ltr'><strong>virginibus</strong></span> <span class='ocrx_word' id='word_1_376' title='bbox 2312 717 2504 781; x_wconf 87' lang='lat' dir='ltr'><strong>electa,</strong></span> <span class='ocrx_word' id='word_1_377' title='bbox 2537 718 2855 787; x_wconf 73' lang='lat' dir='ltr'><strong>praeclarum</strong></span> <span class='ocrx_word' id='word_1_378' title='bbox 2894 731 3101 776; x_wconf 66' lang='lat' dir='ltr'><strong>natura</strong></span> <span class='ocrx_word' id='word_1_379' title='bbox 3125 736 3230 776; x_wconf 84' lang='lat' dir='ltr'><strong>no-</strong></span> 
     </span>
    </p>
   </div>
   <div class='ocr_carea' id='block_1_51' title="bbox 1665 808 3224 881">
    <p class='ocr_par' dir='ltr' id='par_1_51' title="bbox 1665 808 3224 881">
     <span class='ocr_line' id='line_1_51' title="bbox 1665 808 3224 881; baseline 0.007 -24"><span class='ocrx_word' id='word_1_380' title='bbox 1665 812 1759 858; x_wconf 72' lang='lat' dir='ltr'><strong>trte</strong></span> <span class='ocrx_word' id='word_1_381' title='bbox 1790 816 2198 873; x_wconf 77' lang='lat' dir='ltr'><strong>ornamentum,</strong></span> <span class='ocrx_word' id='word_1_382' title='bbox 2226 808 2399 879; x_wconf 79' lang='lat' dir='ltr'><strong>gloria</strong></span> <span class='ocrx_word' id='word_1_383' title='bbox 2424 809 2529 873; x_wconf 85' lang='lat' dir='ltr'><strong>luti</strong></span> <span class='ocrx_word' id='word_1_384' title='bbox 2563 810 2758 872; x_wconf 89' lang='lat' dir='ltr'><strong>nostri,</strong></span> <span class='ocrx_word' id='word_1_385' title='bbox 2784 826 2904 875; x_wconf 63' lang='lat' dir='ltr'><strong>quae</strong></span> <span class='ocrx_word' id='word_1_386' title='bbox 2928 812 3092 867; x_wconf 87' lang='lat' dir='ltr'><strong>Evam</strong></span> <span class='ocrx_word' id='word_1_387' title='bbox 3119 828 3224 881; x_wconf 78' lang='lat' dir='ltr'><strong>pu-</strong></span> 
     </span>
    </p>
   </div>
   <div class='ocr_carea' id='block_1_52' title="bbox 1661 892 3228 960">
    <p class='ocr_par' dir='ltr' id='par_1_52' title="bbox 1661 892 3228 960">
     <span class='ocr_line' id='line_1_52' title="bbox 1661 892 3228 960; baseline 0.006 -15"><span class='ocrx_word' id='word_1_388' title='bbox 1661 892 1813 957; x_wconf 86' lang='lat' dir='ltr'><strong>dore,</strong></span> <span class='ocrx_word' id='word_1_389' title='bbox 1839 902 1895 947; x_wconf 88' lang='lat' dir='ltr'><strong>et</strong></span> <span class='ocrx_word' id='word_1_390' title='bbox 1919 894 2184 949; x_wconf 81' lang='lat' dir='ltr'><strong>Adamum</strong></span> <span class='ocrx_word' id='word_1_391' title='bbox 2214 896 2635 950; x_wconf 68' lang='lat' dir='ltr'><strong>comminatione</strong></span> <span class='ocrx_word' id='word_1_392' title='bbox 2662 896 2928 960; x_wconf 80' lang='lat' dir='ltr'><strong>liberavit,</strong></span> <span class='ocrx_word' id='word_1_393' title='bbox 2947 898 3228 954; x_wconf 80' lang='lat' dir='ltr'><strong>audaciam</strong></span> 
     </span>
    </p>
   </div>
   <div class='ocr_carea' id='block_1_53' title="bbox 1662 983 3230 1057">
    <p class='ocr_par' dir='ltr' id='par_1_53' title="bbox 1662 983 3230 1057">
     <span class='ocr_line' id='line_1_53' title="bbox 1662 983 3230 1057; baseline 0.005 -20"><span class='ocrx_word' id='word_1_394' title='bbox 1662 983 1913 1041; x_wconf 82' lang='lat' dir='ltr'><strong>draconis</strong></span> <span class='ocrx_word' id='word_1_395' title='bbox 1964 986 2196 1042; x_wconf 88' lang='lat' dir='ltr'><strong>abscidit</strong></span> <span class='ocrx_word' id='word_1_396' title='bbox 2252 1003 2264 1039; x_wconf 88' lang='lat'><strong>:</strong></span> <span class='ocrx_word' id='word_1_397' title='bbox 2312 1002 2475 1057; x_wconf 89' lang='lat' dir='ltr'><strong>quam</strong></span> <span class='ocrx_word' id='word_1_398' title='bbox 2528 988 2990 1055; x_wconf 70' lang='lat' dir='ltr'><strong>concupiscentiae</strong></span> <span class='ocrx_word' id='word_1_399' title='bbox 3045 988 3230 1046; x_wconf 84' lang='lat' dir='ltr'><strong>fumus</strong></span> 
     </span>
    </p>
   </div>
   <div class='ocr_carea' id='block_1_54' title="bbox 1662 1076 3232 1147">
    <p class='ocr_par' dir='ltr' id='par_1_54' title="bbox 1662 1076 3232 1147">
     <span class='ocr_line' id='line_1_54' title="bbox 1662 1076 3232 1147; baseline 0.003 -18"><span class='ocrx_word' id='word_1_400' title='bbox 1662 1092 1769 1130; x_wconf 89' lang='lat' dir='ltr'><strong>non</strong></span> <span class='ocrx_word' id='word_1_401' title='bbox 1797 1076 1993 1147; x_wconf 89' lang='lat' dir='ltr'><strong>attigit,</strong></span> <span class='ocrx_word' id='word_1_402' title='bbox 2030 1092 2208 1145; x_wconf 87' lang='lat' dir='ltr'><strong>neque</strong></span> <span class='ocrx_word' id='word_1_403' title='bbox 2236 1077 2435 1132; x_wconf 84' lang='lat' dir='ltr'><strong>vermis</strong></span> <span class='ocrx_word' id='word_1_404' title='bbox 2455 1077 2748 1146; x_wconf 85' lang='lat' dir='ltr'><strong>voluptatis</strong></span> <span class='ocrx_word' id='word_1_405' title='bbox 2774 1093 2893 1133; x_wconf 88' lang='lat' dir='ltr'><strong>eam</strong></span> <span class='ocrx_word' id='word_1_406' title='bbox 2925 1079 3079 1133; x_wconf 67' lang='lat' dir='ltr'><strong>laesit.</strong></span> <span class='ocrx_word' id='word_1_407' title='bbox 3099 1079 3232 1134; x_wconf 84' lang='lat' dir='ltr'><strong>Ecce</strong></span> 
     </span>
    </p>
   </div>
   <div class='ocr_carea' id='block_1_55' title="bbox 1662 1166 3230 1239">
    <p class='ocr_par' dir='ltr' id='par_1_55' title="bbox 1662 1166 3230 1239">
     <span class='ocr_line' id='line_1_55' title="bbox 1662 1166 3230 1239; baseline 0.003 -18"><span class='ocrx_word' id='word_1_408' title='bbox 1662 1166 1881 1239; x_wconf 67' lang='lat' dir='ltr'><strong>rirgo&#39;in</strong></span> <span class='ocrx_word' id='word_1_409' title='bbox 1901 1178 2050 1222; x_wconf 86' lang='lat' dir='ltr'><strong>utero</strong></span> <span class='ocrx_word' id='word_1_410' title='bbox 2067 1171 2337 1235; x_wconf 78' lang='lat' dir='ltr'><strong>concipiet,</strong></span> <span class='ocrx_word' id='word_1_411' title='bbox 2368 1169 2662 1234; x_wconf 89' lang='lat' dir='ltr'><strong>undenam,</strong></span> <span class='ocrx_word' id='word_1_412' title='bbox 2686 1184 2720 1223; x_wconf 87' lang='grc' dir='ltr'>ο</span> <span class='ocrx_word' id='word_1_413' title='bbox 2759 1169 3063 1239; x_wconf 76' lang='lat' dir='ltr'><strong>propheta?</strong></span> <span class='ocrx_word' id='word_1_414' title='bbox 3113 1169 3230 1225; x_wconf 88' lang='lat' dir='ltr'><strong>Non</strong></span> 
     </span>
    </p>
   </div>
   <div class='ocr_carea' id='block_1_56' title="bbox 1662 1258 3230 1321">
    <p class='ocr_par' dir='ltr' id='par_1_56' title="bbox 1662 1258 3230 1321">
     <span class='ocr_line' id='line_1_56' title="bbox 1662 1258 3230 1321; baseline 0.001 -8"><span class='ocrx_word' id='word_1_415' title='bbox 1662 1259 1808 1321; x_wconf 85' lang='lat' dir='ltr'><strong>dico,</strong></span> <span class='ocrx_word' id='word_1_416' title='bbox 1842 1260 1934 1314; x_wconf 86' lang='lat' dir='ltr'><strong>ait.</strong></span> <span class='ocrx_word' id='word_1_417' title='bbox 1968 1258 2082 1315; x_wconf 84' lang='lat' dir='ltr'><strong>Hoc</strong></span> <span class='ocrx_word' id='word_1_418' title='bbox 2108 1260 2256 1315; x_wconf 91' lang='lat' dir='ltr'><strong>enim</strong></span> <span class='ocrx_word' id='word_1_419' title='bbox 2292 1271 2631 1314; x_wconf 89' lang='lat' dir='ltr'><strong>reservatum</strong></span> <span class='ocrx_word' id='word_1_420' title='bbox 2681 1268 2766 1314; x_wconf 92' lang='lat' dir='ltr'><strong>est</strong></span> <span class='ocrx_word' id='word_1_421' title='bbox 2790 1259 3055 1315; x_wconf 85' lang='lat' dir='ltr'><strong>Gabrieli.</strong></span> <span class='ocrx_word' id='word_1_422' title='bbox 3094 1260 3230 1316; x_wconf 87' lang='lat' dir='ltr'><strong>Per-</strong></span> 
     </span>
    </p>
   </div>
   <div class='ocr_carea' id='block_1_57' title="bbox 1663 1348 3229 1433">
    <p class='ocr_par' dir='ltr' id='par_1_57' title="bbox 1663 1348 3229 1433">
     <span class='ocr_line' id='line_1_57' title="bbox 1663 1348 3229 1433; baseline -0.001 -28"><span class='ocrx_word' id='word_1_423' title='bbox 1663 1352 1816 1405; x_wconf 85' lang='lat' dir='ltr'><strong>multi</strong></span> <span class='ocrx_word' id='word_1_424' title='bbox 1849 1353 2101 1406; x_wconf 74' lang='lat' dir='ltr'><strong>distincte</strong></span> <span class='ocrx_word' id='word_1_425' title='bbox 2128 1351 2411 1433; x_wconf 72' lang='lat' dir='ltr'><strong>declarare</strong></span> <span class='ocrx_word' id='word_1_426' title='bbox 2442 1350 2695 1404; x_wconf 88' lang='lat' dir='ltr'><strong>nituntur</strong></span> <span class='ocrx_word' id='word_1_427' title='bbox 2724 1348 2986 1403; x_wconf 88' lang='lat' dir='ltr'><strong>miracula</strong></span> <span class='ocrx_word' id='word_1_428' title='bbox 3047 1348 3229 1419; x_wconf 81' lang='lat' dir='ltr'><strong>Virgi-</strong></span> 
     </span>
    </p>
   </div>
   <div class='ocr_carea' id='block_1_58' title="bbox 1662 1440 3231 1511">
    <p class='ocr_par' dir='ltr' id='par_1_58' title="bbox 1662 1440 3231 1511">
     <span class='ocr_line' id='line_1_58' title="bbox 1662 1440 3231 1511; baseline 0.001 -16"><span class='ocrx_word' id='word_1_429' title='bbox 1662 1442 1766 1503; x_wconf 88' lang='lat' dir='ltr'><strong>nis,</strong></span> <span class='ocrx_word' id='word_1_430' title='bbox 1804 1442 2058 1511; x_wconf 80' lang='lat' dir='ltr'><strong>pleraque</strong></span> <span class='ocrx_word' id='word_1_431' title='bbox 2083 1453 2262 1496; x_wconf 87' lang='lat' dir='ltr'><strong>tamen</strong></span> <span class='ocrx_word' id='word_1_432' title='bbox 2287 1456 2474 1494; x_wconf 89' lang='lat' dir='ltr'><strong>eorum</strong></span> <span class='ocrx_word' id='word_1_433' title='bbox 2534 1440 2901 1509; x_wconf 75' lang='lat' dir='ltr'><strong>praetermissa</strong></span> <span class='ocrx_word' id='word_1_434' title='bbox 2925 1451 3072 1495; x_wconf 86' lang='lat' dir='ltr'><strong>sunt.</strong></span> <span class='ocrx_word' id='word_1_435' title='bbox 3115 1442 3231 1497; x_wconf 79' lang='lat' dir='ltr'><strong>Ca:-</strong></span> 
     </span>
    </p>
   </div>
   <div class='ocr_carea' id='block_1_59' title="bbox 1665 1529 3229 1603">
    <p class='ocr_par' dir='ltr' id='par_1_59' title="bbox 1665 1529 3229 1603">
     <span class='ocr_line' id='line_1_59' title="bbox 1665 1529 3229 1603; baseline 0.002 -18"><span class='ocrx_word' id='word_1_436' title='bbox 1665 1540 1841 1587; x_wconf 87' lang='lat' dir='ltr'><strong>terum</strong></span> <span class='ocrx_word' id='word_1_437' title='bbox 1866 1549 1966 1599; x_wconf 81' lang='lat' dir='ltr'><strong>ego</strong></span> <span class='ocrx_word' id='word_1_438' title='bbox 1997 1534 2063 1587; x_wconf 90' lang='lat' dir='ltr'><strong>de</strong></span> <span class='ocrx_word' id='word_1_439' title='bbox 2098 1542 2255 1603; x_wconf 89' lang='lat' dir='ltr'><strong>partu</strong></span> <span class='ocrx_word' id='word_1_440' title='bbox 2286 1547 2502 1600; x_wconf 79' lang='lat' dir='ltr'><strong>semper</strong></span> <span class='ocrx_word' id='word_1_441' title='bbox 2525 1529 2786 1602; x_wconf 81' lang='lat' dir='ltr'><strong>Virginis,</strong></span> <span class='ocrx_word' id='word_1_442' title='bbox 2845 1530 3007 1584; x_wconf 83' lang='lat' dir='ltr'><strong>ﬁdem</strong></span> <span class='ocrx_word' id='word_1_443' title='bbox 3054 1530 3229 1588; x_wconf 88' lang='lat' dir='ltr'><strong>facio:</strong></span> 
     </span>
    </p>
   </div>
   <div class='ocr_carea' id='block_1_60' title="bbox 1662 1622 3231 1694">
    <p class='ocr_par' dir='ltr' id='par_1_60' title="bbox 1662 1622 3231 1694">
     <span class='ocr_line' id='line_1_60' title="bbox 1662 1622 3231 1694; baseline 0 -15"><span class='ocrx_word' id='word_1_444' title='bbox 1662 1624 1935 1689; x_wconf 75' lang='lat' dir='ltr'><strong>Michaeas,</strong></span> <span class='ocrx_word' id='word_1_445' title='bbox 1988 1623 2056 1678; x_wconf 90' lang='lat' dir='ltr'><strong>de</strong></span> <span class='ocrx_word' id='word_1_446' title='bbox 2115 1625 2333 1694; x_wconf 84' lang='lat' dir='ltr'><strong>regione</strong></span> <span class='ocrx_word' id='word_1_447' title='bbox 2363 1633 2420 1676; x_wconf 88' lang='lat' dir='ltr'><strong>et</strong></span> <span class='ocrx_word' id='word_1_448' title='bbox 2467 1623 2589 1677; x_wconf 91' lang='lat' dir='ltr'><strong>loco</strong></span> <span class='ocrx_word' id='word_1_449' title='bbox 2646 1622 2703 1676; x_wconf 90' lang='lat' dir='ltr'><strong>in</strong></span> <span class='ocrx_word' id='word_1_450' title='bbox 2751 1637 2873 1692; x_wconf 88' lang='lat' dir='ltr'><strong>quo.</strong></span> <span class='ocrx_word' id='word_1_451' title='bbox 2907 1623 3231 1679; x_wconf 82' lang='lat' dir='ltr'><strong>miraculum</strong></span> 
     </span>
    </p>
   </div>
   <div class='ocr_carea' id='block_1_61' title="bbox 1664 1711 3230 1784">
    <p class='ocr_par' dir='ltr' id='par_1_61' title="bbox 1664 1711 3230 1784">
     <span class='ocr_line' id='line_1_61' title="bbox 1664 1711 3230 1784; baseline -0.001 -16"><span class='ocrx_word' id='word_1_452' title='bbox 1664 1723 1944 1784; x_wconf 82' lang='lat' dir='ltr'><strong>peractum</strong></span> <span class='ocrx_word' id='word_1_453' title='bbox 1994 1723 2078 1767; x_wconf 90' lang='lat' dir='ltr'><strong>est</strong></span> <span class='ocrx_word' id='word_1_454' title='bbox 2141 1730 2155 1765; x_wconf 88' lang='lat'><strong>:</strong></span> <span class='ocrx_word' id='word_1_455' title='bbox 2211 1711 2399 1775; x_wconf 63' lang='lat' dir='ltr'><strong>Daxid,</strong></span> <span class='ocrx_word' id='word_1_456' title='bbox 2462 1713 2529 1768; x_wconf 91' lang='lat' dir='ltr'><strong>de</strong></span> <span class='ocrx_word' id='word_1_457' title='bbox 2580 1721 2845 1783; x_wconf 88' lang='lat' dir='ltr'><strong>tempore.</strong></span> <span class='ocrx_word' id='word_1_458' title='bbox 2901 1712 3026 1782; x_wconf 86' lang='lat' dir='ltr'><strong>Ipse</strong></span> <span class='ocrx_word' id='word_1_459' title='bbox 3082 1714 3230 1769; x_wconf 84' lang='lat' dir='ltr'><strong>enim</strong></span> 
     </span>
    </p>
   </div>
   <div class='ocr_carea' id='block_1_62' title="bbox 1664 1801 3232 1873">
    <p class='ocr_par' dir='ltr' id='par_1_62' title="bbox 1664 1801 3232 1873">
     <span class='ocr_line' id='line_1_62' title="bbox 1664 1801 3232 1873; baseline 0 -16"><span class='ocrx_word' id='word_1_460' title='bbox 1664 1803 1970 1873; x_wconf 75' lang='lat' dir='ltr'><strong>Prophetize</strong></span> <span class='ocrx_word' id='word_1_461' title='bbox 2038 1803 2375 1857; x_wconf 86' lang='lat' dir='ltr'><strong>Psalmorum</strong></span> <span class='ocrx_word' id='word_1_462' title='bbox 2425 1801 2657 1856; x_wconf 86' lang='lat' dir='ltr'><strong>inseruit</strong></span> <span class='ocrx_word' id='word_1_463' title='bbox 2715 1802 2859 1856; x_wconf 85' lang='lat' dir='ltr'><strong>istud</strong></span> <span class='ocrx_word' id='word_1_464' title='bbox 2896 1820 2909 1855; x_wconf 90' lang='lat'><strong>:</strong></span> <span class='ocrx_word' id='word_1_465' title='bbox 2940 1801 3025 1856; x_wconf 71' lang='lat' dir='ltr'><strong>Ea:</strong></span> <span class='ocrx_word' id='word_1_466' title='bbox 3081 1815 3232 1857; x_wconf 72' lang='lat' dir='ltr'><strong>utero</strong></span> 
     </span>
    </p>
   </div>
   <div class='ocr_carea' id='block_1_63' title="bbox 1666 1891 3232 1963">
    <p class='ocr_par' dir='ltr' id='par_1_63' title="bbox 1666 1891 3232 1963">
     <span class='ocr_line' id='line_1_63' title="bbox 1666 1891 3232 1963; baseline 0 -16"><span class='ocrx_word' id='word_1_467' title='bbox 1666 1903 1790 1948; x_wconf 87' lang='lat' dir='ltr'><strong>ante</strong></span> <span class='ocrx_word' id='word_1_468' title='bbox 1837 1892 2112 1963; x_wconf 77' lang='lat' dir='ltr'><strong>luciferum</strong></span> <span class='ocrx_word' id='word_1_469' title='bbox 2144 1894 2300 1962; x_wconf 84' lang='lat' dir='ltr'><strong>qenui</strong></span> <span class='ocrx_word' id='word_1_470' title='bbox 2345 1902 2393 1945; x_wconf 89' lang='lat' dir='ltr'><strong>te</strong></span> <span class='ocrx_word' id='word_1_471' title='bbox 2420 1893 2486 1945; x_wconf 82' lang='lat'><strong>&quot;.</strong></span> <span class='ocrx_word' id='word_1_472' title='bbox 2520 1891 2736 1946; x_wconf 85' lang='lat' dir='ltr'><strong>Gabriel</strong></span> <span class='ocrx_word' id='word_1_473' title='bbox 2770 1893 2934 1963; x_wconf 79' lang='lat' dir='ltr'><strong>igitur</strong></span> <span class='ocrx_word' id='word_1_474' title='bbox 2984 1894 3232 1949; x_wconf 87' lang='lat' dir='ltr'><strong>dicturus</strong></span> 
     </span>
    </p>
   </div>
   <div class='ocr_carea' id='block_1_64' title="bbox 1665 1983 3231 2048">
    <p class='ocr_par' dir='ltr' id='par_1_64' title="bbox 1665 1983 3231 2048">
     <span class='ocr_line' id='line_1_64' title="bbox 1665 1983 3231 2048; baseline -0.001 -9"><span class='ocrx_word' id='word_1_475' title='bbox 1665 1994 1747 2039; x_wconf 89' lang='lat' dir='ltr'><strong>est</strong></span> <span class='ocrx_word' id='word_1_476' title='bbox 1800 1985 1966 2038; x_wconf 88' lang='lat' dir='ltr'><strong>unde.</strong></span> <span class='ocrx_word' id='word_1_477' title='bbox 2022 1983 2116 2038; x_wconf 87' lang='lat' dir='ltr'><strong>llle</strong></span> <span class='ocrx_word' id='word_1_478' title='bbox 2175 1984 2321 2038; x_wconf 90' lang='lat' dir='ltr'><strong>enim</strong></span> <span class='ocrx_word' id='word_1_479' title='bbox 2370 1983 2437 2037; x_wconf 88' lang='lat' dir='ltr'><strong>de</strong></span> <span class='ocrx_word' id='word_1_480' title='bbox 2505 1983 2643 2036; x_wconf 66' lang='lat' dir='ltr'><strong>coelo</strong></span> <span class='ocrx_word' id='word_1_481' title='bbox 2684 1984 2986 2048; x_wconf 89' lang='lat' dir='ltr'><strong>descendit,</strong></span> <span class='ocrx_word' id='word_1_482' title='bbox 3029 1985 3120 2039; x_wconf 90' lang='lat' dir='ltr'><strong>ille</strong></span> <span class='ocrx_word' id='word_1_483' title='bbox 3164 1985 3231 2038; x_wconf 88' lang='lat' dir='ltr'><strong>ad</strong></span> 
     </span>
    </p>
   </div>
   <div class='ocr_carea' id='block_1_65' title="bbox 1668 2072 3232 2144">
    <p class='ocr_par' dir='ltr' id='par_1_65' title="bbox 1668 2072 3232 2144">
     <span class='ocr_line' id='line_1_65' title="bbox 1668 2072 3232 2144; baseline -0.002 -15"><span class='ocrx_word' id='word_1_484' title='bbox 1668 2079 1771 2130; x_wconf 86' lang='lat' dir='ltr'><strong>hoc</strong></span> <span class='ocrx_word' id='word_1_485' title='bbox 1833 2076 2012 2144; x_wconf 88' lang='lat' dir='ltr'><strong>ipsum</strong></span> <span class='ocrx_word' id='word_1_486' title='bbox 2082 2073 2318 2129; x_wconf 87' lang='lat' dir='ltr'><strong>mittitur</strong></span> <span class='ocrx_word' id='word_1_487' title='bbox 2366 2072 2433 2127; x_wconf 90' lang='lat' dir='ltr'><strong>ad</strong></span> <span class='ocrx_word' id='word_1_488' title='bbox 2489 2072 2792 2143; x_wconf 82' lang='lat' dir='ltr'><strong>Virginem,</strong></span> <span class='ocrx_word' id='word_1_489' title='bbox 2852 2074 2940 2127; x_wconf 90' lang='lat' dir='ltr'><strong>ille</strong></span> <span class='ocrx_word' id='word_1_490' title='bbox 2988 2082 3232 2141; x_wconf 89' lang='lat' dir='ltr'><strong>tempore</strong></span> 
     </span>
    </p>
   </div>
   <div class='ocr_carea' id='block_1_66' title="bbox 1670 2164 3235 2235">
    <p class='ocr_par' dir='ltr' id='par_1_66' title="bbox 1670 2164 3235 2235">
     <span class='ocr_line' id='line_1_66' title="bbox 1670 2164 3235 2235; baseline -0.001 -16"><span class='ocrx_word' id='word_1_491' title='bbox 1670 2175 1858 2235; x_wconf 89' lang='lat' dir='ltr'><strong>partus</strong></span> <span class='ocrx_word' id='word_1_492' title='bbox 1930 2165 2114 2229; x_wconf 76' lang='lat' dir='ltr'><strong>adest,</strong></span> <span class='ocrx_word' id='word_1_493' title='bbox 2170 2174 2225 2218; x_wconf 86' lang='lat' dir='ltr'><strong>et</strong></span> <span class='ocrx_word' id='word_1_494' title='bbox 2286 2164 2648 2218; x_wconf 78' lang='lat' dir='ltr'><strong>substantiam</strong></span> <span class='ocrx_word' id='word_1_495' title='bbox 2741 2173 2930 2232; x_wconf 89' lang='lat' dir='ltr'><strong>partus</strong></span> <span class='ocrx_word' id='word_1_496' title='bbox 2991 2164 3235 2217; x_wconf 77' lang='lat' dir='ltr'><strong>creditur</strong></span> 
     </span>
    </p>
   </div>
   <div class='ocr_carea' id='block_1_67' title="bbox 1667 2252 3231 2321">
    <p class='ocr_par' dir='ltr' id='par_1_67' title="bbox 1667 2252 3231 2321">
     <span class='ocr_line' id='line_1_67' title="bbox 1667 2252 3231 2321; baseline -0.003 -11"><span class='ocrx_word' id='word_1_497' title='bbox 1667 2256 1980 2310; x_wconf 87' lang='lat' dir='ltr'><strong>necessario</strong></span> <span class='ocrx_word' id='word_1_498' title='bbox 2033 2254 2359 2308; x_wconf 80' lang='lat' dir='ltr'><strong>declarasse.</strong></span> <span class='ocrx_word' id='word_1_499' title='bbox 2408 2253 2502 2307; x_wconf 88' lang='lat' dir='ltr'><strong>Sin</strong></span> <span class='ocrx_word' id='word_1_500' title='bbox 2586 2252 2741 2321; x_wconf 91' lang='lat' dir='ltr'><strong>cupis</strong></span> <span class='ocrx_word' id='word_1_501' title='bbox 2794 2263 2848 2306; x_wconf 88' lang='lat' dir='ltr'><strong>et</strong></span> <span class='ocrx_word' id='word_1_502' title='bbox 2902 2269 2931 2306; x_wconf 88' lang='lat' dir='ltr'><strong>a</strong></span> <span class='ocrx_word' id='word_1_503' title='bbox 3016 2268 3103 2306; x_wconf 85' lang='lat' dir='ltr'><strong>me</strong></span> <span class='ocrx_word' id='word_1_504' title='bbox 3151 2253 3231 2307; x_wconf 89' lang='lat' dir='ltr'><strong>di-</strong></span> 
     </span>
    </p>
   </div>
   <div class='ocr_carea' id='block_1_68' title="bbox 1666 2342 3232 2415">
    <p class='ocr_par' dir='ltr' id='par_1_68' title="bbox 1666 2342 3232 2415">
     <span class='ocr_line' id='line_1_68' title="bbox 1666 2342 3232 2415; baseline -0.003 -14"><span class='ocrx_word' id='word_1_505' title='bbox 1666 2362 1843 2412; x_wconf 81' lang='lat' dir='ltr'><strong>scere,</strong></span> <span class='ocrx_word' id='word_1_506' title='bbox 1873 2361 1994 2415; x_wconf 67' lang='lat' dir='ltr'><strong>qum</strong></span> <span class='ocrx_word' id='word_1_507' title='bbox 2029 2354 2335 2415; x_wconf 88' lang='lat' dir='ltr'><strong>sequuntur</strong></span> <span class='ocrx_word' id='word_1_508' title='bbox 2375 2344 2441 2396; x_wconf 75' lang='lat' dir='ltr'><strong>.in</strong></span> <span class='ocrx_word' id='word_1_509' title='bbox 2492 2344 2758 2413; x_wconf 77' lang='lat' dir='ltr'><strong>propheta</strong></span> <span class='ocrx_word' id='word_1_510' title='bbox 2783 2358 3039 2411; x_wconf 74' lang='lat' dir='ltr'><strong>percurre</strong></span> <span class='ocrx_word' id='word_1_511' title='bbox 3094 2361 3107 2395; x_wconf 93' lang='lat'>:</span> <span class='ocrx_word' id='word_1_512' title='bbox 3165 2342 3232 2396; x_wconf 84' lang='lat' dir='ltr'><strong>Et</strong></span> 
     </span>
    </p>
   </div>
   <div class='ocr_carea' id='block_1_69' title="bbox 1666 2432 3229 2508">
    <p class='ocr_par' dir='ltr' id='par_1_69' title="bbox 1666 2432 3229 2508">
     <span class='ocr_line' id='line_1_69' title="bbox 1666 2432 3229 2508; baseline -0.002 -18"><span class='ocrx_word' id='word_1_513' title='bbox 1666 2438 1835 2508; x_wconf 82' lang='lat' dir='ltr'><strong>pariet</strong></span> <span class='ocrx_word' id='word_1_514' title='bbox 1884 2436 2076 2505; x_wconf 84' lang='lat' dir='ltr'><strong>ﬁlium,</strong></span> <span class='ocrx_word' id='word_1_515' title='bbox 2149 2445 2198 2489; x_wconf 89' lang='lat' dir='ltr'><strong>et</strong></span> <span class='ocrx_word' id='word_1_516' title='bbox 2244 2436 2497 2488; x_wconf 83' lang='lat' dir='ltr'><strong>vocabunt</strong></span> <span class='ocrx_word' id='word_1_517' title='bbox 2550 2450 2734 2486; x_wconf 85' lang='lat' dir='ltr'><strong>nomen</strong></span> <span class='ocrx_word' id='word_1_518' title='bbox 2761 2434 2875 2503; x_wconf 85' lang='lat' dir='ltr'><strong>ejus</strong></span> <span class='ocrx_word' id='word_1_519' title='bbox 2894 2432 3229 2488; x_wconf 79' lang='lat' dir='ltr'><strong>Emmanuel.</strong></span> 
     </span>
    </p>
   </div>
   <div class='ocr_carea' id='block_1_70' title="bbox 1665 2522 3235 2598">
    <p class='ocr_par' dir='ltr' id='par_1_70' title="bbox 1665 2522 3235 2598">
     <span class='ocr_line' id='line_1_70' title="bbox 1665 2522 3235 2598; baseline -0.003 -16"><span class='ocrx_word' id='word_1_520' title='bbox 1665 2528 1805 2594; x_wconf 80' lang='lat' dir='ltr'><strong>Quid</strong></span> <span class='ocrx_word' id='word_1_521' title='bbox 1832 2542 1995 2598; x_wconf 88' lang='lat' dir='ltr'><strong>porro</strong></span> <span class='ocrx_word' id='word_1_522' title='bbox 2021 2536 2107 2581; x_wconf 88' lang='lat' dir='ltr'><strong>est</strong></span> <span class='ocrx_word' id='word_1_523' title='bbox 2140 2526 2497 2580; x_wconf 82' lang='lat' dir='ltr'><strong>Emmanuel?</strong></span> <span class='ocrx_word' id='word_1_524' title='bbox 2546 2524 2834 2579; x_wconf 82' lang='lat' dir='ltr'><strong>Nobiscum</strong></span> <span class='ocrx_word' id='word_1_525' title='bbox 2868 2524 3029 2578; x_wconf 89' lang='lat' dir='ltr'><strong>Deus.</strong></span> <span class='ocrx_word' id='word_1_526' title='bbox 3079 2522 3235 2578; x_wconf 84' lang='lat' dir='ltr'><strong>Nun-</strong></span> 
     </span>
    </p>
   </div>
   <div class='ocr_carea' id='block_1_71' title="bbox 1666 2613 3230 2690">
    <p class='ocr_par' dir='ltr' id='par_1_71' title="bbox 1666 2613 3230 2690">
     <span class='ocr_line' id='line_1_71' title="bbox 1666 2613 3230 2690; baseline -0.004 -15"><span class='ocrx_word' id='word_1_527' title='bbox 1666 2620 1795 2690; x_wconf 88' lang='lat' dir='ltr'><strong>quid</strong></span> <span class='ocrx_word' id='word_1_528' title='bbox 1821 2636 1949 2690; x_wconf 88' lang='lat' dir='ltr'><strong>ergo</strong></span> <span class='ocrx_word' id='word_1_529' title='bbox 1984 2620 2125 2673; x_wconf 85' lang='lat' dir='ltr'><strong>Deus</strong></span> <span class='ocrx_word' id='word_1_530' title='bbox 2152 2634 2218 2672; x_wconf 82' lang='lat' dir='ltr'><strong>ex</strong></span> <span class='ocrx_word' id='word_1_531' title='bbox 2252 2618 2459 2686; x_wconf 81' lang='lat' dir='ltr'><strong>nuptiis</strong></span> <span class='ocrx_word' id='word_1_532' title='bbox 2503 2627 2557 2672; x_wconf 88' lang='lat' dir='ltr'><strong>et</strong></span> <span class='ocrx_word' id='word_1_533' title='bbox 2585 2616 2940 2685; x_wconf 84' lang='lat' dir='ltr'><strong>corruptione</strong></span> <span class='ocrx_word' id='word_1_534' title='bbox 2981 2613 3230 2684; x_wconf 88' lang='lat' dir='ltr'><strong>concipi-</strong></span> 
     </span>
    </p>
   </div>
   <div class='ocr_carea' id='block_1_72' title="bbox 1668 2706 3234 2777">
    <p class='ocr_par' dir='ltr' id='par_1_72' title="bbox 1668 2706 3234 2777">
     <span class='ocr_line' id='line_1_72' title="bbox 1668 2706 3234 2777; baseline -0.004 -10"><span class='ocrx_word' id='word_1_535' title='bbox 1668 2721 1777 2774; x_wconf 92' lang='lat' dir='ltr'><strong>tur,</strong></span> <span class='ocrx_word' id='word_1_536' title='bbox 1798 2721 1851 2765; x_wconf 87' lang='lat' dir='ltr'><strong>et</strong></span> <span class='ocrx_word' id='word_1_537' title='bbox 1875 2726 1942 2765; x_wconf 81' lang='lat' dir='ltr'><strong>ex</strong></span> <span class='ocrx_word' id='word_1_538' title='bbox 1976 2710 2092 2764; x_wconf 85' lang='lat' dir='ltr'><strong>viro</strong></span> <span class='ocrx_word' id='word_1_539' title='bbox 2121 2720 2285 2777; x_wconf 88' lang='lat' dir='ltr'><strong>atque</strong></span> <span class='ocrx_word' id='word_1_540' title='bbox 2314 2709 2613 2764; x_wconf 82' lang='lat' dir='ltr'><strong>concubitu</strong></span> <span class='ocrx_word' id='word_1_541' title='bbox 2638 2708 2818 2763; x_wconf 88' lang='lat' dir='ltr'><strong>editus</strong></span> <span class='ocrx_word' id='word_1_542' title='bbox 2854 2716 2949 2762; x_wconf 86' lang='lat' dir='ltr'><strong>aut</strong></span> <span class='ocrx_word' id='word_1_543' title='bbox 2974 2706 3234 2761; x_wconf 87' lang='lat' dir='ltr'><strong>incarna-</strong></span> 
     </span>
    </p>
   </div>
   <div class='ocr_carea' id='block_1_73' title="bbox 1670 2796 3233 2869">
    <p class='ocr_par' dir='ltr' id='par_1_73' title="bbox 1670 2796 3233 2869">
     <span class='ocr_line' id='line_1_73' title="bbox 1670 2796 3233 2869; baseline -0.004 -15"><span class='ocrx_word' id='word_1_544' title='bbox 1670 2809 1755 2856; x_wconf 90' lang='lat' dir='ltr'><strong>tus</strong></span> <span class='ocrx_word' id='word_1_545' title='bbox 1788 2816 1909 2855; x_wconf 88' lang='lat' dir='ltr'><strong>esse</strong></span> <span class='ocrx_word' id='word_1_546' title='bbox 1933 2800 2144 2869; x_wconf 90' lang='lat' dir='ltr'><strong>potest?</strong></span> <span class='ocrx_word' id='word_1_547' title='bbox 2162 2799 2531 2867; x_wconf 83' lang='lat' dir='ltr'><strong>Nequaquam,</strong></span> <span class='ocrx_word' id='word_1_548' title='bbox 2565 2799 2660 2853; x_wconf 88' lang='lat' dir='ltr'><strong>sed</strong></span> <span class='ocrx_word' id='word_1_549' title='bbox 2688 2797 3008 2867; x_wconf 90' lang='lat' dir='ltr'><strong>operatione</strong></span> <span class='ocrx_word' id='word_1_550' title='bbox 3025 2796 3233 2861; x_wconf 85' lang='lat' dir='ltr'><strong>divina,</strong></span> 
     </span>
    </p>
   </div>
   <div class='ocr_carea' id='block_1_74' title="bbox 1668 2888 3233 2959">
    <p class='ocr_par' dir='ltr' id='par_1_74' title="bbox 1668 2888 3233 2959">
     <span class='ocr_line' id='line_1_74' title="bbox 1668 2888 3233 2959; baseline -0.003 -13"><span class='ocrx_word' id='word_1_551' title='bbox 1668 2892 2027 2947; x_wconf 83' lang='lat' dir='ltr'><strong>seminatione</strong></span> <span class='ocrx_word' id='word_1_552' title='bbox 2077 2905 2337 2959; x_wconf 87' lang='lat' dir='ltr'><strong>superna,</strong></span> <span class='ocrx_word' id='word_1_553' title='bbox 2366 2897 2422 2943; x_wconf 92' lang='lat' dir='ltr'><strong>et</strong></span> <span class='ocrx_word' id='word_1_554' title='bbox 2446 2891 2682 2942; x_wconf 77' lang='lat' dir='ltr'><strong>adventu</strong></span> <span class='ocrx_word' id='word_1_555' title='bbox 2728 2888 2961 2957; x_wconf 83' lang='lat' dir='ltr'><strong>Spiritus</strong></span> <span class='ocrx_word' id='word_1_556' title='bbox 3036 2888 3233 2941; x_wconf 72' lang='lat' dir='ltr'><strong>sancti:</strong></span> 
     </span>
    </p>
   </div>
   <div class='ocr_carea' id='block_1_75' title="bbox 1668 2974 3235 3048">
    <p class='ocr_par' dir='ltr' id='par_1_75' title="bbox 1668 2974 3235 3048">
     <span class='ocr_line' id='line_1_75' title="bbox 1668 2974 3235 3048; baseline -0.003 -13"><span class='ocrx_word' id='word_1_557' title='bbox 1668 2980 2032 3047; x_wconf 84' lang='lat' dir='ltr'><strong>Quamobrem</strong></span> <span class='ocrx_word' id='word_1_558' title='bbox 2055 2994 2181 3034; x_wconf 89' lang='lat' dir='ltr'><strong>cum</strong></span> <span class='ocrx_word' id='word_1_559' title='bbox 2213 2977 2377 3048; x_wconf 82' lang='lat' dir='ltr'><strong>Virgo</strong></span> <span class='ocrx_word' id='word_1_560' title='bbox 2402 2977 2638 3032; x_wconf 84' lang='lat' dir='ltr'><strong>Gabrieli</strong></span> <span class='ocrx_word' id='word_1_561' title='bbox 2687 2977 2897 3032; x_wconf 87' lang='lat' dir='ltr'><strong>diceret</strong></span> <span class='ocrx_word' id='word_1_562' title='bbox 2926 2995 2938 3029; x_wconf 93' lang='lat'>:</span> <span class='ocrx_word' id='word_1_563' title='bbox 2968 2974 3235 3040; x_wconf 81' lang='lat' dir='ltr'><strong>Quomodo</strong></span> 
     </span>
    </p>
   </div>
   <div class='ocr_carea' id='block_1_76' title="bbox 1668 3068 3236 3141">
    <p class='ocr_par' dir='ltr' id='par_1_76' title="bbox 1668 3068 3236 3141">
     <span class='ocr_line' id='line_1_76' title="bbox 1668 3068 3236 3141; baseline -0.002 -16"><span class='ocrx_word' id='word_1_564' title='bbox 1668 3073 1755 3141; x_wconf 82' lang='lat' dir='ltr'><strong>ﬁet</strong></span> <span class='ocrx_word' id='word_1_565' title='bbox 1774 3071 1912 3125; x_wconf 86' lang='lat' dir='ltr'><strong>istud</strong></span> <span class='ocrx_word' id='word_1_566' title='bbox 1950 3070 2093 3140; x_wconf 83' lang='lat' dir='ltr'><strong>apud</strong></span> <span class='ocrx_word' id='word_1_567' title='bbox 2119 3086 2221 3131; x_wconf 85' lang='lat' dir='ltr'><strong>me,</strong></span> <span class='ocrx_word' id='word_1_568' title='bbox 2254 3069 2379 3138; x_wconf 85' lang='lat' dir='ltr'><strong>quia</strong></span> <span class='ocrx_word' id='word_1_569' title='bbox 2403 3069 2572 3121; x_wconf 76' lang='lat' dir='ltr'><strong>virum</strong></span> <span class='ocrx_word' id='word_1_570' title='bbox 2596 3084 2697 3121; x_wconf 88' lang='lat' dir='ltr'><strong>non</strong></span> <span class='ocrx_word' id='word_1_571' title='bbox 2739 3083 2986 3138; x_wconf 83' lang='lat' dir='ltr'><strong>cognosco</strong></span> <span class='ocrx_word' id='word_1_572' title='bbox 3009 3068 3086 3121; x_wconf 66' lang='lat'><strong>“1&#39;</strong></span> <span class='ocrx_word' id='word_1_573' title='bbox 3114 3083 3236 3137; x_wconf 85' lang='lat' dir='ltr'><strong>per-</strong></span> 
     </span>
    </p>
   </div>
   <div class='ocr_carea' id='block_1_77' title="bbox 1667 3161 3233 3231">
    <p class='ocr_par' dir='ltr' id='par_1_77' title="bbox 1667 3161 3233 3231">
     <span class='ocr_line' id='line_1_77' title="bbox 1667 3161 3233 3231; baseline -0.001 -12"><span class='ocrx_word' id='word_1_574' title='bbox 1667 3163 1814 3219; x_wconf 88' lang='lat' dir='ltr'><strong>cellit</strong></span> <span class='ocrx_word' id='word_1_575' title='bbox 1837 3179 1962 3217; x_wconf 84' lang='lat' dir='ltr'><strong>me:</strong></span> <span class='ocrx_word' id='word_1_576' title='bbox 1995 3162 2314 3218; x_wconf 88' lang='lat' dir='ltr'><strong>miraculum</strong></span> <span class='ocrx_word' id='word_1_577' title='bbox 2355 3161 2500 3231; x_wconf 87' lang='lat' dir='ltr'><strong>quod</strong></span> <span class='ocrx_word' id='word_1_578' title='bbox 2540 3162 2745 3224; x_wconf 80' lang='lat' dir='ltr'><strong>dixisti,</strong></span> <span class='ocrx_word' id='word_1_579' title='bbox 2800 3178 2888 3217; x_wconf 91' lang='lat' dir='ltr'><strong>me</strong></span> <span class='ocrx_word' id='word_1_580' title='bbox 2923 3171 3233 3230; x_wconf 88' lang='lat' dir='ltr'><strong>perterret:</strong></span> 
     </span>
    </p>
   </div>
   <div class='ocr_carea' id='block_1_78' title="bbox 1666 3247 3235 3320">
    <p class='ocr_par' dir='ltr' id='par_1_78' title="bbox 1666 3247 3235 3320">
     <span class='ocr_line' id='line_1_78' title="bbox 1666 3247 3235 3320; baseline 0.002 -17"><span class='ocrx_word' id='word_1_581' title='bbox 1666 3260 1721 3304; x_wconf 86' lang='lat' dir='ltr'><strong>et</strong></span> <span class='ocrx_word' id='word_1_582' title='bbox 1746 3250 2025 3304; x_wconf 85' lang='lat' dir='ltr'><strong>oraculum</strong></span> <span class='ocrx_word' id='word_1_583' title='bbox 2055 3249 2232 3320; x_wconf 83' lang='lat' dir='ltr'><strong>angeli</strong></span> <span class='ocrx_word' id='word_1_584' title='bbox 2257 3247 2538 3319; x_wconf 80' lang='lat' dir='ltr'><strong>Virginem</strong></span> <span class='ocrx_word' id='word_1_585' title='bbox 2571 3249 2963 3318; x_wconf 75' lang='lat' dir='ltr'><strong>obstupefecit,</strong></span> <span class='ocrx_word' id='word_1_586' title='bbox 2989 3250 3235 3306; x_wconf 79' lang='lat' dir='ltr'><strong>miranda</strong></span> 
     </span>
    </p>
   </div>
   <div class='ocr_carea' id='block_1_79' title="bbox 1668 3340 3238 3411">
    <p class='ocr_par' dir='ltr' id='par_1_79' title="bbox 1668 3340 3238 3411">
     <span class='ocr_line' id='line_1_79' title="bbox 1668 3340 3238 3411; baseline -0.001 -15"><span class='ocrx_word' id='word_1_587' title='bbox 1668 3342 1822 3405; x_wconf 87' lang='lat' dir='ltr'><strong>dicis,</strong></span> <span class='ocrx_word' id='word_1_588' title='bbox 1836 3342 2065 3411; x_wconf 89' lang='lat' dir='ltr'><strong>ideoque</strong></span> <span class='ocrx_word' id='word_1_589' title='bbox 2087 3341 2218 3395; x_wconf 88' lang='lat' dir='ltr'><strong>mihi</strong></span> <span class='ocrx_word' id='word_1_590' title='bbox 2243 3340 2426 3403; x_wconf 89' lang='lat' dir='ltr'><strong>dubia,</strong></span> <span class='ocrx_word' id='word_1_591' title='bbox 2451 3340 2579 3409; x_wconf 86' lang='lat' dir='ltr'><strong>quia</strong></span> <span class='ocrx_word' id='word_1_592' title='bbox 2602 3341 2912 3409; x_wconf 88' lang='lat' dir='ltr'><strong>peregrina,</strong></span> <span class='ocrx_word' id='word_1_593' title='bbox 2937 3342 3238 3396; x_wconf 77' lang='lat' dir='ltr'><strong>extimesco</strong></span> 
     </span>
    </p>
   </div>
   <div class='ocr_carea' id='block_1_80' title="bbox 1671 3429 3238 3499">
    <p class='ocr_par' dir='ltr' id='par_1_80' title="bbox 1671 3429 3238 3499">
     <span class='ocr_line' id='line_1_80' title="bbox 1671 3429 3238 3499; baseline -0.002 -14"><span class='ocrx_word' id='word_1_594' title='bbox 1671 3433 1847 3485; x_wconf 88' lang='lat' dir='ltr'><strong>nuntii</strong></span> <span class='ocrx_word' id='word_1_595' title='bbox 1880 3432 2042 3485; x_wconf 81' lang='lat' dir='ltr'><strong>fausti</strong></span> <span class='ocrx_word' id='word_1_596' title='bbox 2065 3431 2361 3484; x_wconf 88' lang='lat' dir='ltr'><strong>novitatem</strong></span> <span class='ocrx_word' id='word_1_597' title='bbox 2397 3445 2410 3480; x_wconf 89' lang='lat'><strong>:</strong></span> <span class='ocrx_word' id='word_1_598' title='bbox 2448 3430 2736 3499; x_wconf 88' lang='lat' dir='ltr'><strong>perturbor</strong></span> <span class='ocrx_word' id='word_1_599' title='bbox 2769 3430 2839 3484; x_wconf 88' lang='lat' dir='ltr'><strong>ob</strong></span> <span class='ocrx_word' id='word_1_600' title='bbox 2876 3444 2938 3483; x_wconf 91' lang='lat' dir='ltr'><strong>ea</strong></span> <span class='ocrx_word' id='word_1_601' title='bbox 2979 3444 3099 3498; x_wconf 66' lang='lat' dir='ltr'><strong>qua:</strong></span> <span class='ocrx_word' id='word_1_602' title='bbox 3151 3429 3238 3484; x_wconf 83' lang='lat' dir='ltr'><strong>di-</strong></span> 
     </span>
    </p>
   </div>
   <div class='ocr_carea' id='block_1_81' title="bbox 1668 3525 3239 3595">
    <p class='ocr_par' dir='ltr' id='par_1_81' title="bbox 1668 3525 3239 3595">
     <span class='ocr_line' id='line_1_81' title="bbox 1668 3525 3239 3595; baseline 0.002 -17"><span class='ocrx_word' id='word_1_603' title='bbox 1668 3531 1864 3578; x_wconf 92' lang='lat' dir='ltr'><strong>cuntur</strong></span> <span class='ocrx_word' id='word_1_604' title='bbox 1893 3538 1925 3575; x_wconf 89' lang='lat' dir='ltr'><strong>a</strong></span> <span class='ocrx_word' id='word_1_605' title='bbox 1959 3532 2011 3577; x_wconf 90' lang='lat' dir='ltr'><strong>te</strong></span> <span class='ocrx_word' id='word_1_606' title='bbox 2033 3525 2327 3581; x_wconf 86' lang='lat' dir='ltr'><strong>admodum</strong></span> <span class='ocrx_word' id='word_1_607' title='bbox 2352 3527 2590 3584; x_wconf 87' lang='lat' dir='ltr'><strong>insolita.</strong></span> <span class='ocrx_word' id='word_1_608' title='bbox 2662 3528 2933 3590; x_wconf 79' lang='lat' dir='ltr'><strong>Quomodo</strong></span> <span class='ocrx_word' id='word_1_609' title='bbox 2990 3527 3117 3580; x_wconf 84' lang='lat' dir='ltr'><strong>mihi</strong></span> <span class='ocrx_word' id='word_1_610' title='bbox 3151 3526 3239 3595; x_wconf 79' lang='lat' dir='ltr'><strong>ﬁet</strong></span> 
     </span>
    </p>
   </div>
   <div class='ocr_carea' id='block_1_82' title="bbox 1669 3614 3237 3688">
    <p class='ocr_par' dir='ltr' id='par_1_82' title="bbox 1669 3614 3237 3688">
     <span class='ocr_line' id='line_1_82' title="bbox 1669 3614 3237 3688; baseline 0.003 -22"><span class='ocrx_word' id='word_1_611' title='bbox 1669 3614 1829 3676; x_wconf 80' lang='lat' dir='ltr'><strong>istud,</strong></span> <span class='ocrx_word' id='word_1_612' title='bbox 1900 3615 2023 3683; x_wconf 88' lang='lat' dir='ltr'><strong>quia</strong></span> <span class='ocrx_word' id='word_1_613' title='bbox 2045 3616 2216 3670; x_wconf 85' lang='lat' dir='ltr'><strong>virum</strong></span> <span class='ocrx_word' id='word_1_614' title='bbox 2261 3634 2362 3670; x_wconf 90' lang='lat' dir='ltr'><strong>non</strong></span> <span class='ocrx_word' id='word_1_615' title='bbox 2386 3619 2669 3688; x_wconf 82' lang='lat' dir='ltr'><strong>cognosco?</strong></span> <span class='ocrx_word' id='word_1_616' title='bbox 2715 3633 2819 3687; x_wconf 88' lang='lat' dir='ltr'><strong>qua</strong></span> <span class='ocrx_word' id='word_1_617' title='bbox 2852 3617 3065 3672; x_wconf 81' lang='lat' dir='ltr'><strong>ratione</strong></span> <span class='ocrx_word' id='word_1_618' title='bbox 3113 3617 3237 3671; x_wconf 75' lang='lat' dir='ltr'><strong>llam</strong></span> 
     </span>
    </p>
   </div>
   <div class='ocr_carea' id='block_1_83' title="bbox 1670 3703 3240 3776">
    <p class='ocr_par' dir='ltr' id='par_1_83' title="bbox 1670 3703 3240 3776">
     <span class='ocr_line' id='line_1_83' title="bbox 1670 3703 3240 3776; baseline 0.004 -21"><span class='ocrx_word' id='word_1_619' title='bbox 1670 3710 1863 3766; x_wconf 85' lang='lat' dir='ltr'><strong>mater,</strong></span> <span class='ocrx_word' id='word_1_620' title='bbox 1887 3718 2006 3771; x_wconf 72' lang='lat' dir='ltr'><strong>qua:</strong></span> <span class='ocrx_word' id='word_1_621' title='bbox 2026 3718 2137 3757; x_wconf 88' lang='lat' dir='ltr'><strong>non</strong></span> <span class='ocrx_word' id='word_1_622' title='bbox 2171 3703 2248 3758; x_wconf 90' lang='lat' dir='ltr'><strong>fui</strong></span> <span class='ocrx_word' id='word_1_623' title='bbox 2276 3708 2512 3775; x_wconf 86' lang='lat' dir='ltr'><strong>sponsa?</strong></span> <span class='ocrx_word' id='word_1_624' title='bbox 2540 3707 2639 3761; x_wconf 86' lang='lat' dir='ltr'><strong>llos</strong></span> <span class='ocrx_word' id='word_1_625' title='bbox 2664 3707 2840 3761; x_wconf 64' lang='lat' dir='ltr'><strong>relatis</strong></span> <span class='ocrx_word' id='word_1_626' title='bbox 2858 3706 3090 3776; x_wconf 83' lang='lat' dir='ltr'><strong>vigentis</strong></span> <span class='ocrx_word' id='word_1_627' title='bbox 3128 3722 3240 3762; x_wconf 85' lang='lat' dir='ltr'><strong>non</strong></span> 
     </span>
    </p>
   </div>
   <div class='ocr_carea' id='block_1_84' title="bbox 1668 3795 3237 3868">
    <p class='ocr_par' dir='ltr' id='par_1_84' title="bbox 1668 3795 3237 3868">
     <span class='ocr_line' id='line_1_84' title="bbox 1668 3795 3237 3868; baseline 0.003 -21"><span class='ocrx_word' id='word_1_628' title='bbox 1668 3802 1755 3847; x_wconf 89' lang='lat' dir='ltr'><strong>est</strong></span> <span class='ocrx_word' id='word_1_629' title='bbox 1789 3802 2127 3862; x_wconf 86' lang='lat' dir='ltr'><strong>corruptus:</strong></span> <span class='ocrx_word' id='word_1_630' title='bbox 2188 3795 2466 3866; x_wconf 90' lang='lat' dir='ltr'><strong>cingulum</strong></span> <span class='ocrx_word' id='word_1_631' title='bbox 2515 3796 2842 3868; x_wconf 85' lang='lat' dir='ltr'><strong>virginitatis</strong></span> <span class='ocrx_word' id='word_1_632' title='bbox 2885 3811 2997 3850; x_wconf 90' lang='lat' dir='ltr'><strong>non</strong></span> <span class='ocrx_word' id='word_1_633' title='bbox 3046 3795 3182 3851; x_wconf 84' lang='lat' dir='ltr'><strong>solvi</strong></span> <span class='ocrx_word' id='word_1_634' title='bbox 3220 3814 3237 3852; x_wconf 87' lang='lat'><strong>:</strong></span> 
     </span>
    </p>
   </div>
   <div class='ocr_carea' id='block_1_85' title="bbox 1670 3883 3241 3942">
    <p class='ocr_par' dir='ltr' id='par_1_85' title="bbox 1670 3883 3241 3942">
     <span class='ocr_line' id='line_1_85' title="bbox 1670 3883 3241 3942; baseline 0.001 -4"><span class='ocrx_word' id='word_1_635' title='bbox 1670 3883 1886 3938; x_wconf 86' lang='lat' dir='ltr'><strong>vincula</strong></span> <span class='ocrx_word' id='word_1_636' title='bbox 1968 3885 2138 3938; x_wconf 71' lang='lat' dir='ltr'><strong>vulvae</strong></span> <span class='ocrx_word' id='word_1_637' title='bbox 2187 3902 2295 3939; x_wconf 89' lang='lat' dir='ltr'><strong>non</strong></span> <span class='ocrx_word' id='word_1_638' title='bbox 2345 3888 2515 3941; x_wconf 80' lang='lat' dir='ltr'><strong>laxavi</strong></span> <span class='ocrx_word' id='word_1_639' title='bbox 2572 3906 2585 3942; x_wconf 89' lang='lat'><strong>:</strong></span> <span class='ocrx_word' id='word_1_640' title='bbox 2630 3887 2771 3941; x_wconf 88' lang='lat' dir='ltr'><strong>uteri</strong></span> <span class='ocrx_word' id='word_1_641' title='bbox 2832 3902 2943 3941; x_wconf 91' lang='lat' dir='ltr'><strong>non</strong></span> <span class='ocrx_word' id='word_1_642' title='bbox 3017 3884 3241 3940; x_wconf 85' lang='lat' dir='ltr'><strong>dissolvi</strong></span> 
     </span>
    </p>
   </div>
   <div class='ocr_carea' id='block_1_86' title="bbox 1672 3973 3243 4047">
    <p class='ocr_par' dir='ltr' id='par_1_86' title="bbox 1672 3973 3243 4047">
     <span class='ocr_line' id='line_1_86' title="bbox 1672 3973 3243 4047; baseline 0.003 -20"><span class='ocrx_word' id='word_1_643' title='bbox 1672 3973 1928 4044; x_wconf 89' lang='lat' dir='ltr'><strong>sigillum.</strong></span> <span class='ocrx_word' id='word_1_644' title='bbox 1969 3975 2208 4045; x_wconf 77' lang='lat' dir='ltr'><strong>Angelus</strong></span> <span class='ocrx_word' id='word_1_645' title='bbox 2263 3977 2551 4032; x_wconf 82' lang='lat' dir='ltr'><strong>confestim</strong></span> <span class='ocrx_word' id='word_1_646' title='bbox 2605 3979 2888 4045; x_wconf 67' lang='lat' dir='ltr'><strong>subiunxit</strong></span> <span class='ocrx_word' id='word_1_647' title='bbox 2931 3994 2944 4030; x_wconf 90' lang='lat'><strong>:</strong></span> <span class='ocrx_word' id='word_1_648' title='bbox 3007 3976 3243 4047; x_wconf 83' lang='lat' dir='ltr'><strong>Spiritus</strong></span> 
     </span>
    </p>
   </div>
   <div class='ocr_carea' id='block_1_87' title="bbox 1669 4067 3242 4134">
    <p class='ocr_par' dir='ltr' id='par_1_87' title="bbox 1669 4067 3242 4134">
     <span class='ocr_line' id='line_1_87' title="bbox 1669 4067 3242 4134; baseline 0.004 -19"><span class='ocrx_word' id='word_1_649' title='bbox 1669 4076 1881 4116; x_wconf 87' lang='lat' dir='ltr'><strong>sanctus</strong></span> <span class='ocrx_word' id='word_1_650' title='bbox 1900 4067 2220 4132; x_wconf 84' lang='lat' dir='ltr'><strong>superveniet</strong></span> <span class='ocrx_word' id='word_1_651' title='bbox 2273 4067 2327 4121; x_wconf 88' lang='lat' dir='ltr'><strong>in</strong></span> <span class='ocrx_word' id='word_1_652' title='bbox 2382 4078 2451 4134; x_wconf 86' lang='lat' dir='ltr'><strong>te,</strong></span> <span class='ocrx_word' id='word_1_653' title='bbox 2496 4079 2545 4123; x_wconf 88' lang='lat' dir='ltr'><strong>et</strong></span> <span class='ocrx_word' id='word_1_654' title='bbox 2581 4071 2746 4125; x_wconf 85' lang='lat' dir='ltr'><strong>virtus</strong></span> <span class='ocrx_word' id='word_1_655' title='bbox 2775 4070 3029 4123; x_wconf 81' lang='lat' dir='ltr'><strong>Altissimi</strong></span> <span class='ocrx_word' id='word_1_656' title='bbox 3058 4069 3242 4122; x_wconf 79' lang='lat' dir='ltr'><strong>obum-</strong></span> 
     </span>
    </p>
   </div>
   <div class='ocr_carea' id='block_1_88' title="bbox 1674 4154 3242 4232">
    <p class='ocr_par' dir='ltr' id='par_1_88' title="bbox 1674 4154 3242 4232">
     <span class='ocr_line' id='line_1_88' title="bbox 1674 4154 3242 4232; baseline 0.004 -25"><span class='ocrx_word' id='word_1_657' title='bbox 1674 4154 1844 4208; x_wconf 84' lang='lat' dir='ltr'><strong>brabit</strong></span> <span class='ocrx_word' id='word_1_658' title='bbox 1866 4155 2058 4224; x_wconf 77' lang='lat' dir='ltr'><strong>tibi”;</strong></span> <span class='ocrx_word' id='word_1_659' title='bbox 2106 4157 2209 4212; x_wconf 86' lang='lat' dir='ltr'><strong>hoc</strong></span> <span class='ocrx_word' id='word_1_660' title='bbox 2230 4167 2337 4225; x_wconf 87' lang='lat' dir='ltr'><strong>est,</strong></span> <span class='ocrx_word' id='word_1_661' title='bbox 2376 4160 2421 4214; x_wconf 90' lang='lat' dir='ltr'><strong>si</strong></span> <span class='ocrx_word' id='word_1_662' title='bbox 2480 4170 2840 4232; x_wconf 86' lang='lat' dir='ltr'><strong>cognosceres</strong></span> <span class='ocrx_word' id='word_1_663' title='bbox 2873 4160 3073 4224; x_wconf 90' lang='lat' dir='ltr'><strong>virum,</strong></span> <span class='ocrx_word' id='word_1_664' title='bbox 3131 4174 3242 4213; x_wconf 92' lang='lat' dir='ltr'><strong>non</strong></span> 
     </span>
    </p>
   </div>
   <div class='ocr_carea' id='block_1_89' title="bbox 1672 4245 3239 4320">
    <p class='ocr_par' dir='ltr' id='par_1_89' title="bbox 1672 4245 3239 4320">
     <span class='ocr_line' id='line_1_89' title="bbox 1672 4245 3239 4320; baseline 0.002 -22"><span class='ocrx_word' id='word_1_665' title='bbox 1672 4262 1892 4316; x_wconf 86' lang='lat' dir='ltr'><strong>pareres</strong></span> <span class='ocrx_word' id='word_1_666' title='bbox 1919 4245 2112 4314; x_wconf 88' lang='lat' dir='ltr'><strong>Deum,</strong></span> <span class='ocrx_word' id='word_1_667' title='bbox 2137 4248 2222 4303; x_wconf 90' lang='lat' dir='ltr'><strong>cui</strong></span> <span class='ocrx_word' id='word_1_668' title='bbox 2258 4249 2432 4303; x_wconf 88' lang='lat' dir='ltr'><strong>visum</strong></span> <span class='ocrx_word' id='word_1_669' title='bbox 2454 4260 2534 4305; x_wconf 90' lang='lat' dir='ltr'><strong>est</strong></span> <span class='ocrx_word' id='word_1_670' title='bbox 2567 4266 2632 4305; x_wconf 78' lang='lat' dir='ltr'><strong>ex</strong></span> <span class='ocrx_word' id='word_1_671' title='bbox 2659 4260 2731 4315; x_wconf 88' lang='lat' dir='ltr'><strong>te,</strong></span> <span class='ocrx_word' id='word_1_672' title='bbox 2790 4259 3011 4320; x_wconf 86' lang='lat' dir='ltr'><strong>propter</strong></span> <span class='ocrx_word' id='word_1_673' title='bbox 3035 4259 3086 4303; x_wconf 89' lang='lat' dir='ltr'><strong>te</strong></span> <span class='ocrx_word' id='word_1_674' title='bbox 3108 4248 3239 4303; x_wconf 84' lang='lat' dir='ltr'><strong>citra</strong></span> 
     </span>
    </p>
   </div>
   <div class='ocr_carea' id='block_1_90' title="bbox 1673 4338 3242 4407">
    <p class='ocr_par' dir='ltr' id='par_1_90' title="bbox 1673 4338 3242 4407">
     <span class='ocr_line' id='line_1_90' title="bbox 1673 4338 3242 4407; baseline 0.001 -17"><span class='ocrx_word' id='word_1_675' title='bbox 1673 4338 2100 4405; x_wconf 88' lang='lat' dir='ltr'><strong>corruptionem,</strong></span> <span class='ocrx_word' id='word_1_676' title='bbox 2148 4339 2285 4391; x_wconf 87' lang='lat' dir='ltr'><strong>servi</strong></span> <span class='ocrx_word' id='word_1_677' title='bbox 2339 4338 2566 4393; x_wconf 89' lang='lat' dir='ltr'><strong>formam</strong></span> <span class='ocrx_word' id='word_1_678' title='bbox 2623 4355 2840 4394; x_wconf 85' lang='lat' dir='ltr'><strong>sumere</strong></span> <span class='ocrx_word' id='word_1_679' title='bbox 2897 4357 2911 4391; x_wconf 91' lang='lat'><strong>:</strong></span> <span class='ocrx_word' id='word_1_680' title='bbox 2962 4354 3242 4407; x_wconf 86' lang='lat' dir='ltr'><strong>nunquam</strong></span> 
     </span>
    </p>
   </div>
   <div class='ocr_carea' id='block_1_91' title="bbox 19 4420 1564 4503">
    <p class='ocr_par' dir='ltr' id='par_1_91' title="bbox 19 4420 1564 4503">
     <span class='ocr_line' id='line_1_91' title="bbox 19 4420 1564 4503; baseline -0.007 -16"><span class='ocrx_word' id='word_1_681' title='bbox 19 4436 243 4503; x_wconf 75' lang='grc' dir='ltr'>ινεῦμα</span> <span class='ocrx_word' id='word_1_682' title='bbox 291 4433 461 4503; x_wconf 70' lang='grc' dir='ltr'><strong>ἄτιον</strong></span> <span class='ocrx_word' id='word_1_683' title='bbox 500 4432 891 4486; x_wconf 72' lang='grc' dir='ltr'>ἐπελεύσεται</span> <span class='ocrx_word' id='word_1_684' title='bbox 921 4427 1021 4481; x_wconf 79' lang='grc' dir='ltr'><strong>ἐπὶ</strong></span> <span class='ocrx_word' id='word_1_685' title='bbox 1050 4425 1146 4491; x_wconf 84' lang='grc' dir='ltr'>σὲ,</span> <span class='ocrx_word' id='word_1_686' title='bbox 1174 4424 1271 4478; x_wconf 77' lang='grc' dir='ltr'><strong>καί</strong></span> <span class='ocrx_word' id='word_1_687' title='bbox 1313 4420 1564 4493; x_wconf 64' lang='grc' dir='ltr'>δύναμις</span> 
     </span>
    </p>
   </div>
   <div class='ocr_carea' id='block_1_92' title="bbox 1679 4420 3243 4503">
    <p class='ocr_par' dir='ltr' id='par_1_92' title="bbox 1679 4423 3243 4495">
     <span class='ocr_line' id='line_1_92' title="bbox 1679 4423 3243 4495; baseline 0 -18"><span class='ocrx_word' id='word_1_688' title='bbox 1679 4423 1832 4478; x_wconf 86' lang='lat' dir='ltr'><strong>lieres</strong></span> <span class='ocrx_word' id='word_1_689' title='bbox 1853 4423 2273 4479; x_wconf 87' lang='lat' dir='ltr'><strong>instrumentum</strong></span> <span class='ocrx_word' id='word_1_690' title='bbox 2305 4426 2698 4481; x_wconf 88' lang='lat' dir='ltr'><strong>incarnationis</strong></span> <span class='ocrx_word' id='word_1_691' title='bbox 2756 4427 2875 4495; x_wconf 84' lang='lat' dir='ltr'><strong>ejus</strong></span> <span class='ocrx_word' id='word_1_692' title='bbox 2924 4426 3013 4493; x_wconf 86' lang='lat' dir='ltr'><strong>qui</strong></span> <span class='ocrx_word' id='word_1_693' title='bbox 3061 4425 3243 4478; x_wconf 87' lang='lat' dir='ltr'><strong>omnia</strong></span> 
     </span>
    </p>
   </div>
   <div class='ocr_carea' id='block_1_93' title="bbox 30 4517 1576 4593">
    <p class='ocr_par' dir='ltr' id='par_1_93' title="bbox 30 4517 1576 4593">
     <span class='ocr_line' id='line_1_93' title="bbox 30 4517 1576 4593; baseline -0.006 -15"><span class='ocrx_word' id='word_1_694' title='bbox 30 4526 310 4593; x_wconf 70' lang='grc' dir='ltr'>Υψίστου</span> <span class='ocrx_word' id='word_1_695' title='bbox 331 4523 671 4578; x_wconf 75' lang='grc' dir='ltr'>ἐπισκιάσει</span> <span class='ocrx_word' id='word_1_696' title='bbox 689 4540 788 4578; x_wconf 91' lang='grc' dir='ltr'><strong>σοι</strong></span> <span class='ocrx_word' id='word_1_697' title='bbox 805 4539 816 4552; x_wconf 67' lang='grc'><strong>⁸</strong></span> <span class='ocrx_word' id='word_1_698' title='bbox 840 4520 985 4574; x_wconf 87' lang='grc' dir='ltr'>τοῦτ’</span> <span class='ocrx_word' id='word_1_699' title='bbox 1006 4518 1173 4579; x_wconf 72' lang='grc' dir='ltr'>ἐστιν,</span> <span class='ocrx_word' id='word_1_700' title='bbox 1198 4518 1259 4570; x_wconf 87' lang='grc' dir='ltr'><strong>Εἰ</strong></span> <span class='ocrx_word' id='word_1_701' title='bbox 1283 4517 1576 4586; x_wconf 80' lang='grc' dir='ltr'>ἐγίνωσκες</span> 
     </span>
    </p>
   </div>
   <div class='ocr_carea' id='block_1_94' title="bbox 19 4606 1579 4685">
    <p class='ocr_par' dir='ltr' id='par_1_94' title="bbox 19 4606 1579 4685">
     <span class='ocr_line' id='line_1_94' title="bbox 19 4606 1579 4685; baseline -0.006 -17"><span class='ocrx_word' id='word_1_702' title='bbox 19 4617 190 4685; x_wconf 70' lang='grc' dir='ltr'>ινδρα,</span> <span class='ocrx_word' id='word_1_703' title='bbox 224 4614 326 4666; x_wconf 83' lang='grc' dir='ltr'><strong>οὐκ</strong></span> <span class='ocrx_word' id='word_1_704' title='bbox 361 4614 427 4668; x_wconf 80' lang='grc' dir='ltr'>ἂν</span> <span class='ocrx_word' id='word_1_705' title='bbox 456 4613 643 4675; x_wconf 74' lang='grc' dir='ltr'>ἔτεκες</span> <span class='ocrx_word' id='word_1_706' title='bbox 672 4613 826 4677; x_wconf 79' lang='grc' dir='ltr'>Θεὸν,</span> <span class='ocrx_word' id='word_1_707' title='bbox 855 4611 1043 4664; x_wconf 81' lang='grc' dir='ltr'>δούλου</span> <span class='ocrx_word' id='word_1_708' title='bbox 1073 4608 1286 4679; x_wconf 83' lang='grc' dir='ltr'>μορφὴν</span> <span class='ocrx_word' id='word_1_709' title='bbox 1309 4606 1495 4661; x_wconf 78' lang='grc' dir='ltr'>λαὸεἰν</span> <span class='ocrx_word' id='word_1_710' title='bbox 1515 4609 1579 4660; x_wconf 78' lang='grc' dir='ltr'>ὲκ</span> 
     </span>
    </p>
   </div>
   <div class='ocr_carea' id='block_1_95' title="bbox 19 4696 1577 4774">
    <p class='ocr_par' dir='ltr' id='par_1_95' title="bbox 19 4696 1577 4774">
     <span class='ocr_line' id='line_1_95' title="bbox 19 4696 1577 4774; baseline -0.007 -14"><span class='ocrx_word' id='word_1_711' title='bbox 19 4706 91 4760; x_wconf 71' lang='grc' dir='ltr'><strong>τοῦ</strong></span> <span class='ocrx_word' id='word_1_712' title='bbox 117 4706 210 4758; x_wconf 71' lang='grc' dir='ltr'><strong>διὰ</strong></span> <span class='ocrx_word' id='word_1_713' title='bbox 246 4704 307 4757; x_wconf 83' lang='grc' dir='ltr'>σὲ</span> <span class='ocrx_word' id='word_1_714' title='bbox 342 4704 510 4774; x_wconf 66' lang='grc' dir='ltr'>χωρὶς</span> <span class='ocrx_word' id='word_1_715' title='bbox 534 4700 742 4771; x_wconf 80' lang='grc' dir='ltr'>φθορᾶς</span> <span class='ocrx_word' id='word_1_716' title='bbox 773 4699 1160 4770; x_wconf 81' lang='grc' dir='ltr'>εὐδοκήσαντα,</span> <span class='ocrx_word' id='word_1_717' title='bbox 1188 4698 1287 4751; x_wconf 78' lang='grc' dir='ltr'>οὐκ</span> <span class='ocrx_word' id='word_1_718' title='bbox 1316 4696 1382 4751; x_wconf 82' lang='grc' dir='ltr'>ἂν</span> <span class='ocrx_word' id='word_1_719' title='bbox 1408 4696 1577 4768; x_wconf 75' lang='grc' dir='ltr'>ὄργα-</span> 
     </span>
    </p>
   </div>
   <div class='ocr_carea' id='block_1_96' title="bbox 25 4785 1575 4864">
    <p class='ocr_par' dir='ltr' id='par_1_96' title="bbox 25 4785 1575 4864">
     <span class='ocr_line' id='line_1_96' title="bbox 25 4785 1575 4864; baseline -0.005 -18"><span class='ocrx_word' id='word_1_720' title='bbox 25 4814 83 4852; x_wconf 79' lang='grc' dir='ltr'><strong>ον</strong></span> <span class='ocrx_word' id='word_1_721' title='bbox 112 4793 302 4864; x_wconf 77' lang='grc' dir='ltr'>ὲγίνου</span> <span class='ocrx_word' id='word_1_722' title='bbox 332 4793 431 4864; x_wconf 84' lang='grc' dir='ltr'>τῆς</span> <span class='ocrx_word' id='word_1_723' title='bbox 463 4791 558 4845; x_wconf 86' lang='grc' dir='ltr'><strong>τοῦ</strong></span> <span class='ocrx_word' id='word_1_724' title='bbox 585 4791 765 4845; x_wconf 78' lang='grc' dir='ltr'>πάντα</span> <span class='ocrx_word' id='word_1_725' title='bbox 784 4789 1198 4861; x_wconf 80' lang='grc' dir='ltr'>παραγαγόντος</span> <span class='ocrx_word' id='word_1_726' title='bbox 1226 4785 1575 4859; x_wconf 85' lang='grc' dir='ltr'>σαρκώσεως.</span> 
     </span>
    </p>
   </div>
   <div class='ocr_carea' id='block_1_97' title="bbox 22 4880 1573 4955">
    <p class='ocr_par' dir='ltr' id='par_1_97' title="bbox 22 4880 1573 4955">
     <span class='ocr_line' id='line_1_97' title="bbox 22 4880 1573 4955; baseline 0.012 -21"><span class='ocrx_word' id='word_1_727' title='bbox 22 4888 153 4942; x_wconf 72' lang='grc' dir='ltr'>Αλλ’</span> <span class='ocrx_word' id='word_1_728' title='bbox 204 4885 392 4955; x_wconf 75' lang='grc' dir='ltr'>ἐπειδὴ</span> <span class='ocrx_word' id='word_1_729' title='bbox 435 4883 651 4954; x_wconf 71' lang='grc' dir='ltr'>καθαρὰ</span> <span class='ocrx_word' id='word_1_730' title='bbox 703 4883 989 4953; x_wconf 76' lang='grc' dir='ltr'>τυγχάνεις</span> <span class='ocrx_word' id='word_1_731' title='bbox 1050 4880 1238 4949; x_wconf 81' lang='grc' dir='ltr'>κοίτης</span> <span class='ocrx_word' id='word_1_732' title='bbox 1285 4880 1573 4949; x_wconf 73' lang='grc' dir='ltr'>γαμικῆς»</span> 
     </span>
    </p>
   </div>
   <div class='ocr_carea' id='block_1_98' title="bbox 21 4971 1575 5046">
    <p class='ocr_par' dir='ltr' id='par_1_98' title="bbox 21 4971 1575 5046">
     <span class='ocr_line' id='line_1_98' title="bbox 21 4971 1575 5046; baseline -0.001 -20"><span class='ocrx_word' id='word_1_733' title='bbox 21 4976 193 5046; x_wconf 79' lang='grc' dir='ltr'>,πειδὴ</span> <span class='ocrx_word' id='word_1_734' title='bbox 241 4976 334 5029; x_wconf 84' lang='grc' dir='ltr'>τὸν</span> <span class='ocrx_word' id='word_1_735' title='bbox 381 4975 505 5028; x_wconf 78' lang='grc' dir='ltr'>ναὸν</span> <span class='ocrx_word' id='word_1_736' title='bbox 548 4973 844 5043; x_wconf 74' lang='grc' dir='ltr'>ἄφθαρτον,</span> <span class='ocrx_word' id='word_1_737' title='bbox 872 4972 967 5026; x_wconf 73' lang='grc' dir='ltr'>καὶ</span> <span class='ocrx_word' id='word_1_738' title='bbox 1011 4971 1110 5043; x_wconf 81' lang='grc' dir='ltr'>τὴν</span> <span class='ocrx_word' id='word_1_739' title='bbox 1157 4972 1365 5041; x_wconf 78' lang='grc' dir='ltr'>σκηνὴν</span> <span class='ocrx_word' id='word_1_740' title='bbox 1401 4972 1575 5041; x_wconf 77' lang='grc' dir='ltr'>ῥύπου</span> 
     </span>
    </p>
   </div>
   <div class='ocr_carea' id='block_1_99' title="bbox 21 5062 1580 5137">
    <p class='ocr_par' dir='ltr' id='par_1_99' title="bbox 21 5062 1580 5137">
     <span class='ocr_line' id='line_1_99' title="bbox 21 5062 1580 5137; baseline -0.004 -16"><span class='ocrx_word' id='word_1_741' title='bbox 21 5067 208 5129; x_wconf 82' lang='grc' dir='ltr'>ταντδς</span> <span class='ocrx_word' id='word_1_742' title='bbox 251 5066 538 5137; x_wconf 74' lang='grc' dir='ltr'>ἐλευθέραν</span> <span class='ocrx_word' id='word_1_743' title='bbox 585 5065 883 5134; x_wconf 77' lang='grc' dir='ltr'>ἐτήρησας,</span> <span class='ocrx_word' id='word_1_744' title='bbox 911 5064 1004 5116; x_wconf 79' lang='grc' dir='ltr'><strong>καὶ</strong></span> <span class='ocrx_word' id='word_1_745' title='bbox 1032 5064 1061 5117; x_wconf 84' lang='grc' dir='ltr'>ὁ</span> <span class='ocrx_word' id='word_1_746' title='bbox 1089 5062 1279 5132; x_wconf 85' lang='grc' dir='ltr'>Πατὴρ</span> <span class='ocrx_word' id='word_1_747' title='bbox 1322 5062 1580 5132; x_wconf 77' lang='grc' dir='ltr'>ἐπιδημεῖ</span> 
     </span>
    </p>
   </div>
   <div class='ocr_carea' id='block_1_100' title="bbox 21 5151 1579 5226">
    <p class='ocr_par' dir='ltr' id='par_1_100' title="bbox 21 5151 1579 5226">
     <span class='ocr_line' id='line_1_100' title="bbox 21 5151 1579 5226; baseline -0.003 -17"><span class='ocrx_word' id='word_1_748' title='bbox 21 5175 110 5218; x_wconf 78' lang='grc' dir='ltr'>ιοι,</span> <span class='ocrx_word' id='word_1_749' title='bbox 142 5157 241 5209; x_wconf 76' lang='grc' dir='ltr'>καὶ</span> <span class='ocrx_word' id='word_1_750' title='bbox 274 5156 333 5209; x_wconf 73' lang='grc' dir='ltr'><strong>τὸ</strong></span> <span class='ocrx_word' id='word_1_751' title='bbox 369 5155 588 5226; x_wconf 80' lang='grc' dir='ltr'>Πνεῦμα</span> <span class='ocrx_word' id='word_1_752' title='bbox 617 5154 950 5216; x_wconf 72' lang='grc' dir='ltr'>ἐπισκιάζει,</span> <span class='ocrx_word' id='word_1_753' title='bbox 982 5155 1080 5208; x_wconf 71' lang='grc' dir='ltr'>καὶ</span> <span class='ocrx_word' id='word_1_754' title='bbox 1117 5152 1260 5224; x_wconf 69' lang='grc' dir='ltr'>μετὰ</span> <span class='ocrx_word' id='word_1_755' title='bbox 1287 5151 1492 5220; x_wconf 77' lang='grc' dir='ltr'>σαρκὸς</span> <span class='ocrx_word' id='word_1_756' title='bbox 1514 5152 1579 5205; x_wconf 78' lang='grc' dir='ltr'>ἐκ</span> 
     </span>
    </p>
   </div>
   <div class='ocr_carea' id='block_1_101' title="bbox 21 5237 1580 5316">
    <p class='ocr_par' dir='ltr' id='par_1_101' title="bbox 21 5237 1580 5316">
     <span class='ocr_line' id='line_1_101' title="bbox 21 5237 1580 5316; baseline -0.005 -17"><span class='ocrx_word' id='word_1_757' title='bbox 21 5244 105 5299; x_wconf 66' lang='grc' dir='ltr'><strong>τοῦ</strong></span> <span class='ocrx_word' id='word_1_758' title='bbox 136 5245 164 5297; x_wconf 84' lang='grc' dir='ltr'>ὁ</span> <span class='ocrx_word' id='word_1_759' title='bbox 187 5244 494 5316; x_wconf 80' lang='grc' dir='ltr'>Μονογενὴς</span> <span class='ocrx_word' id='word_1_760' title='bbox 532 5246 796 5297; x_wconf 83' lang='grc' dir='ltr'>τίκτεται.</span> <span class='ocrx_word' id='word_1_761' title='bbox 837 5243 908 5295; x_wconf 79' lang='grc' dir='ltr'><strong>Σὺ</strong></span> <span class='ocrx_word' id='word_1_762' title='bbox 949 5237 1043 5295; x_wconf 76' lang='grc' dir='ltr'>οὖν</span> <span class='ocrx_word' id='word_1_763' title='bbox 1072 5238 1336 5312; x_wconf 85' lang='grc' dir='ltr'>μηδαμῶς</span> <span class='ocrx_word' id='word_1_764' title='bbox 1364 5239 1580 5309; x_wconf 88' lang='grc' dir='ltr'>διακρι-</span> 
     </span>
    </p>
   </div>
   <div class='ocr_carea' id='block_1_102' title="bbox 23 5331 1580 5408">
    <p class='ocr_par' dir='ltr' id='par_1_102' title="bbox 23 5331 1580 5408">
     <span class='ocr_line' id='line_1_102' title="bbox 23 5331 1580 5408; baseline -0.004 -20"><span class='ocrx_word' id='word_1_765' title='bbox 23 5340 108 5408; x_wconf 82' lang='grc' dir='ltr'>)ῇς</span> <span class='ocrx_word' id='word_1_766' title='bbox 137 5339 209 5390; x_wconf 75' lang='grc' dir='ltr'>τὰ</span> <span class='ocrx_word' id='word_1_767' title='bbox 237 5335 363 5405; x_wconf 72' lang='grc' dir='ltr'><strong>ἑξῆς</strong></span> <span class='ocrx_word' id='word_1_768' title='bbox 394 5338 684 5407; x_wconf 84' lang='grc' dir='ltr'>μυστήρια,</span> <span class='ocrx_word' id='word_1_769' title='bbox 721 5336 794 5406; x_wconf 82' lang='grc' dir='ltr'>μὴ</span> <span class='ocrx_word' id='word_1_770' title='bbox 821 5336 1102 5407; x_wconf 79' lang='grc' dir='ltr'>διακριθῇς</span> <span class='ocrx_word' id='word_1_771' title='bbox 1134 5336 1191 5387; x_wconf 85' lang='grc' dir='ltr'>ὲν</span> <span class='ocrx_word' id='word_1_772' title='bbox 1226 5331 1475 5403; x_wconf 79' lang='grc' dir='ltr'>σπηλαίῳ</span> <span class='ocrx_word' id='word_1_773' title='bbox 1498 5332 1580 5384; x_wconf 85' lang='grc' dir='ltr'>τί-</span> 
     </span>
    </p>
   </div>
   <div class='ocr_carea' id='block_1_103' title="bbox 23 5423 1584 5497">
    <p class='ocr_par' dir='ltr' id='par_1_103' title="bbox 23 5423 1584 5497">
     <span class='ocr_line' id='line_1_103' title="bbox 23 5423 1584 5497; baseline -0.002 -20"><span class='ocrx_word' id='word_1_774' title='bbox 23 5444 215 5481; x_wconf 62' lang='grc' dir='ltr'>κτουσα</span> <span class='ocrx_word' id='word_1_775' title='bbox 247 5428 336 5479; x_wconf 73' lang='grc' dir='ltr'><strong>τὸν</strong></span> <span class='ocrx_word' id='word_1_776' title='bbox 380 5427 507 5493; x_wconf 82' lang='grc' dir='ltr'>ὅλης</span> <span class='ocrx_word' id='word_1_777' title='bbox 552 5427 649 5497; x_wconf 83' lang='grc' dir='ltr'>τῆς</span> <span class='ocrx_word' id='word_1_778' title='bbox 696 5425 930 5488; x_wconf 85' lang='grc' dir='ltr'>κτίσεως</span> <span class='ocrx_word' id='word_1_779' title='bbox 969 5423 1331 5496; x_wconf 85' lang='grc' dir='ltr'>Δημιουργὸν,</span> <span class='ocrx_word' id='word_1_780' title='bbox 1364 5424 1439 5493; x_wconf 80' lang='grc' dir='ltr'>μὴ</span> <span class='ocrx_word' id='word_1_781' title='bbox 1468 5423 1584 5475; x_wconf 85' lang='grc' dir='ltr'>δια-</span> 
     </span>
    </p>
   </div>
   <div class='ocr_carea' id='block_1_104' title="bbox 23 5513 1582 5589">
    <p class='ocr_par' dir='ltr' id='par_1_104' title="bbox 23 5513 1582 5589">
     <span class='ocr_line' id='line_1_104' title="bbox 23 5513 1582 5589; baseline 0.001 -22"><span class='ocrx_word' id='word_1_782' title='bbox 23 5518 206 5589; x_wconf 70' lang='grc' dir='ltr'>κριθῇς</span> <span class='ocrx_word' id='word_1_783' title='bbox 235 5520 290 5570; x_wconf 85' lang='grc' dir='ltr'>ὲν</span> <span class='ocrx_word' id='word_1_784' title='bbox 318 5517 492 5588; x_wconf 76' lang='grc' dir='ltr'>φάτνῃ</span> <span class='ocrx_word' id='word_1_785' title='bbox 521 5516 819 5580; x_wconf 74' lang='grc' dir='ltr'>καθίζουσα</span> <span class='ocrx_word' id='word_1_786' title='bbox 841 5517 933 5570; x_wconf 75' lang='grc' dir='ltr'><strong>τὸν</strong></span> <span class='ocrx_word' id='word_1_787' title='bbox 980 5516 1074 5570; x_wconf 77' lang='grc' dir='ltr'><strong>ὲπὶ</strong></span> <span class='ocrx_word' id='word_1_788' title='bbox 1118 5515 1228 5569; x_wconf 86' lang='grc' dir='ltr'><strong>τῶν</strong></span> <span class='ocrx_word' id='word_1_789' title='bbox 1260 5514 1443 5568; x_wconf 77' lang='grc' dir='ltr'>νώτων</span> <span class='ocrx_word' id='word_1_790' title='bbox 1473 5513 1582 5568; x_wconf 85' lang='grc' dir='ltr'><strong>τῶν</strong></span> 
     </span>
    </p>
   </div>
   <div class='ocr_carea' id='block_1_105' title="bbox 90 5689 1412 5760">
    <p class='ocr_par' dir='ltr' id='par_1_105' title="bbox 90 5689 1412 5760">
     <span class='ocr_line' id='line_1_105' title="bbox 90 5689 1412 5760; baseline -0.005 -12"><span class='ocrx_word' id='word_1_791' title='bbox 90 5691 132 5726; x_wconf 71' lang='grc'><strong><em>⁸⁵</em></strong></span> <span class='ocrx_word' id='word_1_792' title='bbox 162 5690 274 5748; x_wconf 76' lang='lat' dir='ltr'><strong>Joa.</strong></span> <span class='ocrx_word' id='word_1_793' title='bbox 305 5708 397 5760; x_wconf 85' lang='lat' dir='ltr'><strong>vn,</strong></span> <span class='ocrx_word' id='word_1_794' title='bbox 428 5693 512 5751; x_wconf 69' lang='grc'><strong>1-4.</strong></span> <span class='ocrx_word' id='word_1_795' title='bbox 594 5693 636 5723; x_wconf 85' lang='grc'><strong><em>³⁵</em></strong></span> <span class='ocrx_word' id='word_1_796' title='bbox 666 5690 808 5746; x_wconf 78' lang='lat' dir='ltr'><strong>Psal.</strong></span> <span class='ocrx_word' id='word_1_797' title='bbox 835 5708 892 5760; x_wconf 87' lang='grc' dir='ltr'><strong>ιι,</strong></span> <span class='ocrx_word' id='word_1_798' title='bbox 915 5695 965 5746; x_wconf 87' lang='lat'><strong>7.</strong></span> <span class='ocrx_word' id='word_1_799' title='bbox 1042 5694 1084 5725; x_wconf 78' lang='grc'><strong>³⁸</strong></span> <span class='ocrx_word' id='word_1_800' title='bbox 1105 5690 1234 5745; x_wconf 78' lang='lat' dir='ltr'><strong>Luc.</strong></span> <span class='ocrx_word' id='word_1_801' title='bbox 1262 5705 1299 5754; x_wconf 88' lang='grc' dir='ltr'><strong>ι,</strong></span> <span class='ocrx_word' id='word_1_802' title='bbox 1323 5689 1412 5743; x_wconf 68' lang='grc'><strong>54.</strong></span> 
     </span>
    </p>
   </div>
   <div class='ocr_carea' id='block_1_106' title="bbox 1672 4514 3244 4585">
    <p class='ocr_par' dir='ltr' id='par_1_106' title="bbox 1672 4514 3244 4585">
     <span class='ocr_line' id='line_1_106' title="bbox 1672 4514 3244 4585; baseline 0.001 -18"><span class='ocrx_word' id='word_1_803' title='bbox 1672 4514 1948 4584; x_wconf 77' lang='lat' dir='ltr'><strong>produxit.</strong></span> <span class='ocrx_word' id='word_1_804' title='bbox 1995 4514 2196 4569; x_wconf 88' lang='lat' dir='ltr'><strong>Verum</strong></span> <span class='ocrx_word' id='word_1_805' title='bbox 2243 4515 2371 4585; x_wconf 89' lang='lat' dir='ltr'><strong>quia</strong></span> <span class='ocrx_word' id='word_1_806' title='bbox 2429 4517 2629 4571; x_wconf 89' lang='lat' dir='ltr'><strong>munda</strong></span> <span class='ocrx_word' id='word_1_807' title='bbox 2672 4532 2732 4571; x_wconf 90' lang='lat' dir='ltr'><strong>es</strong></span> <span class='ocrx_word' id='word_1_808' title='bbox 2762 4532 2790 4569; x_wconf 90' lang='lat' dir='ltr'><strong>a</strong></span> <span class='ocrx_word' id='word_1_809' title='bbox 2823 4515 3117 4570; x_wconf 88' lang='lat' dir='ltr'><strong>concubitu</strong></span> <span class='ocrx_word' id='word_1_810' title='bbox 3141 4531 3244 4569; x_wconf 92' lang='lat' dir='ltr'><strong>nu-</strong></span> 
     </span>
    </p>
   </div>
   <div class='ocr_carea' id='block_1_107' title="bbox 1673 4606 3245 4680">
    <p class='ocr_par' dir='ltr' id='par_1_107' title="bbox 1673 4606 3245 4680">
     <span class='ocr_line' id='line_1_107' title="bbox 1673 4606 3245 4680; baseline 0.001 -21"><span class='ocrx_word' id='word_1_811' title='bbox 1673 4606 1994 4677; x_wconf 63' lang='lat' dir='ltr'><strong>ptiali/quia</strong></span> <span class='ocrx_word' id='word_1_812' title='bbox 2027 4609 2288 4677; x_wconf 91' lang='lat' dir='ltr'><strong>templum</strong></span> <span class='ocrx_word' id='word_1_813' title='bbox 2317 4609 2716 4680; x_wconf 88' lang='lat' dir='ltr'><strong>incorruptum,</strong></span> <span class='ocrx_word' id='word_1_814' title='bbox 2740 4617 2796 4664; x_wconf 87' lang='lat' dir='ltr'><strong>et</strong></span> <span class='ocrx_word' id='word_1_815' title='bbox 2830 4608 3245 4663; x_wconf 84' lang='lat' dir='ltr'><strong>tabernaculum</strong></span> 
     </span>
    </p>
   </div>
   <div class='ocr_carea' id='block_1_108' title="bbox 1672 4695 3248 4763">
    <p class='ocr_par' dir='ltr' id='par_1_108' title="bbox 1672 4695 3248 4763">
     <span class='ocr_line' id='line_1_108' title="bbox 1672 4695 3248 4763; baseline -0.003 -12"><span class='ocrx_word' id='word_1_816' title='bbox 1672 4697 1742 4751; x_wconf 90' lang='lat' dir='ltr'><strong>ab</strong></span> <span class='ocrx_word' id='word_1_817' title='bbox 1778 4698 1927 4751; x_wconf 89' lang='lat' dir='ltr'><strong>omni</strong></span> <span class='ocrx_word' id='word_1_818' title='bbox 1955 4697 2115 4752; x_wconf 87' lang='lat' dir='ltr'><strong>sorde</strong></span> <span class='ocrx_word' id='word_1_819' title='bbox 2140 4697 2369 4752; x_wconf 87' lang='lat' dir='ltr'><strong>liberum</strong></span> <span class='ocrx_word' id='word_1_820' title='bbox 2396 4700 2733 4754; x_wconf 81' lang='lat' dir='ltr'><strong>conservasti</strong></span> <span class='ocrx_word' id='word_1_821' title='bbox 2766 4717 2777 4751; x_wconf 91' lang='lat'><strong>:</strong></span> <span class='ocrx_word' id='word_1_822' title='bbox 2803 4706 2859 4751; x_wconf 87' lang='lat' dir='ltr'><strong>et</strong></span> <span class='ocrx_word' id='word_1_823' title='bbox 2885 4698 3047 4750; x_wconf 85' lang='lat' dir='ltr'><strong>Pater</strong></span> <span class='ocrx_word' id='word_1_824' title='bbox 3068 4695 3248 4763; x_wconf 83' lang='lat' dir='ltr'><strong>hospi-</strong></span> 
     </span>
    </p>
   </div>
   <div class='ocr_carea' id='block_1_109' title="bbox 1674 4786 3245 4856">
    <p class='ocr_par' dir='ltr' id='par_1_109' title="bbox 1674 4786 3245 4856">
     <span class='ocr_line' id='line_1_109' title="bbox 1674 4786 3245 4856; baseline -0.003 -14"><span class='ocrx_word' id='word_1_825' title='bbox 1674 4796 1819 4842; x_wconf 90' lang='lat' dir='ltr'><strong>tatur</strong></span> <span class='ocrx_word' id='word_1_826' title='bbox 1840 4786 1982 4855; x_wconf 84' lang='lat' dir='ltr'><strong>apud</strong></span> <span class='ocrx_word' id='word_1_827' title='bbox 2015 4793 2087 4850; x_wconf 87' lang='lat' dir='ltr'><strong>te,</strong></span> <span class='ocrx_word' id='word_1_828' title='bbox 2106 4794 2162 4841; x_wconf 90' lang='lat' dir='ltr'><strong>et</strong></span> <span class='ocrx_word' id='word_1_829' title='bbox 2193 4786 2431 4856; x_wconf 86' lang='lat' dir='ltr'><strong>Spiritus</strong></span> <span class='ocrx_word' id='word_1_830' title='bbox 2453 4797 2677 4842; x_wconf 86' lang='lat' dir='ltr'><strong>sanctus</strong></span> <span class='ocrx_word' id='word_1_831' title='bbox 2725 4787 3035 4850; x_wconf 87' lang='lat' dir='ltr'><strong>obumbrat,</strong></span> <span class='ocrx_word' id='word_1_832' title='bbox 3071 4793 3127 4838; x_wconf 92' lang='lat' dir='ltr'><strong>et</strong></span> <span class='ocrx_word' id='word_1_833' title='bbox 3158 4800 3245 4837; x_wconf 84' lang='lat' dir='ltr'><strong>as-</strong></span> 
     </span>
    </p>
   </div>
   <div class='ocr_carea' id='block_1_110' title="bbox 1682 4874 3249 4947">
    <p class='ocr_par' dir='ltr' id='par_1_110' title="bbox 1682 4874 3249 4947">
     <span class='ocr_line' id='line_1_110' title="bbox 1682 4874 3249 4947; baseline -0.003 -14"><span class='ocrx_word' id='word_1_834' title='bbox 1682 4887 1900 4947; x_wconf 88' lang='lat' dir='ltr'><strong>sumpta</strong></span> <span class='ocrx_word' id='word_1_835' title='bbox 1921 4892 2086 4931; x_wconf 89' lang='lat' dir='ltr'><strong>carne</strong></span> <span class='ocrx_word' id='word_1_836' title='bbox 2112 4876 2440 4946; x_wconf 85' lang='lat' dir='ltr'><strong>Unigenitus</strong></span> <span class='ocrx_word' id='word_1_837' title='bbox 2470 4893 2541 4931; x_wconf 79' lang='lat' dir='ltr'><strong>ex</strong></span> <span class='ocrx_word' id='word_1_838' title='bbox 2589 4887 2642 4932; x_wconf 89' lang='lat' dir='ltr'><strong>te</strong></span> <span class='ocrx_word' id='word_1_839' title='bbox 2687 4877 2972 4930; x_wconf 86' lang='lat' dir='ltr'><strong>nascitur:</strong></span> <span class='ocrx_word' id='word_1_840' title='bbox 3016 4890 3132 4929; x_wconf 89' lang='lat' dir='ltr'><strong>eam</strong></span> <span class='ocrx_word' id='word_1_841' title='bbox 3178 4874 3249 4929; x_wconf 91' lang='lat' dir='ltr'><strong>ob</strong></span> 
     </span>
    </p>
   </div>
   <div class='ocr_carea' id='block_1_111' title="bbox 1684 4958 3250 5030">
    <p class='ocr_par' dir='ltr' id='par_1_111' title="bbox 1684 4958 3250 5030">
     <span class='ocr_line' id='line_1_111' title="bbox 1684 4958 3250 5030; baseline -0.004 -11"><span class='ocrx_word' id='word_1_842' title='bbox 1684 4982 1821 5026; x_wconf 87' lang='lat' dir='ltr'><strong>rem,</strong></span> <span class='ocrx_word' id='word_1_843' title='bbox 1845 4980 1913 5018; x_wconf 84' lang='lat' dir='ltr'><strong>ne</strong></span> <span class='ocrx_word' id='word_1_844' title='bbox 1934 4964 2153 5019; x_wconf 88' lang='lat' dir='ltr'><strong>dubites</strong></span> <span class='ocrx_word' id='word_1_845' title='bbox 2193 4963 2302 5017; x_wconf 88' lang='lat' dir='ltr'><strong>ullo</strong></span> <span class='ocrx_word' id='word_1_846' title='bbox 2334 4962 2517 5027; x_wconf 87' lang='lat' dir='ltr'><strong>modo,</strong></span> <span class='ocrx_word' id='word_1_847' title='bbox 2587 4963 2656 5018; x_wconf 91' lang='lat' dir='ltr'><strong>de</strong></span> <span class='ocrx_word' id='word_1_848' title='bbox 2707 4961 2935 5030; x_wconf 88' lang='lat' dir='ltr'><strong>reliquis</strong></span> <span class='ocrx_word' id='word_1_849' title='bbox 2972 4958 3250 5030; x_wconf 87' lang='lat' dir='ltr'><strong>mysteriis</strong></span> 
     </span>
    </p>
   </div>
   <div class='ocr_carea' id='block_1_112' title="bbox 1683 5051 3248 5122">
    <p class='ocr_par' dir='ltr' id='par_1_112' title="bbox 1683 5051 3248 5122">
     <span class='ocr_line' id='line_1_112' title="bbox 1683 5051 3248 5122; baseline -0.004 -13"><span class='ocrx_word' id='word_1_850' title='bbox 1683 5070 1752 5109; x_wconf 87' lang='lat' dir='ltr'><strong>ne</strong></span> <span class='ocrx_word' id='word_1_851' title='bbox 1783 5054 1857 5108; x_wconf 89' lang='lat' dir='ltr'><strong>sis</strong></span> <span class='ocrx_word' id='word_1_852' title='bbox 1877 5053 2058 5115; x_wconf 77' lang='lat' dir='ltr'><strong>axtxia,</strong></span> <span class='ocrx_word' id='word_1_853' title='bbox 2079 5053 2121 5106; x_wconf 93' lang='lat' dir='ltr'><strong>si</strong></span> <span class='ocrx_word' id='word_1_854' title='bbox 2147 5054 2327 5122; x_wconf 89' lang='lat' dir='ltr'><strong>parias</strong></span> <span class='ocrx_word' id='word_1_855' title='bbox 2366 5053 2422 5107; x_wconf 91' lang='lat' dir='ltr'><strong>in</strong></span> <span class='ocrx_word' id='word_1_856' title='bbox 2454 5052 2670 5107; x_wconf 79' lang='lat' dir='ltr'><strong>stabulo</strong></span> <span class='ocrx_word' id='word_1_857' title='bbox 2694 5051 2960 5109; x_wconf 68' lang='lat' dir='ltr'><strong>universae</strong></span> <span class='ocrx_word' id='word_1_858' title='bbox 2988 5060 3248 5104; x_wconf 71' lang='lat' dir='ltr'><strong>creaturae</strong></span> 
     </span>
    </p>
   </div>
   <div class='ocr_carea' id='block_1_113' title="bbox 1684 5137 3249 5214">
    <p class='ocr_par' dir='ltr' id='par_1_113' title="bbox 1684 5137 3249 5214">
     <span class='ocr_line' id='line_1_113' title="bbox 1684 5137 3249 5214; baseline -0.006 -16"><span class='ocrx_word' id='word_1_859' title='bbox 1684 5143 1932 5214; x_wconf 81' lang='lat' dir='ltr'><strong>opiﬁcem</strong></span> <span class='ocrx_word' id='word_1_860' title='bbox 1969 5157 1985 5196; x_wconf 89' lang='lat'><strong>:</strong></span> <span class='ocrx_word' id='word_1_861' title='bbox 2026 5158 2097 5199; x_wconf 92' lang='lat' dir='ltr'><strong>ne</strong></span> <span class='ocrx_word' id='word_1_862' title='bbox 2124 5143 2366 5211; x_wconf 66' lang='lat' dir='ltr'><strong>haesitas,</strong></span> <span class='ocrx_word' id='word_1_863' title='bbox 2402 5143 2451 5198; x_wconf 88' lang='lat' dir='ltr'><strong>si</strong></span> <span class='ocrx_word' id='word_1_864' title='bbox 2473 5142 2667 5198; x_wconf 84' lang='lat' dir='ltr'><strong>sedere</strong></span> <span class='ocrx_word' id='word_1_865' title='bbox 2703 5141 2873 5197; x_wconf 77' lang='lat' dir='ltr'><strong>facias</strong></span> <span class='ocrx_word' id='word_1_866' title='bbox 2904 5140 2958 5192; x_wconf 90' lang='lat' dir='ltr'><strong>in</strong></span> <span class='ocrx_word' id='word_1_867' title='bbox 2981 5137 3249 5213; x_wconf 65' lang='lat' dir='ltr'><strong>praesepio,</strong></span> 
     </span>
    </p>
   </div>
   <div class='ocr_carea' id='block_1_114' title="bbox 1685 5228 3248 5305">
    <p class='ocr_par' dir='ltr' id='par_1_114' title="bbox 1685 5228 3248 5305">
     <span class='ocr_line' id='line_1_114' title="bbox 1685 5228 3248 5305; baseline -0.008 -12"><span class='ocrx_word' id='word_1_868' title='bbox 1685 5253 1808 5293; x_wconf 92' lang='lat' dir='ltr'><strong>eum</strong></span> <span class='ocrx_word' id='word_1_869' title='bbox 1841 5234 1932 5305; x_wconf 91' lang='lat' dir='ltr'><strong>qui</strong></span> <span class='ocrx_word' id='word_1_870' title='bbox 1964 5235 2120 5289; x_wconf 75' lang='lat' dir='ltr'><strong>sedet</strong></span> <span class='ocrx_word' id='word_1_871' title='bbox 2149 5234 2202 5287; x_wconf 92' lang='lat' dir='ltr'><strong>in</strong></span> <span class='ocrx_word' id='word_1_872' title='bbox 2242 5234 2408 5289; x_wconf 89' lang='lat' dir='ltr'><strong>dorso</strong></span> <span class='ocrx_word' id='word_1_873' title='bbox 2440 5232 2757 5296; x_wconf 67' lang='lat' dir='ltr'><strong>Cherubin),</strong></span> <span class='ocrx_word' id='word_1_874' title='bbox 2790 5230 2833 5287; x_wconf 91' lang='lat' dir='ltr'><strong>si</strong></span> <span class='ocrx_word' id='word_1_875' title='bbox 2890 5245 3000 5283; x_wconf 92' lang='lat' dir='ltr'><strong>non</strong></span> <span class='ocrx_word' id='word_1_876' title='bbox 3052 5228 3248 5281; x_wconf 82' lang='lat' dir='ltr'><strong>habeas</strong></span> 
     </span>
    </p>
   </div>
   <div class='ocr_carea' id='block_1_115' title="bbox 1685 5320 3246 5391">
    <p class='ocr_par' dir='ltr' id='par_1_115' title="bbox 1685 5320 3246 5391">
     <span class='ocr_line' id='line_1_115' title="bbox 1685 5320 3246 5391; baseline -0.009 -7"><span class='ocrx_word' id='word_1_877' title='bbox 1685 5330 1862 5385; x_wconf 91' lang='lat' dir='ltr'><strong>locum</strong></span> <span class='ocrx_word' id='word_1_878' title='bbox 1918 5329 1976 5383; x_wconf 90' lang='lat' dir='ltr'><strong>in</strong></span> <span class='ocrx_word' id='word_1_879' title='bbox 2022 5328 2341 5390; x_wconf 84' lang='lat' dir='ltr'><strong>diversorio,</strong></span> <span class='ocrx_word' id='word_1_880' title='bbox 2380 5343 2504 5381; x_wconf 89' lang='lat' dir='ltr'><strong>cum</strong></span> <span class='ocrx_word' id='word_1_881' title='bbox 2565 5326 2644 5383; x_wconf 91' lang='lat' dir='ltr'><strong>sis</strong></span> <span class='ocrx_word' id='word_1_882' title='bbox 2677 5332 2849 5379; x_wconf 87' lang='lat' dir='ltr'><strong>mater</strong></span> <span class='ocrx_word' id='word_1_883' title='bbox 2882 5320 3022 5391; x_wconf 83' lang='lat' dir='ltr'><strong>regis</strong></span> <span class='ocrx_word' id='word_1_884' title='bbox 3060 5333 3246 5372; x_wconf 86' lang='lat' dir='ltr'><strong>eorum</strong></span> 
     </span>
    </p>
   </div>
   <div class='ocr_carea' id='block_1_116' title="bbox 1685 5410 3249 5491">
    <p class='ocr_par' dir='ltr' id='par_1_116' title="bbox 1685 5410 3249 5491">
     <span class='ocr_line' id='line_1_116' title="bbox 1685 5410 3249 5491; baseline -0.007 -18"><span class='ocrx_word' id='word_1_885' title='bbox 1685 5437 1803 5491; x_wconf 70' lang='lat' dir='ltr'><strong>qua:</strong></span> <span class='ocrx_word' id='word_1_886' title='bbox 1833 5435 2046 5474; x_wconf 88' lang='lat' dir='ltr'><strong>sursum</strong></span> <span class='ocrx_word' id='word_1_887' title='bbox 2075 5426 2203 5473; x_wconf 84' lang='lat' dir='ltr'><strong>sunt</strong></span> <span class='ocrx_word' id='word_1_888' title='bbox 2226 5421 2574 5474; x_wconf 82' lang='lat' dir='ltr'><strong>etdeorsum.</strong></span> <span class='ocrx_word' id='word_1_889' title='bbox 2602 5416 2801 5471; x_wconf 87' lang='lat' dir='ltr'><strong>Libens</strong></span> <span class='ocrx_word' id='word_1_890' title='bbox 2818 5413 2962 5468; x_wconf 86' lang='lat' dir='ltr'><strong>enim</strong></span> <span class='ocrx_word' id='word_1_891' title='bbox 2986 5410 3077 5481; x_wconf 89' lang='lat' dir='ltr'><strong>qui</strong></span> <span class='ocrx_word' id='word_1_892' title='bbox 3114 5426 3179 5464; x_wconf 78' lang='lat' dir='ltr'><strong>ex</strong></span> <span class='ocrx_word' id='word_1_893' title='bbox 3200 5417 3249 5462; x_wconf 85' lang='lat' dir='ltr'><strong>te</strong></span> 
     </span>
    </p>
   </div>
   <div class='ocr_carea' id='block_1_117' title="bbox 1689 5502 3247 5581">
    <p class='ocr_par' dir='ltr' id='par_1_117' title="bbox 1689 5502 3247 5581">
     <span class='ocr_line' id='line_1_117' title="bbox 1689 5502 3247 5581; baseline -0.008 -15"><span class='ocrx_word' id='word_1_894' title='bbox 1689 5521 1849 5566; x_wconf 88' lang='lat' dir='ltr'><strong>natus</strong></span> <span class='ocrx_word' id='word_1_895' title='bbox 1873 5520 1977 5573; x_wconf 62' lang='lat' dir='ltr'><strong>est,</strong></span> <span class='ocrx_word' id='word_1_896' title='bbox 2025 5526 2231 5581; x_wconf 86' lang='lat' dir='ltr'><strong>pauper</strong></span> <span class='ocrx_word' id='word_1_897' title='bbox 2257 5509 2508 5576; x_wconf 77' lang='lat' dir='ltr'><strong>elﬁcitur,</strong></span> <span class='ocrx_word' id='word_1_898' title='bbox 2561 5516 2618 5564; x_wconf 90' lang='lat' dir='ltr'><strong>ut</strong></span> <span class='ocrx_word' id='word_1_899' title='bbox 2652 5506 2850 5563; x_wconf 83' lang='lat' dir='ltr'><strong>divites</strong></span> <span class='ocrx_word' id='word_1_900' title='bbox 2906 5502 3159 5564; x_wconf 73' lang='lat' dir='ltr'><strong>refrenet,</strong></span> <span class='ocrx_word' id='word_1_901' title='bbox 3196 5508 3247 5554; x_wconf 82' lang='lat' dir='ltr'><strong>et</strong></span> 
     </span>
    </p>
   </div>
   <div class='ocr_carea' id='block_1_118' title="bbox 1487 5689 1809 5745">
    <p class='ocr_par' dir='ltr' id='par_1_118' title="bbox 1487 5689 1809 5745">
     <span class='ocr_line' id='line_1_118' title="bbox 1487 5689 1809 5745; baseline -0.006 -1"><span class='ocrx_word' id='word_1_902' title='bbox 1487 5689 1530 5721; x_wconf 87' lang='grc'><strong>³⁷</strong></span> <span class='ocrx_word' id='word_1_903' title='bbox 1563 5689 1690 5745; x_wconf 89' lang='lat' dir='ltr'><strong>ibid.</strong></span> <span class='ocrx_word' id='word_1_904' title='bbox 1722 5690 1809 5743; x_wconf 80' lang='grc'><strong>55.</strong></span> 
     </span>
    </p>
   </div>
  </div>
