3764 6304
23 300 92 362 fill

23 525 115 578 ριν
173 512 436 570 ἐνταῦθα
480 517 580 582 τὰς
639 520 860 592 ἡμέρας
916 525 1266 591 διπλασίονας
1326 528 1562 596 lingva;

23 602 192 675 πειδὴ
218 603 346 659 Εὕα
374 608 546 662 πάλιν
564 611 671 663 ἀπὸ
688 613 795 683 τῆς
812 614 955 678 Εὔας
980 616 1247 682 τίκτεται,
1273 619 1334 672 τὸ
1363 622 1562 691 σαθρὸν

23 692 169 759 εῦος,
201 699 275 765 το,
309 702 551 767 ἀσθενὲς
579 708 802 774 ἀγγεῖον
824 748 837 773 ,
869 709 932 762 τὸ
967 714 1433 785 συντετριμμένον
1465 733 1564 769 κε-

23 804 171 853 μιον,
208 790 245 855 ή
286 798 651 864 χειραγωγδς
689 800 788 868 τῆς
843 798 1155 871 παρακοῆς,
1191 806 1224 873 ἡ
1287 804 1382 857 τοῦ
1430 806 1562 877 δρά-

23 896 139 943 ιτος
166 880 503 952 σύμϐουλος
525 905 539 918 ·
565 889 680 941 ἀλλ’
714 888 902 962 ὥσπερ
935 893 1178 962 ἤκουσας
1212 896 1468 963 γυναικὸς
1494 899 1562 953 τὰ

23 972 113 1043 ιλή
124 991 311 1042 ματα,
350 977 523 1051 δεῦρο
548 982 645 1034 καὶ
668 983 730 1036 τὸ
762 981 823 1048 ἐξ
859 985 1032 1055 αὐτῆς
1056 987 1392 1057 κατόρθωμα
1423 991 1560 1060 μάν-

23 1080 95 1115 IS.
153 1067 313 1138 Γυνὴ
339 1071 656 1141 παρθενίαν
690 1072 768 1136 τῷ
803 1074 905 1145 βίῳ
933 1078 1252 1147 εισήγαγεν,
1279 1078 1561 1152 ἐχώρησεν

24 1156 94 1226 τῇ
129 1160 356 1243 γαστρὶ
387 1160 485 1213 τὸν
513 1161 645 1215 Θεὸν
669 1163 729 1228 ὃν
755 1166 788 1234 ἡ
834 1166 1016 1229 κτίσις
1049 1170 1297 1239 χωρῆσαι
1343 1172 1406 1224 οὐ
1466 1171 1560 1225 δύ-

23 1262 107 1298 ται
138 1264 153 1277 ο
191 1250 401 1304 ἔτεκεν
435 1253 492 1304 ἐν
525 1256 689 1322 σαρκὶ
716 1256 927 1321 τοῦτον,
953 1259 1099 1323 ὅστις
1129 1260 1286 1329 ἡμῶν
1316 1262 1376 1315 τὸ
1399 1262 1560 1330 γένος

23 1336 266 1392 ἔπλασεν
300 1356 315 1372 ο
353 1341 553 1412 πρώτη
589 1345 681 1397 τὸν
727 1345 936 1416 Ἰησοῦν
958 1350 1022 1402 ὲκ
1051 1350 1265 1420 νεκρῶν
1291 1351 1556 1416 ὑπεδέξα-

53 1431 265 1503 πρώτη
297 1435 411 1495 τοῦ,
434 1436 795 1507 κηρύγματος
823 1440 923 1508 τῆς
953 1441 1306 1505 ἀναστάσεως
1328 1443 1553 1514 ἤρξατο,

23 1527 143 1597 ώτη
180 1529 292 1597 τὴν
348 1532 534 1603 χαρὰν
567 1536 681 1596 τοῖς
731 1535 1006 1605 μαθηταῖς
1048 1538 1340 1607 ἐμήνυσεν.
1382 1539 1552 1608 Γυνὴ

23 1637 75 1685 ις
104 1661 123 1685 ,
161 1623 367 1691 φησὶν,
404 1626 826 1695 σπερματισθῇ
849 1644 863 1659 ⁸
898 1631 931 1699 ἠ
984 1630 1247 1694 Θεοτόκος
1304 1633 1361 1686 δὲ
1414 1635 1551 1706 γυνὴ

23 1728 41 1762 θ
81 1706 180 1783 ἦν,
216 1713 292 1766 τὰ
340 1717 627 1781 γυναικῶν
654 1719 710 1771 δὲ
741 1720 802 1772 οὐ
838 1720 1107 1774 πέπονθεν
1134 1737 1148 1751 ’
1186 1723 1410 1794 σπέρμα
1440 1725 1551 1797 γάρ

23 1803 139 1873 ἱρὸς
163 1807 198 1875 ἡ
230 1808 463 1878 γαστὴρ
487 1809 587 1862 οὐκ
609 1809 847 1876 ἐδέξατο,
869 1814 967 1866 οὐκ
996 1810 1136 1867 εἶδεν
1151 1817 1382 1886 ἄροτρον
1408 1817 1436 1868 ὁ
1453 1818 1550 1886 τῆς
1585 1787 1629 1841 Β

23 1894 168 1963 ,ρίας
193 1896 403 1964 ἀγρὸς,
435 1900 465 1951 ὁ
496 1900 824 1971 παρθενικδς
846 1902 1108 1973 ἀμπελὼν
1133 1906 1231 1975 οὐχ
1256 1907 1550 1977 ὑπέμεινεν

24 1983 218 2051 ελλαν,
247 1987 409 2041 ὥστε
440 1990 539 2061 οὐχ
591 1992 736 2062 ὑπὲρ
776 1994 948 2064 αὐτῆς
983 1996 1015 2066 ή
1063 1998 1378 2067 προσφορὰ,
1415 1998 1556 2069 ὑπὲρ

29 2095 61 2130 υ
113 2080 215 2133 τοῦ
248 2080 462 2147 γένους
508 2083 761 2152 ἐγένετο*
794 2086 954 2156 ἡμῶν
986 2088 1096 2159 γὰρ
1127 2089 1295 2142 ἕνεκα
1332 2090 1557 2161 περιτέ-

23 2189 140 2225 εται
172 2174 457 2244 Χριστὸς,
476 2177 619 2247 ὑπὲρ
648 2178 807 2249 ἡμῶν
832 2180 927 2232 καὶ
950 2179 1398 2251 βαπτίζεται,ὲφ’
1425 2186 1556 2253 ἡμῖν

23 2266 186 2317 ,εἷται
215 2267 290 2319 τά
324 2265 432 2319 νοῦ
466 2268 634 2338 νόμου
658 2270 934 2340 καθάρσια
956 2286 971 2302 ⁸
1012 2271 1109 2325 ἐὰν
1150 2273 1430 2345 δακρύσῃ,
1457 2277 1557 2342 τὴν

23 2370 110 2405 σιν
150 2355 438 2408 ὲκπλύνει
467 2373 485 2389 ⁸
528 2357 623 2411 ἐὰν
666 2359 914 2430 ῥαπισθῇ
944 2397 960 2422 ,
994 2360 1093 2432 τὴν
1125 2364 1401 2434 ἡμετέραν
1432 2367 1555 2437 αίχ-

24 2444 250 2499 λωσίαν
272 2446 584 2517 eleuet-po?
610 2448 707 2501 ἐὰν
727 2449 991 2519 βαστάσει
1017 2452 1110 2503 τὸν
1132 2453 1388 2525 σταυρὸν,
1408 2458 1557 2527 ἡμᾶς

23 2535 209 2602 nalis:
252 2538 359 2591 τοῦ
399 2536 568 2607 ζυγοῦ
602 2541 706 2609 τῆς
757 2543 1074 2612 ἁμαρτίας’
1102 2545 1198 2597 ὲάν
1244 2547 1551 2619 ἐμπτυσθῇι

23 2644 36 2677 μ
79 2627 269 2698 ’Λδάμ
327 2630 671 2691 ἀπαλλάττει
727 2633 827 2687 τοῦ
879 2634 982 2705 τῆς
1038 2637 1289 2708 κατάρας
1339 2638 1555 2709 ἐμπτύ-

30 2736 194 2783 ατος.

23 2810 169 2865 Ὅτε
203 2811 645 2881 ἐπλήσθησαν,
674 2818 859 2889 φησὶν,
897 2823 960 2874 αἱ
988 2823 1199 2893 ἡμέραι
1242 2825 1349 2879 τοῦ
1377 2826 1556 2880 καθα-

23 2904 178 2971 γμοῦ
211 2904 445 2969 αὐτῶν,
470 2906 778 2977 ἀνήγαγον
805 2913 992 2965 αὐτὸν
1020 2916 1108 2980 είς
1139 2915 1554 2986 Ἰεροσόλυμα,

28 2997 153 3062 θὼς
188 2996 523 3066 γέγραπται
546 2999 617 3054 ἐν
641 3003 804 3071 νόμῳ
821 3007 1065 3074 Κυρίου,
1101 3007 1190 3061 ὅτι
1219 3008 1345 3066 πᾶν
1366 3010 1555 3080 ἄρσεν

23 3088 275 3178 ανοῖγον
311 3088 572 3159 μήτραν,
603 3092 776 3164 ἅγιον
807 3097 886 3161 τῷ
924 3100 1123 3166 Κυρίῳ
1161 3100 1550 3169 κληθήσεται·
1583 3115 1629 3178 c

24 3177 134 3232 ὗτα
156 3181 187 3231 ὁ
215 3182 391 3250 νόμος
417 3180 551 3252 ἔχει.
586 3182 645 3238 '0
670 3187 906 3256 Χριστὸς
940 3188 1015 3253 δὲ,
1037 3190 1182 3244 καθά
1211 3191 1444 3265 ἔφημεν,
1480 3196 1556 3259 ὡς

23 3268 271 3340 μοθέτης
309 3271 406 3325 τὸν
436 3273 634 3327 ἑαυτοῦ
663 3277 829 3347 νόμον
857 3280 996 3350 ὑπὲρ
1026 3282 1191 3350 νόμον
1213 3284 1553 3355 ἐπλήρωσεν·

23 3359 76 3411 δὲ
117 3361 237 3432 γὰρ
268 3361 509 3433 ῆνοιξεν,
537 3365 673 3420 ἀλλὰ
706 3368 1106 3442 κεκλεισμένην
1128 3373 1227 3443 τὴν
1246 3374 1425 3446 πύλην
1455 3380 1555 3448 τῆς

23 3453 250 3522 ιροένου
283 3455 589 3527 ματέλιπεν
621 3475 636 3488 ·
692 3459 791 3512 ούκ
826 3461 1095 3533 ἐσύλησεν
1136 3465 1236 3537 τὴν
1278 3470 1554 3539 σφραγῖδα

26 3562 52 3607 ς
83 3546 316 3613 φύσεως
339 3563 354 3579 ο
381 3548 483 3602 οὐκ
510 3550 820 3621 ἐζημίωσεν
849 3556 948 3624 τὴν
970 3556 1261 3613 τεκοῦσαν·
1289 3561 1554 3635 ἀκέραιον

23 3655 66 3708 ίρ
113 3640 262 3710 αὐτῇ
322 3640 384 3693 τὸ
425 3644 610 3713 σχῆμα
645 3644 746 3714 τῆς
779 3648 1111 3719 παρθενείας
1140 3653 1468 3710 κατέλιπεν·
1502 3657 1551 3709 εί

41 3732 332 3795 ἀπιστεῖς,
369 3734 521 3805 παρὰ
553 3736 647 3788 τοῦ
692 3738 952 3811 Ἰεζεκιὴλ
981 3743 1219 3813 μάνθανε
1248 3763 1262 3777 ⁸
1299 3749 1406 3802 Kal
1439 3751 1555 3804 ἀπ-

23 3822 274 3890 ’τρεψέν
285 3841 364 3891 με
384 3831 537 3881 κατὰ
564 3826 679 3895 τὴν
701 3830 846 3885 ὀδόν
866 3832 977 3901 τῆς
999 3837 1203 3904 πύλης
1224 3837 1341 3892 τῶν
1368 3842 1554 3911 ἁγίων

23 3914 68 3980 ῖς
93 3915 399 3983 ἐξωτέρας
429 3918 536 3988 τῆς
555 3921 916 3992 ,βλεπούσης
942 3927 1093 3981 κατὰ
1111 3929 1430 3999 ἀνατολὰς,
1453 3935 1551 3988 καί

23 4006 113 4074 im
141 4008 228 4075 ἦν
259 4012 657 4081 κεκλεισμένη
688 4030 702 4045 '
736 4016 834 4069 καί
896 4014 1069 4073 εἶπεν
1132 4024 1347 4091 Κύριος
1400 4029 1552 4093 πρός

23 4115 29 4146 τ
52 4113 67 4126 ο
124 4098 197 4153 Ἦ
225 4101 393 4168 πύλη
417 4102 570 4170 αὕτη
606 4109 1008 4179 κεκλεισμένη
1036 4111 1230 4177 ἔσται,
1251 4117 1362 4169 οὐκ
1386 4117 1551 4172 ἀνοι-

23 4188 285 4256 ίήσεται,
339 4190 440 4245 καί
511 4195 712 4261 οὐδεὶς
793 4201 866 4253 οὺ
913 4201 999 4269 μὴ
1064 4202 1273 4273 διέλθῃ
1320 4205 1396 4259 δι’
1438 4212 1549 4261 αὺ-

23 4302 67 4347 υς
89 4299 102 4314 ’
135 4283 231 4337 ὅτι
254 4287 473 4354 Κύριος
497 4291 530 4342 ό
564 4291 709 4357 Θεὸς
737 4293 844 4347 τοῦ
889 4295 1125 4366 Ἰσραὴλ
1157 4300 1255 4352 καί
1286 4303 1553 4364 εἰσελεύ-

23 4391 133 4428 τται
186 4375 290 4429 καί
343 4377 729 4442 ἐξελεύσεται
751 4426 766 4449 ,
830 4387 927 4440 καί
986 4389 1157 4444 ἔσται
1206 4374 1552 4462 κεκλεισμέ-

23 4480 56 4529 ι.
91 4493 162 4503 -—
197 4465 334 4520 Πάν
382 4467 575 4535 ἄρσεν
610 4471 921 4543 διανοῖγον
944 4476 1215 4545 μήτραν,
1252 4460 1424 4550 ἅγιον
1452 4460 1549 4547 τῷ
1581 4465 1625 4518 D

23 4557 160 4623 νρίῳ
181 4558 558 4624 κληθήσεται
587 4579 604 4595 ·
634 4558 792 4629 οὗτος
808 4567 865 4619 δὲ
887 4568 947 4620 ού
987 4568 1148 4638 μόνον
1178 4571 1355 4639 ἅγιος.
1385 4573 1548 4627 Ὅσον

24 4648 144 4701 ίνυν
167 4649 435 4720 ὑπερέχει
459 4651 535 4722 τῷ
565 4654 844 4726 ἁγιασμῷ,
879 4659 1136 4715 τοσοῦτον
1172 4664 1267 4716 καὶ
1299 4663 1378 4735 τῷ
1404 4666 1549 4738 τόκῳ

23 4742 308 4804 .εονεκτεῖ,
342 4743 436 4795 καὶ
473 4743 569 4796 τοῦ
600 4747 767 4816 νόμου
798 4750 895 4819 τὴν
930 4752 1150 4824 ἐντολὴν
1183 4756 1545 4829 ἀναὸἐϐηκεψ

23 4832 105 4901 ,ὴν
135 4832 193 4884 δὲ
235 4833 406 4903 ὅμως,
446 4838 558 4892 Τοῦ
595 4838 808 4893 δοῦναι
840 4846 1066 4899 θυσίαν
1100 4849 1253 4902 κατὰ
1288 4850 1354 4902 τὸ
1388 4853 1544 4919 εἰρη-

23 4921 147 4975 ἓνον
179 4923 251 4976 ἐν
289 4925 450 4994 νόμῳ
494 4928 741 4996 Κυρίου,
775 4929 979 5002 ζεῦγος
1008 4938 1336 5006 τρυγόνων,
1372 4941 1408 5009 ἢ
1434 4940 1542 4996 δύο

23 5014 276 5080 ποσσοὺς
316 5018 692 5086 περιστερῶν
715 5061 731 5085 ,
770 5024 956 5078 ἀτελεῖ
1000 5028 1090 5081 τὸν
1130 5030 1296 5100 νόμον
1327 5032 1356 5084 ὁ
1403 5033 1545 5086 Λου-

23 5102 107 5166 ίς;
141 5101 259 5154 Οὐκ
293 5105 488 5179 ἀγνοίᾳ
541 5110 879 5181 κρατηθεὶς,
916 5116 1080 5188 σοφίᾳ
1127 5117 1183 5170 δὲ
1228 5119 1540 5192 ὁδηγηθεὶς,

25 5192 202 5247 έθετο.
271 5193 328 5247 Ὀ
370 5198 469 5266 μὲν
506 5201 670 5272 νόμος
723 5203 909 5273 ἔλεγεν
968 5208 1139 5278 ἀμνὸν
1175 5213 1269 5264 καὶ
1302 5215 1543 5268 νεοσσὸνο

28 5301 66 5338 κ
97 5286 462 5358 εὐποροῦντος
491 5293 547 5346 δὲ
576 5296 671 5349 τοῦ
704 5301 1108 5373 προσφέροντος
1131 5345 1144 5369 ,
1181 5304 1374 5375 ζεῦγος
1409 5325 1543 5379 τρυ-

23 5381 141 5433 ὶνων
196 5381 229 5453 ἢ
285 5382 380 5436 δύο
428 5388 686 5451 νεοσσοὺς
731 5395 1095 5465 περιστερῶνς
1115 5397 1211 5449 καὶ
1266 5399 1545 5468 σεμίδαλιν

23 5473 376 5529 οοσέταττενο
433 5479 462 5529 ὁ
515 5480 730 5545 Λουκᾶς
787 5485 844 5539 δὲ
890 5487 990 5559 τὴν
1036 5490 1131 5543 τοῦ
1182 5491 1546 5558 πλουτοῦντος

23 5564 177 5633 ρῆκεν
222 5570 572 5639 προσφοράν·
613 5576 828 5646 πτωχοῦ
871 5579 979 5650 γὰρ
1009 5584 1419 5655 ἐμνημόνευσεν
1445 5589 1540 5643 τοῦ

57 5735 97 5763 ⁸⁸
129 5737 325 5799 Ezech.
358 5757 503 5807 xuv,
538 5744 597 5795 ‘2.

1402 324 1841 391 ASERMONES.

57 416 213 532 τέκῖτ
267 420 462 532 θιῐξυ,
503 425 596 493 δὶς
627 428 777 484 ἑπτὰ
801 432 1133 503 ἀκάθαρτος
1159 435 1353 495 ἔσται.
1397 438 1552 498 Τξνος

1704 444 1909 502 ddusit.
1966 449 2026 505 Si
2082 462 2257 508 autem
2298 460 2557 526 pepererit
2607 462 2986 532 feminam,bis

3102 349 3234 414 ΗΝ

3039 478 3236 521 sentem

1666 484 1909 502 ..νυ-...ιιι
1966 484 2023 505 us
2082 484 2257 508 uuswu
2298 484 2556 526 μεμπτηι
2607 484 2880 532 laminam,
2907 484 2986 519 σω
3039 484 3236 534 septem

1666 542 1875 609 impura
1904 545 2025 597 erit.
2057 544 2227 614 Cujus
2257 547 2335 602 rei
2365 548 2536 619 gratia
2568 550 2660 605 hic
2695 552 2908 607 dierum
2946 569 3237 610 numerum

1667 633 1938 702 duplicem
1993 637 2229 691 statuit?
2258 636 2395 704 Quia
2421 638 2532 695 Eva
2563 657 2782 698 rursum
2822 644 2891 699 ab
2929 644 3048 699 Eva
3064 646 3238 718 gigni—

1666 737 1772 794 tur,
1829 726 2018 798 fragile
2073 728 2518 795 instrumentum,
2577 733 2755 789 debile
2812 751 2928 800 vas,
3007 738 3244 792 contrita

1664 821 2668 890 testa,manuductrixinobedientiae,
2720 841 2820 896 per
2856 843 3018 897 quam
3068 829 3239 883 suasit

1663 926 1912 980 serpens.
1936 911 2043 966 Sed
2076 913 2220 968 sicut
2250 913 2450 968 audisti
2487 915 2732 971 mulieris
2763 917 3115 989 impmperia,
3148 921 3238 975 hic

1663 1015 1881 1072 quoque
1900 1011 1955 1057 et
1983 1004 2224 1058 mulieris
2250 1005 2443 1060 merita
2479 1006 2665 1075 disce;
2722 1009 2920 1063 mulier
2950 1010 3232 1080 virginita-

1663 1106 1770 1152 tem
1805 1098 2008 1153 saaculo
2037 1098 2272 1161 induxit,
2299 1100 2529 1154 contulit
2551 1101 2605 1155 in
2623 1101 2826 1171 gremio
2874 1101 3043 1156 Deum
3072 1119 3234 1172 quem

1673 1191 1878 1243 creatio
1902 1189 2184 1244 continere
2230 1204 2341 1244 non
2379 1200 2579 1260 potest,
2606 1193 2886 1261 generavit
2938 1192 2993 1246 in
3067 1208 3235 1248 carne

1660 1279 1809 1333 illum
1834 1280 1927 1349 qui
1950 1289 2195 1335 nostram
2233 1281 2643 1351 generationem
2674 1282 2997 1347 fabricavit;
3056 1283 3231 1352 prima

1657 1367 1843 1422 Jesum
1866 1384 1931 1422 ex
1953 1371 2184 1424 mortuis
2208 1370 2447 1424 solutum
2502 1371 2732 1441 accepit,
2788 1372 2962 1441 prima
3021 1373 3235 1439 procla-

1676 1469 1834 1516 malae
1867 1463 2288 1518 resurrectionis
2313 1462 2587 1531 primitias
2613 1464 2852 1532 accepit;
2881 1463 3055 1533 prima
3097 1479 3233 1534 gau-

1656 1553 1804 1609 dium
1837 1555 2120 1625 discipulis
2152 1555 2521 1610 annuntiavit.
2582 1555 2796 1624 Mulier,
2861 1556 3059 1627 inquit,
3115 1574 3236 1628 qua

1655 1652 1942 1718 susceperit
1996 1666 2192 1704 semen.
2259 1648 2485 1719 Deipara
2542 1658 2722 1704 autem
2758 1650 2957 1704 mulier
3009 1651 3231 1721 quidem

1656 1750 1793 1804 erat,
1822 1742 2114 1796 muliebria
2140 1758 2273 1796 vero
2308 1757 2423 1796 non
2472 1757 2631 1812 passa
2679 1752 2797 1811 est;
2850 1759 3037 1798 semen
3084 1744 3230 1798 enim

1659 1835 1760 1888 viri
1782 1844 1974 1889 venter
2009 1850 2120 1888 non
2148 1833 2408 1903 suscepit,
2459 1848 2637 1903 neque
2665 1834 2818 1889 novit
2854 1844 3090 1889 aratrum
3121 1833 3232 1889 Ma-

1658 1927 1755 1981 rizr
1779 1940 1932 1994 ager,
1963 1925 2268 1996 virgineum
2292 1925 2537 1978 vinetum
2585 1925 2857 1995 pastinum
2888 1942 2995 1980 non
3027 1928 3232 1981 tolera-

1656 2017 1754 2083 vit,
1813 2018 1886 2070 ita
1939 2023 1999 2071 ut
2051 2031 2159 2070 non
2192 2031 2291 2083 pro
2334 2032 2392 2070 se
2420 2017 2773 2082 oblationem,
2808 2017 2901 2071 sed
2936 2033 3035 2086 pro
3080 2019 3230 2071 omni

1666 2108 1909 2163 humano
1931 2121 2129 2175 genere
2155 2105 2349 2162 iecerit
2375 2122 2389 2172 ;
2415 2115 2637 2176 propter
2649 2122 2750 2160 nos
2771 2106 2915 2160 enlm
2940 2107 3231 2161 circumci-

1659 2200 1808 2255 ditur
1840 2198 2114 2265 Christus,
2146 2207 2370 2267 propter
2400 2211 2500 2251 nos
2533 2207 2588 2250 et
2651 2196 2978 2266 baptizatur,
3010 2211 3109 2265 pro
3130 2212 3231 2249 no-

1658 2292 1743 2345 bis
1775 2290 1988 2359 perlicit
2021 2289 2155 2359 legis
2182 2287 2627 2357 puriﬁcationes;
2658 2287 2702 2340 si
2722 2284 2953 2350 ﬂeverit,
2978 2294 3228 2340 naturam

1658 2381 1839 2445 lavat;
1885 2380 1929 2434 si
1960 2379 2143 2448 alapas
2193 2375 2500 2448 pertulerit,
2530 2386 2715 2432 nostra
2742 2376 2855 2431 'nos
2913 2376 3230 2446 captivitate

1656 2472 1881 2539 liberat;
1915 2473 1960 2526 si
1991 2487 2206 2527 crucem
2242 2470 2587 2535 sustinuerit,
2609 2484 2710 2524 nos
2731 2470 2928 2523 allevat
2970 2468 3102 2540 jugo
3129 2468 3231 2522 ini-

1656 2566 1911 2636 quitatis;
1931 2565 1974 2620 si
2007 2573 2164 2633 sputa
2223 2562 2579 2627 induraverit,
2609 2561 2874 2616 Adamum
2896 2558 3090 2614 liberat
3111 2574 3230 2613 ma-

1657 2660 1966 2716 ledictionis
1993 2667 2176 2729 sputo.

1733 2819 2026 2889 Postquam
2069 2816 2274 2887 impleti
2298 2825 2439 2878 sunt,
2475 2815 2670 2885 inquit,
2699 2816 2810 2869 dies
2843 2814 3230 2885 puriﬁcationis

1657 2929 1859 2977 eorum,
1921 2911 2154 2965 tulerunt
2197 2910 2348 2964 illum
2392 2910 2449 2962 in
2472 2906 2787 2971 Jerusalem,
2815 2908 2950 2961 sicut
2976 2907 3229 2974 scriptum

1658 3016 1732 3060 est
1758 3009 1812 3060 ia
1839 3006 1949 3077 lege
1974 3004 2206 3069 Domini,
2227 3004 2352 3073 quia
2410 3018 2562 3057 omne
2627 2992 2979 3056 masculinum
3036 3001 3232 3068 adape-

1659 3099 1801 3152 riens
1822 3098 2053 3158 vulvam,
2076 3105 2315 3151 sanctum
2346 3093 2570 3148 Domino
2612 3093 2910 3148 vocabitur.
2938 3091 3090 3147 Talia
3144 3093 3231 3147 lex

1659 3188 1823 3242 habet
1864 3206 1876 3241 :
1910 3187 2162 3241 Christus
2179 3195 2383 3251 autem,
2413 3194 2471 3239 ut
2496 3186 2608 3255 jam
2626 3183 2884 3251 diximus,
2929 3198 3034 3253 qua
3065 3183 3230 3254 legis-

1658 3280 1797 3335 lator
1848 3294 2004 3334 suam
2044 3278 2221 3349 ipsius
2242 3279 2415 3348 legem
2438 3291 2601 3346 supra
2622 3276 2796 3346 legem
2818 3274 3089 3343 implevit.
3119 3272 3230 3329 Ne-

1658 3387 1763 3440 que
1786 3372 1932 3426 enim
1955 3371 2260 3440 adaperuit,
2286 3369 2380 3423 sed
2436 3368 2677 3422 clausam
2736 3376 2947 3437 portam
2995 3364 3232 3433 Virginis

1658 3462 1874 3532 reliquit
1894 3479 1909 3527 ;
1929 3477 2039 3515 non
2066 3462 2226 3531 fregit
2250 3460 2483 3531 sigillum
2514 3468 2759 3522 naturae;
2784 3471 2892 3510 non
2948 3454 3232 3509 deﬂoravit

1656 3553 2019 3624 genitricem;
2061 3551 2447 3604 intemeratum
2483 3548 2629 3600 enim
2679 3546 2755 3600 llll
2790 3546 3007 3616 signum
3057 3544 3220 3613 virgi-

1658 3646 1845 3701 nitatis
1896 3643 2134 3714 reliquit.
2174 3642 2233 3696 Si
2280 3656 2412 3695 vero
2441 3656 2552 3695 non
2601 3638 2799 3703 credis,
2829 3639 2898 3692 ab
2945 3636 3231 3691 Ezechiele

1654 3741 1853 3795 docere
1881 3719 1903 3791 :I
1922 3738 1993 3792 Et
2023 3738 2275 3792 convertit
2315 3753 2397 3789 me
2421 3736 2491 3789 ad
2529 3735 2672 3788 uiam
2713 3742 2882 3803 portae
2929 3741 3232 3785 sanctorum

1655 3832 1929 3885 exterioris
1960 3846 2078 3900 qua:
2107 3828 2419 3897 respiciebat
2450 3826 2522 3880 ad
2571 3824 2847 3887 orientem,
2888 3829 2936 3875 et
2968 3822 3084 3891 ipsa
3117 3828 3231 3874 erat

1655 3921 1873 3987 clausa;
1910 3929 1958 3974 et
1983 3920 2119 3974 dixit
2152 3919 2408 3972 Dominus
2433 3917 2503 3971 ad
2536 3933 2617 3969 me
2647 3931 2666 3969 :
2700 3914 2866 3968 Porta
2903 3914 3013 3967 hare
3047 3912 3229 3965 clausa

1655 4017 1778 4080 erit,
1805 4031 1909 4068 non
1939 4013 2209 4083 aperietur
2231 4021 2278 4065 et
2316 4026 2466 4064 nemo
2497 4009 2745 4062 transibit
2777 4023 2869 4077 per
2899 4023 3048 4071 eam;
3105 4005 3231 4074 quia

1654 4108 1911 4162 Dominus
1929 4106 2070 4160 Deus
2097 4103 2270 4159 Israel
2291 4104 2561 4174 ingressus
2609 4109 2685 4153 est
2742 4109 2793 4153 et
2845 4113 3082 4168 egressus
3131 4106 3232 4160 est,

1653 4212 1702 4255 et
1731 4203 1830 4255 erit
1872 4201 2055 4254 clausa
2070 4199 2142 4252 ⁸⁸.
2177 4227 2245 4238 -—
2276 4196 2443 4252 Omne
2520 4194 2866 4248 masculinum
2918 4176 3232 4260 adaperiens

1653 4295 1885 4360 vulvam,
1926 4303 2169 4366 sanctum
2217 4291 2439 4346 Domino
2467 4288 2762 4344 vocabitur.
2790 4285 2899 4340 Iste
2916 4293 3098 4353 autem
3117 4298 3227 4336 non

1652 4388 1829 4443 solum
1889 4394 2158 4446 sanctus;
2224 4389 2490 4453 quantum
2566 4380 2714 4435 enim
2788 4379 3077 4434 sanctitate
3131 4394 3229 4431 ex-

1657 4481 1895 4545 tollitur,
1932 4485 2140 4534 tantum
2158 4475 2420 4546 praecellit
2448 4471 2731 4527 nativitate
2766 4480 2820 4525 et
2845 4468 3229 4539 superabunde

1658 4574 1790 4643 legis
1820 4581 2091 4642 praecepta
2117 4569 2376 4639 complet.
2413 4566 2477 4621 In
2513 4565 2623 4620 hoc
2651 4575 2834 4618 autem
2869 4577 2884 4616 :
2924 4561 2985 4616 Ut
3040 4561 3228 4614 darent

1653 4665 1898 4729 hostiam,
1925 4667 2210 4718 secundum
2237 4658 2374 4730 quod
2398 4657 2593 4711 dicitur
2618 4654 2675 4707 in
2707 4652 2817 4721 lege
2834 4649 3071 4707 Domini,
3130 4662 3229 4713 par

1656 4768 1944 4819 turturum,
1971 4763 2067 4809 aut
2095 4755 2223 4808 duos
2255 4750 2425 4821 pullos
2458 4745 2865 4800 columbarum:
2915 4752 3101 4793 nonne
3150 4737 3230 4789 le-

1652 4866 1770 4921 gem
1803 4848 2098 4902 obtruncat
2150 4843 2360 4897 Lucas?
2399 4838 2520 4892 Non
2555 4833 2859 4905 ignorantia
2907 4838 3101 4899 captus
3132 4828 3229 4882 sed

1650 4917 1919 5010 sapientia
1983 4937 2203 4999 ductus,
2262 4932 2335 4986 ita
2388 4925 2719 4984 enuntiavit.
2756 4924 2865 4978 Lex
2923 4920 3070 4976 enim
3098 4917 3231 4973 dicit

1650 5052 1851 5109 agnum
1881 5041 1936 5088 et
1965 5028 2312 5090 columbam;
2343 5023 2388 5079 si
2411 5030 2594 5077 autem
2621 5019 2776 5073 dives
2802 5032 2912 5071 non
2943 5014 3113 5109 fuerit
3133 5012 3230 5109 ille

1649 5102 1742 5195 qui
1772 5123 1957 5183 olIert,
1987 5133 2087 5189 par
2127 5123 2406 5170 turturum
2446 5117 2542 5163 aut
2573 5107 2712 5162 duos
2752 5105 2929 5176 pullos
2948 5102 3230 5159 columba-

1612 5196 1621 5209 .
1650 5236 1793 5282 rum,
1821 5226 1878 5272 et
1921 5215 2112 5270 ﬂorem
2144 5210 2333 5266 farinae
2374 5212 2641 5276 apponet;
2678 5198 2851 5256 Lucas
2881 5212 3015 5254 vero
3044 5195 3228 5251 divitis

1651 5310 1839 5366 omisit
1882 5304 2242 5365 oblationem,
2280 5296 2759 5362 humilitatemque
2776 5285 3229 5346 commemoravit

1654 5405 1801 5460 illius
1832 5400 1926 5472 qui
1952 5394 2263 5455 voluntarie
2293 5396 2520 5463 propter
2568 5401 2671 5442 nos
2715 5383 3070 5452 semetipsum
3124 5379 3227 5433 bu-

1652 5496 1904 5554 miliavit.
1944 5491 2063 5548 Non
2088 5496 2208 5545 erat
2239 5486 2339 5551 illi,
2360 5482 2581 5545 dicitur,
2612 5480 2706 5535 ubi
2741 5478 3224 5545 reclinaretcaput,

1653 5590 1799 5647 unde
1826 5598 2025 5658 agnum
2056 5575 2463 5652 comparasset?
2506 5574 2560 5628 in
2604 5572 2869 5643 praesepio
2899 5566 3092 5640 pannis
3138 5566 3224 5621 in-
