3764 6304
26 343 70 410 3
1456 364 1512 422 S]

1781 368 1883 427 ES.
2606 402 2610 408 -
3132 381 3267 446 1474

17 499 26 510 .
63 461 219 522 πῶς
260 464 297 514 ὁ
339 463 566 531 Συμεὼν
601 463 791 519 θυσίαν
809 466 1074 538 τὴναύτῷ
1108 469 1183 540 μὴ
1214 474 1503 542 προσήκουι

1821 482 2089 548 minister,
2124 484 2394 554 siquidem
2453 490 2551 542 soli
2608 491 2751 546 tribu
2801 492 2928 547 Levi
2961 511 3047 550 res
3099 512 3266 553 sacra:

26 568 292 619 νεγκεν
328 571 348 620 ;
385 554 637 626 οὐδὲγὰρ
661 553 729 626 ἦν
763 557 941 627 ἱερεύς
966 575 978 588 ·
1013 563 1073 612 οὐ
1111 563 1220 632 γὰρ
1249 563 1408 616 τοῦτο
1441 566 1512 636 sit

1780 580 1840 624 te
1869 553 2337 630 distribuebantur
2362 593 2376 640 ;
2410 593 2516 630 non
2549 589 2667 634 erat
2696 583 2970 650 sacerdos,
2997 594 3116 638 erat
3168 601 3266 640 au-

21 659 39 671 ·
91 643 255 696 οὐδὲ
318 647 560 717 Λευῖτης
581 690 596 714 ,
637 648 761 702 οὐδὲ
793 652 1092 721 νεωκόρος·
1126 655 1314 724 ἐπειδὴ
1350 657 1487 726 μόνῃ

1779 675 1800 710 n
1846 659 2068 729 justus:
2096 663 2306 732 justitia
2345 682 2472 720 vero
2520 670 2880 726 sacerdotium
2916 674 3017 727 sub
3036 676 3265 745 pedibus

17 735 73 802 .ᾗ
120 734 246 786 τοῦ
288 735 438 787 Acut
476 737 536 788 τὸ
567 737 942 807 λειτοιργικὸν
985 741 1367 812 κεκλήρωται·
1403 748 1502 798 οὐκ

1776 750 1892 815 bet;
1928 767 2038 806 non
2069 765 2187 808 erat
2216 756 2400 822 levita,
2444 759 2538 812 sed
2575 759 2862 817 timoratus
2892 778 2908 816 :
2941 765 3025 818 vir
3081 773 3262 819 autem

17 829 156 892 εὺς,
193 823 284 898 ἦν
319 830 382 882 δὲ
435 831 643 896 δίκαιος
674 848 685 860 ’
728 837 760 903 ἠ
797 835 1112 906 δικαιοσύνη
1143 838 1200 890 δὲ
1225 837 1325 909 τὴν
1362 840 1503 910 ἱερωι

1299 856 1325 890 ν
1362 840 1591 910 ἱερωσύ-
1693 839 1976 898 timoratus
1995 860 2026 898 a
2047 846 2228 916 seipso
2261 848 2578 904 unctionem
2603 851 2785 907 habet.

17 937 23 956 ν
52 918 190 972 ὑπὸ
242 921 392 982 τοὺς
419 923 586 986 πόδας
617 924 880 980 κέκτηται
902 943 916 958 ο
956 930 1055 981 οὐκ
1092 924 1159 999 ἦν
1181 932 1443 998 Λευΐτης,
1469 933 1584 987 ἀλλ’

20 1007 203 1079 αϐής
232 1025 251 1038 ο
300 1013 336 1063 ὁ
365 1011 422 1064 δέ
450 1028 512 1078 γε
535 1012 769 1083 εὐλαϐὴς
786 1015 878 1084 ἀφ’
910 1017 1105 1070 ἑαυτοῦ
1137 1019 1196 1072 τὸ
1221 1022 1426 1091 χρίσμα
1448 1021 1580 1094 ἔχει.

17 1100 134 1153 Καὶ
196 1101 551 1165 βαστάζων
589 1103 656 1157 τὸ
701 1105 932 1174 βρέφος
967 1107 1104 1177 ἔφη·
1133 1110 1264 1164 Νῦν
1288 1113 1503 1167 ἁπολύι

1773 1101 1831 1153 Et
1873 1101 2321 1173 eleuanspuerum
2361 1109 2493 1161 dixit
2533 1125 2548 1164 :
2607 1109 2766 1164 Nunc
2784 1114 3010 1170 dimittis
3053 1133 3259 1173 servum

17 1207 39 1228 ρ
79 1191 370 1247 δοῦλόν
399 1210 540 1258 σου,
573 1195 867 1260 Δέσποτα,
909 1202 1059 1254 κατὰ
1088 1202 1153 1255 τὸ
1169 1203 1338 1272 ῥῆμά
1367 1219 1483 1258 σου

1784 1209 1855 1257 m,
1886 1195 2124 1262 Domine,
2147 1200 2426 1251 secundum
2456 1199 2662 1254 verbum
2695 1212 2841 1257 tuum
2863 1207 2915 1257 in
2944 1209 3262 1274 pace.Nunc

21 1282 208 1351 ήνῃ.
262 1284 392 1338 Νῦν
421 1286 685 1350 ἀπολύεις
707 1305 724 1321 ο
745 1285 908 1359 ἦλθεν
939 1291 1048 1360 γὰρ
1085 1294 1112 1344 ὁ
1141 1294 1334 1364 καιρὸς
1350 1296 1450 1364 τῆς
1480 1298 1507 1349 ά

1774 1278 1942 1344 nittis,
1971 1281 2084 1349 jam
2113 1285 2260 1337 enim
2280 1286 2431 1338 venit
2472 1294 2686 1358 tempus
2715 1292 3091 1363 hberationis;
3164 1314 3260 1354 oc-

17 1392 129 1436 :w;
156 1393 170 1404 ο
209 1377 552 1446 ἀπήντησεν
577 1378 686 1431 τῶν
716 1381 1081 1449 αἰχμαλώτων
1105 1383 1135 1450 ή
1163 1383 1454 1454 λύτρωσις,
1475 1403 1503 1437 τ

1771 1369 2222 1439 rritcaptivorum
2258 1377 2584 1444 redemptio,
2642 1381 2952 1437 debitorum
2985 1387 3257 1456 remissio;

17 1465 136 1516 τῶν
169 1468 212 1535 ἡ
287 1467 680 1536 συγχώρησις·
727 1471 995 1540 ἐγεννήθη
1034 1471 1324 1542 βασιλεὺς,
1356 1478 1483 1538 τοὺς

1773 1469 1850 1513 .us
1905 1470 1989 1515 est
2017 1478 2134 1526 rex,
2169 1480 2389 1519 carcere
2432 1469 2687 1523 delentes
2734 1471 2994 1540 liberans,
3043 1477 3259 1535 vincula

17 1557 252 1620 λακαϊς
316 1558 641 1630 ἐλευθερῶν,
682 1563 808 1626 τοὺς
847 1565 903 1616 ἐν
940 1566 1160 1635 δεσμοῖς
1197 1568 1503 1622 ἀπαλλάττω

1773 1564 1967 1618 npens,
2035 1563 2279 1608 mortuos
2347 1559 2412 1610 ad
2482 1559 2647 1612 vitam
2687 1569 2971 1628 revocans,
3019 1567 3259 1622 allevans

17 1662 73 1707 ›ς
121 1646 195 1697 ὲν
235 1645 467 1717 Θανάτῳ
507 1651 588 1712 εἰς
619 1647 766 1717 ζωὴν
809 1652 1502 1726 ἀνακαλούμενος,κουφίζ

1770 1649 1891 1694 outo
1946 1651 2168 1696 terram.
2231 1643 2387 1698 Nunc
2437 1650 2659 1704 dimittis
2700 1669 2904 1707 servum
2953 1666 3122 1722 tuum,
3151 1659 3256 1713 Do-

17 1737 268 1807 ρφόρον
319 1739 420 1808 τῆς
481 1739 609 1808 γῆς.
677 1740 808 1794 Νῦν
862 1742 1156 1810 ἀπολύεις
1183 1746 1290 1799 τὸν
1352 1747 1503 1802 δοῦλ

1828 1769 1844 1784 .
1884 1732 2170 1798 Quomodo
2201 1743 2254 1790 tu
2289 1738 2437 1792 scis?
2477 1739 2644 1796 Video
2708 1742 3022 1812 Dominum,
3060 1751 3254 1820 inquit,
3303 1729 3311 1768 ¹

21 1845 92 1890 υ,
155 1828 480 1884 Δέσποτα.
519 1831 642 1895 Πῶς
691 1829 876 1897 οίδαςς
930 1833 1070 1904 Ὀρῶ
1133 1837 1224 1890 τὸν
1258 1838 1505 1909 Δεσπὸτη

1770 1837 1857 1873 ma
1909 1824 2052 1877 servi
2097 1826 2385 1882 indutum:
2429 1830 2691 1887 Dominus
2732 1851 2852 1889 cum
2882 1839 2973 1903 sit,
3023 1840 3254 1897 formam

30 1919 156 1978 o'tv,
199 1921 410 1990 σχῆμα
443 1921 632 1974 δούλου
675 1926 1060 1995 περικείμενον
1092 1943 1103 1955 ·
1136 1925 1236 1980 οὐκ
1267 1929 1333 1982 ἂν
1379 1930 1516 1983 δεσπ

1767 1913 1823 1965 ’νὶ
1849 1929 1957 1967 non
1994 1926 2280 1984 portasset.
2315 1921 2417 1974 nisi
2450 1938 2665 1978 servum
2704 1929 2907 1983 vestire
2938 1930 3111 1987 forma
3147 1934 3253 1989 Do—

17 2030 43 2066 ς·
81 2008 198 2074 ὢν,
233 2009 437 2062 δούλου
497 2013 712 2084 μορφὴν
762 2017 1043 2084 ἐφόρεσεν,
1075 2022 1122 2071 εί
1168 2022 1242 2088 μὴ
1272 2021 1362 2074 τὸν
1390 2022 1503 2076 δοῦ)

1765 2005 1810 2056 ni
1837 2006 2158 2076 COgitasset;
2216 2027 2498 2082 nunquam
2550 2017 2772 2073 ordines
2832 2020 3251 2089 intervertisset,

17 2103 196 2156 56cm.
245 2105 354 2158 τοῦ
389 2107 664 2161 Δεσπότου
709 2110 807 2178 τὴν
850 2112 1064 2182 μορφὴν
1111 2114 1396 2182 ἐλογίσατο
1423 2133 1436 2146 ⁸
1475 2133 1503 2169 0

1763 2111 1857 2164 que
1887 2099 2185 2156 altissimus
2220 2101 2336 2172 ipse
2367 2107 2724 2176 semetipsum
2752 2111 3118 2180 humiliasset,
3148 2119 3249 2174 nisi

45 2194 164 2265 τὴν
228 2195 396 2260 τάξιν
429 2199 739 2268 ἐνήλλαξεν,
768 2200 875 2253 οὐδ’
909 2203 1110 2271 ὑψηλὸς
1156 2202 1232 2257 ὢν
1275 2207 1531 2259 ὲταπεινά

1765 2189 1940 2243 milem
1976 2191 2030 2244 in
2063 2191 2236 2247 altum
2269 2196 2486 2252 elevare
2519 2201 2800 2256 voluisset.
2835 2204 2940 2259 Sed
2976 2213 3251 2276 quomodo

35 2324 52 2347 _.
93 2287 147 2336 εί
197 2285 285 2354 μὴ
328 2285 391 2336 τὴ
428 2287 685 2340 ταπεινὸν
723 2290 803 2352 εἰς
854 2287 987 2358 ὕψος
1017 2292 1315 2360 ἀναγαγεῖν
1345 2293 1521 2362 ἠϐουλ-

1760 2294 1826 2331 ιιη
1886 2280 2155 2336 dimittis?
2185 2282 2483 2341 Secundum
2532 2290 2742 2343 uerbum
2789 2301 2935 2346 tuum
2979 2275 3036 2348 in
3077 2315 3246 2368 pace:

27 2417 42 2428 .
79 2375 272 2428 Ἀλλὰ
301 2376 422 2439 πῶς
443 2378 609 2430 αὐτὸν
634 2377 891 2442 ἀπολύεις
922 2394 936 2444 ;
981 2383 1139 2434 Κατὰ
1167 2383 1233 2435 τὸ
1258 2382 1426 2452 ῥῆμὰ
1455 2400 1513 2438 σί

1777 2370 1924 2423 enim
1981 2373 2150 2428 verbo
2181 2377 2513 2432 creationem
2565 2382 2838 2449 producis,
2878 2387 3046 2441 verbo
3088 2389 3249 2457 plane

50 2467 297 2534 εἰρήνῃ
333 2484 348 2498 ·
383 2470 433 2520 εί
460 2469 567 2538 γὰρ
599 2471 808 2540 ῥήματι
851 2471 950 2544 τὴν
1009 2473 1189 2526 κτίσιν
1223 2478 1536 2546 παρήγαγες

1871 2464 1929 2516 iis
1986 2479 2110 2518 eum
2169 2468 2264 2535 qui
2317 2480 2478 2538 caput
2520 2481 2604 2525 est
2637 2476 2953 2531 creationis.
2990 2477 3056 2531 In
3081 2497 3246 2546 pace:
3344 2508 3357 2522 ε

27 2575 179 2625 ματι
209 2561 443 2616 πάντως
466 2559 771 2631 ἐλευθεροῖς
790 2562 882 2616 τὸν
928 2567 1024 2634 τῆς
1052 2565 1281 2629 κτίσεως
1308 2568 1513 2636 ἄρχοντι

1760 2556 1964 2623 epax?
1997 2557 2108 2610 Pax
2158 2561 2340 2615 erucis
2379 2578 2390 2611 :
2451 2564 2566 2628 ipsa
2595 2567 2738 2620 enim
2793 2569 3002 2638 gladius
3021 2582 3107 2627 est
3148 2575 3246 2642 qui

17 2663 59 2699 ν
113 2645 385 2716 εἰρήνῃ·
425 2649 590 2719 scola;
628 2654 694 2722 τῇ
729 2654 824 2704 τοῦ
855 2655 1089 2724 σταυροῦ
1111 2672 1124 2684 ·
1157 2656 1341 2727 ἐκείνη
1404 2659 1503 2725 γὰρ

1763 2646 1885 2697 anni
1921 2655 2084 2716 caput
2113 2649 2476 2717 obtruncavit,
2535 2667 2588 2709 et
2623 2672 2812 2724 pacem
2848 2676 2969 2714 cum
3029 2662 3249 2720 Christo

168 2705 188 2715 -
244 2705 256 2712 .
317 2705 344 2716 ..
532 2705 589 2719 ..
669 2705 694 2722 ..
929 2705 949 2706 η
994 2705 1080 2724 τ--
1411 2705 1502 2725 ,ης

17 2739 236 2809 ἱχαιρα
280 2737 377 2791 τοῦ
417 2740 682 2810 τυράννου
722 2744 820 2811 τὴν
853 2746 1095 2817 κεφαλὴν
1125 2747 1421 2816 ἀπέτεμεν,
1473 2767 1503 2801 κ

1761 2735 2033 2792 itantibus
2053 2740 2221 2795 dedit.
2247 2741 2384 2807 Quia
2407 2747 2651 2800 uiderunt
2688 2751 2825 2803 oculi
2869 2755 2971 2806 mei
3008 2755 3247 2811 salutare

17 2801 201 2899 ρήνην
238 2831 360 2890 τοῖς
388 2801 524 2897 μετά
557 2801 798 2901 Χριστού
855 2801 1312 2905 στρατευομένοις
1342 2837 1503 2890 ἔδωκε

1759 2845 1818 2880 :m
1849 2834 1986 2900 quod
2018 2801 2536 2901 parasti.-‘Vide-runt
2579 2845 2720 2912 quod
2755 2845 2909 2900 multi
2971 2848 3245 2905 desidera-

17 2923 96 2972 δτι
120 2919 273 2972 ἴδον
287 2923 342 2971 οἱ
359 2921 788 2990 όφθαλμοίμου
804 2924 870 2976 τὸ
891 2926 1190 2994 σωτήριόν
1215 2943 1332 2981 σου
1353 2928 1383 2980 ὃ
1405 2931 1503 2997 ήτι

1756 2923 2089 2990 'untvidere,
2124 2935 2178 2981 et
2201 2945 2306 2982 non
2328 2930 2598 2997 viderunt,
2631 2935 2798 2990 Deum
2825 2939 2876 2991 in
2915 2948 3120 3007 tearne,
3151 2959 3242 2998 so-

17 3030 198 3080 κσιις.
229 3015 371 3066 Ἴδον
423 3015 458 3067 ἃ
513 3012 702 3067 πολλοὶ
759 3015 1112 3086 ἐπεθύμησαν
1150 3017 1298 3081 ἰδεῖν,
1332 3022 1425 3070 καὶ
1461 3021 1503 3070 01'

1756 3026 1777 3063 n
1814 3013 1869 3066 in
1918 3016 2065 3070 nube
2112 3019 2437 3076 radiantem.
2477 3023 2724 3080 Viderunt
2761 3030 2899 3083 oculi
2948 3033 3050 3085 mei
3092 3035 3242 3088 salu—

17 3122 102 3168 ον,
137 3105 283 3156 Θεὸν
348 3105 405 3155 ὲν
460 3105 648 3174 σαρκὶ,
694 3103 846 3172 ἥλιον
891 3107 950 3158 ὲν
987 3107 1186 3178 νεφέλῃ
1236 3109 1500 3174 ᾳωτίζοντ

1759 3119 1790 3156 ἐ
1812 3115 1959 3159 tuum
1991 3125 2002 3159 :
2039 3107 2092 3161 id
2115 3119 2220 3175 est,
2242 3112 2495 3168 viderunt
2515 3125 2659 3170 tuam
2687 3118 3120 3179 incarnationem
3145 3142 3245 3198 per

18 3196 143 3249 ’δον
181 3198 240 3248 ot
285 3195 584 3264 ὀφθαλμοί
619 3213 739 3263 μου
786 3197 852 3249 τὸ
895 3199 1196 3264 σωτήριόν
1233 3215 1383 3252 σου’
1416 3198 1504 3251 τοῦ

1753 3209 1832 3246 am
1857 3199 2090 3252 salutem
2120 3201 2406 3257 hominum
2439 3208 2735 3274 ordinasti;
2773 3229 2881 3266 non
2914 3215 3060 3269 enim
3089 3219 3239 3273 vide-

17 3305 122 3340 ςτιν
149 3304 165 3319 ·
198 3287 340 3339 ’Ἱδον
374 3305 468 3340 σου
496 3287 594 3357 τήν
626 3289 966 3358 ὲνσάρκωσιν
983 3289 1046 3341 δι’
1076 3284 1142 3359 ἧς
1166 3289 1264 3359 τὴν
1289 3292 1503 3361 σωτηρῇ

1755 3295 1798 3338 ιι
1823 3290 2025 3343 nudam
2052 3292 2412 3355 divinitatem.
2441 3299 2708 3368 siquidem
2767 3303 2934 3358 Deum
2977 3311 3117 3360 sicut
3158 3320 3241 3364 est

17 3379 82 3432 ὒν
117 3377 430 3448 ἀνθρώπων
476 3378 834 3448 ᾡκονόμησας
867 3393 881 3404 ·
915 3380 976 3432 οὐ
1031 3381 1138 3450 γὰρ
1193 3381 1300 3433 ἴδον
1346 3386 1503 3453 γυμνέ

1756 3380 2058 3436 substantia
2094 3386 2274 3440 nullus
2335 3387 2617 3446 hominum
2673 3394 2901 3449 videbit.
2945 3397 3081 3461 Quia
3100 3401 3242 3454 vide-

17 3470 237 3538 εότητα,
266 3469 452 3538 ἐπειδὴ
487 3471 580 3521 τὸν
620 3469 755 3521 Θεὸν
787 3469 970 3532 καθώς
1009 3471 1158 3523 ἐστιν
1195 3473 1353 3526 οὐσία
1384 3474 1503 3526 οὐδε

1757 3480 1792 3522 tt
1817 3472 1952 3524 oculi
2009 3477 2111 3528 mei
2155 3477 2392 3532 salutare
2449 3491 2616 3547 tuum,
2679 3487 2816 3554 quod
2858 3493 3062 3557 parasti
3116 3504 3243 3548 ante

17 3558 70 3610 νθ
83 3558 288 3628 ρώπων
304 3559 516 3626 ὄψεται.
553 3559 681 3611 ’Ὅτι
698 3557 832 3612 ἴδον
847 3560 902 3611 ol
918 3560 1214 3628 ὀφθαλμοί
1222 3579 1343 3629 μου
1361 3565 1425 3614 τό
1441 3578 1503 3616 σι

1754 3562 1853 3616 ient
1887 3567 2120 3620 omnium
2157 3571 2506 3639 populorum;
2544 3574 2720 3629 lumen
2760 3580 2831 3631 ad
2867 3581 3238 3640 reuelationem

17 3650 190 3717 ήριόν
221 3664 359 3711 σου,
383 3649 414 3701 ὃ
433 3650 766 3717 ἡτοίμασας
794 3651 944 3704 κατὰ
963 3651 1290 3719 πρόσωπον
1315 3653 1503 3707 πάντα

1749 3655 1917 3720 Itium,
1951 3665 1999 3708 et
2042 3657 2270 3726 gloriam
2324 3662 2486 3730 plebis
2539 3674 2642 3720 tua:
2683 3667 2876 3724 Israel.
2913 3673 3235 3734 Communia

17 3737 99 3791 ῶν
122 3737 293 3792 λαῶν
315 3753 328 3767 ⁶
360 3736 486 3806 φῶς
519 3739 607 3804 εἱς
639 3738 1034 3808 ἀποκάλυψιν
1077 3740 1291 3803 ἐθνῶν.
1317 3743 1413 3795 καὶ
1457 3743 1503 3795 δι

1747 3757 1792 3798 η
1817 3745 2022 3802 ,Ιυᾱιείε
2052 3759 2108 3804 et
2128 3753 2383 3822 gentibus
2405 3757 2566 3821 bona,
2597 3767 2652 3813 et
2695 3762 2948 3818 indivisa.
2982 3765 3098 3820 Non
3121 3771 3233 3839 jam

17 3846 97 3884 αν
108 3828 266 3884 λαοῦ
285 3846 400 3883 σου
413 3828 683 3897 Ἰσραήλ.
716 3830 887 3883 Κοινὰ
901 3831 1014 3894 τοῖς
1029 3831 1306 3895 Ἰουδαίοις
1331 3833 1424 3886 καὶ⁵
1443 3850 1503 3887 το

1743 3837 1972 3893 rideatur
1993 3840 2235 3909 Judaaus,
2275 3862 2453 3918 neque
2487 3854 2882 3922 eon'iprimatur
2900 3828 3229 3926 Pharisieus,

17 3921 192 3982 ὄνεσιν
210 3921 278 3972 τὰ
297 3920 476 3987 ἀγαθά
501 3920 597 3972 καὶ
631 3920 904 3989 ἀμέριστα
925 3938 940 3952 ο
979 3921 1056 3991 μὴ
1085 3922 1264 3974 τοίνυν
1288 3923 1503 3991 φθονείτ

1747 3919 1838 3998 ιιιὸ
1864 3941 2102 3986 tentetur
2125 3937 2314 3992 Scriba
2336 3957 2476 4006 ;nou
2499 3919 2804 4012 praecaveat
2823 3965 2919 4017 pro
2950 3967 3113 4021 regno
3133 3969 3233 4009 suo

43 4010 317 4075 Ἰουδαῖος,
363 4011 502 4079 μήτε
534 4010 979 4080 στενοχωρείσθω
1016 4011 1044 4063 ὁ
1075 4012 1389 4082 Φαρισαῖος,
1413 4017 1529 4099 μήτέ

1746 4022 1922 4087 rodes,
1939 4039 2040 4078 nec
2063 4026 2288 4082 timeant
2300 4046 2398 4099 pro
2416 4035 2717 4088 sacerdotio
2732 4037 2884 4091 Anna
2903 4050 2956 4093 et
2975 4042 3227 4112 Caiphas;

22 4101 289 4172 ειραζέτω
317 4102 346 4153 ὁ
377 4101 418 4153 Γ
423 4101 746 4171 ραμματεύς
778 4117 792 4131 °
833 4102 906 4172 μὴ
945 4101 1278 4156 εὐλαϐείσθω
1304 4095 1432 4174 περὶ
1453 4106 1508 4158 τί

1747 4157 1750 4164 .
1776 4115 1920 4168 venit
1939 4115 2030 4170 dat
2049 4095 2326 4187 omnibus,
2345 4123 2546 4179 nullius
2562 4141 2848 4194 personam
2877 4095 3094 4201 accipit:
3122 4133 3233 4187 Ab-

20 4195 147 4246 ὒτοῦ
183 4193 458 4260 βασιλείας
489 4194 517 4245 ὁ
557 4195 805 4262 Ἡρώδης
831 4210 846 4225 ο
872 4195 946 4263 μὴ
988 4193 1254 4286 δειλιάτω-
1282 4197 1414 4264 περὶ
1451 4198 1506 4264 τί

1852 4209 2149 4278 nagniﬁcus
2187 4225 2290 4275 εει,
2327 4215 2531 4286 absque
2557 4193 2811 4274 mensura
2845 4222 2982 4277 dona
3019 4225 3228 4282 tribuit.
3325 4237 3338 4250 '

17 4283 284 4353 ερωσύνης
338 4283 539 4345 ’Ἅννας
575 4284 672 4335 καὶ
717 4284 971 4352 Καϊάφας
1003 4301 1018 4314 ο
1055 4285 1084 4337 ὁ
1134 4283 1308 4336 ἐλθὼν
1372 4287 1508 4353 πᾶσι
1559 4288 1764 4358 δίδωσι,
1819 4299 1949 4368 παρ’
1990 4300 2206 4364 οὐδενὸς
2251 4283 2520 4375 λαμϐάνει
2557 4323 2569 4337 ·
2629 4309 2876 4376 ἀφθόνως
2925 4313 3226 4384 φιλοτιμεῖ-

18 4394 92 4436 αι,
113 4376 278 4445 χωρὶς
305 4375 504 4447 μέτρου
535 4377 839 4447 χαρίζεται.

68 4469 239 4521 Ἀλλὰ
271 4469 490 4538 Ἰωσὴφ
515 4470 613 4523 καὶ
649 4473 681 4538 ἡ
710 4470 910 4540 μήτηρ
951 4472 1140 4526 αὐτοῦ
1169 4473 1546 4543 ἀκούσαντες

1737 4481 1825 4537 Sed
1837 4483 2024 4554 Ioseph
2058 4494 2106 4539 et
2142 4495 2314 4540 mater
2331 4488 2444 4557 ejus
2463 4491 2734 4546 audientes
2763 4510 2879 4564 qute
2895 4512 2988 4564 per
3015 4495 3223 4555 Simeo—

21 4560 55 4612 ὰ
88 4558 242 4626 παρὰ
286 4561 391 4612 τοῦ
430 4561 745 4629 Συμεῶνος
768 4562 1111 4629 λαληθέντα
1132 4604 1146 4628 ,
1172 4565 1507 4631 ἐθαύμασαν

1740 4593 1770 4629 η
1834 4578 2164 4641 dicebantur,
2234 4582 2590 4645 mirabantur,
2651 4589 2925 4653 quomodo
2968 4589 3226 4648 Christus

17 4648 101 4709 πῶς
132 4651 158 4699 ὁ
189 4650 412 4717 Χριστὸς
461 4651 712 4719 ἀνέχεται
756 4654 870 4716 υίὸς
913 4653 1200 4723 ανθρώπου
1243 4657 1503 4721 γενέσθαι

1737 4678 1909 4734 gnatus
1948 4679 2029 4722 est
2077 4671 2221 4725 {ilius
2266 4673 2500 4728 hominis
2539 4676 2690 4740 ﬁeri;
2726 4679 3028 4734 mirabatur
3058 4682 3223 4737 Maria

19 4735 287 4805 θαύμασεν
322 4739 352 4806 ἡ
395 4739 585 4808 Μαρία
601 4741 737 4805 οπῶς
761 4743 974 4814 γαστὴρ
1001 4747 1260 4811 γυναικὸς
1295 4748 1505 4819 ὲχὼρησ

1744 4760 2138 4824 nnodoventer
2161 4762 2404 4816 mulieris
2425 4768 2696 4818 continuit
2728 4767 2919 4833 Deum,
2946 4776 3226 4838 quomodo

19 4830 140 4892 )εὺν,
171 4832 276 4892 πῶς
301 4834 332 4901 ή
362 4832 520 4902 δούλη
545 4833 637 4886 τὸν
661 4836 1047 4906 ἐλευθεροῦντα
1073 4840 1168 4908 τὴν
1191 4843 1367 4894 κτίσιν
1389 4845 1505 4911 ὲγέν

1739 4847 1845 4899 rilla
1881 4848 2226 4904 liberatorem
2256 4853 2548 4907 ereationis
2596 4860 2899 4924 generavit.
2941 4860 3010 4914 Et
3039 4863 3172 4917 dixit
3201 4881 3225 4918 ,τ

24 4939 148 4991 ησεν
179 4937 190 4952 ⁸
227 4925 316 4978 καί
357 4943 572 4994 φησιν.
611 4923 803 4994 Οὗτος
843 4930 1027 4982 κεῖται
1053 4934 1136 4998 εἰς
1169 4933 1400 4987 πτῶσιν
1443 4952 1510 4988 κα

1737 4936 1974 5002 epositus
1996 4945 2071 4989 est
2100 4939 2158 4990 in
2191 4940 2407 4992 ruinam
2432 4951 2479 4994 et
2504 4943 2558 4996 in
2593 4949 3026 5004 resurrectionem
3083 4955 3223 5007 mul-

17 5009 309 5065 irdataatr
324 5014 574 5069 πολλῶν
589 5016 658 5069 ἐν
678 5017 758 5082 τῷ
773 5019 937 5086 Ἰσριι
946 5019 1042 5086 ὴλ,
1064 5022 1161 5074 καί
1183 5027 1271 5088 εΙς
1291 5027 1503 5093 σημεῒο

1735 5044 1816 5080 um
1833 5029 1890 5080 in
1940 5026 2133 5093 Israel,
2167 5032 2294 5084 etin
2325 5035 2532 5104 signum
2576 5039 2660 5090 cui
2710 5043 3117 5100 eontradicetur.
3161 5047 3221 5102 In

17 5102 452 5170 ίντιλεγόμενον.
484 5106 579 5169 Εἰς
638 5108 843 5160 πτῶσιν
892 5110 1001 5162 τῶν
1065 5114 1431 5182 ἐπιμενόντων
1471 5135 1498 5169 τ

1734 5133 1858 5171 nam
1887 5123 2354 5187 perseverantium
2381 5125 2433 5177 in
2461 5125 2800 5194 inﬁdelitate,
2864 5132 2916 5185 in
2969 5149 3216 5190 resurre—

17 5189 229 5261 ιπιστίᾳ,
258 5195 329 5254 εἰς
360 5195 655 5250 ἀνάστασιν
703 5201 812 5250 τῶν
844 5199 902 5266 ἐξ
941 5202 1199 5267 ἀπιστίας
1241 5208 1320 5267 εἰς
1356 5208 1503 5260 πίστι

1733 5224 1882 5263 onem
1915 5226 1978 5265 ex
1998 5212 2315 5270 inﬁdelitate
2345 5217 2400 5270 in
2437 5217 2595 5272 ﬁdem
2647 5224 3066 5279 transeuntium.
3114 5224 3219 5278 Pe-

18 5282 431 5352 ι.ετατιθεμένων.
471 5287 628 5349 Λίθος
679 5285 746 5357 ἦν
774 5290 804 5339 ὁ
854 5291 1088 5360 Χριστὸς
1134 5297 1214 5357 είς
1246 5297 1502 5368 οἰκοδομὴ

1753 5313 1868 5356 erat
1895 5303 2148 5360 Christus
2172 5307 2230 5360 in
2262 5308 2674 5365 fundamentum
2705 5315 2900 5382 posita,
2924 5318 3017 5372 sed
3041 5318 3218 5373 oﬂ‘ena

17 5371 250 5439 ιείμενος,
272 5373 402 5426 ἀλλὰ
451 5379 824 5444 προσέκοπτον
858 5383 907 5432 οί
946 5385 1137 5452 τυφλοὶ
1182 5390 1307 5450 τοὺς
1341 5389 1503 5457 ὁφθα)

1728 5401 1840 5446 ὐηι
1862 5395 1990 5448 caeci
2019 5397 2191 5451 oculis
2211 5409 2491 5466 errantes;
2521 5417 2629 5456 non
2663 5413 2843 5459 tamen
2873 5407 2946 5461 illi
2998 5409 3214 5464 ruinam

18 5463 126 5524 toi);
154 5465 461 5534 ῥεμϐόμενοι
489 5480 503 5494 °
537 5470 597 5520 οὐ
647 5471 826 5524 τοίνυν
855 5475 1004 5544 αὐτῷ
1049 5477 1149 5546 τὴν
1190 5479 1400 5531 πτῶσιν
1428 5480 1504 5532 τῶ

1728 5483 1949 5538 lentium
1974 5525 1988 5548 ,
2022 5488 2116 5541 sed
2149 5493 2606 5548 resurrectionem
2667 5497 2906 5554 tribuere
2958 5510 3214 5570 Oportet;

17 5557 351 5620 πεπτωκότων,
386 5557 522 5611 ἀλλά
561 5559 659 5628 τὴν
690 5561 984 5617 ἀνάστασιν
1027 5566 1344 5636 λογίζεσθαι
1379 5573 1479 5641 χρή

1733 5589 1918 5628 mvero
1966 5577 2012 5629 si
2076 5579 2402 5638 ceciderunt
2455 5593 2688 5650 tantum,
2743 5605 2849 5646 non
2912 5603 3093 5648 autem
3153 5606 3211 5650 et

17 5640 52 5690 εί
89 5646 172 5709 μὲν
205 5646 298 5716 γὰρ
331 5646 560 5701 ἔπιπτον
617 5651 800 5718 μόνον,
826 5655 948 5724 οὐχὶ
981 5655 1036 5708 δὲ
1083 5660 1178 5710 κοιλ⁴
1226 5640 1503 5714 ἀνίσταντο

1733 5677 2012 5732 τθκθτιιηι,
2034 5669 2181 5738 juste
2216 5688 2406 5729 eorum
2439 5677 2596 5733 ﬁdem
2659 5687 3061 5753 suspectaheris
3087 5703 3214 5742 cau-

17 5729 204 5797 δικαίως
227 5737 390 5791 αὐτῶν
423 5739 518 5809 τῆς
545 5739 783 5805 πίστεως
815 5745 1142 5811 ὑποπτεύεις
1168 5751 1338 5802 αἴτιον
1363 5767 1375 5779 °
1410 5755 1454 5804 εἰ
1472 5753 1499 5806 δ

2002 5729 2008 5732 _
2034 5729 2051 5738 _
2659 5729 3061 5753 -_s,---.....v....
3088 5729 3203 5742 νυ..-

1717 5772 1771 5821 η;
1807 5759 1900 5813 sed
1927 5759 1970 5812 si
1999 5776 2064 5814 ex
2093 5763 2173 5818 eis
2202 5767 2292 5835 qui
2316 5768 2594 5827 debilitate
2618 5775 2954 5840 ceciderunt,
2993 5780 3069 5851 μιί
3109 5795 3203 5829 vo-
