3764 6304
1307 340 1618 402 SERMON
1630 342 1737 403 ES.

13 472 20 483 ’
69 454 277 508 τοῦτο
319 456 499 508 πᾶσαν
554 452 651 523 τὴν
694 452 1020 524 οἰκουμένην
1068 452 1370 522 ἐστήριξεν,
1401 455 1459 505 ὲν
1489 467 1529 521 Α

13 546 49 616 ᾖ
91 546 312 617 Ἰησοῦ
344 545 420 612 τῷ
463 544 655 615 κυρίῳ
683 544 875 614 ἡμῶν
906 543 974 597 δι’
1000 537 1060 601 οὗ
1106 544 1201 599 καὶ
1250 544 1369 615 μεθ’
1394 536 1457 597 οὗ

14 639 139 710 τρὶ
170 640 212 707 ἡ
264 635 413 701 δόξα,
450 635 548 688 σὺν
591 636 733 706 ἁγίῳ
788 634 1089 706 Πνεύματι,
1119 634 1215 690 νῦν
1266 636 1360 690 καὶ
1411 637 1499 688 ἀεὶ

625 796 739 850 VII.

13 913 159 981 εἰου
211 909 637 986 πρεσβυτέρου
676 910 1116 986 Ἱεροσολύμων
1141 912 1209 966 ἐκ
1242 912 1348 966 τοῦ
1376 912 1465 978 είς

223 983 335 1035 τὸν
360 980 532 1049 ἅγιον
560 980 767 1048 Θωμᾶν
802 980 1114 1050 ἐγχωρίου.

14 1162 190 1231 ηπιγξ
226 1163 387 1234 ἡμᾶς
413 1161 665 1233 ἱερατικὴ
694 1162 834 1233 πρὸς
864 1165 1177 1236 πανήγυριν
1206 1164 1460 1236 ἧθροισεν

13 1257 150 1318 ἔοις,
181 1255 218 1306 6
250 1253 351 1307 τοῦ
380 1254 546 1324 χοροῦ
576 1254 686 1307 τῶν
701 1254 1019 1308 ἀποστόλων
1040 1257 1405 1326 πρωτότοκος,
1434 1257 1462 1308 6

13 1344 253 1413 ιπαγὴς
273 1345 372 1413 τῆς
386 1344 949 1414 Ἑκκλησίαςστύλος,
970 1348 999 1399 6
1016 1347 1122 1417 πρὸ
1139 1347 1348 1415 Πέτρου
1363 1346 1462 1399 Πέ-

13 1437 37 1487 6
65 1434 183 1486 τοῦ
223 1433 485 1502 θεμελίου
516 1433 786 1503 θεμέλιος,
806 1434 952 1501 ὁτῆς
973 1435 1187 1506 ἀρχῆς·
1214 1435 1459 1506 ἀπαρχὴ.
1496 1463 1537 1517 Β

13 1543 42 1577 ν
76 1521 384 1591 κληθῆναι
416 1523 616 1586 καλῶν,
644 1525 673 1575 ὀ
694 1524 824 1592 πρὶν
864 1524 1251 1595 προσαχθῆναι
1289 1543 1461 1594 προσ·-

76 1615 446 1681 Εὐαγγέλιον
491 1613 753 1683 κηρύττει
787 1615 815 1668 ὃ
860 1618 1027 1685 μήπω
1069 1615 1461 1668 πεπίστευταιο

30 1706 287 1778 μαθεῖν,
345 1705 425 1776 τῷ
479 1706 696 1776 ἀδελφῷ
745 1708 1124 1760 ἀποκαλύπτει
1146 1707 1245 1777 τὴν
1293 1706 1461 1775 ζωήνο

13 1816 114 1853 τον
159 1798 330 1867 αὑτῴ
361 1797 591 1851 πλοῦτον
619 1801 652 1867 ἡ
680 1798 799 1861 τοῦ,
833 1797 944 1851 Ποῦ
980 1799 1200 1868 μένειςς
1230 1796 1464 1867 ἀπόκρι-

13 1891 368 1963 ὶχαρίσατο.
407 1890 606 1943 Καίτοι
635 1909 686 1943 τι
722 1891 864 1960 μέγα
898 1886 1044 1961 εἶχεν
1076 1893 1108 1960 ἡ
1152 1890 1463 1959 ἀπόκρισις,

16 1985 299 2055 Ανδρὲας
328 1982 655 2053 ἐμϐαθύνων
690 1984 780 2036 τδν
819 1981 944 2035 νοῦν
974 1980 1304 2052 ἐθεώρησεν.
1333 1982 1466 2051 Ἐρ-

13 2079 116 2149 ὰρ,
158 2078 334 2147 φησι,
363 2076 458 2128 καὶ
500 2074 598 2130 ἴδε.
638 2076 759 2138 Πῶς
790 2073 951 2146 [γὰρ]
983 2074 1212 2143 γέγονας
1256 2074 1468 2144 προφή-

26 2170 217 2222 πόθεν
279 2167 541 2239 θεοφόρος
588 2165 826 2236 ἀθρόονς
858 2167 909 2217 τί
955 2165 1205 2234 θορυῦεἶς
1237 2163 1334 2216 τοῦ
1367 2163 1469 2216 Πέ-

26 2259 144 2319 τὰς
207 2257 421 2322 ἁκοάς;
465 2257 518 2309 τί
562 2257 768 2324 φθάσαι
813 2254 1088 2319 σπεύδεις,
1130 2253 1188 2307 ὃν
1233 2255 1294 2306 ού
1338 2252 1468 2323 δύνῃ

13 2368 66 2403 ιι
96 2368 113 2417 ;
147 2350 179 2402 ὁ
207 2346 501 2418 πανταχοῦ
521 2345 731 2417 παρὼν,
761 2345 877 2408 πῶς
895 2345 1183 2416 εὑρεθῆναι
1204 2345 1427 2399 δύναται
1453 2361 1469 2406 ;

13 2447 32 2496 it
64 2441 189 2513 γὰρ
234 2435 383 2494 οἶδεν
404 2442 433 2494 6
477 2438 731 2509 Ἀνδρέας
762 2438 790 2490 ὃ
824 2437 1012 2504 λέγει,
1049 2438 1381 2509 Εὑρήκαμεν
1411 2436 1471 2489 ὃν

13 2550 163 2587 .εσεν
186 2534 221 2586 6
262 2532 465 2600 Ἀδὰμ,
499 2530 558 2585 ὃν
597 2527 882 2598 ἐζημιώθη
906 2531 940 2598 ἡ
974 2528 1105 2593 Εὔα,
1132 2529 1190 2583 ὃν
1217 2531 1250 2599 ἡ
1273 2528 1469 2598 νεφέλη

13 2623 321 2693 ἁμαρτίας
364 2620 473 2673 ἀπὸ
525 2618 636 2691 τῶν
688 2616 986 2687 ὀφθαλμῶν
1030 2616 1140 2669 τῶν
1188 2618 1472 2687 ἡμετέρων

13 2714 140 2783 hev,
181 2712 248 2765 ὃν
294 2709 560 2780 ἐχώρισεν
597 2708 754 2779 ἡμῶν
784 2709 817 2777 ἡ
872 2708 1158 2779 παρακοὴ,
1190 2709 1249 2761 ὃν
1291 2709 1472 2780 ἐζήτει

13 2808 69 2858 3'
117 2807 235 2858 Ἐν
272 2802 464 2871 ἡμέρᾳ
503 2798 765 2869 θλίψεώς
796 2816 915 2867 μου
944 2800 1052 2853 τὸν
1081 2801 1229 2853 Θεὸν
1271 2799 1472 2866 ἐξεζή-
1500 2797 1541 2854 C

13 2914 57 2951 ι.
92 2897 243 2962 Καὶ,
275 2894 586 2961 Ζητήσατε
611 2890 762 2963 [τὸν]
789 2892 1024 2961 Κύριον,
1054 2893 1315 2961 Σοφονίας
1355 2892 1472 2963 βοᾷ,

13 3006 106 3054 τες
138 2986 420 3041 ταπεινοὶ
453 2983 584 3053 γῆς.
607 2984 883 3037 Πέπαικεν
906 2985 1052 3054 ἡμᾶς
1081 2985 1108 3037 6
1136 2984 1290 3045 Θεὸς,
1312 2985 1474 3054 ἡνίκα

14 3080 205 3148 Ἀδὰμ
257 3076 583 3130 κατεδίκασε
618 3073 847 3128 θάνατον
899 3076 993 3127 καὶ
1030 3074 1143 3143 βίον
1185 3075 1475 3128 ἐπίπονονο

15 3188 128 3224 ατο
156 3169 232 3222 δὲ
251 3212 264 3230 ,
308 3167 406 3222 καὶ
432 3166 707 3233 πατάξας
739 3168 1045 3235 ἐμότωσεν
1063 3183 1075 3196 ’
1110 3166 1199 3219 ὅτε
1227 3182 1477 3234 σταυρω-

24 3262 177 3332 ύπὲρ
208 3259 307 3313 τοῦ
335 3260 547 3327 γένους,
593 3257 672 3328 τῷ
716 3256 946 3327 μώλωπι
988 3256 1153 3309 αὐτοῦ
1172 3297 1187 3321 ,
1217 3257 1359 3308 κατὰ
1386 3255 1479 3307 τὸν

19 3354 155 3417 ιῒαν,
201 3353 302 3405 καὶ
333 3352 398 3420 τῇ
432 3349 729 3402 ἀναστάσει
780 3348 987 3409 πάντας
1028 3347 1233 3399 ἰάσατο.
1267 3346 1478 3415 Γυμνὸς

21 3444 116 3497 τοῦ
157 3441 403 3510 σταυροῦ
436 3442 461 3492 6
500 3439 736 3509 Χριστὸς
763 3439 1030 3508 ἁνήγετο³
1060 3437 1339 3507 ἁμαρτίαν
1370 3436 1479 3504 γὰρ

27 3535 199 3605 ἔχων,
247 3532 505 3601 ίμάτιονε
538 3531 640 3583 οὐκ
683 3528 936 3600 ἔχρῃζεν.
978 3530 1243 3598 Ἀμωμος
1283 3524 1352 3599 ἦν
1385 3528 1481 3581 καὶ

26 3624 185 3677 άνειν
228 3622 330 3674 ούκ
371 3619 622 3688 ὤφειλεν.
679 3618 850 3672 Οὐθὲν
888 3614 956 3688 ἦν
999 3619 1247 3690 ἄσχημον
1294 3619 1478 3689 αὐτῷ·

30 3712 203 3783 ςογὰρ
232 3709 392 3779 ἡμῶν
430 3709 498 3762 τὰ
527 3710 814 3778 ἀσχήμονα
844 3708 1155 3777 εὐσχήμονα
1183 3708 1477 3762 δείκνυσιν.

29 3823 71 3857 ιν
94 3804 156 3857 αἱ
192 3801 512 3872 μυροιρὸροι,
540 3802 680 3871 ὅπερ
711 3799 796 3853 διὰ
841 3800 939 3871 τῆς
973 3800 1118 3863 Εὔας
1148 3798 1437 3854 ἀπώλεσαν
1462 3814 1476 3829 ⁸

55 3895 118 3947 τὸ
156 3891 345 3964 κέρδος
376 3894 408 3963 ή
446 3890 807 3961 παρασχοῦσα
837 3895 936 3962 τῆς
976 3890 1180 3962 ζημίας
1207 3893 1306 3963 τὴν
1346 3878 1481 3946 61:6-

33 4005 75 4040 ν.
116 3985 282 4048 Ἥξει
313 3983 476 4052 ἡμῖν,
512 3983 594 4047 ὡς
634 3982 810 4047 ὑετὸς
851 3981 1110 4051 πρώτμος
1140 3982 1235 4037 καὶ
1265 3983 1482 4053 bili-utor;

35 4076 105 4147 δῇ.
139 4078 287 4148 Ὅρα
317 4075 495 4129 τοίνυν
528 4076 619 4127 τδν
654 4073 860 4146 Κύριον
894 4075 1034 4145 μετὰ
1056 4075 1156 4144 τὴν
1184 4074 1480 4130 ἀνάστασιν

37 4141 164 4239 ῖμον
189 4141 310 4230 ταῖς
337 4164 603 4235 γυναιξὶν,
633 4141 834 4234 ὄψιμον
862 4141 974 4226 τοῖς
1004 4141 1323 4226 ἀποστόλοις
1351 4181 1479 4233 φαι-
1509 4141 1554 4196 θ

43 4276 153 4315 νον.
189 4257 340 4328 Πρωῒ
380 4258 479 4329 μὲν
509 4256 618 4328 γὰρ
650 4258 772 4319 ταῖς
797 4254 1045 4324 γυναιξὶ,
1081 4255 1347 4327 Χαίρετε·
1381 4254 1479 4324 ὀψὲ

44 4370 46 4389 ι
76 4354 140 4422 τῇ
172 4348 311 4403 Σιὼν
340 4350 563 4421 είρήνην
596 4350 710 4411 τοῖς
750 4347 1020 4418 μαθηταῖς
1046 4345 1479 4418 προσεφώνησεο

65 4444 188 4513 μὲν,
222 4442 309 4494 ἵνα
353 4439 491 4513 λύσῃ
531 4438 629 4510 τὴν
659 4438 936 4508 ἀπόφασιν
975 4438 1074 4506 τῆς
1116 4436 1328 4507 λύπης·
1370 4439 1482 4499 τοῖς

45 4533 115 4587 ’να
154 4532 430 4605 καταλύσῃ
459 4531 556 4601 τὴν
578 4529 797 4601 ἔχθραν,
826 4530 891 4600 ἦν
912 4529 940 4581 6
970 4528 1186 4599 δράκων
1216 4526 1483 4597 ἐκακούρ-

49 4641 78 4677 ι.
122 4624 204 4677 Σὺ
245 4622 521 4689 κληθήσῃ
565 4619 812 4689 Κηφᾶς·
853 4618 962 4687 πρὸ
1000 4620 1099 4688 τῆς
1140 4617 1427 4689 ὁμολογίας
1457 4619 1486 4669 6

52 4717 115 4778 r6;
140 4731 153 4743 ·
202 4714 328 4782 πρὶν
374 4712 586 4783 ἐργάσῃ
632 4711 723 4764 τὸν
765 4711 1091 4782 ἀμπελῶνα,
1128 4711 1189 4764 τὸ
1230 4709 1487 4779 δηνάριον

55 4826 110 4872 ες
130 4824 144 4838 ο
176 4805 302 4877 πρὶν
330 4805 394 4859 ἂν
427 4803 571 4874 ἆψῃς
600 4803 694 4855 τὸν
726 4802 930 4874 βωμὸν,
964 4802 1057 4874 τὴν
1092 4802 1286 4857 θυσίαν
1315 4817 1483 4873 προσ-

55 4899 163 4965 ξαι·
201 4900 325 4968 πρὶν
366 4896 646 4967 κηρύξεις,
672 4894 1076 4966 ὲστεφανώθης.
1109 4895 1368 4966 Πτωχοὺς
1393 4895 1487 4949 καὶ

69 5059 220 5114 Joan.
252 5078 287 5126 ι,
316 5063 401 5115 59.
478 5061 524 5092 "
551 5062 689 5117 Psal.
746 5078 928 5125 uxw,
965 5059 1019 5113 2.

61 5146 153 5183 tan.
187 5146 222 5181 I.

1119 5061 1161 5092 "
1198 5058 1367 5129 Soph.
1400 5073 1461 5123 ιι,
1514 5058 1568 5111 5.

3002 343 3139 407 1478

1560 454 1896 524 gloria,cnm
1918 462 2109 511 saneto
2138 454 2367 524 Spiritu,
2410 468 2559 512 nunc
2591 463 2648 511 et
2688 470 2906 528 semper
2926 468 2984 514 et
3041 476 3140 533 per

1565 546 1747 599 omnia
1766 546 1962 600 smcula
1988 546 2334 600 saeculorum.
2368 547 2560 601 Amen.

1565 636 1658 689 καὶ
1725 638 1805 700 εἰς
1866 637 1995 700 τοὺς
2064 636 2387 707 σύμπαντας
2455 636 2665 702 αἰῶνας
2726 639 2834 693 τῶν
2903 642 3135 697 αἰώνων.

2312 789 2389 845 Z'.

1564 903 1650 976 Es
1693 904 1937 976 Hesyclrii
1979 905 2268 976 presbyteri
2297 904 2762 976 Hierosolymitani
2802 886 3047 961 Encomio
3083 910 3136 962 in

1633 974 1845 1029 beatum
1872 974 2122 1028 Thomam
2140 974 2454 1046 [Andream]
2478 976 2496 1046 ζ
2506 974 2556 1046 1)
2596 976 2897 1041 IDominica
2919 979 2972 1032 in
2994 980 3139 1033 Albis

1632 1046 1765 1114 forte
1801 1040 2165 1113 pronuntiato:
2207 1040 2365 1101 Joan.
2402 1040 2516 1117 εἰη.

1634 1158 1801 1214 Sacra
1834 1160 1922 1213 illa
1961 1160 2088 1214 tuba
2113 1159 2376 1222 Andreas,
2406 1160 2617 1229 primus
2636 1160 3003 1230 apostolorum
3041 1162 3141 1216 fm-

1567 1259 1675 1315 tns,
1730 1252 1903 1321 prima
1930 1251 2188 1306 Ecclesiae.
2228 1248 2504 1315 columna‘,
2539 1261 2667 1306 ante
2720 1251 2938 1307 Petrum
2965 1266 3141 1323 petra,

1565 1341 1905 1396 fundamenti
1928 1341 2364 1405 fundamentum,
2383 1342 2523 1396 initii
2542 1343 3020 1411 primitiae,voeans
3042 1362 3142 1399 an—
3197 1415 3202 1425 Ι

1567 1439 1785 1501 tequam
1813 1442 2122 1497 vocaretur,
2138 1433 2417 1487 adducens
2442 1442 2733 1503 antequam
2756 1436 3139 1498 adduceretur.

1563 1539 1666 1578 nos
1698 1524 1764 1576 ad
1796 1534 2129 1578 conventum
2163 1524 2311 1578 hunc
2343 1525 2664 1579 solemniter
2702 1529 2968 1598 agendum
3001 1530 3145 1584 inci-

1564 1613 1719 1668 tavit.
1756 1612 2111 1682 Evangelinm
2149 1612 2234 1666 (ιιί
2261 1613 2502 1667 nondum
2529 1617 2856 1671 credebatur
2883 1619 3146 1687 praediea-
3197 1632 3204 1687 ζ

1564 1704 1663 1769 vit,
1694 1713 1748 1757 et
1776 1704 1925 1757 fratri
1962 1705 2115 1772 prius
2135 1719 2295 1771 quam
2328 1706 2568 1761 disceret
2589 1748 2604 1772 ,
2632 1708 2796 1761 vitam
2857 1712 3137 1764 revelavit.

1566 1795 1773 1849 Tantas
1795 1794 1868 1847 illi
1892 1794 2110 1848 divitias
2133 1794 2221 1847 illa
2245 1796 2600 1865 interrogatio
2619 1800 2800 1854 attulit
2826 1818 2839 1853 :
2864 1800 2962 1855 Ubi
2984 1802 3143 1856 habi-

1566 1884 1674 1939 tas?
1694 1883 2014 1954 Quanquam
2039 1900 2293 1953 magnum
2312 1887 2513 1956 aliquid
2537 1891 2825 1958 responsio
2856 1892 3066 1956 habuit,
3082 1903 3138 1947 ut

1566 1978 1811 2030 Andreas
1844 1978 2014 2031 menti
2044 1978 2151 2031 alte
2186 1976 2436 2048 inﬁgens,
2456 1979 2842 2046 viderit.Veni,
2868 1984 3066 2053 inquit,
3088 1992 3143 2037 et

1566 2067 1691 2122 vide.
1710 2067 1778 2122 δ’.
1798 2067 2084 2132 Quomodo
2113 2067 2290 2121 lactus
2315 2083 2373 2122 es
2398 2068 2667 2139 Propheta
2688 2071 2871 2127 ?unde
2897 2075 3034 2129 adeo
3060 2076 3145 2130 di-

1569 2157 1768 2212 vinus?
1795 2158 1921 2226 quid
1954 2157 2099 2212 Petri
2129 2160 2353 2214 auribus
2385 2160 2695 2230 obstrepis?
2724 2163 2853 2231 quid
2883 2167 3142 2234 consequi

1569 2247 1719 2301 illum
1754 2248 1989 2312 conaris,
2019 2264 2183 2317 quem
2239 2251 2436 2319 nequis
2476 2254 2998 2321 comprehendere?
3039 2256 3144 2321 Qui

1570 2338 1772 2408 ubique
1799 2349 1900 2401 est,
1932 2343 2206 2410 quomodo
2235 2342 2465 2396 inveniri
2490 2353 2670 2413 potest
2693 2346 2716 2398 ?
2738 2346 2953 2401 Etenim
2984 2349 3145 2403 Scivit

1569 2429 1815 2485 Andreas
1858 2432 1987 2501 quid
2040 2434 2295 2489 diceret:
2337 2436 2649 2491 Invenimus
2694 2453 2856 2506 quem
2912 2441 3146 2509 perdidit

1570 2520 1763 2585 Adam,
1780 2523 1867 2575 eui
1895 2522 2004 2577 Eva
2023 2524 2282 2578 damnum
2299 2526 2499 2588 attulit,
2523 2542 2683 2595 quem
2708 2530 2914 2592 peccati
2947 2530 3146 2585 nebula

1572 2613 1641 2668 ab
1654 2614 1825 2669 oculis
1841 2615 2047 2668 nostris
2060 2617 2365 2677 abscondit,
2386 2633 2546 2687 quem
2564 2619 2929 2675 inobedientia
2945 2638 2974 2676 a
2989 2623 3147 2676 nobis

1576 2703 1855 2769 alienavit,
1887 2722 2048 2775 quem
2075 2708 2326 2774 quaesivit
2360 2708 2523 2763 David
2552 2726 2565 2761 :
2597 2709 2661 2763 In
2689 2712 2773 2764 die
2795 2713 3149 2766 tribulationis

1576 2811 1703 2851 mere
1725 2796 1889 2849 Deum
1918 2798 2173 2867 exquisivi
2199 2798 2261 2850 '°.
2292 2799 2356 2852 Et
2383 2797 2690 2869 Sophonias
2723 2802 2920 2858 clamat
2951 2823 2964 2859 :
2994 2804 3150 2869 Quie-

1578 2887 1679 2941 rite
1705 2876 1892 2950 De‘um,
1938 2904 2113 2941 omnes
2141 2891 2407 2943 mansueti
2443 2901 2598 2945 terra:
2620 2894 2688 2945 ".
2727 2894 3001 2950 Percussit
3046 2912 3148 2951 nos

1578 2979 1723 3033 Deus
1749 3020 1763 3042 ,
1822 2980 2041 3047 quando
2073 2979 2339 3036 Adamum
2382 2984 2448 3037 ad
2494 2995 2723 3040 mortem
2757 2989 3147 3060 molestamqne

1578 3069 1743 3122 vitam
1770 3071 2152 3127 condemnavit
2188 3091 2200 3126 :
2231 3073 2451 3129 Sanavit
2478 3093 2589 3141 nos,
2616 3083 2888 3147 percussit,
2919 3093 2967 3135 et
2993 3098 3148 3137 rura-

1578 3162 1649 3214 vit
1686 3178 1777 3217 nos
1802 3164 1871 3229 ⁸³,
1905 3165 2123 3234 quando
2162 3150 2454 3221 cruciﬁxus
2492 3184 2592 3238 pro
2623 3173 2823 3239 populo
2847 3212 2862 3238 ,
2890 3171 3147 3244 languore

1578 3258 1632 3303 et
1670 3252 2070 3308 resurrectione
2092 3269 2280 3309 omnes
2309 3257 2520 3311 sanavit
2548 3258 2613 3311 ⁸³.
2661 3259 2851 3313 Nudus
2899 3261 2951 3312 in
2986 3276 3148 3317 cruce

1579 3341 1826 3397 Christus
1858 3346 2144 3415 pependit,
2181 3347 2392 3412 insons,
2428 3360 2577 3403 veste
2617 3365 2727 3404 non
2769 3334 3035 3421 indigians.
3063 3352 3149 3406 ln-

1580 3448 1785 3489 nocens
1817 3436 1951 3496 fuit,
2001 3447 2056 3491 et
2090 3439 2316 3491 multam
2359 3439 2652 3493 manifesto
2679 3441 2955 3509 dependit.
3000 3440 3054 3494 In
3085 3457 3150 3497 eo

1580 3522 1785 3578 funium
1817 3524 1954 3578 nihil
1991 3525 2095 3578 fuit
2126 3542 2139 3577 :
2172 3526 2287 3595 ipse
2319 3527 2464 3580 enim
2492 3539 2737 3581 nostram
2767 3527 3065 3584 fin-ditatem
3096 3532 3149 3584 in

1581 3623 1835 3668 ornatum
1874 3616 2166 3670 convertit.
2208 3615 2543 3671 invenerunt
2586 3630 2862 3689 unguenta
2912 3621 3153 3678 ferentes

1582 3705 1862 3769 mulieres,
1887 3708 2031 3775 quod
2053 3720 2151 3776 per
2172 3707 2340 3761 Evam
2364 3709 2677 3763 amiserant.
2705 3709 2919 3766 Invenit
2942 3713 3153 3769 lucrum

1582 3812 1704 3866 quae
1745 3810 1920 3867 pinna:
1971 3813 2191 3853 causam
2236 3799 2506 3856 dederat:
2548 3801 2720 3856 Veniet
2759 3803 2922 3868 nobis,
2969 3814 3026 3858 ut
3068 3822 3154 3860 ros

1584 3890 1879 3942 matutinus
1904 3898 1952 3942 et
1984 3891 2249 3943 serotinus
2272 3899 2428 3944 terra
2451 3891 2515 3943 “.
2556 3891 2752 3962 Aspice
2782 3893 2949 3963 igitur
2968 3894 3155 3949 Domi-

1584 3996 1739 4047 num,
1770 3989 1892 4051 post
1908 3982 2364 4037 resurrectionem
2388 3998 2550 4038 mane
2572 3985 2911 4063 mulieribus,
2927 4002 3156 4056 vespere

1584 4072 1847 4142 apostolis
1902 4082 2279 4144 apparentem.
2329 4074 2490 4130 Mane
2538 4074 2762 4145 quidem
2810 4077 3153 4145 mulieribus,

1586 4169 1775 4230 Avete,
1805 4181 2033 4236 vespere
2052 4166 2107 4219 in
2136 4165 2352 4221 civitate
2381 4165 2513 4221 Sion
2537 4181 2724 4236 pacem
2751 4167 3032 4239 discipulis
3057 4171 3155 4225 de-

1586 4258 1883 4313 nuntiavit.
1924 4257 2033 4312 lllis
2074 4258 2296 4328 quidem
2351 4267 2412 4313 ut
2453 4273 2745 4314 maerorem
2801 4260 3153 4334 detergeret:

1590 4347 1676 4402 his
1705 4364 1836 4404 vero
1867 4358 1925 4404 ut
1958 4350 2199 4404 solveret
2226 4350 2541 4407 inimicitias
2562 4392 2576 4417 ,
2613 4367 2750 4422 quas
2790 4368 3017 4423 serpens
3068 4355 3155 4408 in—
3256 4356 3261 4363 '

1586 4441 1755 4495 vexit.
1816 4440 1891 4495 Tu
1936 4441 2203 4496 vocaberis
2240 4439 2447 4512 Cephas
2475 4443 2522 4475 ⁸³
2555 4461 2568 4497 :
2601 4454 2728 4503 ante
2752 4445 3155 4501 confessionem

1588 4547 1834 4597 merces,
1896 4543 2191 4604 antequam
2243 4535 2297 4589 in
2363 4534 2522 4590 vinea
2569 4535 2833 4593 laboraris
2869 4538 3153 4593 denarium

1588 4624 1865 4692 accepisti.
1919 4624 2226 4695 Antequam
2285 4641 2433 4680 aram
2491 4626 2774 4698 tetigeris,
2828 4629 3156 4685 sacriﬁcium

1591 4714 1733 4769 Deus
1755 4716 2000 4786 suscepit
2034 4735 2048 4771 :
2083 4725 2376 4786 antequam
2408 4719 2754 4786 praedicans,
2780 4734 3036 4773 coronam
3064 4736 3156 4774 ac-

1591 4805 1805 4877 cepisti.
1844 4806 2119 4862 uendicos
2155 4816 2212 4864 et
2252 4807 2502 4863 indoctos
2531 4810 2783 4864 Christus
2825 4810 3006 4879 elegit.
3039 4811 3158 4879 ipsa

1593 4898 1862 4969 sapientia
1880 4906 2139 4968 patronos
2164 4912 2276 4952 non
2299 4896 2515 4966 quaerit,
2540 4898 2636 4954 sed
2657 4898 2956 4953 ministros.
2988 4899 3157 4955 Νειιιο

1667 5058 1711 5089 ⁸³
1740 5053 1878 5110 Osee
1908 5071 1985 5116 vt.
2038 5055 2087 5108 i.
2198 5055 2243 5087 ⁸³
2271 5054 2375 5109 lsa.
2423 5070 2540 5109 LIII.
2578 5053 2630 5108 6.
2738 5052 2939 5110 "Osee
2983 5071 3052 5109 vi.
3098 5056 3156 5109 5.

1176 5278 1407 5335 VARUE
1447 5279 1611 5336 LEC'l
1631 5277 1859 5334 lONES.

76 5423 154 5475 Al.
183 5421 323 5491 ἠτῆς
354 5421 547 5492 ἀρχῆς.
625 5421 656 5461 δ
684 5421 970 5492 ἐρώτησις.
1052 5429 1073 5455 ο
1105 5419 1193 5473 ῐσ.
1227 5417 1486 5487 ἱματίων.

1376 5570 1603 5628 ΝυΤΛΕ.

73 5687 291 5746 Ui’uom
398 5686 725 5740 Bibliotheca
766 5686 896 5740 edit.
931 5684 1186 5749 Genevze,
1224 5685 1376 5750 ltili,
1415 5703 1467 5756 p.
1507 5686 1666 5742 MSS.
