3764 6304
9 243 147 309 ,481
817 249 914 309 DE
944 248 1484 309 TEMPERANTIA
1521 247 1616 307 ET

1826 241 2016 305 .‘UTE.
2049 268 2114 276 -
2153 239 2540 302 CENTURlA
2569 240 2617 299 Ῑ.
3188 237 3324 303 1482

9 359 97 411 ίαὶ
139 357 506 430 προθύμως
540 359 869 430 ὅδευομένη·
918 358 1120 428 γνῶσίν
1160 377 1219 412 τε
1252 359 1471 428 ἀσφαλῆ
1514 357 1623 410 Θεο

1826 355 1936 410 avis
1963 353 2243 424 operibus,
2289 351 2590 421 opitulante
2636 348 2771 414 Deo,
2811 364 3038 418 prorsus
3098 348 3323 403 liberat.

9 445 94 498 τοῦ
159 448 609 518 ἀκαταλήπτου
659 448 952 519 ὀδευομένη
1001 447 1308 518 χαρίζεται,
1363 447 1484 500 καθ’
1531 447 1623 499 ὃσο

1828 460 1961 504 rtam
1994 449 2155 503 etiam
2209 446 2276 501 de
2325 446 2437 500 Deo
2492 443 3028 514 incompreltcnsibili
3077 443 3324 498 notitiam

19 542 284 608 φικτὸν,
329 543 446 594 καὶ.
486 542 803 614 μυστηρίων
851 543 1012 596 θείων
1040 541 1495 612 καὶάποκρύφων
1524 542 1623 592 ἀπο

1826 540 2002 610 -gitur,
2034 547 2297 609 quantum
2329 538 2543 606 assequi
2568 537 2726 589 licet:
2763 551 2975 589 necnon
3017 535 3325 588 divinorum

9 630 262 699 ερύφως
325 629 544 683 λύσιν·
602 631 838 700 ὑπάρχει
888 647 949 682 τε
1003 631 1184 700 πάσης
1239 629 1460 697 ἐντολῆς
1518 628 1618 679 Geo

1848 631 2184 682 occultorum
2219 628 2601 708 mysteriorum
2632 637 2895 681 secretam
2937 627 3142 696 praebet
3183 626 3328 680 solu-

10 722 288 785 ,lalatd;
336 722 458 776 καὶ
505 722 649 786 Νέας
698 722 974 793 Διαθὴκης
1009 721 1290 792 ποιητικὴ,
1327 721 1422 774 καὶ
1456 721 1623 773 παντδ

1826 733 1959 771 mem
1987 737 1997 770 :
2029 717 2340 787 suppeditat
2368 717 2512 769 vires
2553 716 2809 784 implendi
2835 726 3029 770 cuncta
3060 715 3151 770 Dei
3173 733 3318 770 tuan-

9 811 243 880 ἰιγαθοῦ
299 814 418 867 τοῦ
483 814 770 884 μέλλοντος
807 815 1007 878 αἰῶνος
1039 815 1372 884 παρεκτική.
1418 812 1623 883 Λῦτηδ

1829 819 1904 871 ta,
1927 819 2036 863 tam
2070 809 2252 862 Veteri
2281 825 2444 878 quam
2482 808 2634 862 Novo
2687 809 3035 862 Testamento
3075 820 3328 876 compre-

9 904 240 974 ιυρίως
278 906 482 972 ἐστὶν,
522 908 554 978 ἡ
603 907 701 976 τῆς
752 907 978 979 καρδίας
1012 908 1360 978 καθαρότης·
1394 908 1516 978 ἥτις
1563 906 1614 959 δι

1826 916 1960 954 nsa:
2011 908 2064 953 et
2106 899 2324 952 tandem
2386 898 2639 952 universa
2701 898 2840 952 bona
2890 906 3112 966 priestat
3158 897 3326 952 futuri

9 997 60 1049 τὸ
102 997 390 1066 μέγεθος
431 999 527 1051 καὶ
561 999 660 1068 τὴν
691 999 955 1070 καλλονὴν
1000 999 1192 1070 αὐτῆς,
1240 999 1272 1067 ἢ
1308 1000 1622 1070 κυριωτὲρω

1826 991 1961 1046 :culi.
1989 989 2112 1045 llaec
2142 999 2322 1043 autem
2356 991 2574 1058 proprie
2606 997 2688 1042 est
2725 989 2934 1058 puritas
2980 989 3162 1044 cordis
3207 1005 3328 1058 qnte

9 1092 241 1153 εἰπεῖν,
334 1091 447 1144 διὰ
499 1091 597 1162 τὴν
649 1092 982 1162 ἀπροσεξίαν
1030 1093 1124 1146 καὶ
1171 1092 1433 1160 ἀμέλειαν
1476 1090 1623 1162 ἡμῶν

1835 1082 1974 1137 idem
2017 1090 2238 1152 propter
2269 1081 2646 1135 excellenti-am
2694 1089 2752 1133 et
2808 1081 3103 1135 bonitatem
3149 1095 3328 1142 suam,

9 1179 305 1244 σπανίζει
344 1181 604 1252 σήμερον
652 1183 798 1235 πάνυ
842 1183 902 1236 έν
939 1187 1234 1253 μοναχοῖς·
1269 1185 1335 1254 ἡν
1364 1185 1392 1236 6
1421 1183 1623 1254 Χριστδ

1827 1176 1841 1227 l
1879 1175 2151 1244 (utmagis
2183 1173 2402 1243 proprie
2429 1172 2641 1242 loquar)
2675 1173 2744 1226 ob
2768 1171 3038 1244 ignaviam
3083 1181 3138 1226 et
3158 1171 3329 1240 negli-

9 1270 360 1342 μακαρίζει
417 1272 596 1340 λέγων
627 1289 640 1302 ο
687 1274 973 1342 Μακάριοι
1024 1277 1080 1327 οἱ
1117 1275 1358 1343 καθαροί
1408 1275 1480 1342 τῇ
1518 1291 1623 1342 καρ

1827 1265 1994 1318 ntiam
2027 1275 2292 1329 nostram,
2321 1263 2483 1318 hodie
2509 1264 2754 1334 profecto
2781 1279 2899 1317 rara
2933 1272 3014 1317 est
3042 1264 3093 1315 iu
3139 1278 3329 1316 mona-

9 1360 148 1428 δίᾳ,
211 1361 320 1416 ὅτι
374 1364 556 1417 αὐτοὶ
597 1364 705 1417 τὸν
740 1365 888 1418 Θεὸν
941 1365 1219 1433 ὄψονται.
1276 1366 1512 1436 Τοιαύτη
1561 1366 1622 1419 οὗ

1830 1356 1903 1409 is:
1933 1370 2095 1424 quam
2121 1354 2374 1409 Christus
2411 1355 2622 1408 beatam
2675 1353 2954 1422 praedicat,
3000 1353 3084 1407 his
3127 1354 3325 1416 verbis,

9 1449 191 1517 οῦσα,
231 1453 466 1507 πολλοῦ
499 1455 854 1524 ἀγοράζεται.
903 1456 1085 1527 Νῆψις
1115 1458 1173 1509 ἐν
1220 1457 1490 1528 ἀνθρώπῳ
1523 1475 1623 1527 χρο

1826 1445 1910 1498 rati
1943 1445 2137 1497 mundo
2164 1445 2338 1506 corde,
2373 1445 2624 1513 quoniam
2657 1443 2756 1512 ipsi
2791 1444 2957 1497 Deum
2992 1445 3236 1497 videbunt
3259 1445 3325 1497 ⁸³⁸.

9 1547 299 1612 νίζουσα,
345 1547 522 1618 ὀρθοῦ
562 1549 656 1601 καὶ
703 1549 995 1620 θεαρέστου
1034 1549 1151 1619 βίου
1193 1550 1386 1620 ὁδηγὸς
1419 1551 1650 1617 γίνεται.
1753 1537 1890 1590 cum
1907 1551 2036 1604 ergo
2067 1535 2136 1589 δίῑ
2165 1534 2456 1602 θίυδιηοάίν
2501 1550 2698 1606 magno
2751 1536 3056 1590 Γθάίπυίιυτ·
3092 1535 3328 1605 Τριηρα-

9 1637 254 1691 Τούτου
313 1638 429 1690 καὶ
476 1639 752 1703 ἐπίϐασις,
786 1641 1019 1710 θεωρίαν
1049 1642 1143 1694 καὶ
1169 1641 1230 1694 τὸ
1260 1642 1519 1712 τριμερές
1553 1641 1618 1710 τῆ

1826 1625 1932 1680 ntia
1963 1641 2083 1694 quae
2121 1625 2383 1695 perdurat
2412 1625 2466 1678 in
2491 1625 2736 1689 homine,
2765 1633 2928 1680 recta:
2959 1626 3178 1695 Deoque
3211 1628 3328 1697 pla-

10 1728 225 1798 ψυχῆς
275 1728 528 1792 δικαίως
575 1733 744 1783 κινεῖν
779 1732 928 1801 ἡμᾶς
972 1732 1302 1795 ἐκδιδάσκει,
1334 1732 1434 1795 τὰς
1463 1731 1623 1804 αἱσθή

1826 1715 1931 1768 ntis
1983 1715 2109 1768 vitae
2156 1714 2262 1768 dux
2309 1714 2576 1769 efﬁcitur:
2637 1716 2797 1783 cujus
2856 1731 3180 1787 progressus
3226 1733 3330 1771 nos

15 1839 150 1883 σεις
199 1836 268 1872 τε
316 1821 590 1890 ἀσφαλῶς
628 1826 807 1894 τηρεῖ,
843 1826 936 1876 καὶ
971 1825 1070 1888 τὰς
1113 1824 1336 1893 γενικὰς
1383 1803 1620 1894 τέσσαρα

1827 1813 1970 1868 ocet,
2007 1811 2066 1857 ut
2088 1803 2233 1872 juste
2253 1819 2567 1858 moveamus
2589 1806 3039 1875 speculationem,
3066 1816 3121 1862 et
3153 1809 3328 1879 tripli-

11 1897 249 1984 ἀρετὰς
289 1917 358 1968 ἐν
395 1917 482 1986 τῷ
511 1892 724 1988 μετόχῴ
757 1917 926 1988 αὐτῆς
957 1916 1077 1970 καθ’
1113 1892 1324 1987 ἡμέραν
1349 1915 1524 1981 αὔξει.
1557 1892 1565 1894 -

1826 1909 1873 1946 m
1907 1892 2102 1948 animat
2142 1892 2498 1948 facultatem:
2531 1910 2727 1949 sensus
2752 1897 2808 1950 in
2857 1905 2975 1952 tuto
3005 1911 3324 1955 conservat;

1754 1993 1986 2053 quatuor
2041 1985 2206 2038 etiam
2274 1986 2558 2054 generales
2615 1987 2844 2042 virtutes
2911 1990 3196 2060 pttrticipio
3244 1994 3324 2045 sui

1753 2085 1916 2146 auget
1946 2076 2208 2145 quotidie.
2883 2092 2885 2094 ·

1824 2171 1878 2223 2.
1908 2170 2134 2240 Magnus
2158 2171 2248 2225 ille
2269 2171 2547 2241 lcgislator
2572 2170 2766 2235 Moses,
2802 2171 2911 2225 imo
2939 2187 3066 2228 vero
3091 2172 3327 2243 Spiritus

1754 2270 2000 2328 sanctus,
2027 2263 2153 2317 dum
2201 2263 2428 2332 hujusce
2463 2263 2681 2319 virtutis
2729 2264 3042 2320 facultatem
3096 2267 3326 2336 irrepreo

1756 2353 2104 2418 hensibilem,
2141 2369 2352 2424 puram,
2385 2369 2668 2423 capacem,
2700 2365 2754 2409 et
2775 2355 3118 2426 magniﬁcam
3145 2358 3328 2412 subin-

1753 2444 1918 2507 dicat,
1948 2443 2183 2499 instrues
2212 2460 2314 2500 nos
2339 2461 2443 2515 qua
2467 2445 2679 2500 ratione
2713 2445 3022 2501 ducendum
3077 2448 3150 2502 sit
3176 2449 3244 2502 ah
3265 2466 3325 2501 ca

1755 2533 2184 2606 initium,atque
2232 2537 2708 2606 conplementum:
2765 2538 3000 2593 Attende
3056 2539 3154 2593 tibi
3203 2541 3324 2608 ipsi,

101 2173 178 2245 β’.
238 2176 305 2230 ’0
372 2177 558 2247 μέγας
610 2177 906 2248 νομοθέτης
956 2179 1182 2248 Μωσῆς,
1236 2177 1437 2247 μᾶλλον
1488 2179 1544 2230 δὲ
1592 2179 1656 2230 τὸ

19 2268 278 2338 Πνεῦμα
293 2269 360 2320 τὺ
405 2270 581 2336 ἅγιον,
616 2268 982 2322 ὑποδεικνύων
1010 2270 1066 2322 τὸ
1093 2270 1380 2340 ἄμεμπτον
1411 2271 1503 2324 καὶ
1547 2285 1651 2322 κα”

23 2358 234 2429 θαρὺν,
283 2358 395 2411 καὶ
434 2359 804 2430 περιεκτικδν,
843 2360 936 2411 καὶ
970 2359 1227 2420 ὑψοποιδν
1257 2358 1358 2428 τῆς
1397 2360 1651 2429 τοιαύτης

28 2451 290 2521 ἀρετῆς,
330 2450 441 2501 καὶ
477 2448 742 2501 διδάσκων
777 2451 944 2520 ἡμᾶς,
976 2451 1125 2514 ὅπως
1154 2450 1358 2521 ταύτης
1388 2449 1652 2519 ἄρχεσθαι

32 2540 136 2592 καὶ
165 2536 436 2590 ἐκτελεῖν
465 2537 562 2601 δεῖ,
589 2539 828 2608 Πρόσεχε
863 2539 1096 2608 σεαυτῷ,
1135 2539 1286 2609 φησὶ,
1324 2539 1398 2609 μὴ
1428 2537 1652 2608 γένηται

38 2630 211 2699 ῥῆμα
246 2629 528 2699 κρυπτὸν,
559 2630 658 2699 τὴν
711 2630 1088 2698 μονολόγιστον
1119 2631 1417 2699 ἐμφάνειαν
1451 2632 1652 2701 ὀνομά-

37 2719 160 2782 ζων
231 2718 579 2788 πράγματός
641 2736 788 2782 τινος
854 2719 1186 2790 μισουμένου
1253 2722 1493 2794 πονηροῦ
1547 2721 1652 2776 ὑπὸ

35 2808 191 2863 Θεοῦ
219 2827 234 2840 ·
284 2809 360 2881 ἣν
407 2810 472 2879 δὴ
522 2813 616 2864 καὶ
665 2812 972 2882 προσϐολὴν
1018 2813 1269 2880 λέγουσιν
1297 2817 1350 2867 oi
1382 2814 1648 2886 Πατέρες,

10 2925 12 2930 τ
44 2903 499 2972 προσαγομένην
529 2906 596 2974 τῇ
627 2905 824 2974 καρδίᾳ
874 2922 967 2957 σου
1012 2907 1160 2978 παρὰ
1182 2906 1275 2959 τοῦ
1311 2907 1581 2971 διαϐόλου,

10 2996 536 3050 ’ἐπακολουθοῦσιν
584 3000 632 3051 ot
661 3000 819 3068 ἡμῶν
866 3001 1139 3071 λογισμοὶ,
1185 3003 1348 3066 εὐθὺς
1392 3021 1650 3076 παραφα-

49 3090 214 3159 νείσῃ
260 3087 344 3158 τῷ
377 3087 474 3160 νῷ,
510 3091 774 3160 ἐμπαθῶς
805 3111 861 3147 τε
892 3094 1029 3166 αὐτῇ
1065 3096 1564 3167 προσδιαλέγονται.

128 3267 203 3328 γ’.
249 3261 436 3332 Νῆψίς
491 3265 638 3318 ἐστιν
676 3265 794 3329 ὁδὸς
845 3266 1025 3337 πάσης
1059 3269 1259 3339 ἀρετῆς
1305 3272 1399 3324 καὶ
1431 3271 1652 3339 ἐντολῆς

12 3391 13 3396 η
53 3351 226 3415 Θεοῦ,
259 3354 388 3422 ἥτις
422 3354 516 3406 καὶ
546 3355 742 3424 καρδία
773 3357 867 3409 καὶ
908 3359 1129 3428 ἡσυχία,
1177 3361 1271 3412 καὶ
1309 3361 1653 3430 ἁφάνταστος

12 3467 14 3494 :
55 3439 429 3494 τελειωθεῖσα
461 3443 680 3514 φυλακὴ
707 3447 826 3509 νοὸς
861 3449 893 3518 ἡ
923 3448 1086 3516 αὐτή.

135 3625 200 3681 δ’.
249 3629 369 3695 Οὐχ
399 3629 498 3698 ὁρᾷ
529 3629 643 3696 φῶς
671 3630 824 3700 ἡλίου
850 3634 878 3685 6
903 3635 1182 3704 γεννηθεὶς
1207 3637 1409 3705 τυςλός
1433 3653 1446 3666 ·
1479 3636 1652 3702 οὕτως

12 3751 14 3756 τ
60 3715 191 3768 οὐδὲ
224 3717 253 3766 6
295 3713 372 3785 μὴ
415 3716 570 3786 νὴψει
601 3718 801 3773 ὁδεύων
831 3723 931 3792 ὁρᾷ
977 3723 1250 3788 πλουσίως
1283 3727 1382 3788 τὰς
1429 3744 1652 3797 μαρμα-

64 3811 249 3881 ρυγὰς
289 3809 391 3877 τῆς
432 3810 637 3865 ἄνωθεν
686 3815 939 3884 χάριτος·
970 3815 1092 3869 οὔτε
1132 3818 1187 3870 δὲ
1219 3818 1653 3891 ἐλευθερωθήσε-

61 3919 160 3955 ται
213 3905 282 3955 ἐκ
340 3903 592 3974 πονηρῶν
642 3907 736 3959 καὶ
789 3910 1036 3979 μισητῶν
1081 3911 1201 3980 Θεῷ
1237 3912 1412 3984 ἔργων
1449 3931 1508 3968 τε
1556 3916 1652 3969 καὶ

13 4045 16 4052 ,
63 3992 248 4061 λόγων
295 3995 392 4048 καὶ
422 3996 661 4064 ἐννοιῶν,
698 3998 757 4062 ὃς
801 3999 899 4052 οὐκ
944 4001 1234 4075 ἐλευθερίῳ
1270 4006 1456 4076 τρόπῳ
1485 4007 1544 4059 ἐν
1581 4009 1648 4078 τῇ

68 4086 241 4158 ἐξόδῳ
273 4089 403 4152 τοὺς
435 4092 758 4162 ταρταρίους
790 4096 1186 4166 παρελεύσεται
1218 4099 1508 4170 ἄρχοντας.

143 4272 208 4322 ε’.
251 4268 498 4340 Προσοχή
553 4271 690 4335 ἐστι,
743 4274 1010 4346 καρδιακὴ
1059 4277 1403 4344 ἀδιάλειπτος
1451 4283 1652 4353 ἡσυχία

1752 2629 1852 2695 ait,
1878 2643 1948 2682 ne
1977 2629 2199 2683 verbum
2230 2629 2323 2682 tiat
2347 2629 2653 2682 occultum:
2685 2628 3013 2699 singularem
3045 2632 3326 2701 appellans

1753 2723 2172 2777 ostentationem
2223 2721 2506 2791 cujusdam
2560 2722 2640 2776 rei
2694 2738 2874 2792 prava
2932 2723 3044 2778 Deo
3099 2725 3322 2787 odiosre,

1755 2829 1918 2884 quam
1953 2828 2086 2868 sane
2137 2812 2327 2867 Patres
2360 2811 2525 2866 etiam
2574 2813 2859 2868 nominant
2902 2815 3324 2886 suggestionem,

1753 2920 1873 2973 quae
1899 2903 2047 2959 cordi
2080 2911 2174 2959 tuo
2207 2903 2516 2958 obtruditur
2543 2919 2573 2958 a
2623 2903 2859 2958 diabolo.
2909 2905 3103 2969 Quam,
3141 2905 3324 2959 statim

1757 3003 1818 3048 ut
1871 3007 1992 3048 sese
2017 2994 2329 3050 exhibuerit
2370 2993 2558 3058 menti,
2609 3003 2913 3063 sequuntur
2967 2995 3327 3066 cogitationes
3370 3014 3372 3016 ·

1679 3066 1721 3124 C
1758 3093 1984 3152 nostrae,
2046 3095 2103 3140 et
2153 3102 2276 3140 cum
2330 3101 2393 3141 eu
2445 3087 2712 3156 colloquia
2755 3089 2985 3144 miscent
3037 3089 3326 3145 allectihus

1756 3178 1938 3248 plena.

1828 3273 1882 3326 5.
1923 3271 2304 3342 Temperantia
2352 3281 2438 3328 est
2489 3273 2572 3328 via
2630 3273 2892 3329 virtutum
2939 3277 3222 3342 omnium,
3270 3288 3328 3332 et

1756 3363 2138 3418 mandatorum
2201 3363 2317 3430 Dei,
2347 3380 2468 3433 qure
2501 3365 2719 3433 quidem
2771 3367 2932 3420 etiam
2966 3375 3053 3421 est
3094 3383 3208 3432 cor,
3270 3379 3327 3422 et

1754 3451 1943 3520 quies:
1999 3452 2297 3521 eademque
2349 3453 2416 3506 ad
2483 3453 2807 3507 vacuitatem
2878 3441 3324 3524 imaginationum

1755 3546 1997 3615 perfecte
2020 3546 2261 3610 redacta,
2296 3546 2494 3600 mentis
2515 3557 2598 3601 est
2625 3548 2892 3602 custodia.

1823 3635 1880 3689 4.
1911 3635 2015 3700 Qui
2043 3645 2349 3691 exerceatus
2380 3644 2482 3700 est,
2513 3651 2622 3690 non
2650 3637 2800 3692 videt
2827 3637 2956 3692 solis
3004 3637 3224 3695 lumen:
3251 3641 3323 3695 ita

1753 3727 1846 3796 qui
1902 3742 2015 3782 non
2067 3728 2307 3782 ambulat
2363 3737 2750 3798 temperanter,
2814 3726 3084 3799 pretiosos
3137 3733 3323 3803 gratiae

1754 3835 2006 3890 supernae
2043 3822 2364 3890 splendores
2426 3823 2618 3892 nequit
2661 3824 3006 3894 perspicere:
3065 3841 3242 3897 neque
3293 3843 3326 3883 ι

1755 3912 1910 3966 malis
1934 3920 1988 3966 et
2018 3911 2130 3966 Deo
2162 3911 2365 3967 odiosis
2395 3913 2672 3982 operibus,
2702 3915 3071 3977 sermonibus,
3092 3927 3148 3972 et
3180 3920 3326 3990 cogi-

1754 4005 2052 4059 tationibus
2098 4004 2440 4059 liberabitur.
2486 4006 2554 4060 Et
2589 4005 2634 4060 is
2659 4015 2900 4075 tempore
2943 4009 3140 4075 exitus,
3176 4012 3324 4065 nulla

1753 4096 1922 4150 libere
1943 4097 2208 4152 evadendi
2227 4097 2438 4152 ratione
2464 4113 2754 4168 perpensa,
2784 4107 3141 4156 tartareorum
3169 4103 3328 4172 prin-

1755 4188 1937 4258 cipum
1959 4203 2152 4242 manus
2178 4204 2287 4242 non
2318 4187 2561 4258 eﬂ‘ugiet.

1828 4281 1882 4334 5.
1915 4279 2160 4335 Attentio
2187 4289 2270 4336 est
2297 4280 2555 4335 continua
2585 4281 2766 4336 cordis
2804 4283 3045 4352 requies,
3089 4285 3160 4340 ab
3206 4300 3327 4340 om-

70 4357 185 4410 ἀπὸ
219 4358 420 4421 παντὸς
447 4359 729 4432 λογισμοῦ,
755 4365 991 4433 Χριστὸν
1032 4367 1240 4435 Ἰησοῦν
1262 4369 1352 4423 τὸν
1387 4370 1513 4424 Υίὸν
1555 4377 1623 4425 τοέ

1826 4373 1918 4427 bus
1981 4371 2404 4443 cogitationibus
2444 4371 2659 4426 libera:
2722 4388 2845 4443 qua:
2899 4375 3076 4428 solum
3139 4373 3324 4430 Jesum

74 4445 212 4500 Θεοῦ
248 4449 344 4500 καὶ
383 4449 515 4502 Θεὸν
559 4453 647 4505 ἀεὶ
705 4454 802 4506 καὶ⁵
857 4457 1102 4520 ἁεννόιως
1140 4461 1238 4511 καὶ
1295 4461 1623 4517 ἀδιαλείπτω

1826 4464 2036 4519 ιι-ῑειυηι
2068 4463 2163 4517 Dei
2213 4463 2408 4517 Filium
2461 4473 2518 4518 et
2575 4463 2746 4518 Deum
2790 4474 3056 4535 perpetuo
3106 4481 3170 4522 ac
3208 4467 3326 4520 sine

79 4537 242 4606 μόνον
293 4539 456 4593 αὑτὸν
501 4544 868 4612 ἁναπνέουσα,
925 4549 1021 4602 καὶ
1073 4551 1514 4623 ἐπικαλουμένη,
1565 4573 1623 4609 κε

1826 4554 2164 4610 Lermissione
2193 4557 2366 4625 "spirat
2390 4562 2445 4609 et
2469 4554 2741 4625 implorat,
2773 4565 2881 4610 stat
2914 4572 3038 4611 cum
3068 4572 3133 4612 eo
3151 4558 3327 4612 virili-

78 4630 342 4697 ἀνδρείως
393 4632 528 4700 πρὸς
574 4637 700 4698 τοὺς
751 4638 982 4708 ἐχθροὺς
1030 4644 1442 4715 συντασσομένη
1483 4646 1623 4716 αὐτῷ

1826 4646 1914 4700 rin
1947 4647 2066 4701 acie
2096 4648 2358 4702 adversus
2379 4647 2586 4711 hostes,
2614 4647 2774 4715 eique
2796 4650 3108 4713 conﬁtetur,
3129 4663 3328 4718 nempe

77 4719 229 4789 αὐτῷ
259 4735 318 4770 τε
352 4720 821 4797 ἐξομολογουμένη
848 4729 926 4798 τῷ
951 4730 1207 4795 ἐξουσίαν
1235 4733 1412 4804 ἔχοντι
1445 4753 1623 4807 συγχω

1826 4738 1846 4791 i
1870 4739 2038 4807 possit
2060 4739 2340 4793 remittere
2368 4747 2609 4806 peccata.
2632 4738 2769 4789 Cum
2795 4737 2940 4791 enim
2964 4739 3144 4792 anima
3175 4739 3329 4792 invo-

83 4813 196 4880 ρεῖν
231 4811 625 4900 ἁμαρτήματα.
679 4818 1204 4894 Περιπτυσσομένης
1253 4825 1362 4898 γὰρ
1417 4830 1623 4899 συνεχῶ

1826 4829 2062 4884 tionibus
2092 4828 2325 4883 assiduis
2355 4827 2825 4896 circumplectitur
2875 4827 3179 4894 Christum,
3234 4830 3330 4900 qui

80 4899 298 4990 Χριστῷ
338 4902 407 4954 δι’
433 4904 776 4976 ἐπικλήσεως
803 4912 1065 4982 κρυπτῶς
1093 4916 1250 4990 μόνῳ
1279 4917 1356 4986 τῷ
1381 4917 1477 4982 τὰς
1520 4935 1623 4990 καρ

1826 4921 1903 4976 lus
1973 4927 2188 4975 secreto
2245 4925 2522 4972 scrutatur
2586 4917 2791 4980 corda,
2849 4932 3179 4986 omnemque
3240 4899 3331 4975 dat

81 4988 196 5050 δίας
227 4990 622 5066 ἐξεταζομένῳ,
670 4999 795 5062 τοὺς
841 5002 1160 5074 ἀνθρώπους
1192 5026 1250 5062 τε
1281 5009 1492 5072 πάντας
1522 5029 1623 5064 παν

1828 5027 2002 5077 eram,
2033 5026 2104 5065 ne
2137 5011 2230 5064 ulli
2257 5009 2539 5065 hominum
2568 5017 2711 5062 nota:
2739 5009 2851 5063 sint
2879 5009 3197 5066 dulcedines
3218 5027 3330 5066 sure

82 5078 235 5172 τοίως
268 5081 452 5136 λαθεῖν
485 5089 834 5161 πειρωμένης
864 5095 965 5165 τῆς
997 5096 1177 5169 ψυχῆς
1207 5101 1307 5172 τὴν
1339 5100 1619 5172 γλυκύτητ

1826 5101 2070 5172 ternique
2123 5099 2428 5162 conﬂictus,
2475 5099 2628 5152 nullo
2683 5109 2845 5169 pacto
2897 5099 3179 5169 improbus
3237 5104 3329 5158 ille

87 5169 268 5263 αύτὴς,
296 5174 387 5224 καὶ
419 5174 508 5227 τὸν
541 5177 688 5233 ένδον
715 5182 923 5250 ἀγῶνα,
959 5191 1096 5259 μήτε
1141 5194 1169 5244 6
1200 5169 1436 5263 πονηρὸς
1479 5169 1654 5248 λαθὼν

86 5260 330 5316 εὐοδώσει
366 5268 586 5335 κακίαν,
619 5274 714 5326 καὶ
744 5276 1000 5344 ἀφανίσει
1031 5282 1322 5354 καλλίστην
1369 5286 1650 5353 ἐργασίαν.

156 5355 229 5446 ς’.
280 5354 457 5424 Νῆψίς
500 5361 667 5426 ἐστιν,
724 5364 960 5434 ἔμμονος
1003 5370 1263 5444 λογισμοῦ
1315 5375 1504 5446 πῆξις,
1559 5379 1654 5432 καὶ

92 5440 272 5506 στάσις
309 5447 472 5500 αὑτοῦ
514 5451 572 5503 ἐν
617 5453 761 5525 πύλη
809 5462 1060 5529 καρδίας,
1091 5467 1124 5535 ἢ
1156 5468 1281 5530 τοὺς
1323 5468 1652 5539 ἐρχομένους

1761 5193 1898 5247 clam
1923 5192 2222 5259 nequitiam
2266 5205 2588 5262 promovere
2633 5189 2852 5260 poterit,
2882 5197 2938 5245 et
2985 5193 3330 5261 operationes

1760 5284 1994 5353 optimas
2015 5285 2218 5338 delere.

1831 5375 1882 5428 6.
1947 5375 2329 5443 Temperantia
2393 5363 2494 5428 est
2524 5391 2884 5444 perseverans
2941 5377 3329 5448 cogitationum

1759 5470 2062 5523 constantia
2109 5485 2122 5522 :
2179 5468 2404 5538 quando
2472 5469 2674 5524 scilicet
2737 5470 3006 5524 sistuntnr
3054 5471 3183 5540 ipsa:
3233 5486 3331 5540 pro

126 5617 169 5651 ⁸⁸
202 5618 380 5674 Matth.
408 5635 462 5675 v.

404 5713 670 5773 PATROL.
714 5716 826 5776 Gn.
876 5722 1078 5787 XCIII.
2871 5735 2940 5797 τιἹ
