3764 6304
18 230 139 298 489

735 248 832 308 DE
872 250 1424 314 ΤΕΜΡΕΒΑΝΤΙΑ
1463 256 1559 315 ΕΤ
1590 257 1659 316 Vl

1819 258 1929 318 [ΤΕ
1989 238 2057 297 ‘—
2087 261 2474 325 CENTURIA
2537 265 2574 325 ι

3173 270 3309 338 1490

14 352 126 446 οὓς
170 355 452 446 ἓχθροὺς
517 358 578 424 ἐξ
639 361 811 433 αὐτῆς
856 363 986 416 ἄνευ
1052 366 1255 435 συχνῆς
1289 368 1628 439 ἐπικλήσεως

1819 373 1902 426 isis
1932 376 2305 446 conceptibus,
2345 394 2445 434 nec
2472 379 2540 433 ab
2570 395 2635 434 eo
2681 379 3075 439 intellectuales
3122 387 3313 446 hostes

12 441 80 510 1η
91 443 226 499 σοῦ.

67 580 187 637 κθ’.
228 583 375 636 Ἐὰν
414 588 561 656 μετὰ
586 590 969 655 ταπεινώσεως
1004 596 1349 665 φρονήματος
1381 597 1481 665 καὶ,
1501 598 1638 667 μνή-

11 691 116 741 ιης
142 674 446 744 θανάτου,
484 681 577 733 καί
616 683 724 735 ἀπὸ
758 683 1055 753 μέμψεως,
1099 687 1194 739 καὶ
1239 688 1635 759 ἀντιρρήσεως.

1737 463 1960 535 proﬂiga
1968 481 2043 522 re.

1806 600 1894 655 29.
1931 602 1985 655 Si
2017 619 2139 657 cum
2174 604 2502 673 hmnilitate,
2532 609 2842 677 prudentia,
2868 613 3171 685 mortisque
3195 629 3311 672 me.

1739 693 1927 757 moria,
1973 696 2386 763 conquestione,
2434 699 2881 767 contradictione,
2933 703 3316 775 imploratione

11 766 102 818 ιαὶ
134 769 527 840 ἐπικλήσεως
575 774 751 843 Ἰησοῦ
787 777 1025 844 Χριστοῦ
1055 777 1153 842 τὰς
1182 780 1466 849 διατριϐὰς
1498 781 1639 834 πάν-

1819 801 1867 838 ιιι
1895 784 2116 852 Christi,
2143 788 2492 843 continenter
2521 792 2781 847 exercitia
2810 810 3035 866 peragas
3063 797 3119 852 in
3147 797 3319 852 corde

11 875 133 910 τοτε
176 865 386 926 ποιεῖς
428 866 489 917 ὲν
526 868 592 937 τῇ
626 869 691 937 σῇ
734 868 932 940 καρδίᾳ
957 885 970 897 ”
1023 869 1121 922 καὶ
1158 871 1257 939 τὴν
1292 871 1484 940 στενὴν
1515 871 1636 941 μὲν,

11 949 155 1003 ἰιλλὰ
206 957 539 1024 χαροποιὺν
569 959 663 1011 καὶ
693 960 934 1029 τερπνὴν
967 961 1085 1014 ὁδὸν
1111 962 1213 1031 τῆς
1249 962 1487 1024 διανοίας
1515 962 1640 1015 καθ’

11 1042 275 1111 ἡμέραν,
323 1049 480 1113 μετὰ
510 1048 714 1102 τούτων
743 1051 851 1104 τῶν
892 1051 1073 1106 ὅπλων
1102 1052 1306 1116 ὁδεύεις
1339 1053 1641 1122 νηφόντως,

11 1136 92 1195 εἰς
132 1134 413 1206 θεωρίας
449 1139 607 1207 ἁγίας
630 1142 801 1210 ἁγίων
823 1143 1016 1216 ἐλεύσῃ
1034 1184 1049 1203 .
1078 1145 1173 1198 καὶ
1194 1145 1510 1218 φωτισθήσῃ
1544 1165 1643 1217 μυ·

11 1227 239 1297 ςτὴρια
286 1229 477 1298 βαθέα
512 1233 959 1303 παρόι’Χριστοῦ.
1004 1235 1146 1304 Παρ’
1175 1228 1223 1301 ᾧ
1255 1239 1308 1291 οἱ
1351 1240 1641 1305 θησαιιροὶ

11 1319 134 1386 τῆς
163 1325 424 1390 σοφίας
461 1328 557 1378 καὶ
593 1326 704 1394 τῆς
740 1326 1018 1395 γνώσεως
1045 1329 1382 1397 ἀπόκρυφοι
1401 1345 1414 1359 ⁸
1464 1330 1566 1383 Ἐν
1595 1324 1645 1396 ᾧ

11 1410 320 1464 κατοικεῖ
362 1412 495 1466 πᾶν
529 1413 596 1466 τὸ
635 1413 926 1483 πλήρωμα
970 1415 1078 1482 τῆς
1127 1418 1407 1483 θεότητος
1447 1432 1644 1485 σωμα-

11 1498 254 1565 τικῶς·
322 1502 646 1575 αίσθηθήσῃ
700 1504 809 1574 γὰρ
849 1505 985 1575 πρὸς
1044 1504 1221 1576 Ἰησοῦ
1248 1523 1262 1536 ·
1300 1508 1382 1559 ὅτι
1425 1507 1644 1577 πνεῦμα

11 1592 189 1658 ἂγιον
215 1592 484 1662 ὲφήλατο
515 1597 580 1665 τῇ
630 1598 695 1666 σῇ
727 1596 905 1667 ψυχῇ,
932 1598 1065 1668 παρ’
1090 1591 1153 1652 οὗ
1188 1597 1310 1662 νοῦς
1338 1599 1643 1669 ἀνθρώπων

1742 883 1852 936 tuo,
1879 885 1933 928 et
1960 891 2057 944 per
2077 885 2361 947 angustam
2401 880 2641 948 quidem,
2676 884 2770 937 sed
2803 886 2997 941 animae
3019 887 3313 956 jucundam

1741 974 1904 1033 atque
1933 965 2304 1021 delectabilem
2332 969 2494 1035 viam,
2530 971 2614 1025 bis
2644 972 2891 1042 quotidie
2914 976 3079 1029 armis
3107 976 3315 1031 instru-

1742 1066 1881 1117 ctus.
1915 1066 2063 1111 caste
2088 1046 2331 1123 incedas,
2364 1061 2433 1115 ad
2461 1071 2677 1116 sanctas
2715 1073 3027 1119 sanctorum
3065 1056 3321 1122 contemo

1743 1146 2008 1215 plationes
2038 1149 2327 1217 pervenies
2356 1168 2370 1204 :
2407 1160 2460 1205 et
2487 1152 2753 1220 profunda
2789 1156 3043 1227 mysteria
3072 1157 3170 1213 tibi
3205 1172 3320 1211 ma-

1744 1239 2151 1295 nifestabuntur
2176 1257 2207 1296 a
2238 1242 2475 1298 Christo.
2507 1245 2570 1298 In
2599 1262 2700 1314 quo
2725 1256 2847 1301 sunt
2879 1264 3055 1303 omnes
3086 1251 3319 1304 thesauri

1743 1334 2016 1401 sapientia:
2043 1346 2092 1387 et
2120 1336 2359 1389 scientia!
2386 1337 2678 1391 absconditi
2707 1339 2752 1371 "
2781 1355 2793 1391 :
2833 1340 2897 1393 In
2924 1356 3026 1410 quo
3054 1341 3319 1395 inhabitat

1746 1426 1915 1479 omm's
1959 1425 2229 1494 plenitudo
2270 1427 2563 1482 divinitatis
2601 1430 2949 1499 corporaliter
2990 1430 3056 1483 “.
3105 1429 3321 1487 Senties

1745 1516 1890 1570 enim
1926 1517 1994 1571 ab
2020 1516 2150 1571 Jesu
2171 1518 2390 1573 Christo
2418 1519 2626 1573 insilire
2656 1519 2709 1573 in
2744 1520 2979 1574 animam
3024 1530 3172 1575 tuam
3199 1521 3321 1591 Spi-

1747 1608 1911 1661 ritum
1941 1616 2216 1674 sanctum,
2266 1624 2366 1678 per
2397 1625 2558 1680 quem
2603 1611 2906 1666 illustratur
2949 1627 3107 1669 mens
3145 1612 3322 1667 homi—

11 1682 42 1733 δ
52 1682 403 1753 αδουχεῖται
426 1687 558 1756 ὁρᾷν
572 1687 883 1741 ἀνακεκαλυ
893 1688 1084 1758 μμένφ
1097 1688 1397 1758 προσώπῳ.
1409 1689 1643 1756 οὐδεὶς,

1819 1714 1903 1764 Im,
1935 1707 1992 1753 ut
2018 1699 2254 1754 revelata
2285 1699 2422 1753 facie
2450 1700 2618 1769 possit
2646 1701 2868 1756 intueri.
2900 1699 3087 1764 Nemo,
3121 1701 3318 1770 inquit,

12 1775 199 1842 φησι,
265 1775 450 1845 λέγει
502 1778 719 1845 Κύριον
765 1779 1030 1846 Ἰησοῦν,
1097 1783 1148 1841 ει
1184 1783 1270 1849 μὴ
1324 1780 1397 1834 ἐν
1453 1779 1645 1838 Hreu-

11 1882 175 1934 ματι
220 1867 425 1936 ἁγίῳ,
482 1869 688 1941 δηλαδὴ
735 1870 968 1940 βεϐαιῶν
1021 1871 1300 1942 μυστικῶς
1342 1873 1404 1925 τὸ
1451 1870 1647 1943 ζητού⁹

17 1974 228 2026 μενον.

96 2068 170 2121 λ’.
203 2070 371 2139 Πλὴν
421 2072 516 2125 καὶ
556 2071 718 2125 τοῦτο
764 2068 858 2126 οὖν
898 2074 1095 2137 ἰστέον,
1127 2076 1256 2137 τοὺς
1302 2076 1644 2145 φιλομαθεῖς,

19 2162 236 2231 ὅτιπερ
282 2164 338 2214 οί
406 2162 661 2231 φθονεροὶ
707 2164 965 2232 δαίμονές
999 2182 1059 2217 τε
1092 2165 1354 2229 πολλάκις
1382 2168 1477 2220 καὶ
1507 2165 1646 2235 κρύ-

25 2271 243 2307 πτουσι
278 2254 393 2307 καὶ
428 2255 813 2308 συστέλλουσιν
856 2256 915 2320 ἐξ
958 2255 1116 2327 ἡμῶν
1150 2256 1240 2309 τὸν
1258 2257 1450 2327 νοητὸν
1487 2257 1647 2309 πόλε-

30 2364 165 2415 μον,
196 2346 608 2415 βασκαίνοντες
635 2348 769 2416 ἡμῖν
789 2348 838 2400 οί
875 2348 1041 2401 δεινοὶ
1067 2348 1168 2417 τῆς
1198 2348 1262 2400 ὲκ
1286 2346 1379 2400 τοῦ
1406 2348 1647 2417 πολέμου

27 2434 333 2501 ὠφελείας
371 2453 436 2487 τε
483 2435 580 2489 καὶ
624 2435 904 2503 γνώσεως,
940 2436 1035 2489 καὶ
1087 2437 1227 2504 πρὸς
1268 2436 1403 2490 Θεὸν
1441 2438 1648 2491 ἀναδά-

13 2545 209 2590 ησεως,
263 2529 368 2581 καὶ
418 2528 485 2578 ἵν’
535 2528 1033 2598 ἁμεριμνησάντων
1075 2528 1232 2598 ἡμῶν
1273 2529 1531 2601 ἐξαίφνης
1559 2533 1651 2584 τὸν

36 2620 174 2673 νοῦν
227 2617 403 2682 αὖθις
470 2620 783 2688 ἁρπάσωσι,
844 2622 939 2673 καὶ
1000 2621 1327 2690 ἀπροσεχείς
1382 2639 1535 2685 τινας
1581 2626 1649 2694 τῇ

36 2710 280 2780 διανοίᾳ
338 2708 508 2762 πάλιν
556 2708 984 2779 ἀπεργὰσωνται
1032 2711 1259 2780 (σκοπὸς
1314 2713 1423 2780 γὰρ
1467 2713 1652 2775 αὐτοῖς

43 2804 306 2872 ἄληκτος
346 2800 443 2854 καί¹
475 2799 626 2868 ἀγὼν
671 2801 1022 2870 φροντίζεται
1055 2802 1178 2872 μηδ’
1209 2802 1345 2867 ὅλως
1380 2806 1477 2874 ὲᾷν
1504 2805 1653 2874 ἡμᾶς

1746 1791 1893 1857 dicit,
1922 1789 2178 1844 Dominus
2198 1790 2370 1855 leam,
2396 1792 2498 1844 nisi
2539 1792 2596 1844 in
2631 1790 2832 1860 Spiritu
2877 1801 3058 1845 sancto
3091 1792 3157 1857 ⁸⁷,
3188 1808 3322 1847 eon-

1720 1881 1998 1976 \tirmante
2020 1882 2227 1936 scilicet
2246 1882 2471 1954 mystice
2500 1897 2623 1936 eum
2651 1883 2743 1952 qui
2768 1883 2984 1953 quaerit.

1818 2081 1907 2138 30.
1940 2081 2085 2135 istud
2126 2096 2288 2151 porro
2332 2080 2473 2136 scire
2505 2081 2725 2145 debent,
2772 2081 2864 2150 qui
2906 2080 3147 2136 discendi
3180 2080 3325 2136 desi-

1748 2172 1901 2226 derio
1940 2179 2216 2236 tenentur,
2251 2186 2630 2241 saepenumero
2671 2171 2947 2226 daemones
2978 2171 3195 2224 invidus
3231 2186 3327 2225 ce-

1749 2264 1863 2319 lare
1896 2279 2013 2327 nos,
2061 2272 2117 2317 et
2163 2263 2486 2317 subtrahere
2524 2278 2554 2317 a
2595 2262 2755 2317 nobis
2798 2261 3040 2331 spiritale
3070 2261 3269 2315 bellum
3309 2276 3323 2314 :

1750 2355 1878 2409 dum
1918 2354 2098 2408 infesti
2157 2354 2234 2408 illi
2289 2353 2450 2408 nobis
2491 2353 2736 2409 invident
2783 2359 3102 2407 nascentem
3144 2366 3212 2405 ex
3259 2366 3329 2405 eo

1750 2445 1893 2499 bello
1961 2444 2232 2508 fructum,
2295 2444 2661 2515 cognitionem
2721 2451 2776 2497 et
2828 2442 3200 2498 ascensionem
3259 2443 3329 2496 ad

1751 2537 1921 2589 Deum
1955 2554 1968 2589 :
1997 2547 2058 2590 ut
2090 2536 2489 2605 negligentibus
2514 2534 2692 2595 nobis,
2733 2548 2856 2588 mox
2897 2540 3122 2602 repente
3172 2547 3330 2586 men-

1752 2636 1860 2681 tem
1894 2626 2146 2695 eripiant,
2174 2634 2230 2680 et
2265 2626 2460 2696 ignavo
2486 2624 2668 2677 animo
2699 2622 2961 2693 quosdam
2998 2623 3180 2677 denuo
3210 2620 3328 2676 etii-

1753 2717 1900 2773 ciant
1927 2718 2207 2792 (perpetua
2233 2717 2378 2770 enim
2411 2717 2627 2770 illorum
2657 2714 2887 2769 intentio
2910 2721 2966 2767 et
2995 2713 3146 2767 labor
3176 2713 3229 2766 in
3264 2729 3330 2768 eo

1754 2808 2023 2873 consistit,
2050 2815 2111 2861 ut
2139 2822 2250 2861 non
2281 2805 2462 2860 sinant
2491 2819 2592 2859 nos
2623 2820 2717 2858 cor
2746 2811 2993 2857 nostrum
3019 2803 3331 2871 observare)

47 2893 157 2963 τὴν
189 2891 433 2963 καρδίαν
461 2892 618 2962 ἡμῶν
643 2893 928 2963 προσεχῶς
943 2892 1143 2964 ἄγειν),
1170 2895 1371 2957 είδότες
1402 2895 1495 2948 τὸν
1527 2913 1656 2949 συν-

1819 2915 1863 2952 πι
1890 2899 2059 2969 ignari
2084 2908 2301 2966 quanta:
2325 2896 2651 2966 proveniant
2683 2910 2816 2964 opes
2843 2895 3059 2957 animae,
3093 2908 3160 2947 ex
3192 2908 3341 2963 quo-7

48 2985 349 3054 αγόμενον
408 2982 639 3038 πλοῦτον
693 2987 759 3055 τῇ
817 2984 987 3055 ψυχῇ,
1030 2987 1096 3039 ὲκ
1141 2985 1242 3055 τῆς
1278 2987 1399 3040 καθ’
1437 2988 1655 3058 ἡμέραν

1819 2990 1963 3043 liana
1988 2987 2385 3042 observatione.
2427 2985 2533 3041 Nos
2576 2998 2708 3039 vero
2747 2993 2877 3038 tunc
2920 2996 3191 3036 memores
3226 2981 3332 3034 Dn-

51 3049 376 3146 προσοχῆς.
427 3074 567 3128 Ἀλλ’
614 3049 774 3145 ἠμείς
1103 3049 1241 3145 μετ-ὰ
1277 3077 1379 3146 τῆς
1434 3049 1655 3147 μνήμης

1819 3084 1891 3137 ini
1955 3086 2128 3139 nostri
2181 3082 2312 3137 Jesu
2373 3080 2597 3145 Christi,
2654 3079 2914 3151 erigimur
2956 3078 3025 3132 ad
3062 3076 3333 3147 spiritales

51 3165 155 3218 τοῦ
205 3166 421 3234 Κυρίου
475 3165 634 3236 ἡμῶν
677 3165 852 3237 Ἰησοῦ
876 3167 1114 3236 Χριστοῦ
1163 3167 1522 3237 ὲκτεινόμεθα
1572 3169 1652 3231 είς

58 3258 458 3329 πνευματικὰς
490 3258 745 3329 θεωρίας,
789 3259 886 3311 καὶ
930 3261 959 3311 6
992 3258 1228 3327 πόλεμος
1260 3259 1424 3311 πάλιν
1454 3260 1534 3320 εἰς
1563 3259 1655 3312 τὸν

57 3346 192 3401 νοῦν
245 3346 634 3415 ἐπανέρχεται.
679 3346 838 3415 μόνον
893 3346 1033 3415 μετὰ
1087 3345 1306 3415 βουλῆς,
1351 3346 1440 3399 ἴνα
1481 3344 1652 3409 οὕτως

61 3439 235 3501 εἴπω,
289 3432 458 3488 αὐτοῦ
502 3433 595 3487 τοῦ
651 3433 883 3504 Κυρίου,
939 3434 1035 3487 καὶ
1090 3435 1228 3488 μετὰ
1274 3433 1656 3498 ταπεινώσεως

12 3572 13 3575 η
63 3528 285 3598 πολλῆς
312 3525 489 3579 πάντα
519 3524 784 3597 ποιῶμεν.
1604 3521 1612 3529 ’

141 3642 254 3695 λα’.
282 3642 374 3692 Δεῖ
401 3639 511 3708 γὰρ
531 3640 679 3709 ἡμᾶς
727 3640 786 3691 ὲν
810 3638 974 3709 κοινῷ
1005 3639 1104 3711 βίῳ
1132 3639 1509 3712 διατρίϐοντας
1539 3642 1661 3713 μεθ’

12 3760 13 3763 η
69 3733 335 3788 ἑκουσίου
379 3730 793 3802 προαιρέσεως,
847 3731 943 3783 καὶ
992 3731 1258 3803 προθύμῳ
1301 3733 1504 3803 καρδίᾳ
1552 3735 1661 3786 πᾶν

12 3850 15 3857 ν
72 3828 302 3895 θέλημα
360 3823 518 3893 ἡμῶν
563 3823 873 3888 ἐκκόπτειν,
913 3823 992 3891 τῷ
1032 3824 1340 3894 προεστῶτι
1385 3823 1480 3878 τοῦ
1525 3823 1661 3877 Θεοῦ

12 3922 15 3951 έ
76 3916 479 3988 συγγινομένου
503 3933 516 3946 ·
574 3916 785 3969 εὐώνιοι
812 3916 911 3968 καὶ
956 3916 1110 3968 αὐτοὶ
1141 3918 1302 3987 ἡμεῖς
1344 3932 1461 3978 πως
1502 3915 1665 3983 γινώ-

80 4012 229 4080 μεθα
260 4009 356 4062 καὶ
385 4008 635 4077 ὰθέλητοι
655 4022 669 4035 ⁸
719 4001 820 4060 ὧδε
854 4007 1051 4077 τέχνην
1081 4006 1292 4069 τούτοις
1334 4005 1478 4075 ἔχειν
1503 4023 1665 4076 προσ-

75 4107 232 4175 ήκει,
269 4101 356 4154 ἵνα
400 4101 474 4172 μὴ
504 4099 582 4171 τῷ
615 4100 756 4171 χόλῳ
783 4096 1227 4170 ταρασσὼμεθα,
1264 4099 1361 4150 καὶ
1408 4096 1469 4149 τὸ
1507 4096 1666 4167 θυμι-

12 4222 13 4229 η
78 4198 179 4251 κδν
214 4194 378 4264 ἡμῶν
405 4192 732 4264 παραλόγως
775 4192 871 4244 καὶ⁹
907 4189 1062 4262 παρὰ
1089 4188 1250 4258 φύσιν
1279 4187 1541 4258 κινῶμεν,
1571 4189 1667 4240 καὶ

12 4316 13 4319 η
82 4286 534 4360 ἀπαρρησίαστοι
583 4281 833 4337 τολοιπδν
871 4283 950 4344 εἰς
987 4280 1080 4334 τὸν
1141 4279 1374 4350 ἀόρατον
1431 4277 1666 4346 πόλεμον

1761 3174 2266 3245 contemplationes,
2306 3174 2596 3243 denuoque
2628 3173 2828 3228 bellum
2863 3170 3096 3241 insurgit
3128 3170 3182 3223 in
3209 3170 3329 3223 ani-

1760 3283 1952 3322 mum:
1988 3266 2150 3321 modo
2195 3280 2317 3321 cum
2362 3264 2613 3329 consilio,
2661 3274 2719 3318 ut
2767 3264 2841 3317 ita
2876 3261 3074 3326 dicam,
3118 3249 3332 3314 Domini

1764 3359 1979 3427 ipsius,
2048 3367 2101 3413 et
2171 3356 2479 3413 humilitate
2549 3370 2661 3411 non
2739 3353 2953 3408 modica
3017 3366 3339 3424 peragamus

1760 3463 1963 3503 omnia.

1834 3649 1924 3704 ⁸51.
1955 3644 2065 3703 Nos
2099 3647 2191 3717 qui
2218 3645 2466 3718 degimus
2492 3645 2548 3699 in
2574 3643 2847 3710 cmnohio,
2877 3639 3177 3713 spontaneo
3212 3658 3340 3713 pro-

1764 3736 1942 3807 posito
1970 3744 2024 3790 et
2056 3735 2221 3790 alacri
2275 3733 2460 3789 animo
2503 3732 2767 3789 debemus
2806 3738 3089 3801 amputare
3123 3745 3340 3785 omnem

1765 3828 2102 3882 voluntatem
2130 3834 2397 3890 nostram,
2429 3839 2552 3880 cum
2581 3823 2725 3879 Deus
2751 3822 2890 3877 adsit
2932 3821 3176 3892 praelato.
3228 3819 3342 3875 Ab-

1763 3920 1893 3990 jecti
1923 3920 2085 3974 etiam
2109 3934 2210 3973 nos
2232 3918 2337 3988 ipsi
2369 3916 2603 3987 quodam
2631 3915 2794 3971 modo
2818 3913 3135 3976 elliciamur,
3168 3921 3222 3967 et
3246 3928 3346 3967 vo-

1768 4010 1976 4064 luntate
2010 4016 2284 4063 carentes.
2318 4007 2384 4061 Et
2434 4007 2575 4061 hanc
2619 4015 2788 4060 artem
2837 4003 3036 4059 callere
3087 4002 3346 4056 convenit

1770 4101 1896 4165 illis,
1930 4115 1999 4154 ne
2022 4099 2114 4154 bili
2143 4098 2547 4169 perturbemur,
2589 4106 2646 4151 et
2680 4103 2921 4150 nostram
2966 4092 3229 4148 irascendi
3269 4093 3345 4146 fa-

1773 4192 2028 4247 cultatem
2053 4198 2249 4261 praeter
2279 4199 2531 4245 naturam
2560 4197 2619 4243 et
2643 4187 2907 4242 rationem
2931 4199 3267 4245 moveamus.
3292 4191 3349 4237 et
3432 4262 3449 4267 ι

1772 4283 1840 4337 ad
1887 4282 2336 4336 committendum
2391 4280 2634 4350 spiritale
2679 4278 2882 4334 bellum
2935 4277 2987 4330 in
3038 4283 3343 4348 posterum,

83 4375 494 4447 κὺρισκώμεθα.
534 4374 707 4427 Είωθε
753 4371 863 4442 γὰρ
899 4370 961 4453 τὸ
1009 4368 1223 4439 θέλημα
1252 4367 1411 4439 ἡμῶν
1462 4366 1536 4437 μὴ
1572 4384 1659 4420 κο·

1819 4370 2113 4439 :periamur
2165 4368 2360 4422 timidi.
2404 4366 2669 4421 Voluntas
2710 4364 2855 4421 enim
2896 4374 3081 4421 nostra
3121 4378 3151 4420 ιι
3189 4360 3347 4416 nobis

87 4471 363 4538 πτόμενον
437 4468 569 4534 παρ’
629 4463 789 4535 ἡμῶν
850 4460 1295 4524 αὑτοεκουσίως,
1349 4456 1669 4530 ὀργίζεσθαι

88 4560 229 4629 πρὸς
278 4560 405 4621 τοὺς
471 4556 743 4619 ἀκουσίως
791 4553 949 4625 ἡμῶν
993 4552 1215 4605 κόπτειν
1281 4550 1413 4603 αὐτὸ
1461 4550 1670 4617 ἐπιχει-

93 4646 344 4717 ροῦντας.
372 4644 485 4697 Καὶ
514 4646 579 4695 ὲκ
601 4643 787 4696 τούτου
819 4642 913 4695 οὖν
936 4642 964 4693 6
992 4639 1165 4710 θυμὸς
1197 4638 1383 4701 κακῶς
1415 4635 1667 4690 ὑλακτῶν

90 4737 359 4807 κινηθεὶς,
395 4734 658 4788 ἀπόλλυσι
691 4733 789 4804 τὴν
821 4731 1023 4800 γνῶσιν
1047 4733 1147 4800 τῆς
1180 4731 1378 4798 πάλης,
1415 4730 1482 4798 ἣν
1507 4726 1668 4799 μόγις

95 4826 235 4898 μετὰ
259 4825 505 4895 καμάτου
537 4823 734 4877 πολλοῦ
762 4819 1065 4890 κτήσασθαι
1087 4819 1346 4890 ἠδυνήθη.
1368 4816 1665 4888 Φθαρτικδς

92 4922 202 4989 γὰρ
231 4919 259 4972 6
298 4916 470 4987 θυμὸς
516 4911 654 4968 εἶναι
691 4915 957 4983 πέφυκεν.
991 4913 1053 4965 Ei
1100 4913 1198 4982 μὲν
1222 4906 1314 4965 οὖν
1345 4909 1482 4981 πρὸς
1518 4910 1667 4976 λογι-

100 5010 270 5079 σμοὺς
312 5006 564 5077 κινηθείη
593 5004 991 5075 δαιμονιώδεις,
1017 5003 1231 5074 φθείρει
1280 5005 1373 5055 καὶ
1411 5000 1667 5054 ἀπολλύει

100 5095 319 5159 αὐτούς.
351 5098 415 5150 Et
438 5097 482 5150 δ’
519 5091 585 5150 αὗ
618 5096 782 5149 πάλιν
809 5094 952 5149 κατὰ
980 5094 1077 5147 ἀνθ
1089 5093 1308 5164 ρώπων.
1335 5092 1551 5161 φθείρει
1580 5092 1675 5144 καὶ

106 5188 274 5250 οὓτως
300 5188 424 5248 τοὺς
458 5187 835 5258 ἀνθρωπίνους
860 5185 1157 5256 λογισμοὺς
1186 5186 1245 5237 ὲν
1291 5185 1443 5253 ἡμῖν.
1476 5182 1622 5254 Πλὴν
1648 5185 1677 5234 6

108 5281 172 5332 ϐυ
180 5279 273 5349 μὸς
281 5278 393 5350 ὁρῶ
407 5279 486 5331 ὅτι
500 5278 797 5348 φθαρτικὸς
816 5277 1074 5347 τυγχάνει
1092 5274 1371 5344 λογισμῶν
1383 5274 1675 5335 παντοίων,

111 5372 215 5426 εἴτε
232 5370 502 5442 πονηρῶν,
536 5373 646 5443 εἴτε
683 5370 824 5443 τύχῃ
842 5370 936 5422 καὶ
951 5366 1372 5434 δεξιῶν.Ὅπλον
1395 5365 1503 5434 γὰρ
1526 5364 1675 5434 παρὰ

112 5464 243 5518 Θεοῦ
268 5440 547 5529 καί-τόξον
572 5440 714 5515 κατὰ
744 5440 1017 5530 δαιμόνων
1046 5461 1175 5530 ἡμῖν
1207 5456 1595 5528 παρασχεθεὶς,
1626 5457 1672 5507 εί

186 5638 227 5675 ³⁸
256 5637 461 5695 Coloss.
497 5652 557 5702 ιι,
592 5636 644 5689 '5.
722 5634 767 5666 ⁸⁸
789 5633 918 5688 ibid.
949 5635 1000 5689 9.
1079 5633 1122 5665 ⁸⁷
1156 5634 1177 5686 Ι
1210 5631 1331 5685 Cor.
1356 5644 1453 5694 xu,
1478 5629 1531 5683 5.

1776 4464 1918 4515 ultro
1952 4477 2060 4516 non
2092 4461 2349 4524 abscissa,
2387 4459 2781 4516 excandescere
2824 4458 2981 4511 solet.
3003 4457 3057 4509 in
3104 4470 3218 4517 eos,
3256 4453 3348 4522 qui

1775 4554 1823 4605 vi
1861 4553 2004 4605 illam
2038 4568 2066 4605 a
2094 4551 2250 4605 nobis
2284 4558 2566 4619 amputare
2607 4547 2879 4601 nituntur.
2920 4543 3076 4600 Unde
3107 4543 3184 4596 ira
3219 4556 3346 4611 per-

1775 4654 1916 4695 mota
1949 4641 2088 4694 male
2137 4639 2433 4702 oblatrans,
2476 4637 2665 4692 adimit
2706 4633 2833 4689 belli
2879 4631 3153 4693 notitiam,
3184 4643 3350 4698 quam

1774 4731 1859 4786 iix
1892 4732 2063 4786 multo
2093 4746 2216 4784 cum
2247 4731 2432 4785 labore
2459 4728 2718 4797 consequi
2749 4725 2946 4796 potuit.
2974 4723 3061 4778 Ira
3081 4722 3350 4791 siquidem

1775 4829 1967 4874 natura
2019 4819 2325 4873 facultatem
2380 4817 2547 4873 habet
2596 4813 2992 4868 interimendi:
3048 4811 3103 4866 in
3146 4811 3354 4881 cogita-

1778 4915 1953 4965 tiones
1977 4909 2193 4980 quidem
2218 4906 2515 4961 diabolicas
2541 4915 2740 4967 emota,
2770 4903 2985 4973 perimit
3011 4911 3065 4957 et
3104 4901 3356 4957 dissolvit

1778 5017 1872 5057 eas
1903 5019 1916 5054 :
1943 5002 2030 5055 sin
2056 5007 2247 5054 contra
2299 4998 2572 5063 homines,
2626 4995 2816 5050 itidem
2858 4994 3214 5065 cogitationes
3248 4992 3355 5046 hu-

1783 5109 1981 5148 manas
2011 5092 2063 5145 in
2100 5076 2260 5145 nobis
2287 5088 2451 5144 delet.
2487 5088 2699 5158 Itaque,
2742 5096 2801 5141 ut
2851 5086 3031 5151 video,
3076 5085 3155 5141 ira
3201 5096 3359 5154 quas-

1784 5200 1999 5255 cunque
2026 5183 2324 5254 corrumpit
2362 5179 2737 5255 cogitationes,
2794 5193 2893 5234 seu
2933 5177 3204 5239 sinistras,
3234 5190 3355 5239 seu,
3432 5208 3441 5221 .

1785 5277 1827 5329 si
1858 5276 1935 5330 ita
1970 5277 2270 5346 contingat,
2304 5274 2572 5328 dexteras.
2610 5273 2773 5326 Arma
2806 5270 2948 5327 enim
2984 5277 3039 5323 et
3068 5269 3173 5324 tela
3198 5269 3356 5322 nobis

1782 5368 2045 5421 adversus
2074 5366 2348 5421 daemones
2377 5379 2410 5418 a
2452 5366 2559 5419 Deo
2587 5364 2805 5427 donata,
2841 5360 2946 5416 nisi
2966 5368 3269 5429 teneantur
3300 5359 3353 5412 in

1784 5458 2050 5527 utrisque,
2082 5457 2210 5514 licet
2236 5458 2445 5512 varium
2476 5456 2712 5511 habeant
2747 5452 3023 5517 ell‘ectum,
3054 5450 3361 5521 perniciosa
