3764 6304
15 289 125 351 ὶ93

22 423 121 457 σ;ι
187 405 597 472 ἀγαθωσύνην
647 405 926 474 μεγάλην,
987 406 1081 457 καὶ
1124 406 1458 478 ἁμαρτάνων
1496 406 1618 469 νοῦς
1649 413 1692 467 Α

15 493 250 555 ζόλλυσι
308 494 390 546 τὰ
425 496 486 547 ὲν
517 492 594 563 τῷ
640 493 1124 564 προγεγραμμένῳ
1154 496 1443 567 κεφαλαίῳ
1484 496 1620 550 ποτὰ

15 585 64 636 Li.
107 583 332 654 βρωτᾶ
371 583 721 653 ἀμϐροσίας.

36 672 157 739 λζ’.
190 675 328 728 Οὐκ
359 676 541 746 ὲσμὲν
560 675 797 746 Σαμψὼν
825 675 1213 746 δυνατώτεροι,
1248 676 1306 729 οὐ
1337 676 1622 746 Σολομῶν.

15 783 63 826 ις
98 764 483 836 σοφώτεροι,
534 766 593 818 οὐ
642 764 805 818 Δαϐὶδ
832 764 925 819 τοῦ
969 764 1117 817 θείου
1159 763 1620 834 γνωστικώτεροι,

15 874 28 904 ›
84 854 339 925 Πέτρου
404 855 508 908 τοῦ
562 855 864 925 κορυφαίου
920 855 1120 924 μᾶλλον
1162 854 1299 908 Θεὸν
1360 854 1623 922 ἀγαπῶν-

15 962 105 1008 εςο
165 919 257 1017 μή
310 950 547 1011 ἑαυτοῖς
585 919 767 1001 τοίνυν
822 919 1192 1019 θαρρήσωμεν
1221 963 1233 976 -
1273 919 1420 1017 φησὶ-
1452 946 1561 1017 γὰρ
1589 948 1622 1015 ἡ

17 1040 217 1108 ραφή·
241 1041 312 1092 Ὀ
346 1043 439 1103 εἰς
481 1040 644 1093 αὑτὸν
681 1039 922 1112 θαρρῶν,
965 1043 1216 1094 πεσεῖται
1246 1039 1447 1108 πτῶμα
1478 1039 1627 1104 ἐξαί-

16 1147 137 1185 ιον.

52 1222 180 1293 λη’.
237 1224 547 1295 Μάθωμεν
607 1225 717 1279 ἀπὸ
776 1224 1017 1296 Χριστοῦ
1081 1224 1626 1297 ταπεινοφροσύνην,

22 1314 89 1368 αἰ
131 1317 208 1368 ὲκ
251 1317 446 1369 Δαϐὶδ
487 1317 842 1379 ταπείνωσιν,
880 1315 975 1369 καὶ
1024 1318 1087 1368 ὲκ
1118 1316 1326 1386 Πέτρου
1370 1305 1630 1385 δακρύειν

16 1406 90 1456 πὶ
123 1407 258 1469 τοῖς
292 1407 727 1476 συμϐαίνουσιν,
749 1406 883 1460 ἀλλὰ
917 1407 992 1476 μὴ
1024 1405 1452 1473 ἀπογινώσκειν,
1493 1406 1632 1460 κατὰ

15 1497 72 1549 ἒα
85 1496 300 1567 μψὼν,
339 1499 439 1550 καὶ
466 1498 693 1562 Ἰούδαν,
720 1499 810 1551 καὶ
828 1496 1149 1567 Σολομῶντα
1172 1496 1261 1549 τδᾯ
1292 1496 1412 1549 λίαν
1452 1496 1631 1567 σοφώ-

25 1603 206 1644 οιτον,

64 1677 183 1732 λθ¹.
241 1678 311 1729 ὐ
340 1681 457 1750 γὰρ
495 1677 741 1741 διάϐολος
777 1679 1089 1749 ὼρυόμενος
1113 1682 1189 1742 ὡς
1221 1678 1360 1733 λέων
1388 1694 1632 1749 περιπα-

16 1770 110 1820 ῶν
150 1768 332 1839 ζητεῖ
372 1771 496 1824 τίνα
541 1771 801 1824 καταπίει
846 1772 945 1824 σὺν
982 1774 1103 1835 ταῖς
1145 1771 1312 1825 αὐτοῦ
1341 1771 1624 1839 δυνάμεσι.

15 1862 166 1930 ιιὴτε
200 1857 309 1914 οὖν
349 1864 388 1932 ἡ
435 1850 705 1931 κᾶρδιακὴ
747 1862 814 1914 δι’
846 1863 970 1914 ὅλου
1016 1861 1280 1933 ripae-om,
1320 1861 1416 1914 καὶ
1442 1861 1626 1930 νῆψις,

15 1955 102 2006 to).
160 1954 540 2024 ἀντίρρησις,
581 1955 675 2008 καὶ
724 1956 858 2026 εὐχὴ
906 1957 1044 2028 πρὸς
1096 1954 1331 2025 Χριστὸν
1395 1951 1628 2022 Ἰησοῦν,

15 2046 96 2098 εδν
117 2045 271 2098 Θεὸν
315 2044 506 2115 ἡμῶν,
532 2046 771 2117 ἀργείτω
802 2046 954 2113 ποτὲ,
984 2045 1162 2119 πάρεξ
1207 2043 1383 2115 Ἰησοῦ
1409 2061 1423 2074 ·
1454 2045 1631 2113 κρεῖτ-

15 2153 99 2187 ;ον
138 2136 261 2205 γὰρ
304 2134 574 2206 βοήθημα
602 2136 701 2206 οὐχ
743 2137 995 2208 εὑρήσεις
1027 2139 1084 2199 ὲν
1118 2136 1215 2206 ὃλῃ
1244 2137 1311 2204 τῇ
1345 2137 1458 2204 ζωῇ
1502 2151 1629 2186 σουο

15 2226 182 2289 ιύτὸς
256 2228 383 2296 γὰρ
458 2227 621 2295 μόνος
680 2229 708 2281 ὁ
765 2228 971 2299 Κύριος
1042 2228 1304 2295 γινώσκει
1364 2225 1438 2288 ὡς
1501 2224 1633 2288 Θεὸς

15 2321 112 2383 τὰς
174 2319 298 2371 τῶν
334 2318 614 2389 δαιμόνων
649 2321 1011 2390 πανουργίας,
1053 2319 1146 2374 καὶ
1180 2318 1490 2391 μεθοδείας,
1539 2317 1634 2370 καὶ

15 2414 177 2467 δόλου
192 2433 238 2474 ς.

94 2514 174 2579 μ’.
225 2511 301 2564 ’Π
351 2508 504 2581 ψυχὴ
548 2505 729 2560 τοίνυν
780 2504 1055 2576 θαρρείτω
1098 2506 1178 2568 εἰς
1232 2500 1496 2576 Χριστὸν,
1541 2504 1636 2557 καὶ

15 2601 447 2668 παρακαλείτω
470 2597 656 2661 αὐτὸν,
681 2596 774 2649 καὶ
801 2596 937 2666 μηδ’
958 2596 1095 2658 ὅλως
1125 2594 1397 2649 δειλιάτω.
1428 2594 1501 2648 Οὐ
1527 2596 1635 2665 γὰρ

22 2690 174 2758 μόνη
216 2690 485 2758 πολεμεῖ,
535 2685 671 2740 ἀλλὰ
707 2685 844 2755 μετὰ
885 2684 1118 2755 φοϐεροῦ
1154 2684 1418 2755 βασιλέως
1460 2682 1636 2754 Ἰησοῦ

21 2782 67 2833 Χ
81 2780 310 2848 ριστοῦ,
326 2780 548 2834 κτίστου
569 2777 785 2831 πάντων
805 2777 913 2829 τῶν
931 2775 1442 2846 δ-ιτων,ἀσωμάτιυν
1466 2792 1524 2829 τε
1545 2774 1639 2828 καὶ

27 2876 412 2947 ὲνσωμάτων,
453 2875 621 2944 ἤγουν
650 2871 859 2943 ὁρατῶν
891 2868 987 2924 καὶ
1014 2868 1284 2941 ἀοράτων.

1668 1742 1709 1797 Β

113 3056 234 3126 μα’·
277 3055 368 3118 Ὠς
406 3053 513 3125 γὰρ
548 3055 576 3107 ὁ
611 3052 764 3118 ὑετὸς
795 3053 906 3121 ὅσῳ
933 3051 1119 3103 πλεῖον
1160 3048 1253 3101 ἐπὶ
1284 3047 1384 3149 τῆέ
1417 3046 1519 3116 γῆς
1550 3062 1644 3149 καῖ
1672 3092 1716 3149 c

16 3146 384 3217 ταφέρεται,
398 3144 653 3198 τοσοῦτον
665 3144 755 3197 καὶ
771 3142 870 3213 τὴν
892 3143 995 3212 γῆν
1010 3139 1292 3194 ἀπαλύνει·
1314 3138 1457 3191 οὕτω
1478 3137 1647 3191 καὶτὸ

16 3236 210 3305 ῖὸιγιον
252 3237 430 3307 ὄνομα
491 3239 583 3290 τοῦ
624 3234 864 3307 Χριστοῦ
898 3232 1028 3304 παρ’
1071 3231 1231 3303 ἡμῶν
1277 3228 1646 3297 ἐπιϐοώμενον

16 3322 228 3398 ’χωρὶς
264 3327 580 3395 λογισμῶν,
627 3327 751 3378 ὅσον
796 3324 1128 3391 πυκνότερον
1172 3321 1304 3374 αὐτὸ
1346 3317 1643 3371 ἐπικαλού-

50 3416 226 3486 μεθα,
250 3414 522 3468 ἁπαλύνει
545 3413 641 3482 τὴν
660 3413 760 3482 γῆν
785 3410 882 3481 τῆς
904 3408 1133 3480 καρδίας
1158 3408 1335 3478 ἡμῶν,
1360 3408 1453 3460 καὶ
1477 3424 1643 3478 χαρο-

16 3538 17 3543 η
45 3509 227 3571 ποιεῖ,
269 3506 368 3558 καὶ
391 3504 698 3575 εὐφραίνει.

133 3600 251 3669 μβ’.
284 3596 468 3650 Καλὸν
493 3595 550 3647 δὲ
578 3594 673 3647 καὶ
701 3591 859 3647 τοῦτο
883 3594 1009 3656 τοὺς
1041 3592 1302 3662 ἀπείρους
1326 3590 1542 3656 είδέναι,
1565 3591 1648 3644 ὃτι

16 3688 274 3758 ιὲχθροίς
298 3688 492 3757 ἔχομεν
549 3684 875 3755 ἀσωμάτους
903 3684 998 3737 καὶ
1038 3682 1306 3752 ἁοράτους
1348 3682 1442 3735 καὶ
1488 3698 1649 3735 κακο-

58 3781 270 3840 θελεϊς,
300 3777 394 3830 καὶ
421 3775 718 3846 φρονίμους
745 3777 827 3837 είς
851 3775 914 3827 τὸ
943 3774 1217 3839 κακῶσαι,
1248 3774 1344 3826 καὶ
1372 3774 1649 3843 ὲντρεχεῖς

59 3872 162 3924 καὶ
198 3867 443 3938 κούφους
494 3846 1033 3937 ἐμπειροπολέμους,
1078 3863 1223 3917 ἔτεσι
1264 3865 1378 3927 τοῖς
1419 3863 1527 3917 ἀπὸ
1553 3862 1648 3914 τοῦ

74 3961 258 4029 Ἀδὰμ
286 3959 378 4011 καὶ
415 3957 577 4029 μέχρι
613 3958 844 4020 καὶτοῖς
874 3954 1055 4025 δεῦρο,
1090 3956 1140 4007 οἱ
1164 3956 1357 4024 παχεῖς
1390 3954 1536 4023 ἡμᾶς
1557 3954 1652 4006 καὶ

68 4055 209 4121 πρὸς
228 4054 334 4120 γῆν
357 4050 753 4122 βρίθοντες,καὶ
772 4048 848 4118 τῷ
869 4048 1083 4117 σώματι
1107 4049 1199 4102 καὶ
1220 4046 1298 4117 τῷ
1318 4049 1649 4119 φρονήματι·

70 4143 254 4199 οὐδενὶ
291 4141 435 4213 ἄλλῳ
463 4143 653 4213 τρόπῳ
683 4141 908 4195 δυνατὸν
932 4140 1132 4200 αὐτοὺς
1174 4142 1418 4208 νικῆσαι,
1455 4138 1571 4190 ἀλλ’
1618 4138 1651 4207 ἢ

16 4274 19 4285 .
68 4236 137 4289 δι’
188 4235 423 4288 ἁεννάυυ
475 4232 594 4295 νοὸς
642 4232 859 4302 νήψεως
922 4230 1017 4283 καὶ
1058 4227 1401 4296 ἐπικλήσεως
1473 4227 1650 4297 Ἰησοῦ

72 4324 317 4398 Χριστοῦ
349 4324 444 4378 τοῦ
487 4323 623 4376 Θεοῦ
664 4324 758 4377 καὶ
790 4321 1022 4391 Ποιητοῦ
1060 4320 1237 4392 ἡμῶν.
1274 4320 1381 4373 Καὶ
1411 4321 1523 4382 τοῖς
1552 4319 1654 4388 μὲν

737 298 829 355 DE
862 297 1405 357 TEMPERANTIA
1451 298 1543 357 ET
1585 299 1941 359 Vlli’l‘Ul’E.
1988 325 2050 333 --
2086 300 2475 361 CENTUREA
2518 301 2568 362 I.

3162 305 3297 370 tam

1724 409 1915 476 perdet
1946 408 2087 462 bona
2120 410 2310 473 multa,
2350 421 2402 465 et
2444 429 2598 465 mens
2641 429 2758 482 quae
2803 424 3014 482 peccat,
3060 430 3215 472 escas
3241 428 3299 471 et

1722 500 1972 567 potiones
2003 500 2312 567 ambrosiae,
2350 502 2401 555 iu
2437 511 2564 556 ante
2597 505 2800 574 scripto
2838 482 3081 576 capitulo
3115 507 3297 563 decla-

1725 599 1887 654 ratas,
1918 593 2113 659 perdit.

1794 680 1882 732 '57.
1925 679 2043 733 Non
2094 694 2283 735 sumus
2337 680 2590 735 fortiores
2613 681 2924 738 Samsone‘:
2980 699 3090 738 non
3143 682 3299 739 Salo-

1725 786 1888 827 mone
1921 772 2283 842 sapientiores
2309 790 2322 826 :
2353 789 2464 827 non
2502 773 2927 843 perspicaciores
2949 776 3002 829 in
3027 791 3085 829 re
3115 776 3300 831 divina
3340 814 3355 824 ε

1726 877 1887 931 quam
1944 862 2159 917 David:
2218 878 2322 916 non
2378 863 2651 933 diligimus
2701 864 2869 917 Deum
2925 866 3303 920 vehementius

1727 963 1886 1022 quam
1932 950 2129 1007 l’etrus
2174 955 2548 1023 apostolorum
2604 954 2879 1025 princeps.
2936 955 3302 1021 Quamobrem

1729 1058 1839 1099 non
1879 1047 2038 1100 nobis
2083 1046 2212 1115 ipsis
2258 1046 2507 1100 fidamus.
2557 1044 2737 1116 inquit
2765 1047 2912 1102 enim
2966 1048 3249 1118 Scriptura
3288 1067 3301 1102 :

1731 1135 1831 1200 Qui
1857 1135 1912 1188 in
1943 1134 2124 1205 seipso
2149 1135 2393 1201 conﬁdit;
2423 1146 2545 1189 ruet
2572 1150 2702 1189 casu
2739 1136 3080 1206 gravissimo.

1805 1228 1894 1282 58.
1940 1228 2221 1284 Discamus
2259 1243 2288 1282 a
2317 1227 2556 1291 Christo,
2585 1228 2653 1283 de
2682 1228 2841 1283 nobis
2867 1229 3147 1283 humiliter
3184 1246 3301 1285 sen~

1736 1319 1838 1374 tire
1871 1337 1885 1374 :
1924 1329 1980 1373 et
2020 1335 2051 1373 a
2084 1312 2304 1384 David‘e,
2340 1319 2703 1388 abjectionem
2743 1338 2755 1373 :
2789 1335 2818 1373 a
2846 1318 3009 1374 Petro
3031 1359 3045 1384 ,
3069 1319 3199 1376 flere
3237 1322 3310 1376 ob

1735 1426 1894 1466 casus
1921 1410 2324 1481 contingentes.
2353 1410 2473 1465 Non
2507 1419 2686 1464 tamen
2718 1407 3155 1479 deSpondeamus
3187 1412 3307 1464 ani-

1736 1518 1906 1563 mum,
1947 1516 2097 1556 more
2139 1500 2439 1567 Samsonis,
2475 1508 2528 1555 et
2595 1499 2767 1566 ludar,
2817 1508 2873 1554 et
2917 1500 3305 1570 sapientissimi

1737 1593 2061 1648 Salomonis.

1808 1682 1897 1738 39.
1939 1680 2193 1736 Diabolus
2227 1682 2373 1735 enim
2410 1681 2655 1752 rugiens,
2705 1692 2762 1737 ut.
2805 1682 2913 1746 leo,
2949 1678 3307 1737 obambulans

1741 1771 1930 1841 quaerit
1959 1786 2082 1824 cum
2133 1770 2386 1823 omnibus
2430 1763 2790 1838 potestatibus
2832 1769 2965 1835 suis,
3017 1782 3178 1839 quem
3209 1769 3306 1823 de-

1742 1870 1913 1916 voret.
1966 1861 2308 1930 QuaprOpter
2353 1874 2424 1911 ne
2470 1859 2784 1913 remittatur
2826 1872 3060 1927 unquam
3110 1859 3309 1913 mentis

1739 1954 2066 2017 observatio,
2098 1948 2475 2021 temperantia,
2510 1949 2816 2014 reluctatio,
2866 1960 2920 2004 ct
2953 1965 3142 2020 preces
3181 1966 3309 2021 erga

1740 2042 1908 2097 Deum
1962 2050 2209 2096 nostrum
2274 2037 2463 2094 Jesum
2530 2039 2832 2094 Christum.
2887 2039 3103 2093 Nullum
3159 2042 3308 2094 enim

1741 2120 2364 2202 praestantiusauxilium
2388 2131 2443 2183 in
2470 2139 2579 2185 tota
2609 2131 2717 2184 vita
2752 2139 2842 2186 tua
2874 2128 3134 2199 reperies,
3170 2147 3312 2201 pra:-

1743 2230 1986 2290 terquam
2017 2221 2086 2275 ab
2112 2219 2264 2275 Jesu.
2303 2218 2464 2274 Solus
2494 2220 2638 2274 enim
2672 2220 2787 2288 ipse
2839 2219 3099 2276 Dominus
3137 2224 3309 2289 novit,

1742 2317 1801 2364 ut
1828 2309 1990 2376 Deus,
2020 2309 2308 2376 versutias,
2338 2309 2565 2364 artiﬁcia
2596 2319 2650 2364 et
2676 2309 2828 2365 dolos
2860 2309 3190 2366 daemonum.

1807 2488 1896 2545 40.
1933 2488 2182 2544 Conlidat.
2204 2489 2367 2558 igitur
2397 2490 2576 2544 anima
2604 2491 2657 2545 in
2688 2491 2986 2556 Christum,
3020 2500 3075 2546 et
3102 2491 3316 2547 invocet

1745 2580 1934 2634 illum:
1990 2589 2045 2634 et
2101 2580 2415 2636 nullatenus
2454 2582 2794 2637 extimescat.
2844 2581 2961 2636 Non
3007 2583 3152 2637 enim
3200 2584 3316 2638 sola

1744 2669 1985 2736 dimicat,
2019 2672 2113 2726 sed
2138 2672 2206 2726 ab
2226 2670 2353 2727 Jesu
2380 2671 2598 2728 Christo
2625 2689 2748 2744 rege
2775 2675 3057 2729 tremendo
3085 2675 3267 2745 adjuta
3300 2696 3312 2730 :

1744 2762 1838 2831 qui
1874 2771 1957 2816 est
2009 2771 2223 2817 creator
2274 2765 2520 2818 omnium
2573 2779 2777 2828 rerum,
2829 2778 3214 2835 εονροτοιιτυιη
3263 2777 3314 2821 et

1745 2868 1974 2922 corpore
2021 2854 2347 2924 carentium,
2395 2855 2686 2910 visibilium
2736 2857 2942 2910 scilicet
2978 2864 3034 2910 et
3068 2856 3315 2911 invisibi-

1747 2944 1899 2998 lium.
2662 2932 2665 2939 ’

1819 3036 1906 3091 41.
1975 3036 2444 3102 Quemadmodum
2511 3040 2694 3110 pluvia
2773 3048 2980 3109 quanto
3044 3042 3320 3112 copiosius

1746 3126 2047 3182 effunditur
2089 3144 2256 3197 super
2300 3137 2520 3195 terram,
2580 3138 2730 3185 tanto
2792 3132 3093 3187 molliorem
3143 3132 3320 3187 reddit

1747 3220 1892 3273 illam
1924 3237 1938 3276 :
1970 3221 2044 3274 ita
2081 3230 2328 3275 sanctum
2365 3220 2565 3275 Christi
2600 3237 2799 3276 nomen
2831 3238 2862 3277 a
2896 3222 3069 3277 nobis
3099 3224 3320 3278 invoca-

1748 3322 1883 3376 tum,
1939 3313 2171 3380 explosis
2219 3314 2663 3383 cogitationibus,
2717 3323 2921 3383 quanto
2978 3315 3319 3383 frequentius

1749 3400 1927 3468 ipsum
1952 3400 2288 3463 invocamus,
2315 3409 2466 3455 tanto
2485 3402 2656 3472 magis
2679 3402 2887 3455 emollit
2913 3412 3109 3456 terram
3141 3404 3322 3458 cordis

1749 3489 1945 3553 nostri,
1977 3504 2206 3558 eamque
2230 3491 2427 3560 gaudio
2455 3500 2509 3545 et
2541 3491 2725 3545 laetitia
2759 3491 3058 3560 perfundit.

1819 3580 1908 3634 42.
1947 3582 2215 3634 (laetorum
2260 3590 2316 3635 et
2361 3581 2463 3635 hoc
2513 3582 2795 3651 imperitos
2838 3597 3000 3639 nosse
3044 3585 3322 3651 convenit,

1751 3691 1864 3728 rem
1900 3675 2061 3730 nobis
2089 3690 2211 3731 esse
2241 3690 2364 3731 cum
2407 3677 2656 3732 hostibus
2685 3676 3043 3747 incorporeis,
3077 3678 3326 3734 invisibi-

1753 3765 1915 3826 libus,
1948 3764 2219 3835 malignis,
2262 3765 2328 3819 ad
2363 3763 2711 3835 afﬂigendum
2758 3766 2986 3831 callidis,
3024 3768 3322 3833 velocibus,

1752 3855 1981 3921 levibus,
2014 3856 2137 3910 belli
2175 3856 2380 3925 peritis,
2429 3856 2496 3910 ab
2538 3856 2697 3911 annis
2734 3858 2862 3911 Adae
2904 3857 2971 3912 ad
3002 3858 3121 3926 haec
3156 3875 3328 3928 usque

1755 3957 1995 4018 tempora
2023 3964 2034 3999 :
2058 3948 2146 4017 qui
2171 3964 2270 4002 nos
2295 3964 2527 4013 crassos,
2560 3958 2667 4004 tant
2692 3966 2922 4020 corpore
2947 3967 3109 4021 quam
3138 3968 3325 4015 sensu,

1753 4052 2049 4112 aggravant
2075 4042 2131 4094 in
2159 4049 2380 4095 terram.
2404 4040 2512 4094 Hos
2532 4042 2679 4096 nulla
2703 4042 2804 4095 alia
2831 4044 3042 4098 ratione
3068 4059 3328 4114 superare

1756 4145 2062 4198 possumus,
2099 4144 2261 4198 quam
2314 4140 2573 4198 perpetua
2621 4130 2787 4195 animi
2834 4135 3216 4201 temperantia,
3266 4145 3321 4189 it

1757 4221 2097 4275 invocatione
2144 4219 2273 4274 Jesu
2312 4221 2510 4275 Christi
2569 4221 2661 4277 Dei
2714 4229 2769 4276 et
2800 4223 3075 4278 Creatoris
3132 4226 3327 4279 nostri.

1759 4311 2004 4369 lludibus
2049 4312 2234 4380 itaque
2283 4325 2382 4379 pro
2414 4311 2574 4365 modo
2627 4322 2683 4366 et
2741 4322 3073 4382 prteceptore
3128 4314 3334 4384 optimo

16 4448 17 4457 η
75 4415 329 4484 ἀπείροις
363 4410 536 4482 Ἰησοῦ
572 4410 809 4483 Χριστοῦ
836 4412 968 4481 εὐχὴ
993 4408 1275 4480 προτροπὴ
1301 4409 1396 4460 τοῦ
1423 4408 1652 4477 δοκιμά-

1811 4410 1869 4455 nt
1908 4403 2042 4467 hazc,
2067 4402 2378 4471 deprecatio
2413 4402 2541 4457 Jesu
2567 4403 2789 4465 Christi,
2811 4414 2866 4457 et
2896 4406 2962 4459 ad
2995 4407 3332 4474 probandum

77 4524 169 4559 σαι
201 4506 295 4558 καὶ
322 4503 525 4573 γνῶναι
552 4504 613 4556 τὸ
646 4504 810 4556 καλὸν
841 4503 983 4555 ἔστω
1009 4501 1208 4555 ταῦτα’
1238 4503 1350 4563 τοῖς
1375 4499 1430 4551 δὲ
1464 4499 1659 4568 ἐμπεί-

83 4615 194 4667 ροις
227 4599 262 4666 ή
286 4598 484 4665 πρᾶξις
522 4596 617 4648 καὶ
642 4596 674 4664 ή
703 4593 996 4663 δοκιμασία
1019 4594 1170 4663 καὶὴ
1199 4593 1530 4655 ἀνάπαυσις,
1563 4591 1656 4643 τοῦ

84 4688 253 4741 καλοῦ
287 4690 505 4756 ἄριστος
528 4685 619 4738 καὶ
645 4686 846 4753 τρόπος
881 4688 976 4739 καὶ
996 4685 1340 4748 διδάσκαλος.

155 4779 260 4846 λγ’.
295 4778 506 4847 Ὥσπερ
538 4777 767 4837 παιδίον,
799 4775 994 4845 μικρὸν
1025 4776 1193 4843 ἤγουν
1226 4775 1320 4827 καὶ
1359 4772 1658 4842 ἁπόνηρον,

90 4868 505 4937 φαντασιοποιόν
535 4883 656 4918 τινα
684 4865 902 4935 βλέπον,
934 4865 1120 4933 ἥδεται
1149 4866 1242 4916 καὶ
1268 4862 1558 4917 ἀκολουθεί
1584 4862 1662 4933 τῷ

90 4959 511 5025 ςαντασιοκὸπῳ
545 4956 605 5021 ἐξ
647 4956 905 5019 ἁκακίας·
945 4955 1085 5008 οὕτω
1135 4956 1225 5008 καὶ¹
1254 4957 1287 5024 ἡ
1332 4953 1479 5024 ψυχὴ
1506 4954 1664 5023 ἡμῶν

91 5045 235 5114 ἁπλῆ
273 5065 353 5108 τις
401 5042 534 5100 οὖσα
572 5047 663 5099 καὶ
712 5044 934 5116 ἀγαθὴ,
963 5044 1137 5106 οὕτως
1190 5043 1295 5095 ὑπὸ
1324 5044 1421 5095 τοῦ
1460 5040 1663 5109 ἀγαθοῦ

90 5136 359 5189 Δεσπότου
409 5138 581 5206 αὐτῆς
611 5136 894 5190 κτισθεῖσα
919 5177 933 5203 ,
962 5136 1154 5206 ἣδεται
1193 5136 1311 5195 ταῖς
1340 5132 1667 5203 προσϐολαῖς

98 5228 192 5282 τοῦ
231 5228 474 5281 διαϐόλου
524 5232 647 5291 ταῖς
698 5229 1128 5295 φακιταστικαῖς,
1178 5226 1269 5277 καὶ
1322 5222 1667 5293 ἁπατωμένη

101 5319 386 5389 τιοστρέχει
424 5321 499 5381 ὡς
529 5318 680 5387 καλῴ
703 5318 779 5388 τῷ
811 5317 1040 5388 χείρονι,
1070 5316 1144 5377 ὼς
1171 5318 1204 5385 ἠ
1235 5313 1539 5385 περιστερὰ
1588 5312 1666 5381 τῷ

102 5410 369 5478 ἐπιϐούλῳ
407 5409 514 5461 τῶν
564 5410 767 5477 ἑαυτῆς
815 5409 1054 5461 τέκνων·
1101 5407 1208 5475 .κα“ι
1255 5405 1399 5457 οὕτω
1453 5403 1667 5473 μιγνύει

102 5502 223 5564 τοὺς
258 5502 457 5571 ἑαυτῆς
485 5500 782 5567 λογισμοὺς
811 5541 824 5563 ,
863 5503 929 5570 τῇ
959 5499 1228 5568 φαντασίᾳ
1258 5500 1356 5565 τῆς
1381 5495 1668 5563 δαιμονιώ-

106 5594 217 5657 δονς
260 5594 583 5662 προσϐολῆς.
621 5592 679 5643 Ei
704 5590 855 5659 τύχοι
881 5591 1135 5657 γυναικὸς
1193 5588 1468 5656 εὐμόρφου
1501 5586 1669 5654 πρόσ-

110 5687 313 5755 ωπον,ἣ
346 5686 467 5738 ἄλλο
498 5702 547 5736 τι
579 5684 727 5752 παρὰ
760 5682 864 5734 τῶν
893 5682 1120 5741 ἐντολῶν
1145 5678 1234 5730 τοῦ
1253 5675 1489 5746 Χριστοῦ
1519 5676 1668 5746 πάμ-

1759 4504 1815 4549 et
1845 4495 2288 4565 cognoscendum
2328 4494 2457 4563 quid
2490 4504 2696 4549 rectum
2737 4496 2828 4560 sit,
2875 4496 3203 4551 exhortatio.
3232 4495 3335 4551 Pe-

1761 4585 1880 4638 ritis
1907 4593 2111 4650 autem,
2147 4585 2441 4651 exsecutio,
2492 4585 2828 4655 experientia
2862 4597 2913 4641 et
2951 4589 3186 4656 requies,
3216 4602 3338 4656 qua:

1761 4691 1824 4728 es
1868 4684 2014 4728 recto
2044 4685 2096 4727 et
2130 4675 2273 4729 bono
2297 4676 2488 4728 oritur.

1834 4767 1924 4818 Β.
1964 4766 2433 4831 Quemadmodum
2498 4782 2654 4833 puer,
2719 4766 2975 4833 parvulus
3027 4767 3232 4821 scilicet
3286 4774 3341 4819 et

1765 4855 1969 4913 nullius
2011 4870 2178 4924 capax
2236 4853 2474 4915 malitiae,
2523 4854 2615 4906 ubi
2661 4854 3106 4924 praestigiatorem
3144 4871 3338 4924 quem-

1768 4947 1910 5014 piam
1970 4943 2134 5004 videt,
2182 4942 2412 5003 lzetatur,
2474 4947 2529 4993 et
2577 4955 2673 4993 sua
2731 4939 3078 5009 simplicitate
3120 4943 3338 5002 ductus,

1770 5036 1918 5089 illmn
1973 5033 2268 5103 imaginum
2316 5030 2611 5084 cflictorem
2673 5040 2914 5084 sectatur
2947 5070 2961 5094 ,
3026 5032 3105 5086 sic
3160 5034 3340 5086 anima

1770 5136 1977 5191 nostra,
2008 5141 2134 5179 cum
2162 5124 2227 5179 sit
2251 5122 2479 5193 simplex
2513 5132 2569 5177 et
2601 5123 2763 5189 bona,
2794 5123 2939 5176 hunc
2978 5122 3029 5174 iu
3065 5122 3282 5177 modum
3312 5142 3341 5178 a

1772 5236 1873 5275 suo
1911 5221 2054 5274 bono
2084 5217 2313 5271 Domino
2343 5224 2545 5280 creata,
2590 5216 2891 5270 delectatur
2923 5214 3182 5269 illusuriis
3211 5232 3346 5285 snt.-

1775 5310 2110 5382 gestionibus
2166 5307 2405 5362 diaboli:
2447 5313 2502 5359 et
2544 5309 2790 5376 decepta,
2845 5321 3140 5375 preperans
3184 5307 3251 5360 ad
3293 5308 3341 5360 id

1776 5402 1922 5472 quod
1950 5400 2190 5455 deterius
2210 5405 2314 5461 est,
2336 5414 2436 5468 pro
2456 5399 2600 5452 bono
2625 5397 2970 5465 amplectitur
3004 5415 3016 5450 :
3053 5413 3160 5450 non
3188 5399 3345 5452 aliter

1777 5508 1936 5562 quam
1965 5492 2214 5546 columba
2259 5504 2382 5543 eum
2428 5489 2663 5558 quisuis
2697 5488 2866 5558 ipsius
2914 5488 3072 5557 pullis
3120 5488 3346 5542 insidit.-

1781 5596 1867 5639 tur
1896 5602 1907 5636 :
1944 5594 1999 5638 et
2032 5584 2136 5637 hoc
2169 5584 2329 5652 pacto
2360 5596 2486 5635 suas
2531 5579 2884 5649 cogitationes
2916 5578 3347 5648 permiscetcum

1779 5675 2027 5729 illusione
2058 5674 2418 5745 suggestionis
2446 5670 2741 5726 diabolicae.
2782 5671 2836 5725 Si
2870 5673 3116 5725 fortuosre
3149 5669 3341 5743 mulie-
