3764 6304
54 313 212 382 1497

829 327 928 389 DE
961 330 1503 396 TEMPERANTIA
1534 337 1630 398 ET
1665 339 2030 402 VlRTUTE.
2071 366 2138 381 -
2177 341 2566 403 CENTURIA
2593 341 2644 402 Ῑ.

3216 346 3360 413 1493

20 446 187 506 σκῃς
217 435 374 500 τοὺς
415 436 786 508 ἀλλοφύλους,
819 441 990 513 ἧγουν
1040 445 1168 508 τοὺς
1205 445 1314 500 τῶν
1362 449 1666 518 Αἰγιηττίωι¹

1834 463 2097 507 rutaneam
2133 472 2146 507 :
2190 462 2248 508 ut
2293 453 2398 508 hoc
2439 463 2600 523 pacto
2640 451 2799 509 facile
2839 453 3120 513 diseemas
3161 459 3355 516 alieni-

22 531 472 599 πρωτοτόκους
517 535 686 600 υἱούς.

106 710 182 759 ν’.
235 705 340 769 Ὠς
375 708 572 782 ἀγαθὴ
609 711 704 766 καὶ
760 715 1006 785 τερπνὴ,
1059 717 1153 771 καὶ
1185 717 1396 790 ἡδίστη,
1435 721 1670 790 φωτεινή

28 810 96 882 τε
134 796 244 848 καὶ
280 799 618 868 πάγκαλος,
665 804 759 857 καὶ
792 806 1168 878 ἀγλαοφανὴς,
1208 810 1304 863 καὶ
1335 809 1512 882 ὡραία
1545 812 1675 882 ἁρε-

25 880 132 953 τὴ,
165 883 360 956 νῆψις
399 888 520 942 ὑπὸ
561 891 681 957 σοῦ,
707 893 908 963 Χριστὲ
938 897 966 947 ὁ
995 895 1146 959 Θεὸς,
1189 880 1546 968 εὐοδουμένη,
1580 880 1674 952 καὶ

27 975 484 1049 ἐγρηγορότως
522 981 870 1053 ἀνθρωπίνου
915 987 1035 1050 νοὸς
1066 989 1125 1040 ὲν
1151 988 1474 1043 ταπεινώσει
1502 990 1671 1063 πολλῇ

26 1066 402 1152 ὁδευομένηο
437 1074 676 1127 ἐκτείνει
705 1075 814 1146 γὰρ
859 1077 966 1141 ἓως
997 1078 1274 1151 Θαλάσσης
1303 1081 1400 1134 καὶ
1431 1081 1672 1136 ἀϐύσσου

31 1153 321 1228 θεωριῶν
352 1159 434 1213 τὰ
470 1160 726 1230 κλήματα
775 1164 968 1234 αὐτῆς,
999 1167 1096 1219 καλ⁵
1133 1167 1238 1232 ἕως
1278 1170 1539 1240 ποταμῶν
1573 1187 1670 1240 μυ-

33 1247 318 1318 στηρίων
386 1251 650 1321 τερπνῶν
702 1269 762 1306 τε
811 1261 907 1308 καὶ
956 1255 1118 1310 θείων
1163 1257 1262 1320 τὰς
1309 1260 1672 1328 παραφυάδας

36 1337 267 1408 αὐτῆς,
313 1341 545 1404 ποτίζει
587 1359 648 1394 τε
702 1342 826 1396 νοῦν
876 1347 939 1398 ὲκ
971 1349 1168 1417 χρόνου
1209 1348 1406 1403 πολλοῦ
1455 1367 1670 1403 καυσω-

39 1427 230 1482 θέντα
287 1433 366 1502 τῇ
430 1431 658 1504 ἀσεϐείᾳ
705 1435 812 1488 ὑπὸ
865 1435 1048 1508 ἅλμης
1107 1440 1359 1513 πονηρῶν
1395 1441 1671 1514 λογισμῶν

41 1523 514 1589 πνευματικῶν,
542 1525 636 1578 καὶ
671 1525 768 1580 τοῦ
819 1527 921 1598 τῆς
973 1531 1172 1602 σαρκὸς
1203 1531 1497 1602 δυσμενοῦς
1540 1553 1672 1606 (ppo-

41 1610 348 1681 νήματος,
396 1615 428 1668 ὅ
464 1617 580 1669 ἐστι
623 1616 872 1680 θάνατος.

125 1709 241 1758 να’.
273 1704 476 1774 Νῆψις
511 1706 656 1760 ἔοικε
699 1711 765 1778 τῇ
801 1707 895 1762 τοῦ
950 1709 1144 1764 Ἰακὼϐ
1186 1712 1432 1782 κλίμακι,
1460 1714 1543 1782 ἐφ’
1641 1718 1669 1769 ὁ

1776 560 1982 615 genas,
2050 545 2192 600 ﬁlios
2269 544 2529 599 nimirum
2602 545 2998 618 primogenitos
3067 549 3352 624 Egyptio~

1775 653 1917 691 Γυηη.

1846 728 1936 783 50.
1976 727 2150 794 Quam
2193 727 2358 794 bona,
2403 727 2762 795 delectabilis,
2797 733 3002 796 suavis,
3041 734 3348 804 splendida,

1774 819 2053 888 praeclara,
2083 827 2312 873 venusta
2343 827 2399 873 et
2435 819 2683 888 speciosa
2723 821 2896 875 virtus
2926 832 3008 877 est
3041 833 3350 894 temperan-

1773 909 1845 963 tia
1882 927 1894 962 :
1931 925 2050 978 quae
2097 925 2127 963 a
2177 918 2250 972 te,
2307 909 2523 987 Christe
2581 911 2745 974 Deus,
2795 911 3068 982 dirigitur,
3118 923 3176 969 et
3221 931 3348 970 eum

1773 1014 1984 1052 summa
2016 999 2214 1054 mentis
2245 1000 2495 1054 humana:
2520 1000 2902 1056 bumiliatione
2931 1003 3220 1074 vigilanter
3249 1007 3349 1062 de-

1773 1089 2020 1144 ducitur!
2076 1089 2332 1144 Extendit
2391 1093 2536 1145 enim
2587 1093 2840 1162 palmites
2879 1109 3008 1150 suos
3061 1112 3236 1166 usque
3279 1099 3346 1152 ad

1771 1195 1942 1246 mare,
1971 1189 2026 1234 et
2069 1181 2325 1252 abyssum
2360 1183 2818 1251 speculationum,
2851 1195 2906 1240 et
2931 1202 3104 1256 usque
3134 1187 3202 1242 ad
3241 1187 3346 1242 ﬂu-

1772 1269 1918 1322 mina
1951 1269 2319 1338 iucundorum
2353 1286 2416 1326 ac
2445 1271 2756 1327 divinorum
2800 1275 3184 1344 mysteriorum
3220 1293 3348 1346 pro-

1769 1358 1992 1426 pagines
2017 1373 2144 1412 suas
2211 1369 2376 1428 atque
2402 1370 2532 1430 potu
2563 1362 2736 1415 reﬁcit
2761 1363 3004 1416 animum
3025 1365 3345 1432 jamdudum

1771 1447 2048 1516 impietate
2076 1457 2420 1514 a'stuantem,
2461 1465 2573 1518 prae
2605 1449 2880 1520 salsugine
2913 1460 3024 1505 tum
3059 1468 3346 1521 pravarum

1769 1541 2156 1610 cogitationum
2186 1557 2214 1595 a
2239 1542 2580 1598 daemonibus
2605 1542 2965 1612 invectarum,
2992 1553 3105 1600 tum
3133 1547 3347 1603 hostilis

1771 1632 1912 1706 (qua:
1942 1649 2092 1687 mors
2120 1631 2222 1702 est)
2255 1633 2560 1703 prudentiae
2589 1635 2792 1689 carnis.

1842 1727 1930 1781 5i.
1975 1725 2359 1796 Temperantia
2403 1728 2696 1796 persimilis
2734 1735 2818 1783 est
2853 1731 3010 1786 scalae
3039 1731 3226 1797 Iacob,
3259 1735 3348 1789 cui

43 1790 198 1888 Θεὸς
243 1793 544 1888 επιμένει,
583 1797 677 1850 καλ
703 1798 754 1849 οί
781 1797 1004 1866 ἄγγελοι
1031 1801 1434 1856 ἀναϐαίνουσιν·
1459 1787 1666 1875 ἀναιρεῖ

1834 1833 1916 1870 :ns
1947 1787 2167 1878 insidet,
2200 1825 2255 1870 et
2282 1832 2386 1884 qua
2430 1817 2736 1872 ascendunt
2775 1819 2971 1888 angeli.
3013 1821 3175 1876 Tollit
3199 1822 3345 1877 enisu

46 1879 174 1948 γὰρ
211 1879 280 1945 ἐξ
306 1882 342 1950 ἠ
353 1883 481 1950 μῶν
509 1886 617 1936 πᾶν
643 1885 832 1939 κακόν·
860 1885 998 1960 αὕτη
1027 1889 1135 1960 γὰρ
1167 1891 1420 1946 ἐκκόπτει
1443 1894 1669 1948 πολυλο⁶

47 1971 218 2037 γίαν,
268 1972 582 2045 λοιδορίαν,
639 1977 992 2041 καταλαλιὰν,
1045 1981 1140 2034 καὶ
1189 1981 1407 2036 πάντων
1444 1984 1554 2038 τῶν
1586 1987 1673 2039 αί-

52 2062 293 2132 σθητῶν
351 2066 550 2118 κακῶν
581 2067 672 2119 τὸν
716 2069 1040 2138 κατάλογον,
1077 2073 1176 2126 οὐκ
1209 2075 1551 2148 ἀνασχομένη
1585 2078 1672 2134 διὰ

46 2153 245 2208 ταῦτα
279 2155 420 2208 οὐδὲ
452 2155 589 2225 πρὸς
619 2157 798 2226 ὀλίγον
832 2161 1143 2232 στερεῖσθαι
1167 2163 1264 2234 τῆς
1301 2165 1437 2228 ἰδίας
1469 2167 1672 2234 γλυκύ-

50 2262 254 2318 τητος.

129 2335 240 2405 νβ’.
280 2335 520 2408 Ταύτην
569 2339 870 2409 προθύμως
900 2340 1120 2410 ἀδελφοὶ
1170 2343 1468 2414 μετίωμεν,
1494 2347 1588 2400 καλ⁸
1617 2349 1674 2400 ὲν

55 2426 190 2488 ταῖς
245 2425 527 2498 θεωρίαις
583 2429 774 2499 αὐτῆς,
815 2431 1033 2502 καθαρᾷ
1077 2432 1288 2504 διανοίᾳ
1321 2434 1420 2489 σὺν
1451 2436 1672 2508 Χριστῷ

75 2516 271 2587 Ἰησοῦ
306 2519 632 2588 πετόμενοι,
673 2521 914 2592 κινῶμεν
951 2523 1049 2594 τὴν
1080 2523 1314 2595 θεωρίαν
1345 2526 1454 2580 τῶν
1493 2529 1674 2601 ἀμαρ-

67 2608 211 2662 τιῶν
241 2609 421 2680 ἡμῶν
453 2611 546 2662 καὶ
567 2610 662 2664 τοῦ
697 2611 813 2682 βίου
841 2612 933 2664 τοῦ
958 2614 1246 2686 προτέρου,
1272 2617 1358 2669 ἵνα
1381 2619 1438 2671 ὲν
1469 2622 1534 2690 τῇ
1563 2621 1672 2674 τῶν

68 2697 391 2768 ἁμαρτιῶν
418 2700 578 2769 ἡμῶν
613 2701 799 2770 μνήμῃ
827 2703 1238 2774 συντριϐόμενοι
1269 2707 1364 2760 καὶ
1386 2710 1672 2763 ταπεινούς

74 2805 267 2857 μενοι,
302 2788 680 2844 ἀδιάσπαστον
709 2791 940 2862 ἐξήμῶν
967 2795 1180 2866 ἓξωμεν
1203 2799 1302 2868 τὴν
1331 2801 1506 2872 Ἰησοῦ
1542 2806 1580 2856 Χ
1591 2822 1676 2876 ρι-

75 2878 216 2934 στοῦ
245 2879 350 2934 τοῦ
385 2879 593 2950 Κυρίου
621 2882 782 2953 ἡμῶν
809 2883 1066 2956 βοήθειαν
1086 2889 1168 2952 είς
1193 2889 1288 2944 τὸν
1309 2891 1542 2964 ἀόρατον
1575 2899 1672 2950 πό-

72 2967 277 3038 λεμονο
335 2969 695 3040 στερηθέντες
748 2971 858 3044 γάρ
903 2975 1002 3046 τῆς
1067 2978 1241 3047 Ἰησοῦ
1296 2979 1548 3051 βοηθείας
1603 2985 1670 3039 δι’

1772 1920 1800 1958 a
1834 1905 1988 1958 nobis
2021 1919 2186 1958 omne
2222 1905 2434 1960 vitium.
2479 1905 2614 1960 Nam
2653 1915 2900 1976 amputat
2943 1909 3062 1979 ipsa
3102 1911 3346 1981 loquaci-

1775 2005 1961 2062 tatem,
2001 1997 2332 2058 convicium.
2372 1997 2793 2062 detractionem,
2831 2001 3072 2054 omnium
3111 2003 3349 2074 denique

1773 2089 2031 2143 vitiorum
2093 2088 2372 2142 sensilium
2436 2089 2774 2160 catalogum;
2833 2105 2954 2159 quae
3012 2091 3217 2146 ideirco
3277 2108 3349 2148 ne

1776 2178 2046 2246 tantisper
2085 2176 2304 2246 quidem
2337 2175 2482 2232 ferre
2512 2185 2710 2244 potest,
2746 2185 2804 2232 ut
2833 2178 3098 2232 suavitate
3128 2180 3348 2250 propria

1773 2276 1973 2322 careat.

1845 2359 1932 2414 52.
1973 2359 2235 2428 Hujusce,
2286 2359 2506 2427 fratres,
2537 2359 2702 2414 alacri
2743 2361 2926 2415 animo
2974 2361 3348 2416 desideremus

1771 2466 1893 2505 esse
1936 2451 2276 2521 participes:
2319 2466 2384 2505 ac
2431 2451 2485 2504 in
2538 2452 3000 2520 speculationibus
3045 2454 3164 2523 ejus
3211 2469 3348 2523 puro

1773 2543 1936 2596 corde
1969 2557 2092 2596 cum
2115 2542 2334 2596 Christo
2357 2540 2486 2596 Jesu
2525 2543 2794 2610 volantes,
2818 2544 3179 2599 discutiamus
3215 2557 3347 2613 pec-

1773 2644 2018 2690 catorum
2067 2643 2382 2690 nostrorum
2413 2647 2468 2689 et
2495 2635 2742 2706 pristina:
2777 2637 2903 2692 vitae
2935 2639 3202 2694 rationem
3243 2657 3257 2693 :
3289 2650 3350 2695 ut

1773 2737 2124 2798 peccatorum
2164 2735 2472 2782 nostrorum
2503 2729 2880 2784 recordatione
2911 2729 3129 2784 contriti
3160 2739 3215 2786 et
3239 2732 3346 2787 bu-

1773 2819 1986 2886 miliati,
2015 2818 2287 2874 indivulso
2313 2833 2342 2872 a
2366 2819 2526 2874 nobis
2551 2819 2767 2874 Domini
2791 2821 2965 2874 nostri
2991 2820 3120 2875 Jesu
3145 2822 3347 2880 Christi

1771 2911 2044 2981 potiamur
2063 2909 2286 2975 auxilio,
2313 2911 2381 2965 ad
2414 2911 2615 2964 bellum
2647 2909 2917 2966 invisibile
2946 2912 3342 2981 peragendum.

1773 2999 1888 3070 Ope
1917 2999 2186 3069 siquidem
2214 2997 2346 3053 Jesu
2385 2999 2650 3063 destituti,
2685 3014 2785 3068 per
2823 2999 3211 3070 arrogantiam,
3241 2999 3348 3054 hu-

79 3060 502 3130 ὐπερηφανίας,
545 3062 579 3132 ἢ
629 3063 1062 3135 φιλανθρωπίας,
1089 3068 1123 3140 ἢ
1156 3071 1485 3140 κενοδοξίας,
1517 3076 1666 3130 ὑστε-

1834 3107 1996 3146 auum
2023 3105 2288 3156 amorem,
2315 3096 2410 3144 aut
2435 3105 2630 3145 vanam
2659 3090 2905 3161 gloriam,
2936 3091 3130 3161 privati
3161 3107 3351 3146 sumus

83 3149 354 3222 ρήθημεν
412 3151 784 3226 καθαρότητος
830 3159 1083 3229 καρδίας·
1130 3161 1200 3214 δι’
1247 3157 1318 3234 ἦς
1348 3168 1670 3238 γνωρίζεται

18 3271 23 3300 ;
81 3241 376 3313 ἀνθρώπῳ
407 3243 558 3306 ελεός⁹
587 3247 762 3301 αἴτιον
795 3248 904 3320 γὰρ
933 3250 1008 3314 ὡς
1040 3251 1331 3324 ὑπόσχεσις
1359 3255 1456 3311 τοῦ
1499 3257 1674 3312 δευτέ-

18 3371 22 3396 ,
85 3350 210 3404 ρου,
246 3333 312 3386 τὸ
348 3335 634 3406 πρότερον.

161 3425 268 3494 νγ’.
323 3425 466 3490 Νοῦς
509 3427 584 3497 μὴ
621 3429 838 3498 ἀμελῶν
875 3431 974 3502 τῆς
1002 3434 1195 3491 ἑαυτοῦ
1236 3440 1483 3510 κρυπτῆς
1509 3442 1672 3512 ἑργαο

18 3575 20 3582 _
88 3516 243 3580 σίας,
279 3515 380 3570 σὺν
419 3521 532 3581 τοῖς
563 3517 771 3584 λοιποῖς
815 3522 1000 3586 καλοῖς
1027 3519 1112 3590 οἷς
1141 3528 1204 3581 ἐκ
1255 3530 1352 3600 τῆς
1391 3531 1672 3604 διηνεκοῦς

18 3665 20 3674 ,
89 3609 370 3681 ἔργατίας
435 3611 534 3680 τῆς
589 3612 838 3683 φυλακῆς
893 3616 1148 3688 εὑρήσει,
1209 3620 1304 3674 καὶ
1361 3621 1460 3686 τὰς
1509 3625 1670 3680 πέντε

18 3723 20 3764 ί
45 3695 55 3704 ’
89 3698 383 3770 αἰσθήσεις
416 3700 510 3754 τοῦ
543 3701 815 3773 σώματος,
840 3705 1014 3775 ἀργὰς
1037 3708 1148 3760 τῶν
1178 3709 1284 3774 ἔξω
1317 3713 1508 3768 κακῶν
1536 3718 1673 3772 ἁπο-

17 3812 23 3860 ί
89 3791 284 3858 δείξει.
321 3791 399 3864 Τῇ
425 3792 534 3864 γὰρ
555 3795 732 3868 οἰκείᾳ
754 3798 924 3870 ,ἀρετῇ
960 3799 1048 3852 καὶ
1072 3801 1230 3872 νήψει
1259 3805 1326 3856 δι’
1347 3805 1470 3860 ὅλου
1503 3826 1672 3878 προτ-

18 3945 20 3950 ,
93 3879 260 3948 έχων,
295 3881 391 3934 καὶ
421 3885 533 3946 τοῖς
578 3885 812 3955 νοήμασι
840 3889 953 3950 τοῖς
979 3889 1163 3954 καλοῖς
1193 3898 1543 3968 κατατρυφᾷν
1577 3897 1672 3952 θέ-

18 4013 21 4039 ,
91 3970 229 4035 λων,
263 3971 366 4026 οὒκ
403 3975 656 4044 ἀνέχεται
680 3975 1012 4032 κλέπτεσθαι
1035 3980 1124 4034 διὰ
1147 3981 1255 4036 τῶν
1280 3986 1443 4040 πέντε
1473 3989 1670 4061 αἰσθή-

18 4107 20 4114 .
95 4078 266 4153 σεων,
291 4063 495 4118 ὲνύλων
521 4065 618 4120 καὶ
660 4068 904 4138 ματαίων
942 4064 1230 4142 λογισμῶν
1265 4075 1414 4147 αὐτῷ
1447 4095 1675 4153 προσερο

18 4223 20 4230 _
93 4151 372 4224 χομένων,
399 4155 536 4208 ἀλλά
557 4159 720 4225 γνοὺς
745 4159 924 4214 αὐτῶν
953 4162 1016 4217 τδ
1048 4163 1346 4236 ἀπατηλὸν,
1373 4166 1521 4222 ενδον
1545 4151 1672 4223 ιω)-

95 4241 192 4298 τοῦ
219 4243 288 4298 τὰ
317 4245 490 4302 πολλὰ
523 4248 798 4304 συστέλλει
829 4251 1018 4316 αὐτάς.

161 4335 258 4392 νδ’.
291 4336 584 4410 Παράμενε
609 4343 674 4412 τῇ
697 4340 924 4413 διανοίᾳ,
953 4344 1045 4398 καὶ
1063 4347 1125 4398 οὐ
1159 4349 1440 4411 κοπιάσιις
1465 4351 1523 4402 ὲν
1551 4369 1670 4406 πει.

1778 3185 1960 3241 eordis
1989 3186 2248 3256 puritate,
2280 3201 2386 3255 qua
2427 3185 2723 3241 innoteseit
2753 3186 2964 3244 homini
2997 3186 3160 3243 Deus.
3194 3185 3353 3244 Prius

1778 3275 1947 3340 enim,
1981 3282 2040 3328 ut
2068 3275 2186 3346 ipse
2209 3275 2516 3346 pollicetur,
2543 3283 2630 3330 est
2659 3291 2823 3331 causa
2851 3277 3102 3334 secundi.

1849 3451 1936 3504 55.
1978 3449 2208 3504 Animus
2248 3451 2342 3518 qui
2378 3450 2434 3504 in
2471 3451 2654 3520 seipso
2694 3444 2994 3506 ex‘eolendo
3035 3451 3349 3508 interiorem

1779 3541 2153 3612 operationem
2201 3555 2313 3594 non
2365 3541 2618 3611 negligit,
2672 3550 2867 3611 praeter
2915 3543 3122 3614 reliqua
3172 3545 3348 3610 bona,

1778 3649 1899 3704 quae
1919 3648 1984 3687 ex
2008 3631 2266 3686 continua
2287 3629 2519 3685 actionis
2545 3631 2933 3702 observatione
2961 3644 3350 3704 consequetur,

1778 3725 1945 3779 etiam
1990 3723 2232 3793 quinque
2274 3737 2470 3777 sensus
2511 3722 2756 3793 corporis
2791 3724 3034 3778 externis
3071 3724 3219 3780 vitiis
3255 3742 3350 3780 va-

1779 3829 1912 3868 cuos
1971 3813 2240 3868 ostendet.
2293 3811 2397 3878 Qui
2453 3810 2599 3865 enim
2659 3813 2936 3882 pr0priam
2983 3813 3237 3868 virtutem
3287 3831 3350 3870 ac

1780 3903 2196 3974 temperantiam
2245 3903 2406 3972 plane
2441 3910 2618 3968 curat,
2645 3909 2702 3958 et
2735 3903 3012 3973 praeclaris
3048 3904 3352 3960 delectatur

1777 3996 2038 4062 consiliis,
2079 4011 2189 4050 non
2241 3995 2370 4050 sinit
2413 3995 2672 4062 occupari
2723 4010 2781 4050 se
2817 3997 3063 4066 quinque
3100 3998 3350 4052 sensibus

1777 4101 2002 4142 accessu
2039 4101 2344 4141 erassarum
2377 4101 2748 4156 variarumque
2783 4083 3169 4157 cogitationum
3203 4104 3216 4141 :
3255 4089 3348 4142 sed

1778 4179 1972 4234 harum
2017 4177 2242 4234 insidias
2279 4193 2402 4232 eum
2440 4178 2606 4243 norit,
2641 4177 2784 4234 intra
2825 4179 3068 4248 seipsum
3105 4193 3350 4234 summo-

1777 4285 1908 4342 pere
1934 4267 2152 4323 eohihet
2177 4283 2289 4324 eas.

1817 4359 1938 4414 '54.
1970 4358 2028 4413 In
2059 4359 2248 4414 eadem
2283 4374 2543 4430 permane
2578 4358 2871 4424 sententia,
2903 4367 2959 4414 et
2995 4357 3050 4412 in
3089 4358 3349 4413 tentatio-

97 4423 352 4495 ρασμοῖς·
388 4425 599 4481 ἐκεῖθεν
635 4428 693 4480 δὲ
750 4429 1078 4500 ἀναχωρῶν,
1111 4431 1349 4502 ὑπόμενε
1387 4434 1458 4488 τὰ
1502 4437 1665 4510 ὲπερ-

1839 4453 1937 4505 bus
1977 4465 2087 4504 non
2122 4423 2432 4516 laborabis;
2467 4465 2498 4504 a
2527 4464 2632 4518 qua
2663 4447 2709 4503 si
2742 4447 2985 4512 recedas,
3023 4447 3192 4502 tolera
3228 4462 3350 4517 qua:

96 4513 329 4584 χόμενα.

169 4610 266 4660 vs’.
301 4605 514 4677 Ὥσπερ
559 4609 688 4672 τοὺς
731 4610 1076 4676 κακοσίτους,
1105 4613 1350 4683 ἀψίνοιον
1376 4615 1581 4686 ὠφελεῖ
1609 4619 1672 4672 τὸ

101 4692 493 4773 πικρδνηοῦτω
523 4685 636 4760 τοῖς
669 4701 1032 4771 κακοτρόποις
1077 4704 1224 4758 κακά
1267 4685 1499 4776 πάσχειν
1530 4724 1670 4778 συμ-

99 4784 277 4854 φέρει.

165 4872 275 4940 νς’.
309 4875 371 4928 ΕΞ
429 4877 504 4948 μὴ
558 4877 733 4943 θέλεις
784 4882 1140 4950 κακοπαθεῖν,
1189 4885 1323 4954 μηδὲ
1357 4891 1667 4940 κακοποιεῖν

101 4963 242 5030 θέλε,
275 4967 408 5022 διότι
453 4969 611 5023 τοῦτο
653 4969 892 5042 κάκείνῳ
941 4973 1314 5044 ἀπαραὸἁτως
1361 4975 1664 5032 ἀκολουθεῖ·

102 5055 130 5108 ὃ
166 5055 264 5126 γὰρ
310 5059 525 5130 σπείρει
581 5061 838 5127 ἕκαστος,
869 5081 1028 5119 τουτο
1060 5068 1156 5120 καὶ
1206 5065 1433 5140 θερίσει.
1483 5069 1666 5124 Ἑκου-

105 5148 234 5210 σίως
265 5145 356 5201 οὖν
399 5151 471 5204 τὰ
501 5152 679 5220 φαῦλα
711 5155 1046 5226 σπείροντες,
1081 5159 1176 5211 καὶ
1217 5159 1487 5222 ἀκουσίως
1517 5159 1665 5230 θερί-

107 5236 304 5304 ζοντες,
340 5239 442 5310 τὴν
465 5239 819 5324 δικαιοσύνην
873 5245 966 5298 τοῦ
1015 5246 1151 5300 Θεοῦ
1183 5246 1488 5318 θαυμάζειν
1519 5249 1669 5318 ὀφεί-

107 5327 284 5396 λομεν.

175 5418 268 5483 νζ’.
309 5420 696 5492 Ἐκτυφλοῦται
742 5429 772 5481 ὁ
817 5427 942 5492 νοῦς
991 5429 1081 5484 διὰ
1126 5430 1232 5484 τῶν
1260 5427 1428 5502 τριῶν
1463 5431 1669 5486 τούτων

109 5509 309 5571 παθῶν.
342 5512 706 5586 φιλαργυρίας
735 5517 899 5586 λέγω,
935 5521 1245 5587 κενοδοξίας
1265 5561 1280 5588 ,
1319 5523 1415 5576 καὶ
1447 5522 1660 5592 ἡδονῆς.

175 5607 270 5671 νηθ.
303 5603 513 5666 Γνῶσις
542 5606 634 5658 καὶ
665 5607 844 5672 πίστις
876 5611 932 5662 αί
969 5611 1070 5678 τῆς
1103 5611 1316 5679 φύσεως
1347 5611 1503 5682 ήμῶν
1537 5612 1661 5666 σύν·

110 5707 309 5761 τροφοί,
355 5693 424 5746 δι’
467 5694 616 5748 οὐδὲν
662 5696 788 5753 ἄλλο
837 5699 872 5769 ἦ
901 5699 968 5751 δι’
1002 5703 1210 5766 ὲκείνας
1248 5702 1656 5775 ἠμϐλύνθησαν.

1773 4540 2137 4594 occurrerint.

1971 4631 2440 4696 Quemadmodum
2501 4647 2745 4686 amarum
2807 4629 3142 4684 absinthium
3198 4629 3351 4698 juvat

1773 4733 1868 4772 eos
1895 4719 1989 4787 qui
2019 4718 2170 4772 cibos
2201 4717 2488 4772 fastidiunt
2515 4757 2530 4782 ,
2563 4718 2634 4770 ita
2664 4717 2805 4772 male
2852 4717 3080 4768 moratis
3114 4716 3318 4770 homini
3339 4747 3352 4756 -

1770 4809 1872 4863 bus
1898 4807 2027 4862 utile
2051 4816 2157 4868 est,
2185 4816 2245 4860 ut
2271 4808 2552 4876 patiantur
2577 4806 2824 4860 adversa.

1845 4900 1932 4954 56.
1974 4899 2087 4952 Nisi
2129 4897 2387 4953 statueris
2429 4897 2656 4951 adversa
2709 4895 2941 4968 perpeti,
2975 4911 3046 4950 ne
3093 4896 3354 4952 decernas

1775 4991 1916 5045 bene
1981 5004 2141 5059 agere
2195 5003 2318 5042 eum
2369 4987 2475 5042 hoc
2525 5003 2588 5042 ex
2635 4988 2726 5042 illo
2771 4997 3035 5058 perpetuo
3069 4997 3350 5058 sequatur.

1775 5080 1930 5146 Quod
1982 5081 2127 5133 enim
2183 5079 2416 5149 quisque
2465 5079 2730 5143 seminat,
2789 5080 2892 5134 hoc
2945 5081 3108 5134 etiam
3162 5087 3346 5134 metet.

1773 5166 2042 5230 Proinde,
2091 5167 2134 5221 si
2183 5183 2306 5236 quae
2353 5173 2549 5237 ‘sponte
2600 5169 2938 5224 seminamus
2975 5169 3150 5233 mala,
3193 5169 3352 5226 inviti

1771 5258 2050 5323 metimus,
2072 5257 2342 5328 justitiam
2377 5257 2618 5315 divinam
2641 5259 2896 5314 admirari
2927 5259 3206 5316 debemus.

1843 5428 1930 5484 57.
1973 5427 2035 5482 lli
2066 5437 2175 5483 tres
2203 5427 2433 5484 aﬂcttus
2469 5439 2744 5484 exerceant
2783 5431 3064 5486 animum:
3097 5429 3343 5497 avaritia,

1771 5521 2012 5590 inquam,
2049 5537 2187 5574 vana
2219 5522 2406 5592 gloria.
2440 5531 2493 5577 et
2525 5523 2793 5592 voluptas.

1839 5611 1923 5663 58.
1965 5611 2123 5664 Nulla
2171 5611 2274 5665 alia
2322 5626 2398 5676 te,
2441 5627 2603 5682 quam
2653 5612 2758 5674 bis.
2790 5613 3028 5684 cognitio
3076 5622 3131 5667 et
3185 5611 3338 5674 ﬁdes,

1770 5714 1890 5767 qme
1963 5701 2306 5756 collectanea-
2375 5711 2502 5756 sunt
2570 5711 2776 5758 natura:
2851 5713 3088 5770 nostra‘,
3158 5703 3340 5772 proﬂi-

1775 5803 1988 5856 gantur.
