3764 6304
15 240 175 308 1501

15 362 288 467 βέϐηλος
348 373 463 467 καὶ
496 371 808 448 ἀκάθαρτος
849 380 1158 454 ἀπεφάνθη,
1210 390 1305 443 καὶ
1359 392 1673 467 ἀκάθαρτος

15 458 198 556 παρὰ
233 461 458 556 Ιξυρίῳ
486 467 592 529 πᾶς
631 467 1051 543 ὑψηλοκάρδιος·
1083 477 1277 551 πρώτη
1320 482 1450 554 γὰρ,
1479 458 1668 556 φησὶν,

16 547 337 620 ἁμαρτία.
369 556 409 625 ἠ
468 557 884 630 ὑπερηφάνειαο
921 563 1067 619 οὕτω
1094 568 1201 640 γὰρ
1236 547 1341 624 καὶ-
1457 547 1669 647 ῡέτὲρήᾷ

20 657 216 736 (pavo;
268 646 502 717 Φαραὼ
557 649 710 719 ἔλεγε
738 668 753 683 ο
797 654 907 708 Τὸν
966 658 1114 711 Θεόν
1141 677 1278 729 σου,
1334 667 1520 736 φησὶν,

19 726 203 802 οἶδα,
240 737 363 791 καί
400 740 520 795 τὸν
560 742 803 813 Ἰσραὴλ
833 747 945 801 οὐκ
967 726 1376 814 ἐξαποστελῶ.

110 1002 221 1069 ξδ’.
272 1004 420 1059 Εἰσὶ
453 1006 511 1060 δὲ
539 1008 713 1063 πολλὰ
740 1011 848 1066 τῶν
874 1013 969 1066 τοῦ
1004 1014 1099 1068 νοῦ
1143 1017 1566 1089 ἐνεργημάτων,
1603 1027 1673 1081 τὰ

24 1091 354 1165 δυνάμενα
380 1100 524 1168 ἡμῖν
546 1100 607 1153 τὸ
628 1101 832 1170 ἀγαθὸν
851 1102 1023 1175 δῶρον
1044 1107 1144 1176 τῆς
1164 1115 1672 1186 ταπεινοφροσύνης

28 1188 527 1281 ¹περιποιεῖσθαι,
558 1192 719 1264 εἴπερ
775 1194 852 1265 μὴ
892 1197 1206 1271 ἀμελοῢμεν
1242 1202 1344 1272 τῆς
1395 1207 1674 1281 σωτηρίας

31 1277 70 1345 ἡ
81 1277 242 1346 μῶν,
273 1281 545 1336 τουτέστι
571 1285 763 1356 μνήμη
786 1286 1009 1361 άμαρτη
1020 1291 1228 1361 μάτων,
1261 1294 1319 1347 ἐν
1349 1277 1557 1366 λόγοις,
1578 1302 1673 1354 καὶ

31 1367 276 1439 ἔργοις,
316 1372 429 1426 καὶ
460 1373 688 1447 διανοίᾳ,
720 1377 812 1430 καὶ
839 1378 1006 1449 ἕτερα
1029 1381 1260 1439 πλεῖστα
1291 1387 1373 1449 είς
1408 1405 1670 1445 ταπεινο-

34 1462 364 1533 φροσύνην
414 1466 548 1535 ἡμῖν
608 1468 1013 1539 συμϐάλλονται
1053 1477 1120 1545 τῇ
1157 1474 1361 1550 θεωρίᾳ
1409 1480 1673 1550 ἀναλεγό-

39 1568 226 1620 μενα.
285 1554 560 1625 Ἐμποιεῑ
600 1557 659 1611 δὲ
700 1559 796 1613 καὶ
849 1562 1190 1617 ταπείνωσιν
1234 1566 1433 1638 ἀληθῆ,
1462 1573 1560 1626 καὶ
1588 1573 1668 1640 τὸ,

40 1646 145 1697 ἵνα
183 1662 285 1709 τις
313 1647 437 1702 τῶν
461 1649 635 1715 πέλας
668 1650 736 1706 τὰ
764 1654 1175 1726 κατορθώματα
1199 1660 1322 1713 καθ’
1349 1661 1586 1732 ἑκάστην
1611 1666 1671 1720 ἐν

38 1733 133 1800 οἷς
158 1741 582 1812 περιστρέφει,
602 1744 696 1799 καὶ
726 1745 890 1819 ἕτερα
915 1749 1126 1804 ἑαυτῶν
1144 1754 1347 1821 φυσικὰ
1369 1754 1460 1808 καὶ
1482 1756 1670 1811 πλεον-

41 1831 196 1901 εκτή
213 1849 384 1899 ματα
447 1834 507 1887 ἐν
567 1833 749 1907 ἐαυτῷ
802 1838 1138 1907 μεγαλύνει,
1183 1843 1277 1895 καὶ
1326 1843 1671 1911 συνεξετάζει

42 1924 170 1982 τοῖς
196 1923 421 1978 ἐαυτοῦ
444 1925 512 1980 τὰ
539 1920 790 1984 ἐκείνων.
826 1931 938 1984 Καὶ
966 1931 1110 1989 οὕτω
1137 1933 1354 2005 βλέπων
1381 1938 1409 1990 6
1429 1939 1554 2002 νοῦς
1571 1938 1672 2009 τὴν

47 2015 270 2069 ἑαυτοῦ
334 2016 644 2086 εὐτέλειαν,
673 2023 766 2076 καὶ
816 2022 983 2077 πόσον
1019 2024 1380 2081 ἀπολείπεται
1416 2028 1515 2100 τῆς
1561 2030 1672 2083 τῶν

46 2105 329 2176 ἀδελφῶν
387 2108 754 2184 τελειότητος,
794 2111 902 2187 γῆν
946 2115 1041 2169 καὶ
1087 2117 1286 2172 σποδὸν
1317 2121 1344 2172 6
1381 2120 1672 2192 ἄνθρωπος

50 2199 270 2254 ἑαυτὸν
327 2201 643 2271 λογίζεται,
675 2206 774 2259 καὶ
831 2208 931 2261 οὐκ
979 2207 1301 2279 ἄνθρωπον,
1338 2211 1477 2267 ἀλλὰ
1531 2214 1673 2268 κύνα

46 2288 319 2354 τινὰ,ὠς
362 2291 590 2347 πάντων
630 2294 725 2348 ἐπὶ
777 2296 883 2365 γῆς
934 2296 1173 2367 λογικῶν
1225 2298 1535 2372 ἀνθρώπων
1590 2307 1673 2367 είς

54 2380 253 2436 πάντα
286 2383 630 2455 ὑστεροῦντα
658 2385 754 2440 καὶ⁵
785 2387 1245 2462 ἀπολειπόμενον.

16 2665 19 2693 ε
136 2646 243 2713 ξέ,
278 2648 432 2716 Φησὶ
486 2646 548 2700 τὸ
610 2648 706 2702 τοῦ
752 2652 996 2722 Χριστοῦ
1054 2654 1519 2726 στόμα,ὀστύλος
1572 2662 1674 2733 τῆς

16 2780 17 2785 η
73 2738 454 2808 Ἐκκλησίας,
488 2741 516 2793 6
552 2740 725 2810 μέγας
761 2743 942 2815 πατὴρ
990 2745 1147 2816 ἡμῶν
1176 2746 1483 2817 Βασίλειος,
1513 2752 1673 2822 Μέγα

16 2874 19 2879 .
64 2833 293 2901 ἀγαθὸν
333 2833 474 2904 πρὸς
522 2835 582 2889 τὸ
623 2836 698 2909 μὴ
743 2838 1106 2910 ἁμαρτάνειν,
1140 2842 1275 2913 μηδὲ
1300 2846 1367 2916 τῇ
1402 2846 1670 2919 ἐρχομένῃ

64 2926 270 2999 ἡμέρᾳ
322 2928 442 2990 τοῖς
493 2926 678 2992 αὐτοῖς
723 2930 1101 2999 περιπίπτειν,
1124 2932 1186 2986 τὸ
1226 2934 1368 3005 μετὰ
1403 2933 1504 3007 τὴν
1533 2938 1674 2990 ἀπο-

16 3042 23 3071 ;
69 3018 379 3087 πλήρωσιν
424 3018 522 3090 τῆς
562 3014 782 3091 ἡμέρας
830 3024 1149 3095 ἀνακρίνειν
1189 3027 1247 3079 ἐν
1294 3025 1372 3096 τῷ
1405 3027 1672 3082 συνειδότι

68 3110 264 3180 ἡμῶν,
298 3113 449 3182 ἡμᾶς
478 3113 707 3178 ἑαυτοὺς
734 3117 803 3168 τὰ
831 3116 954 3170 καθ’
982 3118 1153 3188 ἡμᾶς,
1179 3117 1232 3171 τί
1265 3118 1671 3191 πεπλημμελη-

16 3226 21 3253 ;
71 3219 289 3271 κάμεν,
322 3203 375 3255 τί
410 3204 467 3256 δέ
507 3205 1110 3279 ἐδικαιοπραγήσαμεν.
1138 3210 1311 3265 Τοῦτο
1345 3212 1444 3265 καὶ
1478 3214 1507 3265 6
1553 3210 1672 3265 Ἰὼϐ

74 3292 292 3358 ἐποίει,
339 3293 467 3365 περί
495 3311 558 3346 τε
612 3294 781 3348 αὐτοῦ
811 3298 908 3349 καὶ
937 3297 1048 3351 τῶν
1096 3299 1306 3353 τέκνων
1341 3300 1511 3354 αὐτοῦ
1538 3318 1553 3333 ο
1602 3301 1671 3355 τὰ

77 3385 195 3455 γὰρ
252 3385 378 3437 καθ’
408 3384 649 3456 ἑκάστην
712 3386 1005 3457 λογοθέσια
1054 3390 1116 3443 τὸ
1165 3389 1292 3444 καθ’
1325 3391 1480 3463 ῶραν
1511 3393 1674 3461 φωτίς-

16 3484 21 3507 “-
77 3475 264 3538 ζουσι.
295 3477 406 3529 Καὶ
462 3475 626 3531 πάλιν
672 3479 701 3530 6
757 3478 921 3543 αὐτός
962 3497 1119 3551 φησιο
1148 3480 1264 3535 Πᾶν
1305 3482 1509 3552 μέτρον
1544 3483 1670 3555 ἀρε-

16 3596 21 3605 ·
82 3585 239 3622 οτον.

16 3672 21 3717 θ
158 3661 271 3724 ξς’.
296 3659 407 3710 Καὶ
457 3658 620 3714 πάλιν
669 3660 857 3731 ἕτερος
886 3662 993 3717 τῶν
1026 3664 1096 3718 τὰ
1161 3666 1284 3721 θεῖα
1325 3669 1508 3738 σοφῶν
1538 3666 1669 3739 ἔφη,

16 3784 17 3789 η
92 3749 275 3823 Ἀρχὴ
304 3751 685 3821 καρποφορίας
711 3752 890 3819 ἄνθος,
930 3756 1026 3808 καὶ
1050 3756 1192 3828 ἁρχὴ
1228 3759 1545 3830 πρακτικῆς
1574 3763 1671 3830 ἐγ-

84 3839 344 3913 κράτεια.
379 3841 588 3894 Οὐκοῦν
645 3844 1169 3917 ἐγκρατευσώμεθα,
1201 3850 1297 3903 καὶ
1351 3850 1534 3919 τοῦτο,
1572 3853 1670 3924 μέ-

16 3986 19 3998 _
80 3950 202 4003 τρῳ
227 3932 326 3984 καὶ
359 3931 605 4004 σταθμῷ,
641 3934 717 3998 ὡς
754 3937 803 3988 οἱ
835 3937 1079 4006 Πατέρες
1122 3940 1504 3995 ἐκδιδάσκουσι
1532 3959 1546 3973 ⁸
1577 3945 1673 3996 καὶ

16 4058 21 4085 ι
84 4023 188 4093 τὴν
221 4023 436 4094 ἡμέραν
465 4024 595 4095 ὃλην
631 4025 738 4078 τῶν
778 4025 988 4080 δώδεκα
1022 4029 1181 4100 ὡρῶν
1225 4032 1283 4084 ἐν
1329 4036 1396 4104 τῇ
1441 4036 1672 4105 τηρήσει

84 4114 184 4169 τοῦ
223 4114 345 4178 νοὸς
393 4115 803 4187 παρερχώμεθα
828 4133 844 4149 ο
892 4118 1036 4173 οὕτω
1077 4122 1188 4193 γὰρ
1240 4122 1547 4191 ποιοῦντες,
1572 4126 1671 4196 τὴν

16 4248 21 4275 ς
88 4205 295 4262 κακίαν
354 4205 447 4278 βία
490 4206 600 4260 τινὶ
658 4207 849 4262 σϐέσαι
907 4212 1003 4264 καὶ
1049 4212 1281 4282 μειῶσαι
1327 4215 1672 4287 δυνησόμεθα

16 4360 17 4363 η
89 4299 235 4369 μετὰ
260 4299 428 4365 Θεοῦ,
461 4300 584 4353 ἐπεὶ
615 4301 709 4353 καὶ
745 4299 939 4374 βιαστή
967 4305 1116 4358 ἐστιν
1147 4307 1179 4376 ή
1217 4307 1477 4377 ἐνάρετος
1519 4310 1671 4363 πολι-

16 4436 19 4441 .
89 4390 233 4458 τεία,
255 4390 328 4444 δι’
358 4385 425 4462 ἦς
452 4391 653 4446 δίδοται
682 4395 715 4464 ἡ
738 4393 988 4464 βασιλεία
1012 4396 1120 4449 τῶν
1148 4398 1421 4468 οὐρανῶν.

196 4563 260 4627 ζ’.
312 4564 461 4627 Ὁδὸς
492 4566 588 4618 ἐπὶ
609 4568 711 4638 τὴν
736 4570 959 4636 γνῶσιν,
991 4570 1233 4626 ἀπάθεια
1263 4575 1359 4628 καὶ
1394 4578 1667 4632 ταπείνω-

94 4673 199 4720 σις,
230 4649 310 4709 ὧν
333 4657 507 4727 χωρὶς
540 4657 717 4724 οὐδεὶς
747 4660 935 4730 ὄψεται
963 4663 1056 4716 τὸν
1086 4664 1315 4734 Κύριον.

161 4830 266 4900 ξη’.
306 4827 368 4886 Ὀ
401 4832 762 4899 ἀδιαλείπτως
788 4837 921 4906 περὶ
957 4838 1026 4892 τὰ
1061 4839 1209 4894 ἔνδον
1248 4843 1348 4906 τὰς
1377 4845 1667 4918 διατριϐάς

94 4921 432 4993 ποιούμενος,
466 4928 756 4995 σωφρονεῖ.
794 4928 869 4980 Ob
896 4929 1058 4998 μόνον
1090 4929 1179 4997 δὲ,
1213 4932 1351 4988 ἀλλὰ
1393 4940 1487 4991 καὶ
1525 4937 1663 4993 θεω-

16 5010 18 5081 ς
100 5010 202 5078 ρεῖ,
229 5012 319 5063 καὶ
350 5010 612 5080 θεολογεῖ,
641 5015 734 5068 καὶ
764 5016 1151 5089 προσεύχεται.
1186 5023 1297 5077 Καὶ
1330 5022 1489 5080 τοῦτό
1517 5019 1664 5084 ἐστιν

16 5096 19 5179 ‘Y
97 5099 125 5151 ὃ
150 5098 293 5167 λέγει
336 5103 365 5155 6
409 5103 763 5171 Ἀπόστολος,
797 5109 1098 5179 nrt-:25th
1138 5117 1533 5184 περιπατεῖτε,
1566 5123 1664 5175 καὶ

16 5186 17 5195 ‘
100 5187 412 5258 ἐπιθυμίαν
440 5194 670 5261 σαρκὸς
696 5198 769 5251 οὺ
790 5197 877 5266 μὴ
907 5202 1216 5272 τελέσητε.

171 5278 282 5376 ξθν.
314 5280 374 5336 Ὁ
422 5283 520 5355 τὴν
582 5287 702 5340 όδδν
754 5291 850 5360 τὴν
900 5297 1286 5369 πνευματικὴν
1316 5299 1525 5356 ὁδεύειν
1585 5306 1661 5376 μὴ

100 5373 478 5444 ἐπιστάμενος,
504 5377 612 5430 τῶν
662 5381 925 5449 ἐμπαθῶν
974 5389 1266 5457 νοημάτων
1316 5394 1376 5445 οὐ
1425 5373 1656 5451 ποιεῖται

100 5465 371 5532 φροντίδα,
407 5465 526 5520 ἀλλ’
557 5466 688 5539 ὃλην
738 5471 835 5541 τὴν
888 5475 1086 5546 σχολὴν
1143 5482 1271 5551 περὶ
1327 5483 1428 5552 τὴν
1456 5487 1655 5559 ,σάρκα

165 5644 206 5675 ⁷⁸
232 5646 401 5703 Exod.
438 5662 486 5709 v,
514 5646 569 5698 2.
646 5647 687 5675 ⁷⁷
716 5647 888 5705 Galat.
919 5667 971 5716 ν,
1006 5650 1092 5706 lli.

800 264 900 325 DE
938 266 1486 339 TEMPERANTIA
1523 280 2006 350 ETNIRTUTE.
2044 310 2114 322 -m
2156 286 2547 347 CENTURIA
2580 284 2631 343 Ι.

3217 280 3354 359 1502

1702 399 1748 455 Α
1774 400 2046 468 superbiae
2076 415 2237 454 causa
2265 400 2593 468 appellatum
2629 414 2749 453 esse
2783 395 3125 453 immundum
3153 439 3168 453 .
3199 408 3255 453 et
3288 416 3351 455 ex

1775 504 1912 558 puro
1944 498 1998 543 et
2027 489 2207 545 lucido
2244 490 2437 560 angelo
2468 489 2779 559 inquinatus
2807 498 2862 543 et
2889 489 3140 560 impurus
3168 489 3351 545 deela-

1774 588 1926 634 ratus
1962 588 2065 635 est.
2107 579 2251 646 Quin
2291 580 2455 634 etiam
2503 580 2646 649 apud
2687 578 2998 647 Dominum,
3039 581 3351 653 quicunque

1774 673 2011 742 superbo
2060 681 2145 728 est
2194 671 2393 735 corde,
2440 670 2756 724 immundus
2807 671 3055 728 habetur.
3108 673 3348 730 Primum

1772 766 1919 818 enim
1947 773 2252 835 peccatum,
2281 762 2476 832 inquit,
2505 771 2586 817 est
2617 761 2890 830 superbia.
2918 763 2984 818 Et
3006 765 3153 819 hunc
3184 768 3348 822 etiam

1774 853 1829 907 in
1870 855 2091 909 modum
2133 853 2402 923 superbus
2434 851 2646 907 Pharao
2677 852 2890 907 dicebat
2926 872 2937 904 :
2971 854 3137 908 Deum
3177 866 3346 925 tuum,

1774 942 1970 1013 inquit,
2008 959 2109 995 non
2142 942 2281 1007 novi,
2306 950 2354 996 et
2381 938 2555 994 Israel
2584 955 2686 993 non
2717 939 2978 991 dimittam
2999 940 3064 992 ⁷⁸.

1845 1035 1932 1089 6L
1978 1034 2114 1089 Sunt
2154 1044 2335 1089 autem
2380 1019 2663 1103 permultae
2700 1030 2899 1084 mentis
2927 1029 3190 1092 actiones,
3230 1047 3349 1101 qua:

1773 1142 1875 1182 nos
1908 1126 2098 1196 juvare
2138 1135 2371 1197 possunt
2414 1124 2481 1180 ad
2523 1121 2912 1177 vindicandum
2961 1122 3089 1175 illud
3129 1125 3350 1192 praecla-

1773 1232 1894 1269 rum
1942 1215 2264 1269 humilitatis
2311 1215 2537 1277 donum,
2585 1213 2748 1267 modo
2800 1212 3016 1266 solliciti
3063 1214 3234 1269 simus
3284 1215 3351 1268 de

1774 1307 1947 1362 salute
1996 1316 2182 1361 nostra
2221 1325 2231 1360 :
2274 1306 2426 1361 verbi
2478 1306 2686 1377 gratia,
2738 1304 3040 1360 recordatio
3099 1317 3357 1377 peccato-'

1772 1415 1916 1461 rum,
1949 1416 2070 1469 quae
2103 1401 2306 1462 verbis,
2347 1394 2626 1469 o'peribus,
2664 1406 2721 1452 et
2758 1397 3089 1468 cogitatione
3130 1410 3352 1455 contra-

1772 1489 1956 1545 bimus
1989 1509 2002 1543 :
2041 1499 2096 1545 et
2147 1491 2252 1544 alia
2305 1490 2570 1560 plurima,
2619 1505 2741 1558 quae
2792 1489 3123 1559 speculando
3176 1492 3350 1563 colligi

1771 1588 2020 1650 possunt,
2054 1580 2306 1651 perutilia
2342 1589 2471 1635 sunt
2510 1581 2671 1635 nobis
2701 1580 2766 1633 ad
2800 1580 3180 1636 humilitatem.
3211 1582 3351 1639 Nee-

1771 1685 1882 1725 non
1915 1670 2047 1725 illud
2075 1686 2261 1725 veram
2297 1671 2662 1725 humilitatem
2691 1671 2853 1741 parit,
2882 1671 2924 1727 si
2956 1673 3076 1742 quis
3111 1689 3197 1727 res
3230 1690 3351 1743 qum

1773 1764 2018 1834 quotidie
2049 1780 2309 1835 prospere
2345 1773 2627 1837 geruntur,
2664 1781 2694 1820 a
2730 1766 3011 1836 proximis,
3048 1767 3187 1823 inter
3214 1783 3351 1838 quos

1774 1863 2043 1922 versatur,
2081 1864 2137 1910 et
2183 1855 2290 1910 alia
2325 1871 2446 1926 quae
2485 1865 2681 1910 natura
2724 1859 3035 1927 suppeditat
3076 1860 3175 1923 eis,
3222 1875 3348 1929 pos-

1774 1947 2044 2002 sessiones
2077 1946 2229 2012 item,
2263 1946 2405 2016 apud
2441 1946 2680 2017 seipsum
2721 1947 3067 2017 magnilaeiat
3095 1968 3107 2003 :
3138 1965 3351 2003 rerum-

1773 2050 1879 2105 que
1911 2035 1979 2090 ad
2013 2050 2109 2090 eos
2140 2035 2536 2106 pertinentium
2566 2051 2691 2095 cum
2726 2036 2842 2090 suis
2870 2037 3158 2091 collatione
3188 2038 3348 2105 facta,

1775 2127 1847 2182 ita
1889 2128 2294 2198 contempletur
2330 2129 2514 2183 animo
2552 2144 2703 2183 suam
2749 2129 3067 2197 exilitatem,
3100 2139 3155 2185 et
3188 2148 3348 2200 quam

1774 2217 1932 2288 longe
1963 2217 2107 2273 absit
2138 2218 2207 2273 ab
2240 2234 2427 2273 eorum
2468 2218 2824 2289 perfectione,
2860 2229 3055 2274 terram
3097 2237 3161 2274 ac
3198 2221 3349 2275 cinc-

1775 2323 1888 2363 rem
1931 2308 2175 2378 seipsum
2214 2309 2509 2375 existimet,
2545 2318 2600 2363 et
2640 2326 2751 2365 non
2795 2310 3094 2375 hominem,
3125 2309 3216 2365 sed
3259 2327 3352 2365 ca-

1774 2415 1899 2454 nem
1937 2399 2227 2469 quemdam
2256 2441 2270 2467 ,
2327 2401 2474 2456 velut
2501 2411 2821 2456 cunctorum
2860 2402 2949 2472 qui
2983 2402 3035 2455 in
3072 2410 3213 2456 terra
3253 2403 3352 2458 der

1775 2501 1910 2559 gunt
1952 2490 2236 2545 hominum
2284 2490 2633 2546 rationalium
2681 2491 2734 2545 in
2780 2492 2929 2547 omni
2984 2508 3184 2563 genere
3228 2492 3353 2547 inll-

1775 2595 1925 2634 mum
1955 2589 2010 2635 et
2042 2590 2401 2652 postremum.
2450 2564 2461 2581 χ

1846 2672 1932 2727 65.
1968 2672 2041 2727 Os
2081 2672 2303 2738 Christi,
2340 2674 2593 2729 columna
2633 2674 2907 2741 Ecclesiae,
2943 2690 3172 2747 magnus
3200 2686 3353 2747 pater

1774 2772 1964 2819 noster
2019 2764 2254 2820 Basilius
2309 2767 2404 2833 ait,
2445 2766 2602 2821 valde
2658 2767 2905 2823 conferre
2952 2766 3019 2821 ad
3071 2767 3351 2822 vitandum

1774 2866 2079 2923 peccatum,
2113 2864 2169 2911 et
2200 2865 2262 2911 ut
2299 2867 2517 2927 postera
2554 2858 2641 2914 die
2673 2859 2725 2912 in
2757 2859 2946 2914 eadem
2977 2860 3203 2914 crimina
3242 2876 3351 2914 non

1774 2945 2097 3010 dilabamur,
2129 2947 2174 3002 si
2212 2957 2437 3018 peracto
2473 2965 2691 3022 quoque
2718 2950 2805 3005 die
2835 2966 2937 3004 nos
2965 2950 3110 3020 ipsos
3135 2959 3354 3005 nostra—

1700 3070 1742 3126 Ο
1776 3052 1881 3106 que
1907 3039 2282 3095 examinemus
2313 3042 2367 3095 in
2404 3043 2738 3098 conscientia
2769 3053 2953 3097 nostra
2995 3061 3009 3095 :
3046 3043 3173 3112 quid
3213 3044 3353 3097 deli-

1774 3127 2013 3196 quimus,
2045 3130 2243 3199 quidve
2274 3132 2404 3186 boni
2438 3134 2621 3202 operis
2652 3134 2944 3188 edidimus.
2975 3134 3030 3189 Id
3064 3136 3225 3189 etiam
3251 3133 3355 3189 Job

1766 3218 2026 3285 faciebat,
2062 3230 2170 3275 tam
2204 3237 2300 3277 sua
2333 3239 2494 3292 quam
2546 3224 2780 3278 ﬁliorum
2824 3240 3006 3279 causa.
3042 3224 3170 3290 Qua:
3206 3226 3352 3279 enim

1776 3306 2022 3376 quotidie
2059 3309 2271 3364 ratione
2306 3311 2705 3374 subducuntur,
2736 3312 3014 3365 declarant
3048 3312 3177 3381 quid
3219 3312 3349 3365 hora

1773 3414 1988 3468 quaque
2025 3406 2236 3469 gestum
2278 3400 2341 3454 sit
2392 3416 2455 3453 ac
2497 3402 2813 3470 gerendum.
2845 3400 3081 3453 Rursum
3112 3400 3201 3454 ille
3236 3402 3352 3471 ipso

1774 3487 2007 3542 Basilius
2038 3486 2210 3542 dicit:
2242 3485 2459 3541 Modum
2490 3502 2707 3541 omnem
2738 3502 2858 3542 esse
2890 3488 3175 3558 optimum.

1702 1732 1744 1787 Β

1843 3664 1930 3719 66.
1974 3663 2163 3718 Denuo
2204 3662 2344 3718 alius
2383 3679 2414 3718 e
2456 3663 2646 3734 peritis
2692 3678 2873 3717 rerum
2918 3663 3224 3721 divinarum
3264 3664 3358 3722 in-n
3450 3718 3455 3723 .

1773 3754 1909 3824 quit,
1951 3753 2173 3808 Initium
2227 3752 2540 3817 fertilitatis,
2578 3749 2805 3807 est'llos
2851 3771 2863 3807 :
2917 3761 2968 3807 et
3024 3754 3355 3823 principium

1775 3862 1957 3900 rerum
2018 3847 2383 3917 agendarum,
2437 3853 2519 3900 est
2581 3844 2934 3898 continentia.
2995 3842 3355 3899 Continentes

1776 3938 1938 4009 igitur
1980 3938 2151 3992 simus
2185 3956 2198 3991 :
2231 3938 2391 4006 idque
2445 3951 2569 3991 cum
2620 3936 2783 3990 modo
2833 3944 2887 3989 et
2938 3943 3157 3998 statera,
3192 3935 3350 3995 sicuti

1776 4029 1964 4083 Patres
1997 4028 2193 4084 docent
2226 4048 2239 4082 :
2276 4037 2548 4098 totamque
2581 4027 2724 4081 diem
2763 4026 3048 4080 duodecim
3093 4027 3295 4083 horartt
3317 4044 3349 4079 η

1774 4121 1827 4176 in
1860 4122 2233 4177 conservando
2262 4121 2445 4175 animo
2477 4120 2862 4190 transigamus.
2894 4118 2971 4172 lla
3002 4119 3150 4172 enim
3183 4133 3356 4189 agem

1777 4227 1877 4283 tes,
1914 4213 2233 4288 poterimus.
2268 4214 2380 4268 Deo
2424 4220 2725 4281 praeeunte,
2776 4211 2827 4264 vi
2874 4211 3118 4279 quaedam
3169 4210 3350 4267 inuiti.

1774 4327 1944 4367 nuere
1975 4309 2167 4366 vitium
2194 4314 2243 4361 et
2271 4305 2635 4376 exstinguere.
2676 4301 2925 4359 Violenta
2959 4303 3226 4373 siquidem
3266 4313 3352 4361 est

1702 4400 1746 4454 ι)
1773 4400 2118 4460 conversatio
2167 4400 2462 4455 virtutibus
2527 4399 2709 4454 dedita
2771 4414 2876 4469 qua
2918 4414 3143 4471 regnum
3186 4400 3353 4454 cretea

1775 4507 1895 4546 rum
1932 4491 2186 4562 donatur.

1844 4580 1932 4637 67.
1976 4579 2070 4633 Via
2112 4592 2232 4647 quae
2273 4575 2422 4632 ducit
2460 4576 2526 4631 ad
2566 4577 2956 4647 cognitionem,
2991 4584 3075 4630 est
3107 4577 3351 4630 vacuitas

1773 4670 2145 4733 allectionum,
2195 4676 2250 4722 et
2291 4667 2567 4721 humilitas
2601 4684 2615 4719 :
2655 4667 2772 4721 sine
2808 4666 3007 4735 quibus
3056 4683 3217 4721 nemo
3264 4669 3349 4723 vi-

1773 4760 1924 4814 debit
1955 4759 2265 4812 Dominum.

1841 4851 1931 4905 68.
1974 4848 2079 4915 Qui
2125 4845 2344 4901 assidue
2394 4844 2488 4899 dat
2532 4858 2755 4913 operam
2805 4845 2970 4899 rebus
3011 4844 3262 4910 internis,
3300 4847 3349 4900 is

1771 4943 2010 5012 prudens
2036 4951 2138 4994 εει.
2165 4937 2354 5007 Neque
2380 4951 2509 4990 vero
2543 4935 2596 4990 id
2627 4944 2837 4990 tantum
2866 4954 2878 4989 :
2908 4936 3003 4991 sed
3025 4944 3079 4990 et
3104 4946 3345 4991 contem-

1771 5033 1994 5104 plationi
2019 5041 2076 5086 ut
2113 5030 2396 5101 theologia:
2429 5028 2615 5083 studet
2651 5037 2700 5083 et
2735 5028 3055 5099 precationi.
3092 5030 3349 5100 Istudun

1768 5134 1851 5180 est
1878 5124 2022 5193 quod
2061 5124 2138 5179 ait
2165 5120 2478 5193 Apostolus,
2511 5119 3035 5190 Spiritu-ambulate,
3064 5130 3113 5176 et
3141 5123 3346 5177 deside-

1770 5220 1850 5270 ria
1887 5218 2062 5270 carnis
2094 5233 2198 5269 non
2226 5214 2503 5285 perﬁcietis
2532 5213 2596 5271 ⁷⁷.

1841 5308 1927 5364 69.
1970 5307 2074 5374 Qui
2127 5307 2264 5362 viam
2319 5304 2614 5376 spiritalem
2662 5304 2934 5360 conﬁcere
2984 5304 3187 5370 nescit,
3232 5320 3342 5362 non

1767 5409 1921 5453 curat
1968 5398 2322 5469 cogitationes
2355 5396 2638 5451 affectibus
2680 5397 2910 5459 deditas,
2947 5385 3041 5450 sed
3094 5406 3236 5451 totus
3273 5397 3344 5453 de

1766 5508 1926 5546 carne
1960 5492 2224 5547 sollicitus
2254 5496 2339 5545 cst
2371 5498 2466 5545 :et
2506 5499 2597 5545 aut
2629 5489 2939 5562 erapulatur
2977 5497 3033 5543 et
3066 5487 3336 5558 iutcmps-
