3764 6304
32 322 207 391 1505

788 321 887 381 DE
902 319 1465 382 'TEMPERANTIA
1510 321 1604 380 ET
1644 321 1668 381 λ

1797 320 2007 380 I‘UTE.
2048 346 2117 359 --
2156 322 2546 388 CENTURIA
2587 327 2634 387 Ι.

3210 331 3232 396 1
3243 334 3346 399 506

122 435 221 487 π’.
287 433 375 496 Ὠς
406 430 680 484 ἀπέθανεν
715 430 855 501 ὑπὲρ
882 430 993 483 τῶν
1023 431 1311 501 ἁμαρτιῶν
1345 430 1668 502 ήμῶνδκατὰ

1845 428 1937 484 80.
1980 431 2116 485 Nam
2166 442 2418 490 mortuus
2463 443 2549 490 est
2596 452 2697 507 pro
2730 439 2968 508 peccatis
3001 441 3225 510 nostris,
3255 459 3347 500 se-

32 526 157 586 τὰς
187 522 457 594 Γραφὰς,
486 522 581 575 καὶ
612 522 724 584 τοῖς
750 516 808 574 εὖ
832 520 1178 574 δουλεύουσιν
1215 522 1366 592 αὐτῴ
1401 521 1500 591 τὴν
1528 522 1674 574 ὲλευο

32 602 276 683 θερίαν
302 611 617 683 χαρίζεται-
651 611 788 682 φησὶ
817 610 948 679 γάρ·
997 610 1107 677 Εὖ,
1139 610 1325 665 δοῦλε
1355 612 1540 682 ἀγαθέ
1572 613 1674 665 καί

34 704 290 771 πιστέ,
329 703 429 757 ἐπὶ
466 703 643 772 ὀλίγα
676 703 892 772 ἐγένου
922 703 1160 767 πιστὸς,
1195 703 1295 756 ἐπὶ
1324 702 1574 767 πολλῶν
1598 717 1673 756 σε

38 792 479 859 καταστήσω,
516 794 756 848 εἴσελθε
788 797 876 860 εις
908 794 1023 861 τὴν
1050 794 1246 861 χαρὰν
1292 796 1402 849 τοῦ
1451 798 1673 866 Κυρίου

39 903 218 940 σου.
271 884 445 939 Οὔπω
468 886 525 939 δὲ
548 885 735 949 δοῦλός
770 888 886 939 ἔστι
926 889 1139 954 πιστὸς,
1163 890 1192 942 6
1216 888 1345 961 ψιλῇ
1376 892 1441 960 τῇ
1470 888 1674 959 γνώσει

38 978 534 1049 ἐπερειδόμενος,
564 977 680 1031 ἀλλ’
724 980 753 1031 6
797 978 865 1031 δι’
891 979 1138 1052 ὑπακοῆς
1182 981 1262 1052 τῷ
1305 983 1675 1053 ἐντειλαμένῳ

38 1070 316 1140 Χριστῷ
360 1070 656 1137 πιστεύων,
708 1069 800 1123 τὸν
832 1071 1114 1142 Δεσπότην
1166 1072 1365 1142 τιμῶν,
1412 1077 1560 1126 ποιεῖ
1604 1074 1674 1128 τὰ

41 1161 457 1232 κελευόμενα·
508 1161 734 1231 σφαλεὶς
784 1161 840 1214 δὲ
886 1162 921 1233 ἢ
977 1163 1357 1234 παρακούσας,
1411 1166 1674 1236 ὑπομένει

38 1253 134 1317 ὡς
173 1254 304 1307 ἴδια
350 1253 420 1307 τὰ
482 1254 849 1324 ἐπερχόμενα.
887 1254 1198 1326 Φιλομαθὴς
1242 1252 1338 1311 οὖν
1385 1257 1538 1324 γίνου
1577 1259 1674 1311 καὶ

47 1338 411 1415 φιλόπονος²
438 1348 470 1417 ᾔ
499 1346 611 1416 γὰρ
637 1344 767 1415 ψιλὴ
798 1345 1003 1413 γνῶσις
1033 1350 1215 1415 φυσιοῖ
1240 1347 1332 1400 τὸν
1357 1347 1667 1419 ἄνθρωπον.

136 1521 276 1577 σπι-ι’.
320 1524 384 1577 Ol
433 1523 859 1594 ἀπροσδοκήτως
914 1525 1050 1595 ἡμῖν
1104 1522 1501 1592 συμϐαίνοντες
1555 1540 1675 1575 πει-

53 1617 319 1687 ρασμοὶ,
361 1615 725 1687 οἰκονομικῶς
781 1617 930 1686 ἡμᾶς
981 1614 1303 1684 φιλοπόνους
1356 1614 1670 1670 διδάσκουσι

49 1705 371 1775 γενέσθαι.

1775 520 2017 575 cundum
2049 522 2405 592 Scripturas:
2437 541 2502 581 ac
2529 526 2670 582 bene
2709 530 3078 587 servientibus
3107 534 3157 587 ei
3181 534 3347 588 liber-

1775 616 1942 665 tatem
1988 613 2228 681 gratuito
2273 614 2518 685 largitur.
2567 617 2750 687 lnquit
2779 621 2927 675 enim
2959 640 2972 674 :
3011 620 3349 692 Euge,serue

1773 699 1902 755 bone
1926 712 1973 756 et
1993 703 2182 771 ﬁdelis,
2204 722 2368 775 supra
2397 724 2568 777 pauca
2589 710 2738 780 fuisti
2766 711 2955 779 ﬁdelis.
2980 729 3141 783 supra
3178 714 3345 767 multa

1772 801 1824 845 te
1864 795 2183 849 constituam
2211 812 2231 850 :
2267 798 2409 851 intra
2450 799 2507 851 in
2539 800 2795 869 gaudium
2822 800 3038 857 Domini
3064 806 3143 858 lui
3170 806 3238 858 δι.
3270 807 3338 859 At

1774 885 2017 940 nondum
2049 898 2135 941 est
2182 887 2358 943 fidelis
2394 905 2611 955 servus,
2635 892 2727 961 qui
2767 892 2836 947 de
2859 894 3002 948 nuda
3034 898 3347 966 cognitione

1772 974 2035 1044 gloriatur
2066 995 2080 1029 :
2112 977 2206 1032 sed
2225 978 2317 1047 qui
2340 980 2726 1050 obtemperans
2745 985 3084 1054 praecipienti
3105 987 3345 1045 Christo.

1774 1067 1965 1131 credit,
1989 1076 2041 1123 et
2079 1083 2418 1138 prosequens
2445 1071 2655 1128 honore
2675 1072 2989 1141 Dominum,
3024 1076 3173 1132 illius
3194 1078 3346 1147 iussa

1775 1158 2003 1227 peragit.
2038 1159 2139 1224 Qui
2171 1169 2354 1216 autem
2378 1171 2543 1228 errat,
2578 1172 2633 1217 ct
2663 1179 2772 1219 non
2802 1175 2978 1235 paret,
3013 1183 3174 1222 casus
3197 1168 3349 1224 velut

1774 1248 2079 1317 peculiares
2141 1250 2286 1306 ferre
2340 1254 2572 1324 cogitur.
2643 1255 2931 1323 Quocirca,
2992 1259 3240 1315 discendi
3291 1271 3348 1315 et

1771 1341 2034 1407 operandi
2056 1342 2334 1398 studiosus
2364 1352 2483 1398 esto
2515 1364 2528 1398 :
2559 1346 2685 1415 quia
2710 1348 2855 1402 nuda
2882 1351 3124 1421 cognitio
3152 1351 3344 1405 inﬂare

1771 1430 1910 1483 solet
1940 1431 2239 1486 hominem.
2993 1490 3001 1499 ,

1841 1518 1933 1573 81.
1969 1519 2346 1588 Tentationes,
2383 1538 2504 1592 quae
2528 1526 2687 1581 nobis
2716 1541 2781 1581 ex
2812 1539 3090 1599 Insperato
3125 1534 3345 1588 contin-

1772 1618 1927 1680 gunt,
1961 1608 2370 1680 dispensatione
2396 1614 2578 1670 divina
2613 1632 2715 1673 nos
2741 1618 2963 1687 docent,
2996 1620 3050 1675 in
3080 1624 3349 1679 continuo

1774 1700 1961 1754 labore
1991 1702 2198 1755 versari
2227 1702 2449 1758 debere.

139 1799 273 1869 πβ’.
320 1800 481 1852 Ἴδιον
510 1799 608 1868 μὲν
632 1798 863 1868 ἀστέρος
888 1796 951 1853 τὸ
976 1797 1104 1867 περὶ
1135 1796 1296 1851 αὐτὸν
1320 1796 1458 1865 φῶς,
1489 1796 1585 1851 τοῦ
1613 1797 1668 1850 δὲ

1841 1790 1931 1846 82.
1953 1789 2132 1846 Stella:
2155 1794 2480 1863 proprietas,
2504 1804 2588 1850 est
2608 1796 2792 1853 lumen
2820 1816 2928 1871 quo
2948 1803 3187 1859 ambitur
3215 1824 3229 1860 :
3266 1808 3341 1875 pii

30 1886 382 1951 θεοσεϐοῦς
420 1889 517 1943 καὶ
563 1890 696 1942 Θεὸν
744 1888 1081 1959 φοϐουμένου
1112 1888 1264 1952 ίδιον,
1297 1888 1542 1941 εὐτέλεια
1574 1891 1671 1942 καὶ⁵

53 1980 460 2044 ταπείνωσις·
500 1981 625 2033 ἐπεὶ
668 1980 792 2050 μηδ’
822 1979 952 2033 ἄλλο
983 1996 1035 2032 τι
1084 1979 1449 2050 γνωριστικὸν
1497 1979 1670 2047 πέφυ-

59 2088 167 2124 κεν
200 2066 379 2136 εἶναι,
428 2071 522 2123 καὶ
563 2070 852 2141 δηλότερον
887 2072 1115 2140 σημεῖον
1145 2070 1254 2123 τῶν
1285 2070 1381 2123 τοῦ
1428 2070 1670 2141 Χριστοῦ

62 2163 377 2234 μαθητῶν,
407 2163 482 2223 ὡς
508 2162 766 2216 ταπεινὸν
805 2163 1060 2233 φρόνημα
1090 2163 1187 2215 καὶ
1214 2162 1431 2225 εὐτελὲς
1463 2164 1663 2232 σχῆμα.

62 2255 189 2307 Καὶ
220 2253 394 2307 τοῦτο
419 2253 596 2306 πάντα
628 2253 792 2323 βοῶσι
817 2253 886 2306 τά
908 2255 1155 2325 τέσσαρα
1184 2254 1495 2323 Εὑαγγέλια
1515 2272 1529 2285 ·
1561 2257 1590 2308 6
1614 2257 1670 2308 δὲ

65 2348 152 2418 μὴ
183 2346 374 2409 οὕτως
399 2347 671 2408 ταπεινῶς
697 2345 866 2415 βιοὺς,
897 2346 993 2398 τοῦ
1030 2347 1234 2418 μέρους
1272 2348 1530 2401 ἐκπίπτει
1572 2348 1669 2402 τοῦ

61 2439 282 2492 ἑαυτὸν
316 2437 581 2500 ἑκουσίως
626 2437 1070 2500 ταπεινώσαντος
1120 2438 1282 2508 μέχρι
1310 2439 1547 2510 σταυροῦ
1576 2441 1671 2494 καὶ

63 2528 351 2593 θανάτου,
395 2528 488 2582 τοῦ
527 2528 622 2582 καὶ
655 2527 759 2580 τῶν
794 2526 956 2582 θείων
989 2529 1335 2598 Εὑαγγελίων
1359 2531 1669 2599 πρακτικοῦ

64 2638 127 2675 νο
135 2620 403 2698 μοθέτου.

148 2809 275 2872 πγ’.
316 2804 381 2855 01
423 2800 742 2870 διψῶντες,
793 2801 949 2872 φησι,
992 2802 1322 2871 πορεύεσθε
1357 2802 1452 2872 ἐφ’
1475 2801 1666 2870 ῦδωρυ

70 2895 126 2948 οἱ
159 2894 222 2947 δὲ
251 2892 517 2962 διψῶντες
541 2892 697 2957 Θεὸν,
727 2892 1026 2963 πορεύεσθε
1051 2892 1383 2966 καθαρότητι
1407 2894 1666 2959 διανοίας

28 2998 29 3003 ‘
75 2988 232 3058 πλὴν
263 2986 344 3057 τῷ
375 2986 598 3056 ὑψηλῶς
626 2985 694 3038 δι’
725 2986 894 3057 αὐτῆς
924 2986 1231 3057 πετομένῳ,
1260 2986 1366 3058 χρὴ
1398 2989 1494 3041 καὶ
1531 2987 1671 3058 πρὸς

1770 1897 1901 1936 vero
1930 1897 1996 1937 ac
2034 1880 2205 1937 Deum
2242 1885 2488 1940 timentis
2519 1887 2622 1940 viri
2653 1892 2984 1960 proprietas,
3015 1905 3098 1950 est
3121 1896 3340 1967 simpli-

1770 1973 1907 2028 citas
1937 1982 1995 2029 et
2023 1972 2324 2028 humilitas.
2354 1972 2575 2030 Nullum
2616 1986 2700 2032 est
2732 1980 2880 2034 enim
2923 1983 3070 2038 aliud
3113 1987 3344 2054 quodvis

1770 2064 2114 2119 manifestius
2144 2081 2207 2119 ac
2227 2067 2430 2122 certius
2455 2068 2668 2139 signum
2697 2070 3089 2141 discipulorum
3116 2076 3340 2144 Christi,

1771 2173 1932 2226 quam
1953 2156 2176 2213 humilis
2198 2158 2266 2213 de
2288 2173 2348 2214 se
2374 2161 2732 2226 existimatio,
2753 2173 2808 2216 et
2842 2164 3070 2234 simplex
3097 2166 3337 2224 habitus.

1771 2248 1841 2302 Et
1871 2248 1979 2304 hoc
2034 2250 2331 2305 inclamant
2387 2253 2572 2307 omnia
2616 2266 2852 2323 quatuor
2892 2257 3203 2330 Evangelia.
3237 2260 3341 2327 Qui

1771 2355 1903 2394 vero
1944 2340 2002 2394 in
2035 2355 2097 2395 ea
2126 2342 2478 2412 simplicitate
2508 2344 2672 2399 vitam
2708 2362 2819 2401 non
2841 2349 2972 2419 agit,
3002 2366 3068 2405 eo
3097 2353 3343 2421 privatur

1772 2428 2059 2494 beneficio,
2108 2438 2167 2484 ut
2195 2439 2394 2500 sponte
2424 2447 2483 2487 se
2512 2431 2805 2491 humiliare
2854 2439 3045 2507 possit,
3079 2455 3249 2511 usque
3273 2444 3339 2497 ad

1771 2535 1990 2574 crucem
2024 2529 2082 2575 et
2119 2530 2351 2579 mortem
2399 2523 2805 2592 perferendam.
2860 2527 3171 2593 Quinetiam
3222 2533 3343 2602 ipso

1770 2610 2079 2667 divinorum
2126 2613 2543 2684 Evangeliorum
2580 2617 2889 2687 legislatore
2927 2620 3209 2689 privatur:
3242 2625 3339 2694 qui

1771 2704 2023 2766 sancivit,
2052 2720 2333 2775 nunquam
2374 2722 2487 2762 non
2518 2710 2855 2777 operandum
2883 2725 3024 2767 esse.

1841 2796 1931 2850 85.
1978 2794 2249 2863 Sitientes,
2294 2798 2493 2867 inquit,
2539 2802 2712 2854 uenite
2757 2803 2830 2855 ad
2858 2803 3225 2872 aquam“.At
3247 2808 3341 2877 qui

1771 2886 1935 2941 sititis
1963 2887 2160 2953 Deum,
2189 2889 2435 2945 accedite
2462 2905 2586 2946 cum
2613 2893 2848 2961 puritate
2872 2894 3072 2950 cordis.
3108 2896 3341 2952 Verum-

1773 2987 1956 3033 tamen
2006 2994 2236 3035 necesse
2286 2990 2371 3035 est
2416 2996 2541 3036 eum
2588 2983 2678 3051 qui
2742 2983 2907 3054 hujus
2940 2986 3196 3055 puritatis
3235 3004 3339 3059 ope

28 3072 33 3101 ί
75 3080 185 3149 τὴν
217 3078 327 3147 γῆν
356 3079 454 3148 τῆς
492 3077 687 3132 ἑαυτοῦ
718 3077 990 3142 εὐτελείας
1015 3078 1179 3149 όρᾷνο
1215 3079 1388 3141 οὐδεὶς
1419 3078 1527 3150 γὰρ
1567 3078 1662 3132 τοῦ

1797 3071 1917 3127 'olat
1938 3072 1993 3127 in
2026 3072 2216 3137 altum,
2241 3073 2406 3128 etiam
2438 3075 2497 3128 in
2531 3083 2731 3129 terram
2765 3093 2877 3132 suae
2913 3077 3086 3148 ipsius
3119 3081 3334 3153 simpli-

77 3168 349 3223 ταπεινοῦ
385 3169 736 3240 ὑψηλότερος.
770 3169 884 3234 ιὨς
908 3169 1017 3240 γάρ
1058 3168 1237 3237 φωτὸς
1286 3168 1360 3239 μὴ
1396 3169 1664 3241 παρόντος

28 3262 33 3289 λ
79 3259 308 3331 ζοφώδη
343 3261 437 3314 καὶ
486 3260 742 3314 σκοτεινά
787 3259 1027 3325 ἅπαντα,
1057 3258 1199 3312 οὕτω
1225 3261 1317 3313 καὶ
1356 3260 1430 3331 μὴ
1466 3261 1669 3332 παρού-

83 3370 190 3423 σης
244 3351 772 3422 ταπεινοφροσύνης,
841 3351 1020 3404 πάντα
1071 3350 1230 3421 ἡμῶν
1288 3351 1518 3419 μάταια,
1570 3352 1667 3405 καὶ

28 3450 31 3475 τ
83 3440 238 3494 ἕωλα
260 3439 326 3493 τὰ
355 3440 500 3493 κατὰ
529 3439 660 3493 Θεὸν
697 3438 1134 3510 σπουδαζόμενα.

158 3619 267 3674 πδν.
306 3618 474 3681 Τέλος
529 3617 587 3671 δὲ
640 3617 825 3684 λόγου,
860 3614 921 3668 τὸ
966 3616 1074 3669 πᾶν
1121 3616 1309 3670 ἄκουε·
1370 3616 1479 3669 Τὸν
1517 3617 1665 3671 Θεὸν

85 3710 305 3781 φοϐοῦ,
336 3712 436 3765 καὶ
467 3711 572 3776 τὰς
601 3709 857 3774 ἐντολὰς
881 3707 1068 3761 αὑτοῦ
1098 3709 1382 3777 φύλαττε,
1424 3709 1519 3763 καὶ
1541 3726 1667 3779 νοη-

28 3814 31 3847 7
84 3802 202 3864 τῶς
235 3800 330 3854 καὶ
368 3799 674 3871 αἰσθητῶςο
714 3800 763 3851 εί
797 3798 903 3867 γὰρ
943 3796 1149 3866 νοητῶς
1202 3796 1413 3866 βιάσεις
1464 3797 1666 3851 σαυτὸν

28 3930 29 3937 η
85 3891 264 3954 αὐτὰς
314 3892 524 3961 τηρεῖν,
588 3889 832 3956 ὀλιγάκις
872 3886 981 3939 τῶν
1018 3885 1291 3957 αἰσθητῶν
1356 3889 1437 3950 είς
1494 3887 1665 3951 αὑτὰς

28 4026 29 4031 η
87 3984 309 4036 κόπτων
341 3982 545 4052 δεήσει.
578 3979 717 4051 Φησὶ
756 3979 863 4050 γὰρ
890 3981 917 4032 6
949 3976 1117 4030 Δαὸίδ
1139 3993 1153 4007 ⁸
1191 3978 1569 4047 Ἡϐουλήθην
1597 3980 1664 4033 τὸ

90 4074 320 4144 θέλημά
348 4090 464 4128 σου
495 4073 592 4127 καὶ
621 4074 728 4126 τὸν
760 4073 948 4140 νόμον
976 4083 1093 4122 σου
1124 4070 1374 4136 ποιῆσαι
1400 4072 1471 4124 ἐν
1496 4072 1665 4141 μέσῳ

28 4178 29 4181 ‘
90 4166 205 4234 τῆς
242 4167 475 4231 κοιλίας
506 4182 648 4235 μου.
681 4166 777 4217 Ἂν
834 4162 909 4234 μὴ
966 4163 1024 4214 ὲν
1081 4161 1233 4231 μέσῳ
1291 4163 1395 4232 τῆς
1431 4162 1663 4228 κοιλίας,

92 4258 370 4313 τουτέστιν
418 4259 474 4311 ὲν
512 4257 650 4328 μέσῃ
696 4258 893 4328 καρδίᾳ
929 4259 957 4310 6
987 4258 1277 4331 ἄνθρωπος
1310 4256 1371 4323 τὸ
1404 4255 1497 4309 τοῦ
1529 4254 1663 4308 Θεοῦ

94 4350 310 4421 θέλημα
340 4350 434 4403 καὶ
461 4348 551 4402 τὸν
569 4348 736 4418 νόμον
763 4349 1059 4418 ποιήσειεν,
1090 4348 1215 4403 οὔτε
1241 4347 1441 4413 ἔξωθεν
1467 4346 1664 4418 ῥᾳδίως

1768 3164 1949 3219 citatis
1998 3165 2198 3219 intueri
2233 3187 2243 3220 :
2272 3165 2400 3235 quia
2438 3180 2602 3221 nemo
2636 3167 2832 3223 humili
2878 3170 2997 3225 viro
3032 3173 3316 3229 sublimior

1771 3257 1839 3311 Ut
1889 3256 2035 3311 enim
2080 3258 2309 3313 absente
2341 3258 2573 3323 lumine,
2615 3261 2913 3331 caliginosa
2954 3269 3011 3316 et
3052 3266 3339 3320 tenebrosa

1766 3354 1893 3400 Sunt
1931 3347 2116 3399 omnia
2141 3386 2157 3411 ,
2183 3348 2258 3401 ita
2313 3347 2358 3401 si
2408 3348 2552 3402 desit
2594 3349 2894 3415 humilitas,
2936 3351 3117 3405 omnia
3160 3356 3337 3409 studia

1766 3444 1975 3498 nostra,
2003 3452 2125 3505 qua:
2148 3437 2203 3492 in
2233 3438 2344 3492 Deo
2368 3440 2600 3494 colendo
2624 3441 3015 3509 impendimus,
3037 3458 3175 3499 vana
3209 3459 3339 3502 sunt

1765 3533 1821 3579 ct
1843 3525 2064 3581 frivola.

1836 3616 2269 3673 84.Universum
2301 3620 2571 3676 sermonis
2596 3621 2756 3678 linem
2784 3626 2911 3681 audi
2945 3645 2959 3684 :
2993 3628 3160 3682 Deum
3191 3629 3334 3693 time,

1764 3714 1814 3759 et
1838 3707 2093 3761 mandata
2126 3709 2243 3778 ejus
2268 3726 2419 3764 serva
2443 3709 2514 3777 ⁸⁸,
2534 3720 2641 3765 tam
2667 3714 2853 3769 animo
2874 3732 3035 3786 quam
3060 3714 3332 3773 sensibus.

1763 3795 1899 3851 Nam
1953 3799 2045 3852 ubi
2070 3800 2311 3871 coegeris
2358 3802 2544 3857 animo
2573 3803 2807 3874 teipsum
2844 3808 2911 3862 ad
2942 3823 3005 3863 ea
3048 3811 3332 3875 servanda,

1766 3889 2077 3959 impingens
2105 3890 2161 3942 in
2198 3905 2390 3945 sensus
2420 3901 2562 3958 tuos,
2585 3894 2856 3964 indigebis
2888 3896 3160 3953 interdum
3190 3900 3334 3954 illis:

1764 3993 1889 4032 cum
1927 3978 2093 4033 David
2125 3979 2307 4035 dicat:
2339 3981 2490 4035 Volui
2532 3983 2855 4039 uoluntatem
2891 3994 3043 4040 tuam
3079 3997 3127 4042 et
3158 3989 3324 4059 legem

1765 4077 1915 4121 tuam
1952 4070 2145 4139 facere,
2178 4070 2234 4122 in
2261 4070 2434 4126 medio
2462 4074 2656 4127 ventris
2686 4076 2786 4127 mei
2810 4074 2880 4128 “.
2922 4076 3039 4129 Nisi
3073 4078 3129 4131 in
3154 4079 3336 4132 medio

1764 4161 1991 4221 ventris.
2038 4160 2145 4216 hoc
2177 4170 2280 4225 est,
2327 4162 2382 4215 in
2429 4164 2611 4218 medio
2656 4165 2840 4227 corde,
2890 4167 3224 4223 voluntatem
3270 4185 3337 4222 ac

1766 4251 1941 4320 legem
1979 4251 2077 4305 Dci
2113 4251 2339 4321 impleat
2388 4253 2572 4316 homo.
2609 4270 2709 4310 nec
2757 4257 3001 4312 exterius
3033 4258 3135 4313 hoc
3174 4259 3333 4338 facile

1766 4342 1971 4411 poterit
2006 4341 2239 4397 eﬂicere.
2295 4344 2598 4400 Conveniet
2633 4346 2816 4417 itaque
2864 4347 3033 4402 Deum
3066 4349 3334 4420 intempe-

95 4440 298 4511 πρᾶξαι
338 4438 499 4493 τοῦτο
554 4437 797 4491 δύναται.
849 4440 958 4492 Καὶ
1009 4442 1127 4510 ὲρεῖ
1182 4441 1319 4510 πρὸς
1365 4439 1553 4492 Θεὺνό
1587 4437 1661 4509 μὴ

1797 4447 1896 4487 ans
1929 4441 1985 4486 et
2027 4447 2195 4503 vagus
2230 4432 2414 4498 homo,
2457 4432 2544 4489 his
2586 4436 2790 4501 verbis,
2824 4435 2979 4492 Viam
3010 4446 3159 4493 tuam
3194 4441 3336 4496 scire

94 4533 278 4599 νήφων
302 4530 396 4582 καὶ
428 4528 740 4598 ἀδιάφορος,
777 4527 858 4594 τὸ,
893 4528 1045 4592 ὁδούς
1076 4546 1170 4582 σου
1209 4530 1409 4582 ειδέναι
1435 4530 1495 4582 οὐ
1535 4528 1661 4599 βού-

97 4621 279 4690 λομαι,
326 4619 541 4681 πάντως
588 4618 655 4671 δι’
691 4618 924 4689 ἔλλειψιν
973 4619 1122 4683 θείας
1174 4620 1528 4690 ὲλλάμψεως·
1559 4615 1661 4692 ἧσ-

98 4727 241 4774 τινος
289 4712 317 4763 6
370 4707 615 4780 μετέχων
673 4710 771 4765 οὐκ
836 4712 1305 4784 ἀπληροφόρητος,
1365 4712 1501 4765 ἀλλὰ
1566 4711 1663 4766 καὶ

102 4800 328 4871 ἔμπεδος
365 4800 566 4864 ἱκανῶς
600 4802 729 4873 περὶ
761 4802 829 4855 τὰ
856 4802 973 4856 θεῖα
999 4804 1313 4873 γενήσεται.

171 4898 270 4950 πε’.
311 4892 522 4964 Ὠσπερ
559 4892 667 4964 γὰρ
712 4894 772 4946 τὸ
804 4893 1059 4965 αἰσθητὸν
1093 4894 1225 4957 ἃλας
1249 4892 1430 4964 ἡδύνει
1468 4892 1561 4948 τόν
1595 4909 1657 4945 τε

106 4982 260 5049 ἄρτον
285 4984 379 5037 καὶ
426 4984 536 5037 πᾶν
573 4983 727 5052 ὄψον,
763 4985 857 5038 καὶ
890 4985 1109 5055 ἄσηπτα
1148 4984 1272 5037 τινὰ
1322 4983 1428 5036 τῶν
1483 4984 1661 5056 κρεῶν

106 5074 200 5125 καὶ
255 5072 493 5142 διαρκῶν
558 5074 837 5143 φυλάττει,
878 5078 972 5129 καὶ¹
1031 5077 1130 5147 τὴν
1189 5075 1424 5140 όζωδίαν
1480 5076 1665 5129 πᾶσαν

109 5162 458 5226 διασκεδάζει·
479 5162 624 5217 οὕτω
645 5166 738 5217 καὶ
767 5166 859 5217 ἐπὶ
888 5167 988 5235 τῆς
1011 5165 1106 5219 τοῦ
1134 5167 1254 5228 νοὸς
1276 5165 1542 5235 φυλακῆς,
1564 5165 1665 5234 τῆς

113 5251 295 5321 νοητῆς
326 5249 589 5321 ἡδύτητος
616 5253 712 5305 καὶ
745 5252 1066 5323 θαυμαστῆς
1101 5255 1361 5323 ἐργασίας
1392 5254 1519 5306 νόει.
1556 5254 1665 5305 Καὶ

114 5344 215 5413 γὰρ
255 5344 430 5415 ἡδύνει
480 5343 700 5408 ὲνθέως,
732 5344 829 5398 καὶ
872 5345 964 5398 τὸν
1021 5346 1195 5410 ἐντός,
1236 5346 1331 5398 καὶ
1378 5344 1471 5397 τὸν
1508 5343 1664 5407 ἐκτὸς

115 5432 406 5503 ἄνθρωπον,
440 5433 535 5484 καὶ
568 5432 668 5502 τὴν
700 5432 928 5495 όζωδίαν
959 5434 1068 5487 τῶν
1098 5433 1359 5504 πονηρῶν
1388 5431 1667 5501 λογισμῶν

117 5521 368 5584 ἐκδιώκει,
402 5521 497 5574 καὶ
537 5520 777 5592 διαρκῶν
827 5523 887 5575 ὲν
931 5525 1045 5586 τοῖς
1088 5524 1272 5586 καλοῖς
1306 5526 1453 5593 ἡμᾶς
1484 5524 1671 5590 διαφυ-

118 5613 282 5665 λάττει

184 5732 220 5763 ⁸³
255 5729 436 5785 Matth.
469 5745 589 5796 xxv,
622 5729 710 5784 23.
790 5729 835 5763 ⁸¹
858 5731 954 5785 lsa.
987 5748 1072 5797 Lv,
1112 5733 1157 5789 ί.
1236 5735 1278 5766 ³η
1313 5733 1476 5788 Eccli.
1503 5751 1595 5801 xu,
1634 5734 1695 5788 l5

1766 4523 1896 4578 nolo
1922 4541 1935 4576 :
1964 4524 2156 4597 utique
2180 4523 2249 4578 ob
2271 4523 2544 4580 defectum
2573 4525 2947 4582 illustrationis
2973 4529 3190 4583 divinm.
3223 4529 3335 4585 Cu-

1760 4611 1853 4680 jus
1897 4613 2116 4681 quidem
2162 4613 2255 4682 qui
2288 4614 2565 4685 particeps
2617 4625 2722 4681 est,
2760 4632 2870 4671 non
2903 4626 2986 4671 est
3039 4618 3281 4674 incertus
3318 4639 3331 4673 :

1767 4703 1862 4757 sed
1908 4704 2149 4774 illigatus
2195 4714 2247 4760 et
2278 4704 2575 4775 impeditus
2603 4708 2797 4761 evadet
2831 4707 3047 4762 abunde
3074 4709 3217 4763 circa
3247 4727 3335 4766 res

1769 4794 2004 4848 divinas.

1843 4884 1931 4938 85.
1983 4883 2269 4949 Quomodo
2288 4884 2366 4939 sal
2403 4884 2548 4939 istud
2587 4886 2787 4941 sensile
2817 4887 3044 4942 condire
3071 4889 3211 4945 solet
3240 4906 3333 4961 pa-

1772 4990 1921 5039 nem,
1959 4984 2014 5029 et
2054 4990 2272 5031 omnem
2321 4990 2526 5039 escam,
2564 4991 2756 5031 carnes
2793 4977 2923 5032 item
2963 4981 3248 5049 quasdam,
3278 4994 3334 5039 et

1772 5081 1893 5135 qua:
1913 5065 2171 5122 duratura
2208 5073 2355 5129 sunt,
2390 5076 2721 5121 conservata
2745 5069 3052 5138 putredine,
3082 5087 3333 5128 omnem-

1772 5175 1880 5229 que
1917 5158 2117 5212 malum
2167 5157 2315 5228 fugat
2342 5157 2566 5213 odorem
2608 5175 2623 5213 :
2663 5160 2811 5216 hunc
2843 5161 3088 5219 etiamin
3110 5166 3332 5219 modum

1773 5251 1977 5305 sentire
2016 5249 2185 5304 debes
2248 5250 2315 5303 de
2368 5252 2783 5307 conservatione
2817 5254 3036 5319 mentis,
3069 5256 3335 5310 suavitate

1772 5343 1965 5406 animi,
2020 5351 2076 5396 et
2136 5341 2457 5395 admiranda
2486 5342 2605 5410 ejus
2637 5342 2892 5399 eﬂicacia.
2924 5344 3157 5400 Suavem
3188 5346 3335 5400 enim

1773 5432 2034 5486 divinitus
2064 5430 2243 5484 reddit
2274 5430 2570 5496 hominem,
2591 5440 2698 5485 tam
2730 5433 3028 5498 internum,
3049 5450 3208 5504 quam
3239 5450 3333 5489 εκ.

1780 5532 2030 5577 ternum:
2062 5529 2117 5574 et
2146 5534 2434 5589 pravarum
2464 5520 2851 5591 cogitationum
2893 5523 3108 5592 paedore
3149 5525 3335 5594 profli-

1781 5624 1925 5685 gato,
1952 5627 2308 5682 perseverans
2330 5613 2382 5665 in
2420 5613 2579 5668 rebus
2608 5613 2875 5681 honestis,
2898 5631 2998 5671 nos
3028 5627 3334 5674 conservat.

1792 5735 1836 5765 ⁸³
1859 5733 1998 5786 Psal.
2035 5747 2213 5796 χχχιιι,
2243 5732 2293 5784 9.
