3764 6304
33 353 85 414 ι9
714 350 813 409 DE
851 347 1395 409 TEMPERANTIA
1438 348 1532 406 ET
1574 343 1934 408 VlRTUTE.
1968 370 2032 378 -
2057 344 2447 404 CENTURIA
2474 346 2522 407 Ι.

3122 347 3263 414 ιδιῡ

33 476 80 521 2,
124 459 309 531 ἄκρα
358 456 610 528 προσοχὴ
638 456 737 526 τῆς
781 453 1041 524 συνεχοῦς
1068 451 1235 522 εὐχῆς
1255 467 1269 480 ’
1308 452 1342 521 ἦ
1370 451 1426 504 δὲ
1454 449 1589 520 εὐχὴ

1772 462 1911 501 mma
1935 447 2079 501 enim
2103 447 2429 513 observatio,
2462 448 2778 504 continuam
2811 463 3093 520 promovet
3133 468 3259 521 pres

33 553 127 602 λιν
163 548 426 602 ἐννοιῶν
456 547 557 616 τῆς
590 547 767 616 ἄκρας
795 546 1010 616 νὴψεως
1037 545 1131 596 καὶ
1164 542 1459 611 προσοχῆς.

33 726 136 794 ι,δ’.
188 725 478 797 Χρηστὸς
527 720 883 791 παιδαγωγὸς
928 720 1024 774 καὶ
1073 718 1168 772 τοῦ
1214 716 1467 786 σώματος
1494 716 1591 768 καὶ

33 834 47 880 ;
86 816 334 886 ψυχῆς,
369 818 404 885 ἡ
450 813 823 883 ἀνεπίληπτος
851 812 1041 882 μνήμη
1072 808 1167 862 τοῦ
1200 808 1455 871 θανάτου,
1493 807 1590 860 καὶ

1692 536 1997 591 cntionem:
2024 536 2262 605 precatio
2306 552 2524 591 rursum
2550 538 2893 606 procuralrix
2923 545 3007 592 est
3035 553 3263 593 summa

1693 625 2067 695 temperantia:
2092 634 2147 679 et
2173 625 2570 680 observationis
2591 626 2999 696 cogitationum.

1763 715 1851 769 94.
1892 714 2144 785 Optimus
2192 719 2440 787 corporis
2482 726 2537 771 et
2581 719 2776 772 animae
2806 720 3126 789 paedagogus
3158 734 3261 783 est,

1695 807 1999 863 indelebilis
2034 806 2296 863 memo’ria
2320 809 2513 864 mortis
2537 826 2550 863 :
2577 819 2651 876 et,
2690 810 2757 864 iis
2783 826 2902 879 quae
2920 820 3048 865 ante
3077 810 3266 865 oculos

33 948 48 971 ,
85 908 174 960 τὰ
211 909 281 959 ἐν
320 906 484 977 μέσῳ
529 904 750 966 πάντως
793 900 1229 971 παραδραμόντα
1270 896 1465 964 αὐτὸν,
1504 898 1594 950 ἀεὶ

1772 906 1907 964 :ent,
1955 899 2179 954 omnino
2229 900 2633 970 prietermissis,
2685 901 3035 955 continenter
3089 902 3277 956 cubile’

33 999 339 1053 οόλέπειν
385 999 485 1066 τὴν
527 995 742 1065 κλίνην,
790 993 919 1047 ἔνθα
959 988 1438 1062 ψυχορραγοῦντες
1465 988 1595 1058 μέλ-

33 1107 129 1142 ιεν
168 1087 591 1151 κατακεῖσθαι,
625 1088 720 1140 καὶ
748 1084 816 1137 τὰ
840 1082 1025 1136 λοιπά.

33 1186 147 1247 κε’.
201 1180 343 1231 Οὐκ
388 1177 561 1239 ἐστιν,
594 1175 844 1244 ἀδελφοὶ,
879 1173 1047 1226 ὕπνον
1076 1173 1315 1243 ἄρασθαι
1345 1170 1435 1222 τὸν
1477 1168 1598 1238 βου-

33 1289 212 1323 ιιενυν
266 1270 532 1337 ἄτρωτον
581 1268 763 1338 μένειν
806 1265 896 1317 διὰ
928 1264 1130 1327 παντός
1155 1280 1167 1293 ’
1197 1262 1415 1332 ἀνάγκη
1448 1260 1597 1313 δυοῖν

33 1377 247 1432 τερον,
292 1361 333 1429 ἢ
381 1361 573 1412 πεσεῖν
615 1359 712 1411 καὶ
737 1354 1039 1410 ἀπολέσθαι
1088 1352 1450 1423 γυμνωθέντα
1490 1352 1598 1404 τῶν

36 1451 230 1515 ετῶν,
286 1451 326 1520 ἦ
361 1449 451 1502 διά
481 1449 682 1511 παντὸς
710 1446 788 1517 τῷ
819 1446 901 1500 νοτ
937 1443 1404 1513 καθωπλισμένον
1434 1443 1597 1496 ἐστά-

38 1562 58 1596 ι
83 1558 100 1573 ⁶
132 1543 243 1594 καὶ
277 1541 403 1610 γὰρ
434 1543 462 1593 ὁ
494 1540 688 1612 ὲχθρδς
720 1540 807 1592 ἀεὶ
847 1539 1069 1591 ἵσταται
1105 1536 1244 1606 μετὰ
1276 1534 1373 1605 τῆς
1405 1534 1598 1587 ἑαυτοῦ

33 1631 405 1706 ιρατάξεως.

39 1730 176 1792 ἦς’.
225 1721 463 1776 Γίνεται
494 1739 578 1785 τις
612 1720 954 1784 κατάστασις
981 1718 1104 1772 θεία
1134 1721 1194 1771 ὲν
1220 1717 1299 1787 τῷ
1326 1717 1401 1788 νῷ
1441 1716 1601 1787 ἡμῶν

33 1854 37 1862 .
81 1814 197 1884 τῆς
236 1810 513 1881 συνεχοῦς
548 1811 770 1881 μνήμης
798 1807 892 1884 τοῦ
920 1807 1132 1875 Κυρίου
1156 1804 1314 1875 ἡμῶν
1357 1805 1449 1857 καὶ
1479 1805 1599 1855 ἑπι-

33 1904 254 1973 .ήσεως
283 1902 461 1955 αὑτοῦ
488 1900 766 1971 συνεχοῦς,
793 1900 887 1952 ὲάν
915 1898 990 1969 μὴ
1020 1895 1319 1967 άμελῶμεν
1340 1896 1437 1964 τῆς
1464 1894 1601 1964 πρὸς

33 1995 240 2068 ριστὸν
278 1994 493 2064 συχνῆς
524 1992 667 2046 κατά
707 1991 833 2045 νοῦν
873 1990 1109 2060 δεήσεως
1139 1989 1237 2042 καὶ
1262 1989 1361 2058 τῆς
1391 1989 1603 2056 πυκνῆς

33 2089 237 2157 λοψεως,
274 2086 383 2138 καὶ
407 2083 502 2136 τοῦ
531 2081 885 2136 ὲπιστατικοῦ
911 2082 1076 2151 ἔργου
1102 2097 1115 2111 ·
1144 2080 1278 2133 ἀλλὰ
1308 2080 1401 2133 καὶ
1436 2078 1604 2141 ὅντως

33 2196 157 2247 ιγον
194 2177 350 2229 αὐτὸ
395 2176 503 2240 ἀεὶ,
566 2176 665 2229 καὶ⁵
710 2173 975 2235 ὡσαύτως
1022 2169 1602 2241 έπιτελούμενονέχω-

33 2288 91 2323 εν
121 2269 234 2338 τῆς
281 2266 471 2337 Ἰησοῦ
526 2265 765 2337 Χριστοῦ
796 2264 893 2318 τοῦ
926 2264 1136 2335 Κυρίου
1180 2262 1339 2333 ἡμῶν
1374 2261 1605 2331 ἐπικλή-

33 2377 163 2427 εως,
192 2358 347 2411 ἀλλὰ
388 2357 527 2427 μετά
551 2356 848 2427 πυρώσεως
874 2355 1101 2426 καρδίας
1125 2352 1445 2416 ἐκϐοῶντες,
1465 2351 1606 2405 ὥστε

34 2450 358 2504 εταλαϐεἰν
400 2448 463 2500 τὸ
508 2446 663 2514 ἆγιον
706 2445 878 2516 δνομα
925 2444 1102 2514 Ἰησοῦ
1137 2461 1151 2475 ·
1197 2443 1454 2513 συνέχεια
1497 2442 1607 2517 γὰρ

33 2542 96 2594 αὶ
143 2540 251 2593 ἐπὶ
285 2537 501 2608 ἀρετῆς
532 2536 627 2593 καὶ
656 2537 747 2587 ἐπὶ
778 2535 980 2596 κακίας
1022 2536 1207 2604 μήτηρ
1232 2529 1400 2595 ἕξεως
1421 2546 1432 2561 '
1471 2532 1505 2600 ἡ
1527 2529 1606 2596 δὲ,

33 2648 71 2693 »ς
111 2630 292 2699 φύσις
325 2626 520 2679 λοιπὸν
549 2627 762 2696 κρατεῖ.
799 2624 909 2677 Καὶ
932 2626 990 2676 ὲν
1030 2621 1362 2676 καταστάσει
1384 2620 1609 2691 τοιαύτῃ

76 2722 217 2785 νοῦς
265 2719 590 2790 γενόμενος,
640 2714 795 2785 ζητεῖ
847 2716 973 2778 τοὺς
1039 2712 1352 2782 πολεμίους,
1421 2710 1609 2782 ὥσπερ

40 2816 162 2870 ύων
187 2809 521 2871 Λακωνικὸς
556 2807 767 2876 λαγωὸν
816 2809 874 2860 ἐν
907 2807 1161 2877 λόχμαις.
1198 2803 1353 2858 Οὕτω
1377 2804 1485 2873 γὰρ
1516 2804 1613 2855 καὶ

64 2905 201 2967 νοῦς
234 2897 495 2969 πονηρῶν
529 2896 806 2967 λογισμῶν
832 2895 1123 2967 ἐξερευνᾷ·
1158 2893 1272 2947 ἀλλ’
1300 2894 1329 2944 ὁ
1367 2892 1488 2962 μὲν,
1524 2892 1609 2944 ἵνα

33 2994 362 3064 εαταφάγῃο
394 2992 421 3043 ὁ
449 2989 523 3057 δὲ,
562 2989 648 3041 ῖνα
686 2988 1045 3059 καταφθείρῃ.

88 3171 202 3238 et”.
251 3170 386 3222 Ὅτε
434 3161 527 3222 οῦν
572 3168 670 3222 καὶ
714 3169 908 3231 ὁσάκις
962 3165 1354 3236 έπισυμὸαίνει
1403 3165 1609 3234 πληθύ-

37 3262 216 3316 νεσθαι
262 3261 326 3313 ἐν
371 3260 505 3329 ἡμῖν
544 3259 672 3321 τοὺς
718 3258 989 3329 πονηροὺς
1037 3257 1356 3327 λογισμοὺς,
1388 3256 1489 3327 τὴν
1516 3255 1610 3309 τοῦ

39 3353 241 3425 ίυρίου
279 3349 439 3420 ἡμῶν
481 3348 654 3421 Ἰησοῦ
682 3346 923 3418 Χριστοῦ
975 3346 1266 3416 ἐπίκλησιν
1321 3344 1490 3415 μέσον
1517 3346 1613 3399 αὑ-

41 3443 136 3495 τῶν
188 3440 558 3511 ἐμϐάλωμενσ
599 3438 695 3491 καὶ
739 3436 1126 3507 διαλυομένους
1165 3436 1367 3499 αὐτοὺς
1407 3435 1614 3498 εὐθέως

43 3533 153 3584 τότε
205 3529 345 3583 ὡσεὶ
394 3526 604 3582 καπνὸν
664 3528 724 3580 ὲν
772 3526 898 3596 ἀέρι
946 3525 1215 3597 ὀψόμεθα,
1261 3524 1336 3589 ώς
1368 3527 1402 3597 ἡ
1448 3526 1615 3595 πεῖρα

46 3620 274 3687 πδίδαξε·
311 3620 406 3673 καὶ
452 3620 550 3673 τοῦ
596 3618 720 3682 νοὸς
779 3618 941 3688 μόνου
993 3616 1448 3688 καταλειφθέντος
1492 3616 1615 3668 τότε

47 3710 342 3784 ιρχώμεθα
387 3709 551 3764 πάλιν
575 3709 674 3779 τῆς
724 3707 983 3779 συνεχοῦς
1026 3708 1305 3794 προσοχῆς
1350 3707 1444 3760 καὶ
1497 3707 1618 3761 ἑπι-

51 3804 314 3873 ιλήσεως.
360 3801 471 3853 Καὶ
514 3800 708 3862 ὁσάκις
739 3798 845 3852 ὑπὸ
872 3798 1070 3870 πείρας
1094 3798 1240 3862 τινὸς
1265 3797 1426 3851 τοῦτο
1453 3794 1617 3850 πάλιν

53 3894 329 3966 πάθωμεν,
360 3891 531 3955 οὕτως
552 3891 818 3962 ποιῶμεν.

111 4078 223 4142 [ιη’.
240 4072 332 4135 Ὠς
353 4070 463 4142 γὰρ
483 4071 543 4124 οὐ
577 4069 805 4124 δυνατὸν
838 4073 1047 4140 γυμνὸν
1066 4070 1149 4133 είς
1169 4069 1410 4139 πόλεμον
1441 4066 1619 4120 εἰσελ-

59 4164 206 4217 ιόντα
240 4161 481 4232 σώματι,
531 4161 566 4233 ἢ
606 4159 837 4213 πλεῦσαι
869 4160 1010 4231 μέγα
1045 4159 1280 4226 πέλαγος
1317 4160 1435 4227 μετ’
1466 4156 1619 4211 ἐνδυ-

61 4254 317 4324 ιάτων,ῆ
353 4252 453 4325 ζῇν
503 4254 631 4307 ἀνευ
668 4251 763 4305 τοῦ
799 4252 1082 4316 ἀναπνεῖν,
1128 4249 1305 4313 οὕτως
1352 4249 1619 4303 ἀδύνατον

63 4348 216 4415 (topic;
284 4342 666 4407 ταπεινώσεως
714 4343 810 4396 καὶ
884 4342 1139 4412 συνεχοῦς
1195 4340 1333 4412 πρὸς
1383 4341 1622 4412 Χριστὸν

1696 991 2018 1059 praevidere,
2050 991 2104 1045 in
2155 1007 2263 1062 quo
2290 991 2519 1063 posthac
2575 1007 2699 1050 cum
2737 990 3019 1062 refrigerio
3048 992 3267 1062 requie-

1697 1095 1852 1134 scere
1884 1081 2173 1150 possimus.

1766 1171 1856 1226 95.
1897 1172 2015 1225 Non
2062 1172 2243 1237 debet,
2298 1171 2515 1241 fratres,
2549 1174 2802 1243 amplecti
2855 1188 3131 1239 somnum,
3174 1173 3267 1243 qui

1700 1275 1963 1332 perpetuo
1994 1262 2110 1317 vult
2144 1263 2345 1317 illaesus
2374 1279 2618 1318 manere.
2664 1264 2854 1333 Itaque
2903 1279 3130 1318 necesse
3185 1272 3272 1316 est

1699 1355 1929 1408 alterum
1961 1354 2216 1420 duorum,
2249 1363 2344 1408 aut
2380 1355 2672 1425 spoliatum
2704 1355 3000 1410 virtutibus
3044 1368 3268 1408 occum-

1699 1446 1829 1500 bere
1845 1455 1900 1500 et
1926 1448 2126 1514 perire,
2154 1456 2248 1500 aut
2274 1454 2458 1500 mente
2489 1461 2705 1516 semper
2721 1455 2929 1500 armata
2945 1447 3266 1501 consistere:

1700 1533 1826 1603 quia
1879 1549 2159 1604 nunquam
2190 1550 2300 1590 non
2335 1543 2479 1590 astat
2524 1534 2718 1602 hostis,
2755 1536 2987 1605 stipatus
3024 1536 3270 1591 exercitu

1702 1640 1820 1679 SllO.

1772 1716 1860 1770 96.
1906 1715 2091 1772 Status
2141 1716 2363 1787 quidam
2429 1717 2649 1773 divinus
2686 1719 2934 1773 nascitur
2982 1718 3038 1772 in
3087 1717 3272 1773 animo

1704 1819 1895 1863 nostro
1923 1826 1987 1863 ex
2012 1809 2276 1863 continua
2311 1808 2521 1864 Domini
2546 1811 2719 1867 nostri
2752 1811 3031 1877 memoria,
3056 1820 3110 1866 et
3132 1811 3270 1866 assi-

1703 1899 1810 1954 dua
1849 1898 1965 1968 ejus
1999 1898 2376 1954 invocatione:
2414 1900 2577 1955 modo
2622 1902 2839 1956 solliciti
2869 1902 3040 1958 simus
3067 1903 3134 1957 de
3164 1902 3272 1956 fre-

1702 1990 1996 2060 quentibus
2044 1990 2211 2044 animi
2259 1992 2513 2060 precibus
2543 2008 2670 2063 erga
2720 1992 3023 2057 Christum,
3066 1994 3273 2048 crebris

1700 2080 1946 2150 jejuniis,
1978 2090 2032 2134 et
2076 2082 2332 2151 operibus
2392 2083 2759 2153 principatum
2800 2083 3152 2138 tenentibus:
3187 2098 3274 2137 re-

1704 2186 1854 2235 vera,
1895 2186 2060 2240 opere
2103 2171 2241 2241 ipso,
2275 2174 2416 2241 quod
2456 2174 2508 2226 in
2538 2173 2880 2228 invocatione
2932 2172 3141 2227 Domini
3172 2189 3271 2228 no-

1705 2263 1803 2317 stri
1828 2263 1956 2318 Jesu
1994 2262 2193 2317 Christi
2235 2264 2503 2330 consistit,
2532 2280 2750 2334 semper
2776 2274 2831 2319 et
2876 2265 3068 2319 eodem
3113 2264 3275 2319 modo

1706 2354 2016 2424 peragendo
2045 2354 2252 2422 praediti
2283 2354 2476 2419 simus,
2507 2370 2741 2410 accenso
2767 2356 2930 2411 corde
2965 2355 3273 2410 exclaman-

1708 2455 1813 2509 tes,
1850 2452 1909 2499 ut
1955 2446 2129 2500 sancti
2165 2444 2401 2500 nominis
2443 2444 2575 2500 Iesu
2600 2445 2873 2516 possimus
2902 2460 3025 2500 esse
3054 2445 3276 2515 partici-

1708 2550 1824 2604 pes.
1862 2534 2167 2588 Assiduitas
2207 2535 2377 2598 enim,
2423 2535 2538 2590 sive
2569 2535 2624 2589 in
2658 2534 2858 2591 virtute
2886 2536 3003 2591 sive
3037 2536 3093 2589 in
3123 2536 3272 2597 vitio,

1710 2634 1886 2681 mater
1934 2633 2016 2679 est
2067 2625 2321 2681 habitus:
2359 2626 2579 2681 habitus
2622 2635 2827 2688 autem.
2872 2630 3021 2684 velut
3058 2635 3272 2689 natura,

1710 2727 1905 2774 caetera
1922 2717 2147 2772 obtinet.
2171 2716 2230 2771 In
2257 2732 2323 2773 eo
2344 2717 2524 2787 itaque
2546 2725 2690 2773 statu
2719 2718 3017 2775 collocatus
3037 2720 3274 2784 animus,

1712 2806 1902 2861 hostes
1940 2806 2190 2875 inquirit,
2229 2815 2290 2860 ut
2336 2807 2491 2860 canis
2526 2806 2804 2861 laconicus
2841 2808 2895 2861 in
2945 2808 3094 2864 silvis
3125 2809 3277 2878 lepo-

1714 2914 1849 2953 rem.
1892 2898 1969 2952 Ad
2003 2898 2149 2951 hunc
2190 2898 2334 2951 enim
2383 2897 2602 2951 modum
2636 2913 2793 2952 mens
2832 2906 3109 2953 scrutatur
3152 2914 3278 2968 per-

1714 3004 1901 3043 versas
1947 2987 2344 3058 cogitationes:
2394 2988 2489 3042 sed
2521 2988 2609 3044 ille
2638 2988 2881 3059 quidem,
2918 2997 2977 3045 ut
3001 2991 3276 3054 comedat,

1716 3081 1834 3138 haec
1863 3091 2068 3146 autem,
2101 3087 2161 3134 ut
2186 3078 2495 3135 labefactet.

1782 3172 1870 3227 97.
1912 3169 2360 3238 Quandocunque
2402 3176 2457 3222 et
2498 3166 2929 3238 quotiescunque
2972 3168 3279 3240 contigerit,

1715 3272 1776 3317 ut
1806 3272 2064 3333 augeatur
2095 3260 2150 3314 in
2185 3260 2342 3314 nobis
2371 3273 2635 3313 numerus
2665 3274 2952 3328 pravarum
2997 3260 3283 3329 cogitatio-

1713 3370 1847 3408 num
1870 3394 1883 3418 ,
1916 3351 2314 3421 interjiciamus
2360 3351 2414 3403 in
2448 3350 2689 3404 medium
2721 3364 2909 3405 carum
2948 3348 3286 3418 imploratio-

1716 3460 1842 3498 nem
1877 3441 2087 3497 Domini
2116 3440 2289 3494 nostri
2318 3438 2449 3493 Jesu
2479 3438 2719 3493 Christi:
2751 3448 2976 3507 tumque
3008 3453 3132 3493 mox
3168 3454 3287 3504 eas,

1718 3535 1893 3590 instar
1932 3530 2065 3586 fumi
2098 3529 2152 3583 in
2187 3544 2333 3594 aere,
2368 3528 2678 3584 videbimus
2703 3542 3031 3583 evanescere
3060 3544 3073 3580 :
3127 3531 3285 3585 sicuti

1717 3624 1902 3680 docuit
1933 3621 2289 3692 experientia.
2310 3620 2380 3674 Et
2407 3619 2451 3675 si
2474 3634 2629 3674 mens
2656 3620 2769 3675 sola
2792 3620 3292 3690 comprehendatur

1718 3715 1787 3770 ab
1817 3712 1944 3772 illis,
1977 3710 2158 3766 denuo
2206 3723 2551 3764 resumamus
2578 3707 2793 3762 initium
2820 3709 3147 3764 continentis
3190 3710 3288 3764 oh-

1719 3801 2047 3859 servationis
2111 3808 2165 3855 et
2205 3798 2591 3854 invocationis.
2670 3787 2897 3865 Qtioties
2958 3799 3140 3870 itaque
3198 3801 3289 3855 tali

1719 3892 1955 3965 quodam
2008 3890 2253 3962 periculo
2297 3903 2515 3944 rursum
2574 3887 2914 3955 vexabimur,
2957 3888 3060 3945 hoc
3108 3890 3286 3960 ipsum

1720 3999 1964 4057 agamus.

1791 4076 1880 4131 98.
1921 4070 2396 4141 Quemadmodum
2418 4069 2534 4125 ﬁeri
2560 4085 2670 4126 non
2698 4078 2875 4141 potest
2906 4077 2967 4125 ut
2987 4071 3110 4142 quis
3141 4073 3289 4128 nudo

1721 4184 1951 4240 corpore
1990 4164 2330 4221 descendens
2357 4164 2416 4218 in
2457 4163 2726 4235 praelium,
2758 4163 2930 4220 victor
2958 4164 3171 4232 evadat,
3195 4175 3291 4222 aut

1722 4277 1846 4317 cum
1871 4258 2204 4314 indumentis
2232 4255 2288 4310 in
2313 4255 2581 4311 immenso
2607 4256 2797 4327 pelago
2826 4266 2997 4325 natet,
3022 4268 3127 4315 aut'
3146 4262 3292 4317 vivat

1724 4353 1842 4407 sine
1876 4348 2233 4420 reSpiratione
2256 4387 2271 4415 ,
2316 4347 2390 4402 ita
2422 4346 2538 4403 ﬁeri
2571 4362 2680 4401 non
2724 4357 2904 4417 potest
2938 4360 2995 4405 ut
3023 4352 3156 4406 citra
3186 4352 3288 4406 hu—

66 4436 285 4498 κεσίας,
314 4434 408 4486 τὸν
444 4433 636 4503 νοητὸν
658 4433 753 4486 καὶ⁵
784 4431 1028 4502 κρυπτὸν
1057 4430 1297 4499 πόλεμον
1329 4429 1608 4500 ἐκμαθεῖν,

1772 4443 2006 4496 ιίΙίιιιιοῐη
2061 4449 2116 4494 et
2165 4439 2480 4494 continuam
2537 4438 2736 4493 Christi
2791 4440 3289 4511 supplicationem,

68 4525 139 4577 ια).
166 4523 432 4594 τεχνικῶς
458 4523 684 4587 τούτους
706 4521 1069 4576 καταδιώκειν
1098 4521 1194 4572 καὶ
1220 4519 1455 4591 βάλλειν.

122 4705 229 4773 ἦθ’.
282 4703 339 4757 '0
395 4702 571 4772 μέγας
608 4702 1058 4771 πρακτικώτατος
1108 4703 1271 4757 Δαὸίδ
1323 4719 1456 4775 φησι
1488 4720 1502 4734 ο
1550 4704 1620 4757 Τὸ

75 4792 271 4863 ιράτος
305 4808 426 4861 μου
458 4792 611 4860 πρὸς
666 4791 742 4845 σὲ
778 4791 1068 4861 φυλάξω,
1102 4794 1243 4864 πρὸς
1274 4793 1369 4847 τὸν
1415 4794 1620 4864 Κύριον

77 4886 224 4954 em,
258 4883 397 4937 ὥστε
425 4884 485 4937 τὸ
515 4882 856 4955 φυλαχθῆναι
898 4886 957 4938 ὲν
994 4885 1127 4954 ἡμῖν
1170 4884 1231 4937 τὸ
1269 4885 1469 4954 κράτος
1522 4884 1622 4955 τῆς

79 4975 350 5045 ιαρδιακῆς
382 4977 574 5044 νοερᾶς
616 4974 866 5045 ἡσυχίας,
902 4974 960 5040 ἐξ
998 4970 1067 5046 ἦς
1116 4976 1414 5044 γεννῶνται
1450 4978 1623 5030 πᾶσαι

81 5066 116 5117 tl
149 5065 355 5135 ἀρεταὶ,
376 5047 481 5118 ’διά
520 5066 616 5118 τοῦ
670 5065 985 5137 βοηθεῖσθαι
1016 5067 1166 5136 ἡμᾶς
1196 5066 1348 5137 παρά
1378 5065 1472 5119 τοῦ
1508 5066 1621 5120 Κυ-

83 5157 181 5208 ιίου
226 5157 609 5225 προσγίνεται·
654 5158 750 5211 τοῦ
798 5158 893 5211 καὶ
923 5157 1021 5221 τάς
1050 5158 1271 5222 ὲντολάς
1298 5158 1501 5222 δόντος,
1532 5159 1627 5212 καὶ

85 5245 160 5313 η’
188 5244 339 5313 ἡμῶν
367 5246 465 5315 τὴν
514 5248 723 5319 μιαρὰν
756 5247 927 5318 λήθην
971 5248 1350 5315 ὲκδιώκοντος,
1388 5249 1626 5318 συνεχῶς

87 5333 203 5405 παρ’
230 5335 378 5405 ἡμῶν
425 5337 812 5408 ἐπιϐοωμένων
849 5341 1160 5411 φθαρτικὴν
1187 5336 1358 5394 οὖσαν
1389 5341 1626 5407 μάλιστα

91 5426 173 5493 τῆς
213 5426 505 5498 καρδιακῆς
538 5430 767 5499 ἡσυχίας
793 5428 893 5498 τὴν
922 5429 1209 5498 ἀμέλειαν,
1236 5431 1310 5494 ώς
1343 5429 1486 5500 ὕδωρ
1518 5448 1627 5483 πυ-

93 5520 197 5585 ρός·
226 5517 424 5590 διόπερ,
466 5520 687 5590 μοναχὲ,
711 5522 785 5592 μὴ
815 5520 873 5587 ἐξ
908 5522 1171 5591 ἀμελείας
1206 5524 1392 5587 ὑπνοῖς
1418 5524 1495 5587 εἰς
1528 5523 1626 5576 θά-

151 5698 188 5730 ⁸⁷
219 5697 346 5754 Psal.
372 5714 520 5756 ινιιι.

1726 4534 1968 4604 spiritale
1989 4541 2042 4587 ct
2062 4539 2333 4587 secretum
2360 4528 2558 4583 bellum
2585 4527 2910 4595 ediscamus,
2926 4540 2982 4585 et
3001 4532 3293 4589 artiﬁciose

1728 4618 2084 4689 cogitationes
2112 4617 2228 4671 illas
2247 4615 2582 4685 expellamus
2609 4625 2664 4670 et
2687 4618 2976 4676 caedamus.

1798 4711 1887 4765 99.
1929 4708 2152 4779 Magnus
2178 4706 2382 4770 David,
2422 4722 2604 4767 rerum
2632 4708 2988 4776 gerendarum
3027 4709 3295 4778 peritissi-

1732 4815 1875 4865 mus,
1926 4796 2213 4851 Dominum
2247 4795 2549 4862 alloquens,
2581 4795 2690 4848 ait:
2722 4795 3103 4851 Fortitudinem
3127 4815 3296 4853 meam

1731 4892 1800 4944 ad
1844 4900 1891 4943 te
1921 4888 2212 4943 custodiam
2234 4886 2302 4942 ⁸⁷.
2342 4885 2423 4940 Ita
2458 4894 2518 4939 ut
2544 4893 2654 4939 tota
2698 4886 2778 4940 vis
2810 4887 3007 4956 quietis
3042 4889 3302 4959 spiritalis

1730 4982 1893 5037 animi
1937 4979 2132 5039 nostri,
2170 4976 2311 5032 unde
2336 4986 2638 5031 nascuntur
2670 4992 2859 5033 omnes
2891 4978 3139 5043 virtutes,
3165 4998 3299 5037 con-

1730 5081 1979 5129 servetur
2012 5070 2219 5125 auxilio
2248 5067 2459 5122 Domini
2487 5085 2499 5120 :
2534 5067 2624 5136 qui
2662 5076 2717 5123 et
2753 5078 3026 5139 praecepta
3052 5071 3219 5136 dedit,
3246 5082 3301 5126 (ιι

1733 5165 2001 5231 impuram
2047 5152 2379 5212 Oblivionem
2433 5170 2462 5209 a
2510 5154 2663 5210 nobis
2711 5157 2955 5227 expellit,
2983 5144 3093 5213 eta
3122 5162 3297 5216 conti-

1735 5260 1929 5307 nentcr
1948 5248 2384 5310 inclamantibus,
2411 5247 2695 5318 ignaviam:
2713 5264 2832 5318 qua:
2857 5250 3300 5319 tranquillitatem

1737 5343 1937 5396 mentis
1988 5356 2097 5393 non
2152 5339 2311 5393 aliter
2349 5338 2672 5408 corrumpit,
2720 5354 2880 5408 quam
2910 5354 3048 5409 aqua
3098 5340 3297 5413 ignem.

1737 5432 2124 5499 Quamobrem,
2158 5431 2443 5493 monacho,
2472 5446 2541 5484 ne
2572 5430 2809 5487 dormias
2841 5431 2893 5484 in
2933 5440 3161 5488 mortem
3193 5451 3305 5503 pra:

1740 5523 2082 5596 negligentia,
2121 5523 2214 5577 scd
2240 5522 2461 5578 nomine
2482 5521 2615 5583 Jesu
2635 5532 2857 5591 percute
2882 5523 3094 5579 hostes:
3133 5534 3205 5590 et,
3248 5536 3306 5581 ut
