3764 6304
29 259 159 326 [521

730 273 824 334 DE
863 273 1410 336 TEMPERANTIA
1437 272 1529 332 ET
1568 269 1929 332 VIRTUTE.
1953 295 2019 304 -
2051 272 2437 333 CENTURIA
2464 275 2523 334 Il

3163 276 3296 343 1522

29 377 261 448 ἰύναμιν
277 379 798 452 ἅρῤητον,ἀρῤήτου
820 382 878 434 δὲ
897 385 990 436 καὶ
1013 382 1224 454 ἀρετῶν
1251 381 1610 453 θεωρητικήν.

1782 425 1783 429 η
1820 378 1926 431 vim
1962 393 2240 442 arcanam.
2277 395 2598 437 arcanorum
2641 393 2694 439 et
2755 385 3017 440 virtutum
3051 397 3294 442 content-

29 469 128 520 (αὶ
150 468 325 538 βάθος
348 470 554 542 ὑψηλὸν
575 473 669 527 τοῦ
699 475 932 545 ἀπείρου
956 475 1116 529 θείων
1146 475 1364 530 ἐννοιῶν
1393 478 1449 528 ἐν
1474 493 1611 546 καρ-

29 559 104 631 ἱίᾳ
126 561 454 632 δεξάμυος,
478 563 800 637 ὀφθήσεται,
836 567 912 631 ὡς
944 569 1164 636 ἐφικτὸν
1186 569 1402 639 καρδίᾳ,
1425 569 1454 621 ὁ
1482 569 1614 632 Θεὸς

29 652 128 705 τῶν
160 653 310 708 θεῶν
334 671 348 687 ο
390 657 418 709 ὁ
457 655 514 710 δέ
554 657 679 721 νοῦς
713 659 1013 728 ἐκπλαγεὶς
1054 661 1298 715 κυδαίνει
1343 644 1612 732 ἀγαπητιὲ

29 745 132 809 ιῶς
177 746 321 800 Θεὸν
374 749 466 804 τὸν
525 749 858 821 βλεπόμενον
900 754 995 806 καὶ
1048 753 1350 824 βλέποντα,
1393 752 1487 806 καὶ
1526 754 1614 807 διὰ

29 836 179 892 τοῦτο
210 842 441 895 κάκεῖνο
470 844 566 897 καὶ
596 841 760 906 σώζει
788 843 880 898 τὸν
906 845 1242 912 ἀτενίζοντα.

80 1016 155 1072 λ’.
174 1017 357 1074 Βυθὸν
381 1018 584 1090 ὑψηλὸν
600 1019 896 1090 κατόψεται
919 1025 1235 1091 γνωστικῶς
1263 1026 1459 1095 ἡσυχία
1480 1022 1614 1097 mpi-

29 1103 186 1177 ῖιακὴ
218 1107 633 1180 κατορθουμένη
653 1147 669 1173 ,
721 1110 818 1164 καὶ
859 1110 1074 1177 ἐξαίσια
1100 1115 1252 1184 παρὰ
1284 1114 1418 1167 Θεοῦ
1453 1115 1615 1168 ἀκου-

29 1193 292 1262 ςθήσεται
318 1194 411 1262 οὖς
442 1198 692 1269 ἡσυχίας.

83 1285 198 1341 λα’.
245 1289 552 1360 Ὀδοιπόρος
598 1292 698 1363 μὲν
732 1291 949 1364 μακρὰν
985 1293 1080 1346 καὶ
1131 1295 1492 1348 δυσδιάϐατον
1521 1297 1615 1350 καὶ⁸

29 1379 315 1449 ιργαλέαν
361 1381 479 1436 ὁδὸν
527 1383 838 1439 στείλασθαι
874 1385 1274 1457 ἐναρξάμενος,
1318 1387 1528 1457 πλάνην
1554 1404 1614 1440 τε

29 1474 389 1547 ὣςρορώμενος
433 1480 492 1532 ἐν
532 1478 611 1549 τῷ
654 1480 1057 1552 ὑποστρέφειν,
1097 1482 1302 1552 σημεῖά
1348 1499 1470 1534 τινα
1520 1482 1614 1535 καὶ

29 1566 262 1636 νδηγοὺς
306 1569 365 1622 ἐν
413 1569 696 1642 ὁδοιπορίᾳ
748 1571 916 1625 αὐτοῦ
959 1571 1365 1642 καταπήξεται,
1423 1573 1614 1644 ῥᾳδίαν

29 1657 179 1730 ιύτῷ
214 1659 318 1729 τὴν
350 1661 486 1730 πρὸς
517 1661 588 1715 τὰ
610 1664 788 1717 οἰκεῖα
814 1664 1201 1735 ἐπανάκαμψιν
1227 1663 1608 1734 προξενοῦντα.

29 1749 240 1817 1λόγους
263 1751 323 1804 δέ
348 1753 375 1804 ὁ
401 1753 681 1822 νηφαλίως
696 1755 896 1810 ὁδεύων
919 1755 1057 1827 ἀνὴρ
1076 1754 1433 1825 στηλώσεται,
1455 1755 1614 1810 τοῦτο

29 1837 154 1892 ιύτὸ
181 1839 282 1892 καὶ
303 1840 466 1904 αὐτὸς
492 1842 862 1913 ὑφορώμενος.

89 1932 200 2003 λβ’.
246 1933 414 1990 Ἀλλὰ
452 1935 530 2006 τῷ
577 1937 677 2008 μὲν
713 1937 978 2007 ὁδιοπόρῳ
1021 1938 1448 2008 ἐωνακάμψαι,
1491 1938 1614 1992 ὅθεν

29 2022 190 2094 εξέση
213 2027 398 2098 χαρᾶς
438 2026 697 2098 πρόξενον
729 2043 745 2059 ’
778 2029 1031 2099 νηφαλέῳ
1073 2030 1129 2085 δὲ
1160 2030 1614 2100 ἐπανακάμπτειν

29 2114 99 2177 είς
135 2114 212 2168 τά
240 2115 457 2185 ὀπίσω,
491 2117 710 2189 ὄλεθρος
754 2118 934 2190 ψυχῆς
963 2119 1188 2191 λογικῆς
1211 2163 1225 2185 ,
1261 2121 1354 2174 καὶ
1389 2123 1614 2192 σημεῖον

29 2205 376 2273 ὶποστασίας
404 2208 846 2282 τῶν-θεαρέστων
873 2210 1052 2282 ἔργων
1081 2229 1140 2264 τε
1173 2214 1265 2265 καὶ
1293 2211 1489 2280 λόγων,
1519 2213 1615 2266 καὶ

29 2296 278 2362 ἐννοιῶν,
294 2313 386 2353 και
412 2298 521 2364 εξει
550 2301 607 2354 ἓν
635 2299 813 2372 καιρῷ
831 2300 1000 2355 ὕπνου
1033 2301 1210 2374 ψυχῆς
1238 2302 1612 2375 θανατηφόρου

29 2387 154 2450 τοὺς
184 2387 386 2455 λόγους
413 2389 488 2454 ὡς
535 2389 741 2462 κέντρα
785 2391 1156 2463 διεγείροντας
1193 2393 1354 2448 αὐτὸν
1377 2397 1448 2466 τῇ
1478 2395 1614 2449 ὑπο-

29 2481 234 2552 μνήσει
275 2481 371 2535 τοῦ
403 2482 598 2536 πολλσῦ
626 2484 821 2554 κάρου,
850 2485 946 2540 καὶ
976 2485 1250 2556 ῥᾳθυμίας
1273 2487 1372 2557 τῆς
1395 2485 1455 2553 ἐξ
1478 2487 1616 2558 ἀμε-

29 2567 172 2630 δείας
205 2566 360 2638 αὐτῷ
390 2569 700 2642 συμϐάσης.

93 2660 202 2728 λγ’.
222 2661 316 2713 Ἐν
346 2661 578 2731 θλίψεσι,
616 2662 713 2717 καὶ
735 2661 1101 2733 ἀπογνώσεσι,
1126 2666 1220 2719 καὶ
1244 2665 1616 2739 ἀπελπισμοτς

29 2752 436 2823 περιπεσόντας
466 2755 616 2823 ἡμᾶς
654 2753 761 2826 χρὴ
791 2757 963 2809 ποιεῖν
992 2757 1046 2808 ἐν
1083 2757 1293 2820 ἑαυτοῖς
1319 2756 1414 2810 τοῦ
1449 2758 1615 2813 Δασὶδ

29 2843 118 2896 ιὸν
142 2843 334 2910 λόγον,
364 2844 578 2916 ἐκχέειν
605 2845 700 2916 τὴν
727 2845 956 2917 καρδίαν
995 2846 1152 2917 ἡμῶν
1175 2847 1310 2917 πρὸς
1343 2847 1433 2901 τὸν
1460 2849 1612 2915 Θεὸν,

29 2935 129 2987 ml.
155 2935 262 3005 τὴν
301 2934 484 3006 δέησιν
513 2937 608 2990 κα)⁸
627 2937 728 3008 τὴν
775 2936 954 3007 θλίψιν
981 2936 1138 3009 ἡμῶν
1166 2937 1242 3001 ὡς
1277 2936 1394 2991 ἔστι
1425 2939 1616 3010 Κυρίῳ

1718 470 2022 538 platriccm.
2065 471 2281 523 Etcum
2309 472 2470 527 imam
2502 475 2927 544 profunditatem
2959 478 3294 533 inﬁnitarum

1716 561 2036 615 notitiarum
2069 561 2380 617 divinarum
2425 566 2608 620 animo
2638 568 2803 623 fuerit
2832 581 3080 626 assecuta
3100 610 3116 634 ,
3147 572 3294 626 vide-

1715 652 1862 707 bitur
1901 651 2046 706 Deus
2089 653 2355 718 deorum,
2404 665 2666 724 quantum
2707 661 3046 728 permittitur
3088 661 3292 728 animo,

1716 745 1859 800 unde
1906 761 2064 800 mens
2108 745 2338 800 attonita
2376 747 2646 816 gloriﬁcat
2695 753 3070 808 amantissime
3121 755 3289 810 Deum

1715 843 2072 904 conspectum
2088 845 2144 890 et
2166 836 2598 906 conspicientem
2630 856 2644 892 :
2672 841 2768 908 qui
2790 851 3021 913 utraque
3041 845 3108 900 de
3129 862 3290 902 causa

1714 924 1932 979 assidue
1971 925 2276 980 intuentem
2305 928 2503 981 salvat.

1785 1019 1874 1073 50.
1906 1017 2012 1074 Cor
2054 1021 2440 1089 tranquillum,
2513 1025 2868 1080 emendatum
2925 1035 2982 1082 et
3033 1030 3292 1085 noscendi

1717 1109 1954 1178 peritum
1975 1111 2312 1166 scrutabitur
2339 1113 2496 1168 valde
2523 1115 2796 1185 profunda
2820 1135 2833 1170 :
2854 1119 3074 1173 ctauris
3099 1121 3295 1188 quietae

1717 1201 1918 1255 mentis
1945 1201 2210 1256 elﬁcietur
2243 1219 2273 1258 a
2305 1204 2417 1258 Deo
2447 1221 2617 1276 capax
2654 1209 2910 1263 audiendi
2945 1210 3231 1265 immensa.

1788 1290 1876 1345 5t.
1913 1288 2098 1346 Viator
2141 1291 2293 1348 brevi
2338 1294 2684 1363 profecturus
2737 1299 2950 1370 longam
2978 1339 2992 1362 ,
3063 1302 3291 1360 transitu

1716 1380 1992 1436 dillicitem
2022 1389 2077 1437 et
2107 1383 2412 1438 molestiam
2449 1387 2628 1454 viam,
2681 1390 2970 1459 suspicans
3013 1391 3178 1446 etiam
3224 1409 3294 1447 ne

1717 1471 2042 1528 divertcndo
2075 1481 2242 1537 erret,
2278 1475 2431 1546 signa
2459 1479 2727 1546 quaedam,
2761 1479 2862 1534 via:
2892 1480 3080 1546 duces,
3111 1479 3166 1534 in
3195 1496 3290 1535 sua

1716 1561 2059 1633 profectione
2085 1562 2291 1636 deﬁgit,
2313 1581 2434 1635 quae
2461 1566 2674 1624 facilem
2700 1570 2802 1624 sibi
2830 1580 3025 1639 parent
3057 1572 3290 1626 reditum

1716 1653 1785 1708 ad
1811 1668 1932 1708 sua.
1966 1653 2062 1708 Vir
2087 1664 2292 1722 autem,
2319 1658 2411 1726 qui
2445 1659 2625 1714 sobrie
2657 1660 2882 1724 incedit,
2928 1678 3049 1732 qua:
3099 1662 3289 1717 audie-

1718 1744 1808 1810 rit,
1833 1743 2041 1800 notabit
2072 1764 2085 1800 :
2119 1745 2265 1801 idem
2301 1748 2466 1802 etiam
2500 1749 2616 1818 ipse
2647 1750 2972 1806 observans.

1789 1919 1881 1974 32.
1909 1919 2014 1976 Sed
2042 1919 2230 1975 viatori
2254 1919 2472 1991 quidem
2495 1922 2719 1988 reditus,
2744 1925 2886 1980 unde
2910 1941 3288 1998 egressus-est,

1717 2011 1956 2066 ltetitiam
1987 2011 2160 2082 gignit
2189 2031 2202 2064 :
2236 2012 2420 2068 sobrio
2451 2021 2635 2068 autem
2663 2014 2778 2068 viro
2812 2031 3092 2086 regressus
3134 2022 3201 2075 ad
3228 2037 3289 2076 ea

1715 2117 1836 2172 qua:
1861 2118 1891 2156 a
1921 2111 2072 2175 tergo
2109 2103 2350 2174 reliquit,
2379 2113 2466 2160 est
2489 2105 2685 2162 animae
2721 2107 3000 2163 rationalis
3021 2109 3288 2178 interitus,

1713 2209 1779 2251 ac
1812 2194 2070 2250 indicium
2093 2195 2415 2252 defectionis
2443 2197 2512 2252 ab
2556 2199 2833 2268 Operibus,
2856 2203 3200 2258 sermonibus
3237 2213 3293 2260 et

1713 2285 2129 2358 cogitationibus
2166 2287 2274 2342 Deo
2310 2289 2496 2360 gratis.
2528 2287 2576 2344 Is
2623 2289 2806 2360 itaque
2831 2300 3074 2363 tempore
3115 2297 3290 2350 somni

1714 2376 1931 2431 lethalis
1961 2377 2156 2433 anima:
2193 2379 2480 2434 habiturus
2535 2389 2622 2436 est
2653 2381 3064 2452 .cogitationes,
3123 2386 3294 2440 instar

1713 2467 2028 2523 aculeorum
2045 2469 2348 2526 excitantes
2364 2485 2489 2525 eum
2501 2511 2514 2537 ,
2533 2473 3049 2530 commemoratione
3061 2477 3295 2546 crapulae

1715 2561 1920 2626 multa},
1944 2568 2002 2615 et
2030 2560 2281 2631 ignaviae,
2313 2563 2590 2617 nascentis
2619 2577 2651 2618 e
2673 2563 3024 2636 negligentia.

1785 2653 1876 2710 55.
1908 2653 2046 2710 Cum
2077 2653 2448 2709 incidimusin
2484 2655 2882 2722 tribulationes,
2905 2657 3295 2727 desponsiones

1717 2744 1888 2800 animi
1944 2760 2009 2800 ac
2044 2745 2490 2814 desperationes,
2545 2746 2710 2800 verba
2765 2745 2987 2803 Davidis
3043 2747 3099 2802 in
3139 2750 3296 2804 nobis

1719 2837 1823 2908 ipsi
1859 2835 2085 2907 exsequi
2113 2836 2414 2904 debemus,
2443 2837 2722 2893 ell‘undere
2763 2839 2816 2893 in
2847 2849 3146 2909 conspectu
3198 2840 3295 2895 Dei

1718 2927 1888 2984 corda
1913 2937 2122 2992 nostra,
2151 2929 2527 2998 precationem
2568 2941 2625 2986 et
2648 2933 3000 2988 alllictioncm
3033 2942 3294 2998 nostram,

33 3023 418 3094 ἀναγγέλλειν·
447 3027 921 3100 ἐξομλογούμεθα
943 3029 1051 3100 γὰρ
1074 3028 1152 3100 τῷ
1175 3027 1316 3099 Θεῷ,
1338 3027 1415 3092 ὡς
1438 3029 1617 3098 σοφῶς

1803 3027 1910 3086 est,
1951 3018 2182 3074 Domino
2224 3021 2576 3078 denuntiare.
2613 3023 2956 3080 Conﬁtentur
2987 3025 3132 3080 enim
3167 3025 3294 3092 Deo,

29 3115 328 3188 δυναμένῳ
365 3117 434 3172 τὰ
474 3119 597 3175 καθ’
633 3122 786 3191 ἡμᾶς
828 3119 1123 3191 διοικῆσαι,
1168 3122 1263 3175 καὶ
1306 3121 1404 3194 τὴν
1441 3121 1618 3192 θλίψιν

31 3205 132 3260 ἐπὶ
162 3206 500 3280 συμφέροντι
541 3209 768 3280 ποιῆσαι
802 3211 1018 3282 ῥᾳδίαν,
1056 3213 1151 3265 καὶ
1175 3211 1442 3281 ῥύσασθαι
1471 3213 1621 3284 ἡμᾶς

32 3296 138 3366 τῆς
172 3295 427 3368 ὀλεθρίας
451 3315 510 3352 τε
536 3299 633 3353 καὶ
660 3299 909 3372 φθαρτῆς
947 3299 1143 3371 λύπης.

47 3495 50 3497 ·
114 3475 218 3531 λδ’.
244 3475 426 3546 Θυμὸς
453 3477 562 3550 γὰρ
585 3478 737 3550 παρὰ
767 3478 930 3548 φύσιν
958 3480 1102 3535 κατά
1124 3480 1424 3553 ἀνθρώπων
1449 3481 1621 3535 κινού-

39 3583 233 3637 μενος,
257 3568 352 3622 καὶ
372 3569 549 3640 λύπην
575 3570 637 3624 ού
661 3570 804 3626 κατά
823 3571 956 3625 Θεὸν
1002 3574 1098 3628 καὶ
1119 3572 1347 3644 ἀκηδίαν
1379 3573 1620 3645 ἐμποιεῦ

39 3657 330 3729 φθαρτικὰ
355 3660 555 3730 ὁμοίως
579 3661 688 3714 εἰσὶ
717 3662 826 3715 τῶν
855 3661 1075 3731 ἀγαθῶν
1093 3680 1153 3716 τε
1187 3663 1282 3718 καὶ
1302 3663 1624 3733 γνωστικῶν

38 3748 362 3819 λογισμῶν,
395 3749 431 3804 ἃ.
467 3752 493 3804 ὁ
526 3750 729 3823 Κύριος
767 3755 833 3824 τῇ
874 3752 1260 3825 ἐξομολογήσει
1286 3753 1621 3827 σκορπίζων,

42 3840 231 3912 χαρὰν
268 3841 505 3912 ἐμποιεῖ.

116 3932 217 3984 λε’.
271 3931 566 4003 Λογισμῶν
615 3933 671 3987 δέ
713 3934 773 3989 ἐν
823 3933 1060 4008 καρδίᾳ,
1103 3936 1199 3990 καὶ
1240 3938 1317 4006 μὴ
1360 3937 1625 3994 θελόντων

43 4021 215 4093 ἡμῶν
255 4024 542 4092 παγέντων
583 4041 644 4077 τε
690 4025 784 4079 καὶ
816 4027 1118 4096 ἱσταμένων
1139 4068 1156 4094 ,
1187 4025 1491 4098 ἐξαλείφειν
1527 4029 1628 4083 πέ-

46 4129 230 4182 φυκεν
279 4112 456 4178 Ἰησοῦ
491 4114 625 4188 εὐχὴ
649 4116 790 4187 μετά
823 4117 1038 4188 νήψεως
1077 4118 1142 4172 ἐκ
1176 4117 1384 4189 βαθέων
1407 4119 1626 4175 ἐννοιῶν

49 4204 308 4276 καρδίας.

122 4295 201 4360 λς
222 4337 237 4350 .
266 4297 586 4366 Κουφισμὸν
620 4297 678 4350 δὲ
731 4299 828 4350 καὶ
862 4297 1056 4368 χαρὰν,
1091 4299 1149 4352 ἐν
1192 4298 1370 4369 θλίψει
1417 4302 1627 4359 πολλῶν

1727 3123 1986 3182 tanquam
2011 3127 2076 3168 ea
2111 3128 2232 3184 qua:
2257 3113 2397 3169 circa
2442 3130 2544 3171 nos
2573 3125 2740 3183 sunt,
2795 3118 3072 3189 sapienter
3099 3119 3298 3189 guber.

1726 3205 1901 3271 nanti,
1935 3213 1989 3260 et
2022 3204 2117 3276 qui
2150 3205 2556 3262 tribulationem
2605 3224 2728 3263 cum
2781 3208 2956 3263 fructu
2989 3209 3162 3264 levem
3187 3209 3302 3264 elli-

1727 3309 1851 3350 cere
1905 3303 2124 3366 potest,
2165 3305 2222 3352 et
2257 3295 2490 3352 liberare
2522 3312 2624 3353 nos
2651 3298 2720 3354 ab
2770 3297 2993 3352 interitu
3023 3307 3077 3354 et
3109 3315 3299 3353 corru-

1683 3388 1685 3391 ’
1728 3385 1904 3455 ptibili
1935 3386 2203 3440 molestia.

1799 3475 1890 3530 54.
1943 3473 2023 3528 Ira
2049 3475 2317 3544 siquidem
2348 3477 2610 3532 adversus
2641 3477 2890 3533 homines
2922 3486 3117 3550 praeter
3142 3487 3301 3533 natu-

1731 3581 1848 3622 ram
1875 3573 2076 3630 emota,
2108 3575 2161 3620 et
2207 3566 2482 3621 tristitiam
2532 3584 2638 3624 non
2667 3569 2972 3624 secundum
3009 3571 3198 3635 Deum,
3247 3579 3304 3624 ct

1733 3655 1952 3713 mdium
1997 3648 2167 3726 gignit
2197 3673 2210 3708 :
2243 3672 2363 3725 qua:
2395 3657 2600 3726 pariter
2653 3668 3012 3730 corrumpunt
3051 3659 3222 3714 bonas
3249 3667 3308 3714 et

1733 3743 1974 3800 eruditas
2033 3744 2430 3814 cogitationes:
2465 3756 2521 3802 et
2561 3762 2658 3816 per
2701 3747 3099 3804 confessionem
3142 3747 3304 3803 dissi-

1732 3843 1932 3907 pantur
1966 3851 1998 3888 a
2028 3836 2257 3890 Domino
2293 3836 2534 3891 laetitiam
2564 3838 2854 3894 inferente.

1803 3926 1893 3982 55.
1939 3924 2312 3996 Cogitationes
2340 3927 2396 3980 in
2436 3927 2638 3994 animo,
2677 3929 2761 3982 vel
2786 3929 2941 3985 nobis
2961 3929 3308 3986 invitisﬁxas

1735 4029 1790 4076 et
1821 4020 2210 4083 consistentes,
2247 4019 2429 4074 delere
2454 4021 2594 4074 solet
2613 4021 2924 4092 deprecatio
2945 4037 3072 4092 erga
3093 4021 3303 4088 Jesum,

1734 4127 1801 4168 ex
1835 4111 2044 4168 intimis
2062 4111 2231 4166 animi
2255 4111 2613 4182 conceptibus
2651 4121 2768 4168 orta
2811 4129 2934 4168 cum
2988 4114 3300 4170 sobrietate.

1805 4292 1894 4347 56.
1933 4289 2069 4346 Cum
2104 4290 2356 4360 angimur
2381 4291 2730 4347 multitudine
2755 4289 3143 4364 cogitati-onum
3172 4293 3307 4347 irra-

50 4385 274 4455 ἀλόγων
305 4384 582 4457 λογισμῶν
623 4386 909 4457 γενόμενοι
949 4387 1258 4458 εὑρήσομεν
1283 4430 1298 4455 ,
1326 4390 1454 4444 ὅταν
1486 4409 1621 4464 μεμ-

1782 4383 2044 4449 onalium,
2081 4382 2252 4437 levari
2279 4382 2518 4438 dolorem
2557 4397 2616 4439 et
2661 4386 2894 4440 recreari
2955 4403 3056 4441 nos
3105 4386 3311 4441 sentic-

49 4475 289 4545 ψώμεθα
328 4477 567 4541 ἑαυτοὺς,
603 4479 660 4530 ἐν
703 4478 953 4549 ἀληθείᾳ,
997 4481 1093 4532 καὶ
1135 4481 1546 4550 ἀπροσπαθῶςο
1595 4485 1628 4555 ἢ

51 4567 134 4638 τῷ
159 4568 484 4635 ἀναγγεῖλαι
522 4569 700 4621 πάντα
731 4569 980 4640 καθάπερ
1008 4568 1385 4641 ἀνθρώπῳ,τῷ
1417 4572 1628 4644 Κυρίῳ.

57 4657 171 4711 Καὶ
225 4655 444 4718 πάντως
484 4656 550 4709 ἐκ
580 4657 688 4709 τῶν
731 4658 826 4711 δυο
868 4659 1178 4729 εὑρήσομεν
1225 4661 1528 4716 ἀνάπαυσιν
1567 4664 1633 4718 ἐκ

58 4746 288 4810 παντὸς,
323 4743 416 4799 καὶ
439 4744 613 4809 ἄλλως
641 4746 741 4800 οὐκ
765 4747 932 4802 ἐστιν.
952 4749 1013 4801 Ei
1038 4748 1094 4802 δέ
1111 4765 1174 4818 γε
1203 4750 1536 4822 νομίζοιμεν,
1558 4752 1634 4817 ὡς

61 4837 328 4910 χειρικῶς
361 4837 423 4892 τὸ
463 4836 575 4892 τῶν
620 4840 943 4910 ποιημάτων
971 4841 1168 4906 αῐτιον,
1215 4843 1309 4894 καὶ
1351 4844 1639 4914 πυγμικῶς

63 4928 534 5000 ἀνταμειόόμεθα,
564 4929 917 5000 γνωσόμεθα·
975 4929 1036 4984 '0
1064 4931 1224 4998 ἔχων
1251 4927 1369 4988 ὦτα
1397 4935 1639 4990 ἀκούειν

65 5018 355 5086 ἀκουέτω,
384 5019 548 5091 φησιν
579 5020 607 5074 ὁ
645 5019 868 5091 Κύριος.

141 5191 240 5256 λζ’.
278 5191 474 5247 Είκόνα
499 5194 593 5250 τοῦ
623 5195 716 5248 νοῦ
748 5197 777 5250 ὁ
803 5198 1096 5271 νομοθέτης
1133 5201 1338 5272 Μωσῆς
1366 5200 1640 5271 λαμϐάνε-

70 5299 164 5335 ται
192 5283 343 5354 παρά
370 5285 478 5337 τῶν
498 5288 768 5356 πατέρων,
790 5288 849 5350 ὃς
871 5289 1006 5344 Θεὸν
1030 5294 1132 5363 ὁρᾷ
1160 5295 1219 5346 ἐν
1244 5297 1310 5365 τῇ
1340 5293 1510 5364 βάτῳ,
1543 5295 1636 5347 καὶ

74 5372 136 5424 τὸ
180 5373 468 5443 πρόσωπον
508 5374 787 5442 δοξάζεται
809 5418 826 5445 ,
874 5381 968 5434 καὶ
1002 5381 1133 5448 Θεὸς
1173 5384 1369 5456 Φαραὼ
1403 5384 1507 5438 ὑπὸ
1550 5384 1645 5438 τοῦ

75 5462 214 5518 Θεοῦ
246 5464 354 5519 τῶν
383 5465 524 5521 θεῶν
550 5467 895 5538 καθίσταται,
943 5472 1218 5542 Αἴγυπτον
1252 5476 1524 5548 μαστίζει,
1553 5478 1644 5530 καὶ

155 5643 200 5678 ’⁸
218 5645 406 5705 Matth.
439 5664 513 5708 ιι.
548 5649 629 5703 15.

1738 4491 1881 4540 mus,
1906 4473 1952 4530 si
1984 4489 2130 4538 vere,
2176 4482 2233 4529 et
2287 4475 2432 4529 omni
2482 4475 2684 4532 allectu
2740 4476 3010 4548 deposito,
3064 4479 3311 4548 nosipsos

1736 4582 2086 4622 accusemus:
2127 4575 2224 4620 aut
2253 4565 2297 4620 si
2334 4566 2581 4634 Domino,
2621 4569 2769 4624 velut
2802 4570 3009 4625 liomim
3093 4586 3309 4625 aminn-

1740 4663 1935 4718 tiemus
1963 4662 2165 4717 omnia.
2197 4661 2306 4716 llac
2336 4661 2536 4730 duplici
2585 4661 2813 4724 ratione,
2846 4671 2902 4714 et
2965 4676 3077 4713 non
3131 4661 3308 4722 aliter,

1744 4752 2139 4806 rccreationem
2171 4752 2538 4805 omnimodam
2570 4751 2970 4805 nanciscemur.
3006 4747 3099 4801 Sin
3123 4747 3314 4801 existi-

1746 4857 1994 4905 memus,
2054 4840 2201 4894 velut
2251 4845 2501 4908 porrecta
2556 4853 2744 4901 manu,
2814 4837 2983 4890 Deum
3032 4847 3311 4891 auctorem

1747 4948 1948 4997 rerum,
1995 4940 2052 4986 et
2099 4931 2296 4985 horum
2331 4943 2466 4982 esse.
2497 4943 2738 4994 causam,
2795 4937 2851 4981 et
2905 4926 3086 4980 oblato
3133 4943 3314 4997 pugno

1749 5023 1974 5094 rependi
2007 5020 2168 5078 nobis
2203 5033 2596 5090 cognoscemus
2635 5018 2787 5083 illud,
2825 5018 2926 5083 Qui
2959 5017 3106 5071 habet
3159 5034 3314 5071 aures

1753 5113 2019 5177 audiendi,
2051 5110 2316 5176 audiat”,
2351 5108 2528 5179 inquit
2561 5109 2845 5166 Dominus.

1824 5206 1915 5262 '57.
1956 5202 2151 5258 Mentis
2171 5201 2458 5272 imaginem
2483 5217 2514 5256 a
2544 5201 2790 5272 patribus
2809 5199 3018 5271 accepit
3043 5200 3316 5272 legislator

1752 5297 1951 5360 Moses,
1975 5294 2068 5364 qui
2113 5294 2281 5349 Deum
2314 5291 2461 5347 videt
2495 5293 2548 5346 in
2582 5291 2738 5358 rubo,
2791 5291 2960 5350 vultu,
2994 5291 3311 5351 illustratur.

1762 5387 1903 5440 Deus
1927 5382 2228 5438 Pharaonis
2252 5397 2282 5434 a
2302 5380 2412 5436 Deo
2430 5380 2657 5436 deorum
2689 5380 3061 5445 constituitur,
3087 5380 3316 5450 ﬂagellat

1753 5477 2070 5550 [Egyptutm
2113 5472 2298 5530 educit
2348 5472 2624 5539 lsraelcm,
2682 5481 2738 5528 et
2784 5471 2930 5544 leges
2980 5471 3316 5542 sancit-quac
