3764 6304
37 250 59 312 ἰ
72 251 201 314 529

849 256 946 315 DE
991 255 1542 315 TEMPERANTIA
1581 255 1675 314 ET
1711 255 2071 317 \‘lRTUTE.
2113 232 2594 319 —'c'ENTURIA
2631 260 2714 320 II.

3255 259 3392 326 1539

31 379 250 442 πομεν
288 362 413 433 τὴν
457 362 628 418 ’κατὰ
665 362 866 434 κράτος
903 360 1084 416 αὐτῶν
1133 357 1302 435 ἦτταν
1326 402 1340 426 ,
1371 363 1469 434 τὴν
1505 363 1592 417 διὰ
1618 381 1649 417 τ

1864 363 2114 432 :probum
2143 361 2383 429 titulum,
2413 380 2580 435 quam
2601 363 2878 422 invocatio
2909 364 3145 426 Domini.
3170 370 3254 426 Ac
3289 385 3392 425 nos

51 458 280 528 Ἰησοῦ
323 459 442 515 τοῦ
469 459 726 533 μεγάλου
752 458 908 514 θεοῦ
945 458 1127 529 ήμῶν,
1157 457 1252 512 καὶ
1285 457 1386 530 τὴν
1413 456 1571 528 ἡμῶν
1601 455 1712 510 τῶν

34 552 370 608 ταπεινῶν
389 554 509 610 καὶ
548 551 782 608 εὐτελῶν
811 551 908 606 καὶ
935 550 1145 660 ἀγρίων
1171 548 1470 621 ἐκδίκησιν.

126 816 247 885 νβ’.
328 818 484 874 Ὀτι
534 818 740 884 πάντες
777 816 829 873 οι
857 815 1108 887 λογισμοὶ
1147 814 1301 870 οὐδὲν
1339 814 1538 887 ἕτερόνΔ
1573 814 1712 868 εἰσιν

45 907 181 962 ἀλλ’
205 907 250 980 ἢ
275 910 619 978 φαντασίαι
651 908 811 980 μόναι
845 907 1113 977 αἰσθητῆς
1132 907 1228 960 καὶ
1261 904 1546 976 κοσμικῶν
1569 921 1712 977 πρα-

18 1005 24 1084 ς
48 1000 352 1072 γμάτων,
382 1002 445 1055 oi
474 1003 668 1056 πολλοὶ
684 1001 1008 1072 ἀγνοοῦμεν.
1029 999 1204 1069 Εἴπερ
1221 998 1278 1052 δὲ
1299 997 1624 1068 χρονίσομεν
1652 999 1712 1051 ἐν

49 1089 212 1162 εὐχῇ
254 1091 586 1160 νήφοντες,
604 1092 886 1162 στερίσκει
923 1089 1022 1160 μὲν
1049 1087 1185 1159 εὐχὴ
1209 1087 1306 1159 τὴν
1335 1087 1572 1142 διάνοιαν
1607 1087 1712 1142 πά-

18 1169 28 1176 ’
56 1195 178 1250 σης
216 1179 504 1245 ὑλώδους
529 1180 832 1250 φαντασίας
856 1179 1133 1250 λογισμῶν
1150 1179 1430 1248 ῥυπαρῶν
1454 1179 1710 1249 γνωρίζει

18 1263 32 1294 ἶ
57 1268 125 1322 δὲ
152 1267 328 1339 αὑτὴ
382 1269 499 1326 καὶ
523 1271 645 1334 τοὺς
664 1270 856 1337 λόγους
879 1268 988 1322 τῶν
1020 1268 1317 1337 πολεμίων,
1353 1267 1448 1320 καὶ
1475 1267 1537 1320 τὸ
1569 1267 1712 1337 μέγα

18 1359 30 1387 τ
58 1356 290 1428 κέρδος
329 1357 527 1430 εὐχῆς
542 1375 600 1411 τε
629 1359 723 1412 καὶ
753 1357 969 1429 νήψεως
990 1374 1006 1390 ⁸
1033 1356 1206 1426 Πλὴν
1229 1357 1354 1422 τοῖς
1380 1356 1709 1426 ὀφθαλμοῖς

17 1452 30 1482 ³
59 1465 204 1504 σου
254 1451 716 1520 κατανοήσεις,
767 1449 867 1504 καὶ
897 1449 1309 1505 ἀνταπόδοσιν
1346 1446 1709 1517 ἁμαρτωλῶν

25 1571 30 1576 ο
62 1545 308 1613 νοητῶν
345 1545 575 1614 νοητῶς
595 1544 692 1599 καὶ
720 1543 882 1608 αὐτὸς
901 1541 966 1594 σὺ
980 1541 1136 1611 ὄψει,
1187 1542 1282 1596 καὶ
1329 1543 1707 1612 κατανοήσεις,

18 1669 32 1672 μ-
64 1638 230 1708 φησι
281 1637 478 1691 Δαϐὶδ
518 1638 550 1691 δ
588 1637 732 1704 Orio;
803 1635 1069 1708 μελῳδόςο

1815 454 2038 523 quidem
2069 455 2174 525 ipsi
2205 455 2580 526 conspicimus
2603 455 2659 512 in
2685 457 2892 522 animo,
2925 457 2994 514 de
3013 458 3137 524 illis,
3192 470 3390 530 poten-

1817 545 1888 600 tia
1902 545 2034 602 Jesu
2055 547 2253 602 summi
2291 547 2384 602 Dei
2413 549 2610 615 nostri,
2641 556 2755 604 tum
2780 550 3064 606 victoriam
3094 550 3236 616 dari,
3273 560 3388 608 tum

1813 647 2078 703 nostram,
2119 639 2214 708 qui
2239 639 2474 696 humiles
2501 679 2520 707 ,
2585 641 2776 709 exiles,
2828 650 2885 698 et
2911 642 3132 700 inutiles
3175 659 3388 713 sumus,

1813 730 2078 785 ultionem
2103 731 2267 788 sumi.
3163 785 3173 795 .

1885 821 1971 876 52.
2011 821 2330 893 lgnoramus
2383 824 2632 894 plerique
2705 827 2992 883 universas
3034 829 3390 899 cogitationes

1811 913 1950 969 nihil
1974 913 2122 969 aliud
2169 929 2290 970 esse
2349 923 2715 986 praeterquam
2773 919 2922 973 solas
2974 913 3390 990 imginationes

1811 1003 2102 1058 sensilium
2127 1012 2184 1060 et
2235 1006 2636 1062 mundanorum
2670 1024 2876 1064 rerum.
2921 1009 3076 1074 Quod
3126 1009 3173 1065 si
3217 1009 3390 1066 sobrii

1811 1097 2069 1167 precibus
2086 1099 2461 1166 immorernur,
2496 1101 2734 1170 precatio
2758 1102 2937 1171 privat
2971 1105 3214 1158 animum
3239 1103 3391 1158 omni

1811 1203 1997 1244 crassa
2071 1190 2415 1245 sordidarum
2499 1193 2896 1262 cogitationum
2973 1194 3391 1266 imaginatione.

1811 1273 2134 1344 Perspicuas
2167 1276 2334 1330 etiam
2357 1277 2470 1345 ipsa
2496 1276 2629 1332 facit
2649 1279 2889 1334 hostium
2921 1289 3070 1334 artes
3089 1289 3180 1340 ,οι
3203 1279 3391 1335 decla-

1811 1373 1917 1426 rat,
1945 1365 2140 1435 ingens
2171 1381 2235 1420 ex
2260 1366 2515 1434 precibus
2541 1375 2595 1420 et
2619 1369 2976 1438 temperantia
2999 1385 3210 1426 iurrum
3237 1371 3388 1426 oriri.

1815 1454 2180 1508 Verumtamen
2204 1455 2367 1510 oculis
2397 1458 2499 1509 tuis
2524 1458 2900 1522 considerabis,
2919 1468 2968 1513 et
2990 1459 3388 1516 retributionem

1810 1553 2143 1614 peccatorum
2169 1544 2492 1615 Spiritalium
2525 1546 2709 1602 animo
2731 1548 2893 1602 etiam
2917 1556 2976 1602 tu
2999 1547 3115 1618 ipse
3135 1550 3328 1603 videbis
3348 1551 3390 1614 ί,

1811 1641 1868 1690 et
1895 1635 2484 1705 considerabis,inquit
2508 1636 2678 1691 David
2704 1637 3009 1692 modulator
3039 1636 3279 1700 divinus.
3331 1686 3344 1692 -

18 1738 36 1768 ί
150 1727 274 1798 vf.
321 1729 870 1800 Μνημονεύσωμεν,
914 1730 963 1782 εί
1016 1726 1262 1794 δυνατὸν,
1311 1725 1408 1780 τοῦ
1479 1726 1646 1780 Θανάτ

1883 1725 1972 1780 55.
2011 1723 2355 1794 Perpetuam,
2381 1724 2429 1779 si
2481 1725 2596 1780 ﬁeri
2627 1733 2824 1794 potest,
2875 1727 3068 1783 mortis
3116 1736 3390 1798 gestamus

28 1829 36 1857 '-
69 1819 498 1884 ἀδιαλείπτως
515 1835 532 1852 ο
557 1816 626 1875 δι’
649 1814 719 1892 ἦς
748 1821 966 1891 μνήμης
984 1818 1286 1891 φροντίδων
1317 1817 1575 1882 ἀπόθεσις
1602 1835 1708 1888 μα-

18 1922 28 1950 '-
65 1911 432 1981 ταιοτήτων
466 1926 530 1964 τε
557 1911 618 1964 ὲν
643 1911 776 1980 ἡμῖν
807 1911 1094 1979 γεννᾶται,
1129 1909 1345 1978 φυλακή
1371 1926 1432 1962 τε
1457 1909 1577 1972 νοὸς
1613 1908 1708 1962 καὶ

19 2014 33 2045 ‘-
72 2000 371 2074 διηνεκὴς
407 2000 610 2071 δέησις
629 2016 642 2028 ο
664 1997 1049 2070 ἀπροσπὰθεια
1087 1997 1142 2051 δὲ
1174 1997 1269 2051 τοῦ
1296 1995 1563 2066 σώματος,
1593 1994 1710 2066 βδέ-

74 2094 250 2160 λυξις
306 2093 630 2164 ἁμαρτίας,
660 2091 756 2146 καὶ
786 2089 994 2161 σχεδὸν,
1026 2091 1073 2143 εί
1114 2089 1197 2142 δεῖ
1235 2086 1468 2156 τάληθὲς
1511 2086 1707 2148 εἰπεῖν,

18 2204 36 2234 .·
81 2184 257 2238 πᾶσα
318 2181 512 2254 ἀρετὴ
560 2181 773 2250 ἄγουσα
822 2181 888 2232 ὲκ
935 2177 1142 2247 ταύτης
1215 2174 1538 2238 ὲκϐλύζεται
1567 2190 1580 2203 ο
1626 2173 1708 2228 διὸ

18 2298 26 2327 :
79 2279 170 2342 ὡς
223 2280 304 2351 τῇ
339 2276 466 2350 ἰδίᾳ
507 2279 669 2349 πνοῇ,
709 2275 760 2330 εί
786 2274 1031 2341 δυνατὸν,
1066 2269 1146 2342 τῷ
1184 2269 1470 2341 πράγματι
1498 2267 1710 2340 χρησώ-

18 2391 40 2422 τλ
91 2366 274 2438 μεθα.

169 2545 277 2600 νδν.
329 2540 563 2613 Καρδία
603 2538 899 2606 ξενωδεῖσα
957 2536 1269 2609 φαντασιῶν
1292 2577 1308 2602 ,
1351 2537 1552 2601 τελέως
1578 2536 1707 2608 νοή-

18 2671 38 2700 ς
96 2653 266 2708 ματα
319 2633 548 2700 τέξεται
609 2632 772 2702 μέσον
805 2629 980 2699 αὐτῆς
1022 2630 1330 2702 σκιρτῶντα
1363 2629 1484 2684 θεῖά
1511 2647 1568 2682 τε
1613 2630 1714 2691 καὶ

18 2767 27 2798 ς
101 2723 510 2800 μυστηριώδη,
537 2723 602 2776 ὃν
618 2723 822 2791 τρόπον
855 2721 1148 2793 σκιρτῶσιν
1183 2719 1388 2791 ἰχθύες,
1417 2720 1513 2774 καὶ
1545 2722 1708 2788 ἐγκυ-

18 2845 33 2891 ᾲ
101 2819 356 2874 ϐιστῶσι
381 2816 631 2884 δελφῖνες
659 2813 1006 2885 γαληνιὼσης
1035 2813 1339 2882 θαλάσσηςο
1372 2812 1468 2866 καὶ
1496 2811 1708 2885 ῥιπίζε-

18 2954 42 2986 ι
100 2929 202 2966 ται
266 2909 378 2980 μὲν
426 2905 673 2962 θάλασσα
707 2905 812 2958 ὑπὸ
855 2903 1061 2974 λεπτῆς
1108 2901 1304 2975 αὔρας.
1338 2902 1609 2966 ’Δϐυσσος
1648 2902 1706 2956 δὲ

18 3045 40 3080 ,τ
103 3003 356 3076 καρδίας
393 3000 500 3056 ὑπὸ
526 2997 843 3068 Πνεύματος
870 2997 1050 3066 ἁγίου.
1074 2997 1204 3051 Ὅτι
1230 2995 1318 3066 δὲ,
1358 2995 1548 3067 φησὶν,
1566 2994 1708 3048 ἐστὲ

1809 1817 2294 1885 memoriamzqua
2346 1831 2624 1881 curarum,
2656 1817 2956 1870 vanitatum
3014 1818 3284 1883 omnium,
3334 1827 3390 1878 et

1807 1907 2144 1976 reliquorum
2169 1922 2291 1976 quae
2322 1915 2451 1962 sunt
2479 1907 2536 1961 in
2576 1907 2761 1973 nobis,
2783 1909 3056 1978 depositio
3103 1909 3383 1967 nascitur:

1809 1998 2156 2052 conservatio
2219 1997 2386 2052 etiam
2437 1999 2683 2064 mentis,
2737 2006 2793 2053 ct
2842 1999 3063 2054 assidua
3107 2001 3419 2071 precatio,_

1808 2088 2067 2143 alienatio
2099 2089 2228 2142 item
2257 2089 2324 2142 ab
2352 2087 2503 2142 omni
2541 2088 2784 2158 corporis
2839 2088 3059 2156 affectu,
3086 2093 3387 2147 exsecratio

1808 2180 2039 2249 peccati,
2073 2195 2136 2234 ac
2164 2179 2581 2249 propemodum,
2621 2180 2668 2234 si
2701 2195 2890 2235 verum
2928 2181 3112 2238 dicere
3149 2191 3383 2252 oportet,

1809 2269 1986 2324 virtus
2011 2269 2193 2324 omnis
2225 2285 2295 2325 ex
2323 2285 2387 2325 ea
2423 2270 2684 2341 prodiens
2722 2271 2972 2326 scaturit.
3016 2271 3383 2338 Quamobrem

1829 2373 1928 2430 pso
1956 2358 2124 2425 facto,
2161 2369 2417 2430 tanquam
2445 2359 2668 2430 propria
2697 2360 3017 2432 spiratione,
3043 2361 3090 2416 si
3137 2361 3252 2415 ﬁeri
3281 2377 3384 2432 po-

1812 2458 1936 2515 test,
1971 2459 2193 2506 utamur
2219 2467 2304 2506 ea.

1879 2541 1969 2597 54.
2007 2541 2159 2598 Mens
2187 2542 2376 2613 procul
2401 2541 2468 2597 ab
2491 2541 2838 2598 illusionibus
2866 2542 3122 2608 alienata,
3156 2544 3378 2598 tandem

1809 2633 2023 2690 divinas
2069 2642 2130 2690 et
2178 2636 2449 2707 mysteriis
2498 2636 2690 2706 plenas
2743 2636 3134 2705 conceptiones
3180 2637 3377 2704 pariet,

1807 2725 2086 2780 exsultans
2124 2726 2178 2780 in
2235 2728 2414 2782 medio
2440 2727 2544 2792 sui,
2582 2728 3040 2798 quemadmodum
3091 2728 3382 2796 tranquillo

1808 2816 1944 2872 mari
1982 2817 2238 2874 exsiliunt
2285 2818 2482 2888 pisces,
2539 2827 2597 2873 et
2645 2819 2883 2874 demisso
2934 2818 3110 2887 capite
3139 2818 3383 2888 delphini

1809 2908 2136 2964 subsultant.
2194 2908 2259 2962 Et
2316 2908 2418 2964 levi
2457 2909 2680 2979 quidem
2713 2923 2842 2963 aura
2876 2907 3134 2979 perﬂatur
3181 2923 3330 2964 mare
3363 2926 3378 2962 :

1809 2997 2033 3068 abyssus
2065 3009 2245 3054 autem
2270 3000 2469 3066 cordis,
2507 2999 2712 3070 Spiritu
2745 3009 2956 3058 sancto.
2997 2998 3258 3063 Quoniam
3285 3017 3383 3053 au-

103 3065 258 3157 υιόι.
298 3065 738 3159 ἐξαπέστειλεν
771 3093 805 3144 δ
847 3065 988 3155 θεὸς
1027 3087 1096 3142 τὸ
1139 3065 1380 3157 Πνεῦμα
1416 3065 1522 3142 τοῦ
1570 3089 1649 3141 ra

1864 3065 1912 3144 μὲι
1945 3092 2087 3155 etiis,
2118 3092 2213 3158 ait,
2243 3091 2344 3161 ﬁlii
2375 3065 2492 3157 Dei,
2517 3065 2658 3146 ηῐεεει
2685 3091 2828 3147 Deus
2852 3090 3112 3161 Spiritum
3144 3089 3274 3145 Filii
3299 3092 3383 3145 sui

18 3221 34 3248 ς.
112 3189 337 3254 αὑτοῦ,
373 3188 443 3242 ἐν
481 3185 612 3252 ταῖς
645 3183 914 3253 καρδίαις
949 3181 1116 3252 ὑμῶν
1160 3179 1406 3250 κρᾶζον,
1446 3181 1640 3248 ’Δ66ὰ,

1864 3221 1865 3226 η
1896 3179 2053 3234 corda
2087 3190 2281 3247 vestra,
2307 3181 2646 3248 clamantem,
2675 3179 2844 3248 Abba,
2878 3179 3100 3238 Pater’.

19 3331 28 3338 .
112 3278 354 3349 Πατήρ.
1563 3330 1566 3332 ν

17 3351 40 3434 ξ
189 3375 288 3424 vs’.
333 3366 632 3438 Ἀπορήσει
665 3365 763 3420 καὶ
787 3364 1090 3436 διχονοήσει
1120 3364 1231 3426 πᾶς
1263 3362 1500 3433 μοναχδς
1541 3378 1709 3415 πνευ·

115 3456 366 3530 ματικοῦ
413 3455 597 3529 ἔργου,
647 3454 754 3526 πρὸ
801 3455 1018 3525 νήψεως
1057 3451 1149 3507 νοῦ
1193 3451 1479 3517 λαϐέσθαι,
1531 3451 1564 3524 ἢ
1609 3450 1708 3534 οὐκ

115 3550 282 3614 εἰδὼς
315 3549 416 3620 μὲν
435 3549 496 3602 τὸ
510 3545 713 3620 ταύτης
734 3545 1005 3618 κάλλος,ῆ
1038 3544 1193 3610 εἰδὼς
1225 3545 1348 3617 μὲν,
1365 3543 1430 3597 δι’
1449 3531 1708 3615 ἀμελείας

18 3617 32 3710 ἶ
112 3642 175 3696 δὲ
212 3641 296 3712 μὴ
316 3617 645 3710 δυνάμενος,
663 3617 766 3709 τῆς
794 3638 852 3692 δὲ
879 3637 1113 3711 ἀπορίας
1134 3635 1521 3708 ἀναμφιϐόλως
1539 3632 1708 3704 λυθή-

18 3713 32 3806 ῗ
119 3750 307 3796 σεται,
367 3731 486 3794 νοὸς
537 3731 769 3802 τήρησιν
822 3729 1040 3793 ἐπιϐὰς,
1087 3728 1122 3799 ἥ
1163 3729 1278 3782 ὲστι
1332 3725 1426 3780 καὶ
1487 3725 1707 3793 λέγεται

118 3823 410 3894 πρακτικὴ
460 3820 750 3892 φιλοσοφία
795 3820 934 3886 νοὸς,
965 3819 1042 3884 ὡς
1083 3819 1184 3890 τὴν
1223 3818 1341 3872 ὁδὸν
1381 3815 1632 3888 εὑρηκὼς
1671 3810 1707 3891 ἦ

119 3911 303 3980 εἶπεν,
349 3914 494 3984 Ἐγώ
533 3915 651 3984 ειμι
689 3913 729 3983 ἡ
757 3911 916 3981 ὁδὸς,
953 3911 1052 3966 καὶ
1085 3911 1125 3980 ἡ
1151 3909 1509 3976 ἀνάστασις,
1540 3909 1637 3964 καὶ
1672 3911 1710 3981 ἠ

26 4005 30 4080 ζ
118 4005 261 4074 ζωή.

195 4181 307 4248 νς’.
334 4179 505 4236 Πάλιν
525 4174 681 4245 αὖθις
696 4179 966 4251 ἀπορήσει
986 4178 1127 4248 δρῶν
1148 4177 1385 4232 ἄϐυσσον
1401 4177 1700 4249 λογισμῶν,

23 4282 27 4288 ’
123 4271 225 4325 καὶ
274 4270 481 4342 πλῆθος
515 4270 723 4341 νηπίων
772 4268 1157 4332 Βαϐυλωνίων,
1186 4267 1323 4322 ἀλλὰ
1372 4268 1466 4320 καὶ
1499 4266 1704 4339 ταύτην

1879 3350 1967 3404 55.
2009 3350 2085 3404 De
2115 3367 2281 3421 opere
2308 3353 2535 3422 spiritali
2571 3353 2866 3421 haesitabit,
2897 3359 2953 3408 ct
2973 3353 3042 3408 ab
3079 3367 3146 3408 eo
3172 3353 3382 3410 alienus

1808 3441 1914 3496 erit
1939 3433 2115 3496 omnis
2152 3444 2470 3509 monachus,
2503 3445 2595 3514 qui
2626 3444 3039 3514 temperantiam
3069 3444 3237 3498 animi
3257 3456 3384 3500 ante

1807 3549 1917 3589 non
1941 3533 2169 3604 adeptus
2196 3534 2382 3600 fuerit,
2409 3543 2506 3589 aut
2532 3534 2859 3606 ignoraverit
2881 3537 3002 3605 ejus
3027 3535 3377 3604 dignitatem:

1808 3631 1904 3678 aut
1939 3622 2122 3678 scierit
2151 3625 2394 3694 quidem,
2431 3625 2527 3681 sed
2557 3625 2806 3681 socordia
2849 3625 3026 3680 victus
3074 3641 3193 3680 eam
3223 3641 3381 3680 exer-

1808 3727 1932 3768 cere
1973 3727 2080 3767 non
2114 3712 2305 3782 possit.
2340 3714 2456 3779 Qua
2479 3714 2669 3783 procul
2700 3713 2866 3769 dubio
2888 3714 3226 3769 dubitatione
3256 3714 3382 3768 lihe-

1807 3804 2035 3870 rabitur,
2059 3805 2149 3860 ubi
2168 3805 2370 3866 mentis
2391 3805 2832 3861 observationem
2863 3819 3155 3877 aggressus
3183 3803 3376 3858 fuerit:

1807 3911 1928 3966 quae
1955 3903 2011 3950 et
2048 3905 2130 3950 est
2181 3905 2236 3950 et
2287 3896 2488 3951 dicitur
2534 3895 2877 3966 phi1050phia
2925 3893 3124 3949 mentis
3157 3894 3331 3947 activa
3366 3915 3378 3948 :

1807 3986 2260 4056 quemadmodum
2283 3986 2422 4042 viam
2447 3986 2758 4057 appellavit,
2796 3985 2890 4057 qui
2913 3984 3084 4041 dixit:
3116 3983 3228 4054 Ego
3261 4000 3377 4037 sum

1805 4079 1912 4144 via,
1942 4079 2271 4144 resurrectio,
2300 4087 2347 4132 et
2375 4080 2481 4132 vita
2500 4079 2542 4132 ³.
3405 4149 3407 4151 ι

1877 4170 1965 4226 56.
2006 4172 2196 4226 Denuo
2235 4172 2529 4238 luesitabit,
2562 4171 2850 4228 attendens
2889 4171 3141 4242 abyssum
3174 4169 3389 4240 cogita-

1789 4263 2038 4330 ,tionum,
2064 4273 2120 4318 et
2144 4263 2548 4320 multitudinem
2572 4263 2920 4334 parvulorum
2941 4262 3388 4333 Babyloniorum-

18 4357 28 4454 ξ
124 4361 247 4416 λύει
263 4362 364 4434 τὴν
391 4363 627 4434 ἀπορίαν
652 4362 910 4433 Χριστὸς,
932 4361 1046 4430 είγε
1068 4363 1134 4432 τῇ
1158 4361 1315 4431 βάσει
1339 4359 1438 4430 τῆς
1466 4360 1649 4423 διανοίι

1864 4356 1916 4410 ιιι
1947 4355 2089 4411 hanc
2118 4356 2281 4411 etiam
2303 4355 2708 4412 haesitationem
2741 4356 2904 4411 solvit
2927 4354 3199 4417 Christus,
3232 4353 3384 4409 dum-

18 4443 27 4478 ³
123 4455 392 4526 διηνεκῶς
425 4455 513 4510 ἐπ’
541 4455 704 4509 αὑτὸν
727 4453 1012 4524 ἱστάμεθα.
1041 4453 1123 4507 Τὰ
1152 4453 1208 4506 δὲ
1237 4453 1413 4507 πάντα
1449 4452 1649 4506 Βαϐυλε

1864 4448 1967 4504 odo
1998 4449 2050 4504 ei
2085 4449 2233 4504 velut
2260 4448 2427 4502 animi
2467 4447 2823 4516 fundamento
2852 4446 3201 4503 continenter
3237 4443 3388 4498 iuni-

17 4537 29 4573 ⁵
126 4564 218 4600 νια
269 4546 440 4614 νήπια
482 4556 540 4599 rt
583 4548 651 4616 τῇ
694 4545 874 4616 πέτρᾳ
915 4544 1089 4615 ταύτῃ
1131 4545 1477 4613 ὲδαφιοῦντες
1505 4547 1704 4599 ἐναπο-

19 4629 25 4642 ’
129 4634 403 4707 κρούομεν
426 4634 780 4704 πθςηροῦντες,
795 4635 940 4688 κατὰ
968 4634 1030 4687 τὸ
1059 4634 1261 4704 λόγιον,
1281 4635 1382 4706 τὴν
1410 4634 1702 4706 ἐπιθυμίαν

19 4725 26 4756 ;
131 4725 292 4798 ἡμῶν
307 4726 366 4791 ἐξ
394 4726 596 4782 αὑτων.
620 4727 724 4793 “Oc
745 4726 877 4797 γὰρ,
906 4727 1065 4797 φησὶ,
1096 4728 1399 4797 φυλάσσει
1419 4725 1699 4793 ἐντολὴν,

129 4822 204 4876 οὐ
247 4819 538 4890 γνώσεται
571 4817 740 4887 ῥῆμα
775 4820 1045 4887 πονηρόν
1065 4836 1081 4852 ο
1136 4817 1316 4890 χωρὶς
1353 4817 1464 4889 γὰρ
1518 4817 1666 4890 ἐμοῦ
1685 4855 1705 4883 ,

18 4937 19 4940 η
131 4914 260 4984 ἔφη,
281 4915 362 4968 οὐ
381 4911 650 4966 δύνασθε
678 4909 873 4966 ποιεῖν
902 4909 1106 4966 οὐδέν.

203 5081 300 5146 νζ’.
329 5077 496 5148 Οὗτος
524 5081 779 5155 ἀληθινὸς
804 5083 881 5154 τῷ
915 5083 1030 5137 ὄντι
1066 5084 1320 5157 μοναχδς,
1344 5086 1376 5138 δ
1397 5084 1557 5156 νῆψιν
1569 5102 1703 5141 κατ-ι

138 5172 336 5243 ορθῶν⁸
366 5174 462 5227 καὶ
484 5167 638 5238 οὗτος
669 5173 1222 5247 ἀληθινὸςξνηφὰλιος,
1252 5177 1281 5228 ὀ
1313 5175 1372 5231 ὲν
1401 5176 1602 5248 καρδίᾳ
1623 5174 1701 5232 ὣν

137 5266 394 5337 μοναχός.

205 5364 304 5428 νην.
347 5355 891 5428 Συμπαρὲκτείνεται
939 5359 1250 5430 ἀνθρώποις
1289 5360 1318 5413 ὁ
1349 5359 1464 5430 βίος
1506 5358 1565 5412 ἐν
1590 5358 1699 5412 ἐνι-

139 5451 330 5517 αυτοῖς,
365 5449 424 5502 ὲν
458 5448 648 5520 μησὶν,
679 5450 738 5502 ὲν
782 5449 1074 5520 ἑϐδομάσιν
1097 5452 1189 5520 ,ἐν
1221 5469 1280 5507 τε
1305 5453 1564 5523 ἡμέραις,
1599 5452 1700 5505 καὶ

214 5648 388 5707 ‘Psal.
425 5665 509 5719 xc,
540 5652 593 5707 8.
671 5651 691 5682 '
724 5651 896 5708 Galat.
930 5667 1004 5717 iV,
1035 5649 1088 5705 6.
1145 5653 1163 5684 ³
1191 5651 1346 5707 Joan.
1381 5667 1457 5719 xi,
1492 5650 1584 5706 25.

1883 5667 2094 5720 cxxxvl,
2129 5652 2183 5727 5.
2259 5655 2278 5686 ⁵
2308 5651 2474 5707 Eccli.
2507 5666 2620 5720 vm,
2647 5651 2699 5707 5.

1808 4548 2005 4594 tamur.
2047 4539 2340 4595 Universos
2366 4547 2545 4593 autem
2575 4537 2894 4609 Babylonios
2923 4535 3219 4591 infantulos
3255 4533 3389 4588 huic

1808 4640 1976 4700 petrae
2028 4639 2284 4701 tanquam
2338 4630 2651 4698 pavimento
2704 4629 2999 4694 allidimus,
3067 4626 3386 4694 implemes,

1804 4722 1956 4792 juxta
1982 4722 2280 4792 eloquium,
2307 4723 2640 4778 desiderium
2667 4729 2915 4774 nostrum
2941 4733 3005 4772 ex
3045 4715 3178 4785 ipsis
3206 4715 3246 4768 δ.
3279 4715 3381 4779 Qui

1807 4814 1968 4880 enim,
2009 4813 2214 4883 inquit,
2252 4814 2474 4868 custodit
2535 4819 2874 4880 praeceptum,
2931 4826 3036 4863 non
3085 4805 3382 4878 experietur

1811 4906 2098 4977 quidquam
2126 4905 2256 4960 mali
2277 4905 2321 4958 ⁵.
2351 4902 2487 4969 Quia
2509 4902 2621 4956 sine
2648 4916 2750 4967 me,
2779 4901 2878 4966 ait,
2908 4899 3039 4954 nihil
3058 4901 3269 4969 potestis
3297 4902 3381 4971 fa-

1810 5012 1925 5053 cere
1957 4997 2000 5052 ⁸.

1881 5088 1969 5144 57.
2005 5085 2104 5144 Hic
2135 5086 2378 5159 profecto
2419 5098 2580 5140 verus
2606 5090 2692 5138 est
2736 5080 3058 5146 monachus,
3106 5081 3198 5151 qui
3233 5091 3380 5138 recte

1810 5179 2226 5250 temperantiam
2258 5186 2503 5243 exercet;
2538 5182 2594 5230 et
2622 5173 2713 5229 hic
2741 5187 2871 5229 vere
2913 5181 3225 5244 temperans
3271 5184 3376 5240 est,

1807 5270 1899 5341 qui
1923 5270 2226 5324 monachus
2254 5275 2337 5324 est
2367 5267 2569 5322 animo.

1875 5361 1964 5415 58.
2009 5359 2128 5416 Vita
2158 5359 2441 5415 hominum
2468 5354 2844 5428 protenditur,
2869 5369 2969 5425 per
2995 5369 3192 5422 annos,
3222 5372 3376 5410 meu-

1803 5464 1912 5517 ses,
1941 5451 2328 5517 hebdomadas,
2358 5449 2495 5515 dies,
2530 5447 2712 5512 horas,
2743 5454 2953 5512 noctes,
2996 5455 3051 5501 et
3099 5458 3373 5502 momenta

2780 5653 2799 5683 ⁶
2824 5648 2979 5707 Joan.
3009 5665 3098 5716 xv,
3131 5649 3187 5705 5.
