3764 6304
35 298 63 359 1
791 297 889 357 DE
918 293 1468 357 TEMPERANTIA
1499 295 1594 355 ET
1634 294 1996 355 VIRTUTE.
2039 321 2105 330 --
2141 297 2528 358 CENTURIA
2569 300 2652 364 ΙΙ.

3186 299 3322 364 1538

35 403 124 472 τ’.
174 406 257 460 Ὀ
287 407 522 460 τοίνυν
550 407 648 477 τήν
679 408 926 478 κεφαλὴν
959 407 1146 478 τηρῶν
1177 407 1276 476 τὴν
1308 405 1403 460 τοῦ
1429 405 1626 476 ὄφεως,

1807 404 1893 459 76.
1936 403 2284 476 Quapmpter
2315 408 2408 477 qui
2439 418 2602 479 caput
2631 409 2900 480 serpentis
2925 412 3318 481 observaverit,

68 500 162 552 δι’
200 501 655 572 ἀντιρρήσεως
692 499 1012 571 θυμοειδοῦς
1049 498 1378 570 δακεθύμοις
1418 499 1625 570 ῥήμασι

1816 497 2080 552 iracunde
2121 499 2463 566 reluctando,
2504 501 2688 556 verbis
2721 503 2984 558 animosis
3033 520 3187 567 usus,
3232 507 3318 562 in-

35 608 299 662 ιμενος,
337 592 485 657 πὺξ
529 592 710 662 βαλὼν
737 593 956 662 δείματι
1002 591 1389 662 ἀπεκρούσατο
1412 590 1503 643 τὸν
1532 606 1628 643 πο-

39 699 145 734 ιον
180 682 249 753 (ὃ
292 684 418 738 καὶ
463 684 565 738 νῦν
592 701 678 748 τις
701 683 861 746 ἀλλος
885 679 954 753 ἦν
976 685 1228 753 κοπιῶν),
1252 683 1491 752 Πρῶτος
1510 681 1629 736 τῶν

35 774 226 828 »πῶν
300 777 698 844 μεταλάϐοι,
743 776 819 841 ὡς
870 775 1018 829 δοκεῖ
1075 774 1294 846 Παύλῳ.
1346 775 1406 829 '0
1447 775 1628 828 τοίνυν

35 868 94 918 'w
129 866 256 937 τὴν
291 868 529 939 χάραν¹
572 867 808 937 ἐξέφυγε.
839 867 935 920 καλ
970 865 1200 930 πολλοὺς
1237 867 1508 936 πονηροὺς
1539 866 1630 918 λο-

41 958 221 1027 μοὺς
283 957 412 1012 καί
475 958 616 1029 ἔργα
669 959 1034 1029 πονηρότερα,
1061 955 1176 1012 ’καὶ
1220 959 1342 1011 τότε
1382 957 1630 1028 διαμένει

35 1051 335 1120 hamato;
375 1053 418 1122 ἡ
461 1051 696 1116 διάνοια,
729 1051 826 1104 τοῦ
862 1049 998 1103 Θεοῦ
1045 1051 1486 1121 ἀπεκδεχομένου
1531 1043 1631 1118 τὴν

35 1147 150 1215 εῆς
179 1146 580 1216 ἐγρήγορσιν
603 1145 682 1208 εἰς
711 1145 837 1208 τοὺς
857 1143 1174 1214 λογισμοὺς,
1200 1143 1295 1197 καὶ
1317 1144 1634 1212 ἀντιδωρού-

35 1254 146 1290 νου
185 1235 364 1308 αὐτῇ
411 1236 642 1302 εἰδέναι,
690 1234 809 1298 πῶς
843 1236 924 1289 δεῖ
964 1234 1355 1306 περιγενέσθαι
1377 1236 1506 1298 τοὺς
1536 1235 1632 1286 ἀν-

35 1328 436 1391 εαλαίοντας
465 1328 656 1398 αὐτὴν,
685 1328 778 1380 καὶ
793 1327 942 1390 ὅπως
963 1327 1069 1398 χρὴ
1101 1327 1462 1397 καθαίρεσθαι
1492 1329 1634 1380 κατά

35 1417 199 1489 κρδν
254 1419 385 1488 τὴν
443 1417 693 1488 καρδίαν,
747 1419 810 1471 ὲκ
857 1416 1137 1487 λογισμῶν
1181 1417 1506 1470 κοινούντων
1540 1416 1634 1470 καὶ

35 1511 360 1564 αινὸντων
393 1511 494 1563 τὸν
526 1509 674 1572 εντξι,
701 1509 1017 1580 ἄνθρωπον,
1047 1509 1124 1572 ὥς
1162 1525 1328 1578 φησιν
1357 1510 1384 1560 ὁ
1408 1507 1632 1579 Κύριος,

35 1609 97 1659 ἶκ
139 1603 274 1674 τῆς
322 1603 598 1673 καρδίας
638 1604 992 1674 ἐξέρχονται
1028 1603 1406 1673 διαλογισμοί
1445 1616 1634 1670 πονη-

36 1695 98 1757 ιὶ,
130 1694 484 1763 πορνεῖαι,
502 1693 788 1764 μοιχεῖαι,
811 1692 1060 1748 κάκεῖνά
1079 1695 1197 1748 εισι
1221 1693 1293 1747 τὰ
1314 1694 1636 1748 κοινοῦντα

35 1803 89 1838 ιγ
129 1785 528 1853 ἄνθρωπον.

51 1875 171 1940 οῖ’.
219 1878 468 1940 Ὄντως
489 1877 598 1949 ἄρα
627 1875 847 1932 δύναται
868 1876 1015 1948 ψυχή
1048 1877 1107 1932 ἐν
1143 1877 1334 1949 Κυρίῳ
1351 1875 1541 1944 στῆναι
1571 1876 1637 1948 τῇ

35 1970 214 2040 ιυτῆς
257 1970 567 2042 εὐμορφίᾳ
597 1971 692 2024 καὶ
725 1970 1022 2042 ὡραιότητι
1043 1972 1139 2026 καὶ
1165 1971 1445 2042 εύθύτητι,
1475 1970 1550 2034 ὡς
1580 1969 1640 2036 ἐξ

35 2063 187 2133 ρχῆς
220 2062 388 2133 πρὸς
421 2061 560 2115 Θεοῦ
587 2062 811 2132 ἐκτίσθη
847 2061 968 2118 λίαν
1023 2059 1165 2134 καλή
1194 2079 1254 2115 τε
1283 2062 1378 2116 καὶ
1434 2060 1638 2126 εὐθεῖα,

35 2153 200 2217 ιθὼς
244 2169 442 2225 φησιν
471 2154 498 2206 ὁ
531 2152 706 2224 μέγας
736 2153 831 2206 τοῦ
891 2153 1097 2224 Κυρίου
1134 2153 1388 2224 θεράπων
1413 2147 1640 2206 "Audi--

35 2263 142 2310 :o;,
171 2245 289 2314 τῆς
320 2243 520 2316 ψυχῆς
545 2243 606 2297 τὸ
622 2241 811 2315 νοερδν
845 2243 989 2298 κατά
1017 2243 1182 2313 φύσιν
1213 2245 1443 2316 ἐχούσης
1469 2242 1639 2315 ἀρετῇ

35 2338 358 2391 υνίσταται
384 2353 402 2368 ο
435 2337 532 2388 καὶ
547 2334 708 2389 πάλιν
733 2331 854 2388 εἷπε
872 2343 888 2362 ⁸
908 2335 981 2388 Τὸ
1003 2335 1112 2406 γὰρ
1137 2335 1355 2391 εὐθεῖαν
1378 2329 1517 2387 εῐναι
1540 2335 1643 2404 τὴν

36 2425 227 2496 ιυχὴν,
261 2424 447 2478 τοῦτὸ
482 2426 600 2478 ἐστι
650 2424 712 2477 τὺ
755 2412 898 2478 κάτά
937 2424 1103 2495 φύσιν
1143 2425 1336 2496 voepr
1382 2425 1522 2496 αὐτῇ
1565 2425 1642 2490 ὡς

39 2517 270 2587 κτίσθη
295 2532 312 2548 ·
355 2515 456 2570 καὶ
489 2513 607 2586 μετ’
633 2515 792 2582 ὀλίγα
819 2509 976 2579 αὖθίς
1004 2531 1138 2586 φησι
1160 2531 1174 2547 ο
1193 2515 1642 2588 Καθαρεύσωμεν

36 2609 119 2678 ὴν
158 2607 456 2662 διάνοιαν.
502 2605 644 2676 Ἐγὼ
696 2606 804 2678 γὰρ
847 2606 1091 2661 πιστεύω
1117 2607 1198 2661 ὅτι
1246 2607 1642 2680 καθαρεύσασα

35 2702 174 2772 μυχὴ
209 2700 574 2772 πανταχόθεν
599 2702 696 2754 καὶ
742 2703 884 2756 κατά
921 2701 1084 2771 φύσιν
1127 2701 1341 2755 ἑστῶτα
1367 2744 1384 2768 ,
1419 2702 1642 2757 δύναται

35 2795 335 2865 ῑιορατικὴ
372 2793 639 2864 γενομένη
671 2791 896 2848 πλείονα
949 2793 1045 2847 καὶ
1077 2795 1392 2864 μακρότερα
1423 2793 1642 2863 βλέπειν

35 2886 138 2943 πῶν
165 2885 462 2955 δαιμόνων
483 2925 497 2950 ,
539 2883 740 2954 ἔχουσα
791 2884 883 2938 τὸν
941 2884 1397 2939 ἀποκαλύπτοντα
1436 2884 1642 2956 Κύριον

35 2965 178 3050 αὐτῇ
198 2995 215 3010 ·
251 2978 393 3033 τάδε
451 2978 617 3048 φησὶν
643 2979 672 3032 ὁ
703 2977 912 3041 κλεινὸς
953 2977 1262 3040 ’Δντώνιο;,
1294 2975 1370 3040 ὥς
1401 2994 1570 3048 φησιν
1613 2978 1642 3030 ὁ

35 3069 224 3141 μέγας
274 3068 604 3133 Ἀθανάσιος
629 3069 688 3122 έν
717 3068 795 3140 τῷ
821 3067 950 3139 περὶ
995 3067 1284 3122 Ἀντωνίου
1311 3067 1440 3139 Βίῳ.

113 3340 224 3408 οη⁹.
256 3330 380 3398 Πᾶς
432 3331 689 3404 λογισμὸς
719 3331 990 3402 φαντασία
1017 3331 1077 3384 ιν
1113 3331 1190 3401 νῷ
1221 3328 1470 3401 αἰσθήσει
1499 3331 1644 3395 τινος

43 3427 391 3498 πράγματος
408 3440 424 3456 ⁸
445 3423 570 3486 νοῦς
584 3421 694 3492 γὰρ
709 3420 786 3475 ὢν
809 3423 838 3476 ὁ
873 3419 1157 3493 Ἀσσύριος
1183 3419 1286 3474 οὐκ
1312 3418 1486 3484 ἄλλως
1504 3420 1646 3475 ἀπα-

44 3519 151 3589 τᾷν
179 3515 458 3585 ἑξισχύει,
497 3516 546 3569 εί
585 3514 660 3586 μή
694 3514 956 3584 χρήσεται
1009 3515 1123 3576 τοῖς
1174 3513 1304 3582 παρ’
1340 3511 1500 3583 ήμῶν
1559 3513 1646 3566 αἰ-

53 3607 282 3681 σθητοῖς
305 3609 404 3663 καὶ
432 3607 740 3677 συνήθεσιν.

131 3789 232 3845 σθ’.
275 3787 368 3850 Ὦς
402 3786 463 3838 ού
491 3783 713 3840 δυνατὸν
743 3782 853 3856 ἀρα
869 3782 1033 3854 ὄρνεα
1064 3781 1283 3837 διώκειν
1306 3781 1453 3850 ήμᾶς
1482 3781 1541 3834 ἔν
1565 3781 1644 3852 τῷ

60 3882 187 3952 ἀέρι
210 3878 466 3951 πτερωτά
488 3877 647 3940 ὄντας
671 3871 1018 3947 ἀνθρώπους,
1037 3874 1072 3946 ἢ
1101 3871 1430 3928 ἀνίπτασθαι
1455 3870 1644 3943 ὥσπερ

66 3972 320 4036 κάκεῖνα,
347 3967 506 4021 τοῦτο
532 3967 632 4038 τῆς
663 3964 821 4037 ήμῶν
874 3964 1092 4034 φύσεως
1132 3963 1234 4018 οὐκ
1261 3961 1520 4034 ἐχούσης·
1550 3960 1642 4015 οὓ-

66 4079 174 4124 τως
194 4061 258 4115 ού
291 4059 514 4113 δυνατὸν
569 4058 866 4131 λογισμοὺς
894 4058 1243 4132 αύτομάτους
1269 4058 1645 4130 δαιμονιώδεις

75 4150 451 4224 περιγενέσθαι
476 4151 646 4222 χωρὶς
676 4150 841 4220 εὐχῆς
867 4149 1142 4220 νηπτικῆς
1183 4148 1387 4219 συχνῆς
1405 4187 1423 4210 ,
1457 4147 1490 4218 ἢ
1519 4149 1645 4200 ἀτε-

71 4248 178 4310 νῶς
202 4247 339 4315 ἀγαν
367 4244 503 4316 πρὸς
529 4244 661 4297 Θεὸν
678 4243 834 4314 lippa
855 4242 947 4298 νοῦ
969 4241 1251 4314 νήχεσθαι.
1272 4241 1334 4294 Et
1359 4239 1415 4294 δὲ
1429 4237 1515 4304 οὒ,
1541 4242 1646 4311 γῆν

75 4336 347 4410 θραύσεις.
1118 4371 1129 4380 .

145 4433 219 4483 π’.
254 4425 550 4498 Είάληθῶς
586 4425 698 4497 ἀρα
745 4421 1064 4494 περιϐαλεῖν
1103 4422 1336 4494 αἰσχύνῃ
1377 4421 1508 4487 τοὺς
1559 4421 1647 4476 λο-
1681 4419 1727 4476 D

78 4517 303 4588 γισμοὺς
331 4516 525 4583 θέλεις,
560 4515 653 4571 καὶ
686 4514 981 4586 ἡσυχάζειν
1029 4513 1296 4584 εὐμενῶς,
1325 4513 1422 4568 καὶ
1451 4513 1644 4584 νήφειν

79 4611 143 4678 τῇ
171 4605 365 4676 καρδίᾳ
421 4603 560 4674 μετὰ
616 4603 891 4669 εὐκολίας,
931 4601 1107 4674 Ἰησοῦ
1149 4603 1281 4673 εὐχὴ
1330 4601 1646 4673 κολληθήτω

85 4697 148 4765 σῇ
198 4694 351 4764 πνοῇ,
401 4691 498 4746 καὶ
551 4692 612 4747 ιν
660 4690 869 4762 ὀλίγαις
923 4693 1162 4763 ἡμέραις
1191 4691 1476 4761 γινόμενον
1524 4689 1644 4761 δψει

83 4802 252 4840 τουτο.

153 4876 262 4934 πα’.
303 4877 386 4942 Ὠς
406 4877 516 4948 γὰρ
545 4876 603 4930 ἐν
631 4875 758 4946 ἀέρι
792 4874 1100 4946 γράμματα
1129 4876 1190 4928 ού
1244 4876 1466 4930 δυνατὸν
1511 4892 1647 4947 γρα-

94 4970 282 5041 φῆναι*
317 4969 394 5024 δεῖ
416 4967 527 5041 γὰρ
551 4966 696 5022 αὐτά
720 4967 801 5030 είς
848 4985 902 5021 τι
936 4968 1096 5038 σῶμα
1130 4967 1456 5039 στήσασθαι,
1496 4967 1645 5030 ὅπως

94 5061 156 5114 ἂν
180 5061 361 5133 διαρκῆ
392 5059 701 5124 σώζωνταιο
717 5057 862 5114 οὕτω
881 5076 946 5128 γε
969 5061 1035 5129 τῇ
1057 5076 1200 5129 κοπη
1211 5061 1279 5130 ρᾷ
1303 5058 1463 5129 νήφει
1489 5061 1522 5129 ἡ
1532 5057 1647 5128 μῶν

99 5153 161 5221 τῇ
187 5149 308 5222 εὐχῇ
343 5149 518 5221 Ἰησοῦ
553 5148 794 5222 Χριστοῦ
833 5149 1218 5220 κολληθῶμεν,
1255 5151 1339 5204 ἵνα
1365 5153 1397 5222 ή
1427 5150 1526 5221 τῆς
1552 5167 1649 5221 νη-

102 5242 400 5311 φαλιάιητος
432 5241 718 5310 πάγκαλος
742 5241 937 5312 ἀρετή,
965 5242 1192 5314 διαρκὴς
1226 5244 1322 5296 σὺν
1354 5243 1505 5315 αὐτῷ
1531 5243 1648 5296 δια-

111 5330 256 5402 μένῃ,
306 5331 394 5385 καὶ
431 5331 496 5385 δι’
542 5331 702 5385 αὑτοῦ
745 5331 876 5400 ἡμῖν
948 5335 1029 5395 είς
1102 5331 1275 5386 αίῶνα
1326 5331 1650 5403 διατηρῆται

108 5425 456 5497 ἀναφαίρετος.

177 5515 276 5587 ιβ’.
301 5517 526 5572 Κύλισον
573 5515 668 5570 επὶ
697 5514 901 5588 Κύριον
934 5517 1004 5572 τὰ
1036 5516 1175 5589 ἔργα
1206 5533 1324 5584 σου,
1361 5516 1455 5570 καὶ
1479 5516 1646 5588 εὑρή-

182 5695 284 5754 “ll
309 5696 440 5753 'l‘im.
474 5693 610 5762 11,6.
690 5691 944 5752 "Matth.
967 5709 1057 5760 xv,
1085 5692 1171 5757 i9,
1199 5694 1290 5749 20.

1724 585 1874 657 jecto
1915 601 2101 659 pugno
2137 589 2192 642 in
2238 589 2430 644 faciem
2483 589 2781 660 pulsaverit
2829 593 3040 649 hostem
3092 594 3170 662 {in
3213 612 3323 666 quo

1729 677 1890 731 modo
1920 679 2192 748 quispiam
2217 678 2358 734 alius
2395 679 2703 751 laborabat)
2733 680 2948 737 Primus
2973 686 3036 738 de
3065 685 3326 755 fructibus

1731 769 1997 838 percipere
2026 771 2194 834 debet,
2231 777 2293 824 ut
2333 769 2512 840 placet
2555 771 2726 827 Paulo
2760 774 2826 828 “.
2873 775 2976 841 Qui
3013 792 3143 848 ergo
3185 794 3322 833 con-

1731 859 1915 913 tundit
1944 868 2126 930 caput,
2164 860 2213 914 is
2241 870 2296 916 et
2325 861 2528 917 multas
2571 864 2934 936 cogitationes
2973 882 3171 936 pravas
3204 871 3323 924 evi-

1733 957 1829 1013 tat,
1873 957 1927 1003 et
1961 965 2128 1020 opera
2191 951 2397 1021 pejora.
2451 952 2645 1022 Fitque
2695 962 2830 1022 tum,
2883 964 2946 1010 ut
2999 960 3325 1028 tranquillus

1734 1049 2051 1109 permaneat
2093 1042 2310 1096 animus
2350 1061 2364 1096 :
2415 1044 2573 1112 cujus
2625 1047 3014 1100 excitationem
3062 1049 3325 1104 adversus

1734 1135 2092 1206 cogitationes
2138 1138 2336 1207 probat
2373 1136 2537 1204 Deus,
2599 1149 2655 1194 et
2706 1143 3101 1197 remunerandi
3159 1159 3324 1198 causa

1735 1229 1890 1284 docct
1944 1244 2093 1294 eum,
2139 1245 2249 1300 quo
2295 1240 2456 1301 pacto
2523 1233 2909 1304 impugnantes
2955 1250 3013 1289 se
3061 1251 3326 1306 superam

1735 1329 1900 1390 queat
1931 1339 1944 1374 :
1978 1329 2033 1374 et
2069 1337 2176 1390 qua
2215 1324 2431 1378 ratione
2461 1331 2558 1378 cor
2595 1326 2856 1394 paulatim
2889 1341 3124 1398 purgare
3157 1343 3326 1399 Opor-

1741 1419 1851 1466 teat
1887 1412 2308 1483 cogitationibus
2353 1415 2759 1472 maculantibus
2799 1425 2853 1472 et
2907 1418 3326 1476 inquinantibus

1740 1504 2053 1558 interiorem
2117 1503 2418 1569 hominem,
2473 1506 2617 1560 sicut
2705 1515 2783 1560 att
2851 1507 3117 1565 Dominus
3175 1529 3189 1566 :
3246 1511 3326 1564 De

1741 1597 1894 1650 corde
1950 1604 2135 1650 exeunt
2207 1598 2551 1667 cogitationes
2613 1598 2796 1665 malet,
2861 1601 3149 1667 adulteria,
3213 1605 3325 1673 for-

1740 1687 2031 1741 nicationes
2088 1703 2106 1740 :
2161 1697 2210 1742 et
2257 1688 2367 1742 Ιιωο
2414 1698 2535 1742 sunt
2587 1705 2706 1759 qui:
2751 1692 3096 1761 coinquinant
3154 1694 3325 1748 homi-

1743 1794 1860 1832 nem
1905 1779 1970 1836 η.

1813 1871 2040 1927 77.1lac
2079 1871 2263 1943 itaque
2311 1873 2526 1928 ratione
2557 1879 2741 1944 potest
2765 1872 2946 1928 anima
2993 1885 3090 1943 per
3137 1872 3322 1929 Domi-

1742 1977 1871 2016 num
1928 1963 2165 2020 retinere
2189 1979 2340 2019 suam
2371 1964 2548 2034 ipsius
2599 1972 2971 2033 venustatem,
3005 1967 3322 2036 pulchritu-

1743 2054 1928 2109 dinem
1978 2065 2035 2111 ει
2084 2057 2490 2124 rectitudinem,
2552 2057 2694 2112 sicut
2737 2057 2894 2113 initio
2921 2067 3102 2112 creata
3128 2067 3212 2113 est
3257 2060 3324 2114 ad

1743 2145 2157 2202 similitudinem
2180 2147 2296 2213 Dei,
2337 2149 2495 2203 valde
2534 2148 2784 2219 speciosa
2816 2157 2872 2204 et
2901 2157 3076 2214 recta,
3110 2159 3173 2204 ut
3233 2149 3324 2205 in-

1741 2237 1860 2307 quit
1887 2252 2119 2309 magnus
2152 2237 2368 2294 Domini
2397 2255 2589 2295 servus
2610 2239 2904 2307 Antonius,
2937 2241 3154 2308 animm,
3202 2257 3326 2312 qum

1742 2330 2042 2386 secundam
2065 2340 2312 2386 natumut
2355 2334 2580 2404 regitur,
2611 2334 2694 2389 vis
2751 2333 3082 2389 intellectiva
3109 2343 3324 2390 constat

1742 2420 1965 2477 virtute.
1998 2423 2062 2477 Et
2085 2423 2283 2478 iterum
2306 2423 2465 2491 dixit,
2496 2423 2721 2480 Rectam
2758 2441 2880 2481 esse
2906 2426 3166 2493 animam,
3222 2427 3326 2482 hoc

1743 2520 1848 2577 est,
1883 2512 2057 2584 ipsam
2100 2515 2304 2570 habere
2334 2513 2651 2570 facultatem
2700 2516 3092 2572 intellectivam
3116 2528 3327 2573 naturae

1742 2614 2188 2673 consentaneam,
2221 2607 2299 2662 uti
2323 2615 2500 2662 creata
2534 2619 2638 2664 est.
2667 2607 2735 2664 Et
2777 2611 2986 2676 statim,
3029 2611 3219 2680 paucis
3241 2611 3326 2664 in-

1743 2696 2010 2766 terjectls,
2055 2698 2180 2753 ait:
2218 2699 2452 2770 Purgato
2521 2700 2693 2754 simus
2754 2701 2957 2755 animo.
3015 2701 3128 2772 Ego
3176 2701 3322 2755 enim

1745 2789 1908 2843 credo
1937 2789 2194 2856 animam,
2233 2799 2559 2862 quacunque
2588 2800 2744 2861 parte
2782 2800 3086 2863 purgatam,
3123 2799 3178 2846 et
3221 2807 3323 2844 na-

1746 2882 1866 2930 tura
1896 2891 1996 2932 sua
2036 2888 2402 2944 constantem,
2422 2894 2603 2951 posse,
2635 2881 3008 2950 perspicacem
3044 2881 3316 2942 eﬂ'ectam,

1745 2965 1954 3023 acutius
1979 2977 2037 3023 et
2056 2970 2350 3025 remotiora
2373 2971 2579 3038 videre,
2607 2986 2768 3041 quam
2786 2970 2999 3042 possint
3023 2971 3318 3036 daemones,

1747 3057 1946 3128 quippe
1975 3075 2097 3129 quae
2126 3059 2415 3115 Dominum
2446 3059 2550 3115 sibi
2571 3060 2922 3138 Irevelantem
2948 3059 3168 3126 habeat,
3189 3060 3318 3116 Haec

1745 3147 1880 3203 dicit
1909 3148 2141 3220 inclytus
2159 3149 2456 3215 Antonius,
2492 3159 2717 3207 auctore
2742 3150 3048 3207 Athanasio
3095 3167 3318 3223 magno,

1744 3235 1801 3292 in
1824 3238 1948 3294 Vita
1981 3239 2226 3295 Antonii.

1815 3326 1903 3381 78.
1937 3327 2157 3392 Quaevis
2184 3329 2441 3400 cogitatio
2465 3337 2550 3384 est
2570 3329 2887 3400 imaginatio
2911 3345 3035 3400 quae
3059 3329 3236 3384 oritur
3266 3331 3319 3385 in

1746 3425 1926 3471 mente
1956 3432 2020 3472 ex
2056 3421 2406 3489 perceptione
2460 3421 2719 3476 sensitiva
2743 3421 2822 3475 rei
2843 3422 3148 3492 cujusdam.
3182 3422 3319 3478 Cum

1744 3505 1892 3559 enim
1919 3506 2172 3576 Assyrius
2194 3509 2264 3562 sit
2280 3509 2524 3579 spiritus,
2557 3525 2668 3566 non
2716 3519 2900 3579 potest
2919 3511 3081 3567 aliter
3104 3513 3317 3582 fallere,

1744 3611 1906 3665 quam
1931 3597 1977 3651 si
2013 3606 2200 3653 utatur
2223 3600 2291 3656 iis
2310 3616 2433 3671 qua
2464 3613 2596 3657 sunt
2622 3601 2831 3658 nostris
2845 3603 3097 3660 sensibus
3125 3613 3184 3659 et
3202 3621 3322 3660 mo-

1746 3688 1898 3743 ribus
1923 3689 2224 3746 familiaria.

1819 3782 1904 3837 79.
1939 3781 2146 3847 Utnos,
2166 3784 2258 3853 qui
2287 3799 2478 3840 sumus
2510 3785 2781 3850 homines,
2804 3800 3008 3845 avcs'm
3033 3801 3162 3843 aere
3221 3805 3322 3843 vo-

1745 3872 1922 3928 lantes
1947 3875 2160 3945 assequi
2195 3891 2304 3930 non
2363 3891 2676 3946 possumus,
2706 3889 2821 3944 aut,
2860 3880 3320 3949 quemadmodum

1745 3965 1868 4032 illae,
1901 3981 2120 4020 sursum
2150 3968 2354 4032 volare,
2389 3983 2516 4023 cum
2552 3970 2691 4024 hanc
2723 3970 2832 4025 vim
2894 3979 3087 4026 natura
3134 3982 3320 4027 nostra

1745 4075 1855 4114 non
1910 4060 2159 4116 habeat:
2220 4062 2292 4116 ita
2368 4061 2488 4117 sine
2546 4062 2814 4132 frequenti
2844 4071 2903 4117 et
2949 4065 3322 4133 temperantiae

1746 4150 1905 4221 plena
1933 4151 2200 4214 oratione,
2223 4162 2319 4206 aut
2349 4151 2659 4207 vehementi
2705 4153 2988 4208 oculorum
3015 4155 3217 4210 mentis
3265 4156 3322 4210 in

1747 4242 1917 4298 Deum
1957 4243 2278 4309 intentione,
2336 4259 2446 4298 non
2477 4253 2632 4315 potes
2687 4244 2942 4300 fortuitas
2966 4245 3323 4316 cogitationes

1746 4334 2044 4390 diabolicas
2074 4351 2332 4406 superare
2361 4355 2374 4392 :
2416 4335 2501 4392 sin
2543 4337 2749 4400 minus,
2777 4345 2982 4392 terram
3014 4337 3199 4392 feries.

1821 4426 1909 4481 80.
1942 4425 2192 4482 Profecto
2212 4426 2270 4481 si.
2286 4441 2416 4482 vere
2447 4427 2602 4497 cupis
2637 4427 2860 4499 cingere
2888 4427 3100 4498 pudore
3163 4425 3316 4498 cegi-

1750 4515 2003 4579 tationes,
2035 4525 2091 4570 et
2121 4530 2217 4571 eas
2243 4516 2478 4588 benigne
2533 4531 2885 4588 componere,
2926 4523 3322 4589 temperantem

1749 4604 1912 4658 etiam
1933 4605 2176 4659 animum
2199 4604 2358 4660 facile
2404 4620 2743 4677 comparare,
2819 4607 3132 4677 deprecatio
3192 4607 3323 4662 Jesu

1749 4695 2024 4750 adhaereat
2051 4696 2335 4766 spirationi
2367 4706 2472 4751 tua:
2497 4707 2588 4752 :et
2627 4698 2730 4753 hoc
2767 4698 2911 4752 intra
2941 4711 3146 4767 paucos
3201 4696 3323 4752 dies

1752 4785 1867 4840 ﬁeri
1895 4787 2211 4857 perspicies.

1819 4877 1908 4933 8i.
1941 4878 2178 4934 Utenim
2201 4879 2394 4934 litterae
2422 4879 2588 4935 scribi
2619 4889 2902 4950 nequeunt
2958 4880 3014 4935 in
3051 4895 3200 4944 aere,
3253 4894 3322 4935 eo

1749 4967 1894 5038 quod
1933 4967 1989 5021 in
2011 4981 2245 5038 corpore
2269 4968 2505 5038 quodam
2522 4983 2748 5023 necesse
2778 4969 2984 5023 habent
3025 4969 3326 5024 subsistere

1751 5067 1809 5112 ut
1831 5059 2102 5114 duratura:
2139 5066 2428 5114 serventur
2459 5075 2472 5110 :
2500 5058 2575 5113 ita
2627 5074 2726 5128 per
2763 5058 3087 5114 laboriosam
3111 5065 3322 5127 tempe-

1752 5151 1987 5206 rantiam
2016 5162 2262 5206 nostram
2287 5151 2588 5222 precationi
2616 5150 2748 5206 Iesu
2801 5149 3002 5205 Christi
3053 5149 3324 5203 inhaerea-

1751 5257 1874 5297 mus
1900 5261 1914 5298 :
1942 5251 2002 5297 ut
2025 5244 2281 5313 praeclara
2301 5243 2472 5297 virtus
2497 5243 2872 5313 temperantia
2894 5257 3018 5297 cum
3055 5240 3175 5312 ipso
3195 5256 3323 5310 pcr-

1751 5334 1912 5389 duret
1937 5342 1992 5388 et
2029 5343 2263 5400 maneat,
2296 5343 2353 5389 et
2375 5350 2472 5404 per
2515 5335 2693 5403 ipsum
2749 5332 2911 5391 nobis
2968 5341 3324 5387 conservetur

1752 5426 1804 5480 in
1829 5426 2045 5491 saecula,
2080 5427 2212 5481 ades
2250 5437 2310 5480 ut
2336 5425 2536 5480 auferri
2570 5442 2677 5481 non
2702 5425 2894 5495 possit.

1822 5515 1909 5571 82.
1948 5516 2110 5573 Versa
2167 5517 2222 5571 in
2275 5517 2564 5573 Dominum
2619 5533 2786 5588 opera
2838 5526 2953 5585 tua,
2981 5523 3037 5572 et
3076 5515 3322 5574 invenies
