3764 6304
49 303 169 373 ἱὸἁὶ

745 303 840 361 DE
873 297 1419 363 TEMPERANTL-‘t
1451 299 1544 360 ET
1571 301 1632 362 Vl

1795 301 1931 363 ῙἸἙ.
1973 328 2040 340 -
2070 302 2460 366 CENTURIA
2493 307 2576 369 II.

3166 308 3306 374 15.42

49 417 110 480 ὓς
138 415 197 472 τὸ
216 415 428 475 παιδίον
449 411 630 478 τοῦτο,
655 411 1042 480 ὑψωθήσεται
1069 424 1083 440 ·
1111 412 1148 464 ὑ
1157 408 1286 479 φῶν
1310 409 1378 462 δὲ
1406 409 1624 463 ἑαυτὸν

1795 413 1877 478 rit,
1911 413 2052 468 sicut
2089 415 2349 486 parvulus
2391 416 2515 479 iste,
2555 417 2881 473 emirabitur
2911 435 2930 474 :
2975 421 3064 490 qui
3124 433 3301 480 autem

49 505 644 576 ςιιπεινωθήσεται.-
662 505 791 559 Ἀπ’
812 503 980 574 ἐμοῦ,
1010 502 1164 573 φησὶ,
1196 500 1432 572 μάθετε.
1462 502 1623 573 Ὀρᾷς

49 604 116 658 in
145 598 381 672 μάθησίς
413 598 563 651 ἐστιν
592 597 626 668 η
660 595 1010 659 ταπείνωσις.
1048 596 1106 649 Ὁ
1134 595 1208 665 μὴ
1229 594 1485 658 ταπεινὸς
1507 591 1624 662 οὖν,

49 692 136 762 τῆς
171 689 320 760 ζωῆς
344 685 722 759 ἀπωλίσθησε,
746 686 842 740 καὶ
862 685 1106 750 ἐναντίος
1121 683 1366 754 δηλονότι
1392 684 1626 759 εὑρεθή-

49 799 211 835 τεται.

107 876 175 942 ‘1'.
213 870 278 926 El
310 869 422 943 γὰρ
473 869 628 926 πᾶσα
658 867 832 940 ἁρετὴ
873 867 964 923 διὰ
1013 868 1195 940 ψυχῆς
1219 869 1319 923 ’.αἱ
1373 870 1628 942 σώματος

49 963 301 1032 ιτίζεται.
333 962 569 1034 Κτίσμα
595 963 662 1018 δὲ·
704 961 842 1015 Θεοῦ
869 962 965 1024 καὶ
993 962 1026 1033 ἡ
1053 961 1198 1034 Qui},
1226 961 1324 1016 καὶ
1351 961 1410 1018 τὲ
1443 964 1627 1035 σῶμα,

49 1059 96 1110 ;ι”
119 1050 194 1111 ὧν
225 1055 261 1126 ἡ
295 1052 504 1126 ἀρετὴ,
532 1051 609 1115 ὡς
635 1050 797 1122 ἔφην,
835 1050 1175 1118 συνίσταται,
1210 1051 1329 1115 πῶς
1346 1045 1438 1106 οῦν
1463 1053 1628 1123 ἀσχέ-

49 1165 137 1211 ;ως
169 1144 487 1218 μαινόμεθα.
510 1143 598 1197 ἐπ’
623 1141 928 1214 ἀλλοτρίοις
978 1142 1208 1214 κόσμοις
1251 1144 1630 1215 κομπάζοντες

49 1238 212 1309 φυχῆς
239 1254 300 1290 τε
330 1236 427 1290 καὶ
460 1235 761 1304 σώματος;
813 1235 910 1289 καὶ
940 1225 1350 1304 κενοδοξοῦντες
1405 1238 1630 1308 ἐπαιρό-

49 1329 208 1400 μεθα,
249 1327 346 1382 καὶ
391 1326 774 1397 ὑπερηφάνοις
824 1327 902 1390 ὡς
937 1329 1032 1380 ἐπὶ
1083 1329 1397 1398 καλαμίνης
1433 1331 1629 1401 ῥάϐδου

49 1420 376 1490 φυσώμενοι,
403 1415 811 1488 στηριζόμεθαο
840 1417 918 1481 ὥς
961 1420 1056 1472 καὶ
1085 1419 1178 1472 τὸν
1219 1420 1630 1490 ἀπειρομεγέθη

49 1511 173 1564 Θεὸν
192 1509 351 1582 ἡμῶν
367 1509 710 1580 διεγείρομεν
737 1509 831 1561 τὸν
857 1507 1236 1580 φρικτώτατον
1259 1507 1349 1563 διὰ
1373 1510 1470 1581 τὴν
1492 1511 1632 1579 ἄγαν

49 1601 198 1672 ἡμῶν
229 1601 464 1670 ἀνομίαν
495 1615 555 1654 τε
576 1600 671 1654 καὶ
711 1597 918 1654 ἄνοιαν.
952 1599 1169 1668 Κύριος
1223 1599 1632 1670 ὑπερηφάνοις

49 1689 476 1747 ἀντιτάσσεται
497 1704 513 1721 °
549 1689 647 1744 καὶ
677 1689 798 1745 ἀντὶ
825 1687 920 1741 τοῦ
953 1687 1244 1759 μιμεῖσθαι
1277 1689 1369 1742 τὸν
1425 1689 1630 1762 Κύριον

1725 505 1954 573 seipsum
1989 504 2214 572 exultat,
2241 503 2609 562 humiliabitur
2637 509 2704 563 “.
2733 510 2777 562 Α
2813 525 2922 576 me,
2974 511 3171 582 inquit,
3218 515 3303 569 di-

1727 593 1866 649 scite
1902 611 1915 647 :
1957 595 2134 662 vides,
2185 596 2546 652 humilitatem
2589 613 2712 655 esse
2749 600 3112 671 disciplinam.
3167 603 3302 659 Pro-

1727 695 1914 756 pterea
1936 686 2029 756 qul
2061 701 2174 742 non
2196 695 2283 742 est
2309 686 2559 756 humilis,
2621 691 2827 746 excidit
2876 707 2908 746 a
2951 693 3060 749 vita
3095 709 3116 745 ε·
3144 697 3304 765 quin-
3365 677 3378 735 ’-

1727 771 2225 833 ειίαηιόοηῐιυετίιιε
2263 776 2594 835 invenietur.

1797 869 1887 925 90.
1910 867 2047 924 Cum
2081 868 2263 940 itaque
2289 869 2468 926 virtus
2521 869 2700 926 omnis
2756 873 2997 944 corporis
3027 883 3082 929 et
3107 875 3308 931 anima:

1728 957 2036 1013 ministerio
2057 966 2299 1024 creetur,
2325 958 2423 1014 Dei
2443 975 2606 1031 porro
2635 969 2901 1017 creatura:
2959 961 3070 1018 sint
3121 965 3306 1020 anima

1728 1057 1785 1104 et
1817 1062 2038 1118 corpus,
2061 1065 2293 1119 quorum
2332 1064 2499 1121 Opera
2528 1051 2718 1116 virtus,
2775 1061 2836 1107 ut
2865 1052 3002 1120 dixi,
3034 1055 3307 1118 subsistit.

1727 1135 2006 1206 quomodo
2032 1145 2147 1192 non
2170 1137 2590 1195 intolerabiliter
2619 1141 2950 1207 insanimus,
2985 1143 3054 1197 de
3113 1145 3312 1200 alienis

1733 1229 1980 1299 corporis
2000 1238 2058 1284 et
2082 1230 2278 1285 anima:
2298 1232 2639 1287 ornamentis
2667 1233 2996 1303 gloriantes?
3022 1233 3170 1290 Vana
3193 1238 3308 1307 glo-

1729 1318 1812 1374 ria
1868 1320 1993 1374 elati
2019 1327 2076 1375 et
2112 1319 2304 1385 inﬂati,
2339 1321 2633 1391 superbiae,
2683 1324 2829 1378 velut
2871 1319 3066 1381 baculo
3087 1327 3311 1381 arundi-

1729 1426 1856 1476 neo,
1885 1412 2175 1466 innitimur
2206 1431 2218 1465 :
2257 1421 2421 1482 atque
2451 1430 2562 1484 prae
2590 1413 2881 1484 iniquitate
2927 1425 2982 1470 et
3027 1417 3307 1472 dementia

1729 1510 1937 1565 nostra,
2000 1502 2494 1558 horrendissimum
2558 1503 2711 1559 illum
2765 1515 3022 1574 tanquam
3082 1505 3308 1562 inﬁnita:

1729 1591 2122 1663 magnitudinis
2153 1593 2324 1648 Deum
2373 1602 2625 1650 nostrum
2682 1596 3005 1651 excitamus.
3053 1597 3311 1652 Dominus

1731 1685 1964 1750 superbis
1987 1685 2183 1738 resistit
2217 1685 2284 1741 ’⁸.
2306 1686 2374 1739 Et
2404 1700 2528 1740 cum
2556 1686 2759 1740 imitari
2778 1687 3069 1742 Dominum
3117 1688 3172 1742 in
3205 1689 3310 1742 hu—

49 1787 97 1834 ὲν
130 1779 488 1846 ταπεινώσει,
517 1778 597 1851 τῷ
643 1771 738 1834 τοῦ
767 1779 976 1850 Κυρίου
1006 1779 1268 1850 δυσμενεῖ
1299 1780 1631 1852 φιλιούμεοα

1795 1771 1963 1826 ilitate
1998 1771 2346 1838 deberemus,
2372 1788 2498 1827 cum
2540 1773 2765 1829 inimico
2803 1773 3018 1829 Domini
3069 1777 3312 1846 superbo

49 1871 383 1945 ὅπερηφάνῳ
425 1870 662 1942 δαίμονι,
723 1871 787 1924 ὲκ
829 1869 1107 1934 κενοδόξου
1151 1870 1246 1923 καὶ
1277 1869 1629 1946 ὑπερηφάνου

49 1963 211 2034 ρρονή
221 1979 395 2033 ματος
413 1977 430 1994 ·
461 1961 654 2016 τούτου
677 1960 786 2032 γὰρ
812 1959 998 2014 ἕνεκεν
1027 1961 1216 2029 ἔλεγεν
1235 1964 1263 2015 ὁ
1282 1962 1628 2026 Ἀπόστολος’

49 2057 106 2108 Ὶῖ
136 2054 247 2127 γὰρ
271 2053 461 2122 ἔχεις,
499 2053 684 2123 φησὶν,
738 2051 770 2105 δ
797 2054 908 2107 οὐκ
932 2051 1146 2120 ἅλαϐες
1174 2053 1293 2108 ἀπὸ
1321 2053 1505 2119 Θεοῦ;
1557 2055 1632 2126 μὴ

49 2150 100 2200 τὺ
127 2146 327 2201 σαυτδν
356 2143 624 2212 ἔκτισαςς
653 2144 718 2199 Εἰ
743 2143 800 2198 δὲ
829 2143 989 2214 σῶμα
1017 2145 1114 2199 καὶ
1133 2144 1314 2216 ψυχὴν
1343 2145 1401 2211 ἒξ
1432 2137 1508 2201 ὧν
1538 2147 1634 2202 καὶ

49 2257 91 2292 εν
119 2233 200 2304 οἷς
222 2239 318 2293 καὶ
344 2237 430 2292 δι’
454 2231 530 2293 ὧν
566 2237 715 2292 πᾶσα
750 2236 920 2308 ἀρετὴ
953 2237 1291 2302 συνίσταται,
1321 2236 1474 2310 παρὰ
1497 2238 1631 2293 Θεοῦ

49 2329 250 2396 Ξλαὸες,
279 2331 336 2384 τί
365 2328 681 2399 καυχᾶσαι
709 2328 791 2395 ὡς
817 2327 904 2398 μὴ
928 2327 1128 2383 λαϐών
1143 2343 1164 2393 ;
1188 2327 1390 2400 Κύριος
1416 2329 1526 2400 γάρ
1551 2346 1632 2383 σοι

49 2425 63 2474 3-
94 2421 221 2476 τάδε
252 2419 632 2492 δωρούμενος.

110 2608 224 2672 tta}.
253 2603 470 2666 ’Δλλως
493 2601 594 2656 οὐκ
631 2598 760 2654 ἄλλο
784 2597 838 2652 τί
869 2597 986 2652 ἔστι
1013 2598 1358 2671 καθαρισμὸς
1380 2599 1630 2673 καρδίας,

49 2693 106 2749 δι’
142 2687 205 2748 οὗ
232 2693 332 2748 καὶ
357 2692 692 2755 ταπείνωσις
730 2690 827 2747 καὶ
859 2690 1067 2760 ἀγαθὸν
1095 2689 1242 2746 ἅπαν
1271 2692 1328 2745 ἐν
1377 2693 1508 2762 ἡμῖν
1539 2691 1632 2746 εὑ-

49 2786 296 2856 ρίσκεται
333 2782 663 2840 καταϐαῖνον
716 2780 946 2849 ἄνωθεν,
1010 2783 1059 2836 εί
1111 2781 1278 2852 μὴτὸ
1333 2783 1456 2852 μηδ’
1491 2782 1629 2846 ὅλως

49 2877 400 2950 παραχωρεῖν
426 2873 554 2938 τοὺς
583 2871 879 2946 λογισμοὺς
899 2870 1076 2945 προκύ
1087 2888 1317 2934 πτοντας
1345 2871 1630 2926 εἰσελθεῖν.

111 3055 223 3126 ιι.βό
251 3052 394 3117 Νοδς
420 3051 529 3124 γὰρ
559 3051 776 3124 φυλακὴ
803 3051 900 3106 σὺν
921 3049 1041 3122 Θεῷ
1072 3051 1169 3104 καὶ
1185 3049 1272 3104 διὰ
1299 3051 1464 3121 μόνου
1492 3049 1629 3126 Θεοῦ
1661 3079 1673 3126 ‘-

49 3146 103 3199 ὲν
135 3123 282 3216 ᾦυχῇ
317 3145 680 3216 ὲγχρονίσασα
710 3123 972 3214 φρόνησιν
998 3141 1278 3212 παράσχει
1307 3141 1385 3212 τῷ
1419 3123 1628 3213 ἠγεμο-

49 3233 180 3305 νικῷ
207 3236 266 3288 ἂν
324 3237 442 3297 τοῖς
472 3233 615 3286 κατὰ
660 3231 794 3286 θεὸν
826 3231 1237 3301 ἀγωνίσμασιν’
1279 3231 1380 3283 οὑκ
1434 3229 1626 3302 ὀλίγην

49 3323 99 3380 δὲ
129 3326 432 3396 ίκανάτητα
454 3323 530 3394 τῷ
563 3321 774 3394 μετόχῳ
803 3324 1062 3394 χορηγεῖ,
1099 3322 1158 3375 ἐν
1185 3319 1266 3392 τῷ
1315 3324 1631 3393 οἰκονομεῖν

49 3419 112 3473 τὰ
140 3417 279 3488 ἔργα
312 3416 410 3470 καὶ
433 3415 561 3478 τοὺς
596 3414 790 3483 λόγους
817 3415 875 3467 ἐν
901 3412 1082 3485 κρίσει
1121 3413 1463 3467 εύαπόδεκτα
1491 3412 1634 3467 κατὰ

49 3507 273 3580 Κύριον.

113 3605 221 3670 ια’.
250 3600 332 3654 Τὰ
362 3598 456 3652 τοῦ
487 3598 679 3670 ἱερέως
727 3597 865 3669 δῆλα
923 3599 982 3653 ἓν
1037 3597 1116 3670 τῷ
1169 3596 1382 3668 παλαιῷ
1431 3612 1634 3668 προτυ-

49 3693 286 3760 πώματα
319 3691 548 3761 καρδίας
602 3689 850 3761 καθαρᾶς
894 3690 1162 3761 ὑπῆρχον,
1198 3690 1285 3743 ῐνα
1317 3688 1413 3742 καὶ
1470 3689 1636 3759 ἡμεῖς

49 3783 380 3854 πρόσχωμεν
397 3781 474 3853 τῷ
501 3783 600 3854 τῆς
622 3782 854 3852 καρδίας
882 3781 1119 3852 πετάλῳ,
1146 3781 1345 3852 μήπως
1366 3779 1424 3845 ὲξ
1455 3780 1636 3852 ἁμαρ-

49 3872 168 3936 τίας
223 3870 627 3943 μεμελάνωται,
662 3869 753 3925 ἵνα
806 3869 1038 3940 δάκρυσι
1085 3871 1182 3924 καὶ
1217 3869 1510 3941 μετανοίᾳ,
1540 3869 1637 3923 καὶ

49 3966 328 4036 προσευχῇ
359 3963 790 4034 ἀποσμήχωμεν.
838 3961 1076 4017 Εὓκολον
1097 3961 1206 4032 γάρ
1250 3979 1305 4015 τι
1331 3962 1568 4032 πρᾶγμα
1607 3959 1637 4016 δ

49 4056 197 4123 νοῦς,
229 4057 328 4110 καὶ
357 4056 494 4126 πρὸς
515 4057 611 4119 τὰς
633 4054 870 4126 ἀνόμους
898 4054 1228 4126 ἐνθυμήσεις
1251 4053 1636 4121 δυσκάθεκτον,

49 4147 252 4216 ὁμοίως
273 4149 473 4210 κακαῖς
492 4162 553 4198 τε
575 4143 669 4198 καὶ
691 4144 926 4212 ἀγαθαῖς
950 4143 1277 4213 φαντασίαις
1296 4143 1637 4211 λογιστικαῖς

49 4222 292 4305 εὐκόλως
320 4220 738 4303 ὲξακολουθοῦν.

125 4331 232 4399 ιιδο.
266 4329 559 4403 Μακάριος
594 4329 766 4394 ὅντως
813 4322 860 4398 ᾧ
903 4323 1048 4382 οὓτω
1084 4327 1413 4398 κεκόλληται
1463 4325 1640 4398 Ἰησοῦ

1734 1865 1981 1919 daemone
2053 1863 2412 1919 conciliamus
2454 1863 2750 1919 amicitiam
2793 1882 2808 1920 :
2875 1882 2940 1922 eo
2989 1868 3137 1935 quod
3171 1883 3310 1923 vane

1733 1951 1968 2025 gloriosa
1993 1963 2048 2009 et
2081 1953 2356 2026 arroganti
2389 1954 2651 2023 opinione
2697 1955 2970 2011 ducimur.
2998 1956 3110 2011 liae
3150 1974 3310 2012 nam-

1733 2059 1839 2114 que
1877 2043 1947 2100 de
1985 2058 2150 2099 causa
2207 2045 2505 2114 Apostolus
2557 2043 2734 2100 dixit:
2780 2044 2920 2110 Quid
2965 2047 3120 2100 halm
3173 2049 3311 2118 quod

1734 2149 1837 2187 non
1856 2134 2104 2203 accepisti
2131 2151 2164 2187 a
2191 2133 2297 2188 Deo
2315 2134 2395 2188 “2
2416 2134 2559 2189 Num
2577 2143 2635 2189 tu
2652 2135 2886 2206 teipsum
2905 2137 3098 2192 creasti
3115 2135 3312 2204 ‘iQuod

1733 2222 1778 2277 si
1811 2237 2010 2294 corpus
2030 2233 2084 2277 et
2106 2221 2367 2288 animam,
2397 2239 2464 2278 ex
2492 2224 2712 2294 quibus,
2771 2225 2826 2279 in
2859 2226 3080 2297 quibus,
3109 2237 3164 2282 et
3211 2241 3313 2298 per
3399 2238 3403 2244 '

1732 2325 1858 2384 qua
1879 2313 2128 2368 consistit
2154 2311 2333 2367 omnis
2365 2312 2560 2379 virtus,
2617 2329 2647 2368 a
2678 2314 2796 2369 Deo
2819 2315 3097 2384 acceperis
3123 2357 3137 2380 ,
3184 2316 3314 2388 quid

1731 2405 2003 2476 gloriaris,
2035 2406 2188 2476 quasi
2223 2421 2326 2458 non
2349 2406 2710 2474 acceperis"?
2739 2405 3003 2461 Dominus
3024 2407 3172 2461 enim
3205 2416 3310 2473 est,

1734 2495 1822 2564 qui
1849 2493 1944 2548 tibi
1971 2494 2074 2548 ista
2093 2494 2321 2564 largitus
2344 2501 2448 2548 est.

1804 2586 1894 2642 9|.
1937 2585 2092 2641 Nulla
2124 2601 2351 2656 prorsus
2373 2595 2457 2642 est
2484 2586 2586 2641 alia
2614 2580 2798 2642 cordis
2821 2587 3162 2660 expurgandi
3229 2605 3313 2643 ra-

1734 2677 1833 2742 tio,
1867 2694 1974 2748 qua
2000 2686 2056 2733 et
2095 2679 2457 2733 humilitatem
2477 2687 2532 2734 et
2559 2695 2722 2734 omne
2766 2680 2972 2735 bonum
3004 2696 3034 2736 e
3061 2682 3313 2751 supernis

1734 2769 1790 2824 in
1821 2785 1923 2826 nos
1959 2771 2294 2826 descendere
2340 2772 2728 2842 comperimus,
2787 2788 2948 2842 quam
3007 2772 3052 2827 si
3105 2775 3312 2828 nullum

1734 2857 1928 2912 demus
1957 2858 2117 2928 plane
2142 2858 2326 2913 locum
2344 2859 2771 2930 cogitationibus
2803 2862 2946 2915 ostio
2972 2860 3312 2914 imminenti»

1735 2947 1854 3002 bus.
1945 2938 1956 2949 ’

1803 3057 1892 3112 92.
1921 3055 2179 3113 Custodia
2209 3058 2357 3114 enim
2382 3058 2603 3123 mentis,
2631 3075 2774 3130 quae,
2825 3059 2938 3117 Deo
2979 3061 3199 3119 favente
3259 3074 3309 3120 et

1736 3147 1828 3204 Dei
1856 3149 2024 3205 solius
2061 3150 2284 3216 auxilio,
2313 3160 2629 3221 perseverat
2661 3152 2717 3206 in
2755 3153 2960 3220 anima,
2990 3155 3314 3226 sapientiam

1734 3249 2013 3310 comparat
2039 3241 2340 3297 intellectui
2376 3242 2744 3312 principatum
2773 3245 3069 3311 obtinenti,
3096 3247 3149 3301 in
3193 3264 3315 3302 cer-

1733 3331 2030 3386 taminibus
2061 3331 2154 3386 Dei
2183 3341 2320 3387 nutu
2340 3334 2612 3398 ineundis,
2640 3335 2865 3405 ejusque
2894 3337 3152 3394 custodite
3187 3354 3315 3408 par-

1736 3419 1910 3490 ticipi,
1947 3420 2335 3476 sullicientiam
2394 3439 2504 3477 non
2536 3425 2806 3478 modicam
2855 3429 3103 3495 praestat,
3128 3427 3180 3482 in
3228 3446 3315 3484 rc-

1734 3509 1837 3566 bus
1865 3515 1921 3566 et
1943 3512 2288 3566 sermonibus
2333 3511 2442 3566 Deo
2475 3513 2640 3584 gratis
2669 3529 2792 3568 cum
2820 3515 3024 3585 judicio
3042 3519 3312 3590 regendis.

1806 3601 1895 3656 95.
1934 3601 2218 3658 Pontiﬁcis
2270 3613 2595 3659 ornamenta
2639 3605 2694 3659 in
2728 3603 2911 3662 Veteri
2962 3605 3315 3667 Testamento

1736 3693 2047 3760 manifesta,
2093 3703 2251 3750 erant
2274 3705 2580 3765 prmeuntes
2598 3697 2780 3753 cordis
2825 3699 2946 3769 puri
2983 3699 3202 3772 ﬁgurae:
3257 3712 3315 3758 ut

1737 3791 1794 3839 et
1814 3797 1917 3837 nos
1947 3783 2206 3839 laminam
2238 3784 2421 3840 cordis
2454 3785 2812 3842 observemus
2846 3803 2918 3843 ne
2968 3789 3078 3845 ullo
3151 3792 3315 3847 modo

1740 3871 2018 3944 nigrescat
2039 3879 2264 3944 peccato
2297 3893 2311 3928 :
2338 3875 2431 3930 sed
2461 3875 2836 3947 abstergamus
2877 3878 3007 3936 illud
3042 3879 3314 3952 lacrymis,

1738 3963 2061 4034 poenitentia
2110 3974 2166 4019 et
2185 3964 2450 4019 oratione.
2487 3965 2636 4020 Mens
2664 3968 2810 4021 enim
2847 3984 2935 4022 res
2961 3978 3046 4024 est
3069 3973 3314 4040 quaedam

1737 4053 1972 4122 lubrica,
2031 4071 2152 4126 quae
2198 4072 2306 4110 non
2334 4056 2493 4112 facile
2539 4068 2826 4113 coercetur
2854 4060 2924 4114 ab
2945 4060 3146 4130 iniquis
3185 4079 3314 4118 con-

1739 4147 2086 4219 ceptionibus
2118 4163 2130 4198 :
2173 4149 2433 4218 nulloque
2455 4149 2672 4219 negotio
2691 4149 2863 4205 bonas
2901 4159 2957 4206 ct
2983 4153 3153 4208 malas
3181 4154 3315 4209 ima-

1739 4237 2052 4310 ginationes
2087 4237 2340 4293 rationali
2369 4238 2506 4309 parti
2527 4238 2771 4308 obiectas
2794 4239 3022 4309 perinde
3045 4251 3307 4296 sectatur.

1811 4327 1899 4383 94.
1958 4327 2210 4384 Profecto
2251 4329 2444 4384 beatus
2503 4336 2588 4384 est
2618 4329 2727 4391 ille,
2771 4331 2858 4386 cui
2888 4331 2968 4387 sic
2990 4332 3230 4390 adhazret
3260 4336 3314 4390 in

51 4420 183 4492 εὐχὴ
231 4423 290 4474 εν
325 4421 556 4492 διανοίᾳ.
591 4419 688 4473 καὶ
741 4419 912 4488 φωνεῖ
967 4416 1132 4470 αὑτὸν
1179 4414 1544 4480 ἀδιαλείπτως
1577 4417 1632 4506 ὲν

1795 4415 1930 4472 limo
1981 4415 2294 4486 deprecatio
2325 4416 2477 4479 Iesu,
2517 4424 2572 4472 et
2615 4417 2706 4488 qui
2730 4418 2849 4473 sine
2904 4418 3316 4480 intermissione

51 4511 268 4582 καρδίᾳ,
303 4509 492 4580 ὥσπερ
527 4509 732 4578 ἥνωται
755 4510 784 4562 ό
813 4507 923 4578 ἀὴρ
961 4507 1075 4569 τοῖς
1095 4505 1254 4576 ἡμῶν
1295 4503 1562 4576 σώμασιν,
1598 4504 1632 4576 ἢ

1795 4516 1969 4563 :sonat
1989 4507 2165 4577 ipsum
2188 4507 2245 4562 in
2268 4509 2454 4572 corde,
2490 4508 2638 4565 sicut
2656 4509 2843 4564 unitur
2863 4525 2956 4567 aer
2993 4516 3316 4584 corporibus

54 4600 130 4661 ὡς
171 4598 304 4668 φλὸξ
337 4597 512 4668 κηρῷ.
545 4596 656 4650 Καὶ
683 4597 1032 4668 διερχόμενος
1063 4596 1166 4665 μὲν
1188 4595 1339 4668 ἥλιος
1370 4594 1509 4668 ὑπὲρ
1533 4596 1638 4668 γῆν

56 4693 275 4760 ποιήσει
330 4689 544 4759 ἡμέραν
564 4706 579 4720 ο
625 4688 774 4741 τδ-δὲ
827 4687 1038 4758 Κυρίου
1069 4686 1250 4757 Ἰησοῦ
1277 4687 1433 4756 ἅγιον
1466 4686 1636 4760 ὄνομα

54 4784 146 4836 καὶ
176 4779 473 4851 σεϐάσμιον
505 4780 564 4834 ὲν
587 4777 798 4852 διανοίᾳ
832 4779 1050 4849 λάμπον
1089 4782 1157 4851 τῇ
1198 4778 1471 4852 συνεχείᾳ,
1511 4796 1636 4849 γενε-

53 4875 206 4945 νήσει
239 4869 646 4944 εὐαριθμήτους
677 4869 961 4943 ἡλιοειδεῖς
985 4869 1221 4936 ἐννοίας.

128 5053 233 5118 ιιέ.
265 5051 376 5104 Kal.
395 5047 892 5103 διασκεδασθέντων
943 5047 1044 5117 μὲν
1070 5048 1269 5118 νεφῶν,
1301 5048 1411 5119 ἀὴρ
1458 5049 1632 5103 καθα-

58 5142 148 5212 ρδς
183 5140 478 5196 δείκνυται.
530 5139 828 5194 Φαντασίαι
856 5138 914 5192 δὲ
942 5139 1046 5192 ὑπὸ
1073 5139 1167 5193 τοῦ
1208 5137 1390 5192 Ἡλίου
1421 5140 1522 5210 τῆς
1553 5141 1635 5194 δι-

54 5230 353 5302 καιοσύνης
373 5232 550 5302 Ἰησοῦ
576 5231 816 5306 Χριστοῦ
848 5231 1317 5286 διασκεδασθεῖσαι
1347 5232 1444 5285 καὶ
1479 5231 1634 5285 λεαν-

57 5321 253 5396 δείσαι,
284 5323 574 5395 φεγγοειδῆ
607 5326 701 5378 καὶ
723 5323 1038 5395 ἀστεροειδῆ
1070 5325 1159 5396 νοή
1170 5342 1317 5395 ματα
1336 5323 1634 5393 γεννᾶσθαι

57 5395 118 5488 iv
144 5413 341 5486 καρδίᾳ
369 5414 435 5466 εκ
462 5415 661 5478 παντὸς
693 5413 971 5483 πεφύκασι
998 5415 1097 5468 τοῦ
1128 5414 1289 5486 ἀέρος
1347 5415 1518 5485 αὐτῆς
1542 5413 1632 5468 διὰ

58 5499 232 5574 Ἰησοῦ
261 5503 619 5572 φωτισθέντος
641 5518 657 5534 ⁸
686 5503 823 5576 φησὶ
867 5503 977 5576 γὰρ
1002 5503 1032 5555 δ
1057 5505 1493 5577 Ἐκκλησιαστής
1517 5520 1532 5536 ο
1563 5506 1629 5559 Oi

131 5691 176 5724 ³⁸
204 5691 334 5747 Luc.
369 5704 520 5748 xvm.
555 5691 640 5744 l4.
714 5690 760 5723 "
786 5690 898 5746 Jac.
929 5707 1001 5756 tv,
1025 5691 1078 5744 ti.

1742 4597 1968 4662 nostris,
2025 4607 2119 4652 aut
2157 4595 2374 4652 ﬂamma
2410 4599 2670 4654 candelae.
2704 4597 2796 4654 Sol
2821 4601 3002 4668 itaque
3032 4606 3308 4660 transiens

1741 4701 1904 4758 supra
1943 4696 2164 4752 terram,
2230 4685 2376 4742 diem
2437 4687 2634 4741 eiiiciet
2665 4704 2681 4740 :
2712 4699 2964 4745 sanctum
3017 4702 3200 4744 autem
3255 4710 3316 4748 ac

1740 4777 2104 4832 reverendum
2132 4774 2344 4830 Domini
2372 4775 2501 4830 Jesu
2519 4789 2740 4842 nomen,
2757 4778 3008 4832 relucens
3035 4780 3089 4833 in
3110 4793 3312 4846 mente,

1740 4866 2100 4937 contiguitate
2130 4879 2227 4918 sua
2260 4861 2710 4929 innamerabiles,
2773 4864 2902 4920 solis
2931 4865 3103 4922 instar
3130 4870 3314 4938 Splen-

1741 4959 1956 5021 dentcs.
1986 4955 2292 5026 procreabit
2319 4954 2726 5023 ctmceptiones.

1811 5048 1900 5104 95.
1938 5047 2005 5102 Et
2033 5045 2308 5117 dissipatis
2336 5045 2556 5116 quidem
2576 5045 2814 5102 nubibus
2842 5062 2937 5103 aer
2965 5060 3191 5122 apparet
3215 5068 3314 5122 pu-

1742 5153 1838 5194 rus
1873 5155 1888 5191 :
1919 5135 2203 5191 illusiones
2231 5142 2413 5189 autem
2445 5133 2512 5188 ab
2537 5132 2666 5190 Jesu
2699 5135 2916 5192 Christo
2938 5135 3064 5194 Sole
3088 5139 3312 5208 justitiae

1740 5229 2017 5299 dissipatae
2052 5236 2109 5282 et
2146 5226 2358 5292 deletae,
2404 5240 2470 5280 ex
2521 5225 2781 5282 universo
2808 5230 3009 5284 mentis
3032 5245 3158 5286 aere
3217 5233 3345 5302 per'

1736 5318 1926 5374 Jesum
1971 5317 2263 5381 illast-rato,
2289 5315 2469 5371 solent
2492 5315 2546 5369 in
2571 5330 2633 5370 ea
2663 5317 2964 5386 prodocere
2998 5321 3285 5390 conceptio

1738 5424 1842 5464 nes
1871 5407 2202 5478 splendidas,
2228 5416 2284 5462 et
2311 5415 2581 5461 astrorum
2635 5410 2876 5477 speciem
2904 5422 3018 5479 pra:
3041 5423 3101 5465 se
3129 5411 3312 5466 feren-

1736 5509 1839 5554 tes.
1862 5499 1996 5554 Nam
2031 5499 2108 5554 ait
2133 5497 2485 5554 Ecclesiastes
2515 5513 2531 5551 :
2591 5496 2693 5564 Qui
2729 5499 2980 5569 fiduciam
3009 5501 3203 5558 habent
3250 5503 3310 5559 in

1155 5693 1201 5723 "
1248 5688 1418 5745 lCor.
1453 5704 1528 5756 Iv,
1561 5690 1613 5744 'l.
1691 5687 1739 5721 ’⁷
1763 5687 1899 5742 ibid.-
