3764 6304
87 323 114 386 1
126 319 245 386 549

1278 312 1338 372 S.
1369 310 1693 373 LONGINI
1735 309 2220 372 MARTYRIUM.

3240 304 3374 368 1550

89 445 314 503 ρωσεν.
351 425 508 498 Πρὸς
532 423 739 488 τούτοις
768 426 877 490 τοῖς
900 421 1704 496 γράμμασι’συναποστέλλουσι

1872 419 1942 474 ris
1978 429 2032 475 et
2061 420 2323 490 pecunias
2351 417 2574 473 mittunt
2609 426 2665 472 et
2691 415 2916 487 Longini
2952 425 3179 470 mortem
3209 416 3376 485 depo-

89 523 199 575 καὶ
232 521 350 590 χρή
362 535 535 588 ματα,
565 518 770 571 καὶτὸν
791 516 1052 584 Λογγίνου
1083 515 1314 568 θάνατον
1341 512 1700 580 ἐξαιτοῦνται,

88 609 211 664 τὰς.
228 604 419 666 ἀκοὰς
445 605 718 675 Καίσαρος
747 605 1190 675 ὑφαρπάσαντες.
1217 604 1327 657 Καὶ
1355 603 1419 674 δὴ
1449 601 1704 673 βασιλικά

82 696 438 764 γράμματα
481 697 562 758 εἰς
602 694 700 765 τὴν
743 692 999 747 Ἰουδαίαν
1038 693 1117 763 τῷ
1149 693 1364 764 Πιλάτῳ
1391 693 1705 764 κομίζονται

87 787 247 840 κατά
283 787 570 854 Λογγίνου
604 786 701 840 καὶ
726 786 835 839 τῶν
870 787 967 840 σὺν
1003 787 1172 856 αὐτῷ,
1203 785 1280 848 ὡς
1307 787 1390 839 ότι
1417 787 1466 838 οἱ
1492 785 1563 838 τά
1594 784 1706 840 τῶν

84 879 286 930 ὅπλων
330 878 752 948 ἀμελήσαντες,
781 877 924 944 ξίφει
968 877 1066 940 τὰς
1116 875 1359 944 κεφαλὰς
1400 874 1707 929 ἀποθέσθαι

87 967 638 1039 κελεύωμεν.”Οθεν
683 969 886 1040 σπουδῇ
918 969 1088 1038 πολλῇ
1120 970 1230 1030 τοῖς
1261 967 1372 1021 τῶν
1401 967 1578 1036 φόνων
1601 967 1707 1019 ὐπ-

87 1057 342 1126 ηρέταις
372 1059 406 1111 ό
431 1057 667 1120 Πιλάτος
696 1055 998 1128 ἐγχειρίζει
1025 1057 1094 1110 τά
1119 1056 1542 1127 γράμματατοῦ
1569 1055 1711 1110 Καί-

93 1163 304 1216 σαρος.
331 1149 404 1200 Ui
437 1147 497 1200 δὲ
523 1148 688 1217 τάχος
719 1147 1026 1212 διαϐάντες,
1053 1148 1152 1217 τὴν
1185 1147 1297 1201 τῶν
1325 1147 1708 1202 Καππαδόκων

96 1237 214 1305 γῆν
254 1237 570 1305 φθάνουσιν
590 1253 605 1269 ⁸
636 1237 732 1291 καὶ
763 1237 1025 1307 μαθόντες
1064 1239 1123 1290 ἐν
1167 1237 1322 1308 ἀγρῷ
1355 1235 1592 1308 πατρῴῳ
1617 1238 1710 1290 τὸν

100 1328 396 1395 Λογγῖνον
454 1327 794 1396 φιλοσοφεῖν,
841 1331 938 1382 καὶ
986 1329 1088 1399 τὴν
1128 1328 1356 1400 ἡσυχίαν
1401 1327 1706 1392 ἀσκεῖσθαι,

102 1419 347 1471 πάντων
383 1419 498 1472 τῶν
527 1419 824 1472 πολιτικῶν
862 1419 1206 1490 πραγμάτων
1247 1419 1442 1472 ἑαυτὸν
1467 1417 1711 1472 ἀπαλλά-

111 1507 317 1569 ξαντα.
364 1509 476 1562 Τδν
515 1510 684 1578 ἀγρὸν
725 1510 924 1570 αὐτίκα
964 1509 1497 1578 καταλαμϐάνουσιν,
1531 1510 1710 1580 ἡσυχῇ

109 1595 176 1648 τὸ
213 1597 518 1666 ἐπίταγμα
546 1599 780 1651 Πιλάτου
821 1600 914 1652 καὶ
936 1599 1210 1669 Καίσαρος
1247 1597 1558 1651 ἐπιτελέσαι
1590 1597 1712 1668 βουο

109 1686 377 1754 λόμενοι,
403 1687 547 1741 ὥστε
577 1686 652 1760 μὴ
672 1688 753 1752 είς
788 1689 970 1758 φυγὴν
994 1687 1086 1741 τὸν
1118 1687 1384 1756 Λογγῖνον
1409 1687 1708 1757 τραπῆναι.

1803 525 1995 583 scunt,
2028 515 2248 584 suisque
2288 511 2576 568 calumniis
2625 525 2785 566 aures
2826 518 3158 580 occupantes
3195 508 3376 565 Caesa-

1803 624 1945 676 reas,
1969 606 2314 678 imperatoria
2340 605 2593 660 mandata
2615 603 2668 658 in
2696 603 2938 658 Judaeam
2969 610 3156 656 contra
3181 601 3380 672 Longi-

1805 716 1937 756 num
1958 700 2204 754 referunt
2231 699 2298 753 ad
2327 697 2590 762 Pilatum;
2622 697 2822 766 quibus
2851 695 3029 766 gladio
3076 694 3130 748 in
3160 710 3258 750 eos
3292 695 3382 764 ju-

1803 790 2037 847 bebatur
2077 789 2535 849 animadvertere,
2573 788 2663 858 qui
2716 787 2962 841 militiam
2990 786 3380 841 deseruissent.

1807 880 1910 936 Eas
1933 881 2139 936 litteras
2154 881 2358 934 Pilatus
2376 880 2637 933 continuo
2655 877 2874 932 tradidit
2902 877 3140 944 probatis
3153 875 3382 930 medium

1807 987 1838 1027 a
1866 989 1925 1029 se
1951 973 2354 1044 designatarum
2386 970 2654 1025 ministris
2692 987 2704 1024 :
2746 969 2848 1039 ipsi
2887 983 3019 1022 vero
3061 968 3384 1022 festinanter

1809 1064 2151 1119 discedentes
2198 1074 2567 1133 pervenerunt
2615 1061 2668 1114 in
2725 1058 3152 1131 Cappadociam,
3203 1059 3385 1128 ibique

1809 1157 2118 1211 didicerunt
2153 1154 2452 1226 Longinum
2487 1162 2715 1224 paterno
2743 1152 2799 1206 in
2833 1166 2964 1221 agro
2992 1150 3384 1220 philosophari.

1811 1256 1866 1302 et
1901 1248 2120 1301 urbanis
2164 1246 2397 1316 negotiis
2437 1245 2694 1312 curisque
2735 1243 3032 1307 abdicatis,
3073 1242 3259 1295 animo
3291 1257 3390 1312 per

1811 1337 2049 1408 quietem
2079 1338 2384 1392 exercendo
2421 1351 2629 1389 vacare.
2664 1334 2866 1404 Agrum
2911 1334 3092 1400 itaque
3135 1332 3388 1385 eumdem

1811 1428 2032 1492 adeunt,
2075 1427 2485 1494 decernuntque
2528 1424 2683 1478 Pilati
2718 1439 2782 1478 ac
2816 1423 3046 1478 Caesaris
3087 1423 3392 1494 iussionem

1813 1531 1936 1570 eum
1983 1515 2199 1570 silentio
2227 1515 2472 1584 exsequi,
2510 1529 2581 1567 ne
2614 1513 2753 1567 forte
2789 1514 2843 1566 in
2878 1512 3059 1582 fugam
3094 1528 3392 1567 conversus

1816 1607 2110 1678 Longinus,
2159 1605 2413 1660 manibus
2452 1604 2567 1659 suis
2612 1603 2918 1674 eriperetur
2945 1621 2963 1656 τ
2994 1603 3136 1657 unde
3190 1602 3392 1658 factum

1815 1705 1916 1761 est,
1943 1705 2002 1750 ut
2036 1695 2241 1750 nemini
2269 1695 2564 1764 quidquam
2603 1709 2792 1748 eorum
2825 1709 2946 1763 quae
2977 1693 3254 1748 habebant
3285 1709 3394 1763 pra!

113 1775 294 1831 Ὅθεν
327 1779 551 1851 ἀθρόως
581 1779 898 1849 ὑπέστησαν
923 1777 1004 1848 τῷ
1031 1777 1208 1848 ἀνδρὶ,
1238 1778 1314 1842 ὡς
1338 1779 1424 1830 ἐπ’
1447 1777 1590 1847 ἀλλῳ
1610 1777 1717 1830 τινὶ

1873 1789 2067 1843 auibus
2089 1787 2352 1842 audentes
2369 1787 2723 1848 concredere,
2740 1785 3223 1858 ipsimetLongino
3242 1786 3394 1840 velut

112 1866 452 1936 διαϐάντες,
489 1871 585 1924 καὶ
614 1871 768 1924 οὐδὲν
794 1869 972 1924 οὐδενὶ
992 1869 1102 1922 τῶν
1133 1867 1273 1939 μετά
1310 1869 1499 1940 χεῖρας
1534 1866 1715 1920 αὐτῶν

115 1959 562 2032 ἐπιφερομένων
598 1961 945 2035 ἐθάρρησαν·
993 1956 1113 2014 εἶτα
1138 1959 1474 2022 εἰσελθόντες
1511 1959 1606 2013 καὶ
1639 1957 1716 2028 τῷ

118 2048 390 2121 Λογγίνῳ
422 2051 832 2122 περιτυχόντες,
857 2049 956 2104 οὐκ
997 2050 1200 2114 είδότες
1239 2049 1404 2104 αὑτὸν
1436 2045 1598 2116 εἶναι,
1625 2049 1717 2103 τόν

117 2137 317 2202 αὐτοῖς
339 2157 404 2192 τε
433 2143 530 2196 καὶ
550 2142 769 2214 Πιλάτῳ
801 2139 1156 2211 ζητούμενον,
1185 2139 1442 2212 ἄρχονται
1482 2140 1714 2212 ἐρωτᾷν,

118 2224 228 2277 ποῦ
253 2229 284 2280 ό
313 2230 587 2299 Λογγῖνος
615 2233 724 2302 εἴη.

195 2324 254 2381 ς’
259 2358 274 2371 ο
321 2321 387 2375 ’0
419 2323 479 2376 δέ
505 2325 813 2396 Μακάριος,
843 2323 940 2378 τοῦ
975 2325 1120 2380 θείου
1155 2323 1473 2394 Πνεύματος
1498 2320 1646 2392 αὐτῷ
1661 2322 1720 2374 τὸ

111 2412 310 2483 δρᾶμα
339 2414 1247 2485 πμσδηλώσαντος,ἀκολουθείτε,
1271 2415 1456 2484 φησὶν,
1485 2415 1578 2468 καὶ
1593 2412 1718 2466 τοῦ·

113 2518 210 2556 τον
236 2503 618 2575 ὑποδείκνυμι
649 2505 796 2575 ὑμῖν.
817 2505 949 2558 Τότε
974 2504 1110 2577 πρὸς
1131 2504 1324 2558 ἐαυτὸν
1344 2506 1372 2557 ό
1407 2505 1562 2573 ἅγιος
1580 2505 1721 2572 Λογο

118 2596 301 2661 γῖνος,
335 2599 426 2658 ὡς
455 2597 626 2673 εἰκὸς,
663 2596 1123 2667 εὐφραινόμενος,
1160 2599 1255 2651 καὶ
1284 2595 1379 2649 τοῦ
1421 2597 1720 2667 μαρτυρίου

120 2684 226 2752 τὴν
276 2685 482 2739 θυσίαν
511 2686 959 2749 ὑποσπουδάζων,
993 2686 1178 2755 ἔλεγεν
1211 2686 1332 2740 καθ’
1356 2687 1578 2741 ἑαυτόν·
1625 2688 1722 2753 Ὠς

123 2774 335 2840 ὡραῖοι
390 2779 445 2831 οἱ
479 2776 665 2842 πόδες
708 2774 830 2830 τῶν
869 2777 1408 2847 εὐαγγελιζομένων
1446 2778 1720 2847 εἰρήνην,

127 2863 253 2918 τῶν
282 2866 828 2938 εὐαγγελιζομένων
857 2869 927 2922 τὰ
953 2869 1163 2939 ἀγαθά.
1185 2869 1297 2924 Νῦν
1319 2870 1446 2933 τοὺς
1463 2871 1724 2942 οὐρανοὺς

127 2957 524 3030 ἀνεῳγμένους
563 2960 768 3030 ὂψομαι
804 2962 904 3031 (2),
951 2962 1047 3016 νῦν
1097 2963 1370 3034 ἱστορήσω
1419 2964 1518 3035 τὴν
1567 2962 1724 3027 δόξαν

1815 1879 1970 1934 alteri
1999 1877 2420 1948 supervenerint
2448 1877 2833 1948 improvisi,ad
2858 1891 3098 1946 eumque
3130 1876 3395 1932 acceden-

1815 1977 1899 2024 tes
1925 1978 1980 2025 et
2014 1969 2343 2033 nescientes,
2381 1969 2557 2036 ipsum
2587 1983 2708 2022 esse
2733 1983 2895 2038 quem
2925 1969 3268 2038 quaerebant,
3307 1970 3390 2022 in-

1819 2069 2091 2134 terrogare
2131 2060 2424 2131 emperint,
2451 2059 2542 2116 ubi
2573 2067 2716 2115 esset
2744 2057 3039 2132 Longinus.

1889 2325 1941 2380 6.
1983 2325 2078 2380 ille
2091 2340 2219 2379 vero
2235 2341 2348 2379 rem
2370 2339 2586 2378 omnem
2599 2322 2766 2378 divini
2786 2321 3028 2392 Spiritus
3049 2323 3276 2376 edoctus
3302 2323 3398 2377 ad-

1819 2418 2027 2472 monitu
2058 2435 2069 2471 :
2102 2417 2206 2483 Me,
2237 2417 2431 2487 inquit,
2461 2413 2772 2486 sequimini,
2809 2415 2865 2468 et
2906 2415 3087 2484 ipsum
3113 2415 3398 2469 ostendant

1819 2508 1988 2563 vobis.
2010 2507 2120 2562 Nec
2133 2524 2282 2563 mora
2302 2527 2316 2562 :
2335 2508 2557 2561 domum
2586 2521 2680 2561 eos
2707 2520 2860 2560 suam
2883 2505 3125 2576 gaudens
3146 2505 3396 2568 deduxit,

1821 2612 1984 2667 seque
2005 2598 2069 2652 ad
2089 2599 2325 2668 martyrii
2343 2613 2441 2667 pro
2463 2597 2681 2652 Christo
2703 2595 2971 2651 subeundi
2986 2595 3310 2651 sacrificium
3332 2602 3402 2650 ex

1822 2701 1952 2746 tunc
1975 2706 2246 2761 apparans
2276 2691 2521 2746 studiose
2550 2709 2563 2746 :
2596 2689 2767 2756 Quam
2797 2690 3231 2762 speci-osi,inquit
3257 2693 3401 2761 apud

1822 2798 1880 2838 se
1911 2785 2128 2850 tacitus,
2169 2786 2321 2852 pedes
2367 2785 2839 2856 euangelizantium
2878 2801 3096 2854 pacem,
3143 2785 3403 2855 evangeli-

1822 2875 2059 2929 zantium
2113 2874 2324 2928 bona”:
2359 2890 2507 2928 nunc
2557 2884 2774 2944 apertos
2821 2874 2953 2928 mihi
3004 2874 3173 2929 caelos
3220 2875 3402 2936 video.

1824 2981 1972 3020 nunc
2014 2964 2134 3019 Filii
2165 2966 2230 3020 ad
2257 2967 2532 3020 dexteram
2564 2965 2742 3020 Patris
2776 2964 3116 3034 contemplor
3150 2965 3399 3036 gloriam,

129 3042 258 3113 ιτοῦ
295 3048 650 3120 μονογενοῦς]
681 3066 776 3102 του
805 3049 1018 3120 Πατρός
1040 3089 1054 3114 ,
1084 3049 1180 3102 νῦν
1213 3049 1313 3119 τῆς
1345 3050 1720 3120 ἀνεκφράστου

1872 3073 1970 3114 unc
2015 3057 2343 3113 ineﬂ‘abilem
2397 3057 2568 3128 ipsius
2616 3056 2788 3112 Patris
2828 3066 2883 3112 et
2941 3056 3115 3112 sancti
3165 3055 3404 3126 Spiritus

131 3135 434 3209 ἀστραπῆς
461 3139 724 3210 θεωρήσω
757 3140 850 3195 τοῦ
881 3143 1090 3213 [ἰατρὸς
1121 3143 1196 3213 (5)
1221 3142 1338 3215 [τοῦ
1354 3141 1486 3196 Υίοῦ
1511 3145 1604 3197 καὶ
1628 3142 1722 3197 τοῦ

133 3226 324 3302 ἁγίου]
377 3232 716 3303 Πνεύματος.
741 3234 856 3288 Νῦν
897 3233 1028 3303 ἐρῶ,
1057 3234 1228 3305 Κύριε
1276 3234 1448 3305 Ἰησοῦ
1486 3235 1712 3306 Χριστέ,

133 3317 289 3385 δέξαι
337 3323 399 3376 τὸ
435 3323 656 3392 πνεῦμά
702 3341 826 3395 μου,
855 3323 1106 3395 καθάπερ
1137 3327 1412 3395 Στέφανος
1449 3330 1477 3380 ό
1505 3327 1724 3398 πρῶτος

134 3411 249 3463 τῶν
271 3415 607 3486 Μαρτόρων,
633 3408 695 3470 οὗ
727 3416 1118 3486 λαμπροτάτην
1138 3417 1324 3488 φωνὴν
1345 3418 1594 3488 ἀφιέντος
1621 3417 1720 3489 (4),

138 3500 377 3573 ἀκήκοα.
421 3507 534 3559 Νῦν
565 3508 1058 3581 Ὶερουσαλὴμ,τὴν
1086 3509 1370 3578 ἀνωτάτην
1408 3509 1722 3580 χρυσόπυρ-

138 3605 258 3657 γον,
278 3595 380 3666 τὴν
407 3597 576 3667 αὐτὴν
606 3597 708 3668 μὲν
732 3599 965 3671 πατρίδα
988 3600 1100 3653 τῶν
1122 3601 1529 3669 ἀγγέλων,ὅλου
1549 3599 1608 3654 δὲ
1625 3600 1721 3654 τοῦ

139 3683 252 3736 τῶν
281 3689 456 3757 ἁγίων
501 3690 662 3760 χοροῦ
709 3691 1070 3762 μητρόπολιν,
1109 3693 1247 3764 μετά
1281 3693 1514 3764 κρότων,
1545 3695 1720 3746 ἐπινι-

140 3775 281 3830 κίων
310 3781 406 3834 καὶ
433 3780 729 3850 βασιλικῶν
761 3785 1038 3854 τροπαίων
1061 3785 1420 3856 ἐπιϐήσομαι.
1439 3785 1555 3839 Νῦν
1583 3785 1722 3839 ἀπο·

142 3863 342 3938 δύομαι
379 3873 472 3926 τὸν
498 3875 718 3946 πήλινον
741 3877 966 3946 χιτῶνα,
984 3878 1074 3931 καὶ
1101 3877 1229 3940 τοὺς
1258 3878 1719 3941 πολυστενάκτους

142 3958 384 4032 δεσμοὺς
424 3967 528 4036 τῆς
572 3968 774 4040 σαρκὸς
816 3967 1141 4038 ἀποτίθημι,
1180 3969 1275 4022 καὶ
1305 3968 1719 4037 ἀπαλλάττομαι

146 4052 384 4125 φθορᾶς·
420 4059 558 4129 πρὸς
580 4059 892 4131 ἀφθαρσίαν
926 4060 1034 4131 γὰρ
1057 4061 1310 4131 ἕλκομαι,
1341 4062 1438 4114 καὶ
1478 4059 1719 4131 ἀπέρχο-

149 4158 249 4210 μαι
277 4148 374 4200 ἐπὶ
400 4148 492 4202 τὸν
519 4148 714 4219 λιμένα
733 4152 938 4204 ἐκεῖνον
966 4153 1064 4221 τῆς
1094 4151 1260 4220 ζωῆς,
1284 4149 1413 4203 ενθα
1433 4147 1720 4204 κατοικοῦ-

149 4249 234 4284 σιν
259 4239 308 4290 οἱ
339 4238 503 4306 ἆγιοι.
536 4240 838 4310 Εὐφραίνου
867 4240 1070 4300 τοίνυν,
1100 4239 1269 4310 ψυχὴ,
1319 4239 1456 4310 πρὸς
1493 4239 1586 4292 τὸν
1626 4240 1719 4294 σὺν

151 4327 387 4400 Ιιοιητὴν
424 4331 518 4384 καὶ
546 4331 824 4401 Δεσπότην
856 4331 1242 4402 ἀπερχομένηο
1283 4330 1457 4396 δεῖξον
1495 4329 1718 4399 φαιδρὸν

1831 3148 2172 3217 splendorem
2221 3147 2460 3212 intueor,
2516 3163 2664 3202 nunc
2718 3146 2892 3202 dicam
2923 3165 2936 3200 :
2973 3144 3198 3201 Domine
3251 3144 3400 3208 Jesu,

1829 3238 2045 3307 suscipe
2098 3239 2350 3308 spiritum
2401 3253 2615 3304 meum;
2677 3237 3133 3306 quemadmodum
3200 3236 3404 3307 primus

1829 3337 2128 3398 martyrum
2163 3328 2478 3397 Stephanus
2505 3327 2598 3395 (ρ),
2631 3327 2788 3393 cujus
2817 3325 3069 3379 abeuntis
3095 3340 3127 3377 e
3153 3325 3261 3378 vita
3287 3327 3404 3394 pul—

1829 3418 2154 3472 cherrimam
2184 3433 2372 3471 vocem
2393 3417 2586 3470 audire
2614 3415 2807 3468 merui.
2843 3413 2962 3468 Jam
2997 3428 3288 3482 supernam
3311 3414 3405 3468 ,1ο-

1828 3510 2061 3564 rusalem
2100 3507 2284 3562 aureis
2323 3508 2644 3561 instructam
2675 3505 2934 3568 turribus,
2959 3505 3278 3574 angelorum
3310 3521 3404 3574 pa-

1829 3602 2022 3666 trium,
2059 3609 2371 3656 sanctorum
2413 3597 2658 3652 omnium
2699 3595 3042 3666 metropoiim
3087 3596 3404 3666 spatiosum,

1827 3710 1951 3750 cum
1991 3693 2309 3764 plausibus,
2335 3690 2604 3762 epiniciis,
2639 3688 2914 3759 regiisque
2941 3677 3199 3758 trophaeis
3220 3687 3404 3758 ingre-

1825 3785 1964 3840 dlar.
1993 3781 2112 3838 Jam
2146 3783 2385 3838 tunicam
2429 3782 2570 3836 hanc
2609 3789 2881 3835 terrenam
2915 3793 3122 3834 exuens
3145 3787 3201 3834 et
3226 3779 3406 3833 carnis

1825 3876 2038 3932 vincula
2067 3876 2335 3930 laboriosa
2359 3874 2658 3943 deponens,
2690 3889 2720 3928 a
2763 3872 3108 3927 mortalitatis
3138 3873 3412 3927 subducat

1824 3966 2210 4036 corruptione,
2247 3965 2647 4032 subvectusque
2693 3963 2762 4018 ad
2816 3963 3242 4018 immortalitatis
3284 3963 3411 4018 feli-'

1824 4056 2102 4113 cissimum
2143 4063 2342 4110 statum
2385 4055 2440 4109 in
2486 4064 2702 4126 portum
2752 4055 2967 4109 veniant
2991 4055 3115 4110 vita:
3159 4064 3401 4118 aeternae,

1823 4161 1984 4217 quam
2014 4144 2172 4199 simul
2203 4159 2395 4199 omnes
2431 4145 2601 4200 sancti
2639 4143 2964 4199 inhabitant.
2990 4143 3213 4202 Exsulta
3242 4145 3409 4215 igitur

1822 4245 1878 4292 et
1907 4237 2108 4300 laetare,
2138 4251 2173 4290 ο
2198 4235 2401 4299 anima,
2425 4233 2490 4288 ad
2521 4233 2874 4288 Conditorem
2917 4241 3070 4288 tuum
3116 4242 3171 4288 et
3219 4234 3407 4288 Domi-

1822 4343 1952 4383 num
2001 4327 2294 4382 transitura
2341 4343 2354 4379 :
2399 4335 2648 4380 serenam
2685 4321 2879 4377 faciem
2930 4324 3034 4378 hac
3073 4332 3183 4378 tam
3225 4333 3415 4394 optata'

146 4418 207 4469 τὸ
244 4423 534 4490 πρόσωπον
557 4408 755 4493 καιροῦ
796 4421 1108 4484 καλοῦντος,
1141 4421 1235 4475 καὶ
1268 4421 1396 4484 τοὺς
1426 4419 1718 4490 προξένους

1872 4419 2109 4474 :casione
2153 4416 2382 4480 exhibe,
2431 4423 2814 4484 tantorumque
2853 4415 2947 4470 tibi
2986 4417 3188 4472 latores
3229 4419 3406 4474 hono-

147 4524 245 4562 σου
311 4514 421 4567 τῶν
468 4514 738 4568 τοσούτων
784 4514 1004 4581 ἀγαθῶν
1043 4513 1383 4584 φιλοφρόνως
1420 4511 1717 4580 ξενίσωμεν

148 4602 454 4671 χαίροντες,
496 4603 593 4658 καὶ
637 4603 904 4674 πολυτελῆ
954 4604 1366 4674 παραθήσωμεν
1411 4604 1711 4676 τράπεζαν,

145 4695 258 4755 τοῖς
288 4694 381 4747 ἐπὶ
411 4693 470 4748 τὸ
500 4695 715 4748 δεῖπνον
741 4695 900 4765 ἡμῶν
931 4695 1158 4749 καλοῦσι
1189 4695 1486 4766 βασιλικόν.

217 4781 284 4846 ζ’.
325 4783 512 4839 Ταῦτα
537 4786 674 4856 πρὸς
702 4785 894 4839 ἐαυτὸν
925 4788 954 4840 ό
977 4788 1236 4854 Λογγῖνος
1257 4785 1593 4851 είπιὶιν,’τοὺς
1622 4788 1722 4840 ἐπ’

147 4871 310 4927 αὑτὸν
338 4875 592 4940 ἐλθόντας
624 4877 706 4940 είς
748 4877 837 4930 τον
877 4878 1006 4930 ῐδιον
1047 4873 1197 4932 οἶκον
1249 4877 1588 4949 παρέλαϐεν,
1623 4878 1720 4931 καὶ

151 4961 362 5030 ξενίσας
385 4967 674 5039 λαμπρῶς,
709 4967 805 5022 καὶ
834 4968 1114 5040 προσώπῳ
1140 4967 1352 5038 φαιδρῷ
1380 4968 1478 5022 καὶ
1515 4968 1719 5036 σφόδρα

151 5061 439 5128 περιχαρεί
481 5059 784 5129 συμφαγὼν
829 5061 926 5112 σὺν
967 5060 1150 5122 αὐτοῖς
1188 5061 1268 5122 ε-ίς
1300 5061 1368 5129 ἦν
1407 5057 1718 5128 παρέθηκεν

219 5229 242 5260 ¹
279 5230 380 5286 lsa.
409 5247 506 5297 LII,
537 5232 568 5283 7
595 5249 610 5298 ;
635 5233 793 5288 Rom.
828 5249 858 5286 ε
879 5274 894 5297 ,
926 5234 1012 5288 15.

1823 4527 1942 4565 rum
1976 4511 2222 4565 hilariter
2251 4515 2414 4578 atque
2443 4507 2786 4578 bospitaliter
2812 4507 2986 4574 habe;
3027 4509 3168 4564 bene
3195 4509 3404 4565 instru-

1819 4610 1962 4657 ctam
2007 4616 2250 4656 mensam
2291 4614 2573 4670 apponens
2613 4598 2698 4664 iis,
2727 4597 2821 4668 qui
2859 4598 2929 4653 ad
2963 4613 3175 4653 cautam
3202 4601 3403 4670 regiam

1822 4700 1875 4747 te
1901 4691 2181 4746 invitaturi
2209 4691 2574 4745 advenerunt.

1895 4781 1947 4833 7.
1989 4778 2118 4833 Hac
2154 4779 2296 4832 intra
2335 4791 2395 4830 se
2438 4777 2653 4830 locutus
2685 4773 2964 4844 Longinus
2998 4773 3272 4828 immissos
3301 4775 3402 4830 sibi

1825 4871 2051 4926 sicarios
2082 4871 2137 4924 in
2167 4871 2389 4923 domum
2419 4880 2573 4921 suam
2604 4863 2855 4934 excepit,
2886 4871 2943 4918 et
2981 4863 3263 4933 splendide
3307 4879 3404 4918 eos

1825 4971 2083 5024 tractans,
2117 4961 2274 5014 vultu
2319 4959 2444 5014 lato
2489 4966 2544 5012 et
2583 4971 2793 5028 magnae
2819 4954 3176 5024 iucunditatis
3205 4955 3400 5010 indicia

1821 5054 2166 5127 praeferente,
2201 5052 2268 5107 ad
2293 5049 2540 5106 eamdem
2583 5063 2707 5104 cum
2760 5047 2896 5118 ipsis
2945 5046 3198 5103 actmbuit
3244 5061 3398 5102 men-

1648 5314 1882 5371 NOTAE.

221 5407 294 5478 (2)
334 5408 438 5464 Per
471 5408 710 5464 futurum
748 5409 944 5464 melius
990 5423 1152 5479 quam
1189 5423 1287 5479 per
1321 5420 1563 5477 praesens
1601 5405 1721 5461 hac

154 5473 339 5532 Latine
370 5480 600 5533 fuissent
639 5480 871 5535 reddita.

240 5548 291 5609 ὃ)
331 5549 497 5603 Pleno
522 5549 703 5602 sensui
741 5550 854 5601 hzec
889 5557 984 5604 aut
1007 5547 1206 5603 similia
1239 5545 1433 5600 deesse
1461 5541 1646 5599 credo.

243 5618 292 5686 ι)
334 5618 554 5672 Videtur
582 5618 852 5686 interpres
875 5617 1069 5687 legisse
1095 5617 1346 5687 ἀφιόντος
1365 5631 1380 5647 ο
1403 5614 1469 5668 ad
1493 5614 1717 5687 uerbum

154 5681 324 5742 autem
362 5689 439 5741 sic
468 5688 601 5740 verti
636 5681 812 5756 potest
844 5704 858 5740 :
898 5681 1120 5753 {Quem
1146 5681 1332 5740 audivi
1369 5681 1720 5755 prmclarissi—

1817 5418 1963 5458 mam
1993 5405 2267 5468 emittere,
2299 5404 2383 5459 uel
2407 5405 2658 5461 emisisse
2685 5421 2898 5463 vocem.
2925 5427 2945 5462 ο

1887 5474 1959 5560 (ε)
1999 5473 2227 5560 Passum
2253 5489 2376 5560 esse
2401 5483 2650 5560 sanetum
2682 5477 3029 5560 Stephanm
3069 5489 3191 5546 post
3235 5483 3396 5550 septi.

1817 5559 1967 5618 mum
2003 5545 2242 5618 circiter_
2265 5559 2295 5597 a
2340 5545 2577 5613 Spiritus
2614 5545 2799 5618 sancti
2837 5545 3079 5604 adventu
3125 5545 3393 5618 mensem,

1818 5613 2152 5667 conformius
2178 5612 2245 5667 ad
2275 5612 2586 5679 sanctorum
2614 5613 2834 5673 Patrum
2857 5630 3188 5674 consensum
3209 5612 3393 5673 existi;

1819 5693 1930 5737 mat
1956 5681 2247 5737 Barouius.
3305 5695 3310 5712 θ
