3736 6308
19 244 190 310 1551

1273 232 1333 306 S.
1369 232 1691 304 LONGINI
1724 238 2205 305 MARTYRIUM.

3231 234 3381 305 I558

19 360 340 428 Λογγῖνος
416 358 577 429 [xm
622 355 713 412 τὸν
761 356 931 426 αὒτῆς
980 356 1096 409 υίδν
1143 356 1293 425 παρά
1339 356 1439 425 τὴν
1488 352 1682 409 ἑαυτοῦ

1869 351 2006 406 alern
2036 360 2242 407 vestem
2277 350 2549 416 indutum,
2584 351 2676 420 qui
2708 359 2763 406 et
2786 350 2921 406 dixit
2959 371 2971 406 :
3001 350 3216 422 Muller,
3239 370 3366 412 ccce

19 451 351 521 πλευρὰν,
394 449 673 521 λαμπρὸν
715 450 810 502 καὶ
854 446 1177 519 μειδιῶντα.
1206 450 1301 501 κοιλ⁸
1333 445 1525 515 ὥσπερ
1554 463 1688 516 νυμ-

20 542 178 607 φίου
217 540 461 613 στολὴν
503 540 717 610 ἔχοντα,
752 538 903 607 λέγει
949 537 1085 609 πρὸς
1131 538 1334 607 αὑτήνο
1366 535 1554 598 Γύναι,
1590 535 1687 601 ίδε,

20 631 93 681 ὃν
126 630 425 695 ἐπόθεις,
466 627 629 695 οὗτός
657 632 807 683 ἔστιν
833 631 862 682 ὁ
893 632 1189 701 μονογενής
1217 646 1310 682 σου
1340 627 1474 690 υίὸς,
1502 628 1563 681 δν
1593 628 1691 699 ἁρο

26 721 368 791 πασθῆναι
402 722 530 777 τῶν
571 721 679 775 σῶν
713 720 913 792 χειρῶν
942 721 1228 790 ἐνόμισαςο
1263 720 1395 785 Θεὸς
1439 718 1495 771 δὲ
1528 719 1690 773 αὐτὸν

28 811 493 883 ἐλευθερώσας
522 814 587 866 ὲκ
617 811 769 865 τοῦδε
814 809 910 864 τοῦ
960 809 1199 880 φθαρτοῦ
1233 812 1326 864 καὶ
1355 810 1690 881 προσκαίρου

33 902 177 970 βίου
232 904 335 965 είς
390 903 513 973 τὴν
561 901 674 955 ἄνω
707 901 985 971 βασιλείαν
1026 901 1406 971 ἐστράτευσεν.
1438 899 1547 952 Καὶ
1597 896 1692 951 νῦν

36 993 159 1045 σὺν
200 993 356 1063 ἐμοὶ
392 993 522 1063 εχω
552 993 736 1057 αὑτὸν,
770 993 921 1062 παρά
944 990 1052 1062 γὰρ
1084 992 1182 1044 τού
1214 992 1463 1062 Σωτῆρος
1500 989 1692 1044 ἔλαϐον

38 1083 241 1136 αὐτὸν
266 1121 284 1145 ,
318 1082 434 1135 καὶ
470 1082 571 1151 τῆς
603 1082 744 1152 ἐμῆς
785 1080 965 1145 δεξιᾶς
998 1081 1254 1134 οὐδέποτε
1302 1080 1692 1151 ἀποστήσεται.

43 1172 250 1225 Ὅθεν
285 1172 503 1227 τοίνυν
529 1171 771 1226 λαϐοῦσα
799 1172 901 1241 τὴν
931 1171 1070 1241 ἐμὴν
1098 1170 1339 1241 κεφαλὴν
1367 1170 1573 1223 καὶτοῦ
1599 1168 1692 1222 σού

49 1261 286 1325 παιδὸς
319 1262 395 1315 “ab
434 1262 596 1333 σῶμα
622 1264 681 1315 ὲν
706 1262 802 1331 μιᾷ
823 1259 1055 1330 λάρνακι
1084 1260 1348 1329 παράδος,
1378 1260 1473 1313 καὶ
1499 1260 1695 1329 μηκέτι

47 1351 159 1403 τὸν
189 1353 504 1423 μονογενῆ
529 1368 624 1405 σου
647 1351 763 1405 υῑδν
786 1350 993 1421 δάκρυε
1011 1366 1026 1382 ο
1053 1349 1263 1420 μεγάλη
1293 1350 1402 1421 γὰρ
1429 1348 1578 1419 αὐτῷ
1600 1351 1697 1403 σὺν

54 1444 202 1513 ἐμοὶ
262 1445 417 1509 δόξα
455 1444 758 1515 δεδώρηται
796 1442 948 1514 παρὰ
980 1442 1076 1496 τοῦ
1109 1442 1490 1512 φιλανθρώπου
1535 1442 1693 1507 Θεοῦ,

56 1536 171 1587 καὶ
209 1534 429 1605 βωμὸς
461 1536 625 1606 ἱερὸς,
657 1534 753 1589 καὶ
781 1533 962 1588 θυσίαι
991 1532 1250 1602 μυστικαὶ
1279 1533 1375 1587 καὶ
1395 1532 1697 1603 πολυύμνη-

58 1641 158 1678 τοι
192 1628 469 1696 χορεῖαι,
493 1626 591 1679 καὶ
616 1624 953 1694 πανηγύρεις
977 1621 1273 1693 πάνδημοι,
1291 1621 1425 1677 ἄλλα
1442 1639 1504 1675 τε
1529 1621 1696 1675 πολλὰ

1795 459 1957 513 quem
1984 443 2221 500 dilexisti
2246 462 2260 499 :
2290 445 2393 500 iste
2422 454 2507 499 est
2526 445 2675 499 Illius
2696 454 2822 500 tuus
2848 444 3185 516 unigenitus,
3204 462 3373 517 quem

1796 534 1894 588 tibi
1943 542 2195 606 ereptum
2247 536 2584 591 arbitrabare
2616 555 2629 591 :
2664 552 2789 592 cum
2820 535 2965 592 Deus
2992 537 3061 592 ab
3098 538 3200 594 hac
3246 554 3367 593 mo—

1792 634 2081 680 mentanea
2131 641 2194 682 ac
2242 627 2483 697 peritura
2532 628 2822 683 liberatum
2869 628 3001 689 vita.
3036 629 3091 683 in
3139 646 3397 700 regnum'

1796 716 2056 771 caelorum
2101 734 2225 773 eum
2256 718 2588 789 ascripserit.
2619 718 2687 773 Et
2732 736 2879 774 nunc
2927 737 3155 778 mecum
3194 722 3369 777 habeo

1797 808 1949 863 illum
1994 827 2008 864 :
2046 824 2076 862 a
2123 807 2406 863 Salvatore
2460 809 2607 863 enim
2655 810 2837 879 accepi
2886 809 3058 874 illum,
3111 827 3288 881 neque
3338 828 3393 867 ιλ

1794 898 2015 952 dextera
2067 915 2186 953 mea
2229 914 2467 969 unquam
2509 898 2747 953 recedet.
2789 900 2957 970 igitur
2987 910 3155 971 caput
3189 917 3397 957 meumr

1798 989 2071 1057 accipiens
2093 1030 2106 1053 ,
2144 998 2199 1043 et
2236 1006 2360 1045 cum
2405 990 2500 1044 ﬁlii
2537 986 2613 1044 tui
2644 990 2875 1061 corpore
2905 1003 3069 1045 unam
3100 993 3154 1045 in
3186 1008 3391 1048 arcam

1798 1078 2061 1141 condens,
2106 1078 2253 1134 haud
2280 1079 2516 1148 amplius
2539 1080 2688 1146 plora
2720 1081 2867 1133 velut
2895 1082 3178 1145 amissum,
3210 1082 3299 1135 cui
3340 1096 3390 1134 δη

1798 1167 2223 1223 clementissimo
2245 1168 2353 1223 Deo
2376 1184 2570 1239 magna
2599 1184 2814 1223 mecum
2836 1169 3033 1223 donata
3063 1177 3151 1223 est
3179 1169 3372 1237 gloria;

1800 1265 1860 1309 ut
1880 1265 1934 1310 et
1962 1258 2133 1310 altare
2152 1265 2208 1310 et
2233 1256 2457 1327 mystica
2484 1256 2751 1311 sacriﬁcia
2781 1266 2837 1311 et
2866 1257 3115 1311 celebres
3134 1256 3371 1321 choreae,

1798 1352 1855 1398 et
1889 1344 2164 1413 populosas
2201 1345 2521 1407 conciones,
2548 1352 2606 1399 et
2655 1346 2758 1399 alia
2809 1345 2988 1400 adhuc
3036 1345 3270 1415 plurima
3320 1347 3379 1401 ei

1801 1447 2012 1486 mecum
2046 1432 2384 1497 deferantur,
2406 1435 2607 1506 quibus
2635 1434 2691 1491 in
2719 1444 2863 1491 terra
2896 1436 3004 1490 frui
3035 1451 3142 1490 non
3165 1437 3373 1506 potuis-

1800 1529 1885 1575 set
1916 1538 1929 1574 :
1960 1522 2105 1590 quod
2149 1538 2280 1579 vero
2329 1524 2384 1578 in
2436 1526 2590 1581 coelis
2621 1524 2782 1581 nobis
2813 1528 3221 1596 praeparaverit,
3260 1542 3373 1581 non

1802 1612 1969 1667 verbo
1997 1613 2283 1677 duntaxat,
2318 1615 2414 1671 sed
2448 1617 2629 1686 reipsa
2647 1631 2805 1673 suum
2839 1631 2966 1686 erga
3006 1631 3106 1670 nos
3134 1631 3375 1671 amorem

58 1715 224 1782 πρὸς
257 1713 504 1778 τούτοις
523 1755 539 1780 ,
572 1714 609 1769 ἃ.
645 1714 709 1767 ού
736 1714 960 1767 δυνατὸν
987 1712 1081 1765 ἰπὶ
1113 1712 1218 1779 τῆς
1246 1712 1352 1782 γῆς
1380 1712 1655 1765 τελεῖσθαι
1677 1728 1693 1743 ⁶

1869 1702 2081 1758 clarans
2113 1705 2285 1771 Deus,
2326 1706 2380 1762 id
2413 1723 2545 1763 vero
2576 1714 2756 1777 neque
2792 1708 2983 1762 oculus
3009 1707 3165 1771 vidit,
3197 1723 3376 1777 neque

60 1805 127 1857 ιν
185 1802 449 1874 οὐρανῷ
496 1804 553 1857 δὲ
597 1803 635 1859 ἃ
684 1802 960 1872 ὀφθαλμὸς
991 1801 1091 1854 οὐκ
1119 1795 1280 1865 οἶδεν,
1314 1800 1410 1855 καὶ
1459 1796 1553 1864 οὖς
1599 1801 1698 1853 οὐκ

62 1894 365 1963 ἥκουσιν,
401 1892 538 1947 οὐδὲ
592 1893 686 1947 ἐπὶ
735 1892 972 1964 καρδίαν
1026 1890 1316 1964 ἀνθρώπου
1367 1889 1469 1944 οὐκ
1506 1889 1695 1959 άνέδη,

65 1982 233 2053 ἅπερ
256 1982 412 2052 ἡμῖν
452 1984 482 2036 ό
513 1982 646 2044 Θεὸς
672 1981 771 2053 (9),
800 1982 946 2052 ἔργῳ
972 1981 1070 2035 καὶ
1100 1980 1244 2052 λόγῳ
1266 1982 1366 2051 τὴν
1394 1979 1531 2050 πρὸς
1551 1979 1701 2050 ἡμᾶς

70 2068 505 2138 ἔνδσιξάμενος
532 2069 776 2139 ἀγάπην,
807 2068 1245 2138 παρεσκεύασεν.

152 2165 246 2215 ιε’.
293 2160 556 2222 Τούτους
593 2163 720 2223 τοὺς
761 2159 954 2227 λόγους
988 2160 1022 2229 ἠ
1051 2160 1145 2212 τοῦ
1175 2157 1465 2212 νεανίσκου
1514 2159 1698 2231 μήτηρ

74 2249 158 2313 ὡς
191 2249 652 2320 ἰεροπροφήτου
698 2248 968 2320 δεξαμένη
1019 2248 1449 2319 προστάγματα,
1497 2250 1699 2317 εὐθέως

78 2341 404 2393 ἀναστᾶσα
444 2340 523 2402 είς
565 2339 666 2405 τὴν
710 2339 946 2409 πατρίδα
976 2338 1262 2409 ὥρμησεν·
1294 2338 1482 2392 ἔλαθεν
1512 2339 1570 2392 δὲ
1604 2339 1698 2394 καὶ

84 2430 196 2500 τὴν
224 2430 520 2497 πάντιμον
546 2429 640 2482 καὶ
673 2427 828 2496 ίερὰν
855 2426 1115 2498 κεφαλὴν,
1142 2425 1239 2479 τοῦ
1256 2426 1413 2493 ἁγίου
1434 2426 1697 2495 Λογγίνου

85 2518 371 2586 λείψανον
401 2555 418 2579 ,
473 2517 569 2569 καὶ
610 2516 844 2571 ἀπέθετο
892 2516 1132 2587 φαιδρῶς
1188 2514 1284 2568 καὶ
1338 2515 1652 2586 περιχαρῶς
1678 2557 1695 2583 ,

91 2605 296 2669 καθὼς
357 2605 500 2677 αὐτῇ
549 2604 885 2676 προσέταξεν
914 2608 943 2659 ό
972 2605 1126 2674 ἂγιος
1154 2606 1415 2673 Λογγῖνος
1443 2605 1502 2659 ὲν
1534 2602 1698 2677 κώμῃ

90 2697 392 2768 λεγομένῃ
422 2695 732 2767 Σανδράλης
766 2694 997 2765 (ἐκεῖθεν
1030 2695 1137 2767 γὰρ
1164 2689 1232 2766 ἦν
1259 2695 1289 2746 ὁ
1320 2692 1472 2761 ἅγιος
1498 2695 1697 2764 Λογγί-

92 2789 216 2859 νος)
271 2788 422 2858 πρὸς
471 2788 672 2860 ἑαυτὴν
715 2785 1075 2857 άναφωνοῦσα
1109 2787 1203 2839 καὶ
1250 2783 1481 2850 λέγουσα
1523 2786 1583 2838 έν
1628 2788 1696 2859 τῇ

98 2880 342 2951 καρδίᾳ,
374 2878 470 2932 καὶ
498 2878 566 2949 τῇ
600 2876 813 2948 γλώττῃ
864 2875 1239 2947 κηρύττουσιν
1274 2871 1403 2930 Οἶδα
1455 2876 1587 2945 μὲν,
1616 2876 1697 2930 ὄτι

96 2973 223 3033 τοῖς
254 2967 522 3035 ἀγαπῶσι
567 2967 659 3021 τὸν
685 2967 837 3032 Θεὸν,
873 2968 1053 3021 πάντα
1081 2969 1332 3036 συνεργεῖ
1357 2968 1436 3030 είς
1463 2967 1523 3020 τὸ
1561 2969 1696 3036 ἀγα-

103 3029 225 3116 θὸνξ
245 3029 597 3128 Ὁφθαλμοὺς
629 3029 857 3128 ἐζήτουν
899 3057 1135 3128 σαρκὸς,
1169 3029 1267 3110 σύν
1299 3029 1481 3122 αὐτοῖς
1514 3059 1571 3111 δὲ
1599 3029 1692 3113 καὶ
1722 3029 1771 3086 c

101 3150 237 3212 τοὺς
254 3146 360 3200 τοῦ
391 3147 705 3217 Πνεύματος
731 3146 920 3200 ἔλαϐον
938 3161 952 3175 ’
977 3145 1165 3199 ἐλύπει
1191 3163 1259 3215 με
1285 3145 1455 3216 ζημία
1478 3147 1690 3214 τέκνου,

107 3238 227 3293 ἀλλ’
268 3238 383 3290 ἰδοὺ
412 3236 504 3289 τὸν
531 3236 867 3306 κληρονόμον
892 3236 1000 3305 ἔχω
1032 3235 1171 3306 μετὰ
1199 3237 1355 3307 δόξης
1383 3237 1691 3309 βασιλικῆς,

106 3329 189 3398 τῷ
242 3326 371 3397 Θεῷ
400 3327 841 3397 παριστάμενονο
876 3327 1293 3398 πορφυροφόρον
1341 3328 1433 3382 τὸν
1477 3330 1693 3384 νεανίαν

110 3416 333 3487 ἀναρῶ,
364 3416 752 3487 πολυευπρεπῆ
782 3415 1101 3470 κατοπτεύω
1120 3417 1213 3470 τδν
1243 3417 1498 3487 μείρακα.
1521 3419 1694 3472 Ἀστε-

111 3509 481 3581 ροπρόσωπος
512 3510 540 3561 ὁ
572 3509 732 3571 παῖς,
762 3510 857 3561 καὶ
901 3509 966 3579 τῇ
1020 3509 1190 3579 μητρὶ
1231 3508 1566 3579 προσγελῶν,
1601 3510 1694 3564 καὶ

117 3601 278 3670 παρὰ
311 3598 412 3669 τὴν
447 3598 687 3669 πλευρὰν
715 3597 979 3666 Λογγίνου
1011 3598 1361 3669 ἀστράπτων,
1382 3598 1458 3663 ὡς
1478 3601 1695 3671 φωσφό-

118 3708 213 3762 ρος
246 3688 404 3759 παρὰ
425 3689 525 3759 τὴν
550 3686 782 3759 ἡλιακὴν
806 3689 1023 3753 άκτίνα,
1058 3688 1320 3754 πολλάκις
1350 3691 1450 3760 μὲν
1472 3691 1694 3764 νύκτωρ

118 3781 387 3842 πολλάκις
431 3778 488 3832 δὲ
538 3779 657 3850 μεθ’
680 3778 896 3850 ἡμέραν
938 3780 1284 3851 φαινόμενος,
1315 3780 1412 3834 καὶ
1452 3782 1515 3835 ού
1561 3785 1696 3838 κατ’

99 3876 254 3944 ,δναρ
289 3872 475 3941 μόνον,
505 3871 643 3925 ἀλλὰ
675 3871 783 3941 μὴν
811 3872 906 3924 καὶ
933 3871 1185 3942 φανερῶς
1215 3872 1574 3943 ἐμφανίζεταί
1602 3892 1693 3945 μοι

123 3962 425 4035 μαρτύρων
452 3962 667 4032 τρόπῳ·
702 3960 903 4031 κλῆρος
930 3961 991 4015 δὲ
1023 3961 1188 4016 αὐτοῦ
1212 3963 1351 4032 μετὰ
1376 3964 1689 4036 προφητῶν,

121 4055 304 4108 καίτοι
359 4050 474 4122 βίον
515 4050 625 4104 τῶν
656 4050 950 4122 προφητῶν
993 4051 1056 4104 οὐ
1096 4051 1378 4122 ζήσαντος,
1410 4054 1505 4108 καὶ
1556 4058 1695 4125 μετὰ

123 4142 391 4211 Λογγίνου
429 4141 805 4209 σταυροφορεϊ,
834 4140 1014 4193 καὶτὸ
1038 4141 1237 4211 σεμνὸν
1259 4142 1360 4213 τῆς
1388 4142 1497 4196 τῶν
1529 4144 1694 4217 ούρα-

123 4234 232 4286 νῶν
262 4232 539 4304 βασιλείας
572 4231 894 4302 ἐπιφέρεται
924 4231 1203 4301 τρόπαιον,
1238 4232 1335 4287 καὶ
1360 4234 1563 4305 μεταξὺ
1591 4236 1694 4306 ἀγ-

1798 1792 1946 1848 auris
1974 1794 2203 1862 audivit,
2226 1810 2408 1866 neque
2437 1798 2505 1852 in‘
2524 1812 2620 1853 cor
2650 1798 2887 1854 hominis
2909 1813 3149 1869 unquam
3180 1812 3381 1853 ascen-

1797 1883 1898 1941 dit.

1868 2164 1955 2220 15.
1995 2163 2105 2221 llos
2133 2181 2415 2223 sermones
2461 2178 2521 2224 ut
2568 2170 2725 2241 pueri
2775 2179 2949 2227 mater
2992 2172 3216 2239 audivit,
3247 2182 3372 2228 tan-

1797 2269 1959 2324 quam
1991 2255 2037 2310 si
2065 2255 2232 2312 divini
2279 2257 2512 2328 alicuius
2540 2261 2821 2330 prophetae
2847 2263 3180 2332 suscepisset
3208 2277 3367 2317 man-

1797 2346 1948 2411 data,
1979 2346 2059 2401 sic
2085 2362 2421 2419 consurgens
2450 2350 2714 2407 continuo
2735 2349 2789 2406 in
2820 2354 3051 2423 patriam
3082 2353 3370 2418 remeavit,

1796 2442 1852 2489 et
1881 2442 2166 2504 acceptum
2186 2438 2358 2491 sancti
2391 2438 2619 2509 Longini
2647 2441 2963 2496 venerabile
2992 2451 3157 2512 caput
3178 2457 3370 2512 magna

1795 2538 1920 2578 cum
1947 2524 2132 2580 laetitia
2164 2536 2328 2598 atque
2360 2528 2650 2598 splendore
2680 2531 2941 2600 reposuit,
2974 2532 3115 2587 sicut
3149 2543 3372 2586 sanctus

1796 2613 2152 2670 mandaverat
2182 2615 2236 2670 in
2270 2615 2430 2681 vico,
2462 2618 2553 2689 qui
2594 2617 2873 2676 Sandralis
2904 2622 3219 2676 nominatur
3247 2620 3317 2689 (9)
3354 2637 3370 2674 :

1796 2704 1946 2759 illinc
1981 2706 2128 2761 enim
2164 2706 2432 2763 oriundus
2463 2719 2581 2765 erat
2612 2718 2834 2768 sanctus
2862 2710 3138 2782 Longinus
3183 2732 3199 2765 :
3243 2710 3374 2765 sibi-
3438 2732 3441 2735 ·

1794 2809 1903 2865 que
1932 2795 2049 2866 ipsa
2080 2796 2297 2853 dicebat
2329 2799 2391 2853 in
2410 2800 2597 2866 corde,
2645 2811 2702 2858 et
2746 2801 2932 2872 lingua
2961 2803 3081 2857 aliis
3113 2800 3375 2872 praedica-

1796 2884 1888 2939 bat
1925 2902 1939 2938 :
1982 2881 2138 2940 Nunc
2162 2888 2278 2942 scio
2303 2903 2432 2944 vere
2460 2878 2585 2960 quia
2618 2892 2966 2963 diligentibus
2992 2893 3162 2947 Deum
3192 2892 3374 2946 omnia

1797 2984 2162 3045 cooperantur
2191 2979 2242 3033 in
2277 2979 2507 3038 bonum.
2537 2982 2739 3039 Oculos
2759 2986 3069 3055 quaerebam
3094 2984 3290 3052 carnis,
3321 2991 3377 3040 et

1797 3081 1921 3121 cum
1953 3067 2019 3123 iis
2061 3071 2224 3125 etiam
2262 3071 2438 3127 visum
2469 3074 2524 3128 in
2554 3076 2738 3131 anima
2768 3076 3104 3146 spiritualem
3144 3078 3325 3147 recepi
3357 3098 3371 3133 :

1797 3157 1984 3214 alﬂlxit
2028 3174 2118 3214 me
2167 3161 2446 3219 calamitas
2483 3164 2599 3229 ﬁlii,
2630 3174 2687 3221 et
2731 3180 2861 3223 ecce
2893 3166 3164 3223 haeredem
3197 3169 3387 3224 habeo

1797 3262 1921 3303 cum
1966 3250 2131 3320 gloria
2176 3251 2321 3324 regia
2358 3252 2468 3309 Deo
2495 3246 2841 3313 assistentem
2873 3277 2891 3312 εν
2916 3259 3075 3313 video
3114 3260 3374 3329 juvenem

1800 3338 2049 3392 indutum
2076 3356 2327 3410 purpura'
2344 3351 2402 3397 et
2426 3345 2599 3400 multo
2619 3345 2814 3401 decore
2837 3347 3182 3402 adornatum.
3215 3347 3376 3404 Side-

1800 3440 1895 3482 reo
1940 3427 2093 3481 vultu
2135 3432 2495 3499 resplendens
2546 3450 2689 3503 puer
2734 3451 2864 3491 ecce
2892 3446 2953 3491 ut
2982 3438 3140 3493 matri
3171 3439 3377 3496 arridet

1799 3531 1933 3583 suae,
1967 3525 2024 3572 et
2053 3518 2120 3573 ad
2160 3519 2300 3577 latus
2330 3521 2559 3596 Longini
2584 3525 2731 3580 velut
2757 3525 2951 3583 lucifer
2977 3530 3044 3584 ad
3079 3531 3258 3586 radios
3280 3547 3379 3588 so-

1799 3607 1941 3662 lares
1969 3607 2212 3680 refulget.
2246 3610 2457 3668 Etenim
2509 3629 2653 3684 saepe
2701 3625 2888 3683 noctu,
2915 3633 3058 3688 saepe
3099 3635 3197 3690 per
3228 3618 3374 3677 diem

1798 3712 2086 3768 apparens,
2112 3712 2290 3771 nequ
2312 3702 2368 3757 id
2384 3704 2458 3759 in
2483 3707 2710 3773 somnis,
2729 3709 2823 3764 sed
2859 3710 3142 3766 manifesta
3165 3712 3218 3766 in
3247 3714 3373 3783 spe?-

1799 3786 1903 3852 cie,
1945 3802 2006 3843 se
2047 3788 2187 3843 mihi
2226 3798 2466 3849 ostentat
2503 3805 2800 3868 martyrum
2852 3798 2908 3852 in
2957 3799 3178 3854 modum
3210 3818 3222 3852 :
3254 3815 3375 3858 sors

1799 3884 1982 3929 autem
2014 3876 2158 3932 illius
2192 3878 2334 3935 inter
2368 3884 2663 3954 prophetas
2702 3893 2816 3953 est,
2852 3888 2954 3945 etsi
2985 3890 3373 3959 prophetarum

1801 3963 1967 4018 vitam
1995 3981 2106 4021 non
2131 3967 2361 4037 vixerit;
2397 3980 2453 4027 et
2484 3973 2559 4045 (Ιι)
2586 3989 2806 4031 crucem
2833 3992 2957 4032 cum
2991 3978 3235 4049 Longino
3275 3980 3372 4035 ba-

1795 4051 1993 4122 julans,
2020 4054 2353 4112 adorandum
2379 4061 2640 4116 caelorum
2667 4079 2835 4136 regno
2860 4066 3163 4135 trophaeum
3193 4067 3370 4132 etlert,

1798 4152 1961 4213 atque
1988 4145 2136 4201 inter
2165 4149 2373 4205 medios
2402 4152 2624 4222 angelos
2650 4154 2927 4223 pradicat,
2958 4157 3104 4210 inter
3141 4158 3372 4212 archan-

1800 4236 2045 4306 gelorum
2076 4246 2251 4294 cmtus
2279 4241 2570 4309 exclamat,
2619 4254 2877 4315 tanquam
2917 4262 3207 4318 germanus
3236 4247 3375 4303 Lon-

124 4324 299 4391 γέλων
345 4320 626 4391 κηρύττει,
660 4320 722 4374 τδ
752 4321 844 4373 καὶ
878 4320 1041 4389 μέσον
1068 4319 1165 4374 τοῦ
1188 4322 1363 4393 δήμου
1402 4324 1512 4379 τῶν
1556 4328 1694 4398 ἀρχ-

1869 4329 1908 4383 li
1958 4331 2277 4400 discipulus.
2313 4333 2437 4388 Vere
2480 4334 2646 4390 Filius
2691 4336 2790 4391 Dei
2833 4348 2911 4394 est
2953 4340 3068 4394 iste.
3097 4340 3370 4406 Quantum

125 4414 373 4484 αγγέλων
416 4414 706 4485 κέκραγεν.
725 4412 989 4480 Ἀληθῶς
1018 4413 1168 4468 Θεοῦ
1205 4416 1338 4482 Υἱὸς
1372 4413 1455 4488 ἦν
1492 4414 1694 4487 οὗτος,

125 4508 203 4569 ὡς
246 4504 509 4571 Λογγίνου
544 4504 962 4573 μαθητής.’οσα
993 4520 1053 4556 τε
1082 4504 1152 4558 τά
1178 4506 1437 4576 Σεραφὶμ
1456 4509 1702 4581 Λογγίνῳ

128 4595 450 4666 παραχωρεῖ
474 4594 717 4658 δοξάζειν
746 4594 861 4664 (καὶ
887 4594 989 4647 ούκ
1014 4595 1325 4667 άντικρούει
1348 4598 1417 4651 τά
1449 4600 1703 4673 Σεραφὶμ

130 4686 224 4738 καὶ
266 4682 548 4754 Χερουϐὶμ
602 4682 1027 4755 ύμνολογοῦσιν)
1060 4684 1355 4756 φθέγγεται
1402 4691 1497 4745 καὶ
1539 4690 1702 4757 αὐτὸς

131 4770 312 4843 φωνὴν
359 4771 511 4844 ἱεράν
535 4811 552 4836 ,
587 4770 882 4843 ύμνολόγον
903 4811 921 4838 ,
947 4774 1312 4847 τροπαιοῦχον
1333 4817 1349 4843 ,
1386 4779 1653 4851 μυστικὴν
1675 4819 1694 4847 ,

130 4863 392 4919 ὶπινίκιον
413 4878 429 4897 ο
466 4861 730 4932 Ἀληθῶς
775 4865 923 4919 Θεοῦ
966 4868 1097 4934 Υἱός
1141 4867 1313 4922 ἐστιν
1352 4865 1530 4937 οὗτος
1549 4887 1565 4903 ·
1598 4868 1695 4927 καὶ

134 4956 276 5009 ῐστιν
300 4955 392 5010 καὶ
416 4955 599 5009 ἔσται’
625 4955 760 5028 ὅπερ
781 4956 889 5027 γὰρ
916 4952 1063 5029 εἶχεν
1086 4961 1195 5030 πρὸ
1219 4959 1329 5013 τῶν
1350 4959 1693 5026 αίιίινιιι›ν,καῖ⁵

136 5046 213 5107 είς
238 5045 433 5110 αἰῶνας
458 5045 590 5113 ῑξει.
611 5045 782 5110 Δύτδς
808 5046 1026 5102 παλαιοῖ
1053 5049 1178 5112 τοὺς
1202 5048 1427 5117 αἰῶνας,
1458 5052 1608 5121 μένει
1634 5051 1692 5109 δι

1801 4433 1933 4473 vero
1979 4418 2267 4491 Seraphim
2316 4425 2650 4493 permittunt
2685 4426 2932 4500 Longino
2964 4429 3135 4485 Deum
3166 4432 3370 4502 gloriﬁ-

1796 4524 1923 4564 care
1944 4512 2150 4581 (neque
2174 4508 2323 4568 enim
2348 4513 2566 4570 divinas
2586 4515 2774 4573 laudes
2802 4521 3126 4577 canentibus
3160 4520 3372 4578 obstre-

1797 4608 1936 4670 punt
1969 4599 2263 4658 Cherubim
2291 4603 2690 4677 Seraphimve),
2724 4617 2932 4666 tantum
2958 4612 3178 4667 auditur
3205 4614 3370 4667 etiam

1798 4689 1933 4759 ipse,
1967 4701 2233 4758 sanctam,
2263 4695 2586 4751 melodicam
2611 4738 2628 4764 ,
2660 4700 3046 4770 triumphalem
3079 4718 3267 4759 vocem
3297 4704 3372 4757 el-

1798 4778 2020 4835 ferens:
2062 4778 2193 4837 Vere
2217 4781 2393 4839 Filius
2426 4784 2522 4839 Dei
2548 4796 2625 4840 est
2652 4790 2769 4843 ius.
2806 4790 2899 4846 Est
2948 4792 3135 4862 utique
3162 4803 3219 4849 et
3265 4796 3372 4850 erit

1798 4865 1895 4924 Dei
1932 4866 2102 4924 Filius
2130 4887 2145 4925 :
2174 4870 2320 4940 quod
2351 4871 2497 4927 enim
2546 4872 2739 4931 habuit
2779 4888 2907 4933 ante
2954 4880 3174 4943 saecula,
3205 4882 3369 4938 etiam

1798 4959 1854 5014 in
1899 4959 2081 5014 omnia
2129 4960 2325 5016 saecula
2374 4970 2606 5019 ventura
2653 4965 2920 5022 habebit:
2955 4968 3070 5038 ipse
3125 4948 3403 5039 antiquat’

1796 5052 2015 5119 saecula,
2046 5061 2102 5109 et
2132 5051 2266 5108 citra
2300 5053 2515 5110 senium
2550 5055 2869 5114 indeﬂciens
2896 5071 3210 5131 perseverat
3238 5080 3251 5116 :
3282 5076 3375 5116 του

1623 5226 1857 5291 ΝΟΤΕ.

206 5316 279 5387 (9)
319 5334 338 5371 ι
368 5315 501 5393 Qum
529 5318 852 5393 praeparavit
874 5318 1016 5393 Deus
1040 5335 1193 5375 suam
1231 5335 1354 5393 erga
1385 5319 1697 5393 noschari.

142 5395 295 5461 tatem
316 5387 486 5461 verbo
510 5387 1092 5461 operequedeclarans
1124 5406 1137 5443 :
1175 5408 1194 5443 ι
1243 5387 1362 5447 hic
1391 5405 1587 5461 nempe
1616 5390 1694 5445 [e-

139 5456 361 5527 stinanti
378 5456 663 5527 interpreti
686 5456 1033 5514 exciderunt.
1086 5516 1089 5527 η,

193 5523 277 5606 '(g)
313 5523 438 5580 Mss.
497 5523 808 5582 Hedicazum
872 5538 927 5583 et
977 5523 1248 5598 Venatum
1304 5528 1567 5600 Σανδιάλῃ
1626 5533 1689 5602 τῇ

145 5609 308 5664 κωμη.

1871 5326 2157 5400 (h)_Simili
2203 5328 2389 5398 phrasi
2428 5336 2670 5400 _utuntur
2707 5327 2851 5400 jam_
2868 5328 3031 5400 citata
3060 5344 3191 5386 mss.
3224 5332 3367 5400 μετὰ

1800 5396 2063 5469 Λογγίνου
2105 5396 2491 5469 σταυροφορῶν
2511 5406 2664 5469 ’μοι
2685 5396 2788 5453 ms.
2820 5396 3202 5469 Herodianum,
3226 5396 3363 5456 cum

1799 5465 1908 5537 quo
1936 5465 2495 5541 habemuseollajunt
2530 5465 2864 5541 Medicaum,
2897 5467 3243 5541 λευκοφορῶν
3266 5487 3279 5503 ·
3307 5470 3363 5527 ἰό

1799 5535 1881 5591 est
1913 5553 1927 5592 :
1968 5554 1986 5589 ι
2011 5535 2266 5593 Candidis
2298 5535 2522 5591 indutus
2554 5536 2809 5593 vestibus.
2842 5555 2860 5587 ›
