3736 6308
33 271 45 327 l
1144 268 1403 332 SEBMO
1451 267 1534 327 ΙΝ
1583 269 2022 333 SYMEONEM.

3072 271 3096 337 1
3109 274 3212 338 570

33 398 88 434 τα
146 381 321 434 ὄκνον
377 381 500 435 τῶν
557 380 744 451 ψυχῶν
801 377 1237 451 ἀπορρίψαντεςο
1290 377 1536 448 λαμπροὶ

1715 378 1842 434 imis.
1865 379 2081 448 abiecto
2115 385 2334 448 torpore
2361 395 2376 444 ;
2408 377 2518 435 ιιιιὶ
2545 379 2671 436 late
2697 396 3058 441 occurramus
3087 387 3219 460 Regi

33 476 198 544 πρῶς
231 475 315 545 τῷ
337 477 604 540 βασιλεῖ
636 473 756 527 τῶν
793 473 1023 527 αίώνων
1053 472 1148 526 καὶ
1173 472 1386 542 Σωτῆρι
1407 471 1540 538 Χρι-

70 568 532 636 ὑπαντήσωμεν.
561 567 698 636 Φησὶ
729 565 840 634 γὰρ
885 566 914 616 ὁ
957 561 1354 633 εὐαγγελιστὴς
1397 563 1538 614 Λου-

69 658 223 728 μετὰ
251 659 360 725 τὴν
384 645 564 730 ὀκταή
574 676 638 729 με
649 675 738 729 ρον
767 657 860 710 τοῦ
890 657 1184 727 νομοθέτου
1213 656 1355 709 κατὰ
1375 656 1538 723 νόμον

40 753 261 822 τομήνο
285 753 436 804 ’Ὅτε
454 751 863 820 ἐπλήσθησαν
893 752 952 803 ai
983 749 1192 817 ἡμέραι
1223 747 1330 801 τοῦ
1357 752 1538 802 καθα-

33 843 133 898 ιοῦ
168 843 392 904 αὐλιτῶν
429 843 585 896 κατὰ
621 841 730 895 τὸν
771 843 960 910 νόμον
1001 843 1296 908 Μωῢσέως
1319 859 1330 874 ·
1367 841 1539 897 καθα-

33 934 107 986 .οῦ
143 935 460 1005 δηλονότι,
497 935 597 1003 τῆς
629 951 690 986 τε
721 933 955 1005 Μαριὰμ
993 937 1088 988 καὶ
1131 936 1224 988 τοῦ
1265 935 1534 1006 βρέφους⁶

33 1024 128 1077 τοῦ
165 1025 659 1094 προσδοκωμένου
689 1022 829 1079 εἶναι
870 1027 1105 1095 πατρός·
1147 1027 1293 1095 λέγω
1340 1030 1405 1098 δὴ
1439 1028 1534 1082 τοῦ

38 1118 145 1186 ήφ.
167 1117 322 1170 Ἀλλ’
356 1119 816 1188 ἐκπληττόμενος
841 1120 934 1172 ἐπὶ
965 1123 1078 1182 τοῖς
1107 1120 1372 1189 ῥηθεῖσιν,
1400 1122 1536 1192 πρὸς

33 1208 345 1262 θεσπέσιον
381 1211 790 1280 εὐαγγελιστὴν
823 1212 1033 1280 εἴποιμι
1074 1212 1137 1264 ἄν
1157 1227 1172 1241 ·
1193 1212 1245 1265 τί
1270 1212 1468 1280 λέγεις,
1491 1207 1536 1266 ὧ

33 1301 167 1368 ἀριε
207 1301 436 1352 Δουκᾶ.
455 1300 846 1367 Ἐπιλελῆσθαί
879 1317 969 1370 μοι
1001 1300 1180 1363 δοκεῖς
1199 1302 1310 1354 τῶν
1340 1303 1538 1356 ἀνωτέ-

43 1390 213 1459 natde
265 1391 370 1443 σοῦ
411 1391 860 1462 συγγραφέντων,
897 1393 1202 1460 ὰναρμόδια
1242 1394 1353 1462 γὰρ
1398 1394 1534 1464 πρὸς

33 1498 103 1533 να
143 1479 220 1534 τὰ
256 1480 363 1533 νῦν
385 1481 541 1551 παρὰ
565 1481 659 1534 σοῦ
680 1480 969 1548 λεγόμενα.
993 1482 1107 1535 Οὐκ
1134 1484 1191 1532 ὲν
1211 1485 1326 1544 τοῖς
1349 1483 1531 1549 Εὐαγο

37 1587 125 1632 οις
171 1573 246 1639 τῇ
297 1571 624 1641 Θεομήτορι
677 1573 772 1623 καὶ⁹
827 1570 1072 1642 παναγίᾳ
1126 1571 1408 1642 Παρθένῳ,
1439 1571 1529 1624 τὸν

33 1680 59 1714 ν
112 1661 382 1733 Γαϐριὴλ
433 1662 679 1731 εἰσάγεις
739 1663 999 1729 λέγοντα’
1064 1663 1304 1732 Πνεῦμα
1356 1663 1528 1728 ἅγιον

34 1754 332 1808 πεύσεται
384 1754 490 1806 ἐπὶ
517 1754 611 1820 σὲ,
643 1755 739 1808 καὶ
785 1755 1038 1824 δύναμις
1072 1755 1366 1823 Ὑψίστου
1403 1756 1532 1809 ἐπι-

33 1845 170 1900 sicut
207 1861 316 1899 σοι
331 1861 353 1908 ;
385 1846 516 1905 Πῶς
554 1841 648 1898 οὖν
694 1848 727 1914 ἡ
775 1847 837 1899 ἐκ
887 1846 1204 1916 Πνεύματος
1249 1848 1405 1916 ἁγίου
1439 1848 1536 1901 καὶ

33 1938 214 2007 ἱμεως
256 1937 532 2006 Ὑψίστου
589 1939 872 2008 κυήσασα,
908 1942 1003 1991 καὶ
1053 1941 1127 2009 μὴ
1183 1940 1325 1993 κατὰ
1371 1941 1534 2009 νόμον

33 2029 290 2098 ῡωπίνης
319 2030 580 2098 κυήσεως
604 2068 618 2089 ,
648 2029 991 2100 καθαρισμοῦ
1023 2031 1222 2084 δέεται.
1257 2031 1381 2094 Πῶς
1411 2033 1467 2084 δὲ
1501 2033 1533 2102 ἡ

33 2119 285 2188 ρωθεῖσα
337 2118 446 2172 τοῦ
501 2121 684 2181 πᾶσαν
737 2120 914 2186 κτίσιν
965 2119 1253 2191 ὁρωμένην
1300 2122 1396 2174 καὶ
1437 2123 1534 2191 οὐχ

33 2211 204 2282 μένην
255 2210 648 2280 ἀγιάεζοντος,
708 2210 1030 2278 Πνεύματος
1081 2214 1238 2280 ἁγίου
1297 2213 1538 2284 ὑπάρχει

33 2321 215 2374 τοχος.
255 2303 405 2366 Πῶς
443 2303 500 2356 δὲ
541 2305 575 2372 ἡ
604 2302 1022 2356 ὲπισκιασθεῖσα
1051 2306 1115 2374 τῇ
1147 2302 1241 2356 τοῦ
1281 2303 1535 2373 Ὑψίστου

33 2398 194 2466 ἱμει,
224 2397 290 2448 οὺ
328 2396 528 2464 πάσης
565 2394 936 2465 καθαρότητος
981 2395 1080 2448 καὶ
1127 2394 1398 2466 ἁγιασμοῦ
1436 2396 1539 2448 ὐπ-

33 2507 83 2541 ει
121 2489 438 2550 ἀνάπλεως
465 2485 661 2552 ;Ἀλλὰ
686 2485 755 2539 τὰ
785 2487 914 2556 ἑξῆς
943 2486 1038 2538 τοῦ
1060 2485 1402 2555 ἀρχαγγέλου
1434 2486 1536 2556 ῥή-

37 2598 74 2634 α
98 2620 114 2642 ,
147 2582 266 2633 τῶν
321 2579 606 2649 ῥηθέντων
642 2579 750 2630 εἰσὶ
779 2577 1132 2649 φοϐερώτερα
1153 2595 1166 2607 ·
1210 2577 1359 2646 λέγει
1387 2579 1496 2648 γάρ
1517 2594 1533 2608 ο

72 2673 180 2725 καὶ
231 2673 306 2724 τὸ
350 2668 731 2739 γεννώμενον
767 2669 958 2738 ἅγιον,
997 2670 1367 2738 κληθήσεται
1406 2669 1534 2736 Υἱὸς

34 2764 103 2817 ιῦ.
139 2763 244 2826 Τίς
283 2758 386 2815 οὖν
417 2761 657 2823 ἀκούσας
686 2759 878 2830 πρώην
905 2761 1055 2830 παρὰ
1092 2759 1184 2812 σοῦ
1216 2759 1412 2823 ταῦτα,
1444 2759 1538 2812 ml.

64 2855 298 2909 ἀκούων
337 2853 501 2907 πάλιν
540 2852 774 2922 βοῶντός
808 2869 900 2904 σου
921 2868 935 2882 ο
969 2853 1098 2906 Ὅτε
1129 2851 1538 2918 ἐπλήσθησαν

33 2944 249 3013 ἡμέραι
282 2942 394 2996 τοῦ
423 2939 798 3008 καθαρισμοῦ
837 2939 1034 2993 αὐτῶν
1054 2956 1067 2969 ο
1103 2941 1165 2991 οὐ
1197 2938 1422 3001 δικαίως
1446 2938 1539 2990 ὲκ-

33 3038 174 3105 ιγεὶς
223 3033 525 3104 ἐγκαλέσει
577 3051 678 3086 σοι.
719 3033 783 3085 Εί
821 3031 928 3102 γὰρ
972 3030 1197 3100 Πνεῦμα
1243 3029 1402 3099 ἅγιον
1439 3029 1537 3099 τὴν
1564 3063 1610 3127 c

33 3125 232 3194 σθένον
282 3123 634 3192 ἐπλήρωσεν,
669 3123 762 3174 καὶ
800 3123 832 3191 ἡ
879 3119 972 3174 τοῦ
1009 3119 1264 3188 Ὑψίστου
1310 3119 1538 3187 δύναμις

49 3218 198 3288 αὐτῇ
237 3215 575 3270 ἐπεσκίασεν
597 3230 611 3242 ·
642 3213 736 3266 καὶ⁵
776 3213 839 3265 τὸ
883 3210 1222 3280 γεννώμενον
1252 3208 1312 3273 ἐξ
1343 3209 1535 3276 αὐτῆς,

35 3324 71 3370 ος
105 3306 212 3376 μέν
249 3307 373 3357 ἐστι
401 3288 493 3355 τοῦ
526 3303 633 3372 πρὸ
661 3301 871 3355 αἰώνων
893 3301 1030 3353 Θεοῦ
1055 3317 1068 3331 ο
1107 3301 1200 3353 καὶ
1229 3299 1324 3352 νῦν
1351 3299 1428 3364 δὲ,
1452 3298 1542 3351 διὰ

35 3417 42 3442 ι
85 3396 419 3465 οἰκονομίαν
447 3395 848 3461 κληθήσεται·
880 3393 996 3455 πῶς
1040 3393 1072 3461 ἠ
1108 3392 1210 3461 τῆς
1249 3391 1402 3453 Θείας
1445 3391 1541 3443 καὶ

37 3489 245 3544 ιουσίου
285 3486 518 3556 Τριάδος
546 3485 887 3556 γεγενημένη
924 3483 1168 3554 μέτοχος,
1201 3483 1259 3535 οὐ
1296 3483 1456 3550 μόνον
1477 3480 1538 3532 οὐ

37 3597 200 3633 πεται
253 3575 680 3645 ἁγισσμοῦικαὶ
728 3558 1084 3644 καθάρσεωςσ
1132 3573 1248 3626 ἀλλ’
1284 3573 1406 3642 οὐχὶ
1446 3570 1542 3624 καὶ⁹

37 3687 103 3742 σῃ
134 3673 207 3741 τῇ
242 3669 422 3722 κτίσει
452 3665 726 3738 ἁγιασμοῢ
757 3667 852 3720 καὶ
889 3665 1212 3736 καθάρσεως
1252 3664 1542 3735 γενήσεται

37 3765 246 3827 ἄξενος.

39 3855 92 3906 l‘i
134 3854 196 3906 δὲ
251 3851 394 3922 πρὸς
439 3851 614 3904 ταῦτα
659 3851 688 3902 ό
739 3845 1170 3920 εὐαγγελιστῆςς
1220 3846 1318 3911 Οὒ,
1354 3849 1540 3919 φησὶν,

40 3945 292 4014 ,λήσμων
317 3943 429 3996 τῶν
453 3943 544 3995 ὑπ’
564 3941 698 4012 ἐμοῦ
729 3941 1008 4012 ῥηθέντων
1027 3942 1285 4012 ἀνωτέρω
1309 3939 1507 4008 γέγονα
1525 3956 1539 3970 ·

40 4059 51 4087 ι
95 4035 228 4088 οὔτε
265 4034 607 4087 ἀνακόλουθα
649 4036 760 4096 τοῖς
806 4032 1138 4104 προλασοῦσι
1164 4071 1179 4098 ,
1215 4033 1282 4085 τὰ
1313 4033 1407 4085 ἐπὶ
1449 4030 1541 4083 τοῦ

39 4128 235 4197 ρόντος
271 4124 506 4196 ρηθέντα
547 4142 654 4195 μοι.
705 4125 767 4178 El
816 4124 912 4193 μὲν
944 4125 1050 4194 γὰρ
1093 4123 1306 4194 ἔμεινεν
1341 4122 1546 4176 παντά-

41 4238 127 4273 σιν
155 4221 185 4271 ό
215 4219 363 4283 θεῖος
397 4219 569 4286 Λόγος
601 4221 659 4272 ὲν
692 4221 806 4281 τοῖς
831 4219 996 4280 θείοις
1033 4217 1313 4287 ὐψώμασι,
1345 4214 1438 4267 καὶ
1469 4215 1545 4286 μὴ

41 4313 297 4379 τεδέξατο
325 4311 586 4373 ἑκουσίως
621 4308 720 4380 τὴν
751 4311 890 4380 πρὸς
919 4309 1018 4378 τὴν
1046 4308 1324 4377 ἡμετέραν
1350 4304 1540 4357 ταπείο

41 4423 128 4458 σιν
162 4405 599 4472 συγκατάὅασιν,
628 4402 808 4464 καλῶς
854 4398 1091 4464 ἐξένιζεν
1136 4400 1280 4468 ὑμᾶς
1326 4397 1443 4464 νῦν,
1474 4396 1543 4450 τὰ
1572 4387 1618 4442 Ι)

44 4499 93 4568 ρ’
119 4497 266 4566 ἐμοῦ
307 4497 608 4564 λεγόμενα·
646 4495 694 4546 εί
738 4494 794 4546 δὲ
827 4492 1067 4561 ἄσαρκος
1101 4490 1179 4542 ὣν
1212 4492 1241 4542 ό
1277 4489 1410 4551 Θεὸς
1449 4489 1543 4542 καὶ

43 4591 284 4660 ὣματος,
318 4589 476 4654 σῶμα
510 4587 607 4656 μὲν
638 4586 990 4656 ἐψυχωμένον
1027 4584 1173 4654 ψυχῇ
1213 4583 1405 4654 λογικῇ
1450 4581 1544 4636 καὶ

54 4684 124 4751 ρᾷ
161 4679 222 4745 ἐξ
255 4677 638 4747 ἀπειρογὰμου
671 4677 841 4746 κόρης
871 4677 1106 4744 δι’ήμᾶς
1128 4673 1539 4745 περιϐάλλεταν

43 4776 102 4826 ιεῖ
129 4773 189 4826 δὲ
225 4772 444 4841 μήτραν
473 4771 906 4840 ἀπεριγρόνπτως
942 4766 1300 4838 παρθενικὴν,
1334 4767 1362 4819 ό
1401 4764 1543 4834 πλη-

45 4881 73 4916 ν
125 4863 196 4915 τὰ
248 4859 574 4929 σύμπαντα·
603 4860 856 4926 γεννᾶται
893 4858 947 4909 δὲ
979 4859 1035 4910 ὲν
1066 4859 1242 4928 χρόνῳ
1285 4855 1372 4909 διὰ
1422 4856 1548 4918 τοὺς

45 4955 71 5006 δ
96 4954 314 5022 χρόνον,
334 4955 363 5004 ό
388 4952 596 5021 χρόνων
617 4951 708 5003 καὶ
730 4949 944 5004 αἰώνων
973 4949 1343 5018 πρεσϐύτερος
1359 4963 1374 4978 ⁸
1412 4947 1549 5016 μᾶλ-

45 5057 56 5088 ρ
112 5041 192 5100 δὲ,
239 5041 468 5108 ποιητής
559 5038 831 5104 ἀγκάλαις
874 5038 932 5090 δὲ
991 5037 1214 5106 Μητρὸς
1268 5035 1546 5104 Παρθένου

45 5128 473 5197 ριλαμϐἁνεται,
511 5131 541 5182 ὁ
577 5128 764 5198 θρόνον
813 5129 952 5198 ἔχων
983 5128 1050 5181 τὰ
1079 5129 1394 5198 Χερουὸίμο
1427 5127 1548 5196 τρέ-

47 5235 134 5269 ται
165 5216 224 5268 δὲ
252 5216 506 5285 γάλακτι,
542 5219 570 5269 ὀ
606 5218 752 5288 πάσῃ
785 5220 853 5287 τῇ
883 5219 1062 5271 κτίσει
1091 5220 1189 5288 τὴν
1217 5218 1363 5287 ζωὴν
1393 5235 1548 5288 χαριο

47 5323 237 5379 μενοςσ
267 5307 461 5377 φεύγει
492 5308 550 5360 δὲ
585 5311 675 5362 καὶ
708 5309 955 5380 Ἡρώδην
987 5313 1068 5374 εἰς
1100 5306 1394 5377 Αἴγυπτον,
1427 5312 1456 5363 ό
1482 5309 1551 5362 τὰ

47 5400 298 5453 ωτότοκα
327 5400 600 5467 Αἰγύπτου
633 5400 897 5464 πατάξας,
933 5402 1028 5454 καὶ
1050 5401 1250 5471 Φαραὼ
1275 5417 1550 5454 καταπον-

49 5507 127 5552 ιας
167 5491 259 5544 τὸν
301 5491 562 5561 τύραννον
586 5505 602 5520 ·
645 5491 1017 5546 ὑποτάσσεται
1063 5491 1120 5545 δὲ
1156 5495 1270 5556 τοῖς
1301 5491 1550 5560 γονεῦσιν

62 5673 117 5747 ltl
151 5692 288 5747 Tim.
318 5710 352 5759 ι,
386 5693 468 5745 ΓΙ.
549 5696 568 5724 ⁵
599 5696 727 5750 Luc.
761 5713 820 5756 ll,
849 5696 942 5750 ‘29..

1637 469 1949 524 saeculorum
1967 469 2012 536 ‘,
2049 469 2316 524 Salvatori
2335 471 2575 526 Christo.
2611 473 2703 528 Ait
2717 476 2920 545 quippe
2937 480 3187 550 evangeli
3203 509 3219 521 ς

1637 571 1720 617 sta
1751 562 1946 628 Lucas,
1992 572 2119 632 post
2145 563 2470 634 legislatoris
2499 579 2567 618 ex
2603 566 2738 637 legis
2767 570 2982 624 ratione
3023 581 3215 628 octava

1637 652 1726 707 die
1782 653 2256 708 circumcisionem
2296 672 2309 708 :
2343 655 2636 726 Postquam
2671 659 2878 728 impleti
2931 671 3054 716 sunt
3101 664 3215 718 dies

1635 747 1967 816 purgationis
1983 763 2164 801 eorum
2182 749 2464 802 secundum
2481 749 2644 819 legem
2672 751 2868 820 Moysia
2885 754 2926 806 ⁵.
2944 754 3216 824 Purgatie-

1638 838 1725 891 nis
1775 837 1983 906 utique,
2015 847 2129 892 tum
2182 839 2383 905 Mariae,
2429 849 2542 894 tum
2585 840 2828 905 infantis,
2861 845 3090 914 ejusque
3118 845 3213 915 qui

1637 937 1793 998 pater
1837 929 2252 983 existimabatur
2295 945 2443 991 esse,
2498 946 2697 999 nempe
2743 931 2988 1002 Josephi.
3031 933 3213 988 Caete-

1638 1036 1760 1074 rum
1807 1029 2042 1091 stupens
2073 1022 2140 1075 ad
2163 1022 2331 1076 verba
2365 1023 2502 1087 htec,
2541 1023 2596 1076 in
2631 1024 2778 1077 hunc
2807 1025 3032 1078 modum
3057 1041 3214 1078 com-

1637 1116 1954 1184 pellaverim
2001 1117 2376 1172 admirabilem
2428 1117 2650 1173 Lucam.
2679 1118 2818 1182 Quid
2855 1119 2954 1184 ais,
2989 1135 3028 1173 o
3056 1120 3214 1174 beate

1639 1206 1782 1259 Luca
1815 1204 1838 1258 ?
1871 1207 2088 1262 Videris
2130 1208 2332 1262 oblitus
2364 1222 2579 1272 eorum,
2621 1225 2743 1278 qua:
2784 1211 3040 1278 superius
3074 1210 3211 1264 scri-

1636 1313 1844 1368 pseras.
1879 1298 2014 1352 Nam
2058 1299 2343 1353 dissonant
2372 1300 2468 1354 abs
2503 1310 2556 1353 te
2591 1302 2756 1354 modo
2818 1302 2984 1355 dicta.
3018 1302 3212 1356 Nonne

1635 1389 1690 1442 in
1736 1389 2044 1458 Evangeliis
2085 1391 2330 1445 divinum
2373 1391 2680 1445 Gabrielem
2712 1393 2950 1455 inducis,
2999 1393 3052 1444 in
3095 1395 3213 1446 hanc

1633 1479 1819 1539 verba,
1871 1477 1964 1532 Dei
2009 1479 2340 1533 Genitricem
2375 1493 2441 1534 ac
2487 1482 2886 1535 sanctissimam
2932 1482 3212 1551 Virginem

1631 1568 1887 1622 aﬂantem
1910 1570 1933 1620 ?
1962 1567 2191 1637 Spiritus
2218 1579 2432 1623 sanctus
2459 1573 2783 1638 superveniet
2802 1573 2858 1624 in
2879 1580 2946 1635 te,
2981 1581 3028 1624 et
3047 1574 3213 1626 virtus

1633 1657 1893 1712 ditissimi
1937 1657 2264 1710 obumbrabit
2302 1657 2442 1710 tibi?
2475 1659 2590 1722 Qua
2638 1673 2768 1728 ergo
2807 1659 3038 1723 ratione,
3091 1673 3213 1726 quas

1636 1764 1713 1803 οι·
1763 1743 1976 1818 Spiritu
2018 1757 2338 1811 sancto,.ac
2369 1748 2635 1802 Altissimi
2677 1749 2882 1804 virtute
2929 1751 3208 1819 concepit,

1637 1854 1750 1896 non
1795 1851 1928 1893 vero
1961 1840 2263 1893 secundum
2293 1839 2466 1908 legem
2511 1841 2768 1893 humanae
2811 1841 3207 1910 conceptionis,

1637 1932 1959 2002 purgatione
1990 1931 2150 2000 eget?
2179 1930 2464 1996 Quomodo
2491 1938 2698 1994 autem,
2731 1945 2853 1998 qua:
2887 1945 2954 1983 eo
2985 1931 3212 1998 impleta

1635 2023 1759 2088 fuit,
1801 2023 1894 2092 qui
1943 2032 2194 2077 naturam
2239 2037 2456 2077 omnem
2493 2031 2605 2075 tum
2654 2022 2829 2075 oculis
2877 2022 3206 2090 subjectum,

1637 2125 1752 2170 tum
1797 2132 1906 2170 non
1942 2116 2330 2184 aspectabilem
2389 2114 2714 2176 sanctiﬁcat,
2748 2113 2988 2182 Spiritus
3033 2112 3211 2166 sancti

1637 2220 1832 2273 expers
1883 2204 2164 2258 exsistit?
2207 2203 2309 2268 Qui
2335 2204 2578 2265 domum,
2638 2216 2802 2271 quam
2866 2201 3214 2255 obumbravit

1637 2296 1814 2350 virtus
1857 2295 2146 2358 Altissimi,
2188 2310 2301 2349 non
2333 2295 2482 2349 omni
2515 2295 2780 2348 munditia
2809 2308 2873 2346 ac
2921 2293 3212 2346 sanctitate

1637 2387 1797 2456 plena
1831 2386 1946 2440 sit?
1975 2385 2173 2440 Verum
2199 2401 2321 2454 quae
2357 2393 2662 2453 sequuntur
2691 2384 2855 2437 verba
2878 2382 3207 2450 archangeli,

1633 2477 1817 2532 dictis
1844 2477 2169 2531 terribiliora
2203 2485 2362 2539 sunt;
2392 2477 2468 2528 ait
2499 2476 2681 2528 enim:
2714 2474 2781 2526 Et
2805 2474 2921 2527 ideo
2946 2474 3084 2542 quod
3109 2489 3210 2526 na-

1635 2576 1810 2621 scetur
1831 2583 1896 2621 ea:
1915 2575 1964 2618 te
1982 2574 2244 2630 sanctum,
2269 2565 2434 2618 Filius
2466 2565 2564 2617 Dei
2595 2564 2886 2617 vocabitur.
2919 2563 3052 2628 Quis
3081 2577 3212 2634 ergo

1639 2659 1732 2712 ubi
1756 2659 1874 2713 haec
1896 2673 2074 2727 nuper
2097 2672 2162 2712 ex
2186 2665 2239 2711 te
2259 2656 2523 2719 audisset,
2558 2671 2705 2710 nunc
2733 2655 2929 2710 iterum
2968 2656 3210 2710 claman-

1592 2755 1598 2762 '
1639 2757 1750 2802 tem
1781 2749 2030 2812 audiens,
2060 2748 2348 2818 Postquam
2377 2747 2582 2815 impleti
2599 2756 2720 2799 sunt
2748 2746 2860 2800 dies
2884 2749 3212 2817 purgationis

1638 2851 1818 2890 eorum
1843 2837 2011 2908 [vulg.
2039 2837 2198 2909 ejus],
2227 2851 2336 2891 non
2361 2836 2558 2890 merito
2592 2845 2838 2906 stupens,
2861 2841 2924 2891 te
2953 2837 3213 2892 accuset?

1631 2925 1924 2995 Siquidem
1951 2926 2098 2981 enim
2122 2925 2360 2996 Spiritus
2381 2935 2604 2980 sanctus
2635 2925 2909 2997 Virginem
2943 2927 3206 2996 implevit,

1639 3032 1704 3071 ac
1725 3018 1988 3072 Altissimi
2029 3019 2200 3072 virtus
2242 3032 2408 3085 super
2446 3033 2565 3071 eam
2609 3018 2976 3084 obumbravit,
3033 3020 3212 3088 quod-

1637 3120 1746 3178 que
1789 3118 1982 3163 natum
2027 3116 2113 3162 est
2162 3109 2219 3161 in
2259 3121 2354 3172 ea,‘
2378 3106 2473 3162 Dei
2523 3107 2740 3176 quidem
2769 3108 2952 3165 Filius
3000 3109 3215 3164 exsistit

1638 3208 1768 3254 ante
1806 3187 2003 3253 saecula
2034 3216 2048 3263 ;
2090 3213 2237 3253 nunc
2287 3214 2420 3254 vero
2459 3199 2622 3253 etiam
2655 3200 2947 3263 vocabitur,
3001 3203 3215 3256 ratione

1639 3291 2036 3345 incarnationis
2067 3307 2082 3355 ;
2133 3291 2425 3359 quomodo,
2483 3307 2605 3358 quae
2644 3292 2842 3346 divinae
2877 3308 2940 3346 ac
2975 3294 3214 3361 consub-

1640 3381 1916 3435 stantialis
1955 3379 2236 3433 Trinitalis
2281 3379 2398 3432 fuit
2435 3381 2630 3434 enecta
2662 3381 2958 3448 particeps,
3009 3383 3214 3436 nedum

1639 3486 1751 3524 non
1787 3469 2002 3524 deﬁciet
2047 3470 2411 3524 sanctitudine
2433 3483 2495 3522 ac
2540 3469 2795 3537 puritate,
2830 3471 2961 3538 quin
2985 3481 3038 3526 et
3059 3487 3216 3526 crea-

1643 3572 1824 3618 towm
1861 3559 2224 3626 universitati,
2268 3559 2656 3614 sanctitudinis
2685 3575 2749 3615 ac
2783 3561 3040 3631 puritatis
3080 3577 3214 3618 con-

1643 3651 1878 3706 ciliatrix
1903 3649 2168 3704 exsistet?

1715 3855 1853 3921 Quid
1897 3870 2027 3908 vero
2071 3855 2151 3908 ad'
2187 3855 2302 3909 haec
2343 3854 2720 3926 evangelista?
2765 3855 3215 3930 Haudquaquam,

1647 3947 1846 4016 inquit,
1891 3947 2092 4000 oblitus
2137 3961 2256 3999 sum
2302 3961 2488 4000 eorum
2530 3963 2651 4012 qum
2697 3948 2807 4002 dixi
2838 3951 3127 4018 superius:
3164 3960 3220 4006 at

1645 4053 1825 4106 neque
1850 4039 1960 4107 jam
1993 4045 2119 4090 ante
2161 4037 2342 4100 dictis,
2373 4053 2493 4106 quae
2533 4039 2694 4092 modo
2725 4041 2856 4104 dixi,
2883 4042 3066 4095 minus
3088 4059 3221 4097 con-

1645 4139 1779 4183 sona
1833 4136 1980 4183 sunt.
2038 4127 2316 4197 Siquidem
2384 4129 2528 4182 enim
2578 4129 2824 4184 divinum
2867 4132 3102 4188 Verbum
3159 4135 3219 4191 in

1647 4220 1847 4276 divinis
1867 4219 2089 4274 omnino
2110 4219 2400 4274 mansisset
2422 4221 2867 4288 snblimitatibus,
2900 4239 3003 4279 nec
3025 4239 3220 4296 sponte

1649 4325 1744 4365 sua
1767 4310 1832 4364 ad
1870 4317 2111 4363 nostram
2146 4323 2204 4361 se
2225 4307 2588 4362 humilitatem
2631 4309 2893 4364 inclinare
2936 4312 3216 4381 voluisset,

1646 4403 1840 4458 merito
1863 4417 2006 4455 nunc
2025 4416 2122 4455 vos
2163 4401 2598 4470 perturbassent,
2623 4415 2742 4470 quae
2768 4417 2797 4454 a
2822 4419 2908 4457 me
2927 4402 3214 4460 dicuntur:

1645 4492 1730 4546 sin
1777 4502 1980 4551 autem,
2030 4505 2154 4544 cum
2194 4490 2338 4544 Deus
2391 4500 2558 4555 esset,
2601 4505 2664 4544 ac
2706 4507 2900 4560 expers
2949 4495 3214 4562 corporis,

1644 4597 1843 4651 corpus
1865 4582 2087 4652 quidem
2121 4582 2304 4635 anima
2341 4582 2568 4636 rationis
2594 4599 2657 4637 ac
2689 4584 2996 4639 intellectus
3046 4585 3218 4641 facul-

1645 4681 1755 4728 tate
1795 4669 2019 4742 praedita
2056 4674 2355 4726 animatum
2384 4713 2399 4738 ,
2445 4689 2510 4726 ex
2549 4674 2775 4741 innupta
2821 4675 2997 4742 puella
3041 4677 3218 4731 nostri

1646 4779 1809 4820 causa
1848 4763 2045 4827 induit,
2079 4779 2142 4817 ac
2169 4763 2510 4832 virginalem,
2543 4764 2636 4830 qui
2663 4765 2845 4818 omnia
2888 4767 3095 4835 implet,
3132 4767 3219 4822 in-

1650 4852 2063 4920 circumscripta
2117 4853 2330 4906 ratione
2357 4851 2626 4905 inhabitat
2665 4861 2879 4906 uterum
2909 4873 2921 4906 :
2962 4863 3123 4923 atque
3150 4856 3218 4921 is,

1649 4945 1741 5014 qui
1772 4953 1856 5000 est
1888 4944 2101 4999 saeculis
2145 4944 2457 5012 antiquior;
2488 4944 2733 5012 quinimo
2766 4945 3016 5000 conditor
3044 4961 3220 5000 sacu-

1649 5037 1848 5101 lorum,
1881 5035 1936 5089 in
1971 5033 2214 5104 tempore
2250 5036 2510 5101 nascitur,
2530 5043 2753 5104 propter
2784 5052 2876 5090 cos
2910 5036 3000 5106 qui
3034 5047 3221 5093 essent

1650 5129 1753 5184 sub
1779 5136 2023 5196 tempore
2051 5144 2064 5181 :
2110 5125 2295 5182 Matris
2325 5127 2564 5198 Virginis
2596 5128 2738 5180 nlnis
2771 5129 3104 5197 astringitur,
3127 5128 3221 5199 qui

1652 5219 1807 5273 sedet
1839 5232 2014 5286 super
2041 5216 2335 5271 Cherubim
2366 5234 2379 5270 :
2409 5217 2548 5270 laete
2584 5218 2845 5282 nutritur,
2889 5217 2979 5288 qui
3023 5203 3222 5276 creatis

1651 5310 1926 5364 universis
1949 5309 2110 5364 vitam
2136 5308 2359 5378 largitur
2386 5325 2398 5362 :
2429 5309 2483 5361 in
2506 5307 2794 5378 Egyptum
2815 5325 3030 5378 quoque
3057 5308 3223 5364 llero-

1653 5403 1775 5457 dem
1821 5400 1977 5471 fugit,
2036 5399 2128 5470 qui
2165 5398 2435 5468 percussit
2482 5387 2835 5469 primogenita
2873 5396 3108 5467 z’Egypti,
3157 5414 3225 5457 ae

1655 5505 1942 5567 tyrannum
1977 5495 2316 5551 Pharaonem
2349 5491 2643 5547 submersit
2670 5511 2682 5545 :
2711 5490 2996 5561 subjicitur
3021 5503 3226 5561 paren-
