3736 6308
31 279 54 344 Ι
1172 277 1433 343 SERMO
1463 277 1547 338 IN
1586 275 2024 339 SYMEONEM.

3103 285 3239 356 157‘

63 391 105 460 ἡ
137 388 366 443 τούτου
401 388 656 459 ἄσπορος
685 386 957 458 γέννησις.
1007 384 1084 440 ού
1136 384 1247 457 γάρ
1296 385 1562 457 διήνοιξεν

1714 386 1829 441 stit.
1862 385 2075 443 Nedum
2102 386 2251 442 enim
2292 398 2456 447 natus
2491 406 2601 447 non
2635 393 2853 464 spernit
2884 395 3098 453 vulvam
3138 415 3240 469 pro

31 480 220 552 νηθεὶς
276 483 467 553 μόνον
499 480 599 552 τήν
630 481 848 552 μήτραν
876 478 1018 533 κατὰ
1042 478 1169 542 τοὺς
1196 478 1418 543 λοιποὺς
1449 479 1562 553 τῶν

31 572 287 626 κῦπων·
329 570 491 626 ἀλλά
536 572 632 624 καὶ
681 570 1081 640 κεκλεισμένην
1126 567 1229 639 τῆς
1261 568 1562 639 παρθενίας

36 662 241 735 πύλην
286 664 635 728 κατέλιπεν,
668 662 813 716 κατά
848 662 941 715 τὸν
968 661 1258 732 προφήτην
1301 661 1563 733 Ἰεζεκιὴλ

31 754 293 809 είπόντα
314 771 331 787 ·
366 756 493 809 Kal
517 751 690 809 εἶπέν
704 770 808 822 μοι
827 754 1046 822 Κύριος
1060 770 1075 786 ο
1102 753 1198 806 m
1220 752 1559 821 ἀνθρώπων,

37 848 175 915 ὐλη
230 846 416 916 αὕτη
470 844 871 914 κεκλασμένη
911 845 1108 899 ἔσται.
1169 844 1383 912 Οὐδείς
1433 847 1562 899 εισ-

31 940 261 992 5σεται
305 938 394 994 δι’
431 936 630 1006 αὐτῆς
662 936 759 990 καί
789 936 1177 1001 ἐξελεύσεται
1199 951 1214 966 ⁶
1252 935 1353 990 καί
1389 935 1562 991 ἔσται

31 1028 388 1098 λεισμένη.
452 1028 582 1092 Πῶς
623 1022 717 1082 οῦν
747 1028 841 1081 ἐπὶ
886 1025 982 1079 τοῦ
1026 1024 1103 1097 μὴ
1152 1023 1562 1092 διανοίξαντος,

93 1117 598 1189 ὲσφραγισμένην
648 1116 750 1187 τὴν
792 1112 969 1185 πύλην
1021 1112 1441 1176 καταλιπόντος,
1491 1111 1564 1166 τά

41 1208 172 1263 τῶν
223 1209 640 1277 διανοιγόντων
681 1205 1119 1277 νομοθετηθέντα
1163 1204 1440 1276 προϐῆναι
1468 1204 1564 1259 δυ-

31 1313 219 1364 εται;
268 1295 437 1349 Ἀλλ’
488 1294 613 1347 οῦτε
666 1295 822 1363 ἅγιον
874 1291 972 1346 νῦν
1020 1292 1253 1364 πρώτως
1297 1292 1563 1363 κληθῆναι

31 1402 220 1450 ςεται,
249 1385 321 1437 τὸ
349 1384 457 1437 καὶ
483 1382 588 1454 πρὸ
617 1382 717 1453 τῆς
748 1381 1063 1452 συλλήψεως
1090 1380 1283 1451 ἅγιον,
1305 1383 1401 1434 καὶ
1432 1382 1563 1448 mc

32 1474 103 1539 ὗ,
141 1475 319 1545 παρὰ
352 1492 421 1527 τε
453 1473 550 1527 τοῦ
581 1473 796 1544 Πατρὺς
824 1471 1033 1527 καὶτοῦ
1059 1473 1218 1541 ἁγίου
1245 1472 1563 1543 Πνεύματος

31 1564 453 1634 πυρούμενον.
500 1562 640 1616 Ἀλλ’
663 1561 998 1625 ἀκολούθως,
1031 1563 1127 1616 καὶ
1154 1560 1328 1615 ταῦτα
1359 1563 1561 1632 πρέπει

31 1654 140 1708 τοῦ
176 1654 467 1725 Σωτῆρος
504 1654 808 1726 οἰκονομίᾳ.

1662 491 1815 531 more
1859 476 2195 548 reliquorum
2228 479 2547 549 hominum,
2593 486 2727 553 quin
2777 487 2946 541 etiam
2998 489 3238 547 clausam

1662 566 1987 638 virginitatis
2012 578 2226 639 portam
2281 571 2532 641 reliquit,
2577 576 2729 645 juxta
2775 578 2921 646 quod
2973 582 3240 650 propheta

1662 655 1913 713 Ezechiel
1930 659 2064 714 dixit
2095 678 2109 714 :
2141 659 2211 714 Et
2233 664 2367 715 dixit
2396 665 2523 717 mihi
2545 663 2797 720 Dominus
2821 684 2840 722 .'
2865 666 2972 722 Fili
2994 671 3245 737 hominis,

1658 760 1817 814 porta
1845 752 1956 805 luet:
1988 751 2173 807 clausa
2205 754 2325 807 erit.
2351 753 2519 809 Nemo
2540 772 2640 825 per
2663 773 2783 811 eant
2818 761 3161 831 ingredietur,
3191 774 3243 815 et

1661 843 1958 912 egredietur
1986 858 2006 896 :
2043 853 2092 897 et
2136 846 2238 900 erit
2284 845 2469 900 clausa
2515 849 2578 901 ⁸⁸.
2616 848 2731 914 Qua
2765 866 2896 923 ergo
2941 856 3152 910 ratione
3186 856 3241 910 in

1664 930 1731 987 iis
1760 935 2058 990 constituta
2084 937 2175 1006 qui
2204 939 2480 1009 aperiunt,
2514 941 2567 993 in
2590 957 2656 994 eo
2685 943 2900 1011 possint
2924 947 3242 1012 procedere,

1660 1024 1758 1092 qui
1788 1039 1901 1078 non
1936 1027 2174 1095 aperuit,
2206 1030 2301 1084 sed
2339 1030 2576 1085 clausam
2608 1039 2819 1100 portam
2858 1033 3116 1103 reliquit?
3165 1035 3244 1092 Ac

1664 1128 1845 1184 neque
1884 1130 2032 1171 nunc
2070 1117 2306 1187 primum
2333 1134 2473 1189 opus
2516 1120 2741 1176 habebit
2775 1131 3024 1177 sanctum
3053 1126 3243 1193 appel-

1663 1202 1780 1270 lari,
1815 1206 1960 1275 quod
1998 1216 2127 1261 ante
2156 1208 2320 1262 etiam
2365 1212 2781 1281 conceptionem
2804 1252 2820 1277 ,
2866 1212 3147 1279 Sanctum,
3180 1231 3244 1270 ac

1665 1294 1761 1347 Dei
1788 1294 1981 1361 Filius,
2039 1312 2162 1351 cum
2195 1299 2400 1364 Patris,
2459 1310 2572 1355 tum
2603 1302 2841 1370 Spiritus
2882 1307 3055 1360 sancti
3092 1306 3244 1361 testi-

1662 1383 1868 1449 monio,
1909 1384 2011 1439 fuit
2038 1386 2394 1442 declaratum.
2440 1388 2733 1444 Enimvero
2768 1391 2884 1446 haec
2912 1395 3074 1448 etiam
3107 1412 3244 1451 con-

1661 1473 1912 1542 sequenti
1949 1474 2162 1529 ratione
2192 1476 2553 1540 Salvatorem,
2606 1495 2707 1548 pro
2743 1482 2864 1550 ejus
2910 1486 3240 1551 oeconomia,

1661 1578 1729 1619 ac
1754 1579 1860 1632 qua
1896 1564 2107 1620 ratione
2144 1580 2204 1620 se
2229 1566 2392 1621 nobis
2423 1567 2799 1624 incarnatione
2823 1571 3242 1638 iuclinavit,de-

1663 1660 1811 1709 cent.

31 1747 111 1800 Cal
158 1742 241 1802 οὗ
286 1745 519 1800 δοῦναι
569 1746 792 1798 θυσίαν
824 1743 974 1798 κατὰ
1022 1744 1090 1797 τὸ
1133 1741 1449 1813 εἲρημένον
1487 1743 1558 1796 ἐν

1732 1743 1801 1797 Et
1814 1754 1869 1797 ut
1883 1745 2069 1798 darent
2080 1746 2306 1800 hostiam
2325 1750 2610 1804 secundum
2623 1752 2763 1820 quod
2774 1752 2970 1807 dictum
2983 1764 3058 1808 est
3071 1755 3125 1808 in
3136 1756 3242 1826 lege

32 1855 90 1903 ίῳ
126 1838 383 1905 Kvplov
411 1853 428 1866 '
455 1834 659 1905 ζεῦγος
687 1837 1012 1904 τρυγόνων,
1047 1835 1087 1902 ἢ
1116 1834 1226 1888 δύο
1255 1834 1559 1901 νεοσσοὺς

32 1927 350 1996 νιστρρῶν.
414 1929 600 1980 Πάντα
638 1926 874 1995 ἁρμόδια
916 1925 985 1994 τῇ
1034 1924 1132 1977 τοῦ
1180 1924 1435 1995 Σωτῆρος
1476 1925 1557 1977 ol-

31 2023 212 2091 ομικῇ
246 2017 595 2073 καταϐάσει.
629 2012 813 2069 Ἦσαν
851 2015 951 2085 μὲν
984 2014 1095 2085 γὰρ
1133 2016 1228 2069 καὶ
1256 2015 1410 2068 ἄλλαι
1438 2017 1560 2079 ταῖς

31 2110 270 2173 τούσαις
303 2108 772 2177 πολυτελέστεραι
817 2105 1309 2176 νενομοθετημέναι
1353 2104 1557 2172 θυσίαι,

31 2217 43 2250 ρ
80 2198 178 2252 διὰ
228 2197 546 2269 προϐάτων
599 2196 694 2247 καὶ⁵
738 2194 914 2249 ἄλλων
963 2192 1158 2247 τινῶν·
1210 2193 1325 2246 ἀλλ’
1369 2190 1561 2265 ἐπειδὴ

31 2309 86 2345 ιν
116 2293 186 2344 τὸ
222 2290 335 2360 τῆς
372 2288 847 2359 ὲνανθρωπήσεως
874 2286 1173 2357 μυστήριον
1214 2284 1304 2338 διά
1343 2285 1562 2338 ἀνεικά-

33 2400 66 2434 υ
100 2380 601 2451 συγκατασάσεως
626 2378 851 2447 γέγονεν
867 2395 881 2408 ο
902 2376 1215 2440 ἀκολούθως
1232 2378 1327 2429 καὶ
1344 2377 1411 2429 τὰ
1432 2378 1560 2448 περὶ

31 2477 233 2541 ,γόνων
248 2473 353 2526 καὶ
369 2470 711 2540 περιστερῶν
742 2467 1212 2539 νενομοθετημένα
1240 2466 1356 2530 νῦν,
1371 2467 1562 2520 τεθέα-

35 2604 50 2617 .
79 2564 203 2617 Καὶ
229 2560 426 2623 καλῶς
447 2563 475 2614 ὁ
503 2558 787 2621 θεσπέσιος
810 2557 1021 2621 Παῦλος
1056 2558 1233 2611 πάντα
1261 2560 1326 2627 τῇ
1352 2557 1562 2628 διανοίᾳ

31 2650 300 2715 οιλαὸὼν,
342 2646 727 2717 ἐκπληκτικῶς
774 2646 1100 2716 ἀνεόόησενο
1142 2647 1246 2710 Ὃς
1289 2644 1362 2697 δι’
1404 2643 1562 2713 ἡμᾶς

31 2743 386 2811 τώχευσεν,
418 2739 715 2804 πλούσιος
745 2736 852 2800 ὢν,
883 2737 985 2791 ἵνα
1010 2736 1181 2806 ἡμεῖς
1228 2734 1303 2803 τῇ
1324 2736 1562 2791 ἐκείνου

31 2834 228 2901 ωχείςι
272 2829 747 2899 πλουτήσωμεν.
780 2828 925 2900 Πλὴν
954 2828 1038 2880 ὅτι
1078 2829 1173 2881 καὶ
1204 2827 1265 2880 τὸ
1303 2827 1563 2899 φαινόμε-

31 2944 65 2987 ρ,
104 2926 216 2978 οὐκ
250 2921 559 2993 ἀσυντελῆς
594 2920 731 2992 πρὸς
766 2920 827 2973 τὸ
861 2920 1159 2991 μυστήριον
1202 2921 1236 2989 ή
1276 2918 1563 2991 προσφορά

31 3015 48 3069 i
95 3014 323 3086 Κυρίου
374 3012 691 3083 ἐτύγχανεν.
729 3013 794 3065 Al
845 3010 1084 3103 μὲνᾲγάρ
1130 3009 1413 3103 τρυγόνες,
1460 3008 1560 3103 τὴν
1585 3042 1632 3103 c

31 3108 339 3179 οφροσύνην
384 3104 480 3159 καὶ
504 3105 604 3177 τὴν
651 3103 871 3173 ἁγνείαν
908 3101 1009 3172 τῆς
1038 3098 1429 3171 ’Δειπαρθένου
1463 3100 1559 3152 καὶ

33 3198 237 3251 οτόκου
274 3194 574 3266 ἐσήμαινον
597 3211 611 3226 ·
636 3196 693 3249 al
730 3194 785 3247 δὲ
809 3190 1133 3262 περιστεραὶ
1181 3188 1281 3261 ⁴ιλήν
1307 3189 1386 3253 εἰς
1413 3189 1560 3258 ἡμᾶς

39 3305 175 3341 ατον
215 3285 657 3357 φιλανθρωπίαν,
688 3285 782 3337 καὶ
815 3283 911 3354 τὴν
940 3284 1005 3334 ἐκ
1048 3280 1368 3350 Πνεύματος
1397 3279 1559 3348 ἁγίου

33 3377 290 3446 ιονομίαν
316 3375 419 3444 τῆς
449 3374 745 3443 κυοφορίας
775 3373 1015 3443 ἐδήλουν.

36 3468 150 3520 Καὶ
176 3464 318 3519 Ιεοὺ
336 3461 411 3535 ἦν
437 3463 746 3532 ἄνθρωπος
764 3463 833 3516 ἐν
865 3459 1281 3530 Ἰερουσαλὴμ,
1306 3452 1355 3527 ᾦ
1377 3458 1564 3526 ὄνομα

33 3557 224 3627 ψεών
248 3574 263 3588 ⁸
297 3555 398 3609 καὶ
433 3558 466 3609 ό
497 3556 807 3623 ἅνθρωπος
842 3549 1038 3620 οὗτος,
1070 3552 1300 3617 δίκαιος
1330 3550 1428 3604 καὶ
1462 3550 1564 3603 εὑ·-

35 3646 189 3712 νόής.
257 3646 536 3716 ’Δρκεῖται
584 3646 807 3715 ῥήματα
843 3642 940 3697 τοῦ
980 3640 1394 3710 εὐαγγελιστοῦ,
1428 3639 1565 3709 πρὸς

64 3736 429 3807 παραστῆσαι
460 3735 557 3805 τὴν
586 3734 680 3787 τοῦ
711 3733 937 3803 Συμεὼν
974 3733 1256 3801 ἀγιότητα.
1306 3729 1565 3797 Προσδο-

36 3828 238 3894 Sper-oc
283 3824 672 3893 παράκλησιν
704 3824 811 3877 τοῦ
852 3821 1130 3889 Ἰσραήλ·
1168 3820 1348 3887 Ὅπερ
1396 3816 1564 3888 ¹ἡγοῦ-

35 3934 74 3967 ιι
108 3914 429 3984 σημαίνειν,
460 3912 871 3983 φιλανθρωπίαν
900 3910 1118 3964 ἔσεσθαι
1167 3910 1232 3961 ὲκ
1270 3905 1407 3960 Θεοῦ
1440 3905 1566 3975 μέλ·

36 4022 179 4059 υσαν
231 4004 314 4075 τῷ
372 4005 615 4076 Ἰσραήλ.
671 4005 741 4055 Ἢ
787 4001 884 4057 καὶ
925 4000 1100 4063 ἄλλως
1149 4016 1285 4062 πως.
1348 3995 1565 4067 Ἐπειδὴ

37 4114 85 4166 ιρ
128 4096 352 4167 Ἰσραὴλ
376 4096 523 4162 νοῦς
551 4094 706 4163 ὀρῶν
733 4094 879 4160 θεὸς
908 4092 1271 4164 ἑρμηνεύεται
1290 4105 1304 4120 ·
1350 4086 1566 4142 ἐπένθει

62 4186 277 4256 νοητῶς
328 4188 438 4250 πᾶς
478 4186 603 4250 νοῦς
637 4184 995 4256 θεωρητικὸς,
1044 4184 1134 4237 διὰ
1162 4182 1260 4253 τὴν
1293 4186 1568 4251 κρατήσα-

37 4294 80 4328 ιν
116 4277 331 4347 πλάνην
366 4277 465 4346 τῆς
497 4274 771 4344 ἀγνωσίας
798 4274 925 4338 τοὺς
952 4271 1274 4345 ἀνθρώπους
1294 4286 1308 4301 ·
1340 4270 1567 4332 εἰκότως

1663 1834 1906 1899 Domini;
1926 1846 2328 1903 parturturum,
2347 1848 2441 1891 aut
2457 1847 2588 1893 duos
2603 1841 2777 1910 pullos
2790 1843 3154 1897 columbarum
3174 1845 3239 1900 “.

1659 1923 1981 1994 Congruunt
2012 1924 2218 1990 omnia,
2245 1926 2345 1992 illi,
2381 1943 2546 1997 quam
2586 1943 2645 1983 se
2680 1931 2839 1985 nobis
2872 1930 3120 1987 Salvator
3153 1935 3242 1988 in-

1660 2011 1935 2077 clinando,
1968 2012 2435 2082 dispensationem
2467 2016 2656 2085 gessit.
2687 2016 2819 2071 Nam
2848 2030 3005 2074 erant
3023 2022 3244 2088 quidem

1660 2104 1826 2158 etiam
1868 2105 2223 2175 pretiosiores
2262 2107 2456 2161 hostiw
2480 2108 2599 2162 alia:
2629 2110 2966 2178 parientibus
2992 2113 3244 2180 praescri-

1660 2203 1801 2264 ptaa;
1843 2204 1972 2264 puta
2005 2210 2104 2265 per
2142 2211 2306 2261 oves,
2336 2212 2399 2251 ac
2441 2197 2689 2266 quaedam
2726 2199 2871 2254 alia:
2902 2201 3028 2269 quia
3062 2210 3243 2256 tamen

1662 2287 1981 2342 universum
2038 2287 2439 2343 lncarnationis
2494 2291 2859 2360 mysterium,
2917 2292 3243 2347 immensam

1660 2378 1950 2446 quamdam
1976 2378 2391 2434 inclinationem
2418 2381 2627 2447 habuit,
2650 2381 2708 2436 ei
2752 2394 3120 2438 consentanee
3146 2385 3242 2440 ha-

1662 2468 1847 2523 bentia
1883 2469 2045 2523 modo
2079 2470 2244 2524 etiam
2275 2479 2497 2525 ostensa
2526 2480 2675 2538 sunt,
2703 2488 2823 2541 qua:
2844 2474 2911 2529 de
2938 2476 3245 2530 turtur-ibus

1661 2574 1725 2612 ac
1758 2558 2026 2613 columbis
2057 2569 2218 2612 erant
2250 2561 2367 2631 lege
2393 2562 2728 2631 praescripta.
2762 2561 2909 2617 Bene
2938 2573 3119 2618 autem
3148 2566 3242 2619 ad-

1662 2649 1926 2703 mirabilis
1965 2648 2183 2709 Paulus.
2219 2651 2405 2704 animo
2435 2661 2633 2706 cuncta
2659 2654 3030 2722 complectens
3054 2694 3068 2717 ,
3123 2664 3243 2709 stu-

1662 2753 1795 2807 pore
1824 2739 2147 2793 exclamavit
2177 2758 2191 2792 :
2219 2738 2448 2808 Propter
2477 2758 2569 2795 nos
2594 2757 2785 2811 egenus
2805 2742 2980 2812 factus
3004 2728 3102 2805 est,
3124 2761 3242 2798 cum

1663 2836 1794 2880 esset
1828 2828 1968 2880 dives
1994 2868 2009 2891 ,
2050 2838 2106 2879 ut
2136 2828 2280 2881 illius
2329 2846 2419 2882 nos
2468 2831 2649 2899 inopia
2697 2832 2879 2885 divites
2925 2848 3151 2887 essemus
3176 2835 3241 2889 ¹¹.

1662 2915 1958 2982 Caeterum,
1990 2919 2135 2987 quod
2169 2928 2223 2973 et
2257 2921 2435 2989 palam
2476 2938 2562 2975 res
2592 2922 2915 2990 praeferebat
2938 2964 2975 2991 ,.
3006 2923 3105 2977 fuit
3134 2924 3243 2976 Dn-

1664 3008 1867 3062 minica
1897 3008 2103 3063 oblatio
2149 3010 2295 3064 haud
2334 3011 2541 3065 inutilis
2586 3012 2652 3067 ad
2706 3014 3047 3083 mysterium.
3104 3015 3240 3069 Nam

1665 3106 1907 3155 turtures
1938 3100 2183 3170 quidem,
2216 3103 2536 3171 pudicitiam
2571 3118 2635 3157 ac
2664 3106 2976 3159 castitatem
3024 3119 3240 3174 semper

1661 3188 1904 3264 Virginis
1941 3207 2006 3247 ac
2038 3192 2132 3248 Dei
2181 3193 2478 3249 Genitricis
2508 3195 2924 3264 signiﬁcabant;
2978 3196 3246 3251 columba

1660 3292 1869 3342 autem.
1888 3283 2223 3339 ineﬂ‘abilem
2261 3286 2315 3338 in
2341 3301 2443 3339 nos
2470 3286 2561 3339 Dei
2588 3286 3246 3353 clementiam.quamque

1663 3371 1901 3441 Spiritus
1934 3382 2156 3427 sanctus
2181 3373 2568 3428 fecunditatem
2599 3374 2901 3442 dispensat,
2928 3388 2991 3425 ac
3027 3373 3174 3425 facit.

1733 3459 1803 3513 Et
1821 3476 1935 3514 ecce
1951 3460 2103 3513 homo
2122 3470 2237 3513 erat
2258 3463 2313 3513 in
2333 3461 2648 3523 Jerusalem,
2676 3462 2762 3513 cui
2781 3477 2968 3513 nomen
2986 3459 3241 3529 Symeon,

1663 3559 1711 3604 et
1741 3551 1894 3604 homo
1923 3551 2018 3604 iste
2046 3551 2229 3620 justus
2260 3561 2307 3605 et
2351 3552 2634 3606 timoratus
2669 3551 2733 3605 ¹³.
2778 3551 3065 3605 Sulliciuut
3093 3553 3243 3606 Scri-

1664 3651 1839 3711 pturaa
1883 3641 1999 3710 ipsa
2030 3642 2195 3696 verba
2225 3642 2291 3696 ad
2328 3642 2615 3713 Symeonis
2640 3642 3020 3697 declarandam
3052 3643 3247 3696 sancti-

1667 3742 1852 3787 tatem.
1889 3732 2214 3803 Exspectans
2246 3734 2653 3787 consolationem
2685 3733 2855 3787 Israel
2882 3749 2900 3786 :
2930 3734 3072 3803 quod
3115 3744 3246 3802 puto

1665 3821 1992 3892 signiﬁcare,
2019 3840 2180 3893 quam
2214 3825 2358 3880 Deus
2381 3824 2565 3879 lsraeli
2594 3824 2939 3879 clementiam
2972 3840 3037 3878 ac
3073 3825 3245 3879 beni-

1666 3911 1931 3981 gnitatem
1961 3912 2306 3966 exhibiturus
2335 3922 2471 3966 erat.
2501 3912 2613 3967 Aut
2663 3913 2828 3968 etiam
2871 3912 2975 3967 alia
3008 3914 3241 3971 ratione.

1666 4001 1805 4068 Quia
1839 4001 1987 4056 enim
2031 4001 2232 4067 Israel,
2286 4018 2428 4060 mens
2472 4002 2641 4057 Deum
2682 4003 2863 4056 videns
2914 4003 3243 4071 exponitur;

1668 4107 1826 4146 mens
1852 4101 2037 4146 autem
2075 4093 2256 4147 omnis
2282 4092 2734 4163 contemplationi
2780 4093 2965 4151 dedita
2985 4134 3000 4159 ,
3028 4096 3246 4165 spirita-

1668 4182 1794 4237 liter
1833 4183 2076 4252 lugebat,
2108 4193 2336 4253 propter
2363 4199 2607 4238 errorem
2630 4198 2694 4239 ac
2722 4184 3107 4255 ignorantiam,
3135 4201 3246 4254 quo

1669 4274 1961 4328 tenebatur
1992 4275 2291 4329 humanum
2332 4289 2546 4346 genus;
2599 4274 2800 4330 merito
2832 4275 3104 4346 Symeou,
3149 4275 3244 4346 qui

47 4368 280 4438 Συμεὼν
326 4366 533 4430 δίκαιος
580 4364 655 4420 ὢν
716 4365 809 4419 καὶ
863 4361 1185 4437 προφητικῷ
1238 4359 1562 4434 προόλέπων

1711 4369 1844 4416 ustus
1859 4372 2024 4425 esset,
2055 4377 2119 4416 ac
2135 4362 2454 4433 pr0phetico
2476 4378 2641 4418 sensu
2667 4365 3027 4433 prospiceret,
3054 4378 3246 4418 acces-

44 4457 241 4527 ήματι,
274 4456 537 4527 ἀνέμενεν
565 4458 664 4528 τὴν
691 4454 994 4527 μέλλουσαν
1026 4452 1245 4507 ἔσεσθαι
1275 4450 1560 4524 παράκλη-

40 4564 69 4600 ν
106 4548 187 4617 τῷ
225 4548 401 4618 νοητῷ
441 4546 674 4619 Ἰσραὴλ,
706 4546 795 4601 διά
820 4547 918 4617 τῆς
958 4544 1054 4599 τοῦ
1095 4543 1347 4615 Σωτῆρος
1379 4543 1563 4615 ἐπιδη-

39 4638 138 4701 εας.
167 4637 277 4691 Καί
320 4638 564 4706 Πνεῦμα
594 4638 766 4706 ἅγιον
798 4638 878 4707 ἦν
912 4636 1004 4690 ἐπ’
1044 4636 1225 4703 αὐτῷ.
1276 4636 1561 4707 Μακάριος

39 4768 53 4793 ,
88 4722 135 4780 ὧ
164 4726 469 4796 πρεσϐύτα,
497 4728 577 4781 ὄτι
603 4725 915 4797 Πνεύματος
939 4726 1361 4799 κατοικητήριον
1396 4723 1561 4796 ἠξιώ-

39 4837 86 4889 λς
114 4820 388 4887 γενέπθαι.

54 4911 165 4964 Kal
202 4906 283 4981 ἦν
317 4911 474 4976 αὑτῷ
504 4908 1063 4980 κεχρηματισμένον
1090 4909 1210 4965 ὑπὸ
1237 4906 1343 4962 τοῦ
1372 4906 1561 4960 Hreu-

41 5016 169 5066 ατος
207 5001 309 5056 τοῦ
352 5004 527 5073 ἁγίου
558 5001 646 5070 μὴ
679 5000 831 5056 ἰδεῖν
868 5000 1149 5066 θάνατον,
1181 4998 1323 5066 πρὶν
1351 4996 1430 5051 ἂν
1461 4996 1560 5065 ιδῃ

41 5090 96 5141 >ν
142 5090 399 5154 Χριστὸν
451 5090 695 5159 Κυρίου.
756 5091 871 5143 Ούκ
924 5085 1078 5143 εἷπον
1137 5086 1430 5157 ἀνωτέρω,
1480 5083 1563 5136 ὅτι

41 5180 311 5250 ροφητικῷ
337 5181 543 5251 ῦμματι
576 5183 839 5252 ἀνέμενεν
887 5182 915 5234 ὁ
944 5177 1257 5252 πρεσϐύτης
1286 5177 1387 5247 τὴν
1411 5174 1564 5244 παρά

41 5268 88 5321 ιῦ
144 5270 393 5341 Σωτῆρος
451 5273 834 5344 παράκλησιν;
896 5273 1027 5326 Ἰδοὺ
1076 5272 1254 5340 σαφὴς
1309 5268 1418 5321 τῶν
1457 5266 1564 5338 πρὸ

43 5357 185 5410 ›ύτου
225 5359 497 5431 ῥηθέντων
530 5360 824 5426 ἀπόδειξις.
885 5356 1274 5428 ’Δπεκαλύφθη
1326 5355 1436 5424 γὰρ
1485 5354 1563 5425 τῷ

44 5450 266 5522 ροφήτη,
297 5453 480 5523 φησὶν,
503 5451 579 5515 ὡς
601 5453 702 5505 οὑκ
727 5452 793 5505 ἂν
824 5451 1020 5519 φθάσοι
1042 5449 1135 5503 τοῦ
1168 5448 1284 5519 βίου
1310 5446 1371 5500 τὸ
1390 5443 1566 5510 τέλος,

1666 4466 1848 4506 suram
1886 4452 2239 4523 exspectabat
2280 4451 2513 4523 spiritali
2542 4452 2727 4508 lsraeli
2751 4493 2768 4521 ,
2815 4469 2913 4524 per
2947 4453 3247 4509 Salvatoris

1665 4545 1960 4599 advvntum
1990 4542 2443 4598 consolationem.
2478 4541 2545 4597 Et
2567 4541 2798 4613 Spiritus
2821 4552 3035 4597 sanctus
3053 4543 3245 4598 eratin

1665 4652 1745 4690 eo.
1777 4634 1974 4689 Beatus
2008 4649 2089 4698 es,
2124 4648 2158 4687 ο
2184 4648 2348 4688 senex
2374 4672 2393 4700 ,
2436 4632 2531 4704 qui
2562 4633 2735 4688 sancti
2766 4631 3003 4703 Spiritus
3035 4632 3245 4688 habita-

1667 4726 1848 4780 culum
1873 4723 2140 4779 merueris
2167 4723 2328 4778 ellici.

1737 4904 1807 4960 Et
1838 4918 2141 4974 responsum
2171 4908 2443 4971 acceperat
2470 4916 2503 4953 a
2533 4898 2742 4970 Spiritu
2765 4908 2950 4954 sancto
2970 4940 2987 4967 ,
3035 4916 3138 4954 non
3167 4902 3244 4955 vi-

1666 5010 1849 5048 surum
1882 5010 1937 5047 se
1970 5001 2209 5058 mortem,
2238 4992 2342 5043 nisi
2380 4990 2528 5059 prius
2555 4989 2753 5044 videret
2775 4989 3037 5046 Christum
3058 4990 3242 5044 Domi-

1665 5086 1721 5140 ni
1752 5084 1815 5139 “.
1865 5083 2059 5138 Nonne
2108 5083 2250 5137 bene
2301 5081 2555 5151 superius
2584 5080 2869 5145 dicebam,
2922 5082 3243 5151 prophetico

1664 5190 1856 5231 senem
1890 5175 2087 5229 obtutu
2121 5182 2443 5244 exspectare
2476 5171 2715 5227 futuram
2739 5186 2773 5226 a
2799 5169 3080 5226 Salvatore
3109 5186 3245 5225 con-

1665 5262 2028 5319 solationem?
2068 5263 2149 5318 En
2177 5262 2464 5333 perspicua
2495 5261 2649 5332 prius
2671 5259 2938 5315 dictorum
2969 5260 3239 5330 probatio.

1665 5353 1826 5417 Nam,
1868 5351 2064 5421 inquit,
2093 5350 2271 5405 fuerat
2298 5349 2597 5405 revelatum
2622 5347 2923 5419 prOphetaa,
2953 5362 3062 5401 nou
3086 5345 3240 5416 prius

1667 5448 1957 5497 venturum
1979 5442 2103 5497 vita:
2139 5440 2303 5497 linem
2329 5480 2345 5506 ,
2378 5453 2539 5510 quam
2570 5437 2780 5494 videret
2806 5435 3085 5493 Christum
3135 5434 3241 5491 ὒν

70 5628 113 5659 ⁸⁸
145 5626 330 5686 Ειοοιι.
358 5645 499 5695 xuv,
533 5629 590 5683 2.
669 5629 710 5661 ¹¹
736 5628 869 5684 ibid.
896 5628 989 5683 ει.
1071 5629 1113 5661 ¹¹
1139 5628 1181 5683 ll
1200 5626 1328 5682 Cor.
1354 5638 1474 5689 vni,
1498 5621 1551 5678 9.

1711 5621 1833 5677 ibid.
1858 5620 1950 5675 35.
2026 5618 2069 5652 “
2100 5616 2232 5673 ibid.
2262 5616 2352 5672 26.
