3736 6308
51 277 141 339 57⁵1

76 383 202 450 Φῶς
250 383 336 448 εις
369 379 757 449 ἀποκάλυψιν
796 378 1007 436 ἐθνῶν.
1056 380 1234 454 "(imp
1269 384 1440 447 ἐστὶν,
1492 384 1571 445 εἰς
1603 389 1645 445 Α

51 475 295 543 νάὸλεψιν
336 474 429 525 καὶ
481 473 561 535 εἰς
614 474 932 542 φωτισμὸν,
984 473 1094 526 τῶν
1147 473 1472 544 καθημένων
1517 478 1574 527 ἐν

51 565 184 617 cdt-et
224 563 313 615 καὶ
343 561 471 632 σκιᾷ
516 560 768 626 θανάτου,
815 560 985 614 ἐθνῶν
1007 578 1020 591 '
1055 561 1164 616 Kal
1200 562 1394 626 δόξαν
1420 561 1575 616 λαοῦ

51 674 116 709 ου
155 650 415 722 Ἰσραήλ.
455 650 518 704 ΕΞ
552 651 661 722 γὰρ
702 652 797 706 καὶ
830 651 906 723 μὴ
938 653 1137 715 πάντες
1166 654 1213 706 ol
1245 652 1320 716 EE’
1363 651 1576 724 Ἰσραὴλ

51 750 345 808 τίστευσαν,
393 742 510 796 ἀλλ’
539 739 632 796 οὖν
682 742 745 796 τὸ
791 742 1141 813 κατάλειμμα
1184 743 1472 805 σέσωσται,
1518 741 1578 806 ἐξ

51 856 77 891 ν
105 838 347 907 ὑπῆρχον
372 834 427 888 οἵ
469 851 528 887 τε
568 834 830 905 μακάριοι
862 834 954 887 τοῦ
986 833 1224 906 Χριστοῦ
1264 834 1573 895 ἀπόστολοι,

51 928 97 980 nl.
131 926 307 998 ἕτεροί
354 942 499 988 τινες
531 925 639 978 τῶν
674 924 1104 979 πιστευσάντων.
1159 925 1270 977 Καὶ
1310 925 1370 977 ού
1416 924 1576 994 μόνον

51 1015 179 1081 vitro,
200 1014 336 1068 ἀλλὰ
363 1014 459 1068 καὶ
487 1013 648 1076 αὐτὸς
678 1015 705 1066 6
737 1012 959 1087 Κύριος,
979 1014 1043 1066 ὲκ
1072 1012 1173 1083 τῆς
1203 1013 1371 1066 Ἰούδα
1403 1013 1576 1082 φυλῆς

51 1111 129 1177 νῖν
160 1107 539 1161 ἀνατέταλκεν.
570 1099 739 1169 Οὗτος
782 1104 890 1175 γὰρ
929 1107 957 1158 6
988 1105 1179 1175 Σωτὴρ
1224 1105 1353 1176 περὶ
1382 1104 1576 1158 ἑαυτοῦ

51 1200 194 1266 ἰγων,
235 1197 499 1266 ἔφασκεν·
541 1195 670 1247 Ὀτι
714 1196 751 1263 ὴ
807 1195 1071 1261 σωτηρία
1120 1194 1190 1248 ἐκ
1253 1192 1370 1246 τῶν
1428 1194 1575 1248 ἰου-

51 1290 183 1341 νίων
207 1288 396 1342 ἐστίν.
426 1284 632 1339 Τούτου
662 1284 822 1356 χάριν
851 1286 1042 1357 φησίν·
1068 1285 1177 1339 Kal
1208 1285 1398 1351 δόξαν
1420 1282 1575 1340 λαοῦ

51 1397 117 1433 ov
168 1379 436 1448 Ἰσραήλ.

71 1470 179 1525 Καὶ
222 1467 303 1541 ἦν
351 1474 384 1524 ό
432 1469 629 1537 πατὴρ
674 1469 863 1524 αὐτοῦ
897 1469 994 1523 καὶ
1027 1471 1065 1538 ἡ
1099 1471 1318 1540 μήτηρ,
1361 1469 1580 1538 θαυμά-

51 1577 197 1627 ›ντες
242 1561 341 1614 ἐπὶ
395 1560 519 1625 τοῖς
564 1560 916 1630 λεγομένοις
944 1561 1077 1627 περὶ
1109 1561 1319 1615 αὐτοῦ.
1377 1562 1439 1613 Et
1470 1560 1578 1630 γὰρ

51 1653 97 1705 tl.
137 1649 277 1723 ἦσαν
309 1653 674 1724 μεμυημένοι,
709 1655 744 1725 ἢ
788 1670 844 1708 τε
892 1653 1128 1725 Μαριὰμ
1172 1654 1266 1707 καὶ
1294 1655 1321 1705 6
1379 1652 1575 1722 Ἰωσὴφ

51 1722 212 1813 ιπερὶ
247 1743 343 1795 τοῦ
379 1722 617 1814 βρὲιρους
651 1722 1049 1816 μυστήριον-ἡ
1086 1722 1181 1812 μὲν
1224 1745 1313 1797 διὰ
1343 1743 1435 1797 τοῦ
1470 1744 1572 1797 Γαο
1608 1722 1651 1777 η

51 1834 196 1904 οιὴλ,
245 1833 307 1887 οὐ
358 1834 467 1905 μὴν
523 1835 659 1889 ἀλλὰ
693 1837 786 1889 καὶ
817 1836 907 1889 διὰ
932 1835 1027 1888 τοῦ
1076 1835 1391 1906 Πνεύματος
1433 1835 1578 1888 διδα-

51 1928 184 1978 ὶεῖσα
219 1926 346 1996 περὶ
375 1927 479 1996 τῆς
521 1927 617 1980 τοῦ
648 1927 974 1997 τικτομένου
1010 1926 1294 1998 οεότητος’
1341 1929 1370 1979 6
1405 1925 1461 1979 δὲ
1491 1926 1580 1980 διὰ

52 2015 86 2068 ὗ
130 2015 519 2087 ἀρχαγγέλουο
568 2015 667 2084 Μὴ
718 2016 988 2086 φοϐηθῇς
1033 2016 1402 2086 παραλαϐεῖν
1453 2021 1597 2072 Μιι-.

52 2104 131 2172 ὰμ
177 2103 291 2172 τὴν
322 2103 592 2173 γυναῖκά
622 2120 761 2159 σου.
810 2104 880 2158 Τὸ
929 2106 1039 2174 γὰρ
1091 2106 1162 2158 ἐν
1194 2104 1350 2174 αὐτῇ
1376 2122 1580 2175 γεννη-

51 2196 119 2257 ἓν,
165 2195 233 2249 ἐκ
281 2196 637 2264 Πνεύματόρ
677 2196 851 2249 ἐστιν
880 2196 1054 2264 ἁγίου
1078 2212 1092 2228 ο
1126 2196 1240 2249 ἀλλ’
1285 2197 1435 2266 ὅμως
1484 2197 1579 2249 καὶ

51 2286 166 2340 ιῦτα
187 2286 787 2357 μεμυσταγωγημένοι,
810 2286 1118 2357 ἐθαύμαζον
1149 2288 1578 2360 ἐκπληττόμενοι

51 2376 94 2429 tl
123 2376 243 2444 τοῖς
267 2376 625 2448 λελυμένοις
666 2377 800 2447 περὶ
845 2377 1058 2435 αὐτοῦ.

68 2470 178 2523 Kal
222 2471 570 2539 εὐλόγησεν
599 2468 821 2538 αὐτοὺς
866 2469 1126 2540 Συμεών.
1150 2535 1154 2539 1
1176 2471 1580 2542 Ἀποδεχόμεθά

51 2577 96 2614 ου
126 2562 225 2632 τὴν
254 2563 320 2615 ὲκ
364 2561 519 2624 θείας
565 2554 787 2633 ἀγάπης
834 2561 1177 2632 θερμοτάτην
1229 2563 1501 2631 πρόθεσιν,
1532 2556 1578 2616 ὧ

51 2650 246 2723 υμεὼν.
282 2653 344 2705 Et
373 2651 485 2722 γὰρ
521 2651 614 2704 καὶ
641 2652 898 2724 ἀνώτεροι
937 2653 1114 2725 πάσης
1140 2652 1388 2721 εὐλογίας
1415 2653 1577 2721 ἐτύγ-

51 2758 187 2805 ινον,
227 2741 263 2812 ἦ
296 2757 354 2793 τε
384 2738 620 2794 τεκοῦσα
673 2740 858 2812 μήτηρ
891 2740 1092 2811 ὁμοίιος
1128 2745 1224 2795 καὶ
1257 2742 1316 2795 τὸ
1350 2740 1575 2812 βρέφος·

51 2832 115 2885 κλ’
142 2832 267 2886 ἀντὶ
292 2816 604 2899 δοξολογίας
633 2832 1010 2901 προσήγαγεν*
1045 2831 1235 2903 ὥσπερ
1264 2834 1456 2903 ἀμέλει
1484 2834 1579 2887 καὶ

100 2927 158 2977 ἐν
204 2921 490 2976 Βαϐυλῶνι
534 2924 683 2993 τρεῖς
732 2923 939 2985 παῖδες.
997 2925 1104 2977 Καὶ
1149 2924 1256 2995 γὰρ
1288 2926 1483 2978 ἐκεῖνοι
1516 2925 1575 2978 ού

51 3015 163 3069 όνον
190 3016 289 3078 τὰς
323 3014 618 3082 ἁγγελικὰς
644 3014 923 3108 δυνάμεις,
956 3018 1051 3070 καὶ
1085 3021 1265 3070 πᾶσαν
1293 3018 1577 3091 ἀνθρωπό-
1606 3047 1652 3108 C

51 3126 160 3180 γτα,
214 3109 353 3163 ἀλλά
393 3109 486 3162 καὶ
523 3109 623 3179 τὴν
646 3107 855 3180 ἄψυχον
890 3109 984 3162 καὶ
1023 3108 1349 3181 ἀναίσθητον
1378 3112 1575 3176 κτίσιν,

51 3217 80 3265 ς
109 3200 174 3255 τὸ
205 3200 450 3270 εὐλογεῖν
484 3200 576 3254 τὸν
612 3200 746 3254 Θεὸν
775 3201 1198 3273 πρπτρέζιαντο,
1232 3203 1579 3274 ἀποπληροῖ)-

51 3307 100 3343 ιν
128 3289 229 3360 τὴν
256 3288 533 3357 εὐλογίαν,
563 3288 639 3351 ὡς
671 3287 911 3359 εἴρηται,
958 3288 1046 3342 διὰ
1075 3287 1168 3343 τοῦ
1195 3289 1438 3357 εὐλογεῖν
1479 3292 1578 3361 τὴν

52 3399 78 3444 ς
100 3382 163 3435 τὸ
181 3382 341 3435 Θεῖον
369 3378 697 3448 δοξολογίαν.
731 3380 887 3434 Κατὰ
916 3380 1103 3433 τοῦτον
1132 3380 1313 3434 τοίνυν
1336 3383 1428 3433 τὶν
1450 3383 1576 3451 τρό-

51 3490 120 3538 )ν,
156 3473 254 3527 καὶ
293 3475 324 3526 6
356 3466 587 3540 Συμεὼν
625 3471 719 3525 ἐπὶ
761 3471 856 3525 τοῦ
918 3470 1185 3538 παρόντος
1234 3472 1580 3541 εὐλόγησεν

51 3564 242 3631 ὺτοὺς,
262 3565 362 3618 καί
385 3560 555 3617 εἷπεν
579 3564 731 3632 πρὸς
745 3562 980 3632 Μαριὰμ
997 3562 1108 3632 τὴν
1118 3563 1346 3633 μητέρα
1366 3563 1574 3619 αὐτοῦ.

51 3658 117 3710 ἱνι
147 3657 318 3726 λόγῳ,
369 3654 443 3726 μὴ
470 3655 547 3726 τῷ
578 3653 921 3725 νομιζομένῳ
940 3654 1107 3724 πατρὶ
1125 3654 1226 3725 τῆς
1242 3657 1579 3726 προφητείας

51 3766 150 3801 πεν
183 3752 211 3802 6
233 3746 462 3818 Συμεὼν
480 3747 545 3800 τὰ
570 3746 964 3818 ρήματα.ἀλ).ὰ
994 3747 1193 3815 μᾶλλον
1216 3750 1282 3818 τῇ
1307 3748 1538 3818 Μαριάμ
1561 3765 1575 3811 ;

51 3841 183 3907 εειδὴ
211 3840 333 3913 ᾔδει
358 3838 433 3901 ὡς
465 3832 930 3909 πνευματοφόρος,
980 3837 1159 3909 ἀληθῆ
1206 3837 1299 3891 τοῦ
1344 3838 1578 3908 βρέφους

51 3929 211 4001 ητέρα
245 3927 540 3996 τυγχάνειν
562 3928 658 3995 τὴν
681 3925 901 3997 Μαρίαν
919 3934 933 3956 δ
958 3924 1049 3977 τὸν
1095 3924 1293 3994 Ἰωσὴφ
1323 3924 1378 3976 δὲ
1416 3925 1578 3995 μέχρι

56 4019 150 4072 λοῦ
183 4019 277 4072 καὶ
313 4019 477 4086 μόνου
510 4018 794 4087 ὀνόματος,
829 4017 925 4087 τῆς
947 4018 1040 4070 τοῦ
1073 4015 1277 4087 πατρὸς
1308 4028 1580 4086 προσηγοσ

52 4129 116 4173 ας
145 4108 494 4164 ἀπολαύοντα
513 4124 527 4140 ⁸
558 4108 746 4180 ἐπειδὴ
775 4109 875 4161 οὐκ
907 4111 970 4162 ὲκ
1005 4106 1321 4177 σπέρματος
1349 4107 1539 4176 ἀνδρός
1559 4121 1572 4135 ο

51 4201 112 4253 .λ’
158 4203 224 4254 ἐκ
276 4198 594 4268 Πνεύματος
635 4198 791 4266 ἁγίου
841 4200 873 4269 ἡ
920 4199 1017 4266 τῆς
1057 4196 1435 4267 ἀπειρογάμου
1483 4197 1577 4249 καὶ

51 4292 159 4359 (ίας
182 4289 466 4362 Παρθένου
493 4289 760 4359 κυοφορία
785 4289 1030 4356 γέγονεν.
1057 4286 1263 4341 Τούτου
1294 4289 1452 4357 χάριν
1483 4304 1578 4339 κα-

1185 262 1439 336 sanato
1473 276 1554 336 IN
1592 250 2023 342 srmone

2394 188 2432 225 ll

2354 228 2395 263 ,Γ

3112 287 3244 354 1573

1747 375 1944 437 Lumen
1978 387 2048 438 ad
2083 385 2447 442 reuelationem
2475 391 2708 460 gentium
2731 392 2795 447 ".
2829 388 3032 463 Nempe
3054 397 3120 451 ad
3148 397 3256 451 hoc

1678 484 1736 529 ut
1766 481 1975 545 gentes,
2011 491 2131 546 quae
2165 477 2220 531 in
2252 479 2490 533 tenebris
2512 496 2574 535 ac
2598 482 2788 537 umbra
2818 485 3010 539 mortis
3035 487 3247 549 sedent.

1679 564 1851 618 visum
1878 581 1943 620 ac
1978 567 2160 621 lumen
2204 568 2489 638 recipiant.
2532 552 2607 626 Et
2658 573 2886 643 gloriam
2940 575 3101 644 plebis
3146 587 3252 632 tua:

1677 652 1867 709 Israel.
1909 654 2228 726 Quanquam
2268 657 2413 713 enim
2445 675 2553 714 non
2577 676 2770 718 omnes
2803 666 2906 719 orti
2948 681 3013 720 ex
3052 667 3253 724 [srat-Ie

1677 745 2057 811 crediderunt,
2098 747 2337 817 reliquiae
2367 756 2548 803 tamen
2580 750 2744 805 salva:
2775 752 2929 810 facta;
2967 764 3135 823 sunt;
3184 774 3255 813 ex

1678 836 1876 904 quibus
1901 836 2142 905 fuerunt,
2173 847 2287 893 tum
2316 840 2456 896 beati
2487 840 2693 895 Christi
2723 846 2974 912 apostoli,
3017 856 3128 901 tum
3152 837 3250 902 alii

1676 926 1895 995 quidam
1927 926 2132 983 ﬁdeles.
2160 927 2271 985 Nec
2299 929 2351 984 id
2382 930 2563 996 modo,
2591 932 2725 1001 quin
2758 942 2813 988 et
2840 934 2959 1003 ipse
2990 934 3250 991 Dominus

1678 1026 1887 1081 noster,
1924 1033 1989 1073 ex
2032 1020 2176 1074 tribu
2201 1021 2363 1076 nobis
2383 1021 2521 1076 Juda
2558 1032 2781 1079 exortus
2806 1034 2912 1078 est.
2944 1025 3065 1095 Ipse
3093 1043 3252 1081 nam-

1677 1125 1783 1178 que
1823 1108 2072 1166 Salvator
2100 1111 2167 1165 de
2195 1127 2255 1165 se
2286 1108 2401 1182 ipse
2428 1113 2678 1183 loquens,
2719 1116 2969 1182 dicebat,
3001 1116 3138 1181 Quia
3164 1137 3253 1173 sa-

1678 1206 1762 1254 tus
1797 1217 1861 1254 ex
1885 1198 2085 1255 Judwis
2113 1210 2208 1258 est.
2243 1203 2451 1259 Idcirco
2471 1206 2582 1259 ait:
2611 1202 2677 1258 Et
2705 1204 2932 1276 gloriam
2960 1208 3122 1276 plebis
3151 1219 3256 1264 tute

1678 1292 1851 1347 Israel
1879 1293 1942 1347 ’⁷.

1750 1469 1818 1524 Et
1845 1482 1995 1523 erant
2028 1479 2180 1540 pater
2207 1472 2323 1541 ejus
2358 1480 2409 1526 et
2434 1478 2605 1527 mater
2672 1475 2925 1527 mirantes
2976 1490 3134 1546 super
3177 1477 3256 1531 Itis

1680 1573 1796 1627 qum
1827 1557 2139 1611 dicebantur
2168 1559 2234 1612 de
2271 1558 2364 1613 illo
2398 1559 2462 1612 ".
2502 1557 2825 1630 Quanquam
2870 1562 3015 1618 enim
3048 1566 3257 1622 didice‘

1679 1655 1804 1702 rant
1827 1647 1991 1702 Maria
2025 1649 2230 1716 pariter
2255 1665 2318 1703 ac
2344 1649 2569 1719 Joseph,
2601 1653 2746 1722 quod
2781 1653 2846 1707 ad
2874 1666 3103 1723 puerum
3128 1636 3277 1728 spe-6

1681 1737 1861 1791 ctabat
1904 1738 2221 1799 mysterium
2251 1755 2264 1791 :
2295 1737 2462 1792 Maria
2498 1740 2752 1808 quidem,
2791 1742 3057 1800 Gabrielis
3089 1762 3252 1803 voce:

1684 1844 1784 1882 nec
1812 1828 1862 1882 id
1898 1828 2079 1887 modo.
2105 1842 2296 1883 verum
2323 1831 2488 1884 etiam
2515 1844 2545 1883 a
2574 1830 2777 1901 Spiritu
2802 1844 2990 1890 sancto
3014 1839 3256 1894 nascitu-

1683 1932 1756 1973 ra:
1789 1918 1955 1988 prolis
1988 1919 2180 1975 cdocta
2218 1920 2557 1975 divinitatem
2595 1940 2608 1974 :
2641 1921 2841 1994 Joseph
2887 1936 3065 1981 autem
3087 1968 3102 1996 ,
3157 1945 3256 2000 per

1681 2009 2063 2080 archangelum
2111 2011 2423 2065 dicentem:
2459 2011 2588 2066 Noli
2623 2015 2805 2068 timere
2843 2018 3080 2086 accipere
3127 2017 3256 2074 Ha-

1683 2097 1820 2153 riam
1849 2100 2122 2171 conjugem
2155 2109 2303 2155 tuam
2331 2116 2349 2153 .'
2380 2103 2519 2173 quod
2545 2102 2684 2158 enim
2714 2106 2769 2159 in
2787 2123 2847 2160 ea
2865 2118 3049 2162 natum
3075 2119 3171 2174 est,
3190 2117 3256 2166 de

1679 2189 1884 2261 Spiritu
1914 2198 2094 2245 sancto
2109 2203 2183 2247 est
2215 2192 2294 2247 ὀε
2320 2195 2557 2257 tametsi,
2587 2194 2830 2266 inquam,
2862 2194 2964 2254 ista
2991 2200 3256 2256 divinitus

1680 2280 1858 2336 edocti
1883 2291 2058 2343 erant,
2093 2282 2432 2339 mirabantur
2457 2295 2635 2341 tamen
2670 2303 2734 2342 ac
2772 2280 3066 2359 stupebant
3099 2307 3254 2358 super

1679 2370 1760 2426 his
1790 2389 1907 2443 qua:
1934 2372 2242 2428 dicebautur
2263 2375 2327 2429 de
2355 2373 2468 2429 illo.

1750 2460 1820 2518 Et
1847 2463 2105 2518 benedixit
2121 2464 2228 2519 illis
2246 2464 2477 2536 Symeon
2496 2467 2560 2523 ⁸ο.
2594 2466 2902 2525 Laudamus
2931 2472 3255 2542 probamus-

1682 2569 1787 2625 que
1825 2562 1995 2623 tuam,
2034 2571 2067 2609 ο
2101 2554 2357 2627 Symeon,
2403 2572 2467 2613 ex
2516 2556 2915 2618 ferventissime
2965 2542 3256 2620 dilectione

1682 2644 2032 2701 voluntatem.
2065 2646 2384 2718 Quanquam
2415 2646 2561 2706 enim
2609 2653 2773 2709 etiam
2817 2656 2965 2711 omni
3025 2658 3256 2714 benedi-

1682 2736 1862 2791 ctione
1884 2752 2197 2807 superiores
2221 2750 2395 2805 erant,
2440 2742 2612 2798 Mater
2644 2745 2850 2813 pariter
2876 2762 3164 2819 puerpera,
3192 2766 3257 2806 ac

1681 2827 1841 2894 Puer,
1868 2828 2198 2886 laudationis
2225 2839 2407 2887 tamen
2432 2833 2551 2890 loco
2575 2851 2693 2890 eam
2725 2830 2922 2892 obtulit
2952 2856 2966 2892 :
2998 2855 3062 2894 ea
3088 2841 3255 2896 nimi-

1680 2936 1799 2974 rum
1830 2922 2063 2987 ratione,
2081 2934 2187 2993 qua
2213 2924 2363 2994 pueri
2390 2936 2499 2980 tres
2521 2925 2575 2981 in
2598 2925 2890 2998 Babylone.
2915 2922 3052 2985 Nam
3076 2940 3131 2986 et
3155 2931 3254 2999 illi,

1681 3012 1880 3068 nedum
1919 3013 2149 3070 virtutes
2177 3015 2471 3085 angelicas,
2509 3018 2939 3090 universumque
2971 3022 3255 3079 hominum

1681 3120 1890 3174 genus,
1940 3119 2128 3160 verum
2174 3107 2340 3160 etiam
2392 3107 2606 3163 ratione
2655 3126 2720 3165 ac
2763 3127 2929 3167 sensu
2963 3103 3259 3167 destitutas

1680 3213 1788 3264 res,
1822 3198 1887 3252 ad
1914 3197 2345 3253 benedicendum
2373 3199 2479 3254 Deo
2509 3202 2884 3269 hortabantur,
2917 3204 3258 3260 benedictio—

1679 3304 1804 3343 nem
1836 3285 2143 3359 implentes,
2176 3284 2636 3359 quemadmodum
2674 3293 2880 3347 dictum
2920 3305 3030 3358 est,
3064 3308 3255 3363 prose-

1679 3379 1896 3447 quendo
1939 3374 2120 3434 verbis
2161 3381 2372 3434 divinas
2412 3381 2621 3435 Iaudes.
2669 3380 2779 3436 Hac
2824 3377 3007 3450 itaque
3048 3385 3258 3440 ratione

1679 3466 1843 3544 etiam
1872 3467 2104 3537 Symeon
2142 3466 2632 3535 impraesentiarum
2662 3462 2767 3521 illis
2788 3462 3069 3533 benedixit,
3097 3479 3145 3523 et
3172 3470 3256 3523 di-

1678 3558 1757 3611 xit
1779 3560 1849 3610 ad
1864 3557 2089 3614 Mariam
2114 3567 2334 3611 matrem
2357 3558 2489 3625 ejus.
2515 3560 2787 3622 Quorsum
2805 3559 2912 3625 ille,
2935 3575 3044 3614 non
3070 3568 3257 3631 putato

1679 3649 1816 3720 patri
1866 3646 2004 3703 dixit
2042 3642 2343 3720 prophetia:
2384 3651 2573 3715 verba,
2605 3651 2700 3705 sed
2741 3652 2911 3722 magis
2940 3650 3007 3707 ad
3035 3648 3254 3706 Mariam

1680 3750 1907 3797 matrem
1934 3742 2051 3811 ejus
2080 3738 2325 3795 direxit?
2353 3741 2508 3807 Quod
2533 3743 2791 3797 nimirum
2816 3750 3072 3815 tanquam
3114 3744 3261 3799 divi-'

1680 3848 1753 3888 no
1785 3832 1991 3902 Spiritu
2028 3831 2239 3887 amatus
2265 3833 2450 3898 sciret,
2482 3832 2703 3888 Mariam
2740 3849 2921 3889 veram
2951 3851 3073 3889 esse
3101 3835 3255 3905 pueri

1680 3922 2254 3992 matrem,Josephum
2284 3933 2502 3987 autem,
2547 3924 2768 3979 nomine
2814 3934 2973 3980 tenus
3018 3932 3251 3991 tantum,

1679 4014 1849 4086 patris
1875 4015 2279 4084 nuncupatione
2306 4015 2511 4084 pollere
2537 4030 2549 4066 :
2578 4017 2723 4085 quod
2750 4028 2858 4069 non
2907 4032 2971 4070 cx
3025 4017 3120 4071 viri
3164 4033 3252 4070 se-

1680 4107 1865 4169 mine,
1917 4104 2011 4159 sed
2056 4106 2122 4159 de
2170 4104 2375 4172 Spiritu
2429 4114 2640 4166 sancto,
2690 4104 2917 4174 innUpta
2959 4121 3022 4160 ac
3066 4116 3285 4181 sancta‘

1679 4195 1844 4267 Virgo
1902 4194 2261 4264 concepisset.
2328 4192 2693 4261 Quamobrem
2748 4195 2942 4249 relicto
3014 4195 3251 4267 Symeon

1679 4288 1991 4342 existimato
2016 4302 2081 4340 ae
2114 4287 2336 4342 nomine
2392 4297 2556 4341 tenus
2602 4291 2785 4357 patre,
2820 4286 2885 4339 ad
2918 4303 3102 4341 veram
3137 4286 3252 4341 Ma-

51 4383 242 4438 ιλιπὼν
274 4385 303 4436 6
338 4380 562 4450 Συμεὼν
588 4382 679 4434 τὸν
707 4380 923 4451 δοκήσει
954 4380 1048 4432 καὶ
1083 4378 1308 4449 ὀνόματι
1338 4379 1571 4449 πατέρα,

1749 4389 1816 4434 tm
1846 4393 2152 4433 sermonem
2192 4379 2482 4442 convertit,
2512 4376 2703 4435 dicens
2734 4395 2749 4433 :
2785 4377 2921 4433 Ecce
2945 4381 3027 4434 hic
3053 4381 3254 4449 positus

51 4473 132 4537 ab;
166 4472 270 4540 τὴν
308 4471 483 4542 ἀληθῆ
529 4469 742 4541 μητέρα
788 4470 914 4533 τοὺς
943 4468 1129 4536 λόγους
1163 4468 1458 4539 πεποίηται
1486 4468 1574 4520 λέ-

51 4582 105 4616 υν
127 4578 143 4594 ο
190 4560 343 4615 ἰ’δοὺ
373 4557 553 4625 οὗτος
582 4560 768 4613 κεῖται
793 4562 881 4623 εἰς
910 4557 1142 4612 πτῶσιν
1186 4559 1286 4612 καὶ
1312 4557 1579 4612 ἀνάστα-

51 4671 96 4707 *ν
155 4649 411 4704 πολλῶν
457 4648 526 4701 ἐν
583 4647 665 4712 τῷ
728 4648 967 4715 Ἰσραήλ
985 4665 1000 4679 ·
1055 4648 1156 4700 καὶ
1197 4650 1285 4713 εις
1328 4647 1580 4718 σημεῖον

52 4739 500 4807 τιυίεγόμενον
550 4739 630 4800 εἰς
668 4738 876 4791 πτῶσιν
917 4738 1018 4808 μὲν
1044 4738 1155 4792 τῶν
1188 4737 1457 4806 ἀπίστων,
1500 4741 1582 4803 είς

57 4833 297 4886 άστασιν
337 4828 393 4881 δὲ
441 4828 548 4881 τῶν
603 4829 967 4883 πιστευόντων
1000 4847 1014 4861 ·
1075 4831 1134 4883 ού
1193 4830 1287 4884 τοῦ
1340 4831 1572 4902 βρέφους

51 4926 163 4979 τίου
193 4921 492 4991 γενομένου
519 4923 631 4983 τοῖς
664 4921 763 4991 μὲν
801 4921 1087 4989 πτώσεως,
1114 4925 1229 4987 τοῖς
1256 4923 1314 4976 δὲ
1344 4924 1577 4979 ἀναστά-

51 5038 153 5083 ως,
201 5018 342 5072 ἀλλὰ
379 5017 479 5086 τῆς
524 5017 732 5083 οἰκείας
782 5017 1020 5071 ἑκάστου
1066 5018 1459 5088 προαιρέσεως,
1503 5019 1578 5082 ὥς

52 5129 140 5165 τιν
189 5111 258 5161 ἐκ
326 5109 534 5162 πολλῶν
591 5109 902 5181 μαρτυριῶν
945 5107 1036 5164 τὸν
1092 5109 1252 5177 λόγον
1303 5110 1579 5163 πιστώσα-

59 5221 140 5256 αι.
181 5199 266 5252 Τὰ
302 5200 400 5268 μὲν
445 5199 538 5253 οὖν
581 5200 762 5271 πλήθη
810 5200 918 5253 τῶν
965 5201 1259 5267 Ἰουδαίων,
1312 5198 1577 5272 βλέποντα

51 5312 89 5359 ις
117 5290 415 5360 γινομένας
445 5289 913 5361 θαυματουργίας,
938 5291 1014 5362 τῷ
1042 5289 1252 5362 Σωτῆρι
1283 5292 1577 5363 προσέτρεο

51 5399 115 5437 ν·
166 5380 217 5433 οι
283 5377 340 5432 δὲ
395 5378 609 5449 ἀνόητοι
655 5379 931 5450 ἀρχιερεῖς
983 5380 1200 5448 ἔλεγονσ
1262 5382 1576 5451 Δαιμόνιον

51 5491 117 5545 εει
137 5489 153 5506 ι
198 5471 261 5525 τι
285 5470 535 5526 ἀκούετε
556 5470 743 5525 αὐτοῦ
765 5485 785 5535 ;
813 5465 944 5543 Ἆρ’
973 5472 1072 5544 οὐχ
1096 5473 1147 5525 oi
1185 5472 1282 5543 μὲν
1312 5471 1578 5537 ἑκουσίως

84 5649 133 5681 ³⁸
154 5646 292 5700 Dan.
327 5658 420 5704 vn,
450 5640 537 5694 5'2.
610 5641 656 5672 ”
686 5640 845 5695 Joan.
877 5659 951 5708 tv,
977 5643 1067 5699 22.
1144 5643 1189 5678 ”
1213 5643 1342 5699 ibid.
1371 5644 1461 5699 '53.
1537 5645 1582 5678 "
1615 5641 1802 5698 Matth.
1826 5657 1866 5710 ι,
1898 5643 1990 5698 20.

210 5736 480 5795 Puncta
526 5731 644 5792 Gn.
695 5730 898 5793 XCIII.

1677 4482 1751 4526 est
1800 4465 1855 4526 in
1904 4464 2116 4526 ruinam
2180 4481 2230 4526 et
2276 4472 2332 4527 ὶη
2382 4475 2815 4527 resurrectionem
2855 4473 3141 4529 multorum
3198 4475 3270 4530 in.

1679 4562 1879 4629 Israel,
1912 4573 1961 4619 et
1992 4565 2050 4618 in
2075 4564 2283 4637 signum
2307 4603 2321 4627 ,
2367 4565 2451 4619 cui
2496 4565 2902 4620 contradicetur.
2936 4566 2996 4621 In
3037 4565 3265 4625 ruinam.

1678 4646 1898 4725 Quidem
1976 4670 2088 4710 non
2172 4655 2573 4720 credentium;
2657 4656 2713 4710 in
2795 4656 3251 4711 resurrectionem

1681 4754 1885 4798 autem
1941 4740 2302 4800 credentium.
2392 4743 2511 4799 Non
2591 4753 2847 4813 tanquam
2929 4759 3064 4813 puer
3139 4744 3255 4813 ipse

1680 4850 1840 4889 causa
1883 4830 2102 4888 futurus
2127 4840 2304 4898 esset,
2355 4848 2459 4903 qua
2492 4831 2666 4887 ruinae
2702 4833 2821 4890 aliis
2841 4875 2856 4901 ,
2891 4850 2996 4903 qua
3025 4834 3143 4889 aliis
3174 4850 3257 4890 re-
3286 4821 3291 4825 ’

1678 4922 2058 4985 surrectionis,
2099 4920 2194 4976 sed
2233 4922 2451 4991 prepria
2480 4921 2746 4991 cujusque
2791 4924 3063 4984 voluntas,
3110 4933 3169 4981 ut
3202 4935 3255 4979 et

1681 5013 1869 5068 multis
1904 5012 2229 5068 testimoniis
2275 5012 2403 5068 licet
2446 5014 2696 5084 probare.
2754 5012 2889 5071 Nam
2944 5015 3253 5072 Judzeorum

1681 5104 1900 5176 quidem
1934 5102 2149 5175 vulgus,
2193 5118 2317 5159 cum
2348 5104 2607 5159 miracula
2633 5120 2754 5176 quae
2778 5104 2999 5173 ﬁebant,
3041 5108 3252 5180 aspice—

1683 5204 1824 5264 rent,
1857 5194 1925 5251 ad
1966 5195 2303 5251 Salvatorem
2334 5195 2698 5257 aecum-bant
2725 5214 2739 5251 :
2770 5208 2826 5251 at
2870 5198 3021 5254 stulti
3066 5199 3252 5270 ponti—

1680 5288 1811 5344 ﬁces
1835 5284 2089 5343 dicebant
2123 5305 2138 5341 :
2174 5286 2507 5341 Demetrium
2534 5287 2688 5342 habet
2716 5287 2758 5320 ⁸¹
2788 5304 2801 5340 :
2827 5286 2967 5355 Quid
2998 5303 3124 5345 eum
3150 5304 3252 5345 au-

1680 5376 1850 5433 ditis?
1877 5388 2060 5434 nonne
2091 5379 2271 5447 itaque
2301 5376 2356 5431 hi
2384 5376 2605 5447 quidem
2629 5387 2822 5449 sponte
2856 5380 3253 5453 resurgebant;

1684 5469 1849 5539 hique
1884 5468 2124 5524 vicissim
2145 5466 2348 5522 nedum
2380 5466 2485 5538 ipsi
2507 5468 2785 5526 voluntate
2806 5471 3094 5540 cadebant,
3118 5471 3253 5543 quin

2093 5641 2224 5698 ibid.
2261 5641 2352 5696 at.
2430 5644 2472 5678 ιι
2500 5620 2692 5700 Matth.
2718 5644 2896 5712 ",18.

2855 5738 2934 5798 50
