3736 6308
41 377 101 441 39
971 392 1224 453 SERMO
1260 396 1340 454 IN
1382 395 1516 455 MEI

971 392 1224 453 SERMO
1260 396 1340 454 IN
1382 395 1684 455 MEDIAM
1750 392 2307 461 PENTECOSTEN.

3149 398 3306 467 1590

41 491 202 546 iouct
231 508 247 524 °
298 508 332 548 ο
388 500 579 554 τοίνυν
609 501 668 555 τὸ
698 502 910 575 θέλημα
940 504 1034 557 τοῦ
1066 504 1203 558 Θεοῦ
1240 507 1416 560 ποιεῖν
1447 506 1516 558 ἐπ

1809 509 1979 574 enim,
2010 509 2064 563 in
2096 510 2269 581 legem
2300 509 2568 579 iniuriosi,
2591 526 2622 567 a
2648 511 2956 583 semetipsis
2986 505 3284 584 loqueban-

41 598 234 658 ιενος,
297 586 689 657 ἐπιγνώσεται
736 593 836 663 μὲν
887 593 977 647 διὰ
1008 594 1117 647 τῶν
1154 595 1313 648 θείων
1359 595 1592 666 Γραφῶν

41 672 100 724 ξ·
154 670 340 740 αὖθις
389 678 458 732 δὲ
488 681 548 746 ἐξ
578 683 712 752 ἐμοῦ
755 686 1149 756 ἀναδραμείται
1184 687 1318 755 trp-‘1;
1356 687 1450 739 τὸν
1484 688 1594 740 Πα-

41 778 131 813 ›α·
171 767 282 816 καὶ
321 766 516 833 οὕτως
563 772 663 841 τὴν
706 773 844 844 ἐμὴν
870 774 1109 845 διδαχὴν,
1145 774 1239 828 τοῦ
1284 775 1493 845 Πατρδς
1518 772 1595 828 εἷ-

41 869 73 907 ι,
117 854 529 927 ὁμολογήσει·
565 863 658 914 καὶ
677 863 973 934 ὁμολογῶν,
1008 865 1104 935 τὴν
1135 867 1406 936 σωτηρίαν
1431 870 1591 939 πορή-

41 958 152 996 ;αι.
221 945 295 998 Ὀ
343 949 497 1016 παρ’
529 950 767 1016 ἑαυτοῦ,
802 955 960 1025 φησὶ,
990 954 1217 1020 λαλῶν,
1247 955 1363 1023 τὴν
1409 955 1599 1021 δόξαν

42 1050 85 1083 ν
144 1034 340 1090 ἰδίαν
409 1037 597 1104 (insi.
651 1046 684 1097 ό
737 1043 807 1099 δὲ
859 1046 1045 1114 ζητῶν
1084 1046 1200 1114 τὴν
1243 1047 1432 1113 δόξαν
1490 1048 1598 1102 τσῦ

41 1127 369 1195 μψαντος
403 1132 615 1198 αὑτὸν,
661 1131 841 1203 οὗτος
867 1137 1101 1207 ἀληθής
1129 1140 1318 1202 ἐστιν,
1348 1139 1448 1193 καὶ
1475 1141 1599 1194 ἀδι-

41 1230 72 1265 :t
111 1216 193 1268 ὲν
238 1218 431 1284 αὐτῷ
457 1224 568 1276 οὐκ
615 1225 767 1280 ἔστι.
805 1229 916 1298 Τὴν
943 1229 1164 1299 διδαχὴν
1193 1230 1302 1282 τῶν
1341 1232 1603 1302 Γραμμα-

41 1324 120 1357 ων
190 1312 304 1362 καὶ
353 1312 668 1381 Φαρισαίων
706 1318 792 1371 διὰ
830 1316 1034 1373 τούτων
1076 1323 1386 1374 αἰνίττεται.
1432 1323 1602 1375 Ἐκεῖ-

41 1415 51 1447 ι
87 1398 216 1468 γὰρ
266 1402 375 1470 ἀφ’
411 1404 621 1459 ἑαυτῶν
664 1407 906 1474 ἐλάλουν,
931 1411 1239 1474 ἀδικοῦντες
1283 1413 1374 1466 τὸν
1404 1414 1566 1485 νόμον
1587 1431 1600 1445 ·

41 1486 75 1537 ιὶ
114 1488 196 1540 τὰ
247 1489 366 1558 μὲν
421 1495 501 1557 είς
540 1496 673 1551 Θεὸν
719 1500 1070 1571 συμφέροντα
1114 1502 1505 1573 ἀφαιροῦντες·
1535 1506 1603 1559 τὰ

65 1592 149 1627 πα
164 1576 217 1645 ρ’
251 1580 489 1635 ἑαυτῶν
530 1587 936 1655 προστιθέντες,
969 1591 1183 1644 ἀνοδίαν
1210 1591 1450 1661 βαδίζειν
1480 1597 1607 1658 τοὺς

357 1779 372 1793 ·
432 1767 818 1837 Βαπτισμοὺς
850 1769 1103 1835 ξεστῶν,
1150 1775 1250 1828 καί
1286 1777 1605 1844 ποτηρίων,

1701 610 1805 655 tur.
1848 602 1924 657 Ea
1949 603 2217 674 siquidem
2247 602 2580 672 auferentes,
2619 621 2739 677 qua:
2767 606 2824 662 in
2881 608 3054 667 Deum
3100 610 3317 679 cont‘e-I

1701 692 1914 755 rebant,
1947 709 2013 749 ac
2041 709 2138 748 sua
2170 694 2513 765 adjicientes,
2549 709 2648 766 per
2675 696 2832 751 devia
2863 712 3127 768 sequaces
3156 714 3307 773 suos.

1703 785 1955 840 incedere
2001 786 2289 858 cogebant,
2366 786 2824 855 quemadmodum
2886 788 3075 857 dicunt
3133 805 3297 846 sacra-

1702 874 1996 947 Evangelia
2033 895 2047 931 :
2083 876 2421 947 Baptismata
2446 875 2707 942 calicum,
2736 887 2784 932 et
2824 895 3123 947 urceorum,
3168 898 3287 936 ηια-

1705 984 1971 1036 nuumque
1993 968 2233 1033 lationes,
2265 969 2444 1023 crebro
2471 958 2740 1024 tradentes
2768 987 2790 1035 ;
2815 986 2933 1041 qua:
2955 979 3134 1039 autem
3162 981 3287 1026 sunt

1705 1059 1950 1128 graviora
1983 1059 2111 1131 legis
2135 1059 2205 1125 “,
2254 1061 2404 1116 velut
2434 1076 2544 1114 non
2587 1069 2771 1115 essent
2803 1061 3028 1132 scripta,
3069 1072 3290 1131 praeter--

1708 1159 1884 1203 euntes
1907 1149 1992 1204 ⁶⁶ε
2048 1166 2246 1221 nempe
2280 1160 2489 1206 rectum
2539 1148 2829 1221 judicium,
2876 1165 2941 1205 ac
2988 1138 3290 1207 misericor-

1708 1237 1852 1293 diam
1883 1239 1937 1293 in
1970 1241 2247 1310 proximos
2279 1240 2690 1308 :Quamobrem
2721 1241 2884 1296 etiam
2921 1257 3002 1296 vae
3043 1242 3176 1297 illud
3206 1249 3290 1296 to-

1711 1330 1813 1384 ties
1838 1344 2004 1400 super
2034 1330 2232 1387 talibus
2257 1331 2642 1401 iniquitatibus
2668 1330 3070 1402 ingeminatum
3094 1346 3287 1400 repor-

1710 1427 1915 1474 ta‘runt.
1955 1419 2039 1475 Va:
2055 1420 2200 1475 enim
2218 1421 2361 1497 vobis
2377 1420 2422 1452 ⁸⁷
2443 1441 2454 1474 :
2476 1436 2577 1476 nec
2596 1421 2646 1476 id
2665 1420 2855 1485 semel,
2874 1420 2971 1477 sed
2989 1428 3044 1476 et
3058 1422 3286 1491 saepius:

1721 1509 1813 1564 γει·
1829 1509 2026 1565 Scriba:
2057 1521 2107 1565 et
2132 1510 2393 1566 Phariam"
2410 1512 2694 1580 hypocrin
2716 1511 2782 1576 ⁸⁸,
2805 1511 2982 1580 inquit
3008 1510 3285 1576 Salvator;

1713 1603 1802 1671 qui
1837 1601 2047 1654 irritum
2073 1602 2264 1675 fecistis
2291 1603 2605 1655 mandatum
2639 1599 2755 1665 Dei,
2792 1608 3007 1670 propter
3049 1600 3292 1654 traditio-

1716 1708 1831 1747 nem
1865 1701 2090 1746 veslram
2122 1693 2186 1745 °’.
2213 1692 2323 1747 Nec
2362 1693 2535 1746 solum
2563 1708 2691 1747 vero
2713 1691 2891 1746 facitis
2923 1692 3158 1754 irritum,
3193 1692 3289 1746 sed

1715 1793 1772 1838 et
1807 1781 2063 1852 injuriam
2113 1781 2314 1848 facitis,
2349 1783 2439 1852 qui
2468 1790 2666 1837 vestrae
2712 1782 3008 1837 voluntatis
3045 1780 3287 1851 inventa,

41 1852 343 1942 τοι-ἰψεις
376 1871 447 1909 τε
487 1858 721 1926 χειρῶν,
764 1863 1099 1934 συμπυγμῇ
1142 1866 1516 1934 παραδιδόντι

1815 1886 1970 1942 quam
1996 1886 2059 1925 ex
2086 1871 2206 1942 ipso
2234 1872 2608 1941 prtetendatis,
2641 1886 2704 1927 ac
2731 1872 2960 1935 faciatis,
2991 1881 3049 1927 ut
3068 1872 3290 1927 abs‘onis

41 1940 88 1993 “ei
141 1943 221 1996 τὰ
259 1945 590 2016 βαρύτερα
634 1950 741 2006 τοῦ
799 1955 1009 2021 νόμου,
1057 1955 1136 2018 ὡς
1184 1957 1319 2027 μηδὲ
1362 1974 1610 2029 γεγραμ-

41 2032 157 2090 Eva.
218 2039 742 2108 παρατρέχοντες,
789 2045 889 2115 τήν
919 2061 981 2098 τε
1026 2046 1239 2102 εὐθεῖαν
1286 2050 1487 2120 κρίσιν,
1517 2051 1612 2105 καὶ

41 2125 234 2196 ιπρδς
268 2130 418 2193 τοὺς
466 2132 635 2195 πέλας
683 2134 852 2198 ἔλεος.
890 2136 1057 2191 Ὅθεν
1104 2140 1199 2192 καὶ
1245 2143 1306 2193 τὸ
1349 2141 1471 2195 οὐαὶ
1521 2143 1613 2198 ἐπὶ

42 2220 114 2281 ιῖς
162 2220 477 2286 τοιαύταις
520 2225 772 2292 ἀνομίαις
827 2227 1441 2301 πολλαπλασιαζόμενον
1495 2236 1616 2287 ἑκο-

41 2309 264 2366 ίσαντο.
322 2316 481 2368 Οὐαὶ
509 2318 618 2386 γὰρ
655 2317 800 2386 ὑμῖν
840 2319 921 2390 (οὐ
961 2322 1125 2391 μόνον
1165 2321 1332 2388 ἅπαξ.
1358 2324 1493 2378 ἀλλὰ
1519 2325 1614 2379 καὶ

41 2400 326 2468 ολλάκις),
359 2404 547 2471 τοῦτο,
582 2410 945 2479 Γραμματεῗς
992 2414 1088 2467 καί
1119 2417 1428 2483 Φαρισαῖοι
1456 2420 1614 2472 νῠποο

41 2496 228 2557 βιταὶ,
254 2512 347 2567 ’φη
360 2498 450 2550 σὶν
478 2501 506 2552 ὁ
531 2502 723 2573 Σωτήρ
743 2519 758 2534 ·
792 2503 882 2557 ὅτι
928 2504 1187 2559 ἀθετεῖτε
1216 2506 1331 2575 τὴν
1356 2508 1615 2577 ἐντολὴν

41 2584 111 2638 οὗ
163 2588 354 2653 Θεοῦ,
406 2590 506 2644 διὰ
551 2592 666 2659 τὴν
714 2595 1054 2662 παράδοσιν
1101 2598 1289 2668 ὑμῶν.
1340 2601 1415 2653 Οὐ
1456 2601 1613 2670 μόνον

41 2674 117 2743 ἀρ
143 2675 437 2730 ἀθετεῖτε·
482 2680 615 2735 ἀλλὰ
656 2685 746 2736 καὶ
777 2684 1011 2738 ἀδικεῖτε
1040 2687 1231 2758 αὐτὴν,
1279 2688 1347 2742 τὰ
1381 2690 1612 2759 ,οἰκείων

41 2765 383 2836 ελημάτων,
430 2770 506 2833 ὡς
557 2772 615 2838 ἐξ
654 2775 821 2845 αὐτῆς
854 2777 1269 2848 προϊσχόμενοι·
1320 2780 1414 2834 καὶ
1444 2779 1611 2848 βλασ-

42 2856 331 2925 ηημείσθαι
400 2859 501 2930 τὴν
554 2860 702 2916 θείαν
755 2864 1147 2936 θεσμοθεσίαν,
1202 2871 1320 2933 ταῖς
1393 2870 1615 2934 ἀτόποις

41 2949 477 3019 ταραποιήσεσιν
528 2952 679 3024 ὑμῶν
725 2956 819 3009 καὶ
870 2957 1225 3029 προσθήκαις,
1263 2963 1614 3031 παρασκευά-

43 3057 158 3093 ετε.
217 3042 406 3096 Τοῦτο
452 3044 509 3098 δὲ
552 3048 683 3101 αὐτὸ
724 3050 819 3103 καὶ
860 3051 1020 3121 μέχρι
1046 3052 1287 3123 τήμερον
1349 3055 1616 3125 πράττου-

48 3148 119 3191 ιν,
157 3132 212 3184 οἱ
242 3133 352 3204 τὴν
424 3135 718 3211 Ἰουδαῖκὴν
769 3141 1179 3213 ἀγνωμοσύνην,
1226 3145 1322 3198 καὶ
1369 3147 1498 3216 περὶ
1545 3147 1614 3199 τὰ

46 3224 135 3275 εἶα
202 3228 621 3300 καταφρόνησιν
674 3233 1082 3304 ’ἐκμιμούμενοι
1141 3235 1252 3288 τῶν
1321 3237 1613 3307 αἱρετικῶν

41 3314 251 3381 παῖδες,
311 3316 347 3388 ἢ
414 3322 850 3387 παραποιΟὖντες
899 3325 992 3378 καὶ
1042 3325 1350 3388 νοθεύοντες
1393 3328 1461 3381 τὰ
1490 3329 1616 3382 τῶν

42 3406 311 3476 ηεοφόρων
357 3409 692 3466 διδασκάλων
724 3414 1001 3485 δόγματα·
1056 3417 1112 3487 ἥ,
1154 3417 1214 3469 τὸ
1256 3417 1446 3472 τουτου
1481 3421 1615 3489 πρὸς

41 3499 315 3566 ιμαρτίαν
370 3500 473 3553 οὐκ
516 3500 756 3567 ἔλαττον,
805 3505 1015 3575 ψευδῶς
1053 3506 1123 3560 τὰ
1167 3507 1277 3559 τῶν
1324 3508 1614 3577 αίρετικῶν

1712 1959 1979 2029 ejusmodi
2020 1958 2513 2013 adulterationibus
2560 1975 2625 2013 ac
2657 1958 3061 2022 additamentis,
3104 1959 3286 2014 divina

1712 2047 1797 2102 lex
1817 2044 2245 2117 blasphemelur.
2301 2045 2415 2102 Hoc
2433 2045 2610 2116 ipsum
2640 2051 2823 2099 autem
2846 2045 3142 2099 etiamnum
3173 2044 3287 2099 hze-

1714 2137 1867 2192 retici
1898 2136 2128 2200 faciunt,
2150 2120 2243 2208 qui
2266 2132 2581 2192 Iudaeorum
2610 2135 3015 2206 improbitatem
3048 2150 3112 2189 ac
3153 2135 3281 2190 divi-

1712 2226 1908 2284 norum
1930 2236 2302 2299 contemptum
2331 2227 2775 2291 aamulantes,vel
2813 2226 3007 2283 falsent
3038 2243 3103 2282 ac
3132 2227 3289 2282 adul-

1715 2328 1890 2376 terent
1919 2320 2251 2376 deiferorum
2285 2318 2576 2376 Doctorum
2607 2320 2908 2375 sententias
2947 2336 2961 2386 ;
3004 2319 3112 2386 vel,
3143 2319 3287 2391 quod

1713 2411 1849 2467 nihil
1875 2413 2058 2468 minus
2089 2413 2376 2468 scelestum
2417 2420 2520 2478 est,
2567 2428 2688 2482 quae
2712 2419 2840 2466 sunt
2884 2410 3284 2471 haereticorum.

1715 2504 1851 2558 falso
1876 2512 2192 2559 sanctorum
2223 2503 2445 2559 Patrum
2477 2504 2701 2558 nomine
2752 2503 3052 2573 publicent,
3087 2516 3153 2556 ac
3187 2518 3285 2556 eo-

1713 2609 1833 2648 rum
1865 2594 2047 2664 pravis
2090 2609 2154 2649 ac
2204 2594 2391 2664 impiis
2418 2591 2656 2664 scriptis,
2710 2593 2925 2648 illorum
2978 2592 3285 2646 veneranda

1712 2685 1940 2739 nomina
1984 2684 2279 2740 oblinant:
2317 2685 2593 2756 impiaque
2640 2685 2958 2756 Apollinarii
3012 2685 3284 2757 dogmata,

1714 2778 1875 2831 tnodo
1905 2777 2128 2847 quidem
2151 2776 2337 2833 divino
2364 2778 2688 2845 Athanasio,
2743 2778 2904 2833 modo
2929 2787 3109 2834 autem
3146 2777 3287 2833 Julio

1714 2867 1915 2923 veteris
1942 2866 2129 2924 Romae
2155 2870 2431 2941 episcopo,
2453 2881 2547 2924 aut
2572 2868 2834 2939 Gregorio
2859 2868 3283 2941 Thaumaturgo,

1713 2961 1797 3015 vel
1818 2960 2050 3032 cuipiam
2069 2960 2159 3016 alii
2181 2962 2407 3032 probato
2429 2959 2571 3015 Patri
2595 2961 2925 3017 inscribant:
2940 2963 3151 3032 aliaque
3167 2961 3287 3019 aliis

1717 3054 2107 3124 tribuant,quae
2131 3059 2259 3107 sunt
2291 3052 3054 3119 orthodoxorum,ha:relicis;
3087 3063 3143 3107 et
3166 3069 3287 3122 quae

1717 3144 2122 3212 haereticorum,
2155 3145 2496 3200 orthodoxis.
2537 3142 2716 3212 Quare
2738 3153 2792 3200 et
2810 3144 2912 3217 ipsi
2951 3161 3031 3201 vae
3070 3144 3201 3199 illud
3232 3144 3285 3200 in

1714 3251 1871 3290 suum
1885 3242 2046 3306 caput
2062 3243 2367 3302 accersunt,
2382 3233 2473 3304 qui
2491 3223 2739 3305 proximo
2756 3234 3050 3306 prepincnt
3063 3233 3288 3288 subver-

1713 3325 1922 3380 sionem
1941 3325 2232 3389 turbidam,
2253 3324 2505 3391 dicendo,
2533 3324 2693 3379 Dulce
2729 3332 3070 3388 amarum,et
3104 3338 3135 3376 e
3155 3338 3288 3377 con-

1713 3428 1898 3469 verso:
1918 3412 2020 3478 Qui
2038 3422 2236 3482 ponunt
2261 3415 2497 3467 tenebras
2510 3414 2695 3478 lucem,
2715 3422 2763 3467 et
2782 3412 2947 3467 lucem
2967 3412 3204 3467 tenebras
3221 3411 3286 3466 '°.

1719 3505 1914 3562 Verum
1949 3516 2188 3561 amaram
2246 3504 2554 3559 Scribarum
2597 3513 2652 3559 et
2691 3504 3107 3571 Pharisaeorum,
3159 3503 3286 3575 quin

41 3588 135 3651 ιοῖς
172 3589 360 3658 ἁγίοις
411 3593 711 3664 Πατράσιν-
740 3598 1184 3669 ἐπιφημίζοντες,
1238 3601 1351 3662 τοϊς
1388 3598 1516 3652 ἐκεί·

1814 3601 2168 3655 nereticorum
2200 3597 2621 3668 obliquationem
2648 3612 2712 3652 ac
2734 3597 3186 3653 adulterationem
3210 3612 3289 3650 re-

41 3681 332 3753 mzﬂqpoi';
367 3685 461 3739 καὶ
498 3687 780 3743 δυσσεδέσι
832 3691 1247 3762 συγγράμμασι,
1278 3691 1377 3756 τὰς
1426 3692 1516 3745 αὐτ

1808 3699 2042 3760 luentes.
2096 3691 2161 3746 ad
2193 3690 2489 3745 salutarem
2553 3690 2858 3745 doctrinam
2917 3703 3283 3745 recurramus.

41 3774 215 3839 τιμίας
243 3779 621 3849 προσηγορίας
653 3781 995 3852 χραίνοντες·
1040 3785 1133 3836 καὶ
1167 3785 1233 3837 τὰ
1263 3785 1360 3855 μὲν
1400 3784 1777 3856 Ἀπολινσρίου
1820 3782 1912 3836 τοῦ
1946 3783 2256 3848 δυσσεϐοῦς,
2303 3782 2432 3835 ποτε
2495 3778 2595 3850 μὲν
2649 3780 2949 3853 ’Δθανασίῳ
3008 3779 3084 3849 τῷ
3124 3778 3285 3850 θείῳ·

41 3863 162 3915 τοτὲ
232 3864 329 3925 δὲ,
403 3866 605 3938 Ἰουλίῳ
654 3870 729 3941 τῷ
785 3871 884 3941 τῆς
941 3873 1315 3944 πρεσϐυτέρας
1383 3874 1602 3947 Ῥώμης
1677 3873 1958 3945 προέδρῳ·
2009 3873 2042 3945 ἢ
2093 3873 2379 3944 Γρηγορῐῳ
2405 3873 2480 3944 τῷ
2508 3872 3165 3946 Θαυματουργῷνῆἇλλῳ
3185 3872 3290 3924 τινί

41 3954 138 4006 τῶν
167 3955 450 4027 ἑγκρίτων
481 3961 738 4033 Πατέρων
771 3964 1165 4035 ἐπιγράφοντες
1184 3985 1196 3997 ·
1225 3967 1318 4021 καὶ
1337 3968 1470 4023 ἄλλα.
1487 3968 1686 4031 ἄλλοις,
1715 3966 2009 4038 ὀρθοδόξων
2051 3965 2150 4036 μὲν
2185 3968 2511 4036 αίρετικοῖς·
2544 3964 2833 4038 αἱρετικῶν
2883 3963 2927 4018 δ’
2967 3962 3290 4035 ὀρθοδόξοις.

41 4042 198 4099 Ὅθεν
246 4051 345 4102 καὶ
376 4051 529 4103 αὐτοὶ
576 4052 637 4105 τὺ
699 4054 819 4106 οὐαὶ
879 4056 963 4122 ἐφ’
1009 4057 1237 4117 ἑαυτοὺς
1275 4057 1528 4110 ἕλκουσι·
1609 4058 1920 4122 ποτίζοντες
1990 4057 2116 4119 τοὺς
2161 4054 2387 4126 πλησίον
2435 4054 2744 4124 ἀνατροπὴν
2791 4052 3038 4124 θολερὰν,
3096 4055 3159 4105 ὲκ
3197 4050 3295 4105 τοῦ

41 4143 251 4208 λέγειν·
304 4146 530 4211 Humor
563 4147 786 4217 γλυκὺ,
825 4149 920 4203 καὶ
966 4149 1313 4203 τούναντίον·
1348 4149 1615 4215 τιθέντες
1686 4151 1753 4204 τὸ
1787 4150 2010 4216 σκότος
2053 4151 2140 4214 εὶς
2180 4147 2328 4217 φῶς,
2375 4145 2476 4200 καὶ
2513 4146 2580 4200 τὸ
2641 4145 2767 4216 φῶς
2809 4150 3050 4210 σκότος.
3133 4143 3295 4198 Ἀλλὰ

41 4233 133 4304 τὴν
181 4236 391 4307 πικρὰν
424 4235 531 4289 τῶν
555 4238 933 4308 Γραμματέων
958 4242 1052 4293 καὶ
1078 4241 1385 4312 Φαρισαίων
1405 4283 1420 4307 ,
1455 4243 1515 4295 οὐ
1541 4243 1647 4313 μὴν
1685 4241 1819 4296 ἀλλά
1854 4241 1947 4295 καὶ
1975 4238 2266 4310 αἱρετικῶν
2300 4238 2679 4310 παρεξήγησιν
2703 4235 2797 4291 καὶ
2854 4234 3069 4290 νοθείαν
3130 4252 3309 4288 καταε.

41 4330 309 4392 λιπόντες,
364 4329 500 4399 πρὸς
541 4330 638 4400 τὴν
680 4332 945 4403 σωτήριον
984 4332 1332 4388 διδασκαλίαν
1380 4332 1871 4405 ἐπαναδράμωμεν.

108 4421 277 4488 Λέγει
337 4421 446 4490 γὰρ
495 4420 630 4489 πρὸς
675 4421 802 4485 τοὺς
862 4422 1148 4488 Ἰουδαίους
1186 4428 1214 4478 ό
1255 4426 1492 4494 Κύριος·
1533 4428 1576 4476 0

1841 4426 1881 4480 it
1903 4424 2167 4495 siquidem
2183 4422 2210 4479 ,Ι
2219 4422 2385 4478 udaeis
2413 4420 2674 4477 Dominus
2695 4437 2708 4473 :
2736 4417 2924 4474 Nonne
2937 4419 3135 4489 Moyses
3151 4419 3309 4475 dedit-

41 4512 307 4582 Μωῢσῆς
334 4512 592 4566 δέδωκεν
618 4513 759 4583 ὑμῖν
791 4515 898 4568 τὸν
924 4517 1112 4586 νόμον
1128 4533 1149 4581 ;
1178 4518 1275 4571 καί
1320 4517 1520 4582 οὐδεὶς
1548 4516 1617 4582 ἐξ

42 4604 208 4673 ὑμῶν
254 4602 418 4656 ποιεῖ
438 4604 546 4655 τὸν
586 4606 796 4674 νόμον.
840 4606 968 4659 Ἰδοὺ
1020 4607 1206 4674 σαφῶς
1253 4608 1340 4661 διὰ
1389 4608 1616 4673 τούτων,

41 4692 210 4759 γνῶθι
258 4692 674 4762 ἀκρισέστερον,
706 4695 981 4766 ἀγαπητὲ,
1007 4697 1088 4750 ὅτι
1133 4699 1319 4763 καθὼς
1361 4700 1616 4771 ἀνωτέρω

42 4783 279 4851 ἔφημεν,
314 4781 377 4833 ἐκ
408 4782 648 4852 νομικῶν
692 4786 785 4838 καὶ
832 4789 1187 4858 προφητικῶν
1221 4792 1320 4860 τὴν
1358 4792 1617 4846 διδασκα-

41 4875 159 4951 λίαν
197 4876 226 4927 ό
272 4877 478 4946 Κύριος
525 4876 660 4948 πρὸς
693 4881 819 4942 τοὺς
885 4880 1172 4946 Ἰουδαίους
1229 4885 1482 4947 ἐποιεῖτο,
1529 4886 1616 4939 ὅτε

45 4968 241 5020 ἐκεῖνοι
281 4968 357 5037 τῷ
388 4967 566 5036 φθόνῳ
600 4969 945 5038 κεντούμενοι
976 4970 1212 5039 ἔφασκον
1238 4989 1252 5005 ·
1285 4973 1415 5039 Πῶς
1441 4971 1619 5041 οὗτος

47 5057 371 5125 ηοὰμματα,
401 5059 487 5126 μὴ
510 5061 884 5127 μεμαθηκὼς,
911 5059 1074 5126 cide;
1116 5062 1339 5132 Τρανῶς
1380 5066 1486 5135 γὰρ
1526 5067 1621 5120 νῦν

50 5147 211 5199 αὐτοῦ
238 5145 332 5200 τοῦ
363 5147 528 5215 νόμου
573 5150 664 5200 καὶ
691 5148 785 5201 τοῦ
815 5151 1102 5214 δεδωκότος
1140 5152 1383 5216 Μωσέως
1423 5154 1616 5224 ὑπομι-

53 5241 304 5308 μνήσκει.
356 5241 536 5294 πᾶσαν
566 5242 747 5305 αὐτοῖς
794 5242 1100 5296 ἀποκλείων
1140 5241 1389 5297 ἐντεῦθεν
1427 5245 1620 5300 ἀπολοο

54 5331 194 5397 γίαν.
244 5325 399 5396 Εἶτα,
448 5333 539 5385 καὶ
588 5333 680 5388 τὸν
730 5336 1112 5405 κεκρυμμένον
1161 5337 1256 5389 καὶ
1316 5336 1463 5390 ἔνδον
1516 5357 1618 5408 μυ-

55 5423 263 5494 χοῦντα,
279 5427 343 5495 τῇ
373 5426 638 5495 μιαιφόνῳ
652 5427 829 5479 αὐτῶν
849 5428 1044 5498 καρδίᾳ
1055 5428 1203 5481 δόλον
1219 5429 1620 5494 ἀποκαλύπτει,

57 5516 257 5586 φήσας·
285 5518 346 5570 Τί
366 5534 443 5585 με
481 5515 702 5582 ζητεῖτε
727 5518 1071 5571 ἀποκτεῖναι
1088 5535 1106 5582 ;
1125 5521 1185 5572 Οἱ
1209 5520 1264 5573 δὲ
1287 5521 1584 5593 πάντολμοι
1607 5566 1621 5589 ,

61 5609 152 5661 καὶ
180 5607 275 5678 τῆς
309 5604 652 5681 παρανομίας
690 5608 995 5679 σύντροφοι,
1027 5610 1144 5682 δέον
1178 5611 1246 5664 τὰ
1277 5614 1494 5682 κρυπτὰ
1526 5618 1623 5687 τῆς

90 5763 101 5769 -
128 5723 171 5750 "
198 5721 356 5776 Mare.
409 5737 505 5782 vn,
545 5721 598 5775 8.
644 5706 721 5751 ἐδ
752 5720 943 5776 Matth.
975 5739 1124 5786 xxltt,
1164 5723 1254 5778 25.
1334 5726 1379 5756 ’⁵⁸⁷
1420 5728 1549 5783 ibid.

69 5790 107 5820 ⁷³
140 5790 286 5845 lum.
315 5809 407 5856 vn,
434 5790 517 5845 i9.
593 5792 637 5822 ⁷³
672 5789 812 5844 Psul.
843 5808 935 5857 vu,
974 5794 1057 5846 l0.

1649 5731 1692 5760 “
1727 5729 1920 5784 Matth.
1944 5745 2050 5794 xu,
2084 5728 2168 5783 16.

1723 4517 1864 4571 vobis
1887 4517 2052 4588 legem
2079 4516 2105 4570 7
2129 4526 2178 4570 et
2204 4531 2352 4569 nemo
2383 4531 2448 4569 ex
2480 4513 2620 4569 vobis
2651 4513 2778 4584 facit
2802 4512 2966 4583 legem
2994 4511 3061 4566 τί.
3094 4510 3196 4577 En,
3218 4511 3298 4567 (Ιίε-

1723 4608 1882 4671 leete,
1906 4609 2053 4663 unde
2091 4607 2403 4664 accuratius
2448 4607 2687 4670 noveris,
2724 4612 2786 4660 ut
2833 4603 3293 4673 quemadmodum

1724 4699 1980 4769 superius
2009 4699 2266 4762 diximus,
2310 4705 2442 4777 tunc
2481 4712 2633 4751 suam
2667 4695 2932 4749 Dominus
2959 4693 3026 4747 ad
3078 4692 3304 4747 Iudaeos

1722 4786 2032 4842 doctrinam
2076 4801 2140 4841 ex
2178 4785 2441 4856 legalibus
2492 4798 2556 4836 ac
2589 4781 2926 4852 propheticis
2963 4778 3295 4839 institueret,

1725 4890 1848 4931 cum
1881 4874 1956 4929 illi
1988 4874 2302 4928 stimulante
2332 4869 2557 4933 invidia,
2598 4869 2851 4923 dixerunt
2885 4887 2897 4921 :
2926 4866 3194 4932 Quomodo
3218 4868 3301 4919 hic

1725 4962 1822 5023 scit
1847 4966 2073 5029 litteras,
2126 4980 2243 5017 cum
2286 4977 2387 5015 non
2443 4960 2742 5015 didicerit?
2780 4958 3071 5028 Perspicue
3125 4957 3295 5016 enim.

1727 5075 1852 5114 eum
1896 5056 2031 5127 legis
2054 5053 2322 5118 meminit,
2347 5062 2461 5108 tum
2522 5051 2683 5106 Musis
2707 5048 3049 5123 legislatoris,
3082 5062 3298 5101 onmem

1729 5150 1810 5206 eis
1841 5149 1969 5204 inde
1998 5145 2404 5202 excusationem
2442 5141 2756 5198 excludens.
2783 5140 2991 5195 Deinde
3017 5138 3180 5193 etiam
3202 5153 3299 5193 oc-

1728 5242 1957 5305 cultum,
1995 5250 2277 5309 pronoque
2305 5235 2359 5290 in
2384 5234 2560 5290 caedes
2594 5246 2782 5288 eorum
2810 5231 2970 5286 corde
2998 5228 3298 5285 latitantem

1728 5335 1935 5397 dolum,
1957 5332 2178 5402 detegit,
2201 5330 2387 5385 dicens
2411 5345 2424 5382 :
2448 5325 2585 5392 Quid
2608 5341 2689 5380 me
2714 5321 3298 5396 quwritisinterﬁccre?

1730 5427 1932 5482 Verum
1964 5423 2314 5480 audacissimi
2344 5420 2614 5484 homines,
2639 5434 2703 5473 ac
2742 5415 3040 5486 iniquitatis
3068 5415 3295 5481 alumni,

1732 5535 1855 5573 cum
1890 5519 2177 5573 audientes
2199 5524 2407 5572 secreta
2436 5513 2635 5576 cordis,
2655 5508 2821 5566 Deum
2845 5520 3059 5579 quoque
3076 5505 3301 5561 debuis-

1731 5623 1851 5670 sent
1897 5626 2211 5684 aguoscere,
2257 5609 2349 5680 qui
2390 5610 2552 5665 corda
2588 5616 2643 5664 et
2677 5618 2835 5662 renes
2878 5608 3152 5656 scrutatur
3189 5599 3234 5631 τ’
3280 5619 3292 5653 :

2268 5729 2312 5760 ⁶⁹
2349 5725 2510 5780 Marc.
2565 5740 2660 5789 vn,
2726 5722 2779 5776 9.
2884 5713 3079 5769 "‘lsa.
3126 5711 3312 5777 v,‘.’0..
