3736 6308
923 332 1179 396 SERMO
1240 332 1322 393 IN
1380 329 1682 391 unum:
1723 313 2279 390 PENTECOS’I‘EN.

17 434 294 504 >6υστίςι
332 439 650 509 πίστεως,
698 444 799 499 οὐκ
843 445 907 497 ἐκ
938 446 1030 499 τοῦ
1063 444 1339 508 Μωῦσέως
1385 446 1554 509 ἐστὶν,
1589 451 1627 500 Α

31 525 106 576 ἐκ
162 526 290 578 τῶν
331 531 647 602 Πατὲρων.
686 534 791 590 Kal
837 534 907 588 ἐν
935 534 1232 601 Σαϐϐάτῳ,
1260 534 1415 606 φησι,
1449 546 1554 586 πε-

17 632 215 679 μνετε
249 616 639 687 ἄνθρωπον.
671 625 740 676 El
771 625 1100 693 περιτομὴν
1126 623 1416 693 λαμϐάνει
1451 623 1555 677 ἄν·

17 721 133 771 τος
166 707 250 760 ἐν
283 712 628 779 Σαϐϐάτῳ,
662 713 870 783 ἵναμὴ
919 695 1080 782 λυθῇ
1111 718 1141 769 ό
1173 715 1356 784 νόμος
1382 718 1552 768 Mati)-

17 812 82 861 ς’
147 799 301 867 ἐμοὶ
370 802 658 870 χολᾶτε,
710 804 799 858 ὅτι
851 804 1000 859 ὅλον
1047 805 1361 873 ἄνθρωπον
1411 804 1551 874 ὐτιῆ

18 890 169 954 ἠσα
247 891 330 944 ἐν
385 895 729 961 Σαϐϐάτῳ;
779 895 875 962 Μὴ
936 897 1168 962 κρίνετε
1215 896 1341 949 κατ’
1388 896 1551 965 ὄψιν,

17 976 55 1029 ὰ
90 978 229 1047 τὴν
263 980 553 1037 δικαίαν
596 986 799 1053 κρίσιν
851 987 1110 1053 κρίνατε.
1159 987 1245 1038 Ἐν
1292 987 1554 1055 Σαϐϐάτῳ

17 1074 292 1143 ,τέμνειν
330 1075 675 1146 ἄνθρωπον,
708 1074 893 1143 φησὶν,
925 1074 985 1125 οὐ
1029 1073 1402 1146 παραιτεῖσοε,
1432 1075 1552 1126 καί·

32 1166 147 1217 καὶ
182 1167 342 1219 αὐτὸ
380 1167 563 1239 ἔργον
592 1166 758 1220 ἐστίν.
803 1166 942 1220 Ἀλλ’
969 1168 1121 1236 ὅμως
1147 1167 1235 1220 διὰ
1259 1168 1350 1220 τὸν
1391 1167 1553 1237 νόμον

17 1275 65 1310 ro
100 1259 412 1330 πράττειν
453 1258 879 1328 διαγορεύοντα,
933 1260 981 1311 εί
1032 1259 1184 1329 τύχοι
1232 1250 1554 1328 γεννηθῆναι

17 1367 116 1417 ρος
178 1353 246 1402 ὲν
304 1351 619 1421 Σαϐϐάτῳ,
669 1350 827 1403 τοῦτο
876 1350 1232 1419 περιτέμνετε
1282 1351 1346 1419 τῇ
1395 1348 1553 1418 ὀγδόῃ

23 1456 127 1510 px.
169 1441 463 1493 τουτέστι
498 1440 575 1509 τῷ
606 1441 886 1511 ἐρχομένῳ
914 1440 1197 1509 Σαϐϐάτῳ,
1230 1439 1430 1509 καίπερ
1459 1437 1552 1491 τοῦ

17 1548 80 1585 ου
125 1529 449 1599 λέγοντος,
484 1535 591 1585 πᾶν
639 1531 798 1600 ἔργον
852 1532 925 1601 μὴ
978 1533 1149 1584 ποιεῖν
1179 1532 1236 1582 ὲν
1269 1530 1549 1601 Σαϐϐάτῳ,

17 1632 72 1674 5v
106 1623 293 1675 τοῦτο
327 1624 657 1692 πράττοντα
705 1621 1144 1692 ὲξολοθρεύεσθαι
1179 1623 1244 1674 ἐκ
1273 1620 1365 1674 τοῦ
1400 1620 1548 1684 λαοῦ,

18 1728 49 1778 ρ
101 1712 210 1764 καὶ
266 1704 569 1765 ’πέπονθεν
617 1711 646 1763 6
693 1712 750 1763 ὲν
799 1714 865 1782 τῇ
912 1712 1103 1782 ἐρήμῳ
1132 1713 1196 1781 τῇ
1246 1711 1430 1782 ἡμέρᾳ
1457 1708 1549 1762 τοῦ

17 1768 220 1856 ῖϐἀτου
259 1802 618 1872 συναγαγὼν
643 1800 711 1855 τὰ
748 1768 1374 1872 ξυὶίάριαί’λίθόὶίευστος
1400 1768 1551 1868 νενὸ-
1583 1768 1624 1821 Β

20 1911 83 1956 ος
109 1911 125 1923 ο
180 1894 365 1964 ὑμεῖς
412 1895 477 1948 δὲ
522 1892 914 1967 περιτέμνεσθε
952 1892 1142 1955 ἀδεῶς,
1184 1892 1271 1945 διὰ
1298 1893 1359 1944 τὸ
1389 1893 1551 1961 μέρος

70 1989 445 2058 περιτομῆς,
497 1984 691 2050 ὀλικῶς
743 1986 1063 2049 ἀθετοῦντες
1109 1987 1200 2038 τὸν
1248 1985 1429 2054 νόμον.
1490 1985 1552 2036 '0

17 2096 31 2129 2
78 2080 406 2144 πταίσας,
450 2079 637 2147 φησὶν,
681 2077 751 2130 ἐν
779 2076 889 2142 ἐνὶ,
925 2076 1134 2144 γέγονε
1178 2076 1419 2128 πάντων
1449 2075 1548 2129 ἕν-

17 2182 93 2229 )ς.
136 2164 245 2233 Μὴ
281 2166 536 2233 κρίνετε
560 2165 768 2218 τοίνυν
793 2165 919 2216 κατ’
946 2162 1109 2232 ὄψιν,
1132 2163 1290 2217 ἀλλὰ
1320 2162 1435 2230 τὴν
1465 2163 1552 2216 δι-

17 2254 119 2307 ῗαν
170 2255 406 2328 κρίσιν
441 2254 700 2321 κρίνατε.
750 2254 841 2323 Μὴ
888 2253 994 2324 γάρ
1047 2253 1127 2305 ὅτι
1176 2255 1242 2323 τῇ
1286 2252 1553 2322 προλήψει

17 2345 241 2414 ινόμου
294 2342 676 2415 κεκράτησθε,
723 2345 924 2413 καίπερ
970 2343 1038 2396 τὰ
1075 2343 1234 2396 λοιπά
1274 2344 1555 2415 παρωθού-

17 2452 124 2499 νοι,
160 2437 311 2504 πρὸς
338 2437 408 2489 τὸ
436 2436 568 2506 παρ’
594 2436 729 2505 ὲμυῦ
760 2435 1048 2505 γενόμενον
1081 2436 1457 2501 ἀγανακτεῖτε.
1490 2436 1553 2489 El

18 2544 51 2596 ρ
88 2527 187 2579 διὰ
222 2528 289 2580 τὸ
332 2527 582 2599 μερικῶς
609 2528 666 2579 ὲν
698 2526 968 2597 ἀνθρώπῳ
1008 2525 1094 2579 διὰ
1121 2528 1217 2596 τῆς
1252 2526 1555 2596 περιτομῆς

17 2620 283 2688 νόμενον,
350 2618 664 2689 παραλύετε
717 2619 942 2688 δννάμει
983 2619 1072 2671 τὸν
1123 2619 1304 2689 νόμον,
1351 2618 1437 2671 ἴνα
1480 2618 1555 2689 μὴ

17 2708 112 2761 Dav
143 2710 296 2780 λυθῇ
356 2709 389 2761 6
434 2709 597 2779 νόμος
640 2710 949 2772 Μωϋσέωςο
1006 2707 1167 2777 Ἐμοί
1205 2706 1422 2776 χολᾶτε
1467 2708 1555 2761 ὅτι

18 2818 101 2853 κον
143 2801 488 2870 ἄνθρωπον
530 2800 671 2871 ὑγιῆ
719 2801 977 2870 ἐποίησα
1006 2801 1076 2854 ἐν
1104 2800 1420 2864 Σαϐϐάτῳ;
1459 2799 1553 2869 Μὴ

18 2894 201 2945 νίνετε
243 2893 387 2945 κατ’
412 2892 575 2960 ὄψιν,
601 2892 764 2947 ἀλλὰ
790 2891 904 2959 τὴν
930 2890 1170 2946 δικαίαν
1201 2891 1404 2959 κρίσιν
1432 2891 1555 2959 κρί-

17 3001 122 3038 ιτε.
157 2985 364 3054 Εξγὰρ
392 2985 419 3036 6
446 2984 607 3055 μέρος
622 2983 908 3054 ἀνθρώπου
941 2982 1224 3053 ἰατρεύων,
1252 2983 1552 3045 ἐπαινετὸς,

17 3076 169 3130 ἰλλον
200 3077 233 3129 6
265 3077 397 3131 ὅλον
435 3075 720 3167 ἀνθρωπον
760 3075 889 3145 ὑγιῆ
920 3074 1211 3167 καθιστὰς,
1249 3075 1307 3128 οὐ
1334 3073 1552 3144 ψεκτός
1585 3111 1627 3167 c

17 3167 76 3221 .‘A’
128 3166 511 3239 εὐφημεῖσθαι
545 3167 713 3234 ἄξιος.
757 3168 867 3221 Καὶ
896 3165 1023 3221 ἄλλο
1062 3165 1120 3219 δέ
1165 3182 1219 3218 τι
1265 3164 1560 3235 βαθύτερον

17 3259 106 3331 ιὲρ
136 3261 236 3312 τὸν
260 3260 555 3329 πρόχειρον
588 3259 711 3313 νοῦν
757 3258 1037 3328 σημαίνειν
1059 3253 1211 3326 οἶμαι
1234 3254 1324 3309 τοῦ
1354 3255 1559 3322 Κυρίου

17 3370 27 3404 ι
52 3354 306 3421 ῥήματα.
327 3349 419 3419 Τῷ
436 3350 540 3419 γὰρ
563 3350 754 3414 εἰπεῖν,
768 3350 848 3403 ὅτι
876 3348 1063 3402 Ὅλον
1095 3347 1405 3415 ἄνθρωπον
1420 3344 1560 3413 ὑγιῆ

17 3441 233 3506 τογἠσα
273 3440 348 3493 ἐν
381 3436 460 3503 τῷ
483 3437 776 3503 Σαϐϐάτῳ,
800 3437 860 3490 οὐ
893 3436 1052 3505 μόνον
1082 3435 1144 3489 τὺ
1166 3436 1283 3487 ὅλον
1313 3431 1563 3502 σώματος

17 3535 108 3585 νεῖν
136 3533 198 3585 τὸ
231 3529 542 3602 παράλυτον
564 3529 838 3598 σημαίνει,
858 3528 972 3581 ἀλλ’
1001 3529 1085 3598 ὅτι
1106 3527 1200 3578 καὶ
1233 3522 1481 3595 ψυχικῶς
1505 3523 1565 3588 ἐξ

17 3624 274 3694 μαρτιῶν
298 3621 559 3676 νοσοῦντα
584 3620 792 3685 τοῦτον,
822 3620 943 3672 κατ’
972 3618 1255 3689 ἀμφότερα
1290 3616 1560 3680 ἐξιάσατο.

17 3720 164 3769 λλον
185 3717 321 3786 γὰρ,
362 3713 545 3784 φησὶν.
571 3713 884 3780 ἄνθρωπον
901 3711 1160 3776 ἐποίησα
1194 3705 1352 3777 ὑγιῆ.
1403 3705 1476 3758 Τὸ
1504 3704 1560 3757 δὲ

17 3805 139 3879 huc:
192 3810 329 3869 πᾶν,
379 3805 481 3859 κᾶν
513 3804 697 3876 ἄρτιον
822 3803 914 3856 καὶ
964 3800 1267 3862 ἀνελλιπὲς,
1311 3797 1427 3850 ἀλλ’
1464 3797 1564 3868 οὐχ

17 3917 93 3963 ’.ος
149 3900 301 3952 ἐστὶν
354 3895 667 3965 ἄνθρωπος’
711 3895 833 3956 ὅλος
877 3893 934 3946 δὲ
990 3891 1275 3962 ἄνθρωπος

18 4008 156 4055 στιν,
208 3990 237 4041 6
291 3990 356 4041 ὲκ
387 3987 564 4057 ψυχῆς
608 3985 701 4039 καὶ
753 3982 1003 4051 σώματος
1051 3979 1341 4046 συνεστὼς,
1368 3979 1427 4031 ὃν
1471 3977 1564 4031 καὶ

17 4082 172 4134 ἱςοαι
204 4081 409 4149 ἔφησεν
451 4075 647 4139 ὑλικῶς
678 4078 704 4129 6
738 4075 959 4146 Κύριος,
1004 4073 1147 4125 κατά
1175 4088 1233 4124 τε
1263 4069 1440 4140 ψυχὴν
1469 4068 1562 4120 καὶ

21 4173 168 4241 ῶμα.
226 4173 353 4225 Ὅτι
388 4168 444 4222 δὲ
492 4166 662 4220 ταῦτα
697 4164 868 4229 οὓτως
917 4166 1083 4229 ἐστὶν,
1133 4164 1198 4214 ὲκ
1241 4162 1351 4213 τῶν
1400 4158 1562 4212 αὐτοῦ

18 4260 79 4311 οὖ
116 4259 371 4329 Σωτῆρος
414 4254 672 4324 ῥημάτων
723 4252 858 4321 πρὸς
891 4252 983 4305 τὸν
1035 4251 1226 4321 πρώην
1255 4247 1564 4316 παράλυτον

22 4369 106 4403 στι
139 4349 354 4420 μαθεῖν.
389 4345 597 4413 Εὺρὼν
625 4345 732 4415 γὰρ
766 4342 967 4405 αὑτὸν,
1011 4341 1195 4412 φησὶν,
1237 4342 1269 4401 ό
1302 4338 1560 4405 Ἰησοῦς,

1363 3887 1563 3957 μᾶλλον

3095 330 3233 395 1534

1665 440 1725 494 Et
1756 442 1809 494 in
1838 440 2091 504 Sabbato,
2121 439 2314 510 Inquit,
2340 438 2712 494 circumciditis
2741 438 3022 494 hominm.
3042 438 3100 495 Si
3118 444 3229 495 cir-

1657 531 2027 583 cumcisioncm
2054 531 2246 598 accipit
2276 529 2426 583 homo
2455 530 2508 583 in
2524 527 2774 594 Sabbato,
2795 539 2967 583 utnon
2993 530 3230 585 solvatur

1657 620 1742 674 lex
1779 621 1942 690 Moysi
1982 636 1999 676 :
2035 621 2162 674 mihi
2190 619 2566 690 indignamini,
2597 621 2723 689 quia
2761 630 2927 674 totum
2966 621 3229 675 hominem

1653 728 1843 765 sanum
1869 713 1967 785 feci
2004 713 2058 765 in
2095 711 2325 766 Sabbulo
2355 713 2379 764 ?
2404 709 2582 764 Nolite
2641 711 2890 780 judicare
2940 714 3225 766 secundum

1654 803 1866 873 faciem,
1900 804 1992 857 sed
2015 802 2223 872 justum
2244 802 2509 872 judicium
2527 802 2798 871 judicate.
2823 801 2991 865 Nihil,
3031 803 3229 872 inquit,

1656 893 1921 947 recusatis
1948 893 2339 947 circumcidere
2371 891 2719 945 hominemin
2757 892 3013 952 Sabbato,
3053 908 3230 961 quan-

1654 997 1814 1050 quam
1845 983 2026 1051 ipsum
2049 980 2435 1036 circumcidere
2463 996 2611 1049 opus
2637 989 2740 1035 est.
2766 978 2994 1049 Propter
3027 980 3229 1034 nihdo-

1656 1069 1836 1124 minus
1856 1070 2027 1140 legem
2048 1071 2393 1123 mandantem
2424 1069 2539 1123 haec
2560 1069 2697 1134 ﬁeri,
2717 1068 2760 1122 si
2781 1070 3055 1140 contingat
3077 1070 3226 1124 nasci

1655 1159 1918 1214 infantem
1954 1159 2210 1222 Sabbato,
2252 1174 2375 1213 cum
2411 1158 2803 1213 circumciditis
2857 1159 2944 1215 die
2986 1168 3174 1213 octava
3208 1174 3224 1223 ;

1655 1251 1760 1305 hoc
1796 1258 1899 1316 est,
1934 1251 2181 1320 proxime
2215 1250 2463 1319 sequenti
2503 1250 2758 1313 Sabbato,
2801 1244 3108 1319 quanquam
3142 1251 3224 1303 lex

1652 1348 1818 1404 vetat,
1849 1354 1918 1393 ne
1944 1341 2088 1410 quod
2119 1355 2256 1409 opus
2282 1339 2518 1393 Sabbato
2556 1339 2769 1393 faciatis
2792 1340 2836 1370 ⁷⁸
2866 1339 3017 1404 ;sivc
3048 1349 3101 1392 ut
3132 1339 3226 1407 qui

1653 1430 1802 1493 facit,
1835 1430 2235 1483 exterminetur
2266 1430 2333 1483 de
2371 1429 2593 1498 populo,
2625 1428 2771 1497 quod
2800 1429 2964 1481 etiam
3003 1429 3051 1482 ei
3082 1429 3228 1483 acci-
3266 1440 3271 1449 τ

1655 1525 1755 1588 dit,
1787 1525 1878 1595 qui
1911 1524 1966 1577 in
1999 1523 2217 1577 deserto
2246 1521 2453 1592 lignula
2477 1520 2741 1589 colligens
2773 1520 2860 1573 die
2889 1517 3227 1583 Sabbati,la-

1658 1616 1871 1686 pidatus
1900 1621 1984 1669 est
2007 1615 2073 1667 ⁷⁷.
2098 1612 2207 1667 Vos
2234 1621 2414 1666 autem
2447 1610 2596 1665 nullo
2620 1610 2813 1665 timore
2841 1609 3228 1663 circumciden-

1655 1714 1755 1767 tes,
1771 1712 1989 1773 propter
2008 1710 2213 1771 partem
2230 1701 2378 1755 illam
2396 1700 2849 1763 circumcisionis,
2871 1700 3041 1769 legem
3057 1708 3225 1753 totam

1659 1795 1865 1848 irritam
1897 1793 2072 1845 facitis
2100 1810 2113 1844 :
2144 1790 2245 1855 Qui
2275 1790 2442 1853 enim,
2498 1790 2693 1859 inquit,
2741 1791 2950 1859 offendit
3003 1790 3059 1844 in
3099 1805 3225 1850 uno,

1658 1887 1829 1955 factus
1866 1890 1941 1937 est
1972 1882 2205 1934 omnium
2243 1895 2383 1933 reus.
2410 1878 2588 1932 Nolite
2619 1894 2748 1950 ergo
2780 1879 3027 1947 judicare
3049 1896 3227 1932 secun-

1658 1976 1781 2028 dum
1803 1973 2121 2046 faciem,sed
2133 1971 2338 2041 justum
2352 1969 2620 2039 judicium
2637 1969 2880 2039 judicate
2896 1969 3056 2023 ".Nc
3079 1969 3224 2023 enim

1658 2066 1784 2136 quia
1816 2065 1949 2135 legis
1980 2063 2404 2135 praesumptione
2436 2061 2718 2126 tenemini,
2755 2076 3063 2130 quanquam
3106 2060 3227 2113 reli-

1657 2170 1761 2225 qua
1784 2155 2024 2224 rejicitis,
2058 2153 2321 2208 adversus
2349 2152 2404 2205 id
2436 2150 2578 2220 quod
2601 2159 2813 2220 gestum
2841 2158 2944 2214 est,
2972 2148 3227 2218 indigue-

1659 2248 1816 2301 mini.
1859 2248 1914 2302 Si
1961 2246 2109 2302 enim
2133 2254 2357 2315 prapter
2392 2245 2519 2309 hoc,
2547 2243 2691 2313 quod
2736 2242 2790 2295 in
2821 2250 2972 2311 parte
2998 2240 3227 2296 circum-

1659 2338 1793 2392 cisio
1818 2337 1874 2391 in
1912 2337 2135 2391 homine
2170 2334 2317 2396 facit,
2344 2334 2515 2404 legem
2554 2332 2756 2386 virtute
2790 2330 3057 2395 vacuatis,
3082 2338 3225 2383 utne

1658 2429 1916 2483 nimirum
1934 2428 2174 2482 solvatur
2196 2424 2363 2496 Moysi
2393 2425 2473 2478 lex
2502 2463 2516 2487 ,
2543 2421 2668 2477 Mihi
2699 2420 3217 2492 indignumini,quia

1661 2529 1821 2572 totum
1856 2519 2119 2572 hominem
2148 2533 2337 2569 sanum
2362 2515 2459 2584 feci
2480 2514 2537 2566 in
2559 2511 2791 2567 Sabbato
2826 2513 2850 2565 .9
2880 2510 3059 2565 Nolite
3075 2510 3228 2580 judi-

1663 2627 1788 2663 care
1829 2614 2116 2662 secundum
2148 2608 2363 2678 faciem,
2393 2604 2485 2657 sed
2531 2605 2738 2672 justum
2786 2602 3046 2671 judicium
3069 2601 3227 2669 judi-

1661 2709 1794 2753 cale.
1827 2698 1964 2753 Cum
1998 2698 2145 2751 enim
2185 2697 2254 2761 is,
2297 2696 2390 2763 qui
2423 2693 2564 2763 parti
2595 2692 2846 2746 medetur
2874 2691 3091 2745 laudem
3123 2690 3225 2743 hac

1660 2791 1804 2855 beat,
1842 2787 2046 2858 potiori
2079 2788 2203 2856 jure
2235 2800 2341 2839 non
2371 2783 2537 2838 fuerit
2564 2782 2887 2852 culpandus,
2921 2780 3012 2850 qui
3047 2780 3228 2836 homi-

1663 2897 1784 2936 nem
1815 2890 1984 2935 totum
2001 2893 2193 2932 sanum
2217 2876 2363 2940 facit,
2383 2876 2477 2930 sei
2499 2873 2699 2929 celebri
2731 2873 2912 2943 potius
2930 2871 3071 2926 fama
3090 2870 3229 2925 cele-

1660 2970 1919 3025 brandas.
1941 2967 2189 3021 Arbitror
2221 2975 2403 3020 tamen
2426 2961 2702 3016 Dominica
2727 2961 2886 3015 verba
2906 2956 3229 3028 profundius

1661 3062 1882 3133 aliquid.
1900 3076 2060 3130 quam
2078 3058 2220 3130 quod
2237 3058 2408 3127 primo
2423 3055 2604 3110 statim
2621 3052 2854 3110 occurrit
2872 3066 3056 3117 sensu,
3072 3048 3232 3120 signi-

1669 3154 1849 3208 ﬁcare.
1885 3151 2018 3206 Nam
2063 3149 2297 3206 dicendo
2331 3163 2345 3201 ε
2383 3146 2566 3201 Totum
2594 3145 2854 3198 hominem
2901 3157 3090 3196 sanum
3133 3139 3232 3211 feci

1664 3246 1720 3298 in
1755 3242 2006 3308 Sabbato,
2027 3255 2133 3294 non
2173 3239 2226 3294 id
2263 3246 2475 3294 tantum
2515 3234 2735 3306 ingerit,
2751 3241 2810 3289 ut
2846 3246 3044 3301 corpus
3085 3226 3230 3299 quod

1662 3343 1782 3389 erat
1826 3332 2057 3403 paralysi
2107 3331 2429 3408 resolutum,
2485 3325 2897 3393 intelligamus;
2950 3321 3043 3376 sed
3086 3318 3232 3390 quod

1663 3427 1827 3479 etiam
1869 3424 2110 3477 animae
2143 3420 2382 3491 peccatis
2411 3419 2687 3479 laborans,
2722 3424 2955 3482 utroque
3006 3419 3232 3465 sanatus

1664 3518 1749 3571 sit.
1780 3516 1962 3569 Totum
1987 3513 2131 3567 enim
2150 3512 2428 3572 hominem,
2447 3508 2640 3576 inquit,
2662 3520 2850 3557 sanum
2883 3502 2981 3573 feci
3010 3498 3224 3554 inSab-

1668 3610 1813 3663 bato.
1848 3606 2008 3676 Atqui
2040 3617 2238 3674 corpus
2269 3610 2464 3664 totum,
2510 3609 2817 3667 quanquam
2864 3594 3132 3662 integrum
3167 3602 3234 3644 ac

1662 3702 1809 3756 nulla
1833 3699 2082 3753 mutilum
2106 3705 2280 3766 parte,
2303 3708 2414 3747 non
2446 3700 2529 3746 est
2560 3698 2705 3744 totus
2728 3689 2920 3751 homo;
2941 3685 3034 3739 sed
3062 3684 3233 3753 magis

1662 3801 1808 3847 totus
1847 3792 2007 3846 homo
2035 3797 2157 3852 est,
2206 3785 2298 3855 qui
2338 3799 2405 3838 ex
2446 3782 2627 3837 animo
2660 3787 2717 3834 et
2751 3791 2978 3846 corpore
3031 3773 3232 3829 consti-

1670 3878 1863 3943 tuitur,
1903 3891 2064 3945 quem
2089 3889 2147 3928 se
2172 3882 2342 3926 totum
2372 3869 2631 3923 Dominus
2658 3881 2876 3921 curasse
2905 3862 3184 3935 profitetur
3211 3878 3229 3929 ;

1664 3967 1810 4038 quod
1857 3965 2116 4019 nimirum
2168 3961 2233 4016 ad
2269 3960 2525 4014 animaur
2557 3964 2787 4027 spectat,
2820 3964 2876 4010 et
2914 3968 3134 4023 corpus.
3158 3952 3232 4009 Ut

1664 4059 1808 4113 enim
1835 4071 1899 4111 ea
1926 4057 2003 4110 sic
2035 4055 2290 4116 habeant,
2322 4066 2389 4104 cx
2447 4047 2618 4117 ipsius
2668 4045 2876 4101 Domini
2934 4042 3231 4098 Salvatoris

1663 4148 1843 4203 verbis
1870 4148 1936 4201 ad
1965 4160 2090 4199 eum
2117 4144 2208 4213 qui
2230 4126 2419 4197 fuisset
2449 4138 2796 4209 paralyticus,
2817 4132 2977 4191 facile
3008 4133 3224 4187 noveri-

1664 4256 1787 4295 mus
1816 4258 1828 4293 :
1864 4238 1994 4294 Cum
2023 4236 2190 4299 enim,
2217 4232 2413 4303 inquit,
2447 4229 2724 4286 invenisset
2746 4244 2864 4281 eum
2898 4225 3069 4291 Iesus,
3097 4224 3232 4277 uixit

1664 4330 1744 4384 illi
1774 4349 1786 4384 :
1814 4330 1944 4383 Ecce
1966 4344 2127 4383 sanus
2160 4326 2329 4397 factus
2356 4340 2408 4378 es
2432 4341 2452 4390 ;
2468 4322 2586 4390 jam
2612 4318 2720 4373 noli
2752 4334 2986 4387 peccare,
3008 4331 3071 4369 ne
3091 4315 3232 4368 dete-

18 4406 159 4493 ιῖπεν
190 4435 386 4504 αὐτῷ·
421 4406 540 4493 '16s
585 4406 758 4504 uiui";
803 4406 1083 4500 γέγονας,
1125 4430 1335 4497 μηκέτι
1379 4425 1493 4495 ἁμά

1754 4437 1776 4473 s
1809 4419 1903 4473 tibi
1932 4417 2134 4487 aliquid
2163 4416 2433 4483 contingat
2460 4411 2528 4464 τ’.
2578 4408 2714 4464 Cum
2757 4409 2941 4476 itaque
2993 4406 3229 4458 animam

18 4546 152 4595 are,
204 4528 415 4596 ἵναμὴ
457 4526 658 4596 χεῖρόν
706 4524 761 4576 τί
793 4539 888 4576 σοι
936 4520 1196 4589 γένηται.
1245 4517 1435 4571 Τοίνυν
1467 4517 1560 4569 καὶ

17 4621 166 4691 ιυχὴν
187 4616 247 4682 ἐξ
273 4617 575 4686 ἁμαρτιῶν,
607 4615 697 4666 καὶ
732 4614 888 4682 σῶμα
918 4614 982 4663 ἐκ
1018 4610 1297 4679 παρέσεως
1331 4607 1558 4675 ἰασάμε-

23 4727 100 4772 ος,
135 4699 252 4759 ὅλον
282 4706 409 4773 ὑγιῆ
438 4703 720 4774 ἄνθρωπον
752 4701 995 4768 ἐποίησε.
1026 4697 1119 4764 Μὴ
1156 4692 1270 4751 οὖν
1328 4698 1561 4763 κρίνετε

17 4800 123 4853 cat’
153 4796 315 4864 ὄψιν,
341 4790 385 4849 ὦ
416 4796 719 4865 Φαρισαῖοι,
766 4792 927 4846 ἀλλὰ
956 4789 1070 4857 τὴν
1097 4788 1335 4841 δικαίαν
1363 4787 1564 4854 κρίσιν

17 4888 434 4960 φίνετεΤαῦτα
469 4885 563 4939 τοῦ
592 4884 831 4956 Χριστοῦ
862 4881 1166 4952 εἰρηκότος,
1208 4877 1370 4940 τινὲς,
1408 4878 1561 4946 φησι,

17 4980 105 5031 τῶν
152 4976 588 5047 Ἱεροσολυμιτῶν
638 4973 945 5043 ἐθαύμαζον
996 4971 1104 5023 τῶν
1158 4968 1416 5039 ῥημάτων
1465 4968 1562 5037 τὴν

17 5070 296 5141 παρουσίαν
333 5070 447 5143 [πο.
481 5066 835 5139 παρρησίανὶ,
872 5064 965 5117 καὶ
993 5063 1099 5115 τῶν
1132 5060 1439 5131 Φαρισαίων
1467 5058 1566 5127 τὴν

17 5162 248 5231 ἠτυχίαν,
279 5161 526 5228 λέγοντες
548 5176 562 5191 σ
611 5161 732 5226 Οὐχ
767 5154 944 5221 οὗτός
977 5155 1145 5207 ἐστιν
1184 5149 1256 5203 ὃν
1289 5148 1567 5214 ζητοῦσιν

17 5252 378 5315 intercinat;
421 5251 526 5304 Καὶ
554 5250 644 5302 ἴδε
674 5248 979 5314 παρρησίᾳ
1009 5242 1202 5307 λαλεῖ,
1247 5241 1347 5294 καὶ
1388 5238 1568 5292 οὐδὲν

17 5342 164 5406 αὐτῷ
219 5342 482 5411 λέγουσι.
539 5341 783 5410 Μήποτε
831 5338 1107 5408 ἔγνωσαν
1154 5337 1208 5388 ol
1256 5334 1564 5400 ἄρχοντες,

19 5435 96 5487 ἔτι
132 5429 299 5499 οὗτός
343 5433 514 5485 ἐστιν
545 5430 783 5496 ἀληθῶς
815 5433 847 5483 ὁ
892 5430 1177 5495 Χριστός;
1213 5420 1307 5487 Οἷς
1350 5425 1569 5475 ἐπισυν-

26 5529 200 5581 imsr'
234 5524 335 5578 Τού
367 5518 480 5576 οὖν
509 5521 694 5590 ὄχλου
734 5520 945 5574 πολλοὶ
962 5520 1335 5573 ἐπίστευσαν
1366 5515 1568 5578 είςαὺ-

94 5695 129 5731 "
166 5707 317 5763 Exod.
360 5721 448 5767 xx,
484 5704 567 5757 40.
650 5705 693 5737 7‘
725 5702 883 5756 Num.
925 5702 1006 5767 15,
1055 5704 1139 5754 εις.

1242 5700 1285 5730 ’⁸
1325 5696 1510 5752 Iacob.
1543 5690 1717 5760 11,ίΟ.

1664 4528 1696 4565 a
1726 4510 1981 4580 peccatis,
2015 4516 2128 4561 tum
2159 4521 2357 4575 corpus
2382 4518 2581 4559 sanans
2604 4516 2633 4555 a
2652 4497 2899 4570 paralysi,
2936 4504 3104 4557 totum
3134 4494 3232 4547 bo-

1667 4603 1871 4655 mincm
1893 4614 2085 4654 sanum
2120 4598 2264 4652 fecit.
2291 4596 2467 4650 Nolite
2505 4609 2626 4663 ergo
2663 4592 2911 4661 judicare
2942 4589 3229 4641 secundum

1666 4693 1946 4757 hominem,
1981 4705 2015 4744 ο
2061 4688 2365 4751 Pharisaei;
2411 4687 2501 4741 sed
2536 4684 2739 4754 justum
2779 4679 3039 4748 judicium
3082 4673 3233 4743 judi-

1667 4795 1801 4838 cate.
1823 4783 1960 4836 Cum
1990 4783 2104 4835 haec
2131 4779 2383 4834 Christus
2410 4779 2626 4829 locutus
2664 4780 2833 4833 esset,
2874 4769 3113 4838 quidam,
3147 4764 3231 4816 in-

1667 4876 1805 4947 quit,
1837 4890 1903 4928 ex
1936 4870 2287 4938 Jerosolymis
2335 4867 2626 4921 verborum
2661 4860 2857 4917 Christi
2913 4859 3223 4913 libertatem

1671 4969 1956 5026 mirantes,
2014 4978 2080 5016 ac
2124 4959 2526 5013 Pharisaeorum
2577 4955 2878 5015 silentium,
2918 4948 3172 5004 dixerunt
3216 4961 3232 4999 :

1669 5058 1854 5113 Nonne
1883 5034 1967 5108 hic
1991 5063 2085 5118 est,
2111 5067 2260 5122 quem
2281 5056 2519 5118 quterunt
2550 5044 2839 5113 interﬁcere
2862 5043 2887 5095 ἵ
2904 5040 2969 5095 Et
2999 5054 3111 5092 ecce
3135 5052 3231 5104 pa—

1675 5150 1780 5203 lam
1815 5147 2067 5217 loquitur,
2093 5152 2141 5196 et
2155 5141 2296 5193 nihil
2321 5138 2368 5191 ei
2391 5138 2588 5191 dicunt.
2631 5132 2881 5204 Nunquid
2896 5133 3237 5199 cognoverunt

1672 5238 1951 5309 principes,
1979 5234 2104 5305 quia
2134 5233 2217 5284 hic
2248 5234 2325 5283 est
2348 5240 2467 5281 rere
2493 5224 2731 5281 Christus
2759 5222 2806 5254 ⁸⁵
2829 5222 2854 5276 ?
2889 5217 3228 5285 Subditque:

1679 5334 1752 5386 De
1781 5330 1935 5384 turba
1966 5342 2089 5396 ergo
2112 5322 2264 5376 multi
2307 5319 2638 5374 crediderunt
2681 5316 2735 5369 in
2775 5329 2912 5374 eum,
2950 5317 3235 5381 postquam

1675 5424 1792 5477 lucc
1844 5420 1933 5474 ille
1974 5419 2189 5471 locutus
2233 5419 2423 5466 esset:
2471 5408 2728 5463 nimirum
2772 5403 3065 5474 prudenter
3093 5396 3236 5467 cogi-

1678 5521 1884 5576 tantes,
1918 5523 2028 5564 non
2061 5505 2233 5561 fuisse
2255 5503 2467 5557 laturos
2495 5498 2792 5570 principes,
2811 5493 2902 5564 qui
2935 5492 3084 5548 sicin
3108 5502 3234 5545 cum

1799 5692 1840 5719 -β
1868 5686 2026 5742 1mm
2072 5702 2121 5750 ν,
2156 5682 2241 5736 M.
2317 5680 2363 5712 ⁸ο
2438 5676 2714 5740 loan.vu,
2746 5672 2838 5729 35.
