3736 6308
1047 317 1302 379 SERMO
1343 322 1641 382 CONTRA
1691 325 2019 386 JUDEOS-

1722 179 1780 191 ‘-

3042 334 3180 401 1598

14 405 346 479 poSv-ceg,
380 414 474 469 νῦν
510 416 611 488 μὲν
636 419 735 488 τὴν
763 420 951 491 τιμίαν
984 425 1198 497 ἡμέραν
1247 429 1348 498 τῆς
1393 432 1507 484 Με-

1684 449 1733 486 ιη
1759 434 2126 491 venerandam
2167 435 2507 497 celebremus
2552 438 2901 498 festivitatem
2959 443 3183 503 Media:—

14 503 365 574 τηκοστῆς
397 506 779 579 ἐορτάσωμενθ
827 513 1058 579 ἑαυτοὺς
1114 517 1170 570 δὲ
1221 519 1506 591 ἐπιτήδεια

13 605 36 639 ι
74 593 195 643 καὶ
234 595 477 671 καθαρὰ
509 598 617 651 ἀπὸ
647 605 847 666 παντὸς
880 605 1052 675 ῥύπου
1088 612 1508 664 κατασκευάσω-

13 678 111 730 ἴνα
142 683 262 733 καὶ
295 686 524 757 ἡμέραν
546 688 645 759 τῆς
669 691 1051 765 Πεντηκοστῆς
1079 695 1344 766 θεοφιλῶς
1368 701 1507 768 φθά-

14 787 16 793 ι
32 784 58 795 Δ

13 784 58 828 :;
121 769 544 844 ὲορτάσωμεν.
596 778 693 831 καί
737 783 1040 850 παρουσίας
1088 786 1184 838 καὶ
1223 788 1506 859 ἐπιφοιτή-

35 859 422 949 όιξιωθῶμεν
479 867 572 920 τοῦ
621 869 777 939 ἁῨίου
813 873 1151 944 Πνεύματος,
1188 880 1372 949 χάριτι
1408 882 1505 934 καὶ

13 947 303 1038 ιθρὲυπίᾳ
385 954 479 1007 τοῦ
570 958 777 1027 Κυρίου
846 962 1005 1030 ἡμῶν
1110 947 1285 1034 Ἰησοῧ
1368 968 1505 1038 Χρι-

13 1055 29 1068 ·
223 1042 267 1112 ἡ
352 1043 479 1108 δόξα
533 1047 613 1110 εἰς
674 1050 801 1112 τοὺς
855 1051 1059 1117 αἰῶνας
1110 1053 1219 1107 τῶν
1271 1054 1501 1111 αἰώνων.

13 1147 87 1199 ιν.

689 1273 762 1327 Γ’.

13 1381 195 1462 ’τίορ
258 1383 620 1466 ἐπισκόπου.
649 1389 1026 1466 ’Νεαπόλεως
1047 1393 1183 1466 ’τῆς
1227 1397 1470 1466 Κύπρου
1489 1439 1504 1462 ,

72 1453 200 1531 τρῦ
232 1453 539 1531 ,πέμπτοςυ
575 1459 795 1531 λόγου,
816 1461 970 1529 ὑπὲρ
996 1453 1108 1531 τῆς
1129 1453 1509 1530 ’Χριστιᾶνῶνί

13 1521 335 1642 τονῗγίας
370 1524 519 1579 κατὰ
575 1521 899 1595 Ἰοὺδαίων,
930 1521 1065 1585 ’καί
1086 1521 1224 1602 ’περὶ
1261 1539 1509 1591 εἰκόνων

14 1605 76 1638 η·
163 1608 351 1642 τοίων.
1294 1615 1301 1622 ’

14 1605 76 1638 η·
108 1605 351 1658 arnor.
1294 1615 1301 1622 ·

1606 534 1956 593 pentecostes
1987 542 2005 593 ;
2067 526 2173 596 ipsi
2227 536 2411 582 autem
2446 529 2642 585 idonea
2673 546 2800 587 vasa
2835 545 3179 604 prmatemus,

1604 625 1658 668 et
1682 617 1752 669 ab
1782 617 1932 671 omni
1963 618 2167 673 munda
2201 618 2387 684 sorde,
2405 634 2515 689 quo
2548 631 2604 675 et
2621 621 2996 679 Pentecostem
3017 640 3184 682 occu-

1600 713 1815 773 pantes,
1836 706 2087 777 religiosa
2111 707 2311 776 pietate
2336 708 2602 772 colamus,
2623 709 3022 783 dignemurque
3045 730 3185 783 prte-

1602 798 1781 853 sentia
1826 815 1889 855 ac
1934 801 2174 857 adventu
2225 801 2463 871 Spiritus
2507 804 2702 866 sancti,
2740 818 2805 858 ac
2847 805 3184 876 benignitate

1605 884 1822 942 Domini
1853 889 2025 943 nostri
2051 889 2182 943 Jesu
2214 889 2441 956 Christi,
2461 891 2550 945 cui
2570 891 2740 963 gloria
2768 892 2827 946 in
2856 894 3051 949 saecula
3080 911 3182 951 ate-

1604 976 1874 1031 culorum.
1944 979 2137 1032 Amen.

1610 1415 2073 1490 Leontiigepiscopi
2100 1419 2391 1488 Neapoleos
2424 1420 2603 1489 Cypri,
2644 1437 2708 1475 ea:
2734 1422 2915 1490 quinto
2947 1408 3184 1476 sermons

1684 1503 1777 1561 pro
1815 1487 2235 1561 Christianorum
2269 1487 2515 1561 apologia
2549 1487 3006 1556 contra'Juda’os,
3031 1507 3094 1544 ac
3115 1491 3183 1544 de

1682 1557 1999 1626 imaginibus
2024 1557 2345 1612 sanctorum.

1104 1712 1291 1785 (ΜΑιςξι
1325 1715 1485 1774 Conc.
1531 1732 1570 1781 ι.
1597 1729 1738 1794 XIII,
1765 1748 1820 1801 p.
1854 1731 1965 1803 45.)

13 1816 103 1888 ipe
154 1817 231 1888 δὴ
280 1816 472 1872 λοιπον
506 1822 634 1892 περὶ
686 1823 793 1876 τῶν
834 1824 1234 1898 σεπτογράφων
1285 1831 1514 1887 εἰκόνων

1685 1843 1779 1897 Eia
1798 1858 1943 1898 nunc
1984 1858 2052 1900 oe
2082 1851 2280 1899 caetero
2310 1858 2477 1913 super
2506 1852 2833 1899 veneranter
2855 1843 3017 1914 pictis
3045 1845 3182 1899 ima—

13 1909 218 1977 λογίαν
290 1913 632 1982 ποιήσωμεν,
689 1914 837 1978 ὅπως
885 1919 1214 1989 ὲμφραγῶσι
1272 1926 1513 1995 στόματα

13 2018 227 2055 ιυντων
277 2003 523 2059 ἀδικίαν.
564 2004 785 2076 Νομικὴ
820 2007 930 2078 γὰρ
967 2011 1063 2063 καὶ
1098 2014 1239 2085 αὐτὴ
1269 2017 1301 2085 ἡ
1332 2020 1511 2087 παρά-

13 2110 67 2154 ς.
99 2094 231 2146 Καὶ
263 2094 506 2147 ἄκουσον
542 2097 632 2150 τοῦ
662 2098 797 2152 Θεοῦ
822 2099 1075 2168 λέγοντος
1100 2105 1238 2175 πρὸς
1266 2109 1470 2178 Μωσῆν
1496 2125 1510 2140 ·

13 2186 169 2250 ὄντας
244 2184 365 2239 δύο
434 2189 727 2258 Χερουϐὶμ
797 2196 1279 2262 χρυσογλύπτων
1334 2215 1513 2253 κατα-

14 2276 250 2334 ύασαι,
311 2278 830 2339 κατασκιαζῖτντων
874 2282 942 2335 τὸ
989 2287 1367 2361 ἰλαστήρρον.
1406 2294 1514 2346 Καὶ

15 2385 69 2419 ιν
97 2408 114 2434 ,
147 2369 315 2421 κατὰ
356 2369 449 2423 τὸν
468 2370 623 2438 ναὸν,
658 2371 718 2424 ὃν
758 2373 960 2438 ἔδειξεν
991 2374 1020 2425 6
1059 2376 1192 2442 Θεὸς
1230 2381 1306 2451 τῷ
1351 2383 1511 2447 Ἰεζε-

13 2474 77 2512 t'
138 2464 480 2528 Πρόσωπα,
531 2458 676 2526 εἷπε,
718 2467 1032 2533 φοινίκων,
1081 2471 1181 2525 καὶ
1225 2477 1510 2540 λεόντων,

43 2551 425 2619 ἀνθρώπων,
460 2552 558 2605 καί
584 2555 871 2624 Χερουϐὶμ
894 2556 1013 2610 ἀπὸ
1039 2558 1302 2628 ἐδάφους
1326 2565 1514 2619 αὑτοῦ

13 2668 17 2677 ο
57 2642 177 2697 τοῦ
228 2640 621 2711 φατνώματος
661 2643 771 2712 τῆς
806 2645 1052 2715 στέγης.
1099 2651 1305 2716 Ὄντως
1354 2655 1514 2723 φοόε-

27 2738 58 2788 ὁ
106 2734 285 2803 λόγος
317 2736 344 2786 6
399 2735 776 2804 ἐντειλάμενος
821 2737 899 2806 τῷ
940 2739 1155 2810 Ἰσραὴλ
1184 2743 1258 2812 μὴ
1292 2745 1513 2815 ποιῆσαι

13 2828 183 2877 ’τοῖον
207 2825 477 2894 γλυπτὸν,
512 2826 648 2895 μηδὲ
674 2828 880 2890 εἰκόνα,
936 2829 1071 2899 μηδὲ
1110 2834 1383 2904 ὁμοίωμα,
1416 2836 1515 2890 ὅσα

13 2915 66 2966 ἰν
93 2918 158 2967 ὲν
179 2916 267 2984 τῷ
294 2915 532 2985 οὐρανῷ,
573 2918 666 2968 καὶ
692 2918 792 2970 ὅσα
825 2922 973 2973 ἐστὶν
1011 2923 1104 2974 ἐπὶ
1126 2922 1224 2993 τῆς
1257 2926 1359 2994 γῆς
1384 2942 1397 2954 ·
1421 2927 1514 2978 καὶ

13 3007 82 3069 δὸς
156 3007 500 3076 προστάσσει
561 3005 638 3076 τῷ
699 3008 924 3062 Μωῦσεί
998 3016 1221 3082 ποιῆσαι
1302 3015 1515 3082 γλυπτὰ

13 3100 112 3176 ita3
152 3097 462 3167 Χερουϐὶμ,
497 3096 556 3162 6;
589 3100 681 3152 καὶ
723 3101 799 3171 τῷ
840 3104 1102 3175 Ἰεζεκτὴλ
1146 3107 1325 3178 πλήρη
1370 3111 1512 3163 εἰκόι

13 3187 158 3239 ικαὶ
187 3189 554 3256 ὁμοιωμάτων
597 3189 873 3256 γλυπτῶν,
927 3194 1177 3260 λεόντων,
1229 3198 1509 3267 φοινίκων,

41 3275 369 3347 ἀνθρώπων
394 3277 632 3330 δείκνυσι
660 3279 749 3332 τὸν
777 3282 923 3336 ναόν.
961 3283 1121 3337 Ὅθεν
1162 3287 1254 3338 καὶ
1298 3289 1326 3339 6
1358 3288 1515 3341 Σολο-

13 3387 42 3418 ν
72 3371 139 3420 ὲκ
173 3367 348 3436 νόμου
375 3366 556 3422 λαϐὼν
580 3369 671 3421 τὸν
695 3369 884 3433 τύπον,
915 3372 1094 3444 πλήρη
1130 3377 1400 3444 πεποίηκε
1423 3379 1512 3431 τὸν

13 3478 52 3511 ιν
86 3458 342 3529 χαλκῶν,
374 3458 471 3510 καὶ
512 3458 786 3528 γλυπτῶν,
820 3465 915 3516 καὶ
952 3467 1236 3534 χωνευτῶν
1258 3465 1512 3534 λεόντων,

13 3590 21 3602 .
49 3549 217 3620 βοῶν,
245 3549 342 3602 καὶ
375 3549 652 3615 φοινίκων,
693 3553 785 3605 καὶ
805 3553 1103 3626 ἀνθρώπων
1126 3571 1139 3586 '
1175 3557 1268 3611 καὶ
1294 3558 1355 3611 οὐ
1382 3577 1515 3612 κατ·

13 3641 179 3710 ρώσθη
213 3643 275 3693 ὲν
311 3640 458 3709 αὐτῷ
489 3642 592 3694 ὑπὸ
627 3643 782 3698 Θεοῦ.
808 3646 869 3698 Εἰ
903 3648 1089 3700 τοίνυν
1120 3649 1253 3718 ἐμοῦ
1286 3666 1515 3720 καταγι-

13 3750 164 3785 σκειν
189 3732 367 3794 θέλεις
394 3734 520 3803 περὶ
536 3735 781 3801 εἰκόνων,
808 3738 1119 3807 κατάγνωθι
1136 3741 1232 3793 τοῦ
1257 3741 1391 3796 Θεοῦ
1419 3743 1514 3796 τοῦ

13 3823 106 3875 Ξτα
136 3828 315 3877 ποιεῖν
349 3824 706 3889 κελεύσαντος
734 3830 814 3891 εἰς
843 3830 1150 3901 ὑπόμνησιν
1177 3832 1340 3886 αὐτοῦ
1377 3829 1516 3889 εἶναι

17 3913 63 3983 ρ’
98 3916 259 3983 ἡμῖν.
305 3914 364 3966 ’0
401 3916 652 3980 Ἰουδαῖος
686 3918 790 3988 ἔφη
813 3935 827 3949 ·
866 3920 1004 3972 Ἀλλ’
1034 3923 1093 3975 οὐ
1120 3925 1515 3993 προσεκυνοῠν-

17 4003 211 4057 ἐκεῖνα
239 4002 314 4066 ὡς
347 4001 460 4056 θεοὶ
499 4004 569 4058 τὰ
606 4006 946 4077 ὁμοιώματα,
990 4010 1105 4064 ἀλλ’
1159 4013 1516 4084 ὑπομνήσεως

14 4111 112 4162 νης
156 4096 319 4164 χάριν
367 4094 632 4160 ἐγένοντο.
677 4097 734 4149 '0
769 4099 1095 4169 Χριστιανὸς
1139 4101 1278 4172 ἔφη’
1323 4103 1518 4168 Καλῶς

13 4202 126 4247 τας·
162 4185 283 4238 οὐδὲ
309 4186 440 4256 παρ’
465 4189 596 4255 ἡμῖν
623 4188 698 4250 ὡς
730 4188 843 4242 0εοί
867 4193 1300 4261 προσκυνοῦνται
1330 4197 1379 4247 οἰ
1408 4195 1518 4249 τῶν

13 4276 116 4329 ’ίων
149 4279 521 4347 χαρακτῆρες.
567 4280 663 4331 καὶ
696 4280 924 4345 εἰκόνες,
955 4283 1048 4335 καὶ
1076 4283 1260 4338 τύποι.
1312 4286 1373 4339 Εἰ
1413 4288 1518 4358 γὰρ

13 4385 24 4429 ;
54 4369 185 4420 Θεὸν
217 4369 582 4438 προσεκύνουν
610 4371 668 4423 τὺ
706 4372 860 4435 ξύλον
904 4374 1004 4444 τῆς
1034 4376 1261 4439 εἰκόνος,
1298 4376 1520 4446 ἔμελλον

1615 1933 1830 2003 ginibus
1872 1935 2170 2005 apologiam
2211 1935 2495 1997 faciamus,
2525 1949 2635 2003 quo
2688 1934 3041 1988 obstruantur
3084 1951 3178 1989 ora

1613 2023 1948 2092 loquentium
1973 2024 2321 2094 injustitiam.
2347 2023 2561 2094 Legalis
2580 2024 2722 2077 enim
2756 2031 2838 2077 est
2867 2023 2983 2077 haec
3011 2024 3180 2077 tradi-

1612 2115 1689 2169 tio
1730 2134 1743 2169 :
1777 2104 1833 2170 et
1875 2116 2002 2171 audi
2059 2116 2230 2170 Deum
2284 2116 2555 2170 dicentem
2587 2114 2653 2169 ad
2684 2114 2954 2185 Moysem:
2989 2113 3181 2183 Imagi-

1612 2222 1701 2259 nes
1730 2206 1951 2258 duorum
1973 2205 2252 2260 Cherubim
2278 2221 2557 2260 aureorum
2576 2204 3177 2272 sculptiliumconstrue,

1612 2293 2034 2347 obumbrantium
2065 2295 2499 2364 propitiatorium
2530 2296 2598 2348 "'.
2632 2295 2702 2348 Et
2730 2294 2927 2349 iterum
2959 2313 2972 2348 :
3014 2295 3178 2347 Tem-

1610 2384 1760 2452 plum
1802 2381 1992 2453 [forte,
2043 2384 2189 2437 circa
2226 2380 2512 2453 templum]
2563 2382 2707 2451 quod
2753 2381 2896 2435 Deus
2945 2376 3183 2433 ostendit

1610 2473 1883 2528 Ezechieli
1917 2473 2050 2544 εισι.
2086 2472 2338 2544 habebat]
2359 2470 2566 2536 Facies,
2599 2471 2753 2533 dixit,
2794 2471 3098 2541 palmarum
3131 2478 3180 2523 et

1614 2566 1820 2618 leonum
1858 2574 1908 2618 et
1936 2565 2204 2618 hominum
2237 2573 2285 2616 et
2340 2563 2619 2618 Cherubim
2676 2580 2706 2615 a
2730 2564 3030 2632 pavimento
3067 2561 3181 2631 ejus

1612 2672 1774 2726 usque
1796 2655 1865 2708 ad
1894 2655 2116 2724 laquear
2146 2655 2265 2707 tecti
2291 2654 2355 2708 ".
2389 2652 2529 2707 Vere
2556 2653 2807 2708 terribilis
2838 2668 3039 2718 sermo,
3088 2652 3179 2721 qui

1613 2747 1836 2803 mandat
1872 2746 2055 2825 Isracli
2092 2763 2200 2800 non
2248 2746 2428 2800 facere
2475 2761 2638 2802 omne
2685 2746 2958 2815 sculptile,
3002 2758 3182 2812 neque

1613 2840 1845 2903 iconam,
1887 2852 2068 2906 neque
2123 2836 2543 2891 similitudinem
2593 2851 2781 2891 eorum
2840 2847 3181 2904 quaecunque

1613 2937 1743 2984 sunt
1772 2929 1826 2983 in
1855 2929 2011 2993 ctelo,
2039 2938 2093 2983 et
2116 2943 2455 2998 qutecunque
2481 2935 2610 2982 sunt
2647 2940 2811 2995 super
2841 2934 3040 2979 terram
3084 2924 3130 2956 "
3162 2938 3178 2987 ;

1614 3029 1669 3073 et
1697 3019 1811 3088 ipse
1842 3018 2090 3088 praecipit
2144 3016 2308 3086 Moysi
2367 3017 2547 3070 facere
2603 3014 2873 3084 sculptilia
2902 3011 3177 3076 animalia,

1614 3110 1932 3176 Cheruhim,
1969 3109 2060 3179 qui
2089 3117 2147 3163 et
2175 3108 2448 3163 Ezechieli
2481 3107 2701 3177 plenum
2737 3103 3182 3160 similitudinibus

1613 3202 1960 3272 sculptilium,
1979 3202 2220 3265 leonum,
2237 3200 2538 3269 palmarum
2556 3207 2611 3253 et
2625 3197 2902 3253 hominum
2922 3195 3181 3264 templum

1611 3294 1864 3349 Ostendit.
1898 3292 2056 3347 Unde
2086 3300 2142 3346 et
2172 3291 2427 3346 Salomon
2460 3308 2524 3345 ex
2572 3291 2690 3362 lege
2727 3299 2947 3358 accepta
2987 3287 3179 3356 figura,

1613 3385 1829 3453 plenum
1855 3382 1983 3436 fecit
2018 3383 2278 3447 templum
2301 3383 2469 3437 terreis
2499 3390 2553 3436 et
2576 3379 2921 3449 sculptilibus
2955 3385 3011 3431 et
3044 3374 3182 3430 fusi-

1614 3475 1759 3528 libus
1795 3474 2067 3539 leonibus,
2091 3482 2145 3527 et
2170 3474 2365 3537 bobus,
2405 3482 2460 3529 et
2492 3473 2705 3545 palmis,
2741 3481 2797 3525 et
2824 3469 3135 3524 hominibus
3166 3484 3181 3532 ;

1615 3572 1670 3618 et
1702 3571 1883 3617 tamen
1913 3576 2021 3618 non
2049 3572 2135 3617 est
2160 3563 2214 3617 in
2250 3562 2333 3618 his
2356 3562 2718 3633 reprehensus
2739 3576 2769 3613 a
2794 3557 2998 3613 Deo.Si
3022 3555 3185 3624 igitur

1615 3670 1702 3710 me
1741 3656 2147 3726 reprehendere
2167 3655 2250 3709 vis
2279 3671 2444 3726 super
2471 3653 2819 3723 imaginibus,
2844 3645 3185 3720 reprchende

1615 3746 1788 3799 Deum
1844 3746 1936 3814 qui
1971 3746 2087 3801 hmc
2120 3746 2302 3800 facere
2333 3745 2516 3814 jussit,
2551 3751 2611 3796 ut
2645 3743 2701 3796 in
2753 3739 3182 3795 recordationmn

1615 3837 1736 3906 ejus
1757 3845 1943 3891 essent
1965 3837 2106 3905 apud
2136 3852 2256 3890 nos.
2280 3833 2502 3890 Judaaus
2520 3833 2659 3889 dixit
2682 3850 2696 3886 :
2735 3831 2840 3885 Sed
2865 3844 2974 3884 non
3003 3827 3188 3880 adora~

1617 3927 1815 3981 bantur
1842 3926 1947 3979 illae
1980 3924 2365 3980 similitudines
2395 3923 2536 3976 sicut
2564 3921 2662 3982 dii,
2705 3918 2798 3974 sed
2829 3918 2894 3971 ad
2937 3913 3186 3969 recorda-

1618 4014 1822 4068 tionem
1848 4013 2018 4067 solam
2044 4011 2440 4065 clliciebantur.
2467 4009 2811 4064 Christianus
2837 4004 2971 4059 dixit
2995 4020 3009 4055 :
3042 4000 3188 4054 Bene

1618 4106 1823 4171 dixisti,
1864 4104 1990 4174 quia
2021 4112 2077 4158 et
2116 4118 2287 4173 penes
2315 4118 2415 4157 nos
2452 4102 2592 4155 sicut
2627 4098 2699 4153 dii
2743 4111 2853 4150 non
2894 4095 3188 4153 adorantur

1619 4206 1934 4252 sanctorum
1958 4196 2312 4250 characteres
2345 4201 2399 4249 et
2417 4193 2587 4246 iconte
2605 4190 2690 4244 vel
2720 4188 2927 4242 formae.
2958 4184 3013 4239 Si
3039 4183 3184 4238 enim

1620 4296 1683 4341 ut
1723 4286 1891 4341 Deum
1923 4283 2206 4339 adorarcm
2242 4282 2449 4354 lignum
2475 4278 2745 4350 imaginis,
2773 4290 2987 4347 possem
3010 4272 3190 4344 profe-

1618 4389 1709 4435 cto
1731 4388 1787 4433 et
1812 4379 1955 4450 ligna
1976 4377 2183 4446 reliqua
2211 4374 2460 4430 adorare.
2479 4371 2613 4425 Nam
2632 4370 2676 4424 si
2709 4375 2769 4423 ut
2796 4368 2962 4422 Deum
2984 4364 3189 4434 lignum

13 4459 165 4521 ὶντως
217 4461 308 4510 καὶ
336 4460 404 4513 τὰ
446 4461 608 4514 λοιπὰ
648 4463 779 4527 ξύλα
825 4468 1168 4533 προσκυνεῖν.
1222 4466 1282 4519 Εἰ
1314 4468 1421 4538 γὰρ
1446 4468 1514 4532 ὡς

1684 4473 1926 4535 lorarem,
1957 4467 2181 4523 minime
2206 4465 2394 4534 utique
2428 4462 2608 4535 deleto
2640 4462 2951 4515 charactere
2976 4456 3187 4509 iconam

13 4550 85 4602 εον
120 4551 489 4620 προσεκύνουν
516 4553 576 4606 τὸ
610 4552 762 4617 ξύλον
792 4556 890 4624 τῆς
918 4555 1144 4622 εἰκόνος,
1171 4558 1270 4609 οὐκ
1301 4558 1366 4611 ἂν
1393 4559 1527 4612 πάν-

13 4658 62 4701 νς
92 4639 426 4702 λειανθὲντος
462 4642 556 4694 τοῦ
597 4645 961 4714 χαρακτῆρος,
1005 4645 1105 4717 τὴν
1145 4648 1328 4700 εἰκόνα
1391 4665 1522 4702 κατ-

13 4748 170 4783 ιαιον.
201 4731 304 4785 Καὶ
346 4732 507 4786 πάλιν
533 4733 637 4796 ἓως
669 4734 768 4804 μὲν
806 4736 924 4788 ἐστι
961 4740 1428 4808 συμπεπεδημένα
1458 4740 1526 4793 τὰ

13 4824 52 4874 ιο
82 4822 212 4887 ξύλα
239 4824 328 4876 τοῦ
373 4824 631 4895 σταυροῦ,
662 4829 951 4895 προσκυνῶ
975 4829 1064 4880 τὸν
1086 4829 1257 4884 τύπον
1278 4831 1366 4883 διὰ
1397 4832 1526 4902 Χρι-

13 4915 85 4966 nov
118 4914 203 4967 τὸν
244 4917 298 4968 ἐν
327 4915 473 4986 αὐτῷ
512 4919 891 4988 σταυρωθέντα
920 4936 934 4952 ο
971 4921 1108 4975 ἐπὰν
1131 4922 1188 4975 δὲ
1235 4922 1522 4994 διαιρεθῶ-

13 5023 52 5058 ιν
101 5008 159 5070 ἐξ
190 5008 463 5077 ἀλλήλων,
515 5008 691 5078 ρίπτω
738 5009 875 5062 αὐτὰ
921 5010 1014 5062 καὶ
1064 5013 1369 5065 κατακαίω.
1415 5012 1524 5065 Καὶ

21 5111 151 5163 σπερ
173 5097 200 5148 6
231 5097 478 5149 κέλευσεν
511 5096 775 5166 βασιλέως
798 5097 1114 5166 δεξάμενος,
1155 5100 1248 5152 καὶ
1272 5101 1522 5152 ἀσπασά-

20 5199 130 5244 ενος
156 5181 247 5251 τὴν
282 5186 572 5254 σφραγῖδα,
603 5188 664 5239 οὐ
702 5186 792 5238 τὸν
828 5188 998 5256 πηλὸν
1047 5188 1323 5258 ἐτίμησεν,
1372 5188 1405 5259 ἢ
1434 5190 1526 5242 τὸν

19 5274 248 5341 ἅρτην,ἢ
279 5275 366 5327 τον
399 5275 676 5342 μόλυϐδον,
717 5275 852 5329 ἀλλὰ
875 5278 949 5345 τῷ
988 5278 1198 5349 βασιλεῖ
1225 5280 1325 5348 τὴν
1351 5297 1522 5349 προσ-

20 5364 194 5432 ύνησιν
244 5366 330 5418 καὶ
371 5366 431 5417 τὸ
502 5368 664 5441 cipe;
708 5368 1009 5439 ἀπένειμεν
1035 5387 1046 5400 '
1095 5370 1237 5424 οὕτω
1266 5372 1358 5424 καὶ
1389 5374 1524 5442 Χρι·

19 5456 201 5507 ttatva
229 5458 406 5519 miris;
429 5458 519 5509 τὸν
551 5459 718 5511 τύπον
756 5461 847 5513 τοῦ
891 5464 1124 5533 σταυροῦ
1157 5464 1525 5533 προσκυνοῦνο

1625 4560 1995 4615 incenderem.
2023 4559 2092 4613 Et
2147 4558 2371 4621 iterum,
2411 4565 2696 4621 usquequo
2743 4555 3023 4618 compacta
3064 4552 3194 4598 sunt

1626 4650 1737 4705 duo
1770 4651 1913 4719 ligna
1946 4650 2146 4709 crucis,
2188 4649 2356 4703 adoro
2391 4644 2617 4715 ﬁguram
2652 4650 2872 4711 propter
2889 4637 3191 4697 Christum,

1626 4741 1718 4811 qui
1749 4741 1801 4793 in
1834 4741 1949 4808 ipsa
1972 4739 2264 4793 cruciﬁxus
2300 4745 2385 4790 est
2411 4752 2427 4799 ;
2450 4741 2739 4802 postquam
2764 4738 2948 4783 autem
2985 4726 3054 4780 ab
3106 4725 3194 4778 iu-

1624 4834 1800 4888 vicem
1832 4837 2080 4900 separata
2116 4828 2359 4890 fuerunt,
2406 4821 2640 4892 projicio
2661 4837 2724 4875 ea
2758 4829 2811 4874 et
2839 4816 3089 4874 incendo.
3131 4815 3199 4878 Et

1628 4925 1767 4979 sicut
1798 4922 1847 4977 is
1870 4922 1962 4991 qui
1987 4918 2288 4991 iussionem
2313 4911 2658 4984 imperatoris
2690 4909 2932 4978 suscepit
2960 4916 3012 4962 et
3050 4906 3197 4961 salu-

1629 5017 1770 5071 tavit
1807 5013 2070 5085 sigillum,
2097 5026 2204 5065 non
2226 5010 2397 5063 Iulum
2426 5005 2688 5065 adoravit,
2711 5011 2805 5058 aut
2821 5002 3086 5061 chartam,
3107 5005 3202 5053 aut

1630 5106 1935 5184 plumbum,
1979 5102 2070 5156 sed
2116 5096 2430 5169 imperatori
2472 5092 2845 5150 adorationem
2897 5097 2956 5143 et
2993 5086 3200 5142 cultum

1632 5178 1918 5266 impendit,
1974 5194 2049 5248 ita
2079 5200 2132 5247 et
2170 5206 2273 5245 nos
2304 5187 2735 5243 Christianorum
2784 5180 2939 5254 pueri
2975 5178 3198 5247 ﬁguram

1631 5285 1809 5339 crucis
1847 5284 2157 5344 adorantes,
2190 5297 2301 5335 non
2331 5288 2582 5339 naturam
2600 5275 2731 5346 ligni
2760 5273 3067 5333 adoramus,
3104 5268 3202 5323 sed

1631 5376 1844 5447 signum
1894 5386 1951 5430 et
1983 5375 2244 5428 annulum
2301 5380 2355 5425 et
2387 5370 2755 5424 charactcrem
2797 5361 3020 5424 Christi,
3076 5374 3199 5412 eum

1634 5466 1986 5535 aspicientes,
2020 5481 2118 5536 per
2144 5478 2268 5519 eum
2304 5461 2452 5516 illum
2474 5458 2566 5528 qui
2595 5458 2647 5511 in
2678 5471 2745 5510 eo
2778 5451 3068 5509 cruciﬁxus
3095 5456 3201 5511 est,

14 5562 91 5611 εἷο
136 5550 188 5599 θ’)
232 5551 383 5618 φύσιν
430 5550 521 5602 τοῦ
560 5550 715 5615 ξυλου
754 5554 1022 5624 τιμῶμεν,
1078 5556 1215 5610 ἀλλὰ
1261 5555 1514 5625 σφραγῖδα

1684 5556 1931 5612 ιὶηιτιιηυε
1954 5565 2009 5611 et
2030 5556 2318 5613 adoramus
2341 5569 2354 5602 :
2376 5562 2433 5606 et
2462 5549 2602 5604 sicut
2626 5546 2778 5618 pueri
2810 5541 3012 5615 proprii
3036 5539 3204 5611 patris

59 5697 96 5735 ⁵³⁵
135 5704 281 5767 Exod.
316 5723 433 5769 xxv,
480 5706 559 5758 18.
643 5708 685 5735 ’³⁸³
718 5707 916 5760 Ereti].
949 5724 1052 5772 xu,
1096 5710 1173 5762 l8.
1256 5712 1298 5742 ’7
1358 5711 1502 5764 Exod

1696 5712 1745 5765 4.
