3736 6308
1082 243 1337 307 SERMO
1386 247 1681 310 CONTRA
1732 253 1764 312 Ι
1775 254 2058 317 UD.EOS.

3084 275 3214 340 ἰιὶθΞ

13 341 290 412 ιτοργὴν
335 344 526 415 ἡμῶν
560 348 657 415 τῆς
692 348 904 416 φύσεως
933 353 1031 422 τὴν
1067 356 1202 424 πρὸς
1230 358 1426 421 αὐτοὺς
1455 359 1516 410 δυ

1681 364 1951 431 xquiritur
1978 369 2030 421 in
2060 372 2206 424 omni
2235 374 2578 444 salutatione,
2611 390 2666 435 et
2698 384 2842 437 omni
2877 386 3218 444 adoratioue.

13 430 374 503 κλήματος
405 439 828 509 ἐπιδεικνύμεθα.
880 443 967 507 Ὠς
1010 446 1140 513 γοῦν
1175 448 1434 511 πολλάκις
1464 447 1542 502 εἴ·

16 524 51 572 ὁ
88 526 342 589 σκοπὸς
375 528 709 594 ἐξετάζεται
738 533 829 584 ἐπὶ
874 535 1075 598 παντὸς
1104 538 1420 608 ἀσπασμοῦ,
1449 539 1545 593 καὶ

13 616 212 684 πάσης
279 623 766 690 προσκυνήσεως.
805 626 868 677 Et
915 626 971 678 δὲ
1004 627 1256 692 ἐγκαλεῖς
1304 646 1413 697 μοι,
1461 630 1545 682 ὅτι

1996 703 2006 709 .
2598 703 2720 723 ,ηπ

14 703 128 756 ηεὸν
164 711 521 776 προσκυνῶ
550 711 611 762 τὸ
642 710 798 778 ξύλον
828 713 919 767 τοῦ
954 717 1210 786 σταυροῦ,
1247 718 1332 771 διὰ
1359 719 1412 771 τί
1439 720 1538 771 οὐκ
1576 718 1828 789 ἐγκαλεῖς
1860 729 1938 799 τῷ
1989 733 2184 786 Ἰακὼϐ
2211 742 2644 810 προσκυνήσαντι
2667 747 2735 798 ἐπ

13 811 80 846 ου
118 796 238 849 τοῦ
284 799 522 872 Ἰωσήφ
544 819 557 868 ;

14 891 136 944 λλὰ
182 894 527 965 πρόδηλον,
556 897 636 950 ὅτι
667 899 727 951 οὐ
757 900 817 953 τὸ
845 899 1001 966 ξύλον
1037 901 1160 956 ἰδὼν
1189 904 1531 974 προσεκύνηο

14 982 183 1035 ἀλλὰ
209 984 319 1036 διὰ
355 987 472 1038 τοῦ
497 986 653 1050 ξύλου
676 989 764 1040 τὸν
799 991 1017 1062 Ἰωσὴφ,
1040 991 1230 1064 ὥσπερ
1259 995 1352 1047 καὶ
1372 995 1532 1063 ἡμεῖς

18 1073 92 1124 οῦ
139 1076 433 1146 σταυροῦ
476 1077 568 1130 τὸν
598 1079 852 1146 Χριστόν.
901 1082 1052 1134 Ἐπεὶ
1089 1083 1180 1134 καὶ
1210 1087 1322 1145 τοῖς
1348 1083 1533 1154 πωλή-

34 1165 145 1216 τὲιν
166 1167 378 1233 τάφον
406 1167 666 1220 ἀσεϐέσιν
696 1169 1002 1240 ἀνθρώποις
1028 1174 1056 1226 ὁ
1093 1172 1344 1244 Ἀϐραὰμ
1363 1192 1531 1244 προσο

13 1274 152 1326 ησε,
217 1258 334 1311 καὶ⁸
393 1259 533 1327 γόνυ
570 1261 818 1330 ἔκαμψεν
851 1263 943 1315 ἐπὶ
983 1263 1077 1334 τὴν
1110 1266 1248 1334 γῆνο
1282 1266 1396 1318 ἀλλ’
1430 1267 1528 1335 οὐχ

19 1350 168 1410 eoi);
209 1350 449 1413 αὐτοὺς
475 1351 872 1422 προσεκύνησε.
920 1356 1029 1406 Καὶ
1063 1355 1225 1408 πάλιν
1264 1358 1292 1409 ὁ
1336 1358 1525 1410 Ἰακὼϐ

13 1439 235 1509 δαραὼ
273 1440 596 1510 εὐλόγησεν
619 1442 790 1511 ἀσεϐῆ
821 1445 913 1495 καὶ
952 1445 1344 1516 εἰδωλολάτρην
1369 1447 1521 1511 ὄντα,

29 1529 145 1598 οὐχ
192 1529 284 1592 ὡς
334 1529 485 1582 Θεὸν
524 1531 688 1584 αὐτὸν
734 1533 1015 1602 εύλόγησε.
1062 1536 1172 1590 Καὶ
1225 1537 1386 1589 πάλιν
1431 1539 1522 1593 τὸν

13 1619 78 1672 ιῦ
128 1620 348 1674 πεσὼν
382 1622 817 1694 προσεκύνησεν,
849 1624 966 1676 ἀλλ’
1010 1625 1106 1695 οὐχ
1133 1625 1208 1688 ὡς
1239 1628 1390 1683 Θεόν.
1428 1626 1522 1681 Εἷ-

13 1711 241 1773 πόσους
280 1711 631 1781 ἀσπασμοὺς
673 1715 765 1766 καὶ
808 1717 1206 1784 προσκυνήσεις
1233 1719 1520 1784 ἀπεδείξα-

1649 450 1818 508 Porro
1865 456 1909 509 si
1941 473 2024 511 me
2065 476 2286 516 accusas
2313 467 2456 532 quod
2491 471 2644 536 quasi
2687 471 2971 530 Dominum
3009 479 3213 548 lignum

1649 542 1869 598 adorem
1916 550 2112 614 crucis,
2153 568 2319 622 quare
2353 572 2461 610 non
2507 561 2852 619 calumniaris
2893 567 3080 631 Jacob,
3117 571 3211 638 qui

1649 633 1894 690 adoravit
1926 656 2091 709 super
2141 648 2510 702 summitatem
2560 653 2722 723 virgre
2765 656 3072 726 Joseph”?
3135 633 3148 638 -
3191 647 3194 652 ’

2737 747 2842 799 ὶτὸ
2887 749 3054 821 ἄκρον
3112 755 3211 823 τῆς

1714 904 1818 961 Sed
1846 910 2190 966 manifestum
2208 924 2306 981 est,
2326 917 2446 985 quia
2465 934 2571 972 non
2587 921 2788 990 lignum
2809 924 2996 978 videns
3013 927 3208 981 adora--

1637 997 1734 1060 vit,
1755 999 1846 1052 sed
1869 1002 2182 1071 perlignum
2205 1006 2384 1076 virgae,
2413 1008 2613 1079 Joseph
2637 1028 2651 1074 ;
2677 1016 3129 1081 quemadmodum
3151 1029 3205 1073 et

1636 1100 1737 1140 nos
1771 1104 1870 1156 per
1899 1106 2140 1154 crucem,
2163 1094 2462 1152 Christum.
2492 1099 2626 1153 Nam
2652 1111 2706 1156 et
2733 1086 2924 1172 impios
2961 1107 3206 1163 homines

1635 1177 1724 1244 qui
1755 1180 2116 1237 vendiderunt
2147 1186 2474 1253 sepulcrum,
2501 1189 2772 1246 Abraham
2801 1195 3044 1250 adoravit
3081 1199 3119 1263 ¹,
3148 1209 3207 1252 et

1636 1281 1776 1334 genu
1798 1273 2042 1326 curvavit
2064 1290 2228 1342 super
2249 1285 2442 1330 terram
2467 1295 2480 1342 ;
2498 1282 2588 1332 sed
2614 1297 2720 1334 non
2742 1291 2800 1336 ut
2825 1286 2953 1338 deos
2970 1302 3062 1340 eos
3080 1291 3208 1342 ado-

1633 1358 1790 1412 ravit.
1826 1359 1892 1415 Et
1931 1379 2120 1417 rursus
2149 1365 2314 1419 Jaeob
2344 1367 2609 1423 Pharaoni
2651 1372 2925 1428 benedixit
2954 1376 3118 1444 impio
3151 1390 3206 1432 et

1632 1449 1948 1518 idololatree,
1980 1455 2072 1507 sed
2093 1471 2200 1507 non
2223 1465 2283 1510 ut
2304 1458 2413 1511 Deo
2431 1459 2501 1510 illi
2523 1461 2798 1516 benedixit
2822 1467 2859 1516 ²’.
2895 1465 2961 1518 Et
2984 1467 3202 1528 iterum,

1631 1539 1772 1594 Esau
1811 1543 2007 1596 cadens
2037 1545 2299 1610 adoravit,
2356 1550 2447 1602 sed
2485 1566 2594 1603 non
2641 1561 2700 1605 ut
2735 1552 2902 1607 Deum
2935 1557 2974 1608 ³.
3011 1555 3202 1612 Vidisti

1627 1639 1761 1698 quot
1809 1633 2161 1691 salutationes
2210 1645 2264 1691 et
2307 1639 2652 1696 adorationes
2704 1642 3203 1704 demonstravimus

1629 1719 1726 1774 tibi
1767 1737 1834 1776 ex
1885 1721 2197 1792 Scripturis,
2226 1743 2334 1780 non
2363 1729 2627 1785 habentes
2672 1735 3202 1802 reprehensionem?

14 1816 111 1850 σοι
139 1799 490 1869 Γραφικάς,
523 1803 621 1854 καὶ
648 1803 722 1874 μὴ
746 1804 974 1873 ἐχούσας
1001 1806 1384 1875 κατάγνωσιν;
1412 1811 1516 1864 Καὶ

1680 1821 1771 1865 ttu
1789 1813 2010 1881 quidem
2043 1815 2328 1885 conjugem
2362 1826 2506 1872 tuam
2541 1799 2787 1877 fortass—is
2803 1826 3197 1896 etimpudicam

13 1893 92 1944 ,ὲν
121 1893 238 1963 τὴν
273 1895 389 1964 σὴν
426 1893 675 1964 σύμϐιον,
714 1897 844 1959 ἴσως
860 1899 952 1950 καὶ
975 1898 1210 1969 ἄσεμνον
1233 1897 1399 1955 οὖσαν
1431 1904 1526 1958 καὶ

13 1982 161 2053 αθῆ,
205 1984 352 2036 καθ’
389 1985 630 2056 ἑκάστην
649 1987 1122 2057 ἀσπαζόμενος,οὑ
1149 1995 1524 2061 καταγνωστὸς

13 2077 248 2148 καίπερ
275 2076 534 2148 οὐδαμοῦ
563 2095 646 2130 σοι
688 2078 782 2132 τοῦ
824 2079 960 2133 Θεοῦ
1001 2085 1313 2152 σωματικὸν
1338 2086 1524 2140 ἀσπα-

13 2186 32 2217 θ
71 2168 372 2234 γυναικὸς
407 2167 795 2238 ἐντειλαμένου
817 2184 830 2198 ⁸
888 2171 990 2240 ἐμὲ
1033 2171 1092 2224 δὲ
1123 2174 1262 2225 ἐπὰν
1305 2174 1419 2246 ἴδῃς
1448 2178 1524 2229 εἰ-

13 2273 30 2308 ι
64 2258 171 2310 τοῦ
208 2257 494 2328 Χριστοῦ,
522 2258 554 2328 ἢ
587 2259 685 2329 τῆς
715 2261 1058 2332 παναμώμου
1087 2264 1250 2316 αὐτοῦ
1276 2266 1524 2336 Μητρὸς,

13 2347 134 2400 ιλου
174 2349 340 2412 τινὸς
370 2349 592 2402 δικαίου
616 2349 1019 2420 ἀσπαζόμενον,
1044 2355 1396 2421 ἀγανακτεῖς,
1427 2359 1522 2411 καὶ

13 2437 109 2499 ἕως
181 2436 552 2508 βλασφημῶν
607 2441 913 2510 ἀποπηδᾷς,
983 2443 1077 2495 καὶ
1127 2445 1521 2518 εἰδωλολάτρας

13 2547 47 2592 .ς
72 2529 429 2593 ἀποκαλεῖς.
452 2526 584 2583 Εἶτα
601 2530 700 2584 οὐκ
714 2533 968 2604 αἰσχύνῃ,
991 2531 1110 2586 εἰπέ
1137 2552 1228 2606 μοι
1247 2553 1261 2602 ;
1282 2537 1342 2590 ού
1363 2538 1522 2610 φρίσ-

13 2638 57 2686 ;;
101 2622 169 2674 οὺ
202 2622 492 2691 τρέμεις;
522 2623 622 2675 οὐκ
651 2625 932 2695 ἐρυθριᾷς,
952 2625 1094 2695 ὁρῶν
1133 2644 1199 2694 με
1233 2628 1353 2680 καθ’
1383 2630 1520 2700 ἡμέ-

40 2712 102 2761 ὲν
137 2715 302 2780 πάσῃ
327 2714 399 2781 τῇ
424 2713 716 2783 οἰκουμένῃ
752 2715 914 2777 ναοὺς
942 2715 1178 2769 εἰδώλων
1225 2719 1519 2775 καταλύον⁹

20 2804 125 2855 καὶ
155 2805 334 2865 ναοὺς
375 2803 667 2876 μαρτύρων
694 2806 1116 2876 οἰκοδομοῦντα;
1149 2810 1210 2862 Εἰ
1233 2810 1299 2862 τὰ
1324 2813 1516 2866 εἴδωλα

13 2893 326 2954 ισεκύνουν,
390 2893 480 2946 διὰ
511 2875 577 2946 ’τί
627 2894 812 2948 λοιπὸν
850 2896 993 2966 τιμῶ
1030 2899 1156 2961 τοὺς
1210 2901 1513 2972 μάρτυρας,

13 2997 35 3040 ς
71 2981 145 3032 τὰ
183 2980 395 3032 εἴδωλα
425 2980 864 3051 καταλύσαντας
895 2986 955 3038 Εἰ
978 2985 1046 3039 τὰ
1083 2986 1216 3060 ξύλα
1252 2989 1326 3052 ὡς
1359 2991 1514 3058 θεοὺς

14 3071 60 3122 ῶ
89 3071 190 3124 καὶ
221 3070 462 3138 δοξάζω,
484 3075 600 3139 πῶς
623 3077 764 3146 τιμῶ
793 3079 882 3132 καὶ
910 3080 1116 3146 δοξάζω
1139 3084 1266 3146 τοὺς
1299 3087 1506 3157 μάρτυ⁹

1625 1915 1688 1954 ac
1703 1901 1949 1956 vitiosam
1974 1919 2069 1972 per
2086 1904 2327 1974 singulos
2355 1907 2472 1961 dies
2498 1910 2747 1964 osculans
2767 1929 2873 1966 non
2894 1919 3194 1984 reprehen-

1625 1989 1788 2054 deris,
1806 2006 1928 2045 cum
1956 2005 2101 2047 certe
2126 2011 2390 2065 nusquam
2425 1999 2566 2053 Deus
2599 2002 2692 2055 tibi
2724 2008 3001 2074 corporale
3030 2025 3196 2064 oscu-

1625 2081 1738 2136 lum
1785 2085 1995 2139 mulieri
2022 2086 2217 2142 oﬂ‘crre
2233 2091 2725 2158 prreceperitﬂuia
2757 2112 2885 2150 vero
2911 2114 2996 2152 me
3015 2100 3192 2155 vidisti

1624 2174 1836 2230 iconam
1899 2177 2112 2232 Domini
2169 2182 2340 2236 nostri
2391 2182 2518 2236 Jesu
2550 2183 2770 2250 Christi,
2805 2189 2890 2241 vel
2918 2190 3189 2246 immacu-

1622 2264 1743 2318 lata;
1785 2265 1968 2321 Matris
2009 2270 2150 2338 ejus,
2170 2271 2253 2324 vel
2286 2272 2508 2327 alterius
2551 2260 2853 2345 cujuspiam
2882 2279 3016 2348 justi
3048 2283 3186 2336 salu-

1623 2365 1757 2422 tare,
1805 2359 2102 2431 indignaris
2137 2371 2191 2416 et
2223 2379 2345 2416 mox
2387 2365 2770 2434 blasphemans
2809 2372 2956 2435 salis,
2991 2383 3045 2428 et
3087 2391 3192 2430 nos

1621 2448 1930 2505 idololatras
1964 2453 2225 2522 appellas.
2273 2454 2476 2509 Deinde
2515 2472 2622 2510 non
2667 2459 3016 2516 confundcris
3053 2465 3191 2520 ?dic

1619 2540 1777 2607 mihi,
1825 2557 1932 2595 non
1971 2543 2284 2597 horrescis?
2313 2561 2420 2598 non
2455 2548 2639 2601 tremis
2681 2549 2703 2601 ’ἰ
2743 2565 2853 2603 non
2891 2553 3188 2620 erubescis,

1621 2632 1813 2688 videns
1850 2650 1938 2688 me
1967 2635 2020 2688 in
2056 2645 2169 2690 toto
2203 2647 2467 2690 terrarum
2497 2639 2628 2694 orbe
2668 2643 2864 2710 templa
2923 2644 3193 2701 idolorum

1618 2722 1916 2790 destruere,
1949 2733 2002 2778 et
2033 2727 2230 2794 templa
2275 2737 2570 2798 martyrum
2605 2730 2873 2786 aedifica-re
2907 2733 2930 2785 ?
2966 2733 3020 2788 Si
3047 2737 3191 2789 idola

1616 2812 1919 2879 adorarem,
1979 2831 2078 2869 cur
2125 2825 2403 2886 martyres,
2467 2819 2557 2887 qui
2599 2821 2984 2877 destruxerunt
3025 2825 3187 2892 idola,

1619 2901 1876 2976 [honore]
1921 2906 2290 2960 adoraremus.
2327 2909 2381 2960 Si
2422 2909 2562 2980 ligna
2596 2920 2657 2964 ut
2696 2911 2826 2966 deos
2873 2915 3079 2969 honoro
3131 2926 3186 2970 et;

1616 2995 1878 3066 gloriﬁco,
1912 3000 2186 3068 quomodo
2213 2999 2422 3055 honoro
2440 3010 2494 3055 et
2519 3003 2761 3072 gloriﬁeo
2788 3014 3067 3075 martyres,
3090 3008 3180 3074 qui

1616 3090 1791 3162 lignea
1836 3091 2123 3147 simulacra
2168 3092 2554 3147 destruxerunt
2591 3093 2685 3146 ?Si
2718 3095 2919 3163 lapides
2946 3106 3004 3149 ut
3053 3098 3191 3152 deos

13 3182 39 3227 ',
96 3167 234 3229 τοὺς
268 3167 343 3220 τὰ
393 3167 579 3231 ξύλινα
637 3169 800 3233 ξόανα
851 3173 1252 3244 καταλύοντας;
1294 3181 1353 3230 Εἰ
1384 3181 1510 3244 τοὺς

1680 3180 1875 3243 orilico,
1937 3183 2206 3250 quomodo
2249 3181 2459 3236 honoro
2498 3197 2553 3236 et
2605 3185 2770 3238 adoro
2826 3195 3089 3256 martyres
3127 3197 3183 3242 et

13 3275 103 3320 ους
133 3260 214 3322 ὡς
243 3260 408 3322 θεοὺς
436 3260 664 3325 δοξάζω,
718 3264 837 3327 πῶς
883 3267 1028 3336 τιμῶ
1074 3270 1167 3322 καὶ
1218 3274 1510 3339 προσκυνῶ

17 3367 44 3411 ς
79 3349 384 3420 μάρτυρας
420 3354 513 3403 καὶ
542 3353 894 3417 ἀποστόλους,
942 3359 1069 3420 τοὺς
1106 3362 1510 3430 συντρίψαντας

14 3479 30 3496 χ,
70 3441 463 3504 ἀπολέσαντας
501 3445 570 3496 τὰ
605 3445 780 3498 λίθινα
825 3445 1025 3512 ζώδια;
1056 3450 1179 3514 Πῶς
1209 3452 1374 3522 τιμῶ,
1415 3455 1510 3508 καί¹

13 3530 159 3592 ιινῶ,
203 3531 302 3582 καὶ
331 3532 492 3592 ναοὺς
523 3532 742 3601 ὲγείρω,
767 3535 862 3588 καὶ
893 3536 1084 3606 ἑορτὰς
1133 3537 1365 3592 ἐπιτελῶ
1395 3544 1509 3604 τοῖς

22 3619 76 3672 al.
104 3621 289 3685 παισὶ,
320 3622 434 3684 τοῖς
462 3624 517 3675 ὲν
548 3622 828 3677 Βαϐυλῶνι
851 3628 916 3696 τῇ
949 3630 1125 3698 χρυσῇ
1159 3628 1232 3702 μὴ
1272 3647 1510 3702 προσκυο

13 3727 192 3775 tactv;

13 3801 217 3864 Ὀντως
255 3803 425 3872 πολλὴ
485 3803 592 3856 τῶν
630 3805 849 3876 ἀνόμων
888 3809 920 3880 ἠ
971 3808 1252 3882 πώρωσις,
1293 3813 1508 3884 ἀληθῶς

13 3891 101 3962 Qui]
154 3893 266 3942 τῶν
310 3892 578 3946 Ἰουδαίων
634 3899 666 3965 ἡ
719 3898 1026 3965 τύφλωσις,
1077 3903 1245 3972 πολλὴ
1294 3906 1325 3972 ή
1378 3907 1508 3958 ἀσέ-

13 3996 75 4031 α.
121 3979 422 4032 Ἀδικεῖται
468 3981 559 4032 ὑπ’
589 3981 767 4036 αὐτῶν
813 3985 845 4056 ἡ
885 3987 1134 4054 ἀλήθεια.
1183 3987 1314 4052 Θεὸς
1357 3990 1510 4060 ὑϐρί-

13 4085 83 4120 ται
124 4070 232 4122 ὑπὸ
265 4070 518 4140 γλώσσης
556 4072 870 4144 ἀχαρίστων
922 4078 1210 4132 Ἰουδαίων.
1276 4081 1368 4133 Ἐκ
1399 4083 1506 4135 λει-

14 4176 120 4212 νων
174 4159 438 4222 πολλάκις
501 4162 796 4234 μαρτύρων
818 4166 912 4218 καὶ
945 4167 1166 4221 εἰκόνων
1195 4167 1506 4224 ἐλαύνονται

13 4251 192 4322 ἰμονες
211 4270 226 4283 ·
255 4255 352 4305 καὶ
377 4253 548 4304 ταῦτα
582 4254 949 4324 ἐνυϐρίζοντες
990 4257 1263 4329 ἄνθρωποι
1317 4264 1508 4331 μιαροὶ

13 4342 349 4412 ιστρέφουσι,
388 4342 483 4394 καὶ
530 4341 894 4407 διαπαίζουσι,
929 4347 1022 4399 καὶ
1064 4349 1370 4415 διαγελῶσι.
1406 4352 1512 4403 Πό-

19 4448 55 4494 ι,
78 4433 197 4484 εἰπέ
232 4448 341 4501 μοι,
368 4434 732 4497 ἐπισκιάσεις,
763 4436 925 4488 πόσαι
947 4436 1286 4500 ἀναϐλύσεις,
1313 4439 1508 4493 πυλλά-

13 4522 103 4586 ;δὲ
131 4523 222 4576 καὶ
258 4523 506 4590 αἱμάτων
539 4524 724 4592 ῥύσεις
763 4524 822 4589 ἐξ
846 4526 1070 4580 εἰκόνων
1097 4528 1192 4580 καὶ
1239 4529 1504 4598 λειψάνων

13 4617 237 4686 ιρτύρων
294 4617 589 4682 γεγόνασι;
635 4619 744 4671 Καὶ
785 4620 835 4671 οἰ
887 4620 1132 4674 ἀσύνετοι
1184 4624 1250 4693 τῇ
1307 4624 1502 4694 καρδίᾳ

13 4706 175 4766 ὦντες
197 4705 256 4756 ού
288 4705 591 4772 πείθονται,
615 4708 748 4761 ἀλλά
776 4709 978 4777 μύθους
1003 4711 1176 4764 ταῦτα
1196 4715 1288 4765 καὶ
1306 4713 1504 4784 λήρους

13 4795 243 4862 γίζονται
264 4812 277 4825 ’
332 4795 564 4865 ὁρῶντες
602 4795 772 4859 οὕτως
794 4799 855 4850 τὸ
883 4798 1004 4851 καθ’
1031 4800 1242 4870 ἡμέραν
1269 4805 1326 4854 ὲν
1353 4805 1498 4876 πάσῃ

34 4885 321 4957 οἰκουμένῃ
346 4885 530 4955 σχεδὸν
547 4886 746 4956 ἄνδρας
771 4887 985 4951 ἀσεϐεῖς
1008 4891 1100 4942 καὶ
1133 4893 1500 4963 παρανόμους,

13 4975 344 5044 ὂωλολάτρας.
380 4977 473 5028 καὶ
504 4981 707 5044 φονεῖς,
736 4977 991 5047 πόρνους,
1021 4980 1113 5032 καί
1135 4980 1336 5052 λῃστὰς
1357 4983 1503 5047 ἐξαί-

13 5083 89 5134 ιης
119 5064 204 5118 διὰ
238 5067 325 5118 τὸν
350 5067 584 5133 Χριστὸν
625 5068 720 5120 καὶ
755 5067 846 5122 τὸν
890 5071 1119 5140 σταυρὸν
1144 5073 1309 5126 αὑτοῦ
1338 5092 1506 5128 κατα-

13 5154 319 5224 ισσομένους,
353 5157 447 5209 καὶ
497 5157 704 5226 κόσμου
766 5160 966 5223 παντὸς
1006 5162 1504 5234 ἀποτασσομένους,

13 5241 51 5294 ti.
108 5242 278 5295 πᾶσαν
339 5244 542 5313 ἀρετὴν
588 5246 1014 5316 ἐργαζομένους.
1054 5248 1191 5303 Εἰπέ
1226 5269 1340 5322 μοι,
1387 5257 1505 5321 πῶς

13 5349 118 5398 ςμεν
139 5332 609 5406 εἰδωλολάτραι,ὀί
644 5337 737 5389 καὶ
778 5337 918 5388 αὐτά
969 5337 1040 5390 τὰ
1085 5339 1250 5405 ὀστᾶ,
1282 5345 1374 5394 καὶ
1407 5345 1505 5412 τὴν

13 5422 119 5487 ἱνιν,
142 5424 229 5476 καὶ
253 5425 312 5478 τὰ
347 5425 510 5496 ῥάκη,
544 5428 637 5479 καὶ
655 5427 716 5479 τὸ
739 5422 901 5498 αἷμα,
937 5430 1031 5482 καὶ
1057 5431 1153 5500 τὴν
1198 5435 1354 5503 σορὸν
1397 5437 1504 5488 τῶν

31 5599 74 5632 ⁹⁹
120 5598 264 5654 llebr.
289 5619 361 5665 xi,
393 5601 452 5654 ΩΙ
469 5640 482 5655 .

560 5601 575 5631 ⁸
606 5600 740 5655 Gen.
774 5617 927 5670 mn,
954 5607 1003 5658 7.
1081 5609 1101 5638 ²
1123 5606 1255 5661 Gen.
1312 5624 1473 5674 XLVII,
1522 5609 1577 5664 7.

1610 3272 1901 3340 apostolos,
1951 3273 2041 3340 qui
2084 3274 2462 3328 eontriverunt
2509 3284 2563 3329 et
2601 3276 2956 3344 perdiderunt
3001 3278 3188 3348 lignea

1610 3361 1758 3430 signa
1784 3361 2099 3429 ?quomodo
2136 3365 2347 3417 honoro
2381 3374 2432 3418 et
2462 3365 2640 3426 laudo,
2675 3376 2730 3420 et
2761 3367 2957 3436 templa
3004 3368 3178 3437 origo,

1609 3458 1664 3501 et
1687 3449 2031 3503 festivitatem
2058 3452 2273 3504 celebro
2303 3453 2477 3506 tribus
2510 3454 2712 3520 pueris,
2758 3456 2850 3523 qui
2899 3455 2952 3509 in
3005 3456 3177 3528 Baby—

1609 3536 1732 3590 lone
1761 3538 2050 3611 imaginem
2075 3554 2294 3592 auream
2325 3555 2433 3593 non
2467 3539 2832 3594 adoraverunt
2860 3541 2883 3572 ι
2911 3541 2939 3594 ?

1678 3803 1836 3858 Certe
1867 3803 2034 3857 multa
2072 3811 2154 3858 est
2185 3803 2492 3872 iniquorum
2525 3802 2827 3869 obduratio,
2854 3821 2980 3858 vere
3011 3806 3175 3861 multa

1608 3905 1693 3950 est
1721 3894 2029 3948 Iudaeorum
2089 3895 2324 3955 carcitas,
2379 3895 2545 3948 multa
2595 3895 2862 3965 impietas.
2919 3897 3174 3965 lnjuriam

1611 3985 1813 4054 patitur
1837 3987 1904 4037 ab
1927 3984 2007 4037 eis
2035 3985 2237 4037 veritas
2268 4003 2279 4036 :
2319 3984 2458 4037 Deus
2491 3985 2852 4039 contumelias
2879 3987 3112 4040 sustinet
3142 4003 3172 4040 a

1607 4079 1787 4147 lingua
1818 4078 2147 4148 ingratorum
2169 4072 2497 4128 Iudaeorum.
2533 4072 2637 4128 Per
2677 4075 2930 4144 reliquias
2970 4086 3170 4146 marty-

1609 4185 1726 4223 rum
1772 4178 1826 4222 et
1863 4168 2124 4237 imagines
2165 4167 2476 4221 mullotiens
2525 4167 2831 4236 eﬂ'ugantur
2865 4169 3126 4223 daemonia
3157 4190 3174 4223 :

1607 4269 1662 4314 et
1682 4261 1798 4314 hazc
1826 4259 2041 4327 injuriis
2073 4266 2394 4326 appetentes
2426 4257 2676 4311 homines
2693 4258 2916 4322 sordidi,
2945 4260 3173 4312 subver-

1609 4358 1730 4406 tunl
1755 4359 1806 4404 et
1839 4350 2067 4403 illudunt
2099 4359 2260 4417 atque
2287 4348 2554 4402 derident.
2583 4347 2748 4414 Quot,
2767 4350 2854 4404 die
2875 4351 3029 4416 mihi,
3055 4352 3176 4405 visi-

1611 4443 1841 4496 tationes
1895 4439 2008 4512 [Gr.
2040 4438 2526 4510 obumbrationes,]
2551 4441 2949 4516 emanationes,
2988 4442 3082 4497 sed
3117 4451 3172 4495 et

1613 4533 1925 4601 frequenter
1953 4532 2272 4602 sanguinum
2310 4530 2507 4585 liuores
2536 4546 2599 4585 ex
2635 4530 2807 4586 iconis
2847 4542 2902 4587 et
2929 4534 3169 4603 reliquiis

1613 4635 1905 4696 martyrum
1929 4625 2055 4680 facti
2085 4634 2213 4678 sunt
2228 4625 2251 4678 ?
2265 4633 2319 4679 et
2335 4625 2386 4678 in
2397 4626 2597 4678 sensati
2614 4626 2776 4678 corde
2802 4625 3047 4679 videntes
3061 4641 3170 4678 non

1610 4717 1857 4781 credunt,
1883 4716 1977 4769 sed
2005 4715 2212 4769 fabulas
2233 4731 2295 4768 ac
2315 4715 2666 4768 deliramenta
2697 4715 2812 4768 haec
2828 4715 3166 4779 existimant;

1607 4805 1854 4860 videntes
1893 4806 2071 4859 taliter
2099 4822 2196 4874 per
2218 4805 2456 4872 singulos
2482 4804 2597 4856 dies
2621 4803 2672 4856 in
2701 4810 2812 4855 toto
2841 4819 2979 4873 pene
2997 4817 3164 4858 terra-

1609 4913 1728 4951 rum
1761 4897 1892 4950 orhe
1921 4895 2068 4948 viros
2103 4895 2300 4963 impios
2332 4903 2388 4948 et
2417 4893 2652 4960 iniquos,
2697 4893 2960 4948 idolorum
2992 4885 3168 4949 culto-

1607 5003 1694 5041 res
1723 4997 1777 5041 et
1809 4985 2130 5048 homicidas,
2149 4993 2204 5038 et
2233 4983 2609 5047 fornicatores,
2641 4992 2696 5038 et
2721 4985 2959 5039 latrones
2991 4985 3168 5065 subito

1608 5092 1706 5145 per
1726 5075 2000 5130 Christum
2026 5085 2080 5128 et
2111 5090 2326 5129 crucem
2347 5074 2467 5142 ejus
2499 5073 2812 5143 compungi,
2843 5082 2899 5126 et
2926 5074 2991 5127 ad
3025 5074 3173 5143 agni-

1608 5168 1813 5221 tionem
1842 5165 2089 5219 veritatis
2122 5165 2328 5228 venire,
2371 5173 2428 5219 et
2464 5165 2666 5218 mundo
2694 5165 2788 5218 toti
2828 5164 3172 5229 renunciare,

1599 5268 1762 5326 atque
1791 5271 2008 5310 omnem
2045 5255 2256 5325 Operari
2289 5255 2566 5309 virtutem.
2596 5253 2689 5310 Dic
2709 5254 2866 5316 mihi,
2897 5255 3174 5324 quomodo

1602 5363 1791 5401 sumus
1820 5347 2136 5404 idololatrze.
2172 5345 2261 5414 qui
2305 5352 2361 5398 et
2391 5345 2504 5413 ipsa
2536 5360 2682 5405 ossa,
2715 5354 2769 5398 et
2809 5345 3068 5405 cinerem,
3113 5354 3168 5399 et

1601 5454 1834 5508 pannos,
1899 5448 1953 5491 et
2003 5437 2342 5507 sanguinein,
2401 5445 2457 5490 et
2523 5439 2792 5491 tumulum
2873 5447 3167 5508 martyrum

1653 5611 1674 5642 ³
1699 5612 1835 5667 Gen.
1867 5629 2054 5677 xxxm,
2095 5612 2148 5666 '5.
2225 5609 2395 5664 ‘Dan.
2421 5626 2497 5677 ιιι,
2524 5626 2672 5680 seqq.
