3736 6308
30 257 73 318 5
1121 264 1376 326 SERMO
1426 262 1724 325 CONTRA
1773 265 2097 326 JUD/EOS.

3084 257 3222 325 1606

70 362 419 433 προϐάτων,
456 367 552 422 καὶ
579 367 739 438 βοῶν,
777 369 871 423 καὶ
898 371 1134 438 τέκνωνς
1174 373 1285 427 Ποῦ
1320 374 1374 426 at
1400 373 1545 426 κνίσ-

1746 388 1834 425 um
1866 373 2102 443 qualiter
2131 374 2214 430 vel
2236 374 2369 445 quid
2396 374 2509 431 sint
2570 373 2824 429 novimus
2848 410 2861 425 .
2896 372 2964 426 Et
3000 370 3221 440 quidem

29 495 39 519 ,
79 452 198 507 ποῦ
263 458 321 509 οἱ
348 456 552 538 ,βωμοὶ
603 460 703 513 καὶ
753 463 1084 532 προσχύσεις
1108 462 1219 517 τῶν
1261 464 1543 533 αἱμάτων;

29 544 140 606 ιεῖς
184 544 247 597 δὲ
277 548 332 599 οἱ
366 547 718 618 Χριστιανοὶ,
773 550 895 604 οὔτε
947 552 1153 625 βωμὸν,
1192 553 1321 609 οὔτε
1355 554 1546 608 θυσίαν

29 630 109 702 ζῆ
144 632 203 685 τί
254 636 444 699 ἐστιν,
496 639 859 709 ἐπιστάμεθα.
912 642 975 695 Οἱ
1006 644 1104 713 μὲν
1150 644 1259 716 γὰρ
1287 643 1546 716 Ἕλληνες

29 726 149 793 κοῖς
182 726 523 797 ἀνθρώποις
546 732 640 785 καὶ
672 737 957 801 φονευταῖς
983 737 1071 789 καὶ
1106 738 1436 809 ἀκαθάρτοις
1455 739 1546 792 καὶ

34 819 159 888 ροῖς
184 820 325 884 τοὺς
359 823 534 886 ναοὺς
562 825 845 894 ὠνόμαζον
879 831 972 882 καὶ
1009 830 1077 883 τὰ
1099 829 1313 898 εἴδωλα,
1336 832 1430 885 καὶ
1454 832 1549 886 αύ-

29 925 53 971 ς
102 908 488 978 ἐθεοποίουν,
515 914 576 966 οὐ
634 916 818 984 μέντοι
856 934 920 986 γε
973 922 1270 990 προφητῶν
1316 922 1542 992 ῆὰγίων

29 999 247 1069 »τύρων
277 1002 421 1057 ναὸν
454 1004 487 1073 ἦ
529 1003 713 1075 βωμὸν
762 1007 1075 1077 ὠνόμασαν.
1125 1012 1336 1084 Ὥσπερ
1364 1014 1472 1086 γὰρ
1500 1016 1549 1068 oi

30 1091 320 1147 Βαϐυλῶνι
366 1093 707 1166 Ἰσραηλῖται
759 1093 906 1168 εἶχον
944 1099 1151 1169 ὄργανα
1184 1103 1279 1156 καὶ
1322 1104 1551 1175 κιθάρας

52 1181 240 1251 ἕτερά
301 1200 460 1249 τινα,
503 1184 684 1251 καθὼς
717 1188 814 1241 καὶ
861 1190 910 1242 oi
936 1190 1310 1246 Βαϐυλώνιοι*
1340 1195 1435 1248 καὶ
1484 1194 1552 1249 τὰ

29 1290 37 1316 ι
72 1273 159 1335 εἰς
207 1271 383 1336 δόξαν
413 1275 577 1338 Θεοῦ,
600 1277 668 1329 τὰ
712 1278 769 1330 δὲ
810 1280 889 1340 εἰς
925 1279 1221 1350 θεραπείαν
1243 1283 1549 1353 δαιμόνων·

32 1381 81 1414 ω
116 1364 221 1415 καὶ
266 1365 372 1416 ἐπὶ
405 1367 634 1420 εἰκόνων
669 1367 999 1433 Ἑλληνικῶν
1030 1372 1124 1424 καὶ
1152 1374 1553 1440 Χριστιανικῶν

38 1473 268 1524 σωμεν,
292 1457 385 1509 ὅτι
421 1460 617 1511 ἐκεῖνοι
645 1460 744 1528 μὲν
773 1462 853 1523 είς
879 1462 1134 1531 λατρείαν
1160 1464 1253 1517 τοῦ
1282 1465 1551 1529 διαϐόλου,

29 1549 102 1607 εἰς
137 1546 199 1599 δὲ
226 1548 316 1611 είς
367 1548 531 1612 δόξαν
563 1549 699 1602 Θεοῦ
753 1552 843 1605 καὶ
896 1553 1226 1621 ὑπόμνησιν.
1261 1555 1410 1624 Πλὴν
1459 1556 1554 1610 καὶ

31 1635 117 1688 .λᾶ
148 1636 461 1707 θαυμάσια
492 1639 520 1689 ὀ
550 1638 681 1701 Θεὸς
709 1640 795 1694 διὰ
829 1640 985 1707 ξύλον
1015 1642 1236 1696 ἀκούειν
1261 1644 1549 1716 πεποίηκε,

29 1743 100 1778 ,ον
132 1726 314 1797 ζωῆς,
352 1727 515 1792 ξύλον
551 1727 807 1795 γνώσεως
837 1731 1113 1800 ὀνομάσας
1134 1750 1148 1763 ·
1179 1735 1272 1786 καὶ
1299 1734 1427 1789 ἄλλο
1454 1752 1554 1802 φυ-

80 1818 382 1889 ὀνομάσας
434 1821 649 1885 Σαϐὲκ,
706 1825 1103 1894 συγχωρήσεως
1146 1825 1381 1896 τίθησιν.
1425 1823 1557 1882 Εἶτα

29 1907 130 1978 Ξδῳ
159 1910 259 1962 τὸν
300 1910 515 1980 Φαραὼ
547 1911 812 1981 ἐκάλυψε,
844 1912 1122 1984 θάλασσαν
1150 1914 1388 1985 ἔσχισεν,
1413 1914 1556 1987 ὕδωρ

29 2001 283 2064 Δύκσ.νεν,
345 2001 478 2070 ὅφιν
527 2002 729 2072 ῦψωσε,
786 2004 992 2076 πέτραν
1028 2006 1354 2078 διέρρηξεν,
1412 2006 1558 2079 ὕδωρ

29 2109 213 2161 ,γαγε,
268 2091 437 2157 ξύλον
476 2092 788 2163 βλαστῆσαν
843 2098 907 2167 τῇ
959 2099 1129 2167 σκηνῇ
1186 2096 1285 2166 τὴν
1345 2096 1556 2169 Ἀαρὼν

30 2184 264 2255 ωσύνην
324 2183 636 2256 ἐκύρωσεν.
703 2185 860 2239 Οὕτω
896 2189 989 2240 καὶ
1041 2187 1293 2258 Σολομῶν
1352 2205 1553 2259 φησιν’

29 2276 285 2346 λογεῗτε
307 2276 533 2342 ξύλον,
565 2276 640 2330 δι’
665 2274 736 2333 οὗ
758 2278 982 2347 γίνεται
1007 2278 1379 2348 δικαιοσύνη.
1402 2279 1556 2335 Οὕτω

77 2368 415 2431 Ἐλισσαῖος
444 2367 599 2433 ξύλον
631 2368 942 2440 ἀπορρίψας
970 2370 1029 2424 ἐν
1074 2371 1336 2442 Ἰορδάνῃ,
1360 2373 1451 2425 τὸν
1476 2375 1557 2437 είς

29 2478 109 2512 τον
134 2458 234 2513 τοῦ
273 2460 467 2529 Ἀδὰμ
499 2459 716 2529 σίδηρον
741 2460 816 2522 ὡς
844 2459 902 2526 ἐξ
934 2459 1062 2531 ᾅδου
1086 2462 1377 2533 ἀνήγαγεν.
1402 2461 1558 2515 οὕτω

29 2552 296 2604 δστάσσει
332 2548 425 2617 τῷ
453 2549 649 2603 ἑαυτοῦ
682 2550 832 2604 παιδὶ
862 2552 949 2604 διὰ
974 2554 1074 2621 τῆς
1096 2552 1291 2621 ῥάϐδου
1316 2554 1557 2624 ἀναστῆ-

29 2661 38 2695 ι
73 2642 172 2696 τὸν
208 2644 389 2696 παῖδα
412 2642 510 2711 τῆς
540 2642 927 2711 Σωμανίτιδος.
975 2644 1032 2696 '0
1054 2639 1146 2695 οὖν
1171 2643 1257 2697 διὰ
1288 2643 1556 2698 τοσούτων

29 2746 127 2786 ιων
171 2732 691 2801 θαυματουργήσας
731 2732 863 2795 Θεὸς
892 2733 953 2786 ού
1003 2732 1247 2801 δύναται,
1288 2737 1411 2789 είπέ
1441 2754 1554 2806 μοι,

29 2824 425 2894 υματουργεῖν
452 2821 545 2873 καλ⁵
576 2820 664 2873 διὰ
692 2820 788 2874 τοῦ
834 2823 1015 2892 τιμίου
1052 2823 1210 2888 ξύλου
1259 2824 1352 2879 τοῦ
1399 2827 1557 2893 ἁγίου

29 2911 205 2985 πυροῦ
231 2930 247 2978 ;
302 2912 372 2964 Εἰ
415 2911 609 2974 ἀσεϐές
638 2914 754 2965 ἐστι
784 2915 950 2983 τιμᾷν
980 2912 1049 2966 τὰ
1073 2916 1225 2982 ὀστᾶ,
1268 2915 1384 2979 πῶς
1419 2918 1557 2987 μετὰ

29 3022 145 3076 ισης
169 3003 353 3074 τιμῆς
385 3003 814 3073 μετεκομίσαντο
858 3005 928 3059 τὰ
976 3005 1111 3058 ὀστᾶ
1146 3004 1342 3077 Ἰωσὴφ
1368 3006 1427 3073 ἐξ
1464 3009 1559 3061 Ai-

37 3112 219 3161 πτους
257 3093 387 3155 Πῶς
443 3093 633 3166 νεκρὸς
683 3094 966 3165 ἄνθρωπος
1011 3096 1122 3148 τῶν
1155 3098 1357 3153 ὀστέων
1383 3099 1559 3152 Ἐλισ·

36 3186 120 3240 ίου
146 3185 438 3257 ἁψάμενος
463 3186 691 3252 ἀνεστη;
717 3187 779 3240 El
804 3187 861 3240 δὲ
887 3188 953 3241 δι’
979 3187 1187 3242 ὀστέων
1215 3188 1559 3261 θαυματουρ-

31 3279 51 3328 ἰ
105 3276 271 3341 Θεὸς,
327 3274 551 3343 εὔδηλον
577 3276 656 3329 ὅτι
684 3275 909 3330 δύναται
952 3278 1049 3331 καὶ
1080 3278 1151 3331 δι’
1180 3278 1423 3345 εἰκόνων,
1464 3281 1561 3334 καὶ

31 3370 48 3420 ι
73 3366 272 3431 λίθων,
295 3367 392 3418 καὶ
407 3367 471 3419 δι’
508 3366 710 3436 ἐτέρων
736 3368 970 3422 πολλῶν.
1021 3369 1174 3422 Ἐπεὶ
1199 3370 1560 3441 καὶἋϐραὶιμ

71 3457 415 3522 κατεδέξατο
462 3455 629 3525 θάψαι
662 3457 721 3510 τὸ
751 3458 910 3527 σῶμα
944 3460 1160 3532 Σάρρας
1210 3462 1266 3512 ὲν
1318 3463 1561 3530 μνήματι

34 3545 263 3616 λοτρίῳ,
299 3545 501 3597 ἀλλ’.ὲν
536 3546 649 3615 ἰδίῳ
682 3547 854 3615 τάφῳ,
893 3549 1058 3618 τιμῆς
1082 3546 1439 3620 χάριν.”Επεὶ
1467 3553 1562 3605 καὶ

31 3634 183 3686 ικὼὸ
216 3634 361 3703 τιμᾷ
384 3632 470 3685 διὰ
498 3633 644 3686 λίθου
670 3634 822 3699 Θεὸν,
865 3637 1067 3707 στήσας
1109 3637 1205 3689 καὶ
1234 3638 1426 3707 χρίσας
1462 3639 1562 3691 αὑ-

31 3743 59 3777 ν
92 3727 176 3785 εἰς
211 3724 399 3789 τύπτον
423 3724 659 3792 Χριστοῦ
692 3723 785 3777 τοῦ
814 3727 1210 3795 ἀκρογωνιαίου
1249 3727 1422 3781 λίθου.
1452 3730 1563 3782 Καὶ

31 3814 136 3867 ιλιν
161 3814 358 3884 βουνὸν
383 3814 545 3867 λίθων
576 3817 667 3867 ἐπὶ
693 3816 785 3869 τοῦ
809 3817 982 3877 Auﬁdi,
1009 3816 1260 3888 ὠνόμασε
1285 3819 1560 3891 μάρτυρα.

31 3908 265 3975 αρτυρεί
318 3905 412 3957 καὶ
457 3904 661 3973 Ἰησοῦς
714 3907 742 3958 ὀ
772 3905 866 3958 τοῦ
916 3906 1071 3977 Ναυῆ
1122 3907 1332 3961 δώδεκα
1383 3908 1563 3974 λίθους

37 3996 184 4065 ἠσας
209 3996 295 4058 είς
325 3994 459 4046 Θεοῦ
492 3995 818 4064 ἀνάμνησιν.
852 3996 912 4048 Et
946 3996 1054 4068 γὰρ
1086 3990 1220 4067 ἦσάν
1246 4014 1351 4064 σοι,
1372 3992 1416 4052 ὦ
1438 4000 1565 4054 Ἰου-

31 4089 114 4149 .ῖε,
147 4088 209 4139 ὲν
240 4085 323 4155 τῷ
346 4085 423 4155 σῷ
456 4086 570 4155 ναῷ
588 4086 658 4138 τὰ
691 4086 785 4139 δύο
810 4087 1088 4160 Χερουϐὶμ
1110 4089 1290 4142 ἐκεῖνα
1312 4089 1384 4143 τὰ
1404 4107 1566 4144 κατα·

31 4176 282 4238 ιιάζοντα
315 4174 375 4226 τὸ
403 4174 734 4245 ἱλαστήριον,
782 4175 852 4228 τὰ
880 4175 1115 4244 γλυπτὰ,
1145 4176 1363 4247 εἰσῆλθε
1395 4178 1454 4232 δέ
1480 4195 1564 4243 τις

31 4266 178 4334 ἶλλην
197 4264 595 4336 εἰδωλολάτρης
628 4268 687 4318 ὲν
717 4266 794 4337 τῷ
822 4266 933 4338 ναῷ
960 4285 1076 4333 σου,
1100 4270 1196 4323 καὶ
1225 4270 1561 4341 θεασάμενος

1646 463 1843 534 pagani
1871 464 1941 519 ab
1972 463 2236 520 adulteris
2271 465 2591 521 hominibus
2616 474 2673 519 et
2703 462 2994 520 bomicidis
3015 470 3072 517 et
3101 462 3222 531 pol-

1646 552 1779 608 lutis
1828 557 2030 625 templa
2079 556 2442 611 nominabant
2484 564 2540 610 et
2585 556 2725 611 idola
2759 573 2772 609 :
2813 564 2870 609 et
2903 555 3023 609 illos
3064 552 3220 608 deiﬁ-

1647 647 1885 703 cabant:
1936 662 2046 700 non
2081 657 2260 701 autem
2298 648 2691 717 prophetarum
2718 686 2734 710 ,
2770 645 2853 701 vel
2906 653 3223 700 sanctorum

1648 745 1944 807 martyrum
1978 739 2262 807 templum,
2308 739 2391 792 vel
2412 754 2559 792 aram
2586 738 3026 792 nominaverunt.
3071 736 3231 789 Sicut

1649 823 1795 878 enim
1850 824 2107 880 Israelita
2160 826 2255 895 qui
2319 825 2591 896 Babylone
2631 825 2894 888 fuerunt,
2947 824 3227 881 habebant

1650 931 1850 986 organa
1900 926 1956 970 et
1996 916 2267 982 citharas,
2323 929 2378 972 et
2445 916 2549 971 alia
2599 916 2891 986 quaedam,
2956 913 3222 983 quemad—

1652 1007 1873 1062 modum
1908 1016 1967 1060 et
1999 1007 2275 1078 Babylonii
2307 1025 2320 1061 :
2360 1017 2417 1062 et
2479 1007 2584 1061 alia
2636 1007 2858 1077 quidem
2895 1005 2950 1058 in
2998 1004 3230 1073 gloriam

1657 1097 1788 1163 Dei,
1817 1097 1921 1150 alia
1954 1112 2084 1151 vero
2118 1097 2173 1150 in
2216 1096 2482 1152 culturam
2529 1096 2837 1151 daemonum
2877 1114 2890 1149 :
2927 1093 2998 1147 ita
3058 1101 3114 1146 et
3157 1091 3231 1146 de

1653 1188 1981 1259 imaginibus
2019 1189 2303 1259 gentilium
2363 1198 2420 1243 et
2457 1187 2897 1243 Christianorum
2951 1183 3223 1253 intelliga-
3278 1208 3299 1219 ι

1653 1294 1776 1334 mus
1802 1321 1816 1345 ,
1856 1280 1982 1348 quia
2006 1280 2083 1334 illi
2114 1280 2335 1349 quidem
2372 1278 2429 1332 in‘
2483 1279 2803 1334 servitutem
2837 1276 3081 1337 diaboli,
3123 1288 3233 1328 nos

1655 1381 1836 1425 autem
1864 1372 1920 1424 in
1962 1372 2183 1441 gloriam
2215 1380 2270 1425 et
2295 1370 2744 1425 memorationem
2788 1367 2906 1421 Dei.
2944 1364 3235 1421 Verumta-

1656 1478 1780 1516 men
1829 1472 1885 1516 et
1932 1462 2104 1516 multa
2151 1462 2408 1516 miracula
2466 1462 2608 1515 Deus
2641 1475 2736 1528 per
2796 1458 3003 1528 lignum
3037 1457 3231 1510 audire

1658 1552 1786 1606 fecit
1810 1592 1826 1617 ,
1852 1552 2057 1622 lignum
2088 1551 2212 1606 vitae
2239 1560 2295 1606 et
2323 1552 2529 1622 lignum
2572 1550 2820 1606 scientiae
2850 1548 3142 1603 nominans
3163 1549 3182 1579 ’
3209 1563 3226 1600 :

1662 1652 1716 1698 et
1737 1644 1881 1699 aliud
1904 1644 2196 1715 virgultum
2241 1644 2533 1698 nominans
2581 1642 2755 1696 Sabec
2782 1683 2799 1707 ,
2833 1639 3227 1710 indulgentiam

1662 1737 1837 1805 ponit.
1873 1736 2075 1792 Deinde
2105 1737 2251 1806 virga
2280 1734 2618 1790 Pharaonem
2653 1733 2872 1804 operuit
2897 1773 2911 1798 ,
2950 1747 3103 1787 mare
3124 1729 3233 1785 sci-

1656 1827 1773 1891 dit,
1821 1841 2016 1895 aquam
2072 1826 2288 1882 dulcem
2330 1825 2460 1880 fecit
2490 1865 2505 1889 ,
2566 1832 2874 1894 serpentem
2933 1821 3231 1886 exaltavit,

1657 1925 1868 1988 petram
1904 1917 2152 1987 dirupit,
2202 1931 2397 1985 aquam
2448 1914 2718 1985 protulit,
2758 1914 2963 1981 lignum
3025 1912 3269 1983 germi-'

1656 2021 1795 2064 nans
1849 2007 1905 2062 in
1976 2007 2327 2062 tabernaculo
2363 2007 2546 2059 Aaron
2614 2001 2980 2057 sacerdotium
3027 1999 3228 2055 contir-

1656 2099 1843 2153 mavit.
1871 2098 1964 2155 Sic
1988 2106 2043 2152 et
2073 2098 2328 2152 Salomon
2358 2096 2434 2150 ait
2468 2113 2482 2150 :
2510 2094 2847 2150 Benedictum
2898 2102 2973 2146 est
3026 2091 3229 2161 lignum

1654 2208 1747 2260 per
1775 2193 1911 2255 quod
1936 2190 2151 2260 justitia
2180 2190 2241 2261 ﬁt
2268 2191 2331 2245 ¹⁰.
2375 2189 2465 2244 Sic
2490 2199 2547 2243 et
2585 2187 2807 2242 Elisatus
2843 2185 2990 2256 ligno
3019 2185 3073 2238 in
3101 2182 3227 2237 Jor-

1654 2283 2072 2353 danemjaeto,
2139 2280 2345 2337 ferrum
2414 2281 2471 2335 in
2516 2290 2698 2351 typum
2755 2278 2883 2332 Adae
2953 2277 3110 2346 quasi
3158 2290 3227 2330 ex

1656 2375 1872 2430 inferno
1899 2374 2136 2431 reduxit:
2166 2374 2246 2430 sie
2273 2374 2517 2444 praecipit
2548 2388 2719 2442 puero
2762 2386 2864 2426 suo
2893 2384 2992 2439 per
3019 2370 3225 2439 virgam

1655 2465 1921 2519 suscitare
1950 2479 2180 2534 puerum
2230 2463 2595 2518 Sunamitidis
2635 2464 2697 2515 ⁸¹.
2739 2460 2878 2515 Deus
2924 2475 3088 2529 ergo,
3132 2457 3226 2527 qui

1657 2569 1753 2623 per
1785 2561 1864 2608 tot
1889 2554 2035 2623 ligna
2063 2552 2326 2608 miracula
2354 2562 2611 2621 operatus
2666 2561 2752 2605 est
2781 2591 2796 2615 ,
2849 2565 2958 2603 non
3002 2556 3181 2618 potest
3207 2586 3224 2610 ,

1657 2640 1756 2695 dic-
1798 2641 1933 2695 mihi
1960 2682 1975 2705 ,
2032 2640 2171 2695 mira
2220 2639 2402 2695 facere
2447 2639 2616 2694 etiam
2675 2651 2774 2708 per
2821 2636 3124 2707 pretiosum
3165 2634 3229 2687 li-

1657 2746 1821 2801 gnum
1856 2740 2058 2785 sanetae
2084 2730 2262 2786 crucis
2289 2730 2312 2783 ?
2343 2728 2399 2783 Si
2440 2728 2669 2798 impium
2698 2734 2784 2783 est
2812 2727 3039 2780 adorare
3075 2738 3227 2785 ossa,

1655 2819 1928 2887 quomodo
1964 2832 2086 2871 cum
2117 2817 2265 2871 omni
2294 2814 2707 2872 honoriﬁcentia
2755 2812 3068 2868 detulerunt
3107 2824 3231 2866 ossa

1655 2908 1857 2978 Joseph
1887 2923 1953 2963 ex
1978 2907 2210 2978 Egypto
2235 2947 2251 2971 ,
2304 2907 2581 2977 quomodo
2624 2912 2875 2960 mortuus
2912 2904 3075 2958 homo
3107 2915 3230 2955 ossa

1659 3000 1836 3055 Eliszei
1874 3009 2102 3071 tangens
2156 2998 2620 3055 surrexitH’orro
2658 2996 2703 3051 si
2757 3012 2854 3067 per
2883 3009 3006 3049 ossa
3064 2992 3232 3046 mira-

1659 3090 1779 3145 cula
1836 3098 2096 3158 operatur
2149 3089 2295 3144 Deus
2318 3132 2332 3154 ,
2372 3088 2727 3158 perspienum
2763 3094 2848 3140 est
2882 3084 3026 3155 quod
3059 3086 3234 3153 possit

1657 3179 1820 3233 etiam
1851 3195 1950 3248 per
1972 3179 2256 3251 imagines,
2287 3188 2342 3234 et
2374 3195 2471 3246 per
2496 3178 2719 3248 lapides.
2749 3186 2805 3232 et
2844 3192 2942 3246 per
2965 3175 3067 3229 alia
3091 3172 3235 3227 mul-

1660 3277 1733 3322 ta.
1772 3268 1909 3347 Nam
1941 3279 1996 3324 ct
2020 3270 2292 3325 Abraham
2333 3286 2443 3325 non
2496 3268 2745 3339 permisit
2783 3266 3002 3335 sepeliri
3031 3280 3236 3335 corpus

1661 3358 1808 3413 Sane
1878 3360 1935 3413 in
2000 3360 2373 3415 monumentis
2442 3360 2673 3422 alienis,
2734 3358 2827 3412 sed
2896 3358 2951 3410 in
3016 3353 3238 3424 proprio

1660 3447 1911 3516 sepulcro
1950 3462 2112 3501 causa
2152 3449 2399 3502 honoris.
2444 3447 2578 3501 Nam
2601 3455 2657 3501 et
2684 3444 2852 3499 Jacoh
2878 3445 3112 3499 honorat
3138 3457 3238 3511 per

1659 3538 1893 3607 lapidem
1926 3538 2095 3592 Deum
2120 3578 2136 3602 ,
2171 3546 2417 3593 statuens
2448 3546 2504 3591 et
2533 3551 2741 3607 ungens
2784 3550 2911 3590 eum
2957 3534 3013 3588 in
3052 3543 3235 3605 typum

1659 3628 1861 3685 Christi
1888 3630 2163 3699 angularis
2194 3628 2414 3699 lapidis.
2440 3628 2507 3682 Et
2540 3629 2670 3683 item
2705 3642 2966 3683 acervum
2996 3628 3237 3696 lapidum

1660 3723 1716 3778 in
1751 3722 1944 3801 Laban’
1964 3721 2266 3776 nominavit
2292 3728 2505 3776 testem.
2532 3718 2599 3773 Et
2648 3716 2805 3773 Jesus
2851 3719 2995 3773 Nave
3032 3719 3239 3775 duode-

1661 3815 1765 3869 cim
1806 3814 2016 3885 lapides
2046 3812 2236 3869 statuit
2263 3812 2318 3866 in
2374 3811 2811 3867 recordationem
2862 3811 2973 3865 Dei.
3002 3810 3057 3862 Si
3089 3811 3237 3865 enim

1662 3912 1847 3959 essent
1881 3905 1973 3959 tibi
1996 3941 2011 3964 ,
2046 3919 2079 3957 ο
2105 3902 2291 3958 Iudaee
2313 3944 2329 3969 ,
2376 3903 2429 3956 in
2459 3903 2664 3973 templo
2694 3912 2788 3957 tuo
2810 3901 2923 3956 duo
2954 3902 3238 3957 cherubim

1663 3996 1773 4059 illi,
1803 3994 1898 4064 qui
1952 3993 2349 4048 obumbrabant
2395 3992 2866 4063 propitiatorium,
2911 3991 3140 4059 sculpti,
3182 4002 3238 4046 et

1663 4086 1923 4143 intrasset
1979 4083 2263 4154 quisquam
2319 4096 2562 4151 paganus
2609 4080 2873 4135 idolorum
2925 4080 3143 4144 cultor,
3183 4089 3238 4135 et

1664 4175 1795 4231 visis
1824 4175 1907 4229 his
1935 4173 2202 4243 arguisset
2224 4172 2440 4228 Judaeos
2463 4212 2478 4237 ,
2511 4171 2666 4242 quasi
2697 4180 2750 4225 et
2775 4170 2918 4239 ipsos
2941 4172 3236 4225 adorantes

1664 4265 1976 4327 simulacra,
2007 4263 2137 4334 quid
2169 4271 2330 4333 putas
2362 4261 2592 4317 haberes
2619 4303 2633 4329 ,
2683 4261 2773 4316 dic
2801 4261 2967 4327 mihi,
2999 4277 3232 4331 respon-

34 4356 144 4407 Gu
173 4354 466 4424 ὲμέμζιατο
488 4359 600 4420 τοῖς
637 4358 932 4422 Ἰουδαίοις,
959 4358 1035 4422 ὼς
1062 4361 1153 4413 καὶ
1170 4362 1349 4415 αὐτῶν
1371 4362 1509 4415 εἴδω]

1756 4374 1795 4410 'e
1820 4356 1896 4409 illi
1931 4355 1998 4410 de
2028 4355 2241 4409 duobus
2270 4353 2559 4409 cherubim
2589 4352 2839 4409 fusilibus
2862 4391 2878 4418 ,
2913 4362 2970 4407 et
3023 4353 3197 4408 bobus
3216 4392 3231 4417 ,

33 4445 457 4505 ιοσκυνούντων.
479 4446 531 4497 τί
548 4445 612 4498 ἂν
640 4444 806 4517 εἶχες,
837 4450 958 4501 είπέ
984 4467 1093 4519 μοι,
1120 4452 1563 4522 ἀπολογήσασθαι

33 4532 125 4603 .τῷ
161 4552 227 4586 πε
240 4535 293 4602 pl
318 4536 424 4587 τῶν
458 4534 549 4588 δύο
574 4538 853 4607 Χερουϐὶμ
876 4538 985 4591 τῶν
1011 4541 1317 4609 χωνευτῶν,
1338 4544 1429 4595 καὶ
1455 4541 1563 4597 τῶν

34 4625 136 4686 κῶν,
183 4625 281 4677 καὶ
332 4626 610 4690 φοινίκων,
649 4629 741 4680 καὶ
764 4628 991 4682 λεόντων
1020 4631 1131 4684 τῶν
1160 4631 1329 4686 ὄντων
1356 4634 1474 4686 τότε
1505 4637 1563 4686 ἐν

33 4716 195 4784 ὄναῷ
225 4715 519 4781 γλυπτῶνς
574 4718 737 4770 Οὐδὲν
789 4714 936 4789 εἶχες
975 4722 1112 4791 προς
1160 4722 1323 4775 αὐτὸν
1366 4723 1562 4793 ἀληθὲς

37 4826 181 4876 γειν,
207 4808 257 4859 εἰ
291 4808 366 4877 μὴ
387 4805 564 4871 τοῦτο,
599 4810 680 4862 ὅτι
708 4810 819 4879 Οὐχ
847 4811 919 4874 ὡς
943 4812 1095 4876 θεοὺς
1122 4813 1316 4885 ἔχομεν
1347 4815 1485 4869 αὐτὰ
1508 4819 1565 4870 ὲν

33 4898 54 4967 ζ)
84 4896 228 4966 ναῷ,
255 4896 372 4949 ἀλλ’
408 4898 490 4960 είς
521 4898 826 4969 ἀνάμνησιν
861 4900 995 4953 Θεοῦ
1049 4903 1146 4955 καὶ
1178 4902 1337 4968 δόξαν
1372 4905 1437 4957 τὰ
1462 4906 1567 4957 Χε-

33 4990 187 5057 ιυϐὶμ
212 4986 388 5040 ταῦτα
410 4986 605 5059 ἔχομεν
638 4991 695 5042 ἐν
717 4989 797 5060 τῷ
817 4991 949 5061 ναῷ.
976 4992 1037 5044 Εἰ
1060 4992 1151 5045 οῦν
1173 4992 1347 5046 ταῦτα
1372 4994 1563 5059 οὓτως,

33 5080 100 5141 ῶς
137 5079 264 5146 ἐμοὶ
322 5079 450 5147 περὶ
508 5079 729 5133 εἰκόνων
780 5083 1069 5149 ὲγκαλεῖς;
1113 5083 1236 5137 Ἀλλ
1276 5087 1420 5153 ὲρεῖς
1452 5102 1562 5155 μοι,

33 5187 66 5222 τι
91 5173 119 5221 ὁ
146 5170 281 5229 Θεὸς
316 5168 395 5236 τῷ
425 5170 631 5241 Μωῦσῇ
682 5173 982 5240 προσέταξε
1015 5177 1241 5245 ποιῆσαι
1273 5178 1330 5227 ὲν
1357 5175 1432 5245 τῷ
1455 5176 1568 5245 ναῷ

33 5261 52 5310 lt
79 5259 318 5326 γλυπτὰ.
353 5259 520 5327 Κάγὼ
539 5260 695 5314 τοῦτο
719 5262 864 5330 λέγω
885 5280 900 5295 ο
961 5265 1078 5318 ἀλλ’
1102 5266 1129 5318 ὀ
1152 5265 1403 5336 Σολομὼν
1426 5268 1569 5320 ἐκεῖ·

35 5370 82 5403 εν
104 5350 392 5421 ὁδηγηθεὶς
424 5352 520 5405 καὶ
556 5354 775 5407 πλείονα
802 5357 861 5410 ἐν
890 5356 968 5428 τῷ
992 5358 1106 5428 ναῷ
1136 5358 1567 5419 κατεσκεύασεν,

35 5459 133 5509 περ
149 5441 268 5495 οῖιδὲ
287 5443 315 5494 ὀ
340 5442 473 5506 Θεὸς
491 5444 636 5515 αύτῷ
660 5447 1013 5516 προσέταξεν,
1040 5449 1206 5520 οὐδὲή
1236 5451 1404 5521 σκηνὴ
1425 5452 1457 5519 ἡ
1479 5449 1571 5503 τοῦ

64 5619 85 5652 ³
118 5619 249 5676 Gcn.
286 5635 357 5687 ιι,
403 5621 491 5673 17-
603 5621 645 5652 ¹⁰
684 5622 809 5692 Sap.
840 5640 929 5690 tv,
959 5626 1012 5678 7.

1665 4458 1720 4504 et
1772 4447 2005 4517 palmis,
2072 4454 2128 4499 et
2200 4444 2489 4510 leonibus,
2553 4444 2645 4514 qui
2706 4454 2863 4501 erant
2918 4444 2972 4499 in
3035 4446 3243 4516 templo

1666 4539 1901 4610 sculpti?
1928 4537 2071 4592 Nihil
2099 4538 2329 4592 haberes
2353 4538 2540 4607 utique
2560 4553 2750 4592 verum
2773 4539 2840 4593 ad
2880 4554 3005 4593 eum
3049 4539 3238 4594 dicen-

1664 4632 1816 4696 dum,
1850 4631 1955 4684 nisi
1984 4631 2124 4696 hoc,
2164 4631 2292 4700 quia
2344 4630 2459 4685 Non
2504 4638 2560 4684 ut
2606 4630 2739 4684 deos
2779 4628 3044 4684 habemus
3074 4645 3137 4684 ea
3184 4631 3239 4684 in

1667 4722 1893 4791 templo,
1927 4721 2021 4775 sed
2049 4724 2116 4775 ad
2148 4720 2585 4776 recordationem
2617 4719 2713 4774 Dei
2753 4730 2827 4774 et‘
2852 4721 3077 4791 gloriam
3108 4720 3240 4776 istos

1666 4815 1951 4871 cherubim
1981 4814 2247 4868 habemus
2271 4813 2327 4867 in
2359 4811 2583 4880 templo.
2620 4809 2677 4864 Si
2708 4825 2838 4881 ergo
2880 4812 2996 4865 haec
3055 4812 3130 4865 ita
3179 4827 3239 4866 se

1666 4907 1908 4972 habent,
1938 4904 2210 4975 quomodo
2261 4917 2349 4958 me
2404 4917 2572 4972 super
2617 4901 2794 4957 ieouis
2830 4917 3055 4958 accusas
3078 4903 3105 4956 ?
3130 4902 3242 4958 Sed

1664 4999 1803 5054 dicis
1844 4996 2002 5059 mihi,
2048 4995 2173 5065 quia
2220 4993 2365 5050 Deus
2416 4992 2583 5064 Moysi
2642 4994 2903 5063 praecepit
2948 4993 3129 5048 facere
3184 4994 3239 5048 in

1667 5090 1869 5160 templo
1898 5087 2202 5157 sculptilia:
2236 5094 2291 5141 et
2332 5101 2433 5156 ego
2476 5085 2580 5140 hoc
2625 5084 2788 5153 dico;
2846 5085 2943 5139 sed
2987 5084 3243 5151 Salomon

1666 5179 1795 5232 hinc
1832 5175 2074 5233 directus
2124 5175 2285 5233 etiam
2320 5175 2474 5246 plura
2559 5175 2616 5230 in
2676 5175 2877 5246 templo
2934 5177 3245 5231 construxit

1670 5284 1792 5338 quae
1826 5282 2002 5337 neque
2032 5266 2080 5322 ei
2110 5266 2254 5329 Deus
2284 5266 2545 5336 praecepit
2571 5308 2586 5332 ,
2613 5281 2792 5336 neque
2829 5267 3239 5323 tabernaculum

1672 5358 1971 5414 testimonii
2018 5358 2209 5412 habuit
2235 5395 2251 5420 ,
2289 5371 2467 5426 neque
2520 5357 2783 5426 templum
2810 5358 2956 5427 quod
2988 5356 3241 5412 Ezechiel

1671 5464 1734 5501 ex
1771 5448 1883 5502 Deo
1913 5446 2331 5516 comtemplatus
2365 5452 2487 5508 est,
2522 5455 2576 5501 et
2606 5455 2824 5501 nomest
2868 5447 2922 5500 in
2969 5446 3071 5501 hoc
3136 5447 3240 5500 Sa-

1071 5624 1134 5680 IV
1171 5626 1303 5697 Reg.
1341 5642 1416 5680 vt.
1496 5626 1537 5658 “
1570 5624 1642 5680 IV
1696 5626 1826 5695 Reg.
1865 5642 1945 5690 ,n,
1988 5625 2081 5689 l9;
2133 5624 2310 5678 “29.
