3736 6308
1267 261 1566 324 CONTRA

1742 262 1939 322 L'EOS.
2178 304 2181 309 ι
3113 264 3248 330 1610

36 367 266 439 ἡμῶν
291 409 312 435 ,
382 369 490 423 καὶ
534 367 626 422 τὸν
665 367 833 421 τύπον
863 366 959 423 ταῦ
991 366 1225 439 σταυροῦ
1258 367 1449 435 αὑτοῦ,
1482 370 1571 423 καὶ

1759 371 2106 427 characteres
2154 381 2468 428 sanctorum
2525 374 2666 445 ejus.
2700 375 2834 441 Quia
2880 377 3054 446 ipsum
3090 376 3252 431 decet

42 460 515 531 χαρακτῆρας
545 460 653 514 τῶν
681 460 854 528 ἁγίων
881 460 1065 514 αὑτοῦ.
1110 461 1235 514 Ὅτι
1264 461 1416 531 αὑτῷ
1442 461 1571 532 πρέ-

1742 464 1858 519 oria
1904 479 2029 519 cum
2103 463 2262 519 Patre
2309 479 2374 521 ac
2438 463 2645 535 Spiritu
2688 476 2878 523 sancto
2908 510 2922 532 ,
2980 483 3125 522 nunc
3195 478 3252 523 et

25 553 165 618 όξα
217 551 356 604 σὺν
390 551 476 620 τῷ
522 553 697 621 Hatth
732 554 826 605 καὶ
852 552 931 622 τῷ
950 552 1091 623 ἁγίῳ
1116 551 1418 623 Πνεύματι,
1478 552 1574 606 νῦν

23 643 161 712 is),
200 643 338 697 καὶ
380 644 471 707 είς
491 644 617 707 τοὺς
640 645 843 708 αἰῶνας
869 645 975 699 τῶν
1004 644 1233 700 αἰώνων.
1272 645 1444 714 Ἀμήν
1472 643 1570 715 (⁸).

1682 570 1936 627 semper,
1977 565 2034 612 et
2070 556 2125 611 in
2156 544 2356 613 saecula
2396 559 2741 615 steculorum.
2782 561 2954 615 Amen

1491 823 1725 882 NOTAE.

24 916 50 987 )
96 918 272 974 Haec
341 920 502 988 apud
552 917 728 973 Hansi
777 926 1110 988 sequuntur:
1151 916 1566 988 vaatay‘rivo;

23 980 256 1049 ὗςοπος
296 980 712 1051 Κώνσταντίας
739 980 1097 1054 τῆς’Κύπρου
1122 980 1273 1036 εἷπεν
1292 1002 1306 1015 ·
1340 980 1507 1047 Οὗτος
1538 987 1567 1037 ὁ

23 1058 357 1122 ’νωσθεὶς
394 1059 582 1128 Πατὴρ
612 1059 668 1110 ὲν
710 1057 809 1126 μιᾷ
846 1055 1185 1128 τῷνμπρλεῳν
1209 1056 1308 1124 τῆς
1335 1055 1565 1128 Κύπρου

23 1128 325 1193 agema;
353 1123 644 1197 Bténpsllrs.
675 1123 794 1197 Καὶ,⁷
807 1125 977 1178 πολλὰ
1020 1123 1272 1197 ὲχξαρμισζ
1299 1126 1402 1197 gnat
1428 1141 1570 1197 παν-

23 1187 266 1265 ρίκοὺς
302 1187 527 1263 *λόγους
558 1187 723 1250 ἀύτοῦ
758 1195 971 1264 ἔχομεν.
992 1187 1108 1261 μεθ’
1132 1187 1205 1245 ὧν
1230 1195 1321 1246 καὶ
1359 1196 1438 1255 εἰς
1469 1192 1567 1314 sig»;

23 1267 424 1314 zudacsmmv
450 1268 541 1314 τοῦ
567 1266 817 1314 Σωτῆρος
868 1260 1044 1314 ἡμῶν.
1079 1263 1468 1314 Συνεγοάὼατο
1545 1263 1567 1314 ὲ

23 1263 424 1336 ἆιμόρφωσιν
450 1268 541 1346 τολῦ
567 1263 817 1335 Σωτῆρος
860 1263 1044 1330 ἡμῶν.
1079 1263 1468 1331 Συνεγράψατο
1515 1263 1571 1314 δὲ

64 1336 186 1405 τὸν
235 1335 385 1405 βίον
434 1353 525 1405 του
588 1335 742 1401 ἁγίου
815 1333 1060 1405 Ἰωάννου
1106 1334 1570 1405 *ἀρχιεπισκρτζου

23 1401 418 1474 εξανδρείας
440 1404 534 1457 τοῦ
568 1405 722 1471 Ἐλεή
733 1419 918 1474 μονος·
943 1402 1023 1453 ἔτι
1060 1402 1169 1474 μὴν
1187 1402 1278 1474 καὶ
1306 1401 1401 1474 τσῦ
1423 1402 1571 1474 ὁσίσυ

23 1475 176 1526 ιεὼν
212 1471 334 1527 ’ἑοῦ
365 1475 561 1532 Σαλοῦ.
596 1474 690 1527 καὶ
719 1471 881 1540 ἕτερά
902 1489 1023 1524 τινα
1047 1488 1061 1502 ’
1087 1471 1183 1522 καὶ
1210 1473 1266 1520 ὲν
1285 1472 1433 1540 Δπᾶσι.
1461 1472 1575 1540 τοῖς

23 1560 110 1607 κς
145 1543 362 1623 uino-3
393 1542 669 1623 ὀρρόδοξοξ
694 1537 1413 1623 γνωξίξεταξςΗκξαζειδὲ
1436 1539 1577 1623 nasi:

23 1631 48 1676 ;
90 1613 380 1683 χρόνους
415 1607 722 1683 Μαυρικξου
751 1607 844 1665 τοῦ
881 1608 1180 1681 βασιλέως·
1206 1607 1578 1663 Constantinus

1672 918 2037 972 sanctissimus
2078 918 2347 985 episcopus
2382 917 2703 973 Constantite
2741 919 2899 986 Cypri
2931 919 3063 972 dixit
3091 936 3110 973 :
3140 919 3251 974 Hic

1674 987 1762 1058 qui
1790 988 1950 1041 lectus
1974 997 2047 1041 est
2061 986 2253 1058 Pater,
2284 988 2339 1040 in
2364 1004 2469 1041 una
2511 989 2717 1041 urbium
2749 988 2909 1057 Cypri
2954 992 3135 1043 decore
3158 1006 3251 1045 sa-

1676 1055 1972 1111 cratissimo
2002 1055 2252 1128 claruit:
2296 1067 2346 1110 et
2392 1058 2563 1111 multa
2610 1055 2914 1127 prcecouia,
2958 1067 3017 1128 et
3044 1060 3251 1128 festivo-3

1673 1142 1935 1198 sermones
1961 1126 2365 1198 cins‘ltabentus,
2398 1143 2516 1198 cum
2544 1129 2743 1198 quibus
2777 1136 2849 1180 est
2897 1126 3056 1198 etiam
3081 1145 3252 1182 sermo

1674 1196 1790 1264 ejus
1820 1198 1874 1249 in
1907 1195 2425 1264 transﬁgurationem
2456 1195 2750 1250 Saluatoris
2779 1198 2964 1250 nostri.
3014 1196 3253 1251 Conscri-

1671 1266 1772 1334 psit
1794 1276 1971 1318 autem
1999 1274 2047 1318 et
2075 1268 2237 1318 vitam
2262 1267 2432 1319 sancti
2474 1266 2696 1320 Joannis
2738 1268 3110 1333 archiepiscopi
3130 1270 3251 1321 Alc-

1671 1335 1912 1389 mandria!
1943 1344 2274 1401 cognomento
2303 1334 2616 1399 Eleemonis,
2661 1338 2718 1390 id
2746 1346 2840 1400 est,
2867 1337 3250 1392 misericordis:

1674 1405 1800 1474 quin
1829 1415 1878 1475 et
1903 1404 2092 1475 sancti
2118 1402 2391 1472 Symeonis
2421 1405 2693 1471 simplicis,
2736 1415 2783 1459 et
2808 1404 2916 1458 alia
2957 1407 3197 1475 quoniam
3230 1424 3251 1461 :

1675 1473 1831 1543 atque
1862 1474 1919 1543 in
1951 1473 2190 1525 omnibus
2220 1475 2542 1527 sermonibus
2579 1476 2688 1529 suis
2718 1473 3038 1528 ortlrodoaius
3080 1478 3248 1529 cerni-

1676 1542 1782 1596 tur.
1819 1542 2018 1596 Floruit
2053 1551 2230 1596 autem
2258 1545 2575 1612 temporibus
2607 1544 2857 1599 Mauricii
2897 1545 3249 1614 imperatoris.

1055 1948 2204 2123 FRAGMENTUM.

744 2382 1247 2477 LEONTII
1389 2382 1932 2475 EPISCOPI
2069 2382 2477 2473 (ΣΥΡΙῖἰί

947 2601 1529 2717 CONTRA
1667 2600 2295 2716 JUDfEOS.

1022 2825 1309 2897 (CANISIUS,
1345 2824 1521 2894 Autiq.
1553 2822 1785 2877 Lection.
1825 2830 1863 2876 t.
1900 2822 1939 2888 Ι,
1980 2837 2032 2891 p.
2076 2819 2224 2888 705.)

44 3144 333 3209 Ostende,
389 3138 588 3209 inquit,
642 3134 774 3189 mihi
837 3134 987 3203 signa
1034 3134 1300 3188 adventus
1366 3134 1569 3188 Christi
1601 3122 2043 3188 Bcrcdiderunt.
2066 3132 2379 3188 Secundum
2412 3149 2541 3189 vero
2569 3135 3026 3207 anagogenzNon
3053 3136 3252 3191 levabit

25 3242 131 3312 pud
150 3236 463 3291 )licbasam.
487 3248 505 3281 ι
528 3229 646 3284 Non
662 3226 889 3297 amplius
912 3226 1101 3279 levabit
1117 3243 1238 3295 gens
1251 3235 1430 3279 contra
1449 3242 1577 3296 gen-

25 3349 87 3386 em
110 3326 482 3395 rhomphaaam
514 3322 568 3388 ¹;
608 3339 625 3371 ι
670 3328 723 3373 et
750 3318 880 3372 illud
909 3317 1053 3386 apud
1073 3316 1361 3371 Jeremiam
1398 3334 1412 3370 :
1456 3315 1576 3369 Non

27 3422 152 3486 nim,
194 3417 396 3486 inquit.
426 3411 677 3466 docebunt
735 3408 966 3478 amplius
1006 3408 1356 3477 unusquisque
1395 3409 1576 3475 proxi-

27 3530 137 3568 tum
170 3524 331 3565 suum
354 3507 526 3560 dicens
550 3545 563 3567 ,
600 3517 842 3572 cognosce
883 3500 1206 3563 Dominum;
1242 3499 1365 3568 quia
1401 3513 1577 3549 omnes

29 3608 310 3674 agnoscent
348 3614 429 3652 me
456 3614 488 3649 a
510 3611 672 3664 parvo
711 3608 871 3663 usque
904 3592 974 3643 ad
1013 3606 1262 3659 magnum
1295 3591 1336 3652 ’,
1368 3598 1417 3642 et
1443 3587 1574 3641 illud

34 3696 141 3766 pud
193 3691 387 3747 Isaiam
422 3708 435 3742 :
476 3686 752 3749 Puscetur,
800 3683 992 3752 inquit,
1040 3681 1191 3750 lupus
1242 3696 1360 3732 cum
1414 3693 1570 3747 agno,

33 3797 52 3839 t
83 3786 284 3854 pardus
313 3778 470 3835 simul
504 3776 782 3847 requiescet
813 3790 927 3827 cum
955 3772 1104 3826 haedo
1146 3789 1162 3834 ;
1190 3779 1238 3823 et
1285 3768 1493 3833 vitulus,
1523 3775 1573 3819 et

31 3894 209 3941 uurns,
271 3884 317 3928 et
363 3871 443 3925 leo
472 3867 633 3922 simul
682 3874 985 3934 pascentur,
1014 3871 1063 3915 et
1085 3861 1248 3914 catuli
1282 3875 1461 3913 eorum
1495 3859 1571 3913 si-

31 3968 120 4024 nul
152 3974 322 4029 erunt,
359 3972 406 4017 et
447 3962 525 4015 leo
560 3970 717 4029 atque
769 3957 855 4010 bos
887 3954 1044 4009 simul
1072 3953 1335 4007 comedent
1368 3950 1569 4021 paleas,

33 4069 57 4111 et
86 4074 215 4129 puer
247 4070 435 4125 parvus
458 4054 512 4104 in
544 4052 780 4121 foramen
816 4047 1077 4115 aspidum,
1107 4054 1155 4097 et
1194 4044 1249 4096 in
1273 4042 1440 4096 cubile
1480 4058 1576 4094 na-

39 4164 187 4202 orum
216 4162 278 4200 ea:
315 4140 578 4212 aspidibus
601 4152 813 4193 manant
842 4134 1032 4199 mittet,
1057 4141 1105 4186 et
1134 4148 1234 4185 non
1266 4130 1570 4184 nocebunt'.

34 4238 142 4294 {huc
169 4234 311 4291 enim
351 4241 433 4286 est
460 4229 772 4284 Judaeorum
817 4223 1126 4294 pervulgata
1160 4220 1410 4290 quaestio.
1462 4219 1572 4273 Ad-

35 4334 229 4383 vertant
255 4333 425 4378 autem
473 4318 657 4374 omnia
688 4316 849 4373 facta.
877 4322 933 4367 et
957 4313 1023 4367 ad
1066 4313 1269 4365 exitum
1309 4308 1571 4379 perducta

1677 3240 1811 3293 gens
1834 3225 2144 3278 datmonum
2174 3223 2226 3277 in
2253 3230 2470 3294 gentem
2501 3224 2780 3279 hominum
2810 3224 3046 3295 gladium
3079 3225 3252 3280 idolo-

1677 3316 1866 3376 tatrise,
1905 3314 1995 3387 qui
2027 3315 2225 3369 occidit
2257 3315 2509 3382 animas“
2536 3324 2591 3368 et
2616 3315 2778 3383 eripit
2820 3330 3040 3369 sensum
3068 3317 3253 3387 cogni-

1678 3403 1975 3458 1101115θεὶ.
2016 3402 2116 3457 Ubi
2162 3404 2308 3457 enim
2349 3405 2702 3473 Evangelium
2751 3406 3102 3472 pradicatum
3142 3415 3247 3469 est,

1675 3509 1866 3547 onmes
1887 3509 2053 3547 unum
2082 3509 2280 3563 corpus
2307 3494 2848 3560 lactisunt,etunum
2873 3506 3036 3565 caput
3065 3495 3253 3549 Chris-

1677 3592 1788 3637 tum
1826 3584 2153 3645 habuerunt,
2191 3595 2245 3638 et
2268 3594 2527 3638 terrorem
2561 3586 2900 3640 duunonibus
2926 3586 3247 3644 intulerunt.

1677 3672 1807 3726 Illud
1838 3674 1981 3725 enim
2018 3691 2030 3725 :
2064 3673 2183 3726 Non
2213 3674 2323 3726 veni
2363 3674 2567 3726 mittere
2597 3690 2799 3742 pacem.
2843 3675 2932 3727 sed
2955 3674 3247 3746 gladium',

1673 3779 1782 3817 non
1815 3765 1882 3817 dc
1906 3765 2085 3834 gladio
2115 3764 2260 3820 civili
2287 3765 2494 3819 dictum
2525 3774 2647 3829 est;
2681 3765 2890 3835 gladius
2923 3767 3070 3821 enim
3086 3783 3248 3837 quem

1672 3856 1820 3909 misit
1846 3855 2118 3921 Christus,
2155 3857 2469 3926 praedicatio
2496 3865 2673 3918 est,et
2691 3857 2823 3912 ﬁdes
2849 3860 3249 3928 praedicationis

1672 3944 1920 4002 dividens
1950 3949 2160 4002 ﬁdelem
2183 3950 2251 4002 ab
2278 3948 2503 4011 inﬁdeli,
2537 3958 2590 4003 et
2621 3964 2877 4004 resecans
2902 3952 2997 4020 τὴν
3033 3952 3126 4005 ἐπὶ
3150 3969 3248 4006 κα-

1672 4039 1754 4109 κῷ
1783 4039 1986 4107 σχέσιν,
2016 4040 2110 4092 ml.
2150 4040 2475 4109 συμφωνίαν
2499 4040 2743 4109 αὑτῷ,ἰ‹1
2772 4050 2875 4105 est,
2904 4043 3245 4097 affectionem

1672 4129 1810 4191 vitii,
1845 4138 1901 4183 et
1926 4144 2048 4183 cum
2079 4146 2143 4183 eo
2170 4131 2608 4188 consensionem.
2637 4132 2727 4185 Sic
2743 4133 2808 4186 ad
2831 4133 2962 4187 illud
2986 4133 3244 4189 Michaete.

1742 4220 2035 4276 Videamus
2078 4222 2342 4292 deinceps
2375 4222 2505 4277 illud
2577 4224 2718 4292 apud
2748 4223 3060 4280 Jeremiam.
3111 4223 3247 4279 Cum

1672 4314 1818 4368 enim
1848 4315 2043 4379 nmlta,
2080 4324 2137 4369 et
2174 4330 2371 4386 magna
2405 4314 2559 4386 signa
2592 4314 2846 4371 Christus
2872 4316 3096 4382 faceret,
3128 4333 3249 4373 om-

35 4436 159 4475 esse.
187 4417 317 4472 Cum
341 4414 482 4468 enim
506 4418 770 4465 venturus
797 4412 916 4458 erat
939 4404 1209 4466 Christus,
1242 4400 1423 4455 statim
1450 4401 1570 4455 exi-
1597 4460 1637 4477 η
1668 4420 1769 4459 nes
1796 4422 1825 4459 a
1857 4421 2022 4475 parvo
2053 4421 2227 4475 usque
2286 4407 2353 4461 ad
2382 4422 2637 4477 magnum
2685 4407 2876 4462 oculos
2936 4408 3248 4463 habuerunt

37 4512 100 4565 rit
126 4510 351 4565 edictum
372 4522 401 4559 a
418 4505 629 4559 Caesare
651 4502 911 4569 Augusto,
937 4505 994 4549 ut
1020 4494 1424 4550 describeretur
1453 4493 1570 4547 uni-

37 4616 211 4657 versus
246 4599 400 4657 orbis,
429 4595 624 4649 deinde
640 4591 785 4645 onmi
818 4598 976 4661 gente.
1027 4588 1080 4641 in
1113 4595 1432 4657 potestatem
1464 4585 1573 4638 lio-

37 4704 299 4745 manorum
327 4686 561 4745 redacta,
616 4697 806 4735 omnes
849 4695 1033 4750 pacem
1068 4678 1333 4742 iecerunt,
1367 4686 1422 4731 et
1461 4691 1571 4729 non

39 4780 254 4850 amplius
276 4778 407 4831 inter
433 4790 490 4829 se
510 4773 653 4828 bella
675 4783 946 4842 gerentes,
969 4770 1169 4839 quippe
1194 4769 1286 4838 qui
1322 4768 1423 4822 sub
1464 4783 1572 4821 uno

39 4874 199 4943 capite
224 4878 410 4931 essent,
432 4868 500 4923 ad
531 4864 912 4936 agriculturam
946 4878 1004 4918 se
1029 4869 1434 4915 converterunt.

105 4963 249 5029 Quod
268 4963 307 5016 si
333 4976 445 5031 quae
476 4966 665 5030 gentes
696 4955 896 5010 relicta:
913 4965 1041 5008 sunt
1060 4954 1346 5014 bellantes.
1375 4952 1572 5006 idioma

42 5056 315 5122 Scriptum
359 5060 458 5113 est,
504 5049 554 5104 id
590 5056 691 5112 est,
750 5048 968 5117 propria
1018 5044 1377 5103 consuetudo,
1427 5042 1572 5111 loqui

46 5146 277 5200 universe
301 5142 359 5195 de
385 5141 585 5209 majore
611 5147 783 5207 parte.
810 5136 1132 5205 Hujusmodi
1150 5146 1230 5189 est
1254 5135 1381 5188 illud
1410 5134 1575 5189 trium

46 5246 311 5305 puerorum
340 5249 351 5282 :
375 5229 491 5281 Non
520 5237 593 5281 est
624 5228 677 5279 in
706 5236 930 5293 tempore
958 5227 1051 5280 hoc
1075 5226 1332 5294 princeps,
1366 5234 1417 5276 et
1448 5239 1571 5292 pro-

44 5325 191 5395 pheta
219 5322 238 5352 ⁸
268 5338 280 5386 ;
309 5329 455 5376 erant
483 5318 627 5373 enim
671 5316 879 5379 Daniel,
936 5326 991 5371 et
1032 5315 1281 5371 Ezechirl
1325 5330 1445 5368 cum
1490 5314 1571 5383 ip-

54 5415 163 5479 sis;
203 5423 251 5467 et
293 5411 558 5473 Jeremias,
599 5407 985 5478 Hierosolymis
1020 5427 1031 5461 :
1077 5416 1129 5462 et
1175 5406 1341 5461 multa
1380 5406 1572 5475 hujus-

46 5506 185 5561 *modi
231 5513 355 5559 sunt.
401 5503 505 5555 Aut
562 5500 848 5570 prophetia
895 5507 980 5553 est
1031 5500 1098 5554 de
1143 5499 1416 5571 gentibus,
1452 5512 1573 5567 quae

1678 4497 1971 4567 magistros
2010 4498 2339 4569 cognitionis
2388 4497 2507 4560 Dei,
2541 4515 2777 4569 cumque
2823 4501 3072 4565 virtutes,
3126 4514 3248 4571 qua:

1678 4587 1847 4643 Deum
1865 4590 2159 4651 decebant,
2181 4590 2616 4656 considerarent,
2642 4592 2752 4647 cito
2780 4607 2879 4661 per
2903 4593 3114 4661 seipsos
3129 4607 3252 4663 cog-

1678 4690 1949 4734 noverunt
1980 4680 2147 4735 Deum
2174 4695 2316 4745 esse,
2355 4694 2409 4737 ut
2448 4685 2577 4738 licet
2602 4684 2905 4754 intelligere
2939 4700 3049 4737 non
3073 4684 3247 4738 solum

1676 4782 1742 4821 ex
1778 4767 2059 4837 Scriptura
2094 4769 2536 4839 Evangeliorum,
2578 4770 2675 4825 sed
2703 4786 2768 4824 ex
2807 4772 3112 4825 Annalibus
3142 4770 3250 4826 He-

1678 4858 1972 4919 brzeorum.
2006 4869 2063 4915 et
2109 4860 2360 4915 llistoriis
2403 4860 2710 4930 gentilium.
2750 4860 3038 4931 Reliquum
3086 4862 3252 4933 igitur

1680 4957 1785 5011 est,
1835 4960 1897 5003 ut
1942 4950 2189 5004 dicamus
2212 4950 2280 5003 de
2309 4949 2465 5021 signo
2524 4949 2793 5006 adventus
2844 4951 3045 5006 Christi
3105 4952 3249 5021 apud

1680 5040 1894 5095 Isaiam.
1918 5040 2017 5095 llic
2040 5041 2307 5110 propheta
2330 5056 2395 5095 ex
2427 5041 2733 5097 diﬁ'erentia
2757 5036 2989 5098 feritatis
3012 5051 3069 5098 et
3095 5058 3249 5097 man-

1683 5132 1996 5187 suetudinis
2020 5133 2324 5187 belluarum
2353 5133 2648 5188 declaravit
2680 5134 2925 5188 diversos
2954 5150 3135 5190 mores
3152 5136 3249 5189 bo-

1686 5222 1895 5275 minum
1947 5239 1961 5275 :
2010 5230 2067 5275 ct
2118 5237 2185 5275 cx
2219 5220 2434 5275 illorum
2466 5220 2522 5276 in
2557 5223 2957 5293 compascendo
3014 5225 3250 5295 conjun-

1682 5312 1885 5376 ctione,
1920 5328 2088 5367 unum
2151 5315 2342 5368 horum
2397 5315 2559 5381 ovile,
2599 5322 2656 5368 et
2710 5314 2979 5371 Ecclesias
3041 5331 3108 5372 ex
3166 5317 3251 5374 bis

1681 5405 2087 5458 constituendas
2141 5404 2197 5459 in
2248 5404 2580 5474 aanigmitate
2631 5405 2975 5476 signiﬁcavit.
3034 5406 3249 5478 Lupum

1681 5495 1901 5566 quidem
1958 5496 2169 5551 vocavit
2221 5498 2462 5552 velocem
2502 5498 2569 5554 ad
2621 5499 2996 5571 rapicndum;
3050 5518 3248 5574 agmuu

126 5662 304 5719 ‘Mich.
333 5679 398 5727 tv,
432 5662 485 5716 5.
562 5660 803 5715 ’Jerem.
843 5678 989 5724 xxxi,
1024 5664 1112 5716 51.
1188 5664 1208 5694 ³
1241 5663 1342 5719 lsa.
1409 5678 1485 5727 xi,
1517 5658 1571 5729 6,

1742 5661 1760 5691 ⁵
1784 5660 1917 5716 Dan.
1954 5678 2033 5728 ιιι,
2069 5663 2156 5717 '58.
2234 5663 2253 5692 ⁸
2285 5664 2484 5718 Matth.
2509 5678 2561 5729 κ,
2597 5663 2685 5718 51.

376 5756 643 5816 Pyrum"
689 5755 805 5818 Gn.
853 5755 1079 5818 XCIII.

2813 5756 2885 5815 51
