3736 6308
598 211 732 274 1611

1618 207 1927 269 LEONTIl
1969 204 2480 267 NEAPOLITANI
2522 204 2865 265 EPISCOPI
3556 214 3576 277 Ε

596 341 727 380 vero
758 339 904 389 eum,
938 338 1100 393 quem
1139 321 1298 377 facile
1332 329 1414 378 est
1453 336 1672 386 vexare,
1711 332 1767 376 et
1802 321 2122 374 calumniari
2150 337 2165 386 ;
2200 325 2238 379 Α
2270 335 2415 382 rum,
2453 333 2687 388 quorum
2752 325 2979 386 partus,
3011 323 3070 368 et
3108 313 3323 380 soboles,
3342 327 3438 370 sunt

594 412 824 483 pardum
858 426 988 466 vero
1008 411 1098 464 τὸν
1124 410 1639 480 ποικιλὸγνωμον,ἱι1
1668 419 1772 473 est,
1797 409 2163 479 versipellem,

594 504 809 559 haedum
859 510 1043 558 autem
1090 484 1395 573 simplicem
1445 518 1459 567 ;
1519 501 1746 556 vitulum
1793 511 2163 565 mansuetum,

597 603 811 647 taurum
846 607 975 646 vero
1006 592 1291 656 audacem,
1314 590 1527 645 leonem
1562 594 1879 661 superbum,
1898 607 2039 661 quos
2067 591 2169 646 du-

595 695 704 749 cet,
735 685 931 756 inquit,
961 693 1016 738 et
1048 691 1238 753 pascet
1269 683 1434 737 homo
1476 684 1764 753 prudentia
1809 685 2029 753 quidem
2079 698 2167 738 se-

595 793 722 839 nex,
750 775 1227 832 innocentiavero
1256 784 1311 828 et
1343 774 1649 829 humilitate
1676 791 1829 844 puer,
1849 790 1912 829 ac
1939 788 2168 844 magnus

596 866 815 935 quidem
850 865 1076 928 virtute,
1105 880 1305 933 parvus
1324 874 1505 919 autem
1541 865 1747 919 vilitate
1774 880 1896 934 quae
1919 873 2165 934 apparet,

595 966 649 1008 et
681 957 965 1009 tenuitate.
988 954 1308 1024 Huiusmodi
1335 963 1464 1009 sunt
1492 956 1752 1023 praesides
1779 955 2165 1013 Ecclesiarum,

597 1062 624 1099 τι
664 1046 864 1115 quibus
912 1047 1004 1115 qui
1039 1047 1284 1100 moribus
1335 1046 1614 1110 diﬁ‘erunt,
1661 1056 2055 1117 temperantur,
2115 1056 2170 1100 et

597 1147 946 1209 coaptantur.
984 1138 1063 1193 Ac
1092 1154 1284 1195 rursus
1312 1139 1507 1193 bovem
1535 1139 1757 1208 quidem
1791 1146 1948 1193 vocat
1974 1152 2167 1206 opera-

598 1230 762 1291 rium,
790 1244 978 1283 ursum
1012 1244 1143 1283 vero
1185 1244 1436 1284 voracem
1471 1246 1485 1294 ;
1521 1229 1649 1283 item
1689 1230 1901 1284 leonem
1947 1227 2167 1297 quidem

598 1318 922 1388 principem.
947 1329 1002 1374 et
1027 1321 1330 1382 duetorem.
1346 1322 1538 1376 bovem
1561 1336 1689 1375 vero
1706 1321 1808 1375 sub
1832 1320 1962 1391 iugo
1994 1319 2167 1375 servi-

598 1411 728 1465 tutis
748 1411 1022 1465 viventem
1050 1426 1114 1466 ac
1141 1413 1468 1483 subjectum.
1485 1413 1668 1482 paleas
1688 1412 1849 1466 vilem
1873 1420 1928 1471 et
1946 1420 2168 1469 tenuem

597 1501 781 1556 cibum
808 1501 949 1569 ejus,
979 1501 1071 1570 qui
1107 1502 1209 1556 sub
1237 1502 1371 1572 jugo
1401 1511 1505 1556 est.
1537 1500 1798 1556 Comedet
1841 1501 1987 1555 enim
2043 1516 2169 1555 cum

597 1590 849 1659 subjecto
870 1590 917 1644 is
933 1591 1025 1660 qui
1059 1592 1305 1660 subjicit,
1330 1601 1554 1662 propter
1575 1592 1839 1664 unitatem
1869 1589 2171 1646 ﬁdeiJ’uer

600 1689 782 1735 autem
812 1697 1012 1752 parvus
1042 1690 1126 1737 est
1146 1683 1517 1753 unusquisque
1545 1684 1763 1753 praesul,
1792 1684 1934 1739 sicut
1955 1669 2169 1738 dictum

601 1781 704 1835 est,
741 1773 945 1826 malitia
972 1774 1249 1843 parvulus,
1286 1775 1443 1845 cujus
1485 1774 1730 1831 doctrina
1774 1783 1996 1845 propter
2029 1775 2170 1828 mul-

601 1873 708 1917 tam
738 1865 1142 1933 expeditionem
1170 1881 1366 1922 manus
1392 1875 1638 1929 vocatur,
1671 1881 1794 1939 quae
1826 1866 2168 1931 admovetur,

599 1963 656 2007 et
684 1954 929 2023 injicitur
983 1956 1315 2023 inﬁdelibus,
1359 1958 1453 2028 qui
1507 1966 1635 2013 sunt
1687 1956 1977 2025 foramina,
1999 1964 2054 2011 et
2081 1957 2169 2011 lu-

601 2057 735 2110 stra,
764 2048 1050 2115 accubilia,
1079 2057 1135 2104 et
1178 2049 1454 2105 domicilia
1514 2047 1760 2119 aspidum
1790 2047 2169 2118 spiritualium,

602 2138 656 2192 id
710 2147 822 2206 est,
877 2139 1186 2195 daemonum
1252 2148 1679 2206 venenatorum,
1740 2147 1798 2194 et
1856 2138 2168 2195 mortifero-

679 2315 700 2346 ⁸
725 2312 866 2370 Osee
892 2329 953 2381 ll,
1004 2315 1094 2371 18.
1169 2315 1188 2346 ⁷
1228 2315 1334 2371 lsa.
1380 2330 1532 2383 mn,
1564 2315 1653 2372 20.

2339 410 2513 464 Aliter
2540 407 2838 478 etiam,qui
2875 407 3079 459 vivunt
3105 406 3372 459 secundum
3390 405 3576 470 Clarium

2271 517 2405 556 num
2440 501 2699 570 injiciunt
2726 496 3107 560 darmonlbns,
3136 512 3251 551 cum
3277 496 3441 566 signum
3465 506 3576 559 (πέλ

2270 596 2516 650 ferentes
2566 594 2651 647 eis
2689 607 2801 647 non
2844 591 3047 645 sinunt
3099 590 3415 643 inhabitantes
3454 600 3575 647 παρη

2269 702 2408 756 quos
2438 678 2714 740 obsident.
2739 682 2905 749 Quod
2930 691 3117 735 autem
3141 682 3322 735 bestias
3352 682 3435 734 sive
3454 683 3576 740 lenm

2270 788 2459 851 gentes
2487 793 2632 847 saepe
2659 792 2901 830 numero
2927 773 3229 844 Scriptura,
3246 772 3430 827 aitDeus
3443 776 3576 842 perm

2274 872 2564 938 Disponam
2595 877 2987 922 testamentum
3010 868 3067 921 in
3103 867 3185 919 die
3211 866 3297 918 illa
3325 883 3413 918 cum
3431 867 3523 918 tati:
3542 891 3575 935 ς

2272 973 2320 1017 et
2349 979 2467 1015 cum
2494 960 2787 1015 volucribus
2821 958 2969 1026 caeli,
2997 973 3116 1013 cum
3153 957 3422 1024 serpentibus
3443 962 3575 1025 tant;

2272 1054 2539 1108 neraliore
2575 1067 2840 1107 sermone
2872 1050 3087 1105 bestias
3114 1049 3314 1119 quidem
3332 1049 3417 1117 agri
3438 1052 3575 1101 Mn!-

2273 1144 2442 1202 rinos,
2473 1150 2526 1195 et
2552 1141 2824 1195 immanes
2851 1156 2870 1204 ;
2913 1138 3166 1194 volucres
3180 1153 3296 1191 vero
3316 1137 3576 1203 elatiorem

2274 1245 2355 1288 tes
2395 1248 2525 1288 vero
2577 1232 2928 1296 humiliores,
2961 1239 3060 1285 aut
3107 1230 3325 1283 volucres
3347 1228 3487 1297 quidem
3511 1230 3569 1280 έιζι

2272 1323 2577 1394 astrologiae
2610 1340 2627 1390 ;
2660 1331 2965 1392 serpentes
2990 1334 3120 1374 vero
3145 1318 3404 1374 sordidatos
3423 1318 3569 1384 passas

2271 1424 2327 1470 et
2351 1430 2540 1470 rursus
2578 1428 2676 1483 per
2705 1413 2910 1466 Isaiam
2953 1429 2967 1465 :
3004 1410 3284 1465 Benedicite
3311 1427 3389 1474 me,
3410 1418 3575 1466 mla!

2272 1508 2428 1577 agri'
2462 1522 2477 1570 ;
2505 1513 2562 1558 et
2600 1505 2805 1559 iterum
2852 1519 2961 1573 per
2984 1501 3262 1556 Ieremiam
3289 1519 3301 1554 :
3324 1501 3575 1555 Badio-ms

2275 1616 2392 1652 ram
2431 1596 2927 1650 Nabuchodonosor
2971 1593 3084 1664 regi
3112 1591 3370 1662 Babylonis,
3393 1596 3567 1647 ιιειηὶτει

2278 1700 2327 1744 et
2359 1690 2548 1743 bestias
2577 1690 2712 1758 agri,
2730 1696 2793 1739 ut
2823 1694 3171 1754 operarentur
3194 1684 3237 1738 ei
3266 1684 3379 1749 ';et
3400 1685 3437 1738 in
3450 1684 3563 1736 Exite

2277 1779 2470 1834 Delebo
2496 1777 2668 1833 malas
2696 1776 2902 1830 bestias
2921 1778 2987 1829 de
3006 1785 3142 1829 terra
3169 1775 3189 1807 ⁸
3217 1789 3232 1839 ;
3260 1775 3569 1828 utomittsuata

2276 1886 2398 1941 qua:
2444 1877 2574 1923 sunt
2627 1867 2776 1938 apud
2836 1866 3137 1929 Danielem,
3187 1874 3237 1919 et
3279 1864 3380 1919 illud
3404 1862 3571 1927 τοο-μω

2277 1964 2438 2025 enim,
2482 1960 2682 2031 inquit,
2714 1968 2797 2012 est
2834 1956 3572 2028 jumentis’insipientibrslwu

2277 2055 2548 2124 praeditus,
2570 2062 2619 2107 et
2638 2052 2985 2107 assimilatas
3017 2060 3093 2105 est
3114 2050 3209 2103 illis
3241 2050 3296 2102 ¹⁹.

1730 2316 1752 2348 ⁸
1780 2314 1983 2373 Jerem.
2030 2329 2223 2383 xxvnt,
2255 2316 2340 2371 14.
2416 2321 2438 2352 ο
2474 2312 2673 2371 Ezech.
2713 2310 3034 2384 xxxrv,25.
3110 2305 3289 2364 “Psal.
3319 2305 3503 2369 simul

3574 4950 3575 5039 ψ

3573 5460 3576 5607 ι
