3736 6308
40 327 91 382 .5
653 327 656 329 ’
916 331 1069 411 ἨΪΑ
1117 331 1360 388 SANCTI
1399 332 1687 390 JOANNIS
1725 333 2304 392 ELEEMOSYNAIUI.
3090 335 3227 390 l6”

39 526 1019 553 Μ*-
89 526 287 550 '-'.'
726 529 800 537 "—
843 529 3228 554 —'m=;__—__:___m;tx

1027 542 2502 556 Μαι-Μ...

1712 542 3187 556 *ψ’-,Μασκα-

1346 803 1442 846 ,ΙΑΓ
1467 803 1638 846 UARII
1676 805 1854 846 XXIII.

39 1078 640 1285 VITA
804 1079 1764 1288 SANCTI
1917 1079 3042 1292 JOANNIS
3139 1088 3223 1167 “’

1160 1516 2031 1603 ELEEMOSYNABII,

434 1783 804 1844 AUCTORE
846 1784 1198 1849 LEONTIO
1235 1783 1316 1864 (2)
1358 1785 1828 1846 NEAPOLEOS
1880 1785 2317 1848 CYPRORUM
2353 1787 2758 1852 EPISCOPO.

624 2053 1066 2110 INTERPRETE
1107 2055 1499 2112 ANASTASIO
1532 2056 1608 2126 (3)
1648 2057 1706 2112 S.
1748 2056 1816 2111 Β.
1856 2059 1921 2110 Ε.
1966 2057 2558 2118 BIBLIOTHECARIO.

267 2461 740 2526 PREFATIO
790 2461 1237 2523 ANASTASII
1282 2461 1396 2521 AD
1451 2461 1866 2524 DOMINUM
1918 2462 2025 2533 (hi
2085 2461 2532 2529 NICOLAUM
2583 2463 2896 2527 PAPAM.

40 2760 349 2828 Cogitante
374 2773 478 2820 me,
503 2773 565 2811 ac
585 2757 678 2811 diu
709 2759 870 2812 tacite
895 2758 1236 2828 solliciteque
1265 2773 1477 2813 mecum
1510 2759 1915 2827 considerante,
1941 2763 2072 2832 quid
2118 2764 2173 2818 in
2215 2765 2377 2820 domo
2403 2768 2496 2822 Dei
2534 2771 2878 2824 commodius
2904 2786 2967 2825 ac
2990 2771 3210 2842 dignius

39 2856 196 2906 .erari
221 2867 467 2921 possem,
493 2866 558 2903 ne
579 2866 640 2903 ea
666 2851 921 2904 videlicet
939 2867 1325 2919 praesumerem
1351 2868 1472 2920 quae
1497 2851 1630 2904 mihi
1655 2868 1718 2905 ex
1739 2849 2046 2908 ministerio
2067 2857 2275 2910 credita
2298 2874 2406 2912 non
2438 2870 2588 2925 sunt,
2608 2877 2708 2915 nec
2729 2878 2920 2916 rursus
2949 2862 3040 2918 illa
3090 2866 3228 2920 arri-

40 2960 171 2997 Irem
207 2958 339 3012 quae
381 2941 638 3010 ingenioli
663 2942 766 2994 mei
792 2941 939 2994 vires
959 2942 1251 3006 excedunt,
1279 2943 1578 2996 secundum
1603 2943 1734 2996 illud
1762 2943 2070 2999 Salomonis
2090 2947 2219 3000 :Mel
2239 2950 2500 3014 invenisti,
2525 2953 2730 3006 comede
2747 2954 2885 3023 quod
2903 2955 3090 3025 reﬁcit
3108 2958 3219 3021 tibi,

40 3055 41 3062 η
67 3035 208 3103 forte
238 3032 471 3085 satiatus
497 3047 702 3083 ecomas
725 3029 856 3082 illud
884 3030 1062 3094 (Prov.
1089 3033 1234 3098 xxv).
1263 3030 1326 3082 El.
1369 3032 1496 3084 alibi
1527 3049 1539 3082 :
1568 3031 1772 3085 Alliora
1806 3042 1853 3084 te
1877 3051 1940 3086 ne
1969 3038 2258 3104 quwsieris,
2285 3049 2332 3092 et
2361 3041 2582 3109 fortiora
2609 3051 2657 3093 le
2682 3059 2744 3094 ne
2765 3056 3032 3102 svrutatus
3068 3049 3226 3115 fueris

39 3123 172 3177 .‘rcli.
213 3122 296 3191 nt)
323 3140 338 3188 ;
369 3139 493 3177 ecce
516 3123 688 3178 subito
709 3123 921 3190 quidam
953 3125 1150 3177 strenui
1183 3141 1243 3179 ac
1271 3126 1489 3179 studiosi
1520 3125 1617 3180 viii
1665 3141 1748 3178 me
1793 3123 2056 3180 eoliortari
2103 3129 2392 3182 voluerunt.
2445 3140 2492 3179 ut
2540 3131 2588 3181 in
2637 3129 2874 3182 Latinum
2923 3145 3218 3180 st'rumnetit

41 3227 258 3268 ~rterem
314 3215 590 3269 Lenntium
622 3217 688 3269 de
716 3215 850 3270 Vitae
896 3217 1122 3270 residuis
1164 3217 1241 3285 (5)
1269 3218 1487 3270 Joannis
1521 3217 1857 3270 Alexandrini
1910 3219 2156 3270 antistitis
2178 3257 2190 3278 ,
2224 3235 2376 3286 quem
2421 3219 2588 3272 Grani
2639 3231 2851 3284 prepter
2884 3221 3221 3284 multiplicem

41 3306 455 3369 uupassionem,
500 3319 657 3371 quam
682 3320 802 3374 erga
825 3319 1010 3356 omnes
1043 3305 1368 3369 possidebat,
1394 3305 1582 3357 merito
1608 3315 1660 3357 et
1691 3305 1930 3356 absolute
1957 3305 2260 3363 Eleemona.
2294 3308 2342 3357 id
2369 3318 2467 3367 est,
2515 3307 2908 3358 ιιιὶειθιίρυι-ιιοιηι
2933 3309 3223 3371 appellant,

42 3407 256 3448 iatenns
290 3406 467 3448 tantus
497 3397 576 3448 vir
600 3411 704 3448 non
739 3405 939 3448 tantum
964 3411 1210 3449 sermone
1239 3396 1444 3456 Gra'eo,
1476 3410 1652 3447 verum
1683 3396 1840 3446 etiam
1886 3394 2070 3446 Latino
2125 3396 2332 3461 eloquio
2382 3396 2699 3462 pollentibus
2742 3396 2950 3448 utilitati
2996 3404 3136 3448 esset
3172 3405 3225 3448 et

49 3487 295 3537 mmodo.

57 3578 406 3640 Uir-propter
427 3573 544 3638 quia
580 3588 663 3626 me
683 3573 898 3640 dignum
926 3575 990 3627 ad
1015 3583 1214 3627 tantum
1246 3588 1378 3641 Opus
1408 3583 1564 3640 atque
1588 3573 1831 3625 idoneum
1856 3569 2072 3624 minime
2102 3571 2364 3638 perspexi,
2399 3571 2554 3624 levavi
2578 3572 2751 3624 oculos
2782 3589 2913 3624 meos
2946 3575 3224 3638 iumonlcs,

43 3666 120 3716 ide
137 3669 334 3718 veniret
355 3665 604 3717 auxilium
635 3665 758 3716 milii
784 3663 956 3735 (Psal.
986 3664 1143 3728 cxx);
1172 3666 1351 3733 sicque
1381 3663 1562 3715 solatia
1596 3674 1798 3730 patrum
1836 3670 1890 3715 et
1933 3663 2196 3713 orationes
2227 3661 2508 3722 adhibens,
2559 3673 2661 3714 tam
2717 3662 3002 3728 prolicuum
3053 3661 3226 3712 virum

48 3772 81 3808 n
117 3771 315 3823 passos
345 3772 459 3810 sum
489 3757 665 3810 celare
689 3757 908 3814 Latinis.
936 3757 1037 3810 Sed
1066 3755 1191 3810 licet
1217 3757 1551 3811 ntembranas
1575 3755 1851 3809 incideriin
1875 3796 1886 3814 ,
1921 3757 2166 3808 scedulas
2209 3755 2630 3822 praeparat-ierim,
2664 3771 2766 3808 non
2799 3764 2974 3806 tamen
3009 3754 3146 3806 hunc
3173 3752 3227 3805 in

45 3845 232 3900 idicem
262 3849 526 3900 coniicere
547 3864 702 3901 ausus
725 3864 862 3914 smn,
887 3861 1167 3914 antequam
1200 3864 1228 3899 a
1259 3849 1614 3899 dominatione
1645 3863 1837 3910 vestra,
1866 3864 1898 3898 o
1923 3849 2108 3899 miliies
2157 3850 2328 3910 beate,
2363 3849 2624 3900 licentiam
2656 3847 2875 3912 adipisci
2929 3845 3222 3914 promerui-

45 3951 163 3997 eque
193 3936 341 3989 enim
391 3934 472 3988 fas
518 3947 672 3990 estut
706 3937 904 4004 absque
949 3939 1146 3990 vicario
1199 3939 1286 3992 Dei
1315 3937 1417 4006 (6),
1473 3939 1668 4005 ab~qtte
1719 3937 1979 4003 clavigeri)
2031 3939 2173 4001 creli,
2221 3941 2418 4006 absque
2446 3954 2602 3992 ουτω
2629 3950 2685 3992 et
2726 3941 2906 4005 auriga
2938 3936 3228 4003 spiritualis

45 4026 221 4087 'aelis,
256 4030 457 4092 absque
486 4029 846 4080 universitatis
881 4029 1147 4090 pontiﬁce,
1179 4027 1375 4095 absque
1419 4031 1571 4078 unico
1601 4013 1750 4094 papa,
1797 4031 1994 4094 absque
2023 4028 2274 4094 singulari
2303 4039 2534 4096 pastore,
2567 4033 2768 4094 absque
2796 4028 3008 4096 speciali
3043 4027 3221 4085 Patre.

50 4132 184 4183 sque
210 4126 263 4169 te
294 4118 527 4169 omnium
556 4120 754 4173 arbitro
780 4120 974 4188 aliquid
998 4129 1400 4173 conSttmtttt-lttr
1420 4128 1511 4170 aut
1540 4119 1854 4184 divulitetur.
1886 4121 1961 4172 'l'u
1992 4120 2129 4171 enim
2159 4133 2305 4176 tenes
2330 4121 2502 4174 claves
2544 4119 2702 4172 David
2734 4118 2912 4187 (Luca
2935 4123 3032 4187 ιι),
3058 4128 3112 4172 ιιι
3135 4133 3226 4170 ac-

47 4209 166 4273 pisti
200 4209 380 4260 claves
407 4209 661 4266 scientim.
695 4211 748 4261 In
779 4225 897 4262 arca
931 4209 1122 4276 quippe
1169 4209 1394 4274 pectoris
1431 4209 1501 4258 tui
1537 4207 1724 4259 tabula!
1759 4209 2052 4260 testamenti
2073 4219 2127 4263 et
2148 4209 2580 4264 mannaemlestis
2628 4207 2833 4274 saporis
2863 4215 3223 4272 requiescunt.

47 4313 57 4348 ι
85 4299 232 4348 enim
264 4299 402 4364 quod
435 4298 584 4362 ligas.
615 4315 771 4352 neruo
798 4300 988 4362 solvit;
1019 4301 1155 4366 quod
1188 4300 1369 4360 solvis,
1424 4311 1578 4347 nemo
1620 4297 1778 4365 ligat;
1808 4299 1896 4365 qui
1925 4296 2118 4364 aperis,
2148 4303 2202 4350 et
2247 4309 2405 4350 nemo
2468 4294 2926 4359 claudit;claudis,
2975 4302 3030 4348 et
3074 4309 3229 4346 nemo

50 4388 155 4438 erit
190 4385 408 4455 (Matth.
435 4389 565 4457 xvi).
601 4389 778 4442 Vieem
809 4405 1030 4454 namque
1059 4390 1110 4441 itt
1136 4391 1290 4440 terris
1317 4388 1552 4454 possides
1580 4390 1690 4441 [)ei.

49 4480 186 4536 Cum
292 4490 474 4535 autem
572 4478 721 4532 hunc
801 4479 1010 4533 beatum
1040 4480 1090 4532 in
1122 4479 1363 4532 Latinum
1394 4488 1652 4530 verterem
1677 4476 1963 4544 eloquium,
1989 4490 2085 4528 nec
2107 4476 2408 4530 Graecorum
2433 4475 2702 4543 idiomata,
2735 4491 2834 4532 nec
2860 4489 3041 4529 eorum
3068 4473 3213 4528 ordi-

49 4586 108 4620 em
147 4571 437 4622 verborum
468 4572 617 4638 sequi
660 4573 802 4638 potui
854 4574 933 4623 vel
982 4571 1159 4623 debui.
1206 4568 1317 4620 Non
1350 4570 1488 4622 enim
1521 4568 1735 4619 verbum
1759 4582 1789 4618 e
1823 4565 2017 4629 verbo,
2049 4565 2141 4618 sed
2174 4581 2384 4618 sensum
2415 4578 2446 4618 e
2475 4580 2631 4620 sensu
2682 4565 2943 4633 exeerpsi.
2974 4564 3076 4618 Sed
3123 4575 3221 4616 nec

52 4663 206 4711 itfnas
239 4661 448 4724 regulas
480 4675 853 4727 usquequaque
883 4675 1096 4714 servare
1125 4661 1339 4722 curavi,
1372 4657 1494 4709 dum
1530 4666 1727 4709 tantum
1758 4657 1978 4708 intentio
2007 4670 2122 4707 mea
2155 4657 2245 4708 illo
2277 4659 2513 4710 tenderet
2540 4694 2552 4717 ,
2585 4671 2648 4711 ex
2685 4672 2790 4724 quo
2823 4655 3018 4708 utilitas
3042 4669 3230 4707 nasce-

51 4759 132 4799 tur
160 4746 481 4813 legentibus.
512 4747 622 4812 Qna
653 4750 717 4800 de
741 4765 817 4808 re,
853 4751 1155 4813 coangelice
1184 4752 1376 4802 domne
1399 4790 1411 4808 ,
1448 4764 1550 4800 non
1603 4762 1875 4812 personam
1909 4747 2224 4798 tantillitatis
2253 4761 2382 4799 mea:
2411 4748 2642 4806 intuens,
2675 4762 2778 4798 non
2809 4748 3053 4798 astutiam
3083 4747 3230 4798 inte.

56 4854 214 4908 gans,
246 4854 348 4890 non
381 4837 661 4890 vi-rbornm
693 4840 933 4904 pltaleias
981 4841 1268 4908 requirens,
1303 4841 1394 4891 sed
1443 4841 1616 4905 potius
1645 4837 1730 4903 pio
1761 4838 1934 4886 cordis
1961 4835 2114 4886 oeulo
2146 4835 2436 4900 profectum
2469 4834 2752 4900 legentium
2784 4849 3140 4897 pra-noscens,
3175 4843 3230 4888 ttt

53 4939 167 4981 atus
201 4930 283 4981 vir
312 4941 557 4997 tanquam
599 4929 873 4993 exeinplar
901 4946 949 4980 ct
992 4931 1260 4995 speculum
1294 4929 1362 4980 sit
1404 4928 1672 4984 omnibus.
1715 4935 1886 4977 vestra
1915 4921 2200 4988 apostolica
2233 4922 2548 4975 auctoritate
2579 4922 2971 4974 translationem
3003 4925 3158 4987 bane,
3184 4925 3230 4976 si

57 5029 171 5071 stro
202 5019 428 5071 arbitrio
461 5020 650 5086 placet,
686 5019 918 5083 lii-mute;
955 5019 994 5068 αἱ
1023 5019 1288 5081 dtSpIit'el,
1320 5018 1629 5079 emendate;
1659 5016 1944 5066 dummodo
1967 5011 2224 5065 Latinitas
2251 5025 2308 5063 se
2340 5020 2483 5063 tanto
2512 5026 2615 5063 non
2647 5011 2825 5064 doleat
2849 5026 2966 5063 esse
2993 5013 3102 5064 sale
3131 5015 3232 5080 pri-

57 5118 186 5170 tam,
217 5123 324 5175 quo
356 5108 552 5160 Gracia
585 5123 641 5159 se
671 5109 861 5173 gaudet
888 5111 1085 5172 optime
1113 5107 1399 5157 conditam.

65 5198 291 5264 Suscipe
338 5215 463 5263 ergo
505 5208 743 5252 sanetum
769 5217 794 5250 a
833 5206 1107 5266 peccatore
1158 5195 1206 5245 in
1237 5202 1590 5256 erpl'elalltlll;
1621 5200 1673 5242 et
1721 5189 1823 5242 ηοτί
1868 5187 2142 5241 attendere
2178 5201 2271 5254 per
2309 5201 2464 5252 quem
2511 5189 2795 5240 translatus
2838 5185 2938 5249 sit,
2969 5184 3060 5238 sed
3110 5185 3228 5254 quis

55 5290 284 5340 tnslatus
316 5291 402 5339 sit.
433 5288 612 5356 Neque
642 5290 780 5342 enim
835 5297 1050 5355 prOpIcr
1088 5284 1316 5338 ﬁstulam
1364 5281 1658 5350 plumbeam
1690 5279 1764 5347 (7)
1795 5293 1980 5345 aquam
2032 5275 2449 5341 Iimpidissimam
2497 5275 2743 5340 despicis,
2795 5289 2966 5341 neque
3017 5286 3229 5340 prin-ter

56 5382 177 5433 inas
210 5394 327 5447 qua:
355 5382 668 5448 producunt,
695 5396 868 5433 rosam
902 5395 1021 5437 qua:
1055 5379 1364 5445 producitur
1408 5378 1634 5437 Spr‘l‘llls.
1686 5374 1874 5425 (Iustus
1903 5370 2131 5436 denique
2165 5381 2210 5419 et
2244 5378 2445 5422 amator
2480 5377 2619 5430 tuus,
2650 5368 2856 5435 quando
2883 5369 3062 5425 voluit,
3091 5367 3229 5423 Pba.

61 5469 150 5521 oni
182 5466 334 5534 (Gen.
372 5467 479 5534 λιι)
508 5481 553 5519 et
587 5467 1073 5521 Nabuchodonosor
1103 5468 1261 5527 (Dan.
1293 5465 1365 5530 tv)
1396 5464 1584 5526 iniquis
1627 5463 1836 5530 regibus
1862 5461 2084 5521 smnnia,
2116 5463 2303 5527 qubus
2339 5462 2508 5512 futura
2539 5470 3011 5526 pra-.tioscmetit-:r,
3045 5472 3224 5514 θείμη-

57 5570 109 5619 ι;
133 5571 186 5613 et
205 5560 460 5627 Caipham
485 5559 698 5626 impium
729 5563 867 5626 quod
901 5557 1215 5624 expediebat
1243 5557 1455 5623 protulit
1486 5550 1662 5624 (Joan.
1691 5559 1797 5621 si);
1829 5553 2064 5619 quiuimo
2087 5563 2133 5604 et
2155 5553 2363 5619 quando
2390 5551 2570 5616 voluit,
2595 5550 2754 5603 asina:
2785 5550 2923 5618 loqui
2952 5552 3226 5604 articulata

57 5666 128 5705 tce
162 5653 399 5720 permisit
424 5651 611 5721 (Num.
644 5653 797 5720 nn).

1015 5743 1176 5797 εεινει,
1205 5741 1380 5788 [ii-33ml
1409 5747 1563 5786 amate
1589 5737 1712 5793 Deo,
1739 5747 1824 5795 per
1845 5732 2020 5797 szccula
2043 5733 2194 5792 salve,

1078 5796 1247 5854 Totius
1267 5810 1406 5864 atque
1431 5805 1530 5850 urbi
1545 5818 1557 5838 ἀ
1576 5813 1651 5860 μὴ
1670 5813 1694 5844 a
1721 5805 1880 5856 Lente,
1901 5796 2022 5845 vale.
