3736 6308
638 291 730 347 {Gl
743 290 774 346 5
1708 277 1986 333 LEONTII
2024 273 2480 330 NEAPOLITANI
2522 274 2829 333 EPISCOPI

657 515 978 530 W—

1359 824 1362 825 ί
1451 843 2229 961 PBO(EMIUM
2313 841 2584 958 AUC
2605 843 3078 963 TORIS.

735 1596 958 1651 lntcntio
987 1596 1201 1666 quidem
1235 1614 1334 1652 una
1358 1607 1443 1653 est
1471 1605 1649 1652 nostra
1673 1608 1880 1664 quoque
1909 1603 1963 1647 et
1986 1608 2168 1646 eorum
2198 1593 2286 1662 qui
2307 1604 2430 1648 ante
2452 1608 2547 1648 nos
2574 1594 2786 1648 fuerunt
2811 1597 3189 1662 Studiosorum,
3211 1609 3254 1654 et
3279 1611 3558 1655 sanctorum

657 1705 818 1759 super
844 1692 1092 1758 praesenti
1119 1689 1478 1745 memorabilis
1509 1688 1604 1741 viri
1641 1687 1774 1740 Vitae
1802 1683 2137 1749 narratione;
2172 1684 2222 1737 id
2265 1693 2380 1751 est,
2409 1696 2466 1738 ut
2488 1700 2551 1738 ex
2589 1687 2688 1748 hoc
2727 1686 2981 1740 omnibus
3006 1687 3204 1755 quidem
3229 1689 3400 1742 imitatio
3420 1693 3569 1758 pham

657 1780 766 1843 liat,
797 1781 961 1848 gloria
993 1791 1168 1835 autem
1196 1793 1248 1836 et
1280 1778 1671 1850 m-tgnificentia
1721 1787 1921 1831 sanctae
1964 1785 2017 1830 et
2057 1777 2338 1830 adoranda:
2371 1774 2615 1829 Trinitati
2643 1777 2940 1842 referatur;
2970 1787 3024 1831 et
3053 1779 3104 1830 in
3131 1779 3238 1842 hoc,
3264 1779 3368 1831 sicut
3388 1788 3422 1832 et
3444 1782 3579 1850 metu

653 1885 773 1936 qua:
800 1884 1012 1938 semper
1042 1871 1093 1924 in
1123 1871 1520 1940 generationem
1553 1877 1604 1922 et
1632 1869 2025 1936 generationem
2059 1867 2266 1933 propria
2296 1866 2575 1920 luminaria
2600 1867 2852 1933 ostendit,
2877 1868 2944 1921 ad
2979 1869 3317 1921 illuminandos
3338 1870 3399 1933 qui
3421 1873 3450 1920 in
3468 1853 3579 1938 tesi-gl

653 1960 704 2011 in
737 1961 917 2014 umbra
950 1963 1136 2015 mortis
1165 1963 1353 2015 sedent
1379 1958 1534 2030 (Luc.
1570 1958 1608 2028 ι)
1639 1968 1691 2011 et
1721 1957 1938 2025 peccati.
1987 1956 2243 2020 Quoniam
2271 1970 2396 2007 vero
2426 1956 2580 2008 amici
2611 1955 2809 2008 Christi
2839 1971 2951 2009 non
2982 1957 3131 2011 valde
3153 1958 3376 2021 miramur,
3395 1959 3448 2025 qui
3461 1969 3579 2030 lﬁltgi-l

654 2052 912 2105 rationem
957 2061 1187 2104 nostram
1239 2051 1449 2104 fuerunt
1499 2050 1617 2114 viri,
1645 2049 1734 2118 qui
1762 2049 1867 2101 Deo
1901 2048 2084 2115 placita
2128 2047 2530 2100 conversatione
2579 2047 2854 2113 vixerunt;
2885 2049 2981 2101 sed
3024 2048 3090 2102 de
3116 2049 3333 2102 diabolica
3361 2051 3569 2116 opu-alicula

657 2153 930 2196 sermones
959 2158 1168 2208 semper
1192 2143 1416 2196 dicimus
1444 2141 1508 2194 ad
1539 2142 1869 2205 alterutrum,
1893 2143 2008 2207 quia
2039 2139 2136 2191 sul)
2167 2139 2292 2190 viris
2321 2140 2408 2207 qui
2437 2149 2558 2190 ante
2589 2153 2684 2190 nos
2710 2137 2953 2203 fuerunt,
2979 2156 3079 2190 non
3105 2150 3207 2192 erat
3232 2142 3288 2191 ita
3310 2139 3579 2208 iniquitasiml

655 2230 992 2298 multiplicata
1024 2233 1161 2284 sicut
1187 2233 1364 2298 modo,
1397 2242 1452 2285 ut
1480 2231 1723 2301 prmdixit
1755 2233 1926 2284 divina
1956 2231 2244 2295 Scriptura,
2277 2245 2340 2283 eo
2369 2231 2510 2298 quod
2551 2230 2839 2284 abundavit
2871 2231 3136 2300 iniquitas,
3165 2232 3556 2301 refrigescitchtriusr

653 2327 824 2372 torunt
856 2319 1067 2388 (Matth.
1099 2321 1278 2391 xxiv);
1313 2321 1432 2375 ideo
1459 2338 1562 2374 non
1596 2320 1831 2374 valemus
1858 2322 1920 2373 ad
1949 2336 2132 2373 eorum
2181 2335 2501 2387 consurgere
2530 2320 2771 2374 meritum
2803 2340 2814 2372 :
2844 2322 3005 2386 huius
3035 2325 3108 2375 rei
3131 2323 3273 2391 gratia
3299 2323 3347 2374 ad
3362 2334 3554 2388 praestas

655 2415 753 2458 cla:
785 2406 940 2475 hujus
971 2406 1102 2460 Vitae
1126 2410 1481 2464 narrationem
1514 2425 1579 2464 ex
1604 2419 1753 2478 parte
1781 2412 2019 2463 venimus
2047 2411 2111 2462 ad
2142 2410 2525 2462 ostendendum
2556 2412 2714 2463 etiam
2744 2412 2940 2466 diebus
2968 2416 3156 2467 nostris
3183 2413 3382 2472 volentes,
3401 2414 3565 2474 etprius:

658 2509 813 2548 suum
841 2507 1112 2566 cogentes,
1139 2499 1558 2582 excellen‘tiores
1591 2498 1740 2552 nobis
1771 2498 2142 2562 demonstrari,
2170 2507 2224 2550 et
2252 2509 2528 2566 angustam
2569 2510 2620 2552 et
2650 2508 2855 2553 arctam
2887 2502 3026 2570 viam
3057 2515 3199 2571 posse
3234 2500 3412 2554 incedere
3429 2495 3556 2564 (lsi:

652 2597 712 2642 et
737 2590 1016 2646 obstruere
1044 2608 1105 2646 os
1136 2593 1458 2660 loquentium
1489 2595 1662 2662 iniqua
1687 2593 1855 2663 (Psal.
1889 2592 2052 2661 Lm),
2087 2603 2138 2645 et
2165 2594 2358 2646 animae
2386 2609 2584 2647 nocuos
2608 2594 2937 2652 intellectus.

732 2680 842 2732 iam
875 2684 1084 2750 quidem
1115 2693 1169 2738 et
1197 2684 1289 2737 alii
1313 2692 1436 2737 ante
1481 2699 1576 2738 nos
1605 2685 1800 2751 optima
1853 2693 2008 2751 atque
2051 2684 2500 2737 excellentissima
2541 2685 2607 2737 de
2648 2685 2748 2738 hoc
2777 2687 3080 2740 admirabili
3116 2686 3219 2739 viro
3250 2694 3293 2736 et
3317 2696 3448 2736 summ
3471 2673 3566 2728 uteri!“

655 2771 857 2824 Joanne
891 2775 1240 2842 philosophati
1282 2787 1430 2835 sunt,
1464 2785 1702 2842 potentes
1745 2776 2032 2828 existentcs
2060 2775 2110 2826 in
2142 2789 2301 2842 opere
2330 2783 2384 2827 et
2414 2775 2464 2828 in
2505 2790 2772 2830 sermone.
2823 2776 2957 2832 Dico
2984 2778 3118 2830 enim
3146 2776 3351 2829 Joannem
3370 2781 3404 2821 ει
3426 2769 3565 2832 591W”

658 2863 739 2934 (8)
774 2865 863 2918 Dei
894 2866 1497 2931 cultores,etamatores
1525 2868 1794 2927 virtutum,
1825 2878 1877 2918 et
1908 2865 2119 2932 pietatis
2148 2881 2594 2934 propugnatores;
2628 2878 2870 2922 attamen
2895 2869 3128 2935 quamvis
3148 2867 3258 2919 tales
3277 2859 3579 2935 essent,ded3l~'*ﬁ‘l

653 2962 709 3009 et
729 2955 919 3008 merito
947 2955 1102 3009 studii
1131 2955 1225 3008 viri
1258 2957 1408 3010 istius
1439 2965 1492 3008 et
1531 2955 1627 3022 ipsi
1657 2956 1951 3007 omiserunt
1977 2995 1990 3016 ,
2016 2963 2070 3006 et
2099 2955 2322 3021 idipsom
2358 2957 2590 3023 perpessi
2631 2967 2776 3020 sunt,
2809 2958 2952 3024 quod
2984 2955 3202 3009 nonnulli
3224 2937 3386 3006 studiosi
3410 2947 3564 3012 agricos"

655 3056 807 3094 neam
838 3043 1054 3096 uberem
1087 3054 1139 3096 et
1170 3041 1497 3097 fructuosam
1525 3045 1944 3108 vindemiantes;
1975 3058 2093 3094 nam
2128 3044 2428 3110 relinquunt
2457 3046 2636 3112 utique
2667 3061 2728 3097 ex
2757 3045 2936 3098 fructu
2963 3045 3344 3101 benedictionem.
3365 3034 3579 3112 etim

651 3140 796 3181 Πεινο
826 3143 884 3182 δε
914 3131 1257 3196 εεαυθηιῑὺιιδ
1289 3131 1466 3199 egenis
1495 3133 1811 3204 eligentibus
1843 3133 2047 3185 vineam
2070 3177 2083 3200 ,
2115 3148 2178 3185 ex
2209 3133 2399 3200 quibus
2436 3149 2619 3186 sun-us
2647 3147 2699 3188 et
2730 3150 2832 3188 nos
2866 3136 3088 3188 minimi.
3130 3135 3240 3188 Nam
3263 3143 3302 3186 et
3322 3121 3556 3182 omnesssnt-jt‘.

651 3226 893 3292 quamvis
920 3226 1060 3277 omni
1087 3224 1397 3279 fortitudine
1425 3241 1516 3279 sua
1543 3225 1863 3279 fructiferam
1896 3225 2030 3278 hanc
2053 3225 2270 3289 olivam,
2294 3241 2410 3293 quae
2438 3225 2486 3277 in
2517 3227 2672 3279 domu
2697 3227 2817 3290 Dei,
2842 3240 2899 3279 ut
2926 3228 2999 3280 ait
3024 3227 3266 3280 Psalmista
3287 3215 3566 3290 (Pastas

650 3322 751 3382 est,
787 3301 997 3382 propter
1028 3317 1342 3382 multiplices
1373 3331 1555 3371 revera
1603 3318 1792 3379 olivas,
1831 3332 1950 3385 qum
1979 3317 2032 3368 in
2063 3331 2122 3368 ea
2151 3326 2304 3380 sunt,
2336 3320 2453 3372 zelo
2489 3318 2580 3370 Dei
2625 3318 2961 3372 vindemiare
3005 3316 3281 3378 studueriut,
3304 3309 3565 3366 attametlaa'ta'

650 3405 848 3458 tnultus
878 3407 1028 3459 oliva:
1059 3403 1282 3470 fructus,
1303 3405 1525 3460 Domino
1554 3406 1910 3474 dispensante.
1929 3405 2168 3457 Nostram
2193 3419 2319 3469 ergo
2338 3407 2496 3459 vilem
2521 3414 2575 3458 et
2601 3403 2848 3471 frigidam
2874 3408 3182 3459 alacritatem
3202 3391 3565 3470 suscipitautdnrﬂ

651 3495 855 3548 minuta
883 3492 1058 3565 (Luca:
1085 3508 1229 3560 xxt);
1265 3511 1367 3548 non
1399 3497 1537 3549 enim
1567 3497 1669 3550 illis
1700 3496 2042 3550 detrahentes
2062 3536 2078 3561 ,
2108 3509 2279 3562 neque
2311 3496 2396 3562 qui
2430 3495 2692 3562 possimus
2717 3509 2906 3547 eorum
2939 3511 2966 3548 a
2998 3495 3101 3550 Deo
3122 3495 3325 3549 donatam
3353 3476 3565 3557 sapientiaas-

651 3585 773 3648 tari,
798 3584 923 3653 justi
954 3593 1098 3651 gesta
1131 3587 1404 3652 scripturae
1437 3585 1645 3638 tradere
1673 3582 2073 3646 festinavimus;
2103 3584 2193 3635 sed
2228 3584 2399 3648 primo
2427 3582 2641 3649 quidem
2671 3593 2724 3634 ut
2764 3583 2906 3650 quod
2936 3584 3245 3654 intelligimus
3265 3577 3579 3654 nonjnsttesml

653 3686 773 3742 qua:
800 3681 1025 3740 possunt
1066 3673 1344 3728 utilitatem
1374 3674 1704 3726 audientibus
1747 3670 1940 3734 facere,
1971 3671 2184 3726 silentio
2227 3672 2491 3724 occultare
2517 3688 2532 3734 ;
2565 3689 2629 3724 nc
2656 3681 2709 3724 et
2744 3689 2850 3726 nos
2882 3673 3160 3727 incidamus
3181 3679 3224 3725 tn
3251 3673 3419 3736 indit-iam
3441 3655 3562 3714 smilis

665 3761 884 3831 (Matth.
916 3767 1059 3831 xxv),
1085 3762 1172 3830 qui
1256 3761 1520 3818 talentum
1585 3763 1640 3818 in
1703 3771 1850 3817 terra
1937 3760 2232 3814 abscondit.
2261 3761 2505 3815 Secundo
2526 3771 2816 3829 autem,.ut
2845 3764 2897 3816 in
2929 3763 3024 3817 hac
3047 3760 3302 3814 narratione
3324 3749 3579 3804 nostra

664 3866 751 3905 res
776 3859 829 3904 et
857 3850 1196 3904 delectabiles
1246 3849 1481 3900 historiae
1524 3848 1938 3910 conscribuntur,
1973 3864 2088 3912 qua:
2127 3848 2336 3915 scripta!
2365 3865 2469 3901 non
2499 3856 2620 3901 sunt
2659 3851 2725 3902 ab
2759 3850 2980 3916 optimis
3023 3849 3156 3910 viris,
3185 3847 3224 3897 iu
3251 3840 3416 3894 laudibus
3430 3838 3579 3916 salitus?!"

665 3955 846 3994 revera
873 3948 1031 4005 atque
1053 3938 1337 3990 beatissimi
1365 3934 1602 3990 Joannis.
1630 3935 1828 3988 Deinde
1856 3951 2000 3997 vero,
2025 3938 2144 4003 quia
2171 3937 2432 4003 sapientes
2455 3947 2507 3990 et
2528 3946 2768 4006 potentes
2785 3940 2842 3992 in
2866 3953 3118 3998 sermone,
3139 3942 3345 3988 amatores
3359 3923 3487 3979 hiSItll'lZ
3501 3922 3561 3965 σε·

665 4031 934 4097 sapienter
962 4039 1014 4080 et
1043 4027 1340 4080 sublimiter
1365 4025 1635 4077 materiam
1667 4025 2020 4093 depinxerunt
2045 4043 2060 4078 :
2085 4026 2221 4093 quod
2252 4028 2478 4082 maxime
2498 4042 2548 4082 et
2573 4031 2898 4098 peramplius
2925 4034 3086 4085 erexit
3110 4042 3192 4082 nos
3213 4030 3265 4079 ad
3289 4022 3509 4090 praelitas-
3553 4023 3562 4030 ‘

667 4117 922 4182 tudinem,
952 4125 1003 4169 ut
1031 4131 1094 4168 eo
1122 4118 1207 4183 qui
1236 4117 1371 4167 inest
1397 4115 1567 4175 nobis,
1598 4113 1848 4182 pedestri,
1881 4116 2126 4183 deformi,
2161 4117 2447 4186 humilique
2491 4119 2802 4176 charactere
2833 4136 3201 4183 enarraretnus,
3221 4126 3266 4168 ut
3288 4121 3408 4182 posset
3423 4117 3451 4158 et
3471 4102 3559 4152 dii"

665 4209 781 4260 sine
811 4207 996 4260 litteris
1027 4206 1093 4259 de
1122 4206 1203 4258 his
1228 4220 1343 4273 quae
1373 4206 1616 4257 dicuntur
1647 4204 1914 4271 proliceve.
