3736 6308
969 301 1128 356 VITA
1173 306 1420 363 SANCTI
1454 309 1738 369 JOAN‘NIS
1780 316 2355 379 ELEEMOSYNARH.

30 473 2534 534 _-_________...._-..___-____.__-_.___________
3085 535 3252 548 ,.___

1276 747 2010 966 VITA.

1482 1159 1791 1175 *ὴ

54 1299 257 1354 Cum
293 1319 522 1356 rnwun.
549 1332 614 1343 -—
637 1305 764 1358 Cum
813 1310 1168 1374 pervenissent
1211 1315 1579 1370 Alexandriam
1609 1323 1658 1377 Α
1687 1320 2024 1390 Evangelium
2055 1329 2353 1386 audientem
2400 1350 2479 1403 se,

29 1407 90 1455 to
148 1391 422 1459 indignus
462 1395 525 1445 ad
572 1397 965 1460 amplectattdos
1011 1413 1224 1456 sanctos
1268 1416 1322 1458 et
1357 1407 1584 1462 victores

30 1489 275 1547 lat-tyres
311 1481 516 1549 Cyrum
549 1492 601 1536 et
643 1484 896 1539 Joannem
921 1487 1018 1556 (9),
1046 1499 1099 1542 et
1131 1506 1312 1544 eorum
1339 1495 1585 1560 jncundis

29 1569 172 1620 tulis
201 1579 262 1622 et
297 1573 598 1627 refectione
621 1573 1380 1641 fruerentur,convenientibus
1403 1597 1450 1639 et
1475 1589 1586 1641 col-

29 1658 362 1723 .qttentibus
415 1660 605 1714 ibidem
660 1664 970 1730 quibusdam
1019 1671 1146 1723 viris
1203 1676 1583 1732 venerabilibus

30 1762 154 1814 quo
184 1748 570 1814 philoehristis
595 1753 729 1821 (l0),
761 1762 816 1807 et
841 1756 1232 1822 disputaremus
1251 1763 1318 1816 de
1344 1766 1580 1833 Scrtptu-

32 1852 57 1886 s
90 1845 148 1888 et
177 1837 251 1890 de
301 1840 505 1892 animat
537 1841 901 1908 institutione,
931 1849 1068 1900 venit
1115 1850 1177 1903 ad
1227 1868 1322 1906 nos
1368 1857 1580 1919 quidam

29 1927 319 1994 aregrinus
376 1938 564 1994 petens
610 1931 1026 2002 eleetnosynam.
1078 1937 1294 1992 Dicebat
1333 1946 1472 1997 enim
1522 1959 1582 2000 se

29 2029 161 2082 .tper
193 2016 265 2068 de
313 2019 633 2086 captivitate
658 2021 931 2075 Persarum
962 2037 1220 2094 ereptum.
1258 2036 1457 2088 Accidit
1488 2037 1582 2106 igi-

29 2119 70 2156 tr
117 2115 182 2158 ut
228 2107 427 2160 nullus
473 2109 540 2163 de
567 2111 965 2167 considentibus
1007 2117 1333 2173 inveniretur
1378 2125 1579 2181 habens

29 2193 226 2250 retium
273 2207 377 2250 aut
409 2213 702 2252 nummum.
753 2201 896 2256 Unus
933 2221 1056 2272 ergo
1081 2209 1146 2260 de
1185 2213 1579 2270 considentibus

29 2285 233 2339 tbehat
256 2288 373 2341 illic
397 2299 653 2343 astantem
679 2297 1082 2362 mercenarium,
1106 2298 1293 2353 callide
1313 2302 1574 2371 datorem,

29 2375 359 2441 :cipientem
399 2388 504 2431 tres
525 2387 722 2432 tantum
745 2396 986 2435 nummos
1011 2400 1102 2450 per
1123 2391 1357 2456 séngulos
1382 2409 1573 2461 annos,

29 2506 36 2516 ρ
90 2465 400 2520 habentem
444 2483 660 2522 uxorem
687 2480 737 2523 et
765 2471 895 2524 duos
937 2475 1090 2528 filios.
1137 2476 1370 2548 Cumque
1402 2499 1577 2538 reces-

32 2566 144 2609 sset
189 2558 287 2626 qui
328 2559 560 2624 petebat,
593 2572 900 2626 prosecutus
928 2569 1012 2617 est
1037 2580 1158 2620 eum
1204 2571 1492 2638 ingeniose,
1521 2585 1575 2630 et

30 2649 213 2702 tstulit
230 2665 259 2698 a
279 2663 343 2703 se
364 2665 520 2716 quam
543 2649 746 2706 ferebat
766 2655 1085 2710 cruciculam
1103 2661 1406 2729 argenteam
1429 2666 1476 2732 (ι
1494 2667 1565 2734 l),

81 2738 178 2789 dat
206 2738 283 2801 ei,
319 2739 504 2792 dicens
534 2754 591 2792 se
621 2756 722 2793 non
754 2741 949 2797 habere
998 2746 1140 2799 aliud
1173 2750 1366 2818 aliquid
1401 2769 1568 2822 usque

30 2825 48 2877 ,Ι
83 2826 346 2894 siliquam
381 2842 533 2879 unam
567 2830 678 2899 (12)
709 2830 760 2883 in
809 2833 913 2885 vita
960 2851 1074 2889 sua.
1137 2839 1248 2908 Ego
1304 2842 1461 2911 igitur
1503 2847 1568 2901 de

29 2930 86 2968 nc
121 2917 270 2983 quod
306 2917 595 2982 acciderat,
630 2920 737 2973 into
763 2924 900 2989 quod
943 2936 1147 2991 gestum
1181 2930 1445 2996 viderant,
1478 2951 1569 3000 per

29 3002 224 3058 ratiam
256 3006 353 3058 Dei
373 3007 712 3063 considerans
735 3013 869 3078 quod
898 3014 1175 3080 fecerat,et
1197 3032 1560 3089 compunctus,

37 3097 239 3147 tarravi
275 3097 452 3148 statim
506 3112 669 3167 prope
709 3101 934 3166 sedenti,
964 3106 1162 3161 Menum
1190 3113 1420 3177 nomine,
1450 3115 1564 3170 viro

29 3184 262 3238 tdttstrio
305 3197 356 3240 et
404 3188 607 3242 timenti
641 3191 804 3246 Deum
833 3235 844 3256 ,
873 3195 961 3263 qui
989 3206 1043 3250 et
1070 3207 1183 3251 erat
1208 3203 1456 3257 ordinans
1485 3207 1564 3259 di-

29 3277 402 3328 )t’llsnliouellt
459 3282 805 3336 sanctissimae
857 3286 1095 3341 ecclesia:
1153 3291 1250 3343 Sttb
1301 3295 1461 3348 nobili
1512 3309 1558 3351 et

29 3363 310 3416 eatissitno
336 3364 537 3419 Joanne
579 3370 892 3435 patriarcha.
927 3375 1024 3440 Qui
1066 3391 1182 3430 cum
1229 3397 1314 3433 tne
1346 3383 1562 3440 intuitus

29 3463 133 3504 sset
185 3452 534 3507 admirantem
565 3469 616 3511 et
647 3459 940 3515 laudantem
983 3481 1102 3519 eunt
1133 3469 1219 3535 qui
1263 3471 1560 3542 eleetttosy-

29 3556 114 3592 atn
146 3538 372 3604 fecerat,
408 3544 537 3596 dixit
559 3546 684 3599 mihi
713 3565 726 3600 :
753 3548 826 3602 Ne
849 3552 1076 3618 mireris,
1105 3570 1169 3608 eo
1194 3560 1330 3623 quod
1364 3575 1425 3614 ex
1455 3571 1560 3616 tra-

29 3632 198 3686 itionc
223 3642 274 3685 et
300 3633 538 3686 doctrina
565 3637 862 3704 lujttStnodi
890 3644 1107 3697 actionis
1133 3659 1378 3712 operator
1398 3655 1560 3708 exsti-

35 3729 75 3773 ι.
112 3722 180 3775 Ει
211 3723 424 3777 dicente
455 3741 537 3778 me
578 3728 640 3779 ad
672 3744 813 3791 euut,
844 3733 1150 3797 Quomodo?
1179 3751 1393 3806 propter
1434 3744 1558 3796 cha-

39 3819 204 3864 tatetn
239 3815 488 3881 prodesto
518 3817 668 3870 mihi.
694 3819 806 3888 Ipse
838 3811 1161 3891 respondan
1187 3830 1258 3882 ait
1285 3848 1296 3880 :
1323 3834 1556 3887 Sanctis-

39 3916 126 3950 ttto
143 3910 226 3954 ter
245 3902 396 3958 beato
419 3909 728 3973 patriarcha:
747 3923 925 3964 nostro
951 3915 1251 3970 tnittistraus
1266 3926 1554 3987 permansit

1663 3990 1850 3996 ,,,_,__
1895 3990 1992 4011 τη,

29 3990 206 4053 uantti,
241 4002 293 4044 et
323 4002 567 4062 tanquam
602 3999 736 4050 filius
767 4005 1011 4069 proprius
1057 4011 1215 4069 patris
1243 4009 1550 4066 industriam
1588 4033 1634 4094 ρ
1663 4047 1999 4100 eumenen",

39 4083 225 4100 _._-,_.‘.
297 4082 361 4100 l'_
446 4097 454 4100 _
660 4099 666 4100 κ
788 4092 798 4100 ι
1013 4095 1050 4100 --
1154 4099 1181 4100 ,,

30 4083 251 4150 :tseepit,
284 4082 491 4138 dicente
523 4099 706 4141 sancto
735 4092 798 4142 ad
829 4109 944 4145 eum
970 4110 983 4148 :
1010 4095 1234 4152 Humilis
1277 4101 1551 4169 Zacltaria,

29 4180 108 4223 sto
138 4174 439 4231 misericors
464 4194 477 4241 ;
503 4187 554 4231 et
582 4184 796 4234 verbum
827 4185 987 4240 habes
1013 4203 1078 4241 ex
1122 4191 1230 4244 Deo
1262 4209 1352 4260 per
1381 4196 1556 4252 infeli-

29 4263 209 4314 itatent
245 4279 438 4332 meam,
473 4269 593 4334 quia
626 4286 793 4340 ueqtte
833 4273 883 4325 in
924 4277 1028 4331 vita
1061 4294 1174 4332 mea
1222 4298 1392 4351 neque
1439 4299 1556 4351 post

29 4360 220 4406 mrtem
247 4355 419 4408 deerit
444 4372 472 4409 a
503 4367 552 4411 te
600 4361 766 4421 Deus;
798 4366 936 4432 quod
963 4381 1136 4422 servat
1167 4387 1332 4440 usque
1373 4375 1549 4431 hodie.

29 4439 183 4494 [ultas
211 4445 351 4496 enim
398 4448 790 4506 benedictioues
825 4455 986 4509 mittit
1026 4459 1072 4512 ei
1123 4461 1280 4523 Deus.
1312 4467 1401 4518 sed
1448 4486 1550 4522 ιι-ιη

30 4532 213 4587 imittit
242 4537 545 4605 quidquam,
578 4544 714 4608 quod
747 4560 852 4598 non
880 4551 1056 4601 statim
1089 4551 1180 4604 det
1208 4559 1544 4622 pauperibus,

31 4625 374 4688 ropentodum
424 4631 794 4696 constringens
851 4644 904 4688 et
950 4636 1000 4688 in
1047 4638 1264 4694 nihilum
1304 4644 1548 4712 redigens

30 4726 204 4762 untum
238 4727 404 4766 suam.
436 4715 699 4771 Multoties
726 4730 901 4774 autem
935 4723 984 4776 in
1013 4730 1362 4784 exsultatione
1396 4734 1544 4789 ittve~

29 4811 184 4852 erunt
215 4815 334 4855 eutn
375 4804 616 4872 quidam,
639 4807 901 4864 dicentem
954 4813 1060 4867 Deo
1087 4832 1099 4868 :
1123 4819 1344 4888 Sic.s'.c,
1375 4833 1464 4876 aut
1492 4833 1546 4879 tu

29 4889 269 4953 tittendo,
298 4900 389 4944 aut
414 4907 511 4959 ego
539 4894 922 4964 dispergendo;
957 4903 1253 4957 videbimus
1278 4923 1403 4962 vero
1426 4914 1544 4976 quis

30 4982 184 5029 ineat.
234 4981 420 5048 Liquet
463 4988 601 5035 enim
633 5001 882 5052 quontant
926 5002 977 5044 tu
1005 4993 1151 5048 dives
1174 5036 1189 5060 ,
1223 4998 1461 5064 Domine,
1491 5013 1546 5058 et

29 5067 109 5117 itte
139 5079 328 5121 nostra:
358 5071 682 5126 ministratur
707 5091 783 5130 es.
830 5079 992 5134 Porro
1023 5093 1100 5135 est
1144 5088 1354 5152 quando
1393 5091 1542 5156 juxta

29 5163 235 5208 ventum
265 5174 366 5211 non
408 5163 563 5216 habet
616 5167 680 5217 ad
739 5167 920 5223 horam
974 5173 1167 5242 aliquid
1211 5180 1351 5246 quod
1380 5181 1470 5236 det
1510 5199 1541 5236 a.

29 5256 48 5292 ε
81 5247 301 5308 petenti;
332 5257 383 5298 ct
423 5253 655 5305 tristatus
692 5255 820 5308 dicit
855 5260 921 5311 ad
966 5262 1316 5319 talternaritttn
1358 5280 1448 5322 aut
1475 5273 1540 5326 ad

2521 1337 2649 1394 dicit
2684 1342 2809 1395 mihi
2839 1358 2959 1399 cum
2989 1364 3243 1419 compun-

1685 1413 1894 1466 ctione:
1921 1414 1978 1468 ltt
2027 1417 2126 1473 hoc
2166 1422 2396 1488 miraris,
2427 1427 2684 1484 Domine?
2708 1432 2824 1486 Jam
2867 1437 2909 1490 si
2951 1438 3253 1500 invenisses

1685 1511 1924 1556 sanctum
1972 1508 2340 1576 patriarcham,
2375 1516 2537 1581 quid?
2583 1520 2682 1573 Aio
2725 1524 2774 1576 ei
2802 1525 2992 1590 :Quid'
3018 1534 3242 1598 amplius

1685 1592 1952 1648 viderem?
1993 1597 2140 1653 Tunc
2187 1603 2319 1658 dixit
2354 1606 2516 1662 mihi:
2551 1610 2720 1668 Crede
2748 1631 2841 1684 per
2869 1592 3242 1691 indulgentiam

1684 1680 1798 1735 Dei.
1825 1682 1942 1750 Ipse
1963 1702 2048 1741 me
2077 1690 2199 1744 fecit
2220 1697 2605 1768 presbyterum.
2631 1713 2685 1758 et
2707 1680 3096 1767 vicedoutinuttt
3131 1680 3242 1788 (15)

1683 1776 2032 1833 sanctissima:
2062 1785 2317 1850 ecclesia),
2347 1798 2398 1842 et
2421 1791 2523 1845 vidi
2554 1795 2605 1846 itt
2632 1811 2698 1849 eo
2727 1815 2909 1870 opera,
2943 1807 3240 1864 universam

2375 2439 2388 2476 :
2415 2425 2526 2480 Non
2563 2428 2763 2496 justum
2794 2446 2894 2501 est,
2927 2453 2960 2490 ο
2991 2439 3231 2509 Domine,

1676 2497 1867 2552 animas
1901 2501 2072 2557 cibum
2104 2506 2490 2578 relinquentes,
2523 2532 2715 2588 corpus
2743 2534 2865 2579 ante
2893 2528 3122 2586 animant
3149 2550 3234 2588 re-

1678 2583 1855 2651 ﬁcere,
1887 2591 1978 2643 sed
2019 2593 2193 2663 magis
2214 2599 2387 2655 cibum
2427 2605 2517 2673 qui
2546 2623 2647 2662 non
2679 2614 2832 2678 perit,
2863 2632 3152 2686 sumamus,
3180 2635 3231 2680 et

1600 2679 1645 2738 Β
1674 2677 2008 2738 postmodum
2054 2687 2264 2750 corpori
2315 2677 2691 2752 necessitatem
2739 2713 3067 2767 praestemus.
3097 2710 3228 2768 Cum

1669 2777 1794 2829 ergo
1837 2769 2088 2836 cepisset
2116 2775 2274 2831 vitam
2305 2785 2471 2836 sancti
2502 2786 2618 2840 sine
2663 2794 2938 2850 mendacio
2966 2802 3188 2857 recitare
3211 2848 3224 2870 ,

1670 2852 1921 2922 Pritttuttt,
1954 2860 2137 2929 inquit,
2167 2875 2220 2920 et
2251 2873 2572 2940 praecipuum
2604 2879 2794 2937 bonum
2822 2887 2935 2954 ejus
2959 2852 3226 2962 fit—iniquo:

1669 2943 1806 2998 niam
1831 2951 2148 3007 omnimodis
2181 2971 2282 3010 non
2309 2958 2524 3027 juravit.
2558 2966 2690 3022 Petii
2720 2943 2874 3039 igitur
2903 2943 3138 3034 chartam
3172 2995 3226 3037 et

1665 3041 2118 3111 atratttentarium,
2150 3056 2204 3100 et
2227 3063 2344 3117 quas
2371 3053 2705 3127 dicebantt'tr,
2738 3079 2832 3130 per
2858 3070 3098 3126 ordinem
3123 3091 3220 3128 att-

1665 3125 1933 3178 nutabant.

1734 3215 1861 3272 Cap.
1895 3219 1956 3274 ll.
1978 3253 2048 3262 —
2069 3223 2350 3284 Promotus
2379 3251 2526 3305 ergo,
2557 3249 2608 3292 et
2660 3245 2710 3296 in
2757 3247 2954 3305 throno
2987 3256 3224 3312 residens

1664 3304 1714 3356 iu
1738 3309 1902 3361 amica
1933 3310 2128 3367 Christi
2162 3333 2346 3387 magna
2379 3304 2590 3382 civitate
2634 3331 2973 3402 Alexandria,
3005 3342 3222 3399 decreto

1663 3395 1839 3448 divino
1885 3404 2160 3464 \eraciter,
2192 3418 2246 3459 et
2293 3427 2396 3463 non
2439 3430 2500 3467 ex
2555 3418 2879 3492 hominibus,
2912 3443 3082 3498 neque
3131 3451 3221 3500 per

1664 3482 1923 3550 homines,
1953 3491 2050 3544 hoc
2081 3495 2303 3558 primum
2339 3500 2474 3555 forte
2502 3505 2695 3561 factum
2726 3521 2772 3565 et
2805 3520 3079 3582 praemium
3108 3539 3220 3578 ont-
3274 3583 3286 3596 ,

1661 3577 1813 3630 uibus
1837 3579 2237 3641 demonstravit.
2261 3589 2474 3647 Mittens
2495 3598 2634 3650 enim
2659 3617 2778 3656 mox
2802 3606 3217 3681 dispensatores,

1659 3677 1712 3720 et
1739 3684 1858 3723 eum
1900 3674 1986 3741 qui
2017 3677 2291 3734 dicebatur
2331 3701 2489 3753 super
2516 3704 2696 3758 pacem
2731 3696 2865 3768 (16),
2888 3674 3020 3758 dicit
3039 3720 3217 3764 corattt

1659 3763 1902 3817 omnibus
1929 3766 1993 3818 ad
2025 3783 2120 3823 eos
2146 3772 2197 3824 itt
2247 3774 2538 3832 honorabili
2580 3763 2785 3841 secreto
2812 3763 2924 3862 (Π)
2951 3809 2964 3846 :
2987 3794 3101 3850 Non
3127 3799 3216 3866 ju-

1656 3860 1792 3903 stum
1826 3865 1924 3918 est,
1951 3856 2158 3922 fratres,
2190 3878 2284 3916 nos
2310 3875 2432 3920 ante
2457 3871 2670 3926 alterius
2691 3881 3001 3948 cujusquam
3029 3901 3208 3941 curam

1659 3929 1682 3948 ρ
1730 3943 1739 3948 -

1659 3929 1850 3996 habere
1894 3963 2048 4011 quatn
2097 3953 2314 4008 Christi.
2363 3959 2515 4013 Omni
2563 3980 2684 4018 vero
2732 3972 3068 4031 multitudine
3097 3995 3212 4046 qua:

2028 4041 2205 4095 audito
2251 4048 2412 4101 verbo
2452 4067 2760 4122 compuncta
2801 4078 2862 4114 ac
2891 4068 3203 4133 sustinente,

1658 4121 1786 4176 dicit
1817 4125 2005 4180 iterum
2032 4130 2122 4184 ille
2147 4132 2328 4190 beatus
2356 4156 2368 4190 :
2393 4141 2587 4197 Euntes
2614 4160 2741 4213 ergo
2769 4165 2862 4217 per
2888 4161 3048 4208 totant
3078 4158 3206 4213 civi-

1657 4219 1837 4277 tatem,
1868 4221 2186 4274 CUIISCt'iDile
2250 4227 2384 4282 tttilti
2452 4249 2625 4303 usque
2681 4239 2747 4292 ad
2828 4258 2986 4297 unum
3017 4262 3202 4305 omnes

1654 4299 1896 4357 dominus
1939 4322 2106 4362 mens.
2140 4312 2244 4367 lllts
2291 4328 2464 4371 autem
2504 4337 2608 4376 non
2653 4323 3088 4400 intelligentibus,
3117 4342 3205 4406 qui

1655 4389 1704 4440 lti
1732 4403 1929 4458 essent,
1959 4399 2052 4449 sed
2090 4403 2392 4469 rogantibus
2437 4408 2645 4480 dicere,
2672 4425 2726 4468 et
2751 4419 3060 4478 mirantibus
3091 4430 3207 4496 quia

1652 4494 1771 4531 nam
1818 4486 2124 4547 patriarcha:
2152 4491 2352 4548 domini
2381 4497 2685 4569 existerent,
2716 4513 2992 4577 respondit
3021 4531 3202 4572 rursus

1649 4573 1940 4640 angelicum
1971 4579 2096 4633 illud
2128 4599 2209 4649 os,
2239 4595 2290 4638 et
2319 4589 2429 4642 ait:
2452 4593 2600 4657 Quod
2633 4611 2726 4652 vos
2753 4573 2946 4667 egenos
2975 4615 3028 4659 et
3055 4623 3200 4662 men“-

1649 4660 1793 4715 dicos
1820 4668 2036 4730 vocatis,
2070 4669 2186 4723 illos
2221 4688 2318 4742 ego
2343 4677 2588 4734 dominos
2617 4692 2673 4736 et
2699 4669 3046 4745 auxiliatores
3067 4711 3202 4759 pras-
3246 4694 3250 4696 ⁷

1649 4749 1786 4803 dico.
1822 4753 1918 4818 Ipsi
1961 4758 2098 4810 enim
2142 4762 2292 4815 nobis
2333 4780 2458 4820 vere
2482 4778 2536 4821 et
2559 4773 2820 4840 auxiliari,
2857 4785 2911 4829 et
2944 4782 3202 4836 caelorum

1648 4852 1862 4904 regnum
1894 4842 2093 4896 donare
2128 4858 2393 4913 poterunt.
2427 4855 2488 4907 Et
2517 4870 2634 4910 cum
2682 4859 2781 4915 hoc
2811 4866 2972 4920 multa
3003 4871 3200 4926 veloci-

1646 4934 1755 4979 tate
1803 4929 2017 4984 vidissct
2064 4933 2256 4988 factum
2287 4939 2482 4996 Christi
2533 4945 2782 5016 imitator,
2825 4959 3073 5024 praecepit
3119 4965 3198 5015 eis

1649 5031 1740 5080 per
1784 5018 2016 5086 singulos
2041 5023 2157 5078 dies
2185 5026 2446 5093 stipendia
2494 5036 2670 5101 tribui,
2703 5049 2756 5094 et
2798 5018 2888 5108 per
2928 5018 3194 5115 proprium

1645 5103 2059 5172 dispensatorem
2079 5116 2317 5178 praebens
2336 5119 2412 5172 eis
2431 5122 2780 5182 sufficientem
2805 5135 3191 5192 necessitatem:

1645 5194 1760 5260 plus
1803 5208 1976 5252 autem
2031 5213 2182 5256 erant
2238 5223 2392 5274 quam
2441 5224 2641 5280 septem
2689 5222 2848 5276 millia
2897 5227 3190 5298 quingenti.

1643 5283 1791 5340 Tunc
1833 5292 1979 5356 quasi
2015 5304 2196 5361 pastor
2237 5313 2392 5354 verus
2421 5313 2473 5356 et
2501 5321 2612 5360 non
2651 5317 3036 5382 mercenarius,
3068 5335 3187 5376 cum

33 5333 364 5398 egotiatorent
389 5353 404 5389 :
433 5337 502 5391 Da
533 5343 658 5396 tttilti
687 5361 842 5399 unum
873 5355 1166 5408 trcmissctn
1192 5357 1321 5429 (£5),
1346 5373 1397 5414 et
1419 5380 1538 5418 scr-

30 5420 126 5473 iant
158 5423 242 5478 tibi
275 5442 376 5478 uno
405 5445 584 5485 mense
627 5435 731 5513 vel.
753 5437 987 5506 duobus,
1017 5457 1076 5498 ut
1119 5449 1193 5502 vis
1223 5461 1274 5503 et
1307 5456 1391 5506 ubi
1436 5457 1532 5520 vis,

31 5513 230 5565 ttoniatn
278 5517 514 5572 esuriunt
550 5524 699 5578 valde
741 5531 826 5596 qui
858 5530 909 5584 in
952 5535 1110 5588 domo
1147 5555 1260 5593 mea
1300 5555 1438 5598 sunt.
1467 5548 1532 5602 Et

29 5614 199 5654 umens
220 5605 302 5658 dat
322 5623 504 5674 egero,
535 5627 724 5679 rogans
750 5627 800 5669 nt
845 5625 1035 5679 netttiui
1059 5629 1215 5685 dicat.
1247 5632 1374 5687 Cum
1403 5654 1535 5706 ergo

29 5690 231 5746 ausisset
261 5711 339 5746 me
371 5698 504 5750 idem
543 5700 627 5754 Dei
657 5708 823 5761 cultor
851 5710 1065 5770 Mettuas
1096 5719 1206 5787 (lt)
1236 5763 1246 5782 ,
1283 5690 1524 5793 tanquain

1567 5384 1617 5441 ι)
1641 5389 1792 5428 sacro
1822 5393 1918 5431 suo
1962 5383 2082 5435 ovili
2127 5394 2178 5438 et
2225 5402 2342 5442 cum
2382 5401 2814 5456 convenientibus
2841 5411 3035 5464 sanctis
3060 5414 3188 5465 viris

1641 5467 1904 5534 episcopis
1929 5471 1994 5523 ad
2023 5474 2296 5532 ecclesiam
2327 5492 2560 5540 sanctam
2581 5502 2822 5560 pergens,
2845 5511 3186 5557 consecratus

1637 5564 1720 5609 est
1738 5557 1914 5612 divino
1932 5559 2130 5628 judicio
2159 5565 2290 5634 (18).
2322 5623 2327 5629 ,
