3736 6308
919 330 1072 385 VITA
1109 328 1350 384 sanun
1390 326 1666 382 JOANNIS
1701 325 2278 385 ELEEMOSYNAIHI.
3102 333 3238 388 nm

54 455 73 492 ι
106 437 323 494 Omni
368 442 587 509 petenti
633 448 685 496 te
710 441 773 495 da
803 443 978 512 (Luca
1007 443 1106 509 vt).
1148 442 1206 497 Si
1248 451 1422 495 autem
1465 455 1561 493 ve-
1592 441 1636 498 A
1668 439 1821 494 dines
1850 440 2079 494 habente
2156 459 2224 496 ex
2290 444 2400 499 Deo
2467 444 2658 501 humili
2721 444 2898 500 anima
2987 457 3103 497 mea
3130 487 3145 510 ,
3177 443 3235 498 bi.

27 544 110 582 es
177 533 458 587 curiose
509 533 978 601 investigaveritis,
1038 533 1177 586 Deus
1228 531 1558 585 curiosorum
1662 531 1918 584 increduli
1951 531 2170 584 fortasse
2200 530 2356 583 hodie
2384 541 2751 589 venerunt.ct
2777 549 2858 583 me
2900 533 2950 584 iu
2981 529 3226 588 difﬁden-

19 628 322 672 strorum
367 637 491 674 non
524 621 741 691 indiget,
775 638 944 689 neque
974 623 1191 676 humilis
1222 622 1473 676 Joannes.
1507 623 1563 677 Si
1665 621 1788 676 tiam
1819 636 2000 676 secum
2028 622 2220 676 cadere
2243 623 2606 674 hortabamur.

19 729 24 759 ι
89 723 252 775 quae
317 710 545 764 dantur
576 719 705 764 mea
755 712 1076 777 existerent,
1121 720 1176 766 et
1204 725 1410 765 mecum
1442 721 1564 764 nata
1733 710 1862 765 CAP.
1893 711 2113 766 Vll|.—
2140 712 2322 765 Adhuc
2369 712 2484 780 (28)
2527 711 2785 765 existente
2823 711 3008 765 eadem
3047 710 3228 782 populi

19 805 109 860 at,
149 797 449 855 fortasse
480 801 615 855 bene
667 801 718 852 in
761 799 893 854 'meis
941 810 1097 853 tenax
1147 799 1459 853 existerem.
1508 798 1564 852 Si
1666 801 2002 856 multitudine
2029 801 2080 854 in
2109 801 2340 864 civitate,
2372 801 2582 868 quidam
2614 800 3009 867 peregrinorum
3039 800 3227 854 videns

57 903 218 955 qua
255 890 494 958 dantur
520 890 608 943 Dei
638 899 778 953 sunt,
815 891 994 958 utique
1020 890 1072 942 in
1102 891 1212 942 suis
1239 897 1558 955 praeceptum
1667 901 1869 945 tantam
1914 892 2030 960 ejus
2058 894 2482 960 compassionem
2504 933 2518 955 ,
2547 892 2711 945 voluit
2755 901 2958 946 tentare
2995 907 3150 958 eum;
3181 902 3230 946 et

19 994 47 1030 ri
90 982 430 1034 custodiri
459 983 591 1035 vult.
639 982 695 1035 Si
746 991 920 1035 autem
965 997 1029 1035 ex
1080 981 1450 1034 incredulitate
1478 989 1567 1033 aut
1668 979 1882 1033 indutus
1904 981 2219 1035 vesﬁmenta
2248 989 2452 1045 vetera,
2477 981 2604 1034 adiit
2631 994 2780 1046 eum,
2813 991 3025 1034 euntem
3057 981 3122 1034 ad
3154 982 3231 1037 vi-

23 1068 128 1122 ica
171 1069 309 1124 ﬁde
343 1071 486 1124 illud
520 1072 716 1124 timetis
739 1111 754 1136 ,
788 1083 854 1123 ne
894 1071 1032 1124 forte
1064 1070 1344 1124 multitudo
1381 1084 1565 1123 eorum
1669 1069 1908 1123 sitandos
1935 1071 2024 1138 qui
2074 1071 2126 1125 in
2162 1072 2466 1126 nosocomio
2502 1070 2769 1138 iacebant.
2821 1071 2908 1124 Bis
2952 1073 3091 1125 enim
3142 1087 3231 1138 per

20 1174 110 1212 Ius
145 1159 429 1224 dantur,
477 1168 692 1229 superet
743 1161 1017 1212 introitum
1054 1162 1427 1228 pecuniarum,
1469 1175 1566 1221 ego
1670 1159 2058 1213 hebdomadam
2083 1161 2166 1214 vel
2198 1169 2279 1215 ter
2308 1161 2416 1214 ibat
2447 1161 2591 1213 illuc.
2624 1160 2686 1213 Et
2715 1159 2843 1213 dicit
2865 1161 2928 1212 ad
2955 1174 3112 1213 eum:
3147 1160 3232 1214 Mi-

22 1263 119 1302 rae
160 1250 418 1316 pusillae
451 1251 569 1304 tidei
601 1251 982 1303 communit-ari
1009 1263 1111 1303 non
1139 1252 1330 1320 patior.
1357 1250 1565 1304 Etenim
1668 1259 1846 1302 serere
1877 1250 2008 1314 mei,
2037 1251 2286 1318 quoniam
2316 1252 2559 1316 captivus
2597 1265 2734 1302 sum.
2760 1250 2896 1304 Dicit
2917 1247 3086 1304 datori
3113 1266 3126 1301 :
3158 1248 3232 1300 Da

19 1341 420 1403 ieneplacito
454 1342 544 1393 Dei
576 1352 751 1392 actum
785 1348 868 1393 est
895 1349 952 1393 ut
981 1354 1153 1394 essem
1187 1353 1288 1408 ego
1316 1340 1567 1409 indignus
1670 1337 1718 1390 ei
1747 1353 1836 1391 sex
1870 1339 2202 1392 nomismata.
2228 1339 2426 1394 Deinde
2447 1353 2566 1392 cum
2599 1341 2712 1392 haec
2737 1339 3062 1408 accepisset,
3093 1339 3234 1392 vadit

19 1439 307 1481 vensator
341 1431 468 1493 ejus
494 1441 795 1490 munerum,
827 1429 870 1480 si
901 1435 1041 1481 totus
1080 1429 1311 1480 mundus
1340 1439 1570 1496 congre-
1669 1435 1724 1480 et
1753 1435 1921 1481 mutat
1959 1428 2232 1492 habitum,
2264 1435 2318 1482 et
2347 1427 2526 1482 obviat
2566 1429 2614 1482 ei
2659 1428 2888 1492 aliunde,
2927 1437 2979 1482 et
3012 1429 3235 1496 procidit

19 1527 156 1570 stur
181 1518 564 1578 Alexandriae
593 1519 949 1586 eleeinosyn-e
976 1517 1237 1584 indigens,
1274 1518 1564 1569 immensos
1668 1517 1748 1582 ci,
1775 1517 1958 1570 dicens
1983 1531 1998 1570 :
2029 1515 2279 1569 Miserere
2306 1518 2440 1585 mei,
2468 1517 2590 1584 quia
2615 1529 2874 1570 coarctor.
2906 1517 3036 1572 Dicit
3065 1522 3245 1572 denuo

19 1619 243 1660 tauros
274 1605 392 1660 Dei
415 1621 515 1660 non
538 1606 914 1674 angustabunt,
939 1621 1110 1672 neque
1133 1615 1375 1659 sanctam
1400 1607 1572 1660 eCcle—
1671 1607 1968 1674 patriarcha
1998 1608 2167 1661 datori
2195 1625 2208 1658 :
2243 1607 2315 1660 Da
2345 1608 2395 1661 ei
2435 1621 2527 1662 sex
2572 1622 2819 1662 nummos
2863 1621 3072 1663 aureos.
3104 1607 3235 1664 Cum

19 1711 87 1748 n.
1667 1714 1797 1765 ergo
1831 1699 1992 1762 isset,
2020 1700 2150 1753 dicit
2189 1700 2278 1754 ille
2311 1699 2630 1753 distributor
2659 1700 2723 1751 ad
2754 1709 2935 1753 aurem
2967 1699 3107 1754 illius
3145 1699 3238 1768 pa:-

19 1786 143 1839 lttr.
187 1784 324 1838 VII.
356 1815 433 1826 --
457 1783 855 1852 Cumqueistos
893 1784 1222 1848 dimisisset,
1255 1783 1558 1837 universam
1593 1789 1636 1846 Β
1665 1790 1908 1842 triarchae
1941 1806 1954 1841 :
1999 1789 2096 1842 Per
2138 1788 2406 1843 orationes
2457 1799 2596 1852 tuas,
2647 1791 2883 1856 dotnine,
2934 1791 3074 1845 idem
3120 1789 3238 1860 ipse

19 1890 41 1927 δ
99 1875 582 1930 circumdederat
632 1874 755 1926 illos
793 1873 1144 1938 deiectionem
1201 1881 1254 1925 et
1301 1871 1562 1926 modicam
1666 1879 1872 1946 accepit
1899 1878 2158 1933 secundo.
2192 1878 2337 1932 Fecit
2375 1893 2501 1932 vero
2531 1881 2763 1946 seipsum
2796 1873 3091 1946 patriarcha
3123 1890 3240 1934 tan-

19 1977 96 2014 ἰιι
131 1962 430 2016 scindens
457 2002 470 2022 ο
505 1963 820 2029 ιθίιιιεὺειιιν
851 1964 933 2014 his
967 1964 1054 2030 ιιυί
1085 1963 1132 2014 εί
1165 1960 1522 2014 οοηεθάθιθθηΐ
1546 2002 1562 2025 .
1665 1985 1819 2039 quam
1849 1971 2092 2024 nesciret.
2129 1970 2282 2025 Venit
2319 1972 2492 2039 itaQue
2523 1972 2677 2024 tertio
2724 1972 2912 2025 iterum
2969 1971 3234 2041 accipere,

19 2053 474 2106 admirabantur
501 2053 568 2106 de
589 2067 618 2104 a
645 2053 754 2106 Deo
778 2053 897 2105 data
921 2053 970 2106 ei
997 2053 1362 2119 compassione
1387 2067 1402 2104 :
1429 2051 1562 2106 Cum
1665 2073 1716 2115 οι
1745 2063 1913 2130 tetigit
1937 2063 2090 2116 dator
2116 2062 2466 2129 patriarcha".
2487 2062 2579 2129 ηυξ
2605 2073 2787 2114 aurum
2813 2059 3047 2128 ferebat,
3072 2062 3238 2128 signi-

19 2159 145 2206 emi
179 2143 478 2212 ίηίῐυίθπδν
506 2143 557 2195 in
579 2140 756 2210 Cypro
786 2141 959 2195 adhuc
987 2136 1197 2208 Ῑυνθηῖε
1220 2141 1365 2207 quasi
1395 2156 1564 2193 3""0-
1666 2155 1831 2207 nrans
1853 2155 1990 2223 quod
2018 2154 2133 2220 ipse
2155 2162 2318 2208 esset.
2348 2152 2494 2206 Tunc
2519 2153 2790 2217 respondit
2814 2150 2864 2205 ei
2891 2151 2981 2206 Dei
3009 2153 3235 2215 amicus,

20 2249 58 2285 n
93 2231 472 2300 quindecim,
506 2231 659 2286 video
691 2245 789 2283 una
822 2232 1054 2284 noctium
1085 2231 1136 2284 in
1165 2232 1370 2284 somnis
1415 2246 1495 2298 put

1784 2243 2043 2296 veraciter
2061 2243 2402 2295 misericors:
2431 2241 2503 2294 Da
2526 2241 2574 2294 ei
2597 2240 2872 2295 duodecim
2897 2243 3233 2309 nomismata,

20 2340 43 2376 η
81 2325 431 2392 quamdam,
449 2321 600 2390 cujus
630 2323 835 2389 species
856 2337 1014 2388 supra
1036 2323 1202 2374 solem
1226 2321 1561 2388 splendebat,
1667 2348 1734 2385 ne
1763 2331 1900 2385 forte
1925 2330 2167 2385 Christus
2195 2339 2344 2384 mea;
2369 2329 2432 2384 sit
2450 2369 2463 2394 ,
2488 2341 2542 2384 οι
2569 2337 2731 2384 tentet
2763 2345 2868 2384 me,

19 2423 209 2466 satam
248 2425 425 2478 supra
451 2424 662 2464 omnem
689 2411 976 2464 humanum
1006 2425 1246 2474 sensum,
1277 2423 1395 2478 quae
1418 2412 1564 2464 venit
1736 2420 1864 2474 αλιι,
1892 2419 1982 2474 ιχ,
2008 2448 2077 2461 -
2107 2419 2393 2474 Nauclerus
2439 2419 2650 2489 quidam
2705 2420 3009 2487 peregrinus
3039 2419 3231 2473 damna

27 2506 198 2560 stetit
230 2513 370 2557 ante
401 2503 590 2556 lectum
622 2517 816 2566 meum,
839 2510 894 2556 et
923 2503 1150 2569 pulsavit
1179 2517 1264 2554 me
1289 2502 1339 2554 in
1375 2502 1559 2555 latere.
1668 2511 1914 2578 pertulit;
1946 2519 2000 2564 et
2041 2509 2300 2564 accedens
2340 2509 2480 2564 hunc
2525 2511 2734 2564 beatum
2775 2509 2978 2574 virum,
3015 2508 3232 2578 rogabat

19 2596 414 2665 :pergel‘actus
443 2610 592 2660 vero,
623 2595 779 2648 video
804 2607 921 2645 eam
955 2593 1006 2645 in
1039 2593 1262 2644 veritate
1289 2599 1494 2646 stanter

1759 2615 1784 2652 η
1836 2601 2016 2653 multis
2068 2599 2334 2669 lacrymis,
2364 2607 2422 2653 ut
2463 2607 2853 2668 cempateretur
2893 2600 2971 2662 ei,
3001 2602 3137 2651 sicut
3181 2610 3234 2652 et

31 2688 324 2741 testirnavi
355 2702 472 2738 eam
501 2697 620 2739 esse
643 2685 952 2748 mulierem;
985 2685 1150 2751 ﬁgura
1184 2685 1344 2751 igitur
1388 2683 1564 2739 crucis
1667 2689 1910 2743 omnibus
1956 2691 2092 2743 aliis.
2145 2689 2507 2758 Prmcepitque
2549 2703 2669 2743 eum
2717 2688 2960 2755 accipere
3006 2689 3236 2756 quinque

19 2790 236 2848 gnatus,
267 2777 383 2830 dixi
411 2777 458 2830 ei
490 2777 657 2841 :Quae
685 2791 742 2829 es
793 2775 882 2829 tu?
933 2784 987 2828 et
1026 2774 1293 2841 quomodo
1341 2789 1465 2829 ausa
1504 2789 1564 2830 es
1665 2779 1828 2834 libras
1858 2782 1995 2834 auri.
2026 2781 2263 2848 Cumque
2295 2777 2585 2846 accepisset
2615 2778 2732 2843 has,
2760 2775 2944 2830 abiens
2983 2777 3113 2830 emit
3142 2789 3235 2830 en—

20 2879 176 2922 trare
203 2880 379 2934 super
407 2880 493 2919 me
523 2865 644 2916 dum
669 2863 992 2917 dormirem?
1025 2864 1263 2918 ilabebat
1306 2875 1361 2918 et
1409 2879 1565 2919 coro—
1667 2869 1871 2923 thecam
1905 2869 2043 2938 (2)),
2070 2878 2124 2924 et
2153 2869 2293 2922 misit
2322 2869 2372 2920 in
2407 2869 2603 2921 navim.
2634 2866 2751 2918 .‘llox
2780 2865 2970 2920 accidit
2995 2874 3052 2918 ut
3081 2872 3231 2918 extra

19 2975 92 3011 im
121 2958 197 3011 de
225 2957 498 3010 olivarum
530 2954 695 3008 ramis
723 2969 883 3020 super
908 2963 1065 3019 caput
1087 2969 1266 3006 suum.
1293 2953 1444 3007 Tunc
1471 2955 1560 3007 illa
1664 2963 1886 3027 pharon)
1933 2957 2065 3028 (50)
2115 2959 2445 3028 naufragium
2493 2956 2832 3026 pertulisset;
2882 2956 3055 3008 navim
3104 2969 3232 3007 vero

27 3052 130 3104 lari
157 3052 314 3104 vultu
340 3057 392 3101 et
416 3047 740 3101 subridcndo
763 3047 920 3102 labiis
947 3047 1077 3102 dicit
1105 3049 1232 3100 tnibi
1263 3065 1276 3100 :
1309 3049 1418 3115 Ego
1441 3063 1556 3100 sum
1665 3061 1767 3102 non
1801 3050 2048 3118 perdidit.
2081 3050 2318 3103 Accessit
2350 3049 2538 3102 iterum
2573 3045 2638 3099 ad
2670 3059 2821 3110 eum,
2855 3044 2920 3098 de
2950 3045 3087 3099 bona
3116 3043 3232 3110 ejus

19 3141 148 3194 ima
189 3139 422 3192 ﬁliarum
455 3138 614 3204 regis.
645 3136 886 3206 Cumque
916 3138 1029 3191 haec
1059 3139 1356 3203 audissem,
1381 3142 1558 3192 statim
1590 3132 1635 3196 C
1668 3141 1942 3194 Voluntate
1993 3154 2339 3208 praesumens,
2385 3146 2440 3192 et
2488 3137 2620 3191 dixit
2654 3153 2667 3190 :
2707 3133 2956 3190 Miserere
3003 3133 3136 3199 mei,
3175 3138 3232 3181 ιιε

21 3232 198 3285 loravi
256 3245 396 3286 eam.
452 3229 599 3284 Tunc
647 3230 776 3283 dicit
816 3230 941 3284 mihi
970 3247 982 3282 :
1015 3231 1072 3284 Si
1122 3241 1208 3284 me
1259 3231 1560 3298 possederis
1667 3229 1809 3284 Dens
1843 3229 2022 3282 tnundi
2055 3229 2302 3283 misertus
2328 3236 2431 3281 est.
2461 3228 2552 3280 Cui
2598 3226 2688 3279 ille
2733 3224 3027 3292 patriarcha
3055 3221 3230 3276 dixit:

22 3325 210 3376 uicam
242 3361 258 3385 ,
321 3334 420 3390 ego
475 3327 525 3375 te
581 3321 768 3373 ducam
826 3321 875 3373 in
931 3329 1215 3387 conSpectu
1278 3321 1559 3381 imperato.
1663 3317 1854 3381 Crede,
1887 3320 2070 3385 frater,
2103 3321 2201 3372 nisi
2232 3319 2539 3372 miscuisses
2579 3317 2814 3384 pecunia)
2844 3314 3088 3366 ecclesia:
3116 3308 3232 3365 illas

27 3431 73 3467 s.
129 3413 344 3467 Etenim
395 3425 553 3465 nemo
617 3411 774 3465 habet
832 3418 1144 3475 potestatein
1202 3409 1339 3478 apud
1393 3424 1556 3476 eum,
1666 3410 2062 3476 pecnniasqnte
2108 3410 2200 3460 tibi
2243 3413 2641 3465 remanserant.
2674 3405 2973 3457 nullatenus
3021 3398 3232 3452 naufra-

25 3513 116 3556 cut
163 3516 290 3571 ego.
331 3501 440 3566 Ego
487 3502 680 3568 quippe
727 3498 828 3554 feci
859 3516 978 3553 eum
1010 3499 1064 3552 in
1093 3503 1248 3552 terris
1292 3501 1557 3554 hominem
1662 3504 1805 3569 gium
1850 3499 2177 3566 pertulisscs.
2227 3499 2304 3551 De
2351 3497 2502 3550 malis
2551 3495 2693 3546 enim
2743 3492 2968 3545 habuisti
3015 3505 3140 3556 eas,
3181 3503 3232 3546 et

23 3591 102 3646 eri
135 3601 189 3645 et
221 3590 428 3643 saltare
463 3590 728 3643 homines.
763 3589 831 3642 Et
869 3589 982 3642 hac
1023 3589 1240 3654 dicens,
1274 3589 1557 3656 dtSparuit.
1665 3592 1882 3659 perdita!
1911 3599 2180 3643 suntcum
2226 3589 2304 3641 eis
2336 3595 2392 3642 et
2435 3601 2554 3655 qua:
2583 3583 2800 3638 inerunt
2828 3593 2893 3636 ex
2931 3583 3102 3636 bonis.
3136 3583 3232 3636 Ve-

23 3687 100 3751 :go
129 3697 260 3736 vero
289 3681 339 3733 in
368 3679 742 3746 memetipsum
791 3694 1064 3743 reversus,
1119 3677 1350 3732 intellexi
1398 3679 1560 3731 visio—
1664 3695 1781 3733 rum
1813 3677 2065 3748 prmeepit
2104 3678 2277 3730 denuo
2321 3675 2432 3727 dari
2465 3674 2513 3726 el
2544 3674 2726 3726 decem
2770 3672 2928 3724 libras
2959 3670 3109 3732 auri,
3141 3672 3233 3723 de-

25 3788 132 3836 em.
163 3780 218 3828 ei
244 3771 352 3826 άίκί
381 3789 393 3824 ε
423 3771 620 3834 (δι’θάον
640 3768 953 3836 (δοῐηρεεείο
979 3784 1039 3822 ac
1067 3765 1420 3840 Elcemosyna
1452 3780 1556 3835 εει,
1661 3775 1909 3829 nuntians
1934 3774 1981 3827 ei
2005 3786 2072 3825 ne
2093 3771 2461 3824 commisceret
2487 3767 2565 3821 eis
2589 3766 2722 3820 alias
2746 3763 3012 3831 pecunias.
3035 3761 3232 3817 Emens

27 3878 47 3922 t
75 3869 196 3922 ideo
222 3867 379 3920 habet
409 3866 459 3918 in
485 3866 657 3930 capite
701 3878 766 3916 ex
807 3864 962 3917 olivae
994 3863 1132 3916 foliis
1160 3877 1435 3916 coronam.
1465 3865 1558 3915 Et-
1661 3874 1918 3932 praeterea
1963 3863 2272 3922 enthecam,
2304 3867 2356 3912 et
2399 3857 2651 3924 navigans
2681 3869 2786 3907 uno
2815 3853 2922 3916 die,
2950 3862 3110 3904 vento
3140 3866 3228 3903 va-

28 3964 135 4015 nim
161 3958 417 4014 veraciter
443 3956 743 4024 compassio
763 3965 818 4009 et
844 3955 1139 4023 benignitas
1162 3969 1286 4022 erga
1315 3955 1558 4010 homines
1662 3955 1769 4007 lido
1797 3952 1977 4015 ﬂante,
2011 3949 2277 4020 projectus
2314 3956 2396 4000 cst
2443 3947 2494 3999 in
2537 3956 2768 4007 terram;
2803 3953 2854 3995 et
2892 3941 3072 3995 omnia
3114 3955 3232 4007 per-

25 4056 162 4104 teum
191 4062 348 4103 carne
376 4047 553 4101 vestiri
588 4045 729 4100 fecit.
759 4045 952 4099 Statim
980 4058 1106 4111 ergo
1136 4043 1321 4097 vestivi
1355 4059 1474 4107 me,
1509 4051 1560 4094 (ιι
1663 4046 1826 4110 didit,
1860 4052 1910 4098 et
1961 4043 2128 4109 ipsam
2178 4051 2399 4101 navem,
2447 4046 2500 4091 et
2551 4050 2654 4088 non
2698 4041 2824 4086 sunt
2869 4032 3081 4085 salvataa
3131 4029 3230 4084 nisi

27 4142 199 4195 iulium
231 4140 412 4193 domus
439 4151 570 4190 mete
591 4136 850 4199 excitans,
882 4134 934 4186 in
965 4134 1248 4187 ecclesiam
1278 4133 1401 4186 abii.
1433 4134 1559 4184 Erat
1662 4138 1852 4189 anime
1892 4144 2120 4187 tanturn.
2152 4129 2326 4184 Voluit
2369 4140 2496 4196 ergo
2542 4140 2651 4193 pra:
2679 4123 2997 4177 confusione
3036 4131 3090 4173 et
3135 4135 3204 4174 an

27 4221 270 4300 anim'jam
299 4239 504 4283 aurora.
536 4229 744 4282 Etcum
781 4227 912 4280 irem
941 4226 1148 4277 obviam
1181 4224 1330 4278 iratri
1361 4226 1558 4290 frigore
1660 4225 1832 4293 gustia
1856 4223 1994 4277 idem
2023 4220 2303 4274 nauclerus
2337 4231 2526 4270 necare
2551 4214 2816 4282 seipsum;
2851 4211 2944 4266 sed
2977 4211 3114 4264 Deus
3140 4213 3229 4278 qui

27 4323 214 4376 ’θητιιὶ
249 4317 375 4390 (ἳϐ),
407 4319 670 4388 expoliaVi
717 4323 802 4370 me
850 4315 1161 4368 indllmenlo
1207 4313 1425 4380 caprino
1450 4351 1465 4375 .
1507 4317 1560 4365 οι
1661 4330 1875 4382 semper
1895 4311 2047 4366 saluti
2075 4309 2344 4363 hominum
2375 4305 2655 4374 providet,
2683 4302 2932 4357 revelavit
2958 4302 3057 4390 hoc
3079 4301 3230 4353 beato

29 4414 124 4468 ledi
150 4412 218 4476 ei,
239 4389 442 4478 dixique
464 4411 602 4462 intra
627 4419 754 4460 me:
789 4407 925 4458 Ecce
955 4405 1009 4456 in
1041 4405 1140 4457 hoc
1171 4403 1336 4455 sciam
1371 4401 1415 4454 si
1449 4401 1556 4453 uti-
1664 4402 1996 4472 patriarchae.
2029 4401 2234 4452 Etcum
2265 4396 2500 4450 audisset
2524 4392 2664 4461 quod
2691 4390 2958 4446 acciderat
2982 4389 3064 4453 ei,
3096 4402 3229 4440 nun-

29 4519 108 4570 tue
135 4517 253 4557 vera
280 4507 358 4555 est
387 4499 520 4553 visio
542 4513 699 4565 qnam
730 4497 871 4557 vidi.
900 4510 968 4548 an
991 4493 1342 4548 dmmoniaca.
1378 4495 1440 4545 Et
1473 4509 1557 4543 νυ-
1585 4485 1632 4544 D
1662 4497 1752 4548 tiat
1798 4495 1844 4547 ei
1891 4492 2074 4544 venire
2111 4492 2176 4542 ad
2221 4504 2281 4542 se
2331 4487 2462 4540 nihil
2511 4486 2730 4538 omnino
2774 4483 3039 4536 dttbitans.
3079 4480 3229 4531 Tunc

29 4593 162 4645 ritate
188 4596 533 4654 testantemec
562 4589 686 4639 dum
710 4585 991 4640 ecclesiam
1013 4583 1550 4650 comprehenderam,
1659 4585 1878 4652 {iSpttrsit
1912 4593 1970 4635 se
2001 4581 2240 4648 pulvere,
2275 4589 2322 4631 et
2358 4587 2587 4630 truncam
2617 4575 2890 4639 sciinteus,
2924 4573 3229 4624 indecenter

29 4693 64 4737 tl.
89 4682 257 4736 subito
283 4679 502 4732 obvians
535 4677 664 4729 mihi
691 4677 904 4744 quidam
925 4716 940 4739 ,
972 4674 1105 4727 albis
1139 4673 1355 4728 indutus
1388 4672 1551 4726 vesti-
1658 4673 1860 4727 accedit
1890 4673 1955 4724 ad
1986 4686 2128 4723 cum.
2154 4672 2392 4734 Cumque
2421 4668 2637 4719 vidisset
2669 4679 2787 4716 eum
2830 4665 2882 4715 in
2914 4664 3003 4712 tali
3049 4662 3225 4712 habitu

31 4785 128 4835 ous,
159 4769 242 4823 dat
265 4768 382 4821 mihi
413 4767 692 4835 ligaturam
734 4765 848 4836 (27)
893 4773 1104 4819 centum
1138 4765 1548 4828 nuruis‘mutum,
1657 4765 1744 4819 ille
1773 4771 2008 4823 sanctus,
2042 4761 2306 4827 redarguit
2345 4773 2497 4820 eum,
2527 4764 2581 4809 et
2608 4755 2740 4807 dixit
2766 4770 2781 4807 :
2813 4753 3121 4805 Misereatur
3152 4751 3225 4801 tui

31 4863 222 4916 licens:
247 4860 427 4927 Accipe
460 4861 593 4921 lucc,
642 4857 826 4922 frater,
855 4865 909 4910 et
946 4855 1193 4924 diSpensa
1225 4867 1278 4909 ut
1313 4859 1409 4910 vis.
1439 4855 1549 4926 Ego
1660 4853 1912 4909 Dominus
1933 4851 2239 4904 benedictus
2264 4850 2424 4900 Deus.
2447 4846 2620 4898 Credo
2641 4845 2690 4897 ei
2716 4842 2854 4912 quod
2879 4843 2945 4895 ab
2972 4841 3224 4894 hodierna

32 4961 185 5005 autem
223 4963 320 5018 pra:
342 4947 532 5018 gaudio
557 4949 734 5000 statim
767 4947 879 5000 haec
923 4948 1214 5012 suscipiens
1239 4985 1252 5008 ,
1302 4957 1549 4998 reversus
1655 4947 1741 5000 die
1781 4956 2108 5012 nequaquam
2153 4937 2482 5004 naufragium
2534 4935 2756 4998 incidas,
2788 4947 3058 5001 usquequo
3105 4945 3230 4984 mo-

33 5058 150 5106 tum,
179 5042 344 5094 volens
379 5038 603 5093 reddere
632 5039 679 5091 ei
711 5037 981 5105 ligaturam
1030 5037 1191 5095 illam.
1233 5035 1382 5102 quasi
1417 5035 1549 5086 nihil
1655 5039 1827 5093 rlaris.
1860 5035 1968 5088 Hoc
2000 5045 2122 5086 vero
2151 5030 2243 5085 tibi
2274 5028 2563 5096 contingit,
2589 5042 2653 5079 eo
2680 5026 2819 5095 quod
2850 5035 2904 5078 ct
2933 5026 3044 5092 ipsa
3076 5023 3225 5075 navis

33 5131 267 5198 indigens,
309 5137 358 5182 et
403 5127 633 5196 amplius
682 5142 785 5179 non
833 5125 939 5180 vidi
982 5126 1234 5192 aliquem.
1265 5124 1414 5176 Tunc
1441 5123 1550 5176 dixi
1655 5139 1741 5183 tua
1768 5139 1832 5182 ex
1863 5124 2116 5194 iniustitia
2141 5132 2281 5177 esset
2313 5133 2574 5190 possessa.
2605 5121 2718 5174 Mox
2743 5135 2870 5190 ergo
2895 5117 3055 5185 jussit
3087 5115 3220 5168 tradi

33 5220 184 5274 mihi:
214 5219 464 5274 Veracitcr
511 5235 614 5272 non
663 5229 777 5272 erat
828 5219 1126 5286 phantasia.
1162 5217 1232 5269 Et
1285 5215 1372 5269 illa
1422 5229 1550 5282 ergo
1655 5221 1702 5275 ci
1735 5233 1894 5274 unam
1940 5227 2183 5283 magnam
2227 5215 2434 5277 navim,
2483 5213 2688 5280 plenam
2737 5211 2999 5263 frumento
3040 5209 3222 5276 viginti

33 5311 147 5362 hora
185 5322 309 5374 saepe
351 5308 536 5362 dabam
586 5303 802 5376 aliquid
834 5307 1108 5370 fratribus,
1162 5315 1217 5359 ct
1263 5305 1506 5359 dicebam
1534 5321 1547 5357 :
1657 5312 1877 5364 millium
1905 5308 2232 5369 modiorum,
2265 5303 2331 5358 de
2363 5303 2465 5356 illis
2492 5303 2710 5354 navibus
2735 5316 2851 5369 quae
2876 5297 3222 5352 sanetissiman

36 5397 217 5452 Videbo
248 5398 287 5450 Si
327 5397 494 5451 milia!
539 5397 676 5452 "eui
705 5397 855 5464 mihi.
885 5407 940 5450 ιιι
970 5396 1122 5460 dixit.
1168 5396 1441 5456 cellluola.
1486 5395 1551 5447 Et
1655 5400 1894 5454 ecclesiae
1946 5398 2202 5466 subjectte
2258 5393 2651 5446 ministrabant.
2703 5391 2869 5457 Quam
2924 5388 3218 5456 recipiens,

39 5504 142 5542 cum
167 5497 418 5543 tentasscm
448 5487 750 5554 Dominum,
779 5489 1140 5552 malefaclcns,
1168 5495 1222 5541 et
1251 5485 1550 5539 satisfactus
1655 5490 1787 5542 exiit
1814 5486 2164 5550 Alexandria;
2191 5493 2244 5538 et
2271 5483 2566 5537 aﬂlrmabat
2596 5483 2707 5548 ipse
2739 5481 3038 5544 nauclerus,
3070 5493 3218 5531 assc-

41 5593 190 5633 essetn
216 5579 408 5633 diversis
440 5580 609 5632 tnodis
635 5595 727 5649 per
753 5596 845 5634 cas
875 5595 959 5632 res
980 5622 992 5644 ,
1027 5579 1134 5632 dixi
1163 5595 1175 5632 :
1205 5579 1368 5632 Cessa
1391 5619 1404 5641 ,
1453 5577 1551 5629 mi-
1656 5590 1846 5630 veraus
1872 5593 1884 5628 :
1920 5575 2116 5645 Viginti
2148 5575 2335 5627 diebus
2366 5586 2427 5625 ac
2456 5572 2698 5625 noctibus
2728 5568 3028 5625 vehementi
3058 5577 3217 5622 vento

42 5681 140 5722 sora
164 5671 326 5734 anima,
353 5671 596 5725 tentando
623 5672 1004 5724 inten'ahilcm.
1025 5671 1119 5723 'i‘ot
1156 5671 1310 5737 igitur
1337 5686 1410 5722 cci
1429 5678 1549 5723 t:tu—
1656 5667 2038 5734 navigavimus,
2061 5679 2163 5718 non
2189 5665 2424 5718 valentes
2443 5662 2658 5716 omnino
2684 5665 2818 5718 scirc
2837 5677 2942 5732 quo
2963 5661 3208 5724 issemus,
