3736 6308
465 265 597 318 ι625

1501 259 1783 318 LEONT”
1818 263 2150 315 NEM’UH'I
2171 263 2279 315 ᾹΝΙ
2326 263 2634 317 EPISCilPl
3595 267 3654 315 l'j

477 383 643 436 neque
673 383 762 437 per
793 370 994 432 stellas,
1023 385 1193 438 neque
1223 385 1316 436 per
1346 370 1477 432 loca,
1510 378 1729 436 excepto
1758 368 1896 437 quod
1926 381 2019 432 gu-
2050 367 2095 424 Α
2123 370 2175 413 et
2203 361 2335 413 dixit
2373 376 2450 415 ets
2479 379 2494 415 :
2527 366 2660 428 Quot
2695 366 2851 418 lihras
2878 367 3100 421 dedistis
3145 371 3222 423 illi
3263 371 3357 438 qui
3403 372 3469 424 ad
3501 387 3583 426 eae
3714 437 3715 442 η

479 464 721 513 tiernator
752 461 961 514 videbat
1001 462 1140 513 illum
1173 460 1516 528 patriarcham
1545 474 1721 511 secum
1761 465 2024 511 tenentem

479 559 771 613 temonem,
806 563 856 604 et
897 553 1161 608 dit-cotem
1192 550 1328 602 sibi:
1363 550 1435 602 Ne
1474 552 1678 612 timeas,
1710 550 1843 602 bene
1883 548 2025 600 navi-

471 654 580 706 gas.
608 640 764 704 Igitur
803 651 918 707 post
946 642 1248 706 vigesimatn
1278 641 1416 692 diem
1458 641 1795 708 apparuitnus
1844 639 1893 691 io
1931 640 2014 690 in-

474 728 604 782 sulis
637 729 951 792 Britanniae;
987 739 1039 779 et
1064 727 1504 780 descendentibus
1534 729 1684 790 nobis
1717 729 1768 778 in
1797 735 2022 790 terram,

475 818 769 870 invenimus
792 818 898 869 illic
920 817 1106 869 famem
1132 832 1390 882 tttagttam.
1414 816 1540 869 Cum
1565 832 1688 884 ergo
1711 816 1886 870 dixism
1909 833 2026 871 mus

480 889 647 968 primo
669 904 915 967 civitatis,
938 907 1072 970 quod
1103 907 1419 958 frumentum
1451 907 1500 958 in
1527 907 1642 957 nari
1674 919 2022 972 portaremus,

473 994 641 1046 dixit:
677 996 814 1048 lieue
850 995 986 1047 Deus
1030 996 1242 1047 adduxit
1283 1011 1393 1048 vos.
1422 997 1684 1063 Quidquid
1730 998 1904 1059 vultis,
1933 1000 2028 1051 eli-

473 1085 610 1152 gite;
652 1094 742 1138 aut
786 1102 876 1151 per
905 1085 1138 1152 singulos
1168 1086 1372 1138 modios
1421 1089 1678 1139 nutnisma
1713 1105 1904 1154 tutum,
1938 1099 2028 1142 aut

477 1171 716 1239 ejusdem
749 1175 992 1240 ponderis
1018 1170 1236 1236 accipite
1259 1183 1524 1226 stantium.
1558 1175 1820 1242 Elegimus
1851 1179 2027 1243 itaque

474 1264 747 1317 dimidium
778 1264 874 1324 sic.
902 1274 954 1316 et
982 1263 1251 1317 dimidium
1277 1267 1372 1317 sic.
1405 1265 1532 1317 item
1570 1276 1742 1318 autem
1774 1267 1918 1319 vadit
1946 1269 2026 1320 di-

473 1369 595 1407 cere
631 1369 823 1413 sermo,
870 1353 1156 1416 inexpertis
1204 1369 1480 1406 munerum
1528 1355 1618 1408 Dei
1670 1359 2028 1412 incredibilem

474 1445 685 1511 quidem
714 1452 767 1495 et
793 1444 906 1506 sine
933 1443 1054 1505 lide,
1090 1443 1169 1494 his
1200 1458 1325 1494 vero
1353 1444 1437 1508 qui
1467 1447 1839 1509 experientiam
1875 1449 2032 1499 mira-

478 1532 584 1586 culi
611 1531 727 1599 ejus
767 1532 991 1595 habent,
1023 1530 1330 1585 credibilem
1374 1543 1532 1613 atque
1574 1546 1862 1602 acceptam.
1901 1536 2032 1590 Navi

475 1628 734 1687 praeterea
782 1620 1157 1672 Alexandriam
1199 1634 1317 1672 cum
1362 1623 1550 1688 gaudio
1591 1639 1798 1678 reversa
1829 1628 2033 1695 quievi-

473 1723 590 1763 mus
630 1708 680 1762 in
725 1708 1000 1776 Pentapoli
1040 1709 1187 1778 (5|);
1220 1719 1273 1763 et
1309 1722 1600 1778 asportavit
1647 1718 1925 1772 nauclerus
1963 1720 2031 1774 de

2146 1721 2258 1760 :ens
2289 1725 2304 1760 :
2339 1709 2804 1779 Benedictionern,
2843 1733 3012 1794 quam.
3053 1721 3205 1774 Deus
3256 1725 3368 1776 sibi
3408 1727 3660 1780 Maesia;

474 1799 564 1852 illo
594 1809 801 1853 stanno.
839 1809 897 1853 ut
927 1801 1274 1856 venumdaret
1305 1804 1447 1856 illud.
1481 1804 1712 1860 Habebat
1739 1809 1879 1862 enim
1926 1808 2032 1864 illic

475 1889 740 1955 antiquum
788 1889 987 1942 socium
1039 1889 1091 1940 in
1145 1891 1369 1958 negotiis
1424 1905 1684 1957 petemem
1733 1910 1796 1948 ex
1844 1899 2028 1952 eodem

476 1985 687 2032 ’stanno.
727 1979 822 2030 Dat
849 1979 894 2030 ei
927 1979 976 2030 in
1008 1994 1161 2033 sacco
1187 1980 1336 2047 quasi
1364 1982 1732 2052 quinquaginta
1763 1987 1942 2040 libras.
1967 1991 2035 2042 At

487 2067 572 2122 ille
602 2067 785 2120 volens
826 2068 1048 2134 probare
1087 2069 1318 2135 speciem
1347 2070 1390 2122 si
1423 2072 1558 2124 bona
1589 2086 1760 2138 esset,
1790 2077 1945 2130 solvit
1969 2077 2031 2130 il-

477 2155 562 2209 lud
602 2157 650 2211 in
684 2158 820 2227 igne,
852 2169 903 2211 et
937 2159 1133 2212 invenit
1174 2174 1446 2227 argentum
1481 2179 1691 2230 purum.
1720 2167 2033 2234 Putavitque

480 2260 537 2297 se
568 2260 684 2298 esse
714 2255 968 2299 tentatum
990 2288 1003 2311 ,
1034 2258 1087 2301 cl.
1123 2249 1305 2302 retulit
1331 2251 1380 2306 ei
1410 2267 1618 2306 saccum
1648 2256 1827 2310 dicens
1853 2275 1866 2310 :
1898 2260 2038 2315 Deus

481 2337 748 2406 indulgeat
803 2339 916 2392 tibi.
968 2339 1207 2407 Nunquid
1256 2341 1502 2396 invenisti
1560 2361 1644 2400 me
1700 2349 2034 2414 impostorem

482 2445 602 2496 erga
633 2441 703 2491 te,
735 2431 853 2496 quia
886 2433 1133 2486 tentando
1171 2444 1445 2501 argentum
1493 2452 1587 2502 pro
1631 2447 1819 2494 stanno
1845 2443 2035 2494 dedisti

485 2521 643 2576 mihi?
676 2521 1040 2589 Expavescens
1071 2539 1193 2576 vero
1234 2524 1298 2577 de
1341 2541 1584 2580 sermone
1615 2529 1703 2581 illo
1733 2533 2033 2597 nauclerus,

483 2612 652 2666 dicit:
685 2611 870 2676 Crede,
909 2627 1008 2680 ego
1053 2630 1145 2681 pro
1187 2627 1375 2670 stanno
1424 2617 1551 2672 illud
1598 2620 1784 2674 habeo.
1817 2623 1870 2676 Si
1913 2639 2039 2677 vero

482 2700 570 2756 ille
599 2701 685 2767 qui
717 2701 838 2754 fecit
863 2703 928 2755 de
955 2719 1084 2770 aqua
1117 2707 1289 2758 vinum
1351 2705 1527 2777 (Joan.
1555 2709 1636 2778 tt),
1668 2713 1777 2779 ipse
1805 2727 1897 2780 per
1920 2728 2043 2766 ora-

483 2791 651 2844 tiones
684 2794 992 2860 patriarcha:
1042 2795 1162 2850 h-cit
1202 2809 1253 2850 et
1284 2811 1530 2854 staonum
1573 2813 1876 2870 argentum,
1912 2806 2040 2859 nihil

486 2881 696 2936 mirum.
743 2883 808 2935 Et
849 2892 902 2936 ut
941 2885 1188 2948 satislias,
1231 2890 1346 2941 veni
1390 2891 1454 2941 ad
1503 2893 1703 2954 navim,
1737 2901 1787 2947 et
1837 2894 2041 2950 videbis

482 2981 670 3025 cmtera
718 2971 870 3026 istius
915 2974 1111 3026 metaLIi
1152 2976 1316 3040 socia,
1357 2978 1493 3045 quod
1533 2983 1800 3048 accepisu.
1837 2982 2038 3036 Ascen-

2125 453 2325 504 cessit?
2353 454 2451 516 Qui
2481 454 2726 508 dixerunt
2751 473 2764 506 :
2798 457 3035 521 Domine,
3072 476 3129 511 ιςι
3159 462 3334 525 jussit
3361 465 3662 516 Sacranas:
3714 533 3715 538 η

2125 543 2376 593 sanctitas
2423 556 2630 608 vestra,
2659 547 2954 612 quindecim
2998 550 3184 602 libras.
3217 550 3364 604 Cum
3411 566 3660 606 auten-v—

2123 635 2387 699 guovisset
2419 649 2510 699 per
2540 637 2917 690 inhabitantem
2959 640 3011 691 in
3039 655 3101 692 se
3130 643 3377 707 gratiam
3399 684 3414 702 .
3448 645 3564 695 illos
3585 664 3656 694 ras-
3714 697 3715 708 Ε

2129 722 2398 786 tnentitos,
2425 724 2638 776 adducit
2662 741 2781 778 eum
2812 729 2902 793 qui
2925 742 3247 796 acceperat,
3279 741 3339 784 et
3369 734 3652 796 interrasit.

2126 825 2247 864 eum
2293 814 2414 878 quid
2437 817 2781 886 accepisset?
2812 817 2906 870 Illo
2936 833 3062 873 vero
3106 821 3338 874 dicente
3383 828 3598 890 qttirep!
3629 835 3659 879 τὶ-

2129 902 2272 963 bras,
2308 907 2578 968 proferens
2601 905 2668 957 de
2698 907 3003 958 honoranda
3033 925 3199 962 manu
3235 926 3340 962 sua
3377 916 3471 966 ille
3511 931 3662 968 sar-es.

2131 989 2401 1054 pittacium
2435 992 2570 1060 (55),
2600 996 2737 1060 quod
2768 995 2869 1048 sibi
2903 997 3160 1050 traditum
3194 1001 3414 1061 (iterat,
3445 1007 3562 1055 dira
3585 1023 3656 1060 es;

2130 1079 2174 1130 Δ
2209 1079 2355 1131 vobis
2385 1081 2626 1146 exquirat
2652 1082 2789 1136 Deus
2815 1094 2870 1136 et
2897 1087 2985 1138 illa
3009 1089 3114 1139 alia
3156 1090 3360 1143 decem
3396 1107 3656 1150 unum;

2129 1169 2378 1234 quoniam
2403 1170 2448 1222 si
2481 1170 2763 1227 dedissetis
2793 1176 3095 1242 quindecim
3147 1179 3355 1245 libras,
3386 1196 3444 1234 ιιι
3473 1189 3582 1238 diu
3605 1193 3658 1239 ἑ]-

2133 1258 2329 1311 militas
2363 1275 2501 1323 mea,
2532 1264 2622 1330 qui
2653 1264 2828 1317 attulit
2854 1268 3088 1334 quinque
3133 1277 3486 1334 centenaria,
3511 1286 3659 1342 geste.

2132 1347 2234 1398 cim
2264 1348 2430 1402 daret.
2465 1350 2530 1402 Et
2557 1361 2612 1403 ut
2634 1365 2810 1405 certos
2835 1371 2926 1409 vos
2948 1356 3143 1410 faciam
3164 1398 3180 1419 ,
3213 1364 3450 1415 mit-ens
3474 1368 3658 1418 adea-4.-
3707 1347 3715 1419 Ὗ

2132 1448 2250 1500 qua:
2281 1435 2376 1488 has
2417 1440 2606 1492 attulit.
2647 1442 2711 1496 Et
2751 1447 2966 1499 mittens
3005 1448 3147 1501 duos
3186 1456 3533 1508 venerabiles
3559 1463 3662 1514 tim
3707 1435 3715 1514 i

2136 1531 2193 1574 ut
2226 1527 2553 1580 accersirent
2597 1533 2942 1586 reverendam
2974 1535 3277 1604 feminam,
3313 1559 3436 1605 qn:
3473 1546 3522 1596 in
3553 1549 3666 1608 ina-

2134 1615 2298 1668 sterio
2346 1617 2618 1682 pittacium
2660 1624 2708 1675 ei
2755 1639 3096 1692 porrexerat,
3132 1634 3225 1683 cui
3279 1643 3340 1685 et
3392 1636 3665 1697 inditam.-

2134 1795 2280 1849 misit
2319 1799 2370 1850 in
2402 1815 2496 1854 eor
2524 1812 2698 1872 tuum,
2732 1807 2907 1861 ferens
2933 1821 3108 1864 tecum
3130 1851 3148 1875 ,
3182 1818 3312 1867 seni
3361 1818 3428 1869 ad
3468 1821 3662 1871 mea

2135 1894 2240 1938 tem
2270 1902 2466 1944 meam.
2495 1893 2622 1956 Qua:
2649 1898 2842 1948 cursim
2884 1913 3138 1966 surgens.
3174 1909 3538 1969 apprehendit
3562 1916 3668 1960 ress-

2133 1973 2216 2042 gia
2258 1976 2427 2028 sancti
2459 1980 2553 2030 viri
2599 1996 2700 2033 una
2738 1999 2856 2037 cum
2899 1990 3211 2051 quantitate
3261 1997 3408 2048 auri.
3437 1997 3557 2050 Cm
3585 2017 3666 2054 cra

2134 2067 2458 2132 suscepisset
2509 2069 2596 2122 ille
2647 2075 2943 2134 patriarcha
2994 2078 3386 2142 oblationem.
3427 2096 3479 2138 et
3523 2105 3668 2140 mm
3709 2067 3715 2142 i

2137 2151 2295 2222 super
2323 2173 2471 2222 eam,
2501 2169 2554 2213 et
2595 2176 2752 2228 super
2782 2166 2945 2220 lilium
2986 2169 3112 2236 ejus
3154 2175 3514 2238 Sufﬁcienter,
3540 2182 3622 2230 diri
3657 2203 3662 2206 -

2137 2244 2369 2298 Obsecro
2415 2256 2484 2312 te,
2520 2263 2688 2303 nonna
2737 2252 2873 2320 (56),
2916 2257 3032 2309 tunc
3075 2269 3301 2315 tantum
3349 2268 3546 2320 voluisti
3581 2271 3666 2320 dare

2138 2331 2371 2396 Christo,
2406 2350 2472 2386 ao
2506 2335 2645 2389 aliud
2675 2339 2906 2405 aliquid?
2938 2343 3073 2397 Cum
3103 2358 3319 2402 autem
3351 2357 3666 2408 sensissetde

2140 2420 2305 2476 fetum
2325 2467 2340 2490 ,
2373 2425 2502 2478 illud
2533 2429 2669 2494 quod
2715 2430 2908 2484 fecerat
2937 2439 3301 2504 cognovisse,
3339 2455 3550 2497 trentore
3567 2463 3632 2498 (τε
3661 2482 3666 2484 -

2139 2527 2344 2579 pressa,
2368 2513 2537 2570 dixit:
2574 2517 2669 2570 Per
2697 2531 2907 2576 sanctas
2949 2525 3162 2580 domini
3216 2533 3329 2582 mei
3371 2536 3667 2599 autiaceas:

2138 2615 2378 2658 sanctum
2413 2622 2586 2659 meum
2620 2607 2862 2664 Mennam
2893 2614 3036 2684 (57),
3072 2621 3402 2684 quindeci
3428 2629 3666 2678 centenarii

2139 2693 2452 2758 scripseram
2495 2694 2547 2749 in
2590 2696 2830 2765 pittacio;
2877 2714 2928 2754 et
2971 2715 3105 2759 ante
3155 2723 3334 2763 unam
3386 2720 3548 2765 horam
3587 2731 3662 2766 ras

2141 2793 2334 2837 starem
2369 2787 2417 2838 in
2452 2792 2674 2856 synaxi,
2708 2801 2761 2843 ot
2789 2794 2973 2847 darem
3018 2797 3130 2851 hoc
3184 2803 3286 2854 tibi
3335 2807 3536 2858 Donum
3571 2824 3664 2864 est.

2141 2872 2435 2929 dissolvms
2486 2879 2641 2940 illud,
2676 2881 2974 2947 importune
3012 2888 3147 2955 legi.
3186 2892 3309 2959 Ego
3341 2896 3471 2948 enim
3507 2899 3662 2961 inriga:

2143 2964 2328 3016 ancdla
2372 2975 2458 3016 tua
2501 2967 2684 3030 scripsi
2715 2970 2813 3025 hoc
2846 2976 3059 3041 propria
3096 2995 3310 3047 manu,
3343 2995 3396 3036 et
3423 2986 3574 3037 inveni
3604 2995 3661 3035 ιιι

482 3058 668 3113 dentes
713 3062 907 3128 itaque,
954 3063 1266 3120 invenerunt
1311 3079 1553 3122 staunum
1586 3082 1860 3139 argentum
1903 3075 2038 3141 Opti-

2146 3066 2258 3104 eem
2290 3054 2460 3106 deleta
2500 3071 2527 3107 a
2558 3058 2752 3124 seipse.
2786 3061 2936 3116 Tunc
2969 3070 3290 3132 Stupefacta
3343 3075 3467 3125 intra

484 3161 625 3199 mum
655 3146 868 3203 factum.
903 3153 963 3205 Et
1005 3169 1104 3206 non
1148 3166 1228 3207 est
1269 3159 1600 3226 peregrinum
1634 3163 1976 3228 miraculum,
2009 3184 2040 3216 o

485 3235 838 3303 philochristi.
868 3240 966 3304 Qui
1001 3244 1138 3296 enim
1188 3247 1416 3312 quinque
1464 3263 1626 3314 panes
1669 3253 2043 3319 multiplicavit

485 3326 658 3395 (Joan.
682 3332 779 3394 vt),
807 3341 861 3384 et
900 3348 1080 3386 rursus
1105 3350 1291 3403 aquam
1323 3337 1533 3406 Egypti
1575 3347 1943 3398 transmutavit
1984 3347 2034 3399 in

482 3419 791 3482 sanguinem
815 3421 1008 3486 (Exodi
1034 3429 1144 3492 vo),
1172 3435 1224 3478 et
1251 3427 1448 3494 virgam
1476 3428 1526 3481 in
1552 3444 1850 3499 serpentem
1875 3445 2044 3489 trans-

485 3508 732 3571 mutavit,
763 3521 817 3563 et
855 3514 1117 3567 transtulit
1167 3516 1427 3570 ﬂammam
1467 3522 1514 3571 in
1543 3535 1715 3574 rorem
1747 3522 1907 3590 (Dan.
1939 3529 2041 3596 ut),

490 3597 693 3654 facilius
722 3608 775 3653 et
817 3601 917 3655 hoc
961 3613 1064 3657 tam
1108 3606 1395 3674 gloriosum
1445 3609 2043 3680 miraculumtoperatus

485 3699 878 3760 est,quateous
934 3709 990 3752 et
1059 3699 1321 3756 famulum
1392 3715 1553 3757 suum
1615 3703 2048 3769 ditaret,etuau-

486 3779 628 3833 clero
658 3782 1069 3838 misericordiam
1098 3801 1243 3840 suam
1272 3798 1564 3856 prmstaret.

559 3871 686 3926 CAP.
715 3874 780 3926 Χ.
805 3903 874 3914 -
908 3875 1269 3932 DeSCendenle
1308 3881 1639 3935 sanctissimo
1679 3883 1780 3936 isto
1811 3887 1921 3937 viro
1948 3884 2048 3938 ali-

487 3965 695 4029 quando
723 3966 772 4018 in
815 3967 1091 4020 ecclesiam
1135 3969 1405 4024 Dominieo
1445 3973 1551 4034 die,
1581 3977 1807 4027 accessit
1831 3976 1894 4027 ad
1922 3991 2043 4030 eum

490 4053 665 4117 homo,
694 4056 777 4123 qui
810 4057 999 4110 multas
1033 4059 1339 4125 possederat
1363 4058 1637 4115 facultates
1665 4080 1678 4116 :
1712 4073 1764 4116 et
1789 4065 1932 4118 fures
1963 4066 2045 4118 in-

487 4145 656 4211 gressi
703 4145 916 4198 donmm
965 4148 1101 4214 ejus,
1132 4148 1561 4215 despoliaverunt
1605 4169 1722 4206 eum
1769 4170 1934 4224 usque
1979 4157 2046 4210 ad

495 4245 875 4299 stramentum;
918 4247 971 4290 et
1011 4253 1132 4291 cum
1177 4243 1341 4293 multa
1378 4245 1598 4308 qua-stin
1628 4254 1768 4298 esset
1805 4247 1963 4310 facta,
1995 4258 2049 4301 et

492 4341 597 4378 nou
638 4326 924 4380 invenis-set
953 4329 1040 4395 qui
1080 4329 1193 4381 haec
1239 4339 1667 4397 perpetraverant
1691 4375 1705 4399 ,
1744 4339 2046 4404 compulsus

2143 3141 2338 3209 ipsam,
2372 3145 2516 3198 dixi:
2549 3148 2735 3216 Utique
2780 3169 2886 3205 non
2927 3166 3012 3208 est
3065 3161 3334 3214 voluntas
3379 3164 3464 3216 Dei
3503 3177 3550 3215 at
3586 3166 3659 3216 dea

2144 3230 2245 3284 nisi
2284 3233 2534 3302 quinque.
2581 3239 2882 3295 Dimittente
2911 3254 3095 3299 autem
3130 3253 3443 3315 pa:riarcha
3469 3270 3659 3308 revera-

2144 3319 2263 3372 dam
2309 3322 2451 3376 illam
2497 3324 2778 3396 feminam,
2806 3334 3124 3389 ceciderunt
3167 3341 3242 3392 ad
3293 3343 3450 3406 pedes
3487 3345 3580 3410 tias

2144 3422 2515 3480 epensatores,
2560 3424 2652 3484 qui
2697 3429 2982 3491 trangressi
3031 3441 3165 3482 sunt
3220 3434 3538 3490 voluntate
3574 3438 3662 3501 cie;

2149 3511 2385 3565 petentes
2418 3505 2792 3579 indulgentiam
2814 3555 2831 3578 ,
2863 3524 2916 3566 et
2957 3515 3308 3576 afﬁrmantes
3352 3527 3478 3579 nihil
3517 3530 3602 3580 tate
3629 3545 3661 3577 ιε
3709 3505 3716 3580 4

2146 3591 2369 3645 ulterius
2394 3605 2605 3652 acturos
2637 3600 2767 3656 fore.

2214 3682 2340 3739 CAP.
2375 3687 2460 3741 XI.
2496 3718 2564 3730 --
2603 3693 2811 3747 intuens
2855 3696 3034 3752 Nicela
3086 3705 3358 3768 patricius
3401 3709 3523 3776 (‘33)
3561 3711 3660 3771 iilﬁ‘

2147 3783 2245 3835 viri
2275 3787 2562 3842 virtutibus
2596 3793 2734 3856 pleni
2767 3798 3264 3861 magnanimitatem
3284 3843 3302 3865 ,
3333 3813 3389 3855 et
3417 3806 3522 3857 sine
3545 3807 3646 3870 pare;
3714 3817 3715 3830 ‘

2147 3881 2255 3926 tate
2286 3891 2498 3931 manum
2527 3895 2815 3946 expansatn
2835 3923 2850 3945 ,
2881 3896 2933 3938 et
2967 3895 3219 3954 tanquam
3255 3907 3329 3944 ex
3361 3892 3660 3962 {nauigiis
3713 3881 3715 3936 ἶ

2148 3964 2393 4017 omnihus
2420 3977 2781 4034 praestantem,
2803 3971 3048 4028 instinctu
3068 3982 3438 4044 quorumdam
3459 3987 3660 4037 diam-iss

2150 4053 2500 4120 imitantium,
2529 4060 2670 4110 subit
2708 4062 2771 4112 ad
2805 4073 3042 4116 sanctum
3062 4105 3077 4129 ,
3111 4077 3168 4119 et
3195 4070 3334 4122 dicit
3361 4073 3414 4125 ei
3438 4091 3454 4125 :
3485 4074 3659 4140 Regna

2149 4153 2404 4212 arctatur,
2433 4157 2487 4199 et
2525 4153 2742 4214 pecunia
2784 4161 2920 4219 eget.
2959 4154 3108 4218 Jam,
3140 4158 3268 4224 quia
3307 4161 3428 4214 sine
3470 4165 3660 4229 percitae

2151 4252 2452 4308 erogantur,
2478 4259 2595 4311 qua:
2625 4245 2930 4301 deferuntur
2957 4248 3047 4302 tibi
3079 4257 3350 4316 pecnnim,
3381 4257 3448 4308 da
3489 4271 3568 4309 cas
3595 4256 3658 4306 ie-

2156 4330 2320 4394 peiio,
2344 4330 2408 4382 da
2437 4345 2526 4384 eas
2557 4331 2608 4385 in
2642 4335 3230 4401 publicum-saecellum.
3261 4341 3359 4396 Ille
3385 4345 3648 4397 teretia»

489 4424 570 4463 est
601 4412 762 4463 multa
808 4413 961 4467 nimis
1006 4428 1330 4483 paupertate,
1368 4418 1640 4486 deprecari
1685 4437 1802 4475 cum
1855 4441 2038 4494 magna

2150 4417 2286 4483 quod
2320 4418 2517 4472 dictum
2549 4421 2749 4485 fuerat,
2777 4423 3188 4491 imperturbatus
3216 4447 3474 4496 manens,
3502 4435 3601 4487 dicit
3617 4433 3657 4482 si

493 4503 789 4552 reverentia
836 4503 1226 4558 sanctissimum
1258 4507 1403 4558 illum
1453 4510 1798 4575 patriarcham
1818 4556 1832 4572 .
1865 4517 2048 4569 dicens

496 4588 543 4639 ei
570 4599 620 4641 et
649 4588 1002 4646 calamitatem
1035 4605 1203 4648 suam.
1235 4596 1479 4651 Misenus
1507 4614 1634 4669 ergo
1664 4602 1801 4656 illius
1829 4607 2049 4662 multum

498 4676 692 4742 (fuerat
733 4678 876 4732 enim
918 4695 980 4733 ex
1030 4681 1339 4738 clarissimis
1369 4696 1420 4738 et
1464 4689 1664 4756 magnis
1709 4694 2051 4766 principibus)

500 4763 628 4817 dicit
659 4765 722 4816 ad
763 4780 942 4821 aurem
985 4769 1121 4825 illius
1159 4772 1243 4824 cui
1293 4787 1476 4828 aurum
1518 4778 1773 4830 creditum
1822 4793 1962 4839 erat.
1999 4763 2055 4837 ut

501 4851 650 4905 daret
679 4855 725 4906 ei
755 4858 1050 4924 quindecim
1097 4861 1255 4915 libras
1289 4863 1420 4917 auri.
1453 4865 1583 4917 Cum
1615 4876 1788 4922 autem
1835 4872 1926 4924 has
1953 4873 2050 4926 da-

504 4952 653 4996 turus
695 4945 893 5009 abiret,
924 4951 1266 5014 apprehendit
1311 4955 1584 5006 consilium
1618 4957 1897 5024 logotheta‘.
1939 4961 2053 5030 (52)

502 5043 555 5086 et
594 5039 885 5102 teconomi;
914 5049 966 5091 et
1003 5054 1065 5091 ex
1097 5041 1352 5096 diabolica
1392 5047 1698 5110 operatione
1737 5050 2051 5117 inridentes,

502 5139 607 5176 non
640 5123 897 5179 dedeiunt
925 5129 973 5185 ei
1004 5129 1368 5199 nisi_quinque
1414 5134 1592 5188 libras.
1625 5135 1756 5192 Cum
1798 5153 1924 5208 ergo
1963 5157 2053 5193 re-

503 5223 794 5266 verteretur
836 5216 902 5268 de
948 5218 1162 5275 collecta
1205 5216 1332 5289 (5'5)
1378 5223 1512 5276 idem
1567 5225 2053 5286 honorabilissimus

504 5304 949 5375 arciniepisCopus,
973 5309 1059 5359 dat
1082 5310 1126 5361 ei
1154 5310 1203 5363 in
1231 5313 1440 5378 scriptis
1464 5315 1650 5371 mulier
1673 5317 1824 5368 vidua
1851 5317 2052 5377 habens

509 5393 715 5446 unicum
765 5394 959 5455 lilium,
1003 5397 1236 5450 ιιυιὶιίειιιι
1283 5403 1421 5454 xcnii
1465 5401 1579 5472 (54)
1612 5407 1841 5471 ψιὶιιιιιιθ
1872 5419 2054 5462 Cente-

509 5485 770 5536 nariorum
802 5486 934 5537 auri.
967 5487 1096 5540 Cum
1139 5501 1312 5544 autem
1350 5495 1700 5561 διιεοθμίδδκι,
1728 5506 1778 5548 et
1822 5497 2054 5550 honora-

512 5573 611 5628 hile
657 5586 910 5631 secrctmn
951 5579 1257 5642 dimisisset,
1291 5585 1599 5635 convocavit
1644 5586 2054 5657 dispensatores,

2149 4521 2270 4559 eum
2295 4523 2308 4558 :
2338 4507 2451 4561 Non
2472 4509 2666 4576 justum
2691 4520 2772 4564 est
2798 4521 2853 4564 ut
2878 4514 3126 4574 arbitror,
3156 4519 3380 4574 domine
3411 4525 3596 4587 patrici,
3616 4535 3654 4571 ea

2149 4611 2266 4662 qua:
2332 4599 2692 4666 supercmlesti
2731 4601 2855 4670 Regi
2885 4603 3060 4657 oblata
3090 4616 3248 4666 sunt.
3289 4615 3528 4665 terrestri
3555 4613 3654 4662 dare.

2151 4684 2206 4738 Si
2237 4701 2358 4739 vero
2392 4695 2446 4740 et
2488 4691 2704 4742 otnnino
2731 4695 2838 4745 tale
2865 4692 3062 4760 aliquid
3087 4694 3342 4763 judicasti
3361 4741 3379 4763 ,
3596 4702 3656 4750 ba-

2153 4773 2292 4828 milis
2334 4774 2562 4829 Joannes
2589 4793 2651 4830 ex
2697 4779 2776 4833 eis
2821 4795 3088 4836 nummum
3131 4799 3235 4837 non
3268 4788 3428 4841 dabit
3473 4792 3659 4848 tibine:

2161 4876 2284 4915 ecce
2311 4863 2410 4916 sub
2439 4863 2622 4916 hutuili
2674 4866 2864 4919 lectulo
2907 4884 3026 4922 meo
3053 4882 3134 4923 est
3179 4877 3443 4939 ap0lbeca
3488 4878 3660 4927 cars...

2161 4958 2219 5002 ut
2247 4952 2472 5005 volueris
2504 4953 2604 5006 lae.
2637 4955 2871 5025 Surgens
2893 4958 3067 5025 itaque
3096 4964 3275 5015 statim
3321 4967 3577 5033 patricius,
3605 4981 3660 5010 ιι-

2160 5051 2244 5091 cat
2271 5039 2339 5093 de
2365 5042 2473 5093 suis
2517 5039 2815 5097 hominibus
2840 5046 2930 5112 qui
2971 5059 3181 5114 portare
3213 5051 3509 5116 deberent,
3531 5063 3576 5105 et
3599 5054 3662 5104 iao

2164 5132 2304 5200 ponit
2347 5147 2505 5199 super
2546 5147 2639 5186 eos
2675 5136 2921 5200 pecunias
2970 5148 3124 5201 totas,
3167 5154 3276 5194 non
3332 5146 3608 5212 relinquens
3633 5159 3662 5188 τι

2161 5223 2239 5275 eis
2267 5225 2364 5276 nisi
2393 5239 2550 5277 unum
2577 5229 2962 5284 centenarium.
2989 5231 3052 5284 Et
3076 5245 3195 5285 cum
3224 5233 3656 5292 descendereatal1

2159 5317 2434 5383 portabant
2462 5317 2758 5384 hujusmodi
2786 5323 3090 5387 pecuniam,
3116 5327 3492 5382 ascendebant
3509 5331 3658 5398 quidli-

2159 5407 2248 5459 alii
2279 5417 2541 5473 portantes
2574 5408 2788 5475 pusillas
2817 5411 3140 5478 lagunculas,
3177 5415 3449 5471 habentes
3475 5419 3653 5486 peccati

2163 5497 2350 5550 missas
2379 5499 2687 5564 patriarchae
2712 5501 2779 5555 de
2804 5502 2998 5564 Africa,
3028 5507 3428 5574 superscriptas
3455 5510 3571 5562 alias
3591 5523 3650 5566 es?

2162 5588 2278 5646 dem
2311 5603 2413 5641 NH.
2444 5604 2673 5642 OP'mel
2693 5631 2705 5655 ,
2747 5591 2874 5644 alias
2903 5603 3078 5646 autem
3123 5612 3227 5648 iter.
3255 5613 3374 5650 SINE
3407 5615 3550 5653 reue.
3575 5597 3656 5642 ιὲξεπ
