3736 6308
24 260 78 313 5
950 257 1107 313 VlTA
1146 257 1389 312 SANCTI
1428 258 1706 312 .lOANNlS
1747 261 2317 318 ELEEMOSYNARII.

3130 265 3267 325 1626

23 387 82 442 ιο
143 373 528 428 descendens
578 370 831 438 patricius
875 370 1074 439 legeret
1119 372 1597 440 superscriptiones
1627 373 1673 429 Α
1703 373 1858 426 sitate
1887 390 2192 442 compresso
2235 391 2418 428 eorum
2448 376 2536 444 qui
2578 378 2645 431 ab
2688 392 2752 432 eo
2798 379 3099 448 alebantur,
3127 387 3264 440 etin

25 478 365 527 enarunt,
410 463 637 533 insinuat
680 460 993 528 patriarchas
1030 472 1088 515 ut
1126 462 1224 516 sibi
1270 462 1506 514 mitteret
1534 461 1600 514 de

23 552 38 603 i
86 553 327 614 tnel'le,
360 566 464 618 quo
491 550 555 602 ad
580 563 714 616 nptts
736 565 888 602 suum
913 558 1168 603 uteretur.
1200 550 1428 604 Noverat
1456 550 1597 603 enim

23 657 78 694 in
135 643 301 695 rnaLi
347 656 466 694 esse
511 642 897 693 immemorem.
927 639 1266 694 Ascendente
1317 639 1475 708 igitur
1507 639 1597 707 qui

23 735 334 792 :tmctrlas
374 733 602 787 habebat
638 731 891 795 creditas,
931 741 984 784 et
1027 745 1282 798 responsa
1315 730 1592 797 reddente,

33 827 375 880 indicante
405 824 656 893 pecunias
684 837 806 877 esse
832 837 926 890 pro
953 823 1114 876 melle
1145 823 1194 875 in
1228 823 1390 886 vasis,
1419 823 1596 876 statim

23 932 88 968 re
157 917 342 969 mitis
401 924 581 982 pastor
625 913 767 966 misit
809 913 858 968 ei
896 928 1054 966 unam
1100 913 1460 980 lagunculam,
1501 926 1596 965 su-

23 1007 374 1075 rscriptam
415 1021 520 1059 Ill-3|.
563 1019 830 1066 ορτιιιυιι.
871 1003 1072 1058 faciens
1111 1005 1160 1058 ei
1197 1013 1251 1057 et
1286 1005 1592 1073 pittacium,

23 1097 300 1150 ntittens
329 1097 401 1151 ita
430 1113 444 1152 :
482 1114 501 1147 ε
533 1095 785 1149 Dominus
809 1097 898 1164 qui
926 1095 1097 1149 dixit:
1123 1095 1238 1150 Non
1270 1106 1322 1151 te
1350 1097 1592 1152 deseram

26 1203 160 1256 que
207 1187 596 1253 derelinquam
643 1184 831 1256 (Hebr.
854 1199 982 1250 xttt;
1013 1184 1128 1239 Jos.
1159 1187 1229 1252 ι),
1273 1187 1390 1241 sine
1441 1202 1593 1241 men-

25 1283 133 1335 cio
165 1291 313 1346 est;
346 1293 398 1335 et
435 1281 574 1333 Deus
615 1294 801 1344 verus;
834 1279 1030 1333 idcirco
1061 1280 1262 1342 Deum,
1303 1279 1391 1347 qui
1422 1278 1595 1331 omni-

23 1388 70 1425 ιε
105 1386 326 1425 escam
361 1379 415 1422 et
443 1371 602 1422 vitam
633 1369 860 1436 praebet,
891 1368 1050 1420 homo
1079 1368 1435 1434 corruptibilis
1462 1381 1591 1420 con-

23 1462 275 1528 ~ingere
313 1475 420 1512 non
455 1469 646 1526 potest.
678 1457 827 1512 Vale.
852 1476 870 1510 ι
901 1458 1158 1525 Ρτωοερίι
1180 1467 1355 1512 autem
1387 1459 1591 1513 abeun-

23 1565 122 1603 ms
174 1559 242 1603 et
295 1549 632 1617 portantibus
667 1548 1032 1615 lagunculam,
1076 1559 1132 1600 ut
1175 1547 1411 1602 dicerent
1440 1551 1487 1602 ei
1535 1558 1592 1602 nt

23 1647 101 1692 tte
134 1654 209 1692 se
244 1637 458 1691 faceret
484 1652 600 1690 eam
631 1638 856 1704 aperiri,
887 1647 940 1690 et
970 1637 1208 1691 dicerent
1234 1638 1283 1690 ei
1310 1640 1445 1706 quod
1476 1657 1592 1690 nm-

1705 467 1866 519 multa
1909 481 2038 520 cura
2083 478 2134 521 et
2170 470 2410 522 oratione
2459 467 2615 522 beato
2645 482 3042 538 perseverante,
3094 478 3266 531 sensit

1701 558 1916 624 quidam
1953 559 2186 611 civitatis
2237 558 2500 610 habitator
2539 573 2654 612 eam
2686 549 2805 628 qtne
2834 563 3264 621 circumdederat

1699 647 2093 701 sanctissimum
2125 647 2271 700 illum
2309 647 2609 701 ariditalem
2655 660 2708 703 et
2741 651 3099 707 omnimodam
3133 670 3261 726 ege-

1699 742 1888 788 statem
1915 753 1928 787 :
1957 735 2195 802 bigatnns
2234 738 2488 799 existens,
2540 737 2806 793 desiderat
2833 741 3089 796 diaconus
3133 759 3259 798 san-

1697 837 1792 880 cta!
1826 829 2061 882 ecclesiae
2087 828 2222 882 fieri.
2249 830 2314 881 Et
2347 844 2440 896 per
2478 829 2846 884 necessitatem
2869 847 2988 900 quae
3019 844 3256 890 sanctum

1699 919 1925 986 undique
1955 918 2416 981 circumdederat,
2449 920 2657 974 volebat
2698 921 2920 974 suadere
2969 922 3016 974 ei
3043 935 3098 976 ut
3139 937 3261 978 eum

1695 1017 2062 1071 consecraret;
2098 1007 2324 1074 fecitque
2345 1011 2392 1059 ei
2415 1007 2864 1076 deprecationem,
2893 1011 3258 1065 continentem

1694 1097 1762 1151 ita
1792 1098 1866 1168 (in
1890 1097 2029 1152 facie
2072 1098 2268 1165 quippe
2307 1098 2356 1152 ei
2398 1113 2505 1150 non
2545 1097 2772 1152 audebat
2813 1100 2918 1152 tale
2943 1101 3138 1166 aliquid
3177 1103 3255 1154 di-

1694 1187 1839 1257 cere)
1865 1205 1878 1242 :
1909 1205 1928 1238 t
1957 1189 2305 1243 Sanctissimo
2321 1197 2376 1243 et
2398 1198 2476 1242 ter
2499 1189 2654 1243 beato
2679 1189 2820 1243 Patri
2839 1199 3046 1257 patrum
3069 1189 3260 1244 Joanni

1694 1280 1892 1332 vicario
1913 1278 2136 1343 Christi,
2168 1279 2472 1345 deprecatio
2492 1290 2546 1331 et
2575 1279 2862 1341 postulatio
2883 1296 2911 1332 a
2933 1279 3122 1333 Cosma
3144 1280 3260 1350 (40)

1694 1367 1911 1434 indigno
1939 1382 2094 1421 set-vo
2116 1383 2390 1420 servorum
2413 1367 2710 1421 sanctitatis
2738 1379 2947 1422 vestraa.
2984 1369 3255 1434 Ediscens,

1694 1457 2031 1510 sanctissime
2061 1457 2295 1522 domine,
2326 1471 2443 1525 qua!
2473 1457 2678 1510 obtinet
2705 1457 3068 1510 honorandum
3104 1467 3261 1526 caput

1695 1556 1840 1600 tuum
1871 1547 2158 1601 secundum
2190 1547 2596 1614 permissionem
2625 1546 2738 1609 Dei,
2772 1548 2877 1599 imo
2908 1563 3003 1615 pro
3034 1551 3261 1614 peccatis

1694 1639 1912 1704 nostris,
1960 1652 2201 1691 escarum
2235 1639 2532 1704 penuriam,
2577 1652 2680 1690 non
2707 1639 2906 1705 justum
2955 1640 3258 1692 existimavi

23 1746 74 1781 :s
108 1741 272 1796 (ptas
317 1727 524 1780 viderat
551 1725 747 1780 deferri
785 1727 1092 1794 laguncttlas
1148 1729 1382 1795 pecuniis
1412 1738 1591 1780 essent
1624 1723 1672 1783 Β
1697 1743 1880 1780 servus
1911 1740 2052 1794 tuus,
2099 1729 2153 1780 in
2187 1727 2477 1781 refectione
2517 1730 2846 1792 conversari,
2878 1728 3092 1781 domino
3142 1746 3261 1783 meo

23 1833 78 1869 Ὀ
111 1819 302 1872 melle
332 1818 567 1886 repletae.
591 1816 822 1886 Contigit
903 1825 1035 1882 ergo
1107 1815 1332 1872 sedente
1399 1830 1468 1872 eo
1529 1820 1593 1871 ad

32 1925 292 1975 ensam,
326 1920 383 1962 ut
423 1910 754 1963 nuntiaretur
794 1908 980 1962 adesse
1017 1921 1112 1960 eos
1145 1908 1233 1975 qui
1265 1909 1592 1977 lagunculam

23 1999 332 2062 nrtabant,
382 2006 435 2052 et
479 1999 748 2066 pittacium
794 1990 1128 2068 patriarchae.
1171 1999 1594 2052 Ascendentibus

23 2102 178 2152 aque
231 2087 344 2146 eis,
375 2101 494 2139 cum
546 2086 764 2139 vidisset
802 2101 956 2157 unam
989 2093 1190 2138 tantum
1225 2086 1590 2153 lagunculam,

23 2178 134 2230 ixit
179 2178 268 2229 eis
323 2176 578 2244 patricius
611 2194 621 2228 :
655 2175 820 2229 Dicite
861 2176 908 2228 ei
939 2191 953 2229 :
992 2173 1183 2236 Credo,
1213 2175 1450 2238 domine,
1483 2193 1595 2230 ma-

23 2283 154 2321 nam
207 2265 547 2321 iracundiam
594 2269 873 2320 adversum
907 2282 990 2320 me
1034 2268 1248 2328 retines.
1282 2283 1400 2320 nam
1436 2283 1592 2320 unam

23 2359 176 2411 olatn
236 2373 356 2412 non
406 2361 643 2412 mitteres
692 2359 841 2413 mihi.
891 2359 1103 2412 'l'radito
1147 2369 1320 2412 autem
1380 2360 1594 2427 pittacio

25 2449 232 2513 odem,
270 2459 329 2501 et
370 2448 562 2501 bullam
595 2448 705 2516 (5‘))
737 2449 1162 2514 dissolventibns,
1196 2458 1248 2502 et
1285 2450 1595 2502 evacuanti-

23 2555 101 2589 ius
134 2554 333 2590 coram
381 2539 625 2591 omnibus
676 2540 978 2603 pecuniam,
1011 2537 1222 2608 agnovit
1265 2548 1319 2592 ct
1363 2539 1593 2606 reliquas

23 2630 352 2698 agunculas,
392 2643 522 2696 quas
566 2629 724 2694 vidit,
770 2627 1012 2683 similiter
1059 2630 1240 2696 plenas
1285 2645 1423 2684 esse.
1457 2631 1591 2685 Cum

23 2733 133 2784 :rgo
168 2718 398 2783 legisset
422 2715 560 2783 quod
590 2717 746 2769 homo
767 2718 1121 2784 corruptibilis
1144 2717 1307 2771 Deum
1331 2723 1597 2776 constrin-

23 2822 135 2874 gere
169 2821 283 2860 non
317 2816 528 2872 posset,
559 2819 904 2875 compunctus
931 2807 998 2862 de
1027 2823 1292 2870 sermone,
1323 2810 1454 2863 dixit
1480 2827 1493 2861 :
1530 2810 1596 2864 Et

23 2899 137 2949 tivit
172 2898 458 2961 Dominus,
493 2912 661 2958 neque
692 2899 870 2951 Niceta
895 2900 1222 2967 constringet
1243 2915 1362 2952 eum
1385 2939 1399 2963 ,
1436 2904 1593 2952 homo

23 2991 215 3041 etenim
244 3003 296 3042 et
330 2987 441 3054 ipse
474 2997 716 3053 peccator
742 2997 795 3042 et
824 2989 1179 3056 corruptibilis
1209 3000 1310 3044 est.
1345 2991 1409 3043 Et
1438 2991 1594 3044 relin-

1697 1819 1748 1872 in
1777 1817 2062 1870 subtili:ate
2091 1816 2208 1885 (41)
2237 1816 2494 1870 manenti.
2527 1815 2660 1870 Sunt
2687 1817 2848 1885 igitur
2873 1819 3084 1886 indigno
3103 1834 3259 1872 servo

1697 1916 1786 1960 tuo
1818 1907 2067 1960 frumenti
2101 1908 2326 1958 ducenta
2355 1907 2515 1959 millia
2549 1907 2868 1971 modiorum,
2896 1917 2949 1961 et
2978 1910 3088 1961 auri
3115 1910 3260 1964 librze

1693 2008 1906 2052 centum
1961 1994 2248 2065 octoginta,
2297 2013 2426 2066 quas
2475 2012 2604 2065 rogo
2649 1999 2762 2050 dari
2812 1999 3024 2056 Christo
3068 2015 3162 2067 per
3208 2013 3259 2053 te

1695 2087 1966 2141 dominum
2006 2103 2179 2140 meum
2204 2106 2215 2138 :
2244 2097 2444 2140 tantum
2471 2101 2571 2156 ego
2597 2086 2840 2156 indignus
2872 2087 2924 2140 in
2968 2089 3259 2143 ministerio

1695 2177 1857 2231 vestri
1901 2177 2183 2230 diaconatu
2237 2175 2340 2229 frui
2372 2190 2602 2242 merear,
2647 2187 2704 2230 ut
2747 2193 2841 2245 per
2873 2179 3029 2231 talem
3059 2195 3176 2232 cum
3209 2190 3259 2234 te

1694 2267 1910 2320 domino
1959 2269 2124 2320 sancti
2179 2266 2360 2320 altaris
2407 2267 2870 2331 ministrationcm,
2921 2270 3173 2322 emundet
3228 2285 3256 2321 a

1698 2366 2034 2424 peccatorum
2083 2371 2322 2410 meorum
2377 2355 2600 2409 luxnria.
2647 2356 2783 2409 Dicit
2820 2358 2962 2410 enim
3005 2371 3132 2412 vere
3166 2359 3257 2413 Dei

1697 2446 2013 2515 praedicator
2054 2454 2268 2498 sanctus
2298 2444 2602 2511 Apostolus,
2633 2445 2882 2513 quoniam
2913 2460 2980 2499 ex
3021 2447 3258 2499 necessi-

1697 2545 1804 2590 tate
1845 2546 1899 2590 et
1939 2536 2067 2604 legis
2112 2535 2387 2588 translatio
2429 2536 2484 2586 lit
2510 2533 2698 2604 (Hebr.
2731 2535 2843 2604 vn).
2873 2553 2892 2585 ι
2929 2535 3050 2588 l-ltec
3089 2537 3258 2589 susci-

1697 2625 1848 2694 piens
1874 2625 2128 2677 divinitus
2175 2625 2410 2691 sapiens,
2443 2632 2496 2677 et
2523 2624 2694 2676 virum
2744 2627 3030 2687 advocatis,
3080 2626 3152 2676 ait
3190 2624 3255 2678 ad

1696 2732 1816 2772 eum
1844 2717 1956 2771 :Tu
1995 2732 2052 2770 es
2093 2715 2180 2784 qui
2221 2729 2402 2783 preces
2433 2714 2588 2769 nobis
2615 2729 2708 2781 per
2737 2718 2994 2769 notarium
3027 2723 3170 2769 tuum
3203 2723 3254 2772 et

1697 2805 1863 2862 filium
1901 2807 2130 2861 misisti?
2158 2807 2275 2872 Quo
2313 2806 2560 2858 dicente:
2593 2805 2783 2869 Etiam,
2828 2805 3059 2871 domine,
3115 2807 3258 2859 misit

1699 2913 1887 2953 omnes
1927 2899 2069 2952 foras
2120 2899 2304 2950 beatus
2352 2904 2408 2949 et
2462 2896 3015 2964 misericordissitnus,
3071 2895 3254 2948 nolens

1695 3004 1875 3042 curam
1904 2990 2147 3042 omnibus
2177 2990 2318 3039 hunc
2342 2987 2687 3050 confundere,
2713 2994 2769 3039 et
2796 2985 2957 3051 coepit
2985 2985 3160 3038 dicere
3190 2985 3254 3036 ad

24 3096 184 3151 tuens
236 3095 359 3134 mox
409 3079 718 3150 prandium,
751 3089 803 3137 et
846 3093 1060 3135 sumens
1105 3093 1284 3136 secum
1332 3091 1592 3153 quotquot
1619 3083 1664 3144 C
1697 3095 1816 3134 enm
1848 3077 2092 3131 :Oblatio
2137 3076 2346 3143 quidem
2408 3087 2491 3128 tua
2546 3074 2699 3128 valde
2740 3075 2882 3143 justa
2935 3082 2989 3127 et
3035 3073 3256 3138 tempori

23 3175 279 3240 pecunias
319 3175 386 3226 ab
417 3175 722 3228 honorando
767 3175 922 3228 Patre
962 3175 1282 3240 abstulerat,
1314 3185 1365 3231 cl.
1402 3177 1588 3245 lagun-

23 3267 191 3318 culam
226 3280 348 3333 quae
379 3266 445 3318 ab
473 3281 536 3316 eo
587 3267 892 3318 transmissa
934 3263 1134 3330 fuerat,
1169 3275 1222 3318 et
1249 3266 1314 3317 de
1344 3281 1437 3318 suo
1467 3281 1594 3320 cen-

23 3357 227 3408 tenaria
276 3356 405 3415 tria,
451 3356 800 3422 apprehendit
848 3355 1152 3408 hoaoranda
1192 3353 1307 3424 ejus
1353 3359 1590 3424 vestigia,

23 3447 172 3497 nullo
202 3445 254 3496 in
289 3444 600 3512 obsequium
644 3446 910 3512 proprium
941 3453 1178 3512 sumpto;
1211 3444 1302 3498 sed
1335 3445 1386 3496 itt
1418 3444 1588 3498 humi-

27 3538 177 3590 litate
209 3536 368 3588 mnlta
398 3535 712 3598 ascendens,
744 3537 960 3605 rogabat
986 3551 1103 3588 eum
1123 3575 1137 3600 ,
1163 3536 1317 3602 quasi
1351 3537 1473 3590 aliis
1499 3551 1591 3589 ac-

23 3629 335 3682 cnsmtibns
374 3635 604 3687 motum,
641 3625 1016 3696 indulgentiam
1047 3641 1075 3681 a
1110 3628 1216 3680 Deo
1245 3637 1591 3696 exposceret,

27 3721 360 3773 satisfaciens
412 3720 458 3770 ei
518 3719 656 3786 quod
714 3720 811 3771 etsi
881 3719 1242 3785 pmnitentiam
1299 3721 1344 3772 ei
1408 3719 1592 3785 daret,

27 3819 273 3878 prompte
300 3809 431 3860 hanc
459 3809 748 3876 susciperet
773 3819 826 3862 et
853 3808 1160 3862 custodiret.
1189 3809 1472 3875 Admirans
1501 3825 1594 3862 au-

33 3910 134 3952 tem
161 3899 584 3966 archiepiscopus
612 3900 844 3952 velocem
871 3900 966 3952 viri
997 3901 1401 3953 conversionem
1419 3943 1433 3967 ,
1464 3902 1594 3955 Itthil

32 3993 98 4045 de
128 3992 410 4044 commisso
440 4004 757 4056 conquestus
784 4003 859 4044 est
879 4031 892 4049 ,
921 3991 1011 4042 sed
1054 4000 1106 4042 et
1136 3992 1303 4058 magis
1343 3991 1596 4044 consola-

35 4084 186 4136 batur
213 4097 330 4132 eum
364 4081 538 4133 verbis
583 4081 853 4133 consulato
887 4082 968 4132 iis.
1003 4080 1148 4132 'l‘alis
1188 4088 1366 4134 autem
1408 4080 1590 4133 ambu-

38 4187 152 4224 runt
193 4170 498 4224 confirmata
532 4181 610 4223 cst
640 4184 701 4223 ex
735 4180 856 4222 tunc
887 4184 915 4220 a
947 4169 1054 4222 Deo
1080 4168 1334 4236 charitas,
1363 4181 1417 4222 ut
1444 4185 1592 4222 com-

41 4272 182 4330 pater
211 4261 488 4328 supradicti
523 4260 670 4312 fieret
699 4258 926 4326 patricii.

110 4351 233 4406 Car.
258 4351 367 4405 XII.
389 4379 458 4388 —
480 4349 578 4415 Qui
610 4349 874 4402 Abraham
899 4349 948 4400 itt
988 4348 1088 4400 hoc
1112 4347 1249 4415 quod
1279 4348 1593 4416 expediebat

1697 3169 2018 3234 necessaria,
2046 3167 2140 3224 sed
2173 3169 2436 3223 maculosa
2476 3176 2586 3234 est;
2612 3174 2666 3220 et
2707 3165 2840 3218 nosti
2867 3165 3004 3233 quod
3040 3166 3090 3217 in
3119 3165 3258 3233 Lege

1695 3270 1808 3320 ovis
1826 3270 1936 3320 sive
1968 3282 2147 3333 parva,
2179 3268 2292 3320 sive
2334 3281 2540 3333 magna,
2576 3264 2672 3317 nisi
2707 3263 3040 3315 immaculata
3087 3273 3255 3325 esset,

1696 3373 1800 3410 non
1837 3359 1891 3410 in
1937 3356 2254 3410 sacrificium
2299 3355 2621 3408 offerebatur
2647 3353 2830 3422 (Lat-it.
2861 3350 2990 3418 xm)
3017 3367 3033 3414 ;
3063 3357 3117 3404 et
3143 3351 3260 3404 ideo

1699 3451 1763 3500 ad
1818 3448 2134 3500 sacrificium
2172 3447 2301 3498 Cain
2357 3461 2460 3497 non
2520 3452 2748 3509 respexit
2790 3443 2926 3496 Deus
2967 3440 3124 3512 (Gen.
3158 3440 3257 3510 tv).

1696 3538 1954 3604 Quoniam
1983 3551 2109 3589 vero
2138 3535 2339 3600 dixisti,
2373 3534 2553 3597 frater,
2589 3532 2727 3600 quod
2760 3548 2821 3586 ex
2850 3534 3164 3586 necessitate
3203 3541 3258 3588 et

1696 3630 1829 3699 legis
1859 3629 2132 3682 translatio
2162 3628 2271 3692 fiat,
2297 3627 2363 3681 de
2393 3628 2508 3696 lege
2535 3627 2698 3680 veteri
2742 3626 2838 3679 hoc
2866 3625 2993 3679 dicit
3028 3627 3258 3692 Aposto-

1696 3723 1815 3788 lus;
1845 3737 1964 3776 nam
1995 3720 2260 3791 quomodo
2305 3722 2378 3789 ait
2409 3719 2570 3773 frater
2601 3718 2805 3771 Domini
2838 3717 3084 3780 Jacobns,
3117 3718 3257 3785 quod

1697 3815 1996 3884 quicunque
2025 3810 2387 3865 observaverit
2422 3820 2580 3863 totam
2611 3809 2800 3878 legem,
2833 3805 3064 3860 offendat
3082 3820 3256 3860 autem

1699 3906 1750 3958 in
1779 3917 1905 3968 uno,
1931 3902 2099 3956 factus
2120 3910 2201 3955 est
2226 3901 2459 3954 omnium
2485 3915 2607 3954 reus
2630 3901 2765 3970 (Jac.
2795 3896 2894 3967 tt)?
2922 3898 2994 3952 De
3012 3898 3260 3952 fratribus

1698 4009 1827 4049 vero
1857 3993 1992 4048 meis
2017 3991 2198 4062 egenis
2224 3999 2280 4044 et
2307 3991 2374 4044 de
2395 3998 2576 4044 sancta
2609 3989 2863 4052 Ecclesia,
2891 3990 3027 4042 Deus
3057 3990 3144 4058 qui
3167 4004 3259 4044 eo

1699 4086 1916 4142 nutrivit
1965 4093 2091 4138 ante
2117 4098 2275 4152 quam
2323 4096 2422 4152 ego
2461 4092 2517 4136 et
2553 4090 2609 4134 tu
2651 4095 3011 4145 nasceremur,
3054 4081 3166 4148 ipse
3209 4091 3260 4134 et

1698 4192 1840 4232 nunc
1878 4176 2075 4230 nutriet
2102 4188 2230 4233 eos;
2265 4181 2488 4237 tantum,
2513 4171 2554 4225 si
2605 4184 2877 4225 sermones
2917 4168 3032 4237 ejus
3061 4169 3260 4223 illaesos

1699 4266 2124 4323 custodierimus.
2176 4262 2271 4316 Ille
2315 4261 2456 4315 enim
2513 4261 2600 4328 qui
2651 4269 2775 4312 tunc
2819 4257 3051 4326 quinque
3097 4272 3260 4325 panes

1699 4356 2069 4423 multiplicavit
2108 4351 2286 4424 (Joan.
2319 4353 2417 4420 v1),
2454 4358 2624 4418 potest
2653 4357 2705 4402 et
2729 4349 2909 4401 decem
2939 4347 3113 4400 horrei
3146 4346 3256 4401 mei

43 4447 279 4511 tentavit,
304 4452 356 4495 ut
384 4441 500 4512 ejus
532 4441 689 4495 fidem
735 4441 837 4494 soli
871 4440 978 4494 Deo
1017 4441 1281 4509 cognitam
1316 4442 1593 4494 universus
1628 4445 1672 4502 ι)
1701 4446 1893 4500 modiis
1923 4443 2260 4498 benedicere.
2289 4442 2620 4509 QuaprOpter
2641 4439 2764 4492 illud
2794 4438 2913 4492 dico
2953 4437 3017 4490 ad
3059 4447 3128 4503 te,
3162 4437 3258 4503 fili,

47 4537 265 4589 mundus
301 4536 510 4586 diScens
559 4533 853 4586 imitaretur
877 4531 1028 4592 (Gen.
1072 4535 1225 4597 xxii),
1275 4533 1498 4584 tentavit
1540 4542 1594 4584 et

48 4624 428 4681 memorabilem
477 4624 633 4675 istum
674 4622 954 4676 Joannem.
1005 4623 1189 4675 Modus
1239 4633 1415 4676 autem
1455 4623 1595 4675 illius

53 4713 338 4771 tentationis
405 4714 574 4765 forma
636 4715 873 4765 u:ilitatis
923 4716 1120 4766 sanctis
1185 4713 1301 4780 eius
1355 4714 1595 4768 ecclesiis

53 4807 264 4860 exstitit.
300 4804 384 4858 Est
429 4814 604 4855 autem
634 4803 797 4855 forma
841 4805 992 4856 h.ec:
1027 4803 1382 4857 Intestitnabili
1421 4803 1597 4855 multi-

59 4895 228 4948 tudine
257 4895 558 4963 fugientitun
607 4910 635 4945 a
686 4894 888 4955 Persis,
930 4897 1064 4946 sicut
1089 4896 1196 4960 jam
1236 4897 1434 4948 dietmn
1467 4896 1594 4963 (Su-

61 5005 145 5055 pra
167 5002 210 5038 c.
241 4985 310 5054 6),
349 4997 398 5040 et
439 4986 756 5039 adveniente
793 4986 1186 5050 Alexandriam,
1238 4997 1287 5037 et
1319 4986 1598 5041 sterilitate

64 5080 214 5131 multa
241 5077 469 5131 ciborum
518 5081 674 5140 facta,
721 5093 786 5130 eo
834 5078 972 5146 quod
1024 5093 1125 5130 non
1167 5078 1370 5132 subiret
1409 5078 1598 5133 ﬂuxius

65 5169 200 5222 Nilus
226 5168 501 5221 secundum
532 5167 995 5228 consuetudinem,
1025 5178 1078 5220 et
1099 5184 1229 5221 auro
1259 5177 1452 5221 cuncto
1478 5183 1600 5221 ern-

69 5269 178 5326 gato
217 5259 340 5324 quod
385 5259 692 5326 possederat
739 5257 1064 5323 patriarcha,
1116 5259 1279 5319 misit,
1323 5268 1377 5310 et
1415 5271 1597 5311 mutuo

71 5348 253 5418 accepit
277 5365 303 5402 a
328 5349 504 5404 multis
536 5348 900 5416 philochristis
940 5350 1079 5402 circa
1122 5348 1308 5403 decem
1347 5358 1598 5402 centena-

75 5439 163 5494 ria.
193 5441 253 5492 Et
279 5441 350 5493 his
377 5439 566 5493 iterum
608 5439 965 5506 consumptis,
1013 5449 1066 5494 et
1101 5439 1274 5494 adhuc
1299 5439 1437 5493 fame
1483 5456 1597 5491 ma-

78 5545 238 5600 nente,
267 5545 313 5588 et
349 5535 412 5588 de
454 5545 650 5588 caetero
680 5547 919 5612 mutuum
948 5535 1076 5590 dare
1104 5537 1152 5590 ei
1183 5534 1326 5588 nullo
1371 5533 1598 5595 volente,

84 5631 164 5688 sed
185 5629 401 5682 omnibus
433 5625 776 5696 pertinaciam
805 5629 961 5682 famis
991 5629 1317 5688 timentibus,
1347 5638 1397 5680 ct
1427 5641 1604 5680 llCCCn-

1700 4538 1842 4605 quod
1885 4537 1934 4589 in
1978 4534 2205 4588 Actibus
2245 4533 2604 4600 apostolorum
2653 4530 2850 4583 dictum
2879 4539 2960 4583 est
2989 4547 3001 4581 :
3028 4529 3140 4583 Non
3181 4537 3260 4583 est

1697 4629 1792 4682 tibi
1825 4630 1996 4691 portio
2026 4639 2200 4693 neque
2232 4621 2514 4678 hatreditas
2543 4623 2593 4673 in
2636 4621 2733 4673 hac
2765 4629 2914 4687 parte
2951 4619 3086 4687 (Act.
3117 4620 3255 4684 vm).

1697 4719 1932 4786 Cumque
1960 4719 2100 4769 hunc
2126 4716 2331 4768 tristem
2361 4723 2415 4766 et
2440 4713 2556 4764 sine
2585 4710 2772 4763 effectu
2795 4709 3102 4771 dimisisset,
3126 4724 3260 4760 nun-

1699 4808 1860 4860 tiatur
1878 4806 1926 4860 ei
1951 4805 2082 4858 duas
2114 4803 2364 4855 Ecclesia:
2395 4813 2702 4865 magnarum
2735 4799 2943 4850 navium
2975 4797 3038 4851 ad
3064 4807 3257 4851 terram

1702 4911 1821 4950 esse
1866 4895 2175 4949 submissas,
2222 4905 2352 4956 quas
2407 4887 2622 4940 miserat
2667 4887 2717 4940 in
2769 4886 3000 4942 Siciliam
3049 4901 3262 4954 propter

1703 4989 2047 5040 frumentum.
2079 4982 2190 5036 lloc
2229 4991 2402 5032 autem
2447 4979 2668 5030 audiens
2699 4977 2788 5031 ille
2816 4977 3022 5044 beatus,
3064 4980 3261 5032 cadens

1705 5079 1760 5130 in
1806 5087 2026 5135 terram,
2079 5071 2276 5141 gratias
2325 5070 2432 5138 egit
2470 5066 2816 5134 omnipotenti
2875 5068 3001 5133 Deo,
3038 5066 3258 5121 dicens:

1703 5167 1913 5222 Gratias
1940 5165 2115 5220 refero
2145 5163 2261 5227 tibi,
2296 5160 2536 5224 Domine,
2560 5161 2806 5228 quoniam
2841 5175 2944 5212 non
2970 5161 3256 5230 permisisti

1705 5272 1859 5310 servo
1891 5268 1980 5308 tuo
2008 5254 2242 5322 pecuniis
2273 5252 2502 5305 vendere
2541 5249 2768 5318 gratiam
2801 5258 2964 5302 tuam.
2999 5249 3134 5304 Vere
3178 5249 3254 5302 in—

1700 5348 1970 5415 quirentes
2015 5358 2084 5408 te,
2117 5344 2356 5405 Domine,
2397 5348 2452 5394 et
2493 5347 2690 5392 sanctae
2731 5339 2986 5394 Ecclesiae
3028 5350 3130 5395 llﬂB
3171 5357 3258 5396 rc-

1699 5439 1850 5507 gulas
1935 5433 2337 5495 custodientes,
2401 5447 2506 5486 non
2579 5427 2835 5483 deficient
2931 5433 3073 5486 omni
3114 5434 3252 5488 b-no

1705 5529 1875 5597 (Psal.
1908 5531 2118 5594 xum).

1773 5621 1900 5674 Car.
1935 5616 2070 5671 Xlll.
2096 5644 2155 5657 -—
2182 5612 2502 5680 Quibusdam
2552 5613 2756 5668 duobus
2800 5613 3003 5668 clericis
3055 5614 3107 5668 in
3149 5614 3257 5668 cul-
