  <div class='ocr_page' id='page_1' title='image "/cluster/home/n/w/nwhite01/storage/ocr_20150623/93/pst.000005712991/949.png"; bbox 0 0 3736 6308; ppageno 0'>
   <div class='ocr_carea' id='block_1_1' title="bbox 556 233 691 289">
    <p class='ocr_par' dir='ltr' id='par_1_1' title="bbox 556 233 691 289">
     <span class='ocr_line' id='line_1_1' title="bbox 556 233 691 289; baseline -0.044 0"><span class='ocrx_word' id='word_1_1' title='bbox 556 233 691 289; x_wconf 62' lang='grc'><strong>1697</strong></span> 
     </span>
    </p>
   </div>
   <div class='ocr_carea' id='block_1_2' title="bbox 1607 194 3581 277">
    <p class='ocr_par' dir='ltr' id='par_1_2' title="bbox 1607 194 3581 277">
     <span class='ocr_line' id='line_1_2' title="bbox 1607 194 3581 277; baseline 0 0"><span class='ocrx_word' id='word_1_2' title='bbox 1607 217 1882 277; x_wconf 68' lang='lat' dir='ltr'><strong>LEONTII</strong></span> <span class='ocrx_word' id='word_1_3' title='bbox 1920 216 2386 275; x_wconf 66' lang='lat' dir='ltr'><strong>NEAPOLITANI</strong></span> <span class='ocrx_word' id='word_1_4' title='bbox 2428 215 2739 270; x_wconf 76' lang='lat' dir='ltr'><strong>El’lSCOPl</strong></span> <span class='ocrx_word' id='word_1_5' title='bbox 3530 194 3581 277; x_wconf 70' lang='grc' dir='ltr'>ιςεέ</span> 
     </span>
    </p>
   </div>
   <div class='ocr_carea' id='block_1_3' title="bbox 575 322 3581 409">
    <p class='ocr_par' dir='ltr' id='par_1_3' title="bbox 575 322 3581 409">
     <span class='ocr_line' id='line_1_3' title="bbox 575 322 3581 409; baseline -0.003 -18"><span class='ocrx_word' id='word_1_6' title='bbox 575 356 694 407; x_wconf 77' lang='lat' dir='ltr'><strong>pan)</strong></span> <span class='ocrx_word' id='word_1_7' title='bbox 722 336 1053 400; x_wconf 68' lang='lat' dir='ltr'><strong>cadentibus,</strong></span> <span class='ocrx_word' id='word_1_8' title='bbox 1086 337 1182 389; x_wconf 86' lang='lat' dir='ltr'><strong>hoc</strong></span> <span class='ocrx_word' id='word_1_9' title='bbox 1209 347 1309 398; x_wconf 81' lang='lat' dir='ltr'><strong>est,</strong></span> <span class='ocrx_word' id='word_1_10' title='bbox 1343 348 1554 388; x_wconf 85' lang='lat' dir='ltr'><strong>manum</strong></span> <span class='ocrx_word' id='word_1_11' title='bbox 1588 335 1639 387; x_wconf 92' lang='lat' dir='ltr'><strong>iu</strong></span> <span class='ocrx_word' id='word_1_12' title='bbox 1669 335 1976 387; x_wconf 87' lang='lat' dir='ltr'><strong>alterutrum</strong></span> <span class='ocrx_word' id='word_1_13' title='bbox 2008 328 2136 406; x_wconf 14' lang='lat' dir='ltr'><strong>inji-t</strong></span> <span class='ocrx_word' id='word_1_14' title='bbox 2162 332 2197 387; x_wconf 81' lang='grc' dir='ltr'><strong>Α</strong></span> <span class='ocrx_word' id='word_1_15' title='bbox 2300 323 2429 378; x_wconf 70' lang='lat' dir='ltr'><strong>Car.</strong></span> <span class='ocrx_word' id='word_1_16' title='bbox 2476 324 2616 378; x_wconf 77' lang='lat' dir='ltr'><strong>XIV.</strong></span> <span class='ocrx_word' id='word_1_17' title='bbox 2642 323 2923 377; x_wconf 75' lang='lat' dir='ltr'><strong>—Dcil‘eri</strong></span> <span class='ocrx_word' id='word_1_18' title='bbox 2968 322 3176 387; x_wconf 84' lang='lat' dir='ltr'><strong>quidam</strong></span> <span class='ocrx_word' id='word_1_19' title='bbox 3219 335 3457 381; x_wconf 70' lang='lat' dir='ltr'><strong>sanctorum</strong></span> <span class='ocrx_word' id='word_1_20' title='bbox 3487 322 3581 409; x_wconf 48' lang='grc' dir='ltr'>λιιιξ</span> 
     </span>
    </p>
   </div>
   <div class='ocr_carea' id='block_1_4' title="bbox 573 421 2128 494">
    <p class='ocr_par' dir='ltr' id='par_1_4' title="bbox 573 421 2128 494">
     <span class='ocr_line' id='line_1_4' title="bbox 573 421 2128 494; baseline -0.008 -9"><span class='ocrx_word' id='word_1_21' title='bbox 573 429 855 494; x_wconf 73' lang='lat' dir='ltr'><strong>cientibus,</strong></span> <span class='ocrx_word' id='word_1_22' title='bbox 890 431 986 481; x_wconf 85' lang='lat' dir='ltr'><strong>hos</strong></span> <span class='ocrx_word' id='word_1_23' title='bbox 1012 425 1486 482; x_wconf 66' lang='lat' dir='ltr'><strong>eXCOIllﬂllilliC-tVil</strong></span> <span class='ocrx_word' id='word_1_24' title='bbox 1529 428 1782 479; x_wconf 76' lang='lat' dir='ltr'><strong>cnuonice</strong></span> <span class='ocrx_word' id='word_1_25' title='bbox 1813 440 1904 491; x_wconf 91' lang='lat' dir='ltr'><strong>per</strong></span> <span class='ocrx_word' id='word_1_26' title='bbox 1930 421 2128 488; x_wconf 84' lang='lat' dir='ltr'><strong>aliquot</strong></span> 
     </span>
    </p>
   </div>
   <div class='ocr_carea' id='block_1_5' title="bbox 575 510 2130 584">
    <p class='ocr_par' dir='ltr' id='par_1_5' title="bbox 575 510 2130 584">
     <span class='ocr_line' id='line_1_5' title="bbox 575 510 2130 584; baseline -0.009 -12"><span class='ocrx_word' id='word_1_27' title='bbox 575 522 712 573; x_wconf 78' lang='lat' dir='ltr'><strong>dies.</strong></span> <span class='ocrx_word' id='word_1_28' title='bbox 746 517 944 571; x_wconf 80' lang='lat' dir='ltr'><strong>Horum</strong></span> <span class='ocrx_word' id='word_1_29' title='bbox 974 516 1188 584; x_wconf 82' lang='lat' dir='ltr'><strong>quidem</strong></span> <span class='ocrx_word' id='word_1_30' title='bbox 1223 530 1356 567; x_wconf 81' lang='lat' dir='ltr'><strong>unus</strong></span> <span class='ocrx_word' id='word_1_31' title='bbox 1384 513 1607 567; x_wconf 76' lang='lat' dir='ltr'><strong>liben&#39;er</strong></span> <span class='ocrx_word' id='word_1_32' title='bbox 1637 512 1866 580; x_wconf 87' lang='lat' dir='ltr'><strong>suscepit</strong></span> <span class='ocrx_word' id='word_1_33' title='bbox 1889 510 2130 575; x_wconf 84' lang='lat' dir='ltr'><strong>increpa-</strong></span> 
     </span>
    </p>
   </div>
   <div class='ocr_carea' id='block_1_6' title="bbox 576 596 2132 675">
    <p class='ocr_par' dir='ltr' id='par_1_6' title="bbox 576 596 2132 675">
     <span class='ocr_line' id='line_1_6' title="bbox 576 596 2132 675; baseline -0.009 -13"><span class='ocrx_word' id='word_1_34' title='bbox 576 608 798 674; x_wconf 87' lang='lat' dir='ltr'><strong>tiouem,</strong></span> <span class='ocrx_word' id='word_1_35' title='bbox 827 615 883 660; x_wconf 87' lang='lat' dir='ltr'><strong>et</strong></span> <span class='ocrx_word' id='word_1_36' title='bbox 908 605 1153 675; x_wconf 75' lang='lat' dir='ltr'><strong>cognovit</strong></span> <span class='ocrx_word' id='word_1_37' title='bbox 1194 606 1400 670; x_wconf 83' lang='lat' dir='ltr'><strong>culpam</strong></span> <span class='ocrx_word' id='word_1_38' title='bbox 1428 617 1576 654; x_wconf 90' lang='lat' dir='ltr'><strong>suam</strong></span> <span class='ocrx_word' id='word_1_39' title='bbox 1603 617 1618 665; x_wconf 88' lang='lat'><strong>;</strong></span> <span class='ocrx_word' id='word_1_40' title='bbox 1644 603 1778 654; x_wconf 82' lang='lat' dir='ltr'><strong>alter</strong></span> <span class='ocrx_word' id='word_1_41' title='bbox 1820 613 1947 652; x_wconf 79' lang='lat' dir='ltr'><strong>vero</strong></span> <span class='ocrx_word' id='word_1_42' title='bbox 1982 596 2132 649; x_wconf 90' lang='lat' dir='ltr'><strong>mali-</strong></span> 
     </span>
    </p>
   </div>
   <div class='ocr_carea' id='block_1_7' title="bbox 576 686 2132 762">
    <p class='ocr_par' dir='ltr' id='par_1_7' title="bbox 576 686 2132 762">
     <span class='ocr_line' id='line_1_7' title="bbox 576 686 2132 762; baseline -0.012 -8"><span class='ocrx_word' id='word_1_43' title='bbox 576 702 744 754; x_wconf 89' lang='lat' dir='ltr'><strong>tiosus</strong></span> <span class='ocrx_word' id='word_1_44' title='bbox 769 699 1026 759; x_wconf 76' lang='lat' dir='ltr'><strong>existens,</strong></span> <span class='ocrx_word' id='word_1_45' title='bbox 1056 694 1290 762; x_wconf 79' lang='lat' dir='ltr'><strong>gaudens</strong></span> <span class='ocrx_word' id='word_1_46' title='bbox 1318 702 1638 760; x_wconf 64' lang='lat' dir='ltr'><strong>praeceptum</strong></span> <span class='ocrx_word' id='word_1_47' title='bbox 1666 688 1918 755; x_wconf 70' lang='lat' dir='ltr'><strong>suscepit.</strong></span> <span class='ocrx_word' id='word_1_48' title='bbox 1966 686 2132 738; x_wconf 64' lang='lat' dir='ltr'><strong>Occa«</strong></span> 
     </span>
    </p>
   </div>
   <div class='ocr_carea' id='block_1_8' title="bbox 576 777 2135 853">
    <p class='ocr_par' dir='ltr' id='par_1_8' title="bbox 576 777 2135 853">
     <span class='ocr_line' id='line_1_8' title="bbox 576 777 2135 853; baseline -0.011 -10"><span class='ocrx_word' id='word_1_49' title='bbox 576 795 780 843; x_wconf 74' lang='lat' dir='ltr'><strong>sionem</strong></span> <span class='ocrx_word' id='word_1_50' title='bbox 809 788 950 841; x_wconf 89' lang='lat' dir='ltr'><strong>enim</strong></span> <span class='ocrx_word' id='word_1_51' title='bbox 973 787 1246 853; x_wconf 68' lang='lat' dir='ltr'><strong>quaerebat</strong></span> <span class='ocrx_word' id='word_1_52' title='bbox 1269 785 1454 846; x_wconf 81' lang='lat' dir='ltr'><strong>miser,</strong></span> <span class='ocrx_word' id='word_1_53' title='bbox 1482 797 1549 835; x_wconf 93' lang='lat' dir='ltr'><strong>ne</strong></span> <span class='ocrx_word' id='word_1_54' title='bbox 1575 780 1939 847; x_wconf 73' lang='lat' dir='ltr'><strong>ingrederetur</strong></span> <span class='ocrx_word' id='word_1_55' title='bbox 1961 777 2135 830; x_wconf 86' lang='lat' dir='ltr'><strong>eccle-</strong></span> 
     </span>
    </p>
   </div>
   <div class='ocr_carea' id='block_1_9' title="bbox 578 867 2133 943">
    <p class='ocr_par' dir='ltr' id='par_1_9' title="bbox 578 867 2133 943">
     <span class='ocr_line' id='line_1_9' title="bbox 578 867 2133 943; baseline -0.005 -14"><span class='ocrx_word' id='word_1_56' title='bbox 578 892 730 943; x_wconf 70' lang='lat' dir='ltr'><strong>suam,</strong></span> <span class='ocrx_word' id='word_1_57' title='bbox 763 878 857 930; x_wconf 86' lang='lat' dir='ltr'><strong>sed</strong></span> <span class='ocrx_word' id='word_1_58' title='bbox 881 874 1143 930; x_wconf 84' lang='lat' dir='ltr'><strong>licentiam</strong></span> <span class='ocrx_word' id='word_1_59' title='bbox 1169 875 1385 927; x_wconf 84' lang='lat' dir='ltr'><strong>haberet</strong></span> <span class='ocrx_word' id='word_1_60' title='bbox 1412 871 1790 939; x_wconf 82' lang='lat' dir='ltr'><strong>perseverandi</strong></span> <span class='ocrx_word' id='word_1_61' title='bbox 1814 871 1865 922; x_wconf 91' lang='lat' dir='ltr'><strong>in</strong></span> <span class='ocrx_word' id='word_1_62' title='bbox 1892 867 2133 921; x_wconf 78' lang='lat' dir='ltr'><strong>nefandis</strong></span> 
     </span>
    </p>
   </div>
   <div class='ocr_carea' id='block_1_10' title="bbox 579 962 2136 1022">
    <p class='ocr_par' dir='ltr' id='par_1_10' title="bbox 579 962 2136 1022">
     <span class='ocr_line' id='line_1_10' title="bbox 579 962 2136 1022; baseline -0.008 -4"><span class='ocrx_word' id='word_1_63' title='bbox 579 968 783 1019; x_wconf 80' lang='lat' dir='ltr'><strong>actibus</strong></span> <span class='ocrx_word' id='word_1_64' title='bbox 816 967 948 1017; x_wconf 83' lang='lat' dir='ltr'><strong>suis.</strong></span> <span class='ocrx_word' id='word_1_65' title='bbox 991 962 1317 1016; x_wconf 87' lang='lat' dir='ltr'><strong>Irascebatur</strong></span> <span class='ocrx_word' id='word_1_66' title='bbox 1338 971 1515 1015; x_wconf 85' lang='lat' dir='ltr'><strong>autem</strong></span> <span class='ocrx_word' id='word_1_67' title='bbox 1560 967 1745 1013; x_wconf 89' lang='lat' dir='ltr'><strong>contra</strong></span> <span class='ocrx_word' id='word_1_68' title='bbox 1775 967 2012 1011; x_wconf 83' lang='lat' dir='ltr'><strong>sanctum</strong></span> <span class='ocrx_word' id='word_1_69' title='bbox 2045 969 2136 1022; x_wconf 89' lang='lat' dir='ltr'><strong>pa-</strong></span> 
     </span>
    </p>
   </div>
   <div class='ocr_carea' id='block_1_11' title="bbox 584 1041 2139 1118">
    <p class='ocr_par' dir='ltr' id='par_1_11' title="bbox 584 1041 2139 1118">
     <span class='ocr_line' id='line_1_11' title="bbox 584 1041 2139 1118; baseline -0.006 -15"><span class='ocrx_word' id='word_1_70' title='bbox 584 1052 893 1115; x_wconf 84' lang='lat' dir='ltr'><strong>triarcham,</strong></span> <span class='ocrx_word' id='word_1_71' title='bbox 950 1062 1003 1103; x_wconf 91' lang='lat' dir='ltr'><strong>et</strong></span> <span class='ocrx_word' id='word_1_72' title='bbox 1054 1058 1306 1118; x_wconf 88' lang='lat' dir='ltr'><strong>quantum</strong></span> <span class='ocrx_word' id='word_1_73' title='bbox 1359 1048 1411 1101; x_wconf 91' lang='lat' dir='ltr'><strong>in</strong></span> <span class='ocrx_word' id='word_1_74' title='bbox 1470 1061 1528 1101; x_wconf 89' lang='lat' dir='ltr'><strong>se</strong></span> <span class='ocrx_word' id='word_1_75' title='bbox 1555 1055 1693 1111; x_wconf 84' lang='lat' dir='ltr'><strong>erat,</strong></span> <span class='ocrx_word' id='word_1_76' title='bbox 1740 1045 2041 1098; x_wconf 83' lang='lat' dir='ltr'><strong>minabatur</strong></span> <span class='ocrx_word' id='word_1_77' title='bbox 2087 1041 2139 1095; x_wconf 88' lang='lat' dir='ltr'><strong>ei</strong></span> 
     </span>
    </p>
   </div>
   <div class='ocr_carea' id='block_1_12' title="bbox 583 1125 2140 1200">
    <p class='ocr_par' dir='ltr' id='par_1_12' title="bbox 583 1125 2140 1200">
     <span class='ocr_line' id='line_1_12' title="bbox 583 1125 2140 1200; baseline -0.008 -9"><span class='ocrx_word' id='word_1_78' title='bbox 583 1151 797 1191; x_wconf 80' lang='lat' dir='ltr'><strong>nocere.</strong></span> <span class='ocrx_word' id='word_1_79' title='bbox 844 1136 1067 1200; x_wconf 86' lang='lat' dir='ltr'><strong>Quidam</strong></span> <span class='ocrx_word' id='word_1_80' title='bbox 1108 1151 1231 1187; x_wconf 85' lang='lat' dir='ltr'><strong>vero</strong></span> <span class='ocrx_word' id='word_1_81' title='bbox 1273 1134 1540 1194; x_wconf 84' lang='lat' dir='ltr'><strong>dicebant,</strong></span> <span class='ocrx_word' id='word_1_82' title='bbox 1588 1141 1641 1185; x_wconf 91' lang='lat' dir='ltr'><strong>et</strong></span> <span class='ocrx_word' id='word_1_83' title='bbox 1681 1132 1850 1194; x_wconf 83' lang='lat' dir='ltr'><strong>ipsum</strong></span> <span class='ocrx_word' id='word_1_84' title='bbox 1891 1143 2010 1181; x_wconf 86' lang='lat' dir='ltr'><strong>esse</strong></span> <span class='ocrx_word' id='word_1_85' title='bbox 2049 1125 2140 1193; x_wconf 87' lang='lat' dir='ltr'><strong>qui</strong></span> 
     </span>
    </p>
   </div>
   <div class='ocr_carea' id='block_1_13' title="bbox 585 1217 2138 1293">
    <p class='ocr_par' dir='ltr' id='par_1_13' title="bbox 585 1217 2138 1293">
     <span class='ocr_line' id='line_1_13' title="bbox 585 1217 2138 1293; baseline -0.006 -16"><span class='ocrx_word' id='word_1_86' title='bbox 585 1227 890 1293; x_wconf 76' lang='lat' dir='ltr'><strong>prodiderat</strong></span> <span class='ocrx_word' id='word_1_87' title='bbox 929 1225 1175 1291; x_wconf 82' lang='lat' dir='ltr'><strong>pecunias</strong></span> <span class='ocrx_word' id='word_1_88' title='bbox 1208 1224 1455 1276; x_wconf 76' lang='lat' dir='ltr'><strong>Ecalcsite</strong></span> <span class='ocrx_word' id='word_1_89' title='bbox 1483 1221 1548 1273; x_wconf 91' lang='lat' dir='ltr'><strong>ad</strong></span> <span class='ocrx_word' id='word_1_90' title='bbox 1589 1220 1861 1288; x_wconf 85' lang='lat' dir='ltr'><strong>patricium</strong></span> <span class='ocrx_word' id='word_1_91' title='bbox 1902 1217 2138 1272; x_wconf 84' lang='lat' dir='ltr'><strong>Nicetam</strong></span> 
     </span>
    </p>
   </div>
   <div class='ocr_carea' id='block_1_14' title="bbox 582 1309 2143 1385">
    <p class='ocr_par' dir='ltr' id='par_1_14' title="bbox 582 1309 2143 1385">
     <span class='ocr_line' id='line_1_14' title="bbox 582 1309 2143 1385; baseline -0.006 -15"><span class='ocrx_word' id='word_1_92' title='bbox 582 1320 768 1385; x_wconf 75' lang='grc' dir='ltr'><strong>(ευρ.⁹</strong></span> <span class='ocrx_word' id='word_1_93' title='bbox 800 1333 847 1368; x_wconf 88' lang='lat' dir='ltr'><strong>c.</strong></span> <span class='ocrx_word' id='word_1_94' title='bbox 881 1315 990 1383; x_wconf 78' lang='lat' dir='ltr'><strong>il),</strong></span> <span class='ocrx_word' id='word_1_95' title='bbox 1026 1330 1156 1383; x_wconf 83' lang='lat' dir='ltr'><strong>quas</strong></span> <span class='ocrx_word' id='word_1_96' title='bbox 1184 1325 1236 1366; x_wconf 91' lang='lat' dir='ltr'><strong>et</strong></span> <span class='ocrx_word' id='word_1_97' title='bbox 1278 1315 1450 1382; x_wconf 85' lang='lat' dir='ltr'><strong>rapuit</strong></span> <span class='ocrx_word' id='word_1_98' title='bbox 1478 1329 1659 1376; x_wconf 86' lang='lat' dir='ltr'><strong>manu,</strong></span> <span class='ocrx_word' id='word_1_99' title='bbox 1690 1324 1747 1366; x_wconf 88' lang='lat' dir='ltr'><strong>ut</strong></span> <span class='ocrx_word' id='word_1_100' title='bbox 1774 1309 2143 1380; x_wconf 70' lang='lat' dir='ltr'><strong>prmscriptum</strong></span> 
     </span>
    </p>
   </div>
   <div class='ocr_carea' id='block_1_15' title="bbox 582 1402 2144 1473">
    <p class='ocr_par' dir='ltr' id='par_1_15' title="bbox 582 1402 2144 1473">
     <span class='ocr_line' id='line_1_15' title="bbox 582 1402 2144 1473; baseline -0.004 -12"><span class='ocrx_word' id='word_1_101' title='bbox 582 1417 686 1462; x_wconf 84' lang='lat' dir='ltr'><strong>est.</strong></span> <span class='ocrx_word' id='word_1_102' title='bbox 709 1407 1015 1461; x_wconf 77' lang='lat' dir='ltr'><strong>Nuntiatum</strong></span> <span class='ocrx_word' id='word_1_103' title='bbox 1041 1415 1121 1459; x_wconf 89' lang='lat' dir='ltr'><strong>est</strong></span> <span class='ocrx_word' id='word_1_104' title='bbox 1147 1406 1304 1473; x_wconf 76' lang='lat' dir='ltr'><strong>igitur</strong></span> <span class='ocrx_word' id='word_1_105' title='bbox 1326 1405 1467 1473; x_wconf 83' lang='lat' dir='ltr'><strong>quod</strong></span> <span class='ocrx_word' id='word_1_106' title='bbox 1492 1405 1579 1457; x_wconf 88' lang='lat' dir='ltr'><strong>ille</strong></span> <span class='ocrx_word' id='word_1_107' title='bbox 1609 1403 1729 1457; x_wconf 82' lang='lat' dir='ltr'><strong>ntali</strong></span> <span class='ocrx_word' id='word_1_108' title='bbox 1760 1417 1966 1463; x_wconf 87' lang='lat' dir='ltr'><strong>memor</strong></span> <span class='ocrx_word' id='word_1_109' title='bbox 1989 1402 2144 1455; x_wconf 82' lang='lat' dir='ltr'><strong>ntali-</strong></span> 
     </span>
    </p>
   </div>
   <div class='ocr_carea' id='block_1_16' title="bbox 586 1491 2147 1560">
    <p class='ocr_par' dir='ltr' id='par_1_16' title="bbox 586 1491 2147 1560">
     <span class='ocr_line' id='line_1_16' title="bbox 586 1491 2147 1560; baseline -0.005 -10"><span class='ocrx_word' id='word_1_110' title='bbox 586 1497 708 1550; x_wconf 86' lang='lat' dir='ltr'><strong>tiam</strong></span> <span class='ocrx_word' id='word_1_111' title='bbox 755 1505 1071 1559; x_wconf 75' lang='lat' dir='ltr'><strong>reservaret,</strong></span> <span class='ocrx_word' id='word_1_112' title='bbox 1100 1503 1155 1547; x_wconf 92' lang='lat' dir='ltr'><strong>et</strong></span> <span class='ocrx_word' id='word_1_113' title='bbox 1202 1510 1307 1546; x_wconf 86' lang='lat' dir='ltr'><strong>non</strong></span> <span class='ocrx_word' id='word_1_114' title='bbox 1347 1502 1548 1547; x_wconf 86' lang='lat' dir='ltr'><strong>rectam</strong></span> <span class='ocrx_word' id='word_1_115' title='bbox 1579 1507 1703 1560; x_wconf 79' lang='lat' dir='ltr'><strong>erga</strong></span> <span class='ocrx_word' id='word_1_116' title='bbox 1744 1493 1956 1546; x_wconf 90' lang='lat' dir='ltr'><strong>beatum</strong></span> <span class='ocrx_word' id='word_1_117' title='bbox 2002 1491 2147 1543; x_wconf 89' lang='lat' dir='ltr'><strong>hunc</strong></span> 
     </span>
    </p>
   </div>
   <div class='ocr_carea' id='block_1_17' title="bbox 584 1582 2140 1648">
    <p class='ocr_par' dir='ltr' id='par_1_17' title="bbox 584 1582 2140 1648">
     <span class='ocr_line' id='line_1_17' title="bbox 584 1582 2140 1648; baseline -0.004 -10"><span class='ocrx_word' id='word_1_118' title='bbox 584 1590 905 1639; x_wconf 83' lang='lat' dir='ltr'><strong>voluntatem</strong></span> <span class='ocrx_word' id='word_1_119' title='bbox 939 1583 1178 1636; x_wconf 87' lang='lat' dir='ltr'><strong>haberet.</strong></span> <span class='ocrx_word' id='word_1_120' title='bbox 1208 1582 1304 1635; x_wconf 83' lang='lat' dir='ltr'><strong>ille</strong></span> <span class='ocrx_word' id='word_1_121' title='bbox 1328 1593 1510 1636; x_wconf 87' lang='lat' dir='ltr'><strong>autem</strong></span> <span class='ocrx_word' id='word_1_122' title='bbox 1540 1597 1663 1635; x_wconf 86' lang='lat' dir='ltr'><strong>vere</strong></span> <span class='ocrx_word' id='word_1_123' title='bbox 1691 1592 1887 1648; x_wconf 87' lang='lat' dir='ltr'><strong>pastor,</strong></span> <span class='ocrx_word' id='word_1_124' title='bbox 1934 1594 2140 1633; x_wconf 87' lang='lat' dir='ltr'><strong>memor</strong></span> 
     </span>
    </p>
   </div>
   <div class='ocr_carea' id='block_1_18' title="bbox 2228 415 3581 483">
    <p class='ocr_par' dir='ltr' id='par_1_18' title="bbox 2228 415 3581 483">
     <span class='ocr_line' id='line_1_18' title="bbox 2228 415 3581 483; baseline 0.004 -16"><span class='ocrx_word' id='word_1_125' title='bbox 2228 415 2342 483; x_wconf 65' lang='grc'><strong>(47)</strong></span> <span class='ocrx_word' id='word_1_126' title='bbox 2371 417 2620 469; x_wconf 85' lang='lat' dir='ltr'><strong>dixerunt</strong></span> <span class='ocrx_word' id='word_1_127' title='bbox 2644 432 2656 467; x_wconf 90' lang='lat'><strong>:</strong></span> <span class='ocrx_word' id='word_1_128' title='bbox 2685 416 3010 483; x_wconf 71' lang='lat' dir='ltr'><strong>Angelerum</strong></span> <span class='ocrx_word' id='word_1_129' title='bbox 3049 415 3252 482; x_wconf 82' lang='lat' dir='ltr'><strong>quidem</strong></span> <span class='ocrx_word' id='word_1_130' title='bbox 3270 426 3341 470; x_wconf 81' lang='lat' dir='ltr'><strong>est</strong></span> <span class='ocrx_word' id='word_1_131' title='bbox 3365 421 3581 477; x_wconf 62' lang='lat' dir='ltr'><strong>uallataml</strong></span> 
     </span>
    </p>
   </div>
   <div class='ocr_carea' id='block_1_19' title="bbox 2229 504 3563 574">
    <p class='ocr_par' dir='ltr' id='par_1_19' title="bbox 2229 504 3563 574">
     <span class='ocr_line' id='line_1_19' title="bbox 2229 504 3563 574; baseline 0.004 -17"><span class='ocrx_word' id='word_1_132' title='bbox 2229 509 2414 571; x_wconf 80' lang='lat' dir='ltr'><strong>tigare.</strong></span> <span class='ocrx_word' id='word_1_133' title='bbox 2444 506 2537 558; x_wconf 86' lang='lat' dir='ltr'><strong>sed</strong></span> <span class='ocrx_word' id='word_1_134' title='bbox 2564 506 2613 557; x_wconf 90' lang='lat' dir='ltr'><strong>in</strong></span> <span class='ocrx_word' id='word_1_135' title='bbox 2640 504 2946 557; x_wconf 81' lang='lat' dir='ltr'><strong>omnimoda</strong></span> <span class='ocrx_word' id='word_1_136' title='bbox 2966 514 3021 556; x_wconf 89' lang='lat' dir='ltr'><strong>et</strong></span> <span class='ocrx_word' id='word_1_137' title='bbox 3046 515 3282 571; x_wconf 79' lang='lat' dir='ltr'><strong>perpetua</strong></span> <span class='ocrx_word' id='word_1_138' title='bbox 3301 514 3563 574; x_wconf 60' lang='lat' dir='ltr'><strong>pactam</strong></span> 
     </span>
    </p>
   </div>
   <div class='ocr_carea' id='block_1_20' title="bbox 2231 593 3563 661">
    <p class='ocr_par' dir='ltr' id='par_1_20' title="bbox 2231 593 3563 661">
     <span class='ocr_line' id='line_1_20' title="bbox 2231 593 3563 661; baseline 0.004 -16"><span class='ocrx_word' id='word_1_139' title='bbox 2231 594 2504 646; x_wconf 79' lang='lat' dir='ltr'><strong>hominum</strong></span> <span class='ocrx_word' id='word_1_140' title='bbox 2537 608 2671 648; x_wconf 88' lang='lat' dir='ltr'><strong>vero</strong></span> <span class='ocrx_word' id='word_1_141' title='bbox 2695 602 2779 648; x_wconf 85' lang='lat' dir='ltr'><strong>est</strong></span> <span class='ocrx_word' id='word_1_142' title='bbox 2823 593 3079 646; x_wconf 82' lang='lat' dir='ltr'><strong>altercari</strong></span> <span class='ocrx_word' id='word_1_143' title='bbox 3102 593 3316 661; x_wconf 83' lang='lat' dir='ltr'><strong>quidem,</strong></span> <span class='ocrx_word' id='word_1_144' title='bbox 3341 597 3411 649; x_wconf 81' lang='lat' dir='ltr'><strong>sed</strong></span> <span class='ocrx_word' id='word_1_145' title='bbox 3441 611 3563 653; x_wconf 61' lang='lat' dir='ltr'><strong>una.</strong></span> 
     </span>
    </p>
   </div>
   <div class='ocr_carea' id='block_1_21' title="bbox 2228 683 3565 752">
    <p class='ocr_par' dir='ltr' id='par_1_21' title="bbox 2228 683 3565 752">
     <span class='ocr_line' id='line_1_21' title="bbox 2228 683 3565 752; baseline 0.005 -16"><span class='ocrx_word' id='word_1_146' title='bbox 2228 683 2545 748; x_wconf 86' lang='lat' dir='ltr'><strong>conciliari;</strong></span> <span class='ocrx_word' id='word_1_147' title='bbox 2595 683 2895 737; x_wconf 64' lang='lat' dir='ltr'><strong>damonum</strong></span> <span class='ocrx_word' id='word_1_148' title='bbox 2946 693 3127 737; x_wconf 73' lang='lat' dir='ltr'><strong>autem</strong></span> <span class='ocrx_word' id='word_1_149' title='bbox 3163 696 3233 736; x_wconf 73' lang='lat' dir='ltr'><strong>est</strong></span> <span class='ocrx_word' id='word_1_150' title='bbox 3263 685 3438 752; x_wconf 69' lang='lat' dir='ltr'><strong>litigare,</strong></span> <span class='ocrx_word' id='word_1_151' title='bbox 3459 702 3489 741; x_wconf 79' lang='lat' dir='ltr'><strong>tt</strong></span> <span class='ocrx_word' id='word_1_152' title='bbox 3511 704 3565 743; x_wconf 62' lang='lat' dir='ltr'><strong>te:</strong></span> 
     </span>
    </p>
   </div>
   <div class='ocr_carea' id='block_1_22' title="bbox 2230 771 3563 845">
    <p class='ocr_par' dir='ltr' id='par_1_22' title="bbox 2230 771 3563 845">
     <span class='ocr_line' id='line_1_22' title="bbox 2230 771 3563 845; baseline 0.008 -23"><span class='ocrx_word' id='word_1_153' title='bbox 2230 771 2369 823; x_wconf 74' lang='lat' dir='ltr'><strong>dicm</strong></span> <span class='ocrx_word' id='word_1_154' title='bbox 2401 772 2628 826; x_wconf 85' lang='lat' dir='ltr'><strong>transire</strong></span> <span class='ocrx_word' id='word_1_155' title='bbox 2655 772 3113 826; x_wconf 86' lang='lat' dir='ltr'><strong>iurecouciliatos.</strong></span> <span class='ocrx_word' id='word_1_156' title='bbox 3146 772 3251 827; x_wconf 85' lang='lat' dir='ltr'><strong>Hoc</strong></span> <span class='ocrx_word' id='word_1_157' title='bbox 3276 787 3563 845; x_wconf 58' lang='lat' dir='ltr'><strong>[meum</strong></span> 
     </span>
    </p>
   </div>
   <div class='ocr_carea' id='block_1_23' title="bbox 2228 862 3561 932">
    <p class='ocr_par' dir='ltr' id='par_1_23' title="bbox 2228 862 3561 932">
     <span class='ocr_line' id='line_1_23' title="bbox 2228 862 3561 932; baseline 0.005 -16"><span class='ocrx_word' id='word_1_158' title='bbox 2228 877 2432 926; x_wconf 84' lang='lat' dir='ltr'><strong>sumus,</strong></span> <span class='ocrx_word' id='word_1_159' title='bbox 2462 876 2728 918; x_wconf 80' lang='lat' dir='ltr'><strong>amatores</strong></span> <span class='ocrx_word' id='word_1_160' title='bbox 2754 862 2978 928; x_wconf 78' lang='lat' dir='ltr'><strong>Christi,</strong></span> <span class='ocrx_word' id='word_1_161' title='bbox 3009 876 3220 932; x_wconf 86' lang='lat' dir='ltr'><strong>propter</strong></span> <span class='ocrx_word' id='word_1_162' title='bbox 3255 880 3561 932; x_wconf 62' lang='lat' dir='ltr'><strong>prasente-in</strong></span> 
     </span>
    </p>
   </div>
   <div class='ocr_carea' id='block_1_24' title="bbox 2240 953 3563 1023">
    <p class='ocr_par' dir='ltr' id='par_1_24' title="bbox 2240 953 3563 1023">
     <span class='ocr_line' id='line_1_24' title="bbox 2240 953 3563 1023; baseline 0.007 -18"><span class='ocrx_word' id='word_1_163' title='bbox 2240 953 2461 1007; x_wconf 78' lang='lat' dir='ltr'><strong>tionem.</strong></span> <span class='ocrx_word' id='word_1_164' title='bbox 2514 953 2719 1006; x_wconf 78' lang='lat' dir='ltr'><strong>Placuit</strong></span> <span class='ocrx_word' id='word_1_165' title='bbox 2767 954 2887 1008; x_wconf 79' lang='lat' dir='ltr'><strong>huic</strong></span> <span class='ocrx_word' id='word_1_166' title='bbox 2928 954 3213 1023; x_wconf 77' lang='lat' dir='ltr'><strong>aliquando</strong></span> <span class='ocrx_word' id='word_1_167' title='bbox 3265 957 3419 1021; x_wconf 73' lang='lat' dir='ltr'><strong>nobiii,</strong></span> <span class='ocrx_word' id='word_1_168' title='bbox 3449 976 3563 1015; x_wconf 71' lang='lat' dir='ltr'><strong>me:</strong></span> 
     </span>
    </p>
   </div>
   <div class='ocr_carea' id='block_1_25' title="bbox 2232 1042 3566 1116">
    <p class='ocr_par' dir='ltr' id='par_1_25' title="bbox 2232 1042 3566 1116">
     <span class='ocr_line' id='line_1_25' title="bbox 2232 1042 3566 1116; baseline 0.005 -22"><span class='ocrx_word' id='word_1_169' title='bbox 2232 1050 2648 1096; x_wconf 84' lang='lat' dir='ltr'><strong>commemorato</strong></span> <span class='ocrx_word' id='word_1_170' title='bbox 2672 1042 2854 1097; x_wconf 79' lang='lat' dir='ltr'><strong>Nieeta</strong></span> <span class='ocrx_word' id='word_1_171' title='bbox 2883 1045 3131 1110; x_wconf 79' lang='lat' dir='ltr'><strong>patricio.</strong></span> <span class='ocrx_word' id='word_1_172' title='bbox 3168 1046 3231 1099; x_wconf 87' lang='lat' dir='ltr'><strong>de</strong></span> <span class='ocrx_word' id='word_1_173' title='bbox 3246 1049 3425 1113; x_wconf 76' lang='lat' dir='ltr'><strong>quadam</strong></span> <span class='ocrx_word' id='word_1_174' title='bbox 3442 1053 3566 1116; x_wconf 64' lang='lat' dir='ltr'><strong>plain</strong></span> 
     </span>
    </p>
   </div>
   <div class='ocr_carea' id='block_1_26' title="bbox 2236 1135 3561 1205">
    <p class='ocr_par' dir='ltr' id='par_1_26' title="bbox 2236 1135 3561 1205">
     <span class='ocr_line' id='line_1_26' title="bbox 2236 1135 3561 1205; baseline 0.005 -18"><span class='ocrx_word' id='word_1_175' title='bbox 2236 1136 2503 1189; x_wconf 85' lang='lat' dir='ltr'><strong>altercari.</strong></span> <span class='ocrx_word' id='word_1_176' title='bbox 2549 1135 2735 1189; x_wconf 79' lang='lat' dir='ltr'><strong>Modus</strong></span> <span class='ocrx_word' id='word_1_177' title='bbox 2775 1146 2957 1188; x_wconf 86' lang='lat' dir='ltr'><strong>autem</strong></span> <span class='ocrx_word' id='word_1_178' title='bbox 3000 1136 3150 1205; x_wconf 72' lang='lat' dir='ltr'><strong>litigii</strong></span> <span class='ocrx_word' id='word_1_179' title='bbox 3193 1146 3294 1190; x_wconf 85' lang='lat' dir='ltr'><strong>erat</strong></span> <span class='ocrx_word' id='word_1_180' title='bbox 3332 1138 3441 1203; x_wconf 76' lang='lat' dir='ltr'><strong>talis;</strong></span> <span class='ocrx_word' id='word_1_181' title='bbox 3471 1157 3561 1193; x_wconf 58' lang='lat' dir='ltr'><strong>nam</strong></span> 
     </span>
    </p>
   </div>
   <div class='ocr_carea' id='block_1_27' title="bbox 2237 1226 3552 1290">
    <p class='ocr_par' dir='ltr' id='par_1_27' title="bbox 2237 1226 3552 1290">
     <span class='ocr_line' id='line_1_27' title="bbox 2237 1226 3552 1290; baseline 0.002 -11"><span class='ocrx_word' id='word_1_182' title='bbox 2237 1228 2377 1279; x_wconf 88' lang='lat' dir='ltr'><strong>rium</strong></span> <span class='ocrx_word' id='word_1_183' title='bbox 2415 1235 2500 1279; x_wconf 83' lang='lat' dir='ltr'><strong>cst</strong></span> <span class='ocrx_word' id='word_1_184' title='bbox 2526 1226 2668 1279; x_wconf 87' lang='lat' dir='ltr'><strong>enim</strong></span> <span class='ocrx_word' id='word_1_185' title='bbox 2698 1226 2901 1290; x_wconf 79' lang='lat' dir='ltr'><strong>dicere,</strong></span> <span class='ocrx_word' id='word_1_186' title='bbox 2951 1238 3075 1280; x_wconf 89' lang='lat' dir='ltr'><strong>cum</strong></span> <span class='ocrx_word' id='word_1_187' title='bbox 3104 1227 3169 1279; x_wconf 85' lang='lat' dir='ltr'><strong>sit</strong></span> <span class='ocrx_word' id='word_1_188' title='bbox 3194 1227 3359 1280; x_wconf 67' lang='lat' dir='ltr'><strong>auitae</strong></span> <span class='ocrx_word' id='word_1_189' title='bbox 3379 1231 3552 1281; x_wconf 70' lang='lat' dir='ltr'><strong>utilisth</strong></span> 
     </span>
    </p>
   </div>
   <div class='ocr_carea' id='block_1_28' title="bbox 2237 1317 3561 1388">
    <p class='ocr_par' dir='ltr' id='par_1_28' title="bbox 2237 1317 3561 1388">
     <span class='ocr_line' id='line_1_28' title="bbox 2237 1317 3561 1388; baseline 0.001 -16"><span class='ocrx_word' id='word_1_190' title='bbox 2237 1320 2352 1372; x_wconf 88' lang='lat' dir='ltr'><strong>eius</strong></span> <span class='ocrx_word' id='word_1_191' title='bbox 2378 1318 2593 1387; x_wconf 85' lang='lat' dir='ltr'><strong>quidem</strong></span> <span class='ocrx_word' id='word_1_192' title='bbox 2622 1318 2913 1384; x_wconf 81' lang='lat' dir='ltr'><strong>disponere</strong></span> <span class='ocrx_word' id='word_1_193' title='bbox 2960 1318 3172 1371; x_wconf 73' lang='lat' dir='ltr'><strong>volebat</strong></span> <span class='ocrx_word' id='word_1_194' title='bbox 3197 1317 3342 1372; x_wconf 78' lang='lat' dir='ltr'><strong>forum</strong></span> <span class='ocrx_word' id='word_1_195' title='bbox 3373 1324 3561 1388; x_wconf 67' lang='grc' dir='ltr'><strong>μομσὲιε</strong></span> 
     </span>
    </p>
   </div>
   <div class='ocr_carea' id='block_1_29' title="bbox 2239 1407 3559 1476">
    <p class='ocr_par' dir='ltr' id='par_1_29' title="bbox 2239 1407 3559 1476">
     <span class='ocr_line' id='line_1_29' title="bbox 2239 1407 3559 1476; baseline 0.002 -17"><span class='ocrx_word' id='word_1_196' title='bbox 2239 1409 2484 1476; x_wconf 87' lang='lat' dir='ltr'><strong>publica;</strong></span> <span class='ocrx_word' id='word_1_197' title='bbox 2521 1408 2818 1475; x_wconf 75' lang='lat' dir='ltr'><strong>patriarcha</strong></span> <span class='ocrx_word' id='word_1_198' title='bbox 2845 1418 3034 1461; x_wconf 80' lang='lat' dir='ltr'><strong>autem</strong></span> <span class='ocrx_word' id='word_1_199' title='bbox 3058 1407 3110 1460; x_wconf 96' lang='lat' dir='ltr'><strong>id</strong></span> <span class='ocrx_word' id='word_1_200' title='bbox 3131 1423 3227 1460; x_wconf 86' lang='lat' dir='ltr'><strong>non</strong></span> <span class='ocrx_word' id='word_1_201' title='bbox 3252 1411 3559 1474; x_wconf 56' lang='lat' dir='ltr'><strong>patient-rma;</strong></span> 
     </span>
    </p>
   </div>
   <div class='ocr_carea' id='block_1_30' title="bbox 2240 1498 3567 1566">
    <p class='ocr_par' dir='ltr' id='par_1_30' title="bbox 2240 1498 3567 1566">
     <span class='ocr_line' id='line_1_30' title="bbox 2240 1498 3567 1566; baseline 0.002 -16"><span class='ocrx_word' id='word_1_202' title='bbox 2240 1513 2357 1551; x_wconf 88' lang='lat' dir='ltr'><strong>rum</strong></span> <span class='ocrx_word' id='word_1_203' title='bbox 2388 1499 2444 1551; x_wconf 90' lang='lat' dir='ltr'><strong>in</strong></span> <span class='ocrx_word' id='word_1_204' title='bbox 2487 1499 2586 1551; x_wconf 85' lang='lat' dir='ltr'><strong>hoc</strong></span> <span class='ocrx_word' id='word_1_205' title='bbox 2613 1508 2904 1565; x_wconf 78' lang='lat' dir='ltr'><strong>procurans</strong></span> <span class='ocrx_word' id='word_1_206' title='bbox 2946 1498 3194 1551; x_wconf 79' lang='lat' dir='ltr'><strong>salutem.</strong></span> <span class='ocrx_word' id='word_1_207' title='bbox 3219 1498 3395 1551; x_wconf 72' lang='lat' dir='ltr'><strong>Italiam</strong></span> <span class='ocrx_word' id='word_1_208' title='bbox 3409 1512 3567 1566; x_wconf 67' lang='lat' dir='ltr'><strong>ergatam</strong></span> 
     </span>
    </p>
   </div>
   <div class='ocr_carea' id='block_1_31' title="bbox 2241 1584 3567 1655">
    <p class='ocr_par' dir='ltr' id='par_1_31' title="bbox 2241 1584 3567 1655">
     <span class='ocr_line' id='line_1_31' title="bbox 2241 1584 3567 1655; baseline 0.001 -18"><span class='ocrx_word' id='word_1_209' title='bbox 2241 1599 2301 1638; x_wconf 90' lang='lat' dir='ltr'><strong>se</strong></span> <span class='ocrx_word' id='word_1_210' title='bbox 2327 1597 2534 1639; x_wconf 84' lang='lat' dir='ltr'><strong>secreto</strong></span> <span class='ocrx_word' id='word_1_211' title='bbox 2571 1586 2965 1639; x_wconf 83' lang='lat' dir='ltr'><strong>contendentes</strong></span> <span class='ocrx_word' id='word_1_212' title='bbox 2987 1584 3129 1655; x_wconf 67' lang='lat'><strong>(48),</strong></span> <span class='ocrx_word' id='word_1_213' title='bbox 3158 1596 3208 1639; x_wconf 84' lang='lat' dir='ltr'><strong>ct</strong></span> <span class='ocrx_word' id='word_1_214' title='bbox 3240 1585 3567 1639; x_wconf 70' lang='lat' dir='ltr'><strong>inﬂexibilem</strong></span> 
     </span>
    </p>
   </div>
   <div class='ocr_carea' id='block_1_32' title="bbox 585 1668 3563 1741">
    <p class='ocr_par' dir='ltr' id='par_1_32' title="bbox 585 1668 3563 1741">
     <span class='ocr_line' id='line_1_32' title="bbox 585 1668 3563 1741; baseline -0 -13"><span class='ocrx_word' id='word_1_215' title='bbox 585 1672 711 1729; x_wconf 84' lang='lat' dir='ltr'><strong>dicti</strong></span> <span class='ocrx_word' id='word_1_216' title='bbox 775 1675 916 1729; x_wconf 89' lang='lat' dir='ltr'><strong>illius</strong></span> <span class='ocrx_word' id='word_1_217' title='bbox 943 1691 956 1727; x_wconf 89' lang='lat'><strong>:</strong></span> <span class='ocrx_word' id='word_1_218' title='bbox 983 1675 1111 1738; x_wconf 85' lang='lat' dir='ltr'><strong>Quis</strong></span> <span class='ocrx_word' id='word_1_219' title='bbox 1150 1674 1470 1737; x_wconf 88' lang='lat' dir='ltr'><strong>inlirmatur,</strong></span> <span class='ocrx_word' id='word_1_220' title='bbox 1517 1684 1572 1726; x_wconf 88' lang='lat' dir='ltr'><strong>et</strong></span> <span class='ocrx_word' id='word_1_221' title='bbox 1619 1688 1717 1741; x_wconf 76' lang='lat' dir='ltr'><strong>ego</strong></span> <span class='ocrx_word' id='word_1_222' title='bbox 1758 1688 1863 1725; x_wconf 93' lang='lat' dir='ltr'><strong>non</strong></span> <span class='ocrx_word' id='word_1_223' title='bbox 1903 1672 2142 1725; x_wconf 76' lang='lat' dir='ltr'><strong>inﬁt-mor</strong></span> <span class='ocrx_word' id='word_1_224' title='bbox 2173 1668 2217 1728; x_wconf 79' lang='grc' dir='ltr'><strong>Β</strong></span> <span class='ocrx_word' id='word_1_225' title='bbox 2246 1682 2343 1738; x_wconf 87' lang='lat' dir='ltr'><strong>tes,</strong></span> <span class='ocrx_word' id='word_1_226' title='bbox 2379 1683 2717 1727; x_wconf 82' lang='lat' dir='ltr'><strong>recesserunt</strong></span> <span class='ocrx_word' id='word_1_227' title='bbox 2754 1675 2916 1727; x_wconf 82' lang='lat' dir='ltr'><strong>ambo</strong></span> <span class='ocrx_word' id='word_1_228' title='bbox 2945 1676 3017 1726; x_wconf 87' lang='lat' dir='ltr'><strong>ab</strong></span> <span class='ocrx_word' id='word_1_229' title='bbox 3042 1674 3563 1727; x_wconf 71' lang='lat' dir='ltr'><strong>invicemiratietimun</strong></span> 
     </span>
    </p>
   </div>
   <div class='ocr_carea' id='block_1_33' title="bbox 585 1764 2136 1840">
    <p class='ocr_par' dir='ltr' id='par_1_33' title="bbox 585 1764 2136 1840">
     <span class='ocr_line' id='line_1_33' title="bbox 585 1764 2136 1840; baseline -0.005 -19"><span class='ocrx_word' id='word_1_230' title='bbox 585 1767 672 1840; x_wconf 84' lang='lat' dir='ltr'><strong>(Il</strong></span> <span class='ocrx_word' id='word_1_231' title='bbox 705 1769 823 1821; x_wconf 80' lang='lat' dir='ltr'><strong>Cor.</strong></span> <span class='ocrx_word' id='word_1_232' title='bbox 860 1769 975 1835; x_wconf 84' lang='lat' dir='ltr'><strong>xi)?</strong></span> <span class='ocrx_word' id='word_1_233' title='bbox 1021 1774 1077 1821; x_wconf 90' lang='lat' dir='ltr'><strong>et</strong></span> <span class='ocrx_word' id='word_1_234' title='bbox 1125 1767 1355 1819; x_wconf 87' lang='lat' dir='ltr'><strong>iterum:</strong></span> <span class='ocrx_word' id='word_1_235' title='bbox 1385 1765 1488 1819; x_wconf 78' lang='lat' dir='ltr'><strong>Vos</strong></span> <span class='ocrx_word' id='word_1_236' title='bbox 1544 1765 1630 1832; x_wconf 89' lang='lat' dir='ltr'><strong>qui</strong></span> <span class='ocrx_word' id='word_1_237' title='bbox 1678 1774 1919 1832; x_wconf 85' lang='lat' dir='ltr'><strong>pctentes</strong></span> <span class='ocrx_word' id='word_1_238' title='bbox 1968 1764 2136 1827; x_wconf 82' lang='lat' dir='ltr'><strong>esﬁs,</strong></span> 
     </span>
    </p>
   </div>
   <div class='ocr_carea' id='block_1_34' title="bbox 582 1859 2140 1931">
    <p class='ocr_par' dir='ltr' id='par_1_34' title="bbox 582 1859 2140 1931">
     <span class='ocr_line' id='line_1_34' title="bbox 582 1859 2140 1931; baseline -0.001 -14"><span class='ocrx_word' id='word_1_239' title='bbox 582 1864 789 1917; x_wconf 80' lang='lat' dir='ltr'><strong>debetis</strong></span> <span class='ocrx_word' id='word_1_240' title='bbox 835 1864 1172 1915; x_wconf 81' lang='lat' dir='ltr'><strong>inﬁrmitates</strong></span> <span class='ocrx_word' id='word_1_241' title='bbox 1214 1861 1585 1929; x_wconf 88' lang='lat' dir='ltr'><strong>impotentium</strong></span> <span class='ocrx_word' id='word_1_242' title='bbox 1634 1871 1847 1928; x_wconf 78' lang='lat' dir='ltr'><strong>portare</strong></span> <span class='ocrx_word' id='word_1_243' title='bbox 1876 1859 2020 1931; x_wconf 79' lang='lat' dir='ltr'><strong>(Gal.</strong></span> <span class='ocrx_word' id='word_1_244' title='bbox 2053 1874 2140 1924; x_wconf 88' lang='lat' dir='ltr'><strong>vt;</strong></span> 
     </span>
    </p>
   </div>
   <div class='ocr_carea' id='block_1_35' title="bbox 584 1949 2143 2021">
    <p class='ocr_par' dir='ltr' id='par_1_35' title="bbox 584 1949 2143 2021">
     <span class='ocr_line' id='line_1_35' title="bbox 584 1949 2143 2021; baseline -0.003 -15"><span class='ocrx_word' id='word_1_245' title='bbox 584 1954 738 2006; x_wconf 75' lang='lat' dir='ltr'><strong>Boni.</strong></span> <span class='ocrx_word' id='word_1_246' title='bbox 770 1955 880 2021; x_wconf 85' lang='lat' dir='ltr'><strong>xv),</strong></span> <span class='ocrx_word' id='word_1_247' title='bbox 913 1953 1080 2006; x_wconf 87' lang='lat' dir='ltr'><strong>voluit</strong></span> <span class='ocrx_word' id='word_1_248' title='bbox 1110 1951 1253 2005; x_wconf 90' lang='lat' dir='ltr'><strong>hunc</strong></span> <span class='ocrx_word' id='word_1_249' title='bbox 1269 1952 1554 2013; x_wconf 86' lang='lat' dir='ltr'><strong>aceersire,</strong></span> <span class='ocrx_word' id='word_1_250' title='bbox 1585 1961 1640 2004; x_wconf 89' lang='lat' dir='ltr'><strong>et</strong></span> <span class='ocrx_word' id='word_1_251' title='bbox 1678 1951 1930 2005; x_wconf 80' lang='lat' dir='ltr'><strong>decenter</strong></span> <span class='ocrx_word' id='word_1_252' title='bbox 1955 1949 2143 2003; x_wconf 80' lang='lat' dir='ltr'><strong>adiuu-</strong></span> 
     </span>
    </p>
   </div>
   <div class='ocr_carea' id='block_1_36' title="bbox 584 2039 2151 2103">
    <p class='ocr_par' dir='ltr' id='par_1_36' title="bbox 584 2039 2151 2103">
     <span class='ocr_line' id='line_1_36' title="bbox 584 2039 2151 2103; baseline -0.002 -8"><span class='ocrx_word' id='word_1_253' title='bbox 584 2056 733 2103; x_wconf 88' lang='lat' dir='ltr'><strong>nere,</strong></span> <span class='ocrx_word' id='word_1_254' title='bbox 763 2052 819 2095; x_wconf 86' lang='lat' dir='ltr'><strong>et</strong></span> <span class='ocrx_word' id='word_1_255' title='bbox 841 2043 1051 2096; x_wconf 89' lang='lat' dir='ltr'><strong>solvere</strong></span> <span class='ocrx_word' id='word_1_256' title='bbox 1078 2056 1196 2095; x_wconf 92' lang='lat' dir='ltr'><strong>eum</strong></span> <span class='ocrx_word' id='word_1_257' title='bbox 1224 2041 1291 2092; x_wconf 88' lang='lat' dir='ltr'><strong>ab</strong></span> <span class='ocrx_word' id='word_1_258' title='bbox 1329 2039 1906 2103; x_wconf 87' lang='lat' dir='ltr'><strong>excommunicatione;</strong></span> <span class='ocrx_word' id='word_1_259' title='bbox 1940 2040 2151 2092; x_wconf 78' lang='lat' dir='ltr'><strong>videbat</strong></span> 
     </span>
    </p>
   </div>
   <div class='ocr_carea' id='block_1_37' title="bbox 585 2128 2149 2196">
    <p class='ocr_par' dir='ltr' id='par_1_37' title="bbox 585 2128 2149 2196">
     <span class='ocr_line' id='line_1_37' title="bbox 585 2128 2149 2196; baseline -0.004 -10"><span class='ocrx_word' id='word_1_260' title='bbox 585 2133 727 2186; x_wconf 85' lang='lat' dir='ltr'><strong>enim</strong></span> <span class='ocrx_word' id='word_1_261' title='bbox 759 2129 940 2196; x_wconf 80' lang='lat' dir='ltr'><strong>lupum</strong></span> <span class='ocrx_word' id='word_1_262' title='bbox 970 2138 1249 2183; x_wconf 79' lang='lat' dir='ltr'><strong>conantem</strong></span> <span class='ocrx_word' id='word_1_263' title='bbox 1295 2144 1484 2196; x_wconf 87' lang='lat' dir='ltr'><strong>rapere</strong></span> <span class='ocrx_word' id='word_1_264' title='bbox 1522 2143 1698 2183; x_wconf 88' lang='lat' dir='ltr'><strong>ovem.</strong></span> <span class='ocrx_word' id='word_1_265' title='bbox 1743 2128 2149 2194; x_wconf 79' lang='lat' dir='ltr'><strong>Dispensatiune</strong></span> 
     </span>
    </p>
   </div>
   <div class='ocr_carea' id='block_1_38' title="bbox 586 2216 2148 2282">
    <p class='ocr_par' dir='ltr' id='par_1_38' title="bbox 586 2216 2148 2282">
     <span class='ocr_line' id='line_1_38' title="bbox 586 2216 2148 2282; baseline -0.004 -9"><span class='ocrx_word' id='word_1_266' title='bbox 586 2233 715 2273; x_wconf 81' lang='lat' dir='ltr'><strong>vero</strong></span> <span class='ocrx_word' id='word_1_267' title='bbox 746 2219 836 2272; x_wconf 89' lang='lat' dir='ltr'><strong>Dei</strong></span> <span class='ocrx_word' id='word_1_268' title='bbox 865 2228 1037 2272; x_wconf 86' lang='lat' dir='ltr'><strong>actum</strong></span> <span class='ocrx_word' id='word_1_269' title='bbox 1064 2228 1145 2271; x_wconf 81' lang='lat' dir='ltr'><strong>t-st</strong></span> <span class='ocrx_word' id='word_1_270' title='bbox 1169 2227 1225 2271; x_wconf 90' lang='lat' dir='ltr'><strong>ut</strong></span> <span class='ocrx_word' id='word_1_271' title='bbox 1256 2217 1615 2271; x_wconf 88' lang='lat' dir='ltr'><strong>inuotesceret</strong></span> <span class='ocrx_word' id='word_1_272' title='bbox 1640 2216 1888 2270; x_wconf 90' lang='lat' dir='ltr'><strong>omnibus</strong></span> <span class='ocrx_word' id='word_1_273' title='bbox 1918 2216 2148 2282; x_wconf 74' lang='lat' dir='ltr'><strong>patriar-</strong></span> 
     </span>
    </p>
   </div>
   <div class='ocr_carea' id='block_1_39' title="bbox 589 2305 2151 2361">
    <p class='ocr_par' dir='ltr' id='par_1_39' title="bbox 589 2305 2151 2361">
     <span class='ocr_line' id='line_1_39' title="bbox 589 2305 2151 2361; baseline -0.001 -1"><span class='ocrx_word' id='word_1_274' title='bbox 589 2307 704 2361; x_wconf 70' lang='lat' dir='ltr'><strong>cltze</strong></span> <span class='ocrx_word' id='word_1_275' title='bbox 752 2307 1029 2360; x_wconf 79' lang='lat' dir='ltr'><strong>immemor</strong></span> <span class='ocrx_word' id='word_1_276' title='bbox 1072 2307 1194 2360; x_wconf 87' lang='lat' dir='ltr'><strong>mali</strong></span> <span class='ocrx_word' id='word_1_277' title='bbox 1233 2307 1467 2360; x_wconf 82' lang='lat' dir='ltr'><strong>animus.</strong></span> <span class='ocrx_word' id='word_1_278' title='bbox 1512 2305 1722 2360; x_wconf 85' lang='lat' dir='ltr'><strong>Oblitus</strong></span> <span class='ocrx_word' id='word_1_279' title='bbox 1765 2314 1848 2359; x_wconf 53' lang='lat' dir='ltr'><strong>est</strong></span> <span class='ocrx_word' id='word_1_280' title='bbox 1887 2305 2151 2360; x_wconf 65' lang='lat' dir='ltr'><strong>accersite</strong></span> 
     </span>
    </p>
   </div>
   <div class='ocr_carea' id='block_1_40' title="bbox 588 2395 2150 2463">
    <p class='ocr_par' dir='ltr' id='par_1_40' title="bbox 588 2395 2150 2463">
     <span class='ocr_line' id='line_1_40' title="bbox 588 2395 2150 2463; baseline 0 -14"><span class='ocrx_word' id='word_1_281' title='bbox 588 2413 732 2462; x_wconf 88' lang='lat' dir='ltr'><strong>eum,</strong></span> <span class='ocrx_word' id='word_1_282' title='bbox 764 2405 820 2449; x_wconf 89' lang='lat' dir='ltr'><strong>et</strong></span> <span class='ocrx_word' id='word_1_283' title='bbox 844 2398 1049 2451; x_wconf 77' lang='lat' dir='ltr'><strong>solvere</strong></span> <span class='ocrx_word' id='word_1_284' title='bbox 1074 2396 1141 2450; x_wconf 89' lang='lat' dir='ltr'><strong>ab</strong></span> <span class='ocrx_word' id='word_1_285' title='bbox 1171 2397 1745 2451; x_wconf 76' lang='lat' dir='ltr'><strong>excommunicatione.</strong></span> <span class='ocrx_word' id='word_1_286' title='bbox 1777 2397 1910 2450; x_wconf 88' lang='lat' dir='ltr'><strong>Cum</strong></span> <span class='ocrx_word' id='word_1_287' title='bbox 1935 2410 2060 2463; x_wconf 75' lang='lat' dir='ltr'><strong>ergo</strong></span> <span class='ocrx_word' id='word_1_288' title='bbox 2081 2395 2150 2449; x_wconf 80' lang='lat' dir='ltr'><strong>ad</strong></span> 
     </span>
    </p>
   </div>
   <div class='ocr_carea' id='block_1_41' title="bbox 590 2485 2151 2555">
    <p class='ocr_par' dir='ltr' id='par_1_41' title="bbox 590 2485 2151 2555">
     <span class='ocr_line' id='line_1_41' title="bbox 590 2485 2151 2555; baseline -0.003 -12"><span class='ocrx_word' id='word_1_289' title='bbox 590 2498 830 2543; x_wconf 87' lang='lat' dir='ltr'><strong>sanctum</strong></span> <span class='ocrx_word' id='word_1_290' title='bbox 865 2490 1190 2541; x_wconf 89' lang='lat' dir='ltr'><strong>Dominicnm</strong></span> <span class='ocrx_word' id='word_1_291' title='bbox 1218 2489 1357 2543; x_wconf 85' lang='lat' dir='ltr'><strong>diem</strong></span> <span class='ocrx_word' id='word_1_292' title='bbox 1381 2489 1730 2555; x_wconf 88' lang='lat' dir='ltr'><strong>pervenisset,</strong></span> <span class='ocrx_word' id='word_1_293' title='bbox 1777 2498 1828 2540; x_wconf 90' lang='lat' dir='ltr'><strong>et</strong></span> <span class='ocrx_word' id='word_1_294' title='bbox 1856 2497 2040 2540; x_wconf 85' lang='lat' dir='ltr'><strong>sancto</strong></span> <span class='ocrx_word' id='word_1_295' title='bbox 2068 2485 2151 2541; x_wconf 87' lang='lat' dir='ltr'><strong>al-</strong></span> 
     </span>
    </p>
   </div>
   <div class='ocr_carea' id='block_1_42' title="bbox 585 2573 2146 2650">
    <p class='ocr_par' dir='ltr' id='par_1_42' title="bbox 585 2573 2146 2650">
     <span class='ocr_line' id='line_1_42' title="bbox 585 2573 2146 2650; baseline -0.003 -18"><span class='ocrx_word' id='word_1_296' title='bbox 585 2579 686 2632; x_wconf 85' lang='lat' dir='ltr'><strong>tari</strong></span> <span class='ocrx_word' id='word_1_297' title='bbox 709 2579 961 2633; x_wconf 89' lang='lat' dir='ltr'><strong>astitisset</strong></span> <span class='ocrx_word' id='word_1_298' title='bbox 981 2575 1115 2650; x_wconf 61' lang='lat'><strong>(42),</strong></span> <span class='ocrx_word' id='word_1_299' title='bbox 1141 2588 1196 2631; x_wconf 89' lang='lat' dir='ltr'><strong>ut</strong></span> <span class='ocrx_word' id='word_1_300' title='bbox 1219 2578 1555 2633; x_wconf 87' lang='lat' dir='ltr'><strong>incruentum</strong></span> <span class='ocrx_word' id='word_1_301' title='bbox 1577 2577 1895 2632; x_wconf 85' lang='lat' dir='ltr'><strong>sacriﬁcium</strong></span> <span class='ocrx_word' id='word_1_302' title='bbox 1909 2573 2146 2641; x_wconf 78' lang='lat' dir='ltr'><strong>oﬁerret,</strong></span> 
     </span>
    </p>
   </div>
   <div class='ocr_carea' id='block_1_43' title="bbox 584 2668 2149 2737">
    <p class='ocr_par' dir='ltr' id='par_1_43' title="bbox 584 2668 2149 2737">
     <span class='ocr_line' id='line_1_43' title="bbox 584 2668 2149 2737; baseline -0.001 -16"><span class='ocrx_word' id='word_1_303' title='bbox 584 2668 690 2737; x_wconf 81' lang='lat' dir='ltr'><strong>jam</strong></span> <span class='ocrx_word' id='word_1_304' title='bbox 746 2669 970 2723; x_wconf 81' lang='lat' dir='ltr'><strong>diacono</strong></span> <span class='ocrx_word' id='word_1_305' title='bbox 1014 2670 1313 2736; x_wconf 73' lang='lat' dir='ltr'><strong>generalem</strong></span> <span class='ocrx_word' id='word_1_306' title='bbox 1369 2668 1662 2723; x_wconf 79' lang='lat' dir='ltr'><strong>orationem</strong></span> <span class='ocrx_word' id='word_1_307' title='bbox 1718 2684 1854 2737; x_wconf 81' lang='lat' dir='ltr'><strong>pene</strong></span> <span class='ocrx_word' id='word_1_308' title='bbox 1899 2682 2149 2722; x_wconf 85' lang='lat' dir='ltr'><strong>consum-</strong></span> 
     </span>
    </p>
   </div>
   <div class='ocr_carea' id='block_1_44' title="bbox 585 2759 2153 2829">
    <p class='ocr_par' dir='ltr' id='par_1_44' title="bbox 585 2759 2153 2829">
     <span class='ocr_line' id='line_1_44' title="bbox 585 2759 2153 2829; baseline -0.001 -18"><span class='ocrx_word' id='word_1_309' title='bbox 585 2766 785 2821; x_wconf 85' lang='lat' dir='ltr'><strong>tnante,</strong></span> <span class='ocrx_word' id='word_1_310' title='bbox 816 2767 1055 2811; x_wconf 86' lang='lat' dir='ltr'><strong>sanctum</strong></span> <span class='ocrx_word' id='word_1_311' title='bbox 1109 2760 1282 2812; x_wconf 88' lang='lat' dir='ltr'><strong>velum</strong></span> <span class='ocrx_word' id='word_1_312' title='bbox 1313 2760 1610 2813; x_wconf 85' lang='lat' dir='ltr'><strong>exaltaturo</strong></span> <span class='ocrx_word' id='word_1_313' title='bbox 1639 2759 1778 2829; x_wconf 61' lang='lat'><strong>(4&#39;5),</strong></span> <span class='ocrx_word' id='word_1_314' title='bbox 1820 2759 1876 2812; x_wconf 89' lang='lat' dir='ltr'><strong>in</strong></span> <span class='ocrx_word' id='word_1_315' title='bbox 1915 2767 2153 2813; x_wconf 70' lang='lat' dir='ltr'><strong>mentem</strong></span> 
     </span>
    </p>
   </div>
   <div class='ocr_carea' id='block_1_45' title="bbox 588 2840 2149 2917">
    <p class='ocr_par' dir='ltr' id='par_1_45' title="bbox 588 2840 2149 2917">
     <span class='ocr_line' id='line_1_45' title="bbox 588 2840 2149 2917; baseline 0 -17"><span class='ocrx_word' id='word_1_316' title='bbox 588 2846 802 2901; x_wconf 71' lang='lat' dir='ltr'><strong>malitia:</strong></span> <span class='ocrx_word' id='word_1_317' title='bbox 832 2847 1158 2902; x_wconf 87' lang='lat' dir='ltr'><strong>immemoris</strong></span> <span class='ocrx_word' id='word_1_318' title='bbox 1188 2849 1365 2912; x_wconf 86' lang='lat' dir='ltr'><strong>venit;</strong></span> <span class='ocrx_word' id='word_1_319' title='bbox 1395 2840 1449 2901; x_wconf 76' lang='lat' dir='ltr'><strong>et</strong></span> <span class='ocrx_word' id='word_1_320' title='bbox 1475 2850 1653 2904; x_wconf 88' lang='lat' dir='ltr'><strong>statim</strong></span> <span class='ocrx_word' id='word_1_321' title='bbox 1694 2850 1865 2903; x_wconf 77' lang='lat' dir='ltr'><strong>divini</strong></span> <span class='ocrx_word' id='word_1_322' title='bbox 1899 2848 2149 2917; x_wconf 67' lang='lat' dir='ltr'><strong>praecepti</strong></span> 
     </span>
    </p>
   </div>
   <div class='ocr_carea' id='block_1_46' title="bbox 586 2936 2149 3003">
    <p class='ocr_par' dir='ltr' id='par_1_46' title="bbox 586 2936 2149 3003">
     <span class='ocr_line' id='line_1_46' title="bbox 586 2936 2149 3003; baseline 0.001 -14"><span class='ocrx_word' id='word_1_323' title='bbox 586 2941 894 3003; x_wconf 85' lang='lat' dir='ltr'><strong>recordans,</strong></span> <span class='ocrx_word' id='word_1_324' title='bbox 920 2937 1207 2990; x_wconf 86' lang='lat' dir='ltr'><strong>asserentis</strong></span> <span class='ocrx_word' id='word_1_325' title='bbox 1231 2955 1246 2991; x_wconf 91' lang='lat'><strong>:</strong></span> <span class='ocrx_word' id='word_1_326' title='bbox 1269 2936 1325 2990; x_wconf 91' lang='lat' dir='ltr'><strong>Si</strong></span> <span class='ocrx_word' id='word_1_327' title='bbox 1356 2937 1516 2992; x_wconf 78' lang='lat' dir='ltr'><strong>oﬂ‘era</strong></span> <span class='ocrx_word' id='word_1_328' title='bbox 1560 2954 1752 2993; x_wconf 88' lang='lat' dir='ltr'><strong>munus</strong></span> <span class='ocrx_word' id='word_1_329' title='bbox 1781 2948 1926 2994; x_wconf 90' lang='lat' dir='ltr'><strong>tuum</strong></span> <span class='ocrx_word' id='word_1_330' title='bbox 1965 2938 2032 2993; x_wconf 90' lang='lat' dir='ltr'><strong>ad</strong></span> <span class='ocrx_word' id='word_1_331' title='bbox 2067 2940 2149 2992; x_wconf 89' lang='lat' dir='ltr'><strong>al-</strong></span> 
     </span>
    </p>
   </div>
   <div class='ocr_carea' id='block_1_47' title="bbox 2243 1762 3565 1831">
    <p class='ocr_par' dir='ltr' id='par_1_47' title="bbox 2243 1762 3565 1831">
     <span class='ocr_line' id='line_1_47' title="bbox 2243 1762 3565 1831; baseline 0.004 -17"><span class='ocrx_word' id='word_1_332' title='bbox 2243 1762 2373 1815; x_wconf 85' lang='lat' dir='ltr'><strong>liati.</strong></span> <span class='ocrx_word' id='word_1_333' title='bbox 2406 1763 2537 1815; x_wconf 56' lang='lat' dir='ltr'><strong>Erit</strong></span> <span class='ocrx_word' id='word_1_334' title='bbox 2571 1773 2747 1817; x_wconf 88' lang='lat' dir='ltr'><strong>autem</strong></span> <span class='ocrx_word' id='word_1_335' title='bbox 2774 1763 2908 1816; x_wconf 84' lang='lat' dir='ltr'><strong>hora</strong></span> <span class='ocrx_word' id='word_1_336' title='bbox 2937 1765 3142 1831; x_wconf 81' lang='lat' dir='ltr'><strong>quinta,</strong></span> <span class='ocrx_word' id='word_1_337' title='bbox 3178 1765 3565 1831; x_wconf 70' lang='lat' dir='ltr'><strong>etquideaimixtc</strong></span> 
     </span>
    </p>
   </div>
   <div class='ocr_carea' id='block_1_48' title="bbox 2243 1853 3568 1921">
    <p class='ocr_par' dir='ltr' id='par_1_48' title="bbox 2243 1853 3568 1921">
     <span class='ocr_line' id='line_1_48' title="bbox 2243 1853 3568 1921; baseline 0.002 -16"><span class='ocrx_word' id='word_1_338' title='bbox 2243 1862 2360 1905; x_wconf 69' lang='lat' dir='ltr'><strong>erat</strong></span> <span class='ocrx_word' id='word_1_339' title='bbox 2402 1853 2692 1920; x_wconf 74' lang='lat' dir='ltr'><strong>refragatio</strong></span> <span class='ocrx_word' id='word_1_340' title='bbox 2732 1862 2788 1906; x_wconf 88' lang='lat' dir='ltr'><strong>et</strong></span> <span class='ocrx_word' id='word_1_341' title='bbox 2814 1854 3122 1907; x_wconf 83' lang='lat' dir='ltr'><strong>amaritudo</strong></span> <span class='ocrx_word' id='word_1_342' title='bbox 3141 1868 3231 1920; x_wconf 79' lang='lat' dir='ltr'><strong>pro</strong></span> <span class='ocrx_word' id='word_1_343' title='bbox 3260 1854 3517 1917; x_wconf 61' lang='lat' dir='ltr'><strong>nullaulla}</strong></span> <span class='ocrx_word' id='word_1_344' title='bbox 3535 1869 3568 1921; x_wconf 71' lang='lat' dir='ltr'><strong>p-</strong></span> 
     </span>
    </p>
   </div>
   <div class='ocr_carea' id='block_1_49' title="bbox 2247 1942 3565 2011">
    <p class='ocr_par' dir='ltr' id='par_1_49' title="bbox 2247 1942 3565 2011">
     <span class='ocr_line' id='line_1_49' title="bbox 2247 1942 3565 2011; baseline -0.001 -15"><span class='ocrx_word' id='word_1_345' title='bbox 2247 1942 2382 1996; x_wconf 90' lang='lat' dir='ltr'><strong>tricii</strong></span> <span class='ocrx_word' id='word_1_346' title='bbox 2446 1951 2624 1996; x_wconf 85' lang='lat' dir='ltr'><strong>autem</strong></span> <span class='ocrx_word' id='word_1_347' title='bbox 2662 1952 2882 2010; x_wconf 87' lang='lat' dir='ltr'><strong>propter</strong></span> <span class='ocrx_word' id='word_1_348' title='bbox 2921 1943 3218 2011; x_wconf 81' lang='lat' dir='ltr'><strong>pecuniaria</strong></span> <span class='ocrx_word' id='word_1_349' title='bbox 3244 1944 3358 1997; x_wconf 81' lang='lat' dir='ltr'><strong>lacn</strong></span> <span class='ocrx_word' id='word_1_350' title='bbox 3377 1944 3565 1998; x_wconf 66' lang='lat' dir='ltr'><strong>uanius</strong></span> 
     </span>
    </p>
   </div>
   <div class='ocr_carea' id='block_1_50' title="bbox 2245 2032 3567 2102">
    <p class='ocr_par' dir='ltr' id='par_1_50' title="bbox 2245 2032 3567 2102">
     <span class='ocr_line' id='line_1_50' title="bbox 2245 2032 3567 2102; baseline -0.001 -18"><span class='ocrx_word' id='word_1_351' title='bbox 2245 2032 2321 2084; x_wconf 88' lang='lat' dir='ltr'><strong>ait</strong></span> <span class='ocrx_word' id='word_1_352' title='bbox 2344 2032 2433 2085; x_wconf 89' lang='lat' dir='ltr'><strong>ille</strong></span> <span class='ocrx_word' id='word_1_353' title='bbox 2449 2032 2624 2100; x_wconf 79' lang='lat' dir='ltr'><strong>justus</strong></span> <span class='ocrx_word' id='word_1_354' title='bbox 2648 2041 2863 2101; x_wconf 71' lang='lat' dir='ltr'><strong>:‘rteque</strong></span> <span class='ocrx_word' id='word_1_355' title='bbox 2900 2048 3000 2100; x_wconf 88' lang='lat' dir='ltr'><strong>pro</strong></span> <span class='ocrx_word' id='word_1_356' title='bbox 3047 2034 3337 2096; x_wconf 73' lang='lat' dir='ltr'><strong>rationabili,</strong></span> <span class='ocrx_word' id='word_1_357' title='bbox 3362 2034 3567 2102; x_wconf 49' lang='lat' dir='ltr'><strong>laqueum</strong></span> 
     </span>
    </p>
   </div>
   <div class='ocr_carea' id='block_1_51' title="bbox 2247 2121 3564 2177">
    <p class='ocr_par' dir='ltr' id='par_1_51' title="bbox 2247 2121 3564 2177">
     <span class='ocr_line' id='line_1_51' title="bbox 2247 2121 3564 2177; baseline 0.002 -5"><span class='ocrx_word' id='word_1_358' title='bbox 2247 2121 2548 2174; x_wconf 88' lang='lat' dir='ltr'><strong>rationabili</strong></span> <span class='ocrx_word' id='word_1_359' title='bbox 2593 2123 2875 2176; x_wconf 87' lang='lat' dir='ltr'><strong>occasione</strong></span> <span class='ocrx_word' id='word_1_360' title='bbox 2897 2123 3061 2177; x_wconf 78' lang='lat' dir='ltr'><strong>debet</strong></span> <span class='ocrx_word' id='word_1_361' title='bbox 3089 2124 3233 2176; x_wconf 89' lang='lat' dir='ltr'><strong>homo</strong></span> <span class='ocrx_word' id='word_1_362' title='bbox 3410 2124 3564 2175; x_wconf 66' lang='lat' dir='ltr'><strong>Aditum</strong></span> 
     </span>
    </p>
   </div>
   <div class='ocr_carea' id='block_1_52' title="bbox 2246 2211 3565 2281">
    <p class='ocr_par' dir='ltr' id='par_1_52' title="bbox 2246 2211 3565 2281">
     <span class='ocr_line' id='line_1_52' title="bbox 2246 2211 3565 2281; baseline 0.002 -15"><span class='ocrx_word' id='word_1_363' title='bbox 2246 2226 2377 2280; x_wconf 74' lang='lat' dir='ltr'><strong>ergo</strong></span> <span class='ocrx_word' id='word_1_364' title='bbox 2406 2212 2537 2265; x_wconf 91' lang='lat' dir='ltr'><strong>hora</strong></span> <span class='ocrx_word' id='word_1_365' title='bbox 2567 2211 2868 2275; x_wconf 86' lang='lat' dir='ltr'><strong>undecima,</strong></span> <span class='ocrx_word' id='word_1_366' title='bbox 2916 2215 3133 2267; x_wconf 82' lang='lat' dir='ltr'><strong>mandat</strong></span> <span class='ocrx_word' id='word_1_367' title='bbox 3168 2229 3250 2281; x_wconf 90' lang='lat' dir='ltr'><strong>per</strong></span> <span class='ocrx_word' id='word_1_368' title='bbox 3273 2213 3565 2280; x_wconf 60' lang='lat' dir='ltr'><strong>uelim</strong></span> 
     </span>
    </p>
   </div>
   <div class='ocr_carea' id='block_1_53' title="bbox 2249 2302 3563 2372">
    <p class='ocr_par' dir='ltr' id='par_1_53' title="bbox 2249 2302 3563 2372">
     <span class='ocr_line' id='line_1_53' title="bbox 2249 2302 3563 2372; baseline -0.001 -18"><span class='ocrx_word' id='word_1_369' title='bbox 2249 2317 2350 2354; x_wconf 88' lang='lat' dir='ltr'><strong>una</strong></span> <span class='ocrx_word' id='word_1_370' title='bbox 2388 2316 2508 2355; x_wconf 90' lang='lat' dir='ltr'><strong>cum</strong></span> <span class='ocrx_word' id='word_1_371' title='bbox 2537 2302 2682 2356; x_wconf 85' lang='lat' dir='ltr'><strong>clero</strong></span> <span class='ocrx_word' id='word_1_372' title='bbox 2702 2303 3010 2369; x_wconf 83' lang='lat' dir='ltr'><strong>patriarcha</strong></span> <span class='ocrx_word' id='word_1_373' title='bbox 3037 2304 3242 2372; x_wconf 85' lang='lat' dir='ltr'><strong>patricio</strong></span> <span class='ocrx_word' id='word_1_374' title='bbox 3272 2305 3351 2357; x_wconf 80' lang='lat' dir='ltr'><strong>hoc</strong></span> <span class='ocrx_word' id='word_1_375' title='bbox 3376 2304 3498 2371; x_wconf 69' lang='lat' dir='ltr'><strong>dign</strong></span> <span class='ocrx_word' id='word_1_376' title='bbox 3519 2319 3563 2353; x_wconf 77' lang='grc' dir='ltr'><strong>ιε·</strong></span> 
     </span>
    </p>
   </div>
   <div class='ocr_carea' id='block_1_54' title="bbox 2249 2392 3563 2460">
    <p class='ocr_par' dir='ltr' id='par_1_54' title="bbox 2249 2392 3563 2460">
     <span class='ocr_line' id='line_1_54' title="bbox 2249 2392 3563 2460; baseline -0.001 -16"><span class='ocrx_word' id='word_1_377' title='bbox 2249 2394 2420 2445; x_wconf 87' lang='lat' dir='ltr'><strong>tnoria</strong></span> <span class='ocrx_word' id='word_1_378' title='bbox 2462 2392 2680 2445; x_wconf 86' lang='lat' dir='ltr'><strong>verbum</strong></span> <span class='ocrx_word' id='word_1_379' title='bbox 2704 2409 2721 2445; x_wconf 90' lang='lat'><strong>:</strong></span> <span class='ocrx_word' id='word_1_380' title='bbox 2744 2393 2997 2460; x_wconf 86' lang='lat' dir='ltr'><strong>Domine,</strong></span> <span class='ocrx_word' id='word_1_381' title='bbox 3045 2396 3122 2449; x_wconf 86' lang='lat' dir='ltr'><strong>sol</strong></span> <span class='ocrx_word' id='word_1_382' title='bbox 3155 2395 3216 2447; x_wconf 89' lang='lat' dir='ltr'><strong>ad</strong></span> <span class='ocrx_word' id='word_1_383' title='bbox 3248 2393 3563 2448; x_wconf 59' lang='lat' dir='ltr'><strong>metumetu</strong></span> 
     </span>
    </p>
   </div>
   <div class='ocr_carea' id='block_1_55' title="bbox 2251 2484 3560 2553">
    <p class='ocr_par' dir='ltr' id='par_1_55' title="bbox 2251 2484 3560 2553">
     <span class='ocr_line' id='line_1_55' title="bbox 2251 2484 3560 2553; baseline 0 -18"><span class='ocrx_word' id='word_1_384' title='bbox 2251 2495 2431 2538; x_wconf 90' lang='lat' dir='ltr'><strong>autem</strong></span> <span class='ocrx_word' id='word_1_385' title='bbox 2459 2484 2562 2538; x_wconf 88' lang='lat' dir='ltr'><strong>hoc</strong></span> <span class='ocrx_word' id='word_1_386' title='bbox 2588 2485 2808 2539; x_wconf 88' lang='lat' dir='ltr'><strong>verbum</strong></span> <span class='ocrx_word' id='word_1_387' title='bbox 2834 2486 2927 2540; x_wconf 90' lang='lat' dir='ltr'><strong>ille</strong></span> <span class='ocrx_word' id='word_1_388' title='bbox 2953 2487 3198 2553; x_wconf 83' lang='lat' dir='ltr'><strong>audisset,</strong></span> <span class='ocrx_word' id='word_1_389' title='bbox 3224 2503 3310 2539; x_wconf 85' lang='lat' dir='ltr'><strong>non</strong></span> <span class='ocrx_word' id='word_1_390' title='bbox 3326 2484 3560 2538; x_wconf 56' lang='lat' dir='ltr'><strong>tolerantiae</strong></span> 
     </span>
    </p>
   </div>
   <div class='ocr_carea' id='block_1_56' title="bbox 2248 2576 3559 2646">
    <p class='ocr_par' dir='ltr' id='par_1_56' title="bbox 2248 2576 3559 2646">
     <span class='ocr_line' id='line_1_56' title="bbox 2248 2576 3559 2646; baseline -0.001 -19"><span class='ocrx_word' id='word_1_391' title='bbox 2248 2576 2331 2629; x_wconf 86' lang='lat' dir='ltr'><strong>sui</strong></span> <span class='ocrx_word' id='word_1_392' title='bbox 2352 2576 2623 2644; x_wconf 84' lang='lat' dir='ltr'><strong>ardorem,</strong></span> <span class='ocrx_word' id='word_1_393' title='bbox 2644 2579 2738 2631; x_wconf 83' lang='lat' dir='ltr'><strong>sed</strong></span> <span class='ocrx_word' id='word_1_394' title='bbox 2778 2587 3033 2646; x_wconf 80' lang='lat' dir='ltr'><strong>tanquam</strong></span> <span class='ocrx_word' id='word_1_395' title='bbox 3071 2579 3235 2632; x_wconf 80' lang='lat' dir='ltr'><strong>divino</strong></span> <span class='ocrx_word' id='word_1_396' title='bbox 3259 2579 3353 2645; x_wconf 74' lang='lat' dir='ltr'><strong>igne</strong></span> <span class='ocrx_word' id='word_1_397' title='bbox 3372 2577 3559 2628; x_wconf 68' lang='lat' dir='ltr'><strong>ilﬂtm</strong></span> 
     </span>
    </p>
   </div>
   <div class='ocr_carea' id='block_1_57' title="bbox 2250 2666 3556 2738">
    <p class='ocr_par' dir='ltr' id='par_1_57' title="bbox 2250 2666 3556 2738">
     <span class='ocr_line' id='line_1_57' title="bbox 2250 2666 3556 2738; baseline 0.004 -19"><span class='ocrx_word' id='word_1_398' title='bbox 2250 2666 2418 2719; x_wconf 85' lang='lat' dir='ltr'><strong>sancti</strong></span> <span class='ocrx_word' id='word_1_399' title='bbox 2463 2680 2708 2721; x_wconf 83' lang='lat' dir='ltr'><strong>sermone</strong></span> <span class='ocrx_word' id='word_1_400' title='bbox 2732 2679 3085 2738; x_wconf 66' lang='lat' dir='ltr'><strong>comminans</strong></span> <span class='ocrx_word' id='word_1_401' title='bbox 3121 2680 3212 2733; x_wconf 82' lang='lat' dir='ltr'><strong>est,</strong></span> <span class='ocrx_word' id='word_1_402' title='bbox 3248 2670 3467 2734; x_wconf 73' lang='lat' dir='ltr'><strong>inlectuth</strong></span> <span class='ocrx_word' id='word_1_403' title='bbox 3485 2666 3556 2731; x_wconf 67' lang='lat' dir='ltr'><strong>b01-</strong></span> 
     </span>
    </p>
   </div>
   <div class='ocr_carea' id='block_1_58' title="bbox 2251 2755 3557 2826">
    <p class='ocr_par' dir='ltr' id='par_1_58' title="bbox 2251 2755 3557 2826">
     <span class='ocr_line' id='line_1_58' title="bbox 2251 2755 3557 2826; baseline -0.005 -19"><span class='ocrx_word' id='word_1_404' title='bbox 2251 2755 2350 2807; x_wconf 87' lang='lat' dir='ltr'><strong>mis</strong></span> <span class='ocrx_word' id='word_1_405' title='bbox 2370 2755 2545 2808; x_wconf 83' lang='lat' dir='ltr'><strong>statim</strong></span> <span class='ocrx_word' id='word_1_406' title='bbox 2568 2765 2707 2809; x_wconf 86' lang='lat' dir='ltr'><strong>totus</strong></span> <span class='ocrx_word' id='word_1_407' title='bbox 2737 2758 2911 2811; x_wconf 76' lang='lat' dir='ltr'><strong>factas</strong></span> <span class='ocrx_word' id='word_1_408' title='bbox 2929 2769 3048 2823; x_wconf 86' lang='lat' dir='ltr'><strong>est;</strong></span> <span class='ocrx_word' id='word_1_409' title='bbox 3076 2770 3126 2814; x_wconf 92' lang='lat' dir='ltr'><strong>et</strong></span> <span class='ocrx_word' id='word_1_410' title='bbox 3144 2772 3340 2826; x_wconf 75' lang='lat' dir='ltr'><strong>surgens,</strong></span> <span class='ocrx_word' id='word_1_411' title='bbox 3359 2756 3557 2808; x_wconf 67' lang='lat' dir='ltr'><strong>velitatio-</strong></span> 
     </span>
    </p>
   </div>
   <div class='ocr_carea' id='block_1_59' title="bbox 2254 2840 3552 2913">
    <p class='ocr_par' dir='ltr' id='par_1_59' title="bbox 2254 2840 3552 2913">
     <span class='ocr_line' id='line_1_59' title="bbox 2254 2840 3552 2913; baseline 0.005 -17"><span class='ocrx_word' id='word_1_412' title='bbox 2254 2853 2364 2896; x_wconf 88' lang='lat' dir='ltr'><strong>tum</strong></span> <span class='ocrx_word' id='word_1_413' title='bbox 2395 2844 2555 2897; x_wconf 90' lang='lat' dir='ltr'><strong>hunc.</strong></span> <span class='ocrx_word' id='word_1_414' title='bbox 2579 2847 2745 2910; x_wconf 81' lang='lat' dir='ltr'><strong>Quem</strong></span> <span class='ocrx_word' id='word_1_415' title='bbox 2777 2861 2903 2900; x_wconf 82' lang='lat' dir='ltr'><strong>cum</strong></span> <span class='ocrx_word' id='word_1_416' title='bbox 2931 2849 3159 2913; x_wconf 81' lang='lat' dir='ltr'><strong>vidisset,</strong></span> <span class='ocrx_word' id='word_1_417' title='bbox 3185 2840 3552 2903; x_wconf 48' lang='lat' dir='ltr'><strong>sumentis”</strong></span> 
     </span>
    </p>
   </div>
   <div class='ocr_carea' id='block_1_60' title="bbox 2254 2928 3555 3004">
    <p class='ocr_par' dir='ltr' id='par_1_60' title="bbox 2254 2928 3555 3004">
     <span class='ocr_line' id='line_1_60' title="bbox 2254 2928 3555 3004; baseline -0.004 -19"><span class='ocrx_word' id='word_1_418' title='bbox 2254 2932 2526 2996; x_wconf 71' lang='lat' dir='ltr'><strong>Ecclesiae,</strong></span> <span class='ocrx_word' id='word_1_419' title='bbox 2553 2934 2812 2988; x_wconf 87' lang='lat' dir='ltr'><strong>obediens</strong></span> <span class='ocrx_word' id='word_1_420' title='bbox 2837 2937 2955 2990; x_wconf 83' lang='lat' dir='ltr'><strong>voci</strong></span> <span class='ocrx_word' id='word_1_421' title='bbox 2982 2937 3095 3004; x_wconf 84' lang='lat' dir='ltr'><strong>ejus</strong></span> <span class='ocrx_word' id='word_1_422' title='bbox 3114 2935 3296 3000; x_wconf 59' lang='lat' dir='ltr'><strong>(Epeos.</strong></span> <span class='ocrx_word' id='word_1_423' title='bbox 3320 2928 3555 3001; x_wconf 67' lang='grc' dir='ltr'>ιι).Ιὶιώ</span> 
     </span>
    </p>
   </div>
   <div class='ocr_carea' id='block_1_61' title="bbox 587 3010 3554 3100">
    <p class='ocr_par' dir='ltr' id='par_1_61' title="bbox 587 3010 3554 3100">
     <span class='ocr_line' id='line_1_61' title="bbox 587 3010 3554 3100; baseline 0.003 -19"><span class='ocrx_word' id='word_1_424' title='bbox 587 3038 720 3091; x_wconf 88' lang='lat' dir='ltr'><strong>tare,</strong></span> <span class='ocrx_word' id='word_1_425' title='bbox 748 3037 801 3082; x_wconf 87' lang='lat' dir='ltr'><strong>et</strong></span> <span class='ocrx_word' id='word_1_426' title='bbox 826 3028 895 3081; x_wconf 88' lang='lat' dir='ltr'><strong>ibi</strong></span> <span class='ocrx_word' id='word_1_427' title='bbox 923 3027 1230 3083; x_wconf 82' lang='lat' dir='ltr'><strong>recordatus</strong></span> <span class='ocrx_word' id='word_1_428' title='bbox 1260 3028 1446 3093; x_wconf 78' lang='lat' dir='ltr'><strong>fueris,</strong></span> <span class='ocrx_word' id='word_1_429' title='bbox 1493 3031 1617 3100; x_wconf 87' lang='lat' dir='ltr'><strong>quia</strong></span> <span class='ocrx_word' id='word_1_430' title='bbox 1641 3032 1803 3086; x_wconf 81' lang='lat' dir='ltr'><strong>frater</strong></span> <span class='ocrx_word' id='word_1_431' title='bbox 1835 3040 1957 3086; x_wconf 87' lang='lat' dir='ltr'><strong>tuus</strong></span> <span class='ocrx_word' id='word_1_432' title='bbox 1985 3032 2146 3086; x_wconf 82' lang='lat' dir='ltr'><strong>habet</strong></span> <span class='ocrx_word' id='word_1_433' title='bbox 2174 3010 2221 3069; x_wconf 73' lang='grc' dir='ltr'>ο</span> <span class='ocrx_word' id='word_1_434' title='bbox 2254 3022 2415 3092; x_wconf 72' lang='lat' dir='ltr'><strong>igitur</strong></span> <span class='ocrx_word' id='word_1_435' title='bbox 2456 3023 2714 3078; x_wconf 74' lang='lat' dir='ltr'><strong>ambobus</strong></span> <span class='ocrx_word' id='word_1_436' title='bbox 2760 3036 3083 3081; x_wconf 73' lang='lat' dir='ltr'><strong>metantem</strong></span> <span class='ocrx_word' id='word_1_437' title='bbox 3106 3025 3230 3097; x_wconf 59' lang='grc' dir='ltr'>(ιθ).</span> <span class='ocrx_word' id='word_1_438' title='bbox 3264 3033 3307 3079; x_wconf 77' lang='grc' dir='ltr'>ει</span> <span class='ocrx_word' id='word_1_439' title='bbox 3326 3018 3554 3089; x_wconf 57' lang='grc' dir='ltr'><strong>ἰωμωυ*</strong></span> 
     </span>
    </p>
   </div>
   <div class='ocr_carea' id='block_1_62' title="bbox 586 3115 2148 3186">
    <p class='ocr_par' dir='ltr' id='par_1_62' title="bbox 586 3115 2148 3186">
     <span class='ocr_line' id='line_1_62' title="bbox 586 3115 2148 3186; baseline 0.003 -18"><span class='ocrx_word' id='word_1_440' title='bbox 586 3115 782 3184; x_wconf 89' lang='lat' dir='ltr'><strong>aliquid</strong></span> <span class='ocrx_word' id='word_1_441' title='bbox 835 3116 1112 3168; x_wconf 86' lang='lat' dir='ltr'><strong>adversum</strong></span> <span class='ocrx_word' id='word_1_442' title='bbox 1184 3126 1276 3184; x_wconf 88' lang='lat' dir='ltr'><strong>te,</strong></span> <span class='ocrx_word' id='word_1_443' title='bbox 1332 3118 1573 3186; x_wconf 86' lang='lat' dir='ltr'><strong>relinque</strong></span> <span class='ocrx_word' id='word_1_444' title='bbox 1620 3119 1693 3173; x_wconf 90' lang='lat' dir='ltr'><strong>ibi</strong></span> <span class='ocrx_word' id='word_1_445' title='bbox 1756 3134 1948 3174; x_wconf 87' lang='lat' dir='ltr'><strong>munus</strong></span> <span class='ocrx_word' id='word_1_446' title='bbox 1998 3127 2148 3173; x_wconf 89' lang='lat' dir='ltr'><strong>tuum</strong></span> 
     </span>
    </p>
   </div>
   <div class='ocr_carea' id='block_1_63' title="bbox 590 3202 2145 3274">
    <p class='ocr_par' dir='ltr' id='par_1_63' title="bbox 590 3202 2145 3274">
     <span class='ocr_line' id='line_1_63' title="bbox 590 3202 2145 3274; baseline 0.004 -17"><span class='ocrx_word' id='word_1_447' title='bbox 590 3202 806 3273; x_wconf 76' lang='lat' dir='ltr'><strong>(Matth.</strong></span> <span class='ocrx_word' id='word_1_448' title='bbox 839 3204 919 3274; x_wconf 89' lang='lat' dir='ltr'><strong>v),</strong></span> <span class='ocrx_word' id='word_1_449' title='bbox 950 3214 1077 3270; x_wconf 89' lang='lat' dir='ltr'><strong>etc.,</strong></span> <span class='ocrx_word' id='word_1_450' title='bbox 1102 3206 1307 3260; x_wconf 88' lang='lat' dir='ltr'><strong>intimat</strong></span> <span class='ocrx_word' id='word_1_451' title='bbox 1334 3206 1561 3260; x_wconf 86' lang='lat' dir='ltr'><strong>diacono</strong></span> <span class='ocrx_word' id='word_1_452' title='bbox 1588 3205 1798 3261; x_wconf 80' lang='lat' dir='ltr'><strong>facienti</strong></span> <span class='ocrx_word' id='word_1_453' title='bbox 1828 3212 2145 3274; x_wconf 88' lang='lat' dir='ltr'><strong>orationem,</strong></span> 
     </span>
    </p>
   </div>
   <div class='ocr_carea' id='block_1_64' title="bbox 588 3294 2150 3365">
    <p class='ocr_par' dir='ltr' id='par_1_64' title="bbox 588 3294 2150 3365">
     <span class='ocr_line' id='line_1_64' title="bbox 588 3294 2150 3365; baseline 0.004 -18"><span class='ocrx_word' id='word_1_454' title='bbox 588 3310 746 3362; x_wconf 84' lang='lat' dir='ltr'><strong>quam</strong></span> <span class='ocrx_word' id='word_1_455' title='bbox 775 3294 1030 3348; x_wconf 89' lang='lat' dir='ltr'><strong>diaconus</strong></span> <span class='ocrx_word' id='word_1_456' title='bbox 1069 3296 1258 3350; x_wconf 88' lang='lat' dir='ltr'><strong>solitus</strong></span> <span class='ocrx_word' id='word_1_457' title='bbox 1287 3296 1460 3350; x_wconf 81' lang='lat' dir='ltr'><strong>facere</strong></span> <span class='ocrx_word' id='word_1_458' title='bbox 1489 3307 1624 3364; x_wconf 86' lang='lat' dir='ltr'><strong>erat,</strong></span> <span class='ocrx_word' id='word_1_459' title='bbox 1655 3306 1712 3351; x_wconf 89' lang='lat' dir='ltr'><strong>ut</strong></span> <span class='ocrx_word' id='word_1_460' title='bbox 1755 3296 2074 3365; x_wconf 88' lang='lat' dir='ltr'><strong>reinciperet</strong></span> <span class='ocrx_word' id='word_1_461' title='bbox 2117 3314 2150 3354; x_wconf 87' lang='lat' dir='ltr'><strong>a</strong></span> 
     </span>
    </p>
   </div>
   <div class='ocr_carea' id='block_1_65' title="bbox 587 3384 2150 3459">
    <p class='ocr_par' dir='ltr' id='par_1_65' title="bbox 587 3384 2150 3459">
     <span class='ocr_line' id='line_1_65' title="bbox 587 3384 2150 3459; baseline 0 -15"><span class='ocrx_word' id='word_1_462' title='bbox 587 3388 760 3457; x_wconf 82' lang='lat' dir='ltr'><strong>capite</strong></span> <span class='ocrx_word' id='word_1_463' title='bbox 801 3384 950 3457; x_wconf 73' lang='lat' dir='ltr'><strong>(M);</strong></span> <span class='ocrx_word' id='word_1_464' title='bbox 991 3397 1045 3441; x_wconf 89' lang='lat' dir='ltr'><strong>et</strong></span> <span class='ocrx_word' id='word_1_465' title='bbox 1090 3389 1134 3442; x_wconf 92' lang='lat' dir='ltr'><strong>si</strong></span> <span class='ocrx_word' id='word_1_466' title='bbox 1164 3389 1488 3458; x_wconf 89' lang='lat' dir='ltr'><strong>impleretur,</strong></span> <span class='ocrx_word' id='word_1_467' title='bbox 1530 3389 1720 3444; x_wconf 88' lang='lat' dir='ltr'><strong>iterum</strong></span> <span class='ocrx_word' id='word_1_468' title='bbox 1754 3392 2150 3459; x_wconf 87' lang='lat' dir='ltr'><strong>recapitularet,</strong></span> 
     </span>
    </p>
   </div>
   <div class='ocr_carea' id='block_1_66' title="bbox 591 3479 2149 3550">
    <p class='ocr_par' dir='ltr' id='par_1_66' title="bbox 591 3479 2149 3550">
     <span class='ocr_line' id='line_1_66' title="bbox 591 3479 2149 3550; baseline 0.003 -18"><span class='ocrx_word' id='word_1_469' title='bbox 591 3492 763 3546; x_wconf 88' lang='lat' dir='ltr'><strong>usque</strong></span> <span class='ocrx_word' id='word_1_470' title='bbox 800 3479 925 3533; x_wconf 91' lang='lat' dir='ltr'><strong>dum</strong></span> <span class='ocrx_word' id='word_1_471' title='bbox 969 3481 1238 3546; x_wconf 69' lang='lat' dir='ltr'><strong>[.erveniat</strong></span> <span class='ocrx_word' id='word_1_472' title='bbox 1258 3479 1375 3550; x_wconf 83' lang='lat' dir='ltr'><strong>ejus</strong></span> <span class='ocrx_word' id='word_1_473' title='bbox 1402 3481 1770 3536; x_wconf 86' lang='lat' dir='ltr'><strong>sanctiﬁcatio.</strong></span> <span class='ocrx_word' id='word_1_474' title='bbox 1802 3482 1978 3537; x_wconf 83' lang='lat' dir='ltr'><strong>Finxit</strong></span> <span class='ocrx_word' id='word_1_475' title='bbox 2006 3484 2149 3538; x_wconf 89' lang='lat' dir='ltr'><strong>enim</strong></span> 
     </span>
    </p>
   </div>
   <div class='ocr_carea' id='block_1_67' title="bbox 593 3570 2149 3638">
    <p class='ocr_par' dir='ltr' id='par_1_67' title="bbox 593 3570 2149 3638">
     <span class='ocr_line' id='line_1_67' title="bbox 593 3570 2149 3638; baseline 0.004 -19"><span class='ocrx_word' id='word_1_476' title='bbox 593 3583 673 3632; x_wconf 84' lang='lat' dir='ltr'><strong>se,</strong></span> <span class='ocrx_word' id='word_1_477' title='bbox 706 3576 955 3636; x_wconf 80' lang='lat' dir='ltr'><strong>tanquam</strong></span> <span class='ocrx_word' id='word_1_478' title='bbox 985 3570 1029 3622; x_wconf 89' lang='lat' dir='ltr'><strong>si</strong></span> <span class='ocrx_word' id='word_1_479' title='bbox 1068 3584 1188 3623; x_wconf 91' lang='lat' dir='ltr'><strong>eum</strong></span> <span class='ocrx_word' id='word_1_480' title='bbox 1218 3571 1420 3624; x_wconf 86' lang='lat' dir='ltr'><strong>ventris</strong></span> <span class='ocrx_word' id='word_1_481' title='bbox 1469 3572 1755 3626; x_wconf 84' lang='lat' dir='ltr'><strong>necessitas</strong></span> <span class='ocrx_word' id='word_1_482' title='bbox 1785 3572 2149 3638; x_wconf 85' lang='lat' dir='ltr'><strong>compulisset.</strong></span> 
     </span>
    </p>
   </div>
   <div class='ocr_carea' id='block_1_68' title="bbox 589 3659 2154 3733">
    <p class='ocr_par' dir='ltr' id='par_1_68' title="bbox 589 3659 2154 3733">
     <span class='ocr_line' id='line_1_68' title="bbox 589 3659 2154 3733; baseline 0.001 -18"><span class='ocrx_word' id='word_1_483' title='bbox 589 3659 657 3715; x_wconf 79' lang='lat' dir='ltr'><strong>Et</strong></span> <span class='ocrx_word' id='word_1_484' title='bbox 684 3661 903 3714; x_wconf 85' lang='lat' dir='ltr'><strong>veniens</strong></span> <span class='ocrx_word' id='word_1_485' title='bbox 944 3659 999 3713; x_wconf 86' lang='lat' dir='ltr'><strong>in</strong></span> <span class='ocrx_word' id='word_1_486' title='bbox 1041 3661 1354 3715; x_wconf 86' lang='lat' dir='ltr'><strong>honorabile</strong></span> <span class='ocrx_word' id='word_1_487' title='bbox 1396 3662 1802 3717; x_wconf 86' lang='lat' dir='ltr'><strong>cimiliarchium</strong></span> <span class='ocrx_word' id='word_1_488' title='bbox 1829 3663 1969 3733; x_wconf 79' lang='grc'><strong>(45),</strong></span> <span class='ocrx_word' id='word_1_489' title='bbox 2008 3663 2154 3718; x_wconf 87' lang='lat' dir='ltr'><strong>misit</strong></span> 
     </span>
    </p>
   </div>
   <div class='ocr_carea' id='block_1_69' title="bbox 544 3748 2152 3823">
    <p class='ocr_par' dir='ltr' id='par_1_69' title="bbox 544 3748 2152 3823">
     <span class='ocr_line' id='line_1_69' title="bbox 544 3748 2152 3823; baseline 0.003 -19"><span class='ocrx_word' id='word_1_490' title='bbox 544 3784 549 3789; x_wconf 98' lang='lat'><strong><em>-</em></strong></span> <span class='ocrx_word' id='word_1_491' title='bbox 588 3751 764 3804; x_wconf 87' lang='lat' dir='ltr'><strong>statim</strong></span> <span class='ocrx_word' id='word_1_492' title='bbox 811 3748 920 3804; x_wconf 78' lang='lat' dir='ltr'><strong>fere</strong></span> <span class='ocrx_word' id='word_1_493' title='bbox 961 3750 1141 3820; x_wconf 71' lang='lat' dir='ltr'><strong>viginti</strong></span> <span class='ocrx_word' id='word_1_494' title='bbox 1191 3751 1657 3817; x_wconf 77' lang='lat' dir='ltr'><strong>hebdomadarios,</strong></span> <span class='ocrx_word' id='word_1_495' title='bbox 1707 3761 2005 3822; x_wconf 68' lang='lat' dir='ltr'><strong>quaerentes</strong></span> <span class='ocrx_word' id='word_1_496' title='bbox 2039 3755 2152 3823; x_wconf 84' lang='lat' dir='ltr'><strong>jam</strong></span> 
     </span>
    </p>
   </div>
   <div class='ocr_carea' id='block_1_70' title="bbox 588 3839 2149 3914">
    <p class='ocr_par' dir='ltr' id='par_1_70' title="bbox 588 3839 2149 3914">
     <span class='ocr_line' id='line_1_70' title="bbox 588 3839 2149 3914; baseline 0.003 -22"><span class='ocrx_word' id='word_1_497' title='bbox 588 3839 787 3894; x_wconf 89' lang='lat' dir='ltr'><strong>dictum</strong></span> <span class='ocrx_word' id='word_1_498' title='bbox 826 3841 949 3892; x_wconf 89' lang='lat' dir='ltr'><strong>mali</strong></span> <span class='ocrx_word' id='word_1_499' title='bbox 981 3840 1123 3894; x_wconf 91' lang='lat' dir='ltr'><strong>modi</strong></span> <span class='ocrx_word' id='word_1_500' title='bbox 1170 3843 1420 3896; x_wconf 89' lang='lat' dir='ltr'><strong>clericum</strong></span> <span class='ocrx_word' id='word_1_501' title='bbox 1451 3841 1588 3914; x_wconf 75' lang='grc'><strong>(46).</strong></span> <span class='ocrx_word' id='word_1_502' title='bbox 1619 3843 1848 3899; x_wconf 88' lang='lat' dir='ltr'><strong>Intentio</strong></span> <span class='ocrx_word' id='word_1_503' title='bbox 1875 3843 2015 3898; x_wconf 80' lang='lat' dir='ltr'><strong>enim</strong></span> <span class='ocrx_word' id='word_1_504' title='bbox 2058 3859 2149 3913; x_wconf 89' lang='lat' dir='ltr'><strong>pa-</strong></span> 
     </span>
    </p>
   </div>
   <div class='ocr_carea' id='block_1_71' title="bbox 592 3929 2157 3997">
    <p class='ocr_par' dir='ltr' id='par_1_71' title="bbox 592 3929 2157 3997">
     <span class='ocr_line' id='line_1_71' title="bbox 592 3929 2157 3997; baseline 0.003 -14"><span class='ocrx_word' id='word_1_505' title='bbox 592 3931 754 3985; x_wconf 82' lang='lat' dir='ltr'><strong>storis</strong></span> <span class='ocrx_word' id='word_1_506' title='bbox 776 3929 888 3985; x_wconf 84' lang='lat' dir='ltr'><strong>haec</strong></span> <span class='ocrx_word' id='word_1_507' title='bbox 909 3938 1047 3997; x_wconf 90' lang='lat' dir='ltr'><strong>erat,</strong></span> <span class='ocrx_word' id='word_1_508' title='bbox 1070 3939 1128 3985; x_wconf 90' lang='lat' dir='ltr'><strong>ut</strong></span> <span class='ocrx_word' id='word_1_509' title='bbox 1143 3932 1395 3987; x_wconf 87' lang='lat' dir='ltr'><strong>educeret</strong></span> <span class='ocrx_word' id='word_1_510' title='bbox 1414 3932 1481 3986; x_wconf 89' lang='lat' dir='ltr'><strong>de</strong></span> <span class='ocrx_word' id='word_1_511' title='bbox 1502 3949 1601 3987; x_wconf 85' lang='lat' dir='ltr'><strong>ore</strong></span> <span class='ocrx_word' id='word_1_512' title='bbox 1621 3933 1791 3987; x_wconf 87' lang='lat' dir='ltr'><strong>leonis</strong></span> <span class='ocrx_word' id='word_1_513' title='bbox 1813 3949 1991 3990; x_wconf 88' lang='lat' dir='ltr'><strong>ovem.</strong></span> <span class='ocrx_word' id='word_1_514' title='bbox 2016 3934 2157 3988; x_wconf 89' lang='lat' dir='ltr'><strong>Dens</strong></span> 
     </span>
    </p>
   </div>
   <div class='ocr_carea' id='block_1_72' title="bbox 591 4020 2154 4092">
    <p class='ocr_par' dir='ltr' id='par_1_72' title="bbox 591 4020 2154 4092">
     <span class='ocr_line' id='line_1_72' title="bbox 591 4020 2154 4092; baseline 0.003 -19"><span class='ocrx_word' id='word_1_515' title='bbox 591 4034 741 4087; x_wconf 82' lang='lat' dir='ltr'><strong>vero,</strong></span> <span class='ocrx_word' id='word_1_516' title='bbox 775 4020 866 4089; x_wconf 76' lang='lat' dir='ltr'><strong>qui</strong></span> <span class='ocrx_word' id='word_1_517' title='bbox 896 4020 1221 4076; x_wconf 87' lang='lat' dir='ltr'><strong>voluntatem</strong></span> <span class='ocrx_word' id='word_1_518' title='bbox 1253 4022 1549 4077; x_wconf 86' lang='lat' dir='ltr'><strong>timentium</strong></span> <span class='ocrx_word' id='word_1_519' title='bbox 1592 4039 1651 4077; x_wconf 89' lang='lat' dir='ltr'><strong>se</strong></span> <span class='ocrx_word' id='word_1_520' title='bbox 1678 4020 1827 4088; x_wconf 85' lang='lat' dir='ltr'><strong>facit,</strong></span> <span class='ocrx_word' id='word_1_521' title='bbox 1874 4023 1996 4078; x_wconf 79' lang='lat' dir='ltr'><strong>fecit</strong></span> <span class='ocrx_word' id='word_1_522' title='bbox 2040 4038 2154 4092; x_wconf 71' lang='lat' dir='ltr'><strong>prae</strong></span> 
     </span>
    </p>
   </div>
   <div class='ocr_carea' id='block_1_73' title="bbox 593 4111 2155 4178">
    <p class='ocr_par' dir='ltr' id='par_1_73' title="bbox 593 4111 2155 4178">
     <span class='ocr_line' id='line_1_73' title="bbox 593 4111 2155 4178; baseline 0.003 -16"><span class='ocrx_word' id='word_1_523' title='bbox 593 4112 838 4163; x_wconf 89' lang='lat' dir='ltr'><strong>manibus</strong></span> <span class='ocrx_word' id='word_1_524' title='bbox 864 4111 1089 4164; x_wconf 88' lang='lat' dir='ltr'><strong>inveniri</strong></span> <span class='ocrx_word' id='word_1_525' title='bbox 1117 4126 1241 4165; x_wconf 84' lang='lat' dir='ltr'><strong>mox</strong></span> <span class='ocrx_word' id='word_1_526' title='bbox 1276 4111 1552 4167; x_wconf 83' lang='lat' dir='ltr'><strong>clericum.</strong></span> <span class='ocrx_word' id='word_1_527' title='bbox 1584 4112 1649 4166; x_wconf 81' lang='lat' dir='ltr'><strong>Et</strong></span> <span class='ocrx_word' id='word_1_528' title='bbox 1688 4112 1937 4166; x_wconf 88' lang='lat' dir='ltr'><strong>veniente</strong></span> <span class='ocrx_word' id='word_1_529' title='bbox 1981 4126 2068 4178; x_wconf 91' lang='lat' dir='ltr'><strong>eo,</strong></span> <span class='ocrx_word' id='word_1_530' title='bbox 2102 4121 2155 4166; x_wconf 93' lang='lat' dir='ltr'><strong>et</strong></span> 
     </span>
    </p>
   </div>
   <div class='ocr_carea' id='block_1_74' title="bbox 593 4201 2153 4273">
    <p class='ocr_par' dir='ltr' id='par_1_74' title="bbox 593 4201 2153 4273">
     <span class='ocr_line' id='line_1_74' title="bbox 593 4201 2153 4273; baseline 0.003 -20"><span class='ocrx_word' id='word_1_531' title='bbox 593 4201 804 4255; x_wconf 88' lang='lat' dir='ltr'><strong>veritati</strong></span> <span class='ocrx_word' id='word_1_532' title='bbox 852 4201 1208 4256; x_wconf 79' lang='lat' dir='ltr'><strong>teatimonium</strong></span> <span class='ocrx_word' id='word_1_533' title='bbox 1256 4205 1610 4271; x_wconf 83' lang='lat' dir='ltr'><strong>perliibente,</strong></span> <span class='ocrx_word' id='word_1_534' title='bbox 1661 4202 1807 4273; x_wconf 85' lang='lat' dir='ltr'><strong>prior</strong></span> <span class='ocrx_word' id='word_1_535' title='bbox 1854 4205 2153 4272; x_wconf 86' lang='lat' dir='ltr'><strong>patriarcha</strong></span> 
     </span>
    </p>
   </div>
   <div class='ocr_carea' id='block_1_75' title="bbox 595 4288 2157 4362">
    <p class='ocr_par' dir='ltr' id='par_1_75' title="bbox 595 4288 2157 4362">
     <span class='ocr_line' id='line_1_75' title="bbox 595 4288 2157 4362; baseline 0.003 -19"><span class='ocrx_word' id='word_1_536' title='bbox 595 4306 730 4358; x_wconf 79' lang='lat' dir='ltr'><strong>genu</strong></span> <span class='ocrx_word' id='word_1_537' title='bbox 776 4290 943 4354; x_wconf 87' lang='lat' dir='ltr'><strong>ﬁexit,</strong></span> <span class='ocrx_word' id='word_1_538' title='bbox 993 4288 1458 4362; x_wconf 78' lang='lat' dir='ltr'><strong>dicens:lndulge</strong></span> <span class='ocrx_word' id='word_1_539' title='bbox 1499 4293 1650 4359; x_wconf 89' lang='lat' dir='ltr'><strong>mihi,</strong></span> <span class='ocrx_word' id='word_1_540' title='bbox 1703 4294 1885 4347; x_wconf 72' lang='lat' dir='ltr'><strong>frater.</strong></span> <span class='ocrx_word' id='word_1_541' title='bbox 1946 4293 2157 4347; x_wconf 78' lang='lat' dir='ltr'><strong>Veritus</strong></span> 
     </span>
    </p>
   </div>
   <div class='ocr_carea' id='block_1_76' title="bbox 2251 3108 3554 3189">
    <p class='ocr_par' dir='ltr' id='par_1_76' title="bbox 2251 3108 3554 3189">
     <span class='ocr_line' id='line_1_76' title="bbox 2251 3108 3554 3189; baseline -0.002 -23"><span class='ocrx_word' id='word_1_542' title='bbox 2251 3113 2589 3189; x_wconf 84' lang='lat' dir='ltr'><strong>alterutrum,</strong></span> <span class='ocrx_word' id='word_1_543' title='bbox 2617 3113 2894 3169; x_wconf 83' lang='lat' dir='ltr'><strong>sederunt.</strong></span> <span class='ocrx_word' id='word_1_544' title='bbox 2944 3118 3004 3170; x_wconf 82' lang='lat' dir='ltr'><strong>Et</strong></span> <span class='ocrx_word' id='word_1_545' title='bbox 3033 3117 3250 3184; x_wconf 84' lang='lat' dir='ltr'><strong>aperiens</strong></span> <span class='ocrx_word' id='word_1_546' title='bbox 3271 3128 3318 3166; x_wconf 81' lang='lat' dir='ltr'><strong>os</strong></span> <span class='ocrx_word' id='word_1_547' title='bbox 3344 3108 3554 3175; x_wconf 63' lang='lat' dir='ltr'><strong>suum</strong></span> 
     </span>
    </p>
   </div>
   <div class='ocr_carea' id='block_1_77' title="bbox 2252 3197 3554 3273">
    <p class='ocr_par' dir='ltr' id='par_1_77' title="bbox 2252 3197 3554 3273">
     <span class='ocr_line' id='line_1_77' title="bbox 2252 3197 3554 3273; baseline -0.003 -15"><span class='ocrx_word' id='word_1_548' title='bbox 2252 3203 2372 3269; x_wconf 88' lang='lat' dir='ltr'><strong>cha,</strong></span> <span class='ocrx_word' id='word_1_549' title='bbox 2421 3203 2787 3260; x_wconf 86' lang='lat' dir='ltr'><strong>dixit:Crede</strong></span> <span class='ocrx_word' id='word_1_550' title='bbox 2834 3208 2994 3271; x_wconf 86' lang='lat' dir='ltr'><strong>mihi,</strong></span> <span class='ocrx_word' id='word_1_551' title='bbox 3036 3208 3247 3273; x_wconf 85' lang='lat' dir='ltr'><strong>domine,</strong></span> <span class='ocrx_word' id='word_1_552' title='bbox 3281 3197 3554 3268; x_wconf 59' lang='lat' dir='ltr'><strong>animum</strong></span> 
     </span>
    </p>
   </div>
   <div class='ocr_carea' id='block_1_78' title="bbox 2252 3294 3551 3373">
    <p class='ocr_par' dir='ltr' id='par_1_78' title="bbox 2252 3294 3551 3373">
     <span class='ocr_line' id='line_1_78' title="bbox 2252 3294 3551 3373; baseline 0 -25"><span class='ocrx_word' id='word_1_553' title='bbox 2252 3295 2408 3350; x_wconf 85' lang='lat' dir='ltr'><strong>valde</strong></span> <span class='ocrx_word' id='word_1_554' title='bbox 2454 3295 2765 3373; x_wconf 61' lang='lat' dir='ltr'><strong>tribulatum</strong></span> <span class='ocrx_word' id='word_1_555' title='bbox 2807 3297 2877 3352; x_wconf 86' lang='lat' dir='ltr'><strong>de</strong></span> <span class='ocrx_word' id='word_1_556' title='bbox 2918 3299 3036 3362; x_wconf 89' lang='lat' dir='ltr'><strong>hoc,</strong></span> <span class='ocrx_word' id='word_1_557' title='bbox 3074 3299 3173 3368; x_wconf 83' lang='lat' dir='ltr'><strong>jam</strong></span> <span class='ocrx_word' id='word_1_558' title='bbox 3208 3310 3292 3351; x_wconf 82' lang='lat' dir='ltr'><strong>son</strong></span> <span class='ocrx_word' id='word_1_559' title='bbox 3329 3294 3551 3361; x_wconf 54' lang='lat' dir='ltr'><strong>pigritiae!</strong></span> 
     </span>
    </p>
   </div>
   <div class='ocr_carea' id='block_1_79' title="bbox 2254 3375 3553 3446">
    <p class='ocr_par' dir='ltr' id='par_1_79' title="bbox 2254 3375 3553 3446">
     <span class='ocr_line' id='line_1_79' title="bbox 2254 3375 3553 3446; baseline -0.004 -5"><span class='ocrx_word' id='word_1_560' title='bbox 2254 3388 2438 3442; x_wconf 87' lang='lat' dir='ltr'><strong>venire</strong></span> <span class='ocrx_word' id='word_1_561' title='bbox 2464 3389 2529 3443; x_wconf 88' lang='lat' dir='ltr'><strong>ad</strong></span> <span class='ocrx_word' id='word_1_562' title='bbox 2551 3390 2849 3445; x_wconf 78' lang='lat' dir='ltr'><strong>claritatem</strong></span> <span class='ocrx_word' id='word_1_563' title='bbox 2887 3400 3050 3446; x_wconf 87' lang='lat' dir='ltr'><strong>tuam.</strong></span> <span class='ocrx_word' id='word_1_564' title='bbox 3076 3391 3255 3445; x_wconf 84' lang='lat' dir='ltr'><strong>Etenim</strong></span> <span class='ocrx_word' id='word_1_565' title='bbox 3281 3375 3553 3440; x_wconf 72' lang='lat' dir='ltr'><strong>Demianth</strong></span> 
     </span>
    </p>
   </div>
   <div class='ocr_carea' id='block_1_80' title="bbox 2253 3471 3549 3548">
    <p class='ocr_par' dir='ltr' id='par_1_80' title="bbox 2253 3471 3549 3548">
     <span class='ocr_line' id='line_1_80' title="bbox 2253 3471 3549 3548; baseline -0.009 -16"><span class='ocrx_word' id='word_1_566' title='bbox 2253 3487 2437 3533; x_wconf 89' lang='lat' dir='ltr'><strong>noster</strong></span> <span class='ocrx_word' id='word_1_567' title='bbox 2466 3481 2579 3548; x_wconf 86' lang='lat' dir='ltr'><strong>ipse</strong></span> <span class='ocrx_word' id='word_1_568' title='bbox 2626 3481 2889 3535; x_wconf 79' lang='lat' dir='ltr'><strong>circuibat</strong></span> <span class='ocrx_word' id='word_1_569' title='bbox 2915 3480 3141 3535; x_wconf 79' lang='lat' dir='ltr'><strong>civitates</strong></span> <span class='ocrx_word' id='word_1_570' title='bbox 3178 3485 3226 3532; x_wconf 88' lang='lat' dir='ltr'><strong>et</strong></span> <span class='ocrx_word' id='word_1_571' title='bbox 3243 3474 3442 3529; x_wconf 78' lang='lat' dir='ltr'><strong>castellaet</strong></span> <span class='ocrx_word' id='word_1_572' title='bbox 3461 3471 3549 3516; x_wconf 58' lang='grc' dir='ltr'><strong>δα</strong></span> 
     </span>
    </p>
   </div>
   <div class='ocr_carea' id='block_1_81' title="bbox 2250 3561 3552 3624">
    <p class='ocr_par' dir='ltr' id='par_1_81' title="bbox 2250 3561 3552 3624">
     <span class='ocr_line' id='line_1_81' title="bbox 2250 3561 3552 3624; baseline -0.005 -5"><span class='ocrx_word' id='word_1_573' title='bbox 2250 3567 2516 3621; x_wconf 84' lang='lat' dir='ltr'><strong>visitando</strong></span> <span class='ocrx_word' id='word_1_574' title='bbox 2539 3567 2803 3623; x_wconf 87' lang='lat' dir='ltr'><strong>homines.</strong></span> <span class='ocrx_word' id='word_1_575' title='bbox 2824 3571 3083 3624; x_wconf 84' lang='lat' dir='ltr'><strong>Omnibus</strong></span> <span class='ocrx_word' id='word_1_576' title='bbox 3102 3576 3250 3622; x_wconf 83' lang='lat' dir='ltr'><strong>autem</strong></span> <span class='ocrx_word' id='word_1_577' title='bbox 3270 3561 3552 3617; x_wconf 63' lang='lat' dir='ltr'><strong>similitates!!!l</strong></span> 
     </span>
    </p>
   </div>
   <div class='ocr_carea' id='block_1_82' title="bbox 2251 3650 3545 3737">
    <p class='ocr_par' dir='ltr' id='par_1_82' title="bbox 2251 3650 3545 3737">
     <span class='ocr_line' id='line_1_82' title="bbox 2251 3650 3545 3737; baseline -0.007 -24"><span class='ocrx_word' id='word_1_578' title='bbox 2251 3660 2549 3714; x_wconf 86' lang='lat' dir='ltr'><strong>sacerdotis</strong></span> <span class='ocrx_word' id='word_1_579' title='bbox 2573 3660 2866 3727; x_wconf 69' lang='lat' dir='ltr'><strong>aediﬁcatis,</strong></span> <span class='ocrx_word' id='word_1_580' title='bbox 2902 3672 2957 3717; x_wconf 89' lang='lat' dir='ltr'><strong>et</strong></span> <span class='ocrx_word' id='word_1_581' title='bbox 2982 3658 3286 3715; x_wconf 82' lang='lat' dir='ltr'><strong>admiratione</strong></span> <span class='ocrx_word' id='word_1_582' title='bbox 3308 3650 3437 3721; x_wconf 79' lang='lat' dir='ltr'><strong>plenis,</strong></span> 
     </span>
    </p>
   </div>
   <div class='ocr_carea' id='block_1_83' title="bbox 2253 3736 3551 3823">
    <p class='ocr_par' dir='ltr' id='par_1_83' title="bbox 2253 3736 3551 3823">
     <span class='ocr_line' id='line_1_83' title="bbox 2253 3736 3551 3823; baseline 0.001 -20"><span class='ocrx_word' id='word_1_583' title='bbox 2253 3748 2332 3803; x_wconf 90' lang='lat' dir='ltr'><strong>dit</strong></span> <span class='ocrx_word' id='word_1_584' title='bbox 2370 3750 2438 3804; x_wconf 90' lang='lat' dir='ltr'><strong>ad</strong></span> <span class='ocrx_word' id='word_1_585' title='bbox 2500 3765 2630 3807; x_wconf 86' lang='lat' dir='ltr'><strong>eum</strong></span> <span class='ocrx_word' id='word_1_586' title='bbox 2681 3752 2996 3823; x_wconf 85' lang='lat' dir='ltr'><strong>patricius:</strong></span> <span class='ocrx_word' id='word_1_587' title='bbox 3048 3749 3215 3812; x_wconf 82' lang='lat' dir='ltr'><strong>Crede,</strong></span> <span class='ocrx_word' id='word_1_588' title='bbox 3232 3736 3551 3805; x_wconf 46' lang='lat' dir='ltr'><strong>Patientia“</strong></span> 
     </span>
    </p>
   </div>
   <div class='ocr_carea' id='block_1_84' title="bbox 2256 3824 3549 3911">
    <p class='ocr_par' dir='ltr' id='par_1_84' title="bbox 2256 3824 3549 3911">
     <span class='ocr_line' id='line_1_84' title="bbox 2256 3824 3549 3911; baseline 0.005 -18"><span class='ocrx_word' id='word_1_589' title='bbox 2256 3853 2363 3893; x_wconf 87' lang='lat' dir='ltr'><strong>non</strong></span> <span class='ocrx_word' id='word_1_590' title='bbox 2392 3837 2605 3908; x_wconf 89' lang='lat' dir='ltr'><strong>capient</strong></span> <span class='ocrx_word' id='word_1_591' title='bbox 2649 3853 2803 3894; x_wconf 84' lang='lat' dir='ltr'><strong>aures</strong></span> <span class='ocrx_word' id='word_1_592' title='bbox 2844 3856 2981 3894; x_wconf 66' lang='lat' dir='ltr'><strong>mea</strong></span> <span class='ocrx_word' id='word_1_593' title='bbox 3017 3854 3178 3894; x_wconf 87' lang='lat' dir='ltr'><strong>eorum</strong></span> <span class='ocrx_word' id='word_1_594' title='bbox 3203 3838 3338 3895; x_wconf 75' lang='lat' dir='ltr'><strong>verba.</strong></span> <span class='ocrx_word' id='word_1_595' title='bbox 3360 3831 3415 3896; x_wconf 57' lang='grc' dir='ltr'>φά</span> <span class='ocrx_word' id='word_1_596' title='bbox 3436 3824 3549 3911; x_wconf 35' lang='grc' dir='ltr'><strong>θεῷ</strong></span> 
     </span>
    </p>
   </div>
   <div class='ocr_carea' id='block_1_85' title="bbox 2255 3912 3550 3997">
    <p class='ocr_par' dir='ltr' id='par_1_85' title="bbox 2255 3912 3550 3997">
     <span class='ocr_line' id='line_1_85' title="bbox 2255 3912 3550 3997; baseline -0.015 -16"><span class='ocrx_word' id='word_1_597' title='bbox 2255 3927 2387 3983; x_wconf 88' lang='lat' dir='ltr'><strong>mihi</strong></span> <span class='ocrx_word' id='word_1_598' title='bbox 2427 3939 2716 3997; x_wconf 76' lang='lat' dir='ltr'><strong>suggerunt</strong></span> <span class='ocrx_word' id='word_1_599' title='bbox 2753 3943 2859 3983; x_wconf 89' lang='lat' dir='ltr'><strong>res.</strong></span> <span class='ocrx_word' id='word_1_600' title='bbox 2902 3931 3050 3985; x_wconf 88' lang='lat' dir='ltr'><strong>Tunc</strong></span> <span class='ocrx_word' id='word_1_601' title='bbox 3081 3929 3260 3997; x_wconf 85' lang='lat' dir='ltr'><strong>sapiens</strong></span> <span class='ocrx_word' id='word_1_602' title='bbox 3286 3923 3412 3975; x_wconf 81' lang='lat' dir='ltr'><strong>doctor</strong></span> <span class='ocrx_word' id='word_1_603' title='bbox 3432 3912 3499 3965; x_wconf 75' lang='lat' dir='ltr'><strong>dixit</strong></span> <span class='ocrx_word' id='word_1_604' title='bbox 3514 3918 3550 3955; x_wconf 75' lang='grc' dir='ltr'><strong>α’</strong></span> 
     </span>
    </p>
   </div>
   <div class='ocr_carea' id='block_1_86' title="bbox 2257 4004 3549 4086">
    <p class='ocr_par' dir='ltr' id='par_1_86' title="bbox 2257 4004 3549 4086">
     <span class='ocr_line' id='line_1_86' title="bbox 2257 4004 3549 4086; baseline -0.011 -15"><span class='ocrx_word' id='word_1_605' title='bbox 2257 4016 2450 4086; x_wconf 85' lang='lat' dir='ltr'><strong>Crede,</strong></span> <span class='ocrx_word' id='word_1_606' title='bbox 2482 4018 2555 4071; x_wconf 88' lang='lat' dir='ltr'><strong>ﬁli</strong></span> <span class='ocrx_word' id='word_1_607' title='bbox 2581 4028 2638 4072; x_wconf 91' lang='lat' dir='ltr'><strong>et</strong></span> <span class='ocrx_word' id='word_1_608' title='bbox 2660 4017 2846 4084; x_wconf 76' lang='lat' dir='ltr'><strong>frater,</strong></span> <span class='ocrx_word' id='word_1_609' title='bbox 2878 4021 2929 4073; x_wconf 84' lang='lat' dir='ltr'><strong>si</strong></span> <span class='ocrx_word' id='word_1_610' title='bbox 2964 4020 3186 4073; x_wconf 85' lang='lat' dir='ltr'><strong>omnibus</strong></span> <span class='ocrx_word' id='word_1_611' title='bbox 3221 4015 3287 4067; x_wconf 86' lang='lat' dir='ltr'><strong>his</strong></span> <span class='ocrx_word' id='word_1_612' title='bbox 3305 4004 3549 4062; x_wconf 56' lang='lat' dir='ltr'><strong>ieiunia-0&quot;</strong></span> 
     </span>
    </p>
   </div>
   <div class='ocr_carea' id='block_1_87' title="bbox 2257 4096 3549 4185">
    <p class='ocr_par' dir='ltr' id='par_1_87' title="bbox 2257 4096 3549 4185">
     <span class='ocr_line' id='line_1_87' title="bbox 2257 4096 3549 4185; baseline -0.009 -22"><span class='ocrx_word' id='word_1_613' title='bbox 2257 4108 2408 4173; x_wconf 89' lang='lat' dir='ltr'><strong>dere,</strong></span> <span class='ocrx_word' id='word_1_614' title='bbox 2433 4110 2721 4164; x_wconf 86' lang='lat' dir='ltr'><strong>multorum</strong></span> <span class='ocrx_word' id='word_1_615' title='bbox 2745 4121 3075 4179; x_wconf 86' lang='lat' dir='ltr'><strong>peccatorum</strong></span> <span class='ocrx_word' id='word_1_616' title='bbox 3104 4108 3272 4161; x_wconf 84' lang='lat' dir='ltr'><strong>erimus</strong></span> <span class='ocrx_word' id='word_1_617' title='bbox 3286 4096 3432 4155; x_wconf 72' lang='lat' dir='ltr'><strong>domini.</strong></span> 
     </span>
    </p>
   </div>
   <div class='ocr_carea' id='block_1_88' title="bbox 2255 4187 3545 4270">
    <p class='ocr_par' dir='ltr' id='par_1_88' title="bbox 2255 4187 3545 4270">
     <span class='ocr_line' id='line_1_88' title="bbox 2255 4187 3545 4270; baseline -0.005 -16"><span class='ocrx_word' id='word_1_618' title='bbox 2255 4200 2309 4255; x_wconf 92' lang='lat' dir='ltr'><strong>in</strong></span> <span class='ocrx_word' id='word_1_619' title='bbox 2354 4211 2592 4269; x_wconf 89' lang='lat' dir='ltr'><strong>tempore</strong></span> <span class='ocrx_word' id='word_1_620' title='bbox 2622 4201 2744 4265; x_wconf 90' lang='lat' dir='ltr'><strong>hoc,</strong></span> <span class='ocrx_word' id='word_1_621' title='bbox 2793 4204 3005 4270; x_wconf 90' lang='lat' dir='ltr'><strong>quando</strong></span> <span class='ocrx_word' id='word_1_622' title='bbox 3032 4200 3143 4253; x_wconf 77' lang='lat' dir='ltr'><strong>iacti</strong></span> <span class='ocrx_word' id='word_1_623' title='bbox 3168 4202 3267 4250; x_wconf 87' lang='lat' dir='ltr'><strong>sunt</strong></span> <span class='ocrx_word' id='word_1_624' title='bbox 3292 4188 3394 4244; x_wconf 69' lang='lat' dir='ltr'><strong>mulli</strong></span> <span class='ocrx_word' id='word_1_625' title='bbox 3422 4187 3545 4270; x_wconf 41' lang='grc' dir='ltr'><strong>λαβέ</strong></span> 
     </span>
    </p>
   </div>
   <div class='ocr_carea' id='block_1_89' title="bbox 2260 4264 3544 4346">
    <p class='ocr_par' dir='ltr' id='par_1_89' title="bbox 2260 4264 3544 4346">
     <span class='ocr_line' id='line_1_89' title="bbox 2260 4264 3544 4346; baseline -0.012 -1"><span class='ocrx_word' id='word_1_626' title='bbox 2260 4264 2485 4345; x_wconf 74' lang='lat' dir='ltr'><strong>invicem</strong></span> <span class='ocrx_word' id='word_1_627' title='bbox 2513 4264 2774 4346; x_wconf 86' lang='lat' dir='ltr'><strong>odietttes.</strong></span> <span class='ocrx_word' id='word_1_628' title='bbox 2810 4264 3073 4346; x_wconf 59' lang='lat' dir='ltr'><strong>hiultoties</strong></span> <span class='ocrx_word' id='word_1_629' title='bbox 3113 4292 3232 4343; x_wconf 87' lang='lat' dir='ltr'><strong>enim</strong></span> <span class='ocrx_word' id='word_1_630' title='bbox 3269 4293 3309 4337; x_wconf 88' lang='lat' dir='ltr'><strong>et</strong></span> <span class='ocrx_word' id='word_1_631' title='bbox 3343 4274 3423 4331; x_wconf 70' lang='lat' dir='ltr'><strong>mihi</strong></span> <span class='ocrx_word' id='word_1_632' title='bbox 3446 4264 3544 4322; x_wconf 57' lang='lat'><strong>“3&quot;”</strong></span> 
     </span>
    </p>
   </div>
   <div class='ocr_carea' id='block_1_90' title="bbox 594 4358 3544 4452">
    <p class='ocr_par' dir='ltr' id='par_1_90' title="bbox 594 4358 3544 4452">
     <span class='ocr_line' id='line_1_90' title="bbox 594 4358 3544 4452; baseline -0.004 -19"><span class='ocrx_word' id='word_1_633' title='bbox 594 4395 722 4449; x_wconf 69' lang='lat' dir='ltr'><strong>ergo</strong></span> <span class='ocrx_word' id='word_1_634' title='bbox 742 4380 882 4434; x_wconf 88' lang='lat' dir='ltr'><strong>illius</strong></span> <span class='ocrx_word' id='word_1_635' title='bbox 912 4382 1225 4435; x_wconf 78' lang='lat' dir='ltr'><strong>lionorabile</strong></span> <span class='ocrx_word' id='word_1_636' title='bbox 1246 4358 1593 4448; x_wconf 78' lang='lat' dir='ltr'><strong>pontiﬁcium,</strong></span> <span class='ocrx_word' id='word_1_637' title='bbox 1624 4358 1678 4437; x_wconf 84' lang='lat' dir='ltr'><strong>et</strong></span> <span class='ocrx_word' id='word_1_638' title='bbox 1715 4399 1899 4437; x_wconf 87' lang='lat' dir='ltr'><strong>eorum</strong></span> <span class='ocrx_word' id='word_1_639' title='bbox 1925 4382 2013 4451; x_wconf 88' lang='lat' dir='ltr'><strong>qui</strong></span> <span class='ocrx_word' id='word_1_640' title='bbox 2037 4384 2158 4437; x_wconf 85' lang='lat' dir='ltr'><strong>ade-</strong></span> <span class='ocrx_word' id='word_1_641' title='bbox 2189 4371 2237 4430; x_wconf 78' lang='grc' dir='ltr'><strong>ί)</strong></span> <span class='ocrx_word' id='word_1_642' title='bbox 2262 4391 2594 4436; x_wconf 83' lang='lat' dir='ltr'><strong>tentaverunt</strong></span> <span class='ocrx_word' id='word_1_643' title='bbox 2639 4383 2690 4435; x_wconf 78' lang='lat' dir='ltr'><strong>lii</strong></span> <span class='ocrx_word' id='word_1_644' title='bbox 2740 4383 2832 4451; x_wconf 91' lang='lat' dir='ltr'><strong>qui</strong></span> <span class='ocrx_word' id='word_1_645' title='bbox 2878 4381 3201 4452; x_wconf 68' lang='lat' dir='ltr'><strong>suggerebant</strong></span> <span class='ocrx_word' id='word_1_646' title='bbox 3236 4370 3331 4427; x_wconf 83' lang='lat' dir='ltr'><strong>Inibi</strong></span> 
     </span>
    </p>
   </div>
   <div class='ocr_carea' id='block_1_91' title="bbox 596 4471 2157 4540">
    <p class='ocr_par' dir='ltr' id='par_1_91' title="bbox 596 4471 2157 4540">
     <span class='ocr_line' id='line_1_91' title="bbox 596 4471 2157 4540; baseline 0.003 -15"><span class='ocrx_word' id='word_1_647' title='bbox 596 4478 718 4525; x_wconf 87' lang='lat' dir='ltr'><strong>rant</strong></span> <span class='ocrx_word' id='word_1_648' title='bbox 741 4471 1096 4539; x_wconf 59' lang='lat' dir='ltr'><strong>praesentiam,</strong></span> <span class='ocrx_word' id='word_1_649' title='bbox 1123 4472 1288 4539; x_wconf 74' lang='lat' dir='ltr'><strong>magis</strong></span> <span class='ocrx_word' id='word_1_650' title='bbox 1312 4486 1439 4525; x_wconf 85' lang='lat' dir='ltr'><strong>vero</strong></span> <span class='ocrx_word' id='word_1_651' title='bbox 1466 4474 1657 4526; x_wconf 87' lang='lat' dir='ltr'><strong>timens</strong></span> <span class='ocrx_word' id='word_1_652' title='bbox 1673 4474 1931 4538; x_wconf 84' lang='lat' dir='ltr'><strong>judicium</strong></span> <span class='ocrx_word' id='word_1_653' title='bbox 1966 4474 2076 4540; x_wconf 84' lang='lat' dir='ltr'><strong>Dei,</strong></span> <span class='ocrx_word' id='word_1_654' title='bbox 2103 4484 2157 4529; x_wconf 90' lang='lat' dir='ltr'><strong>et</strong></span> 
     </span>
    </p>
   </div>
   <div class='ocr_carea' id='block_1_92' title="bbox 596 4562 2154 4631">
    <p class='ocr_par' dir='ltr' id='par_1_92' title="bbox 596 4562 2154 4631">
     <span class='ocr_line' id='line_1_92' title="bbox 596 4562 2154 4631; baseline 0.003 -15"><span class='ocrx_word' id='word_1_655' title='bbox 596 4562 821 4617; x_wconf 87' lang='lat' dir='ltr'><strong>horrens</strong></span> <span class='ocrx_word' id='word_1_656' title='bbox 852 4577 920 4618; x_wconf 87' lang='lat' dir='ltr'><strong>ne</strong></span> <span class='ocrx_word' id='word_1_657' title='bbox 954 4562 1088 4616; x_wconf 82' lang='lat' dir='ltr'><strong>forte</strong></span> <span class='ocrx_word' id='word_1_658' title='bbox 1129 4562 1481 4618; x_wconf 88' lang='lat' dir='ltr'><strong>descenderet</strong></span> <span class='ocrx_word' id='word_1_659' title='bbox 1525 4566 1660 4631; x_wconf 73' lang='lat' dir='ltr'><strong>ignis</strong></span> <span class='ocrx_word' id='word_1_660' title='bbox 1688 4566 1755 4619; x_wconf 90' lang='lat' dir='ltr'><strong>de</strong></span> <span class='ocrx_word' id='word_1_661' title='bbox 1791 4568 1928 4621; x_wconf 70' lang='lat' dir='ltr'><strong>coelo</strong></span> <span class='ocrx_word' id='word_1_662' title='bbox 1966 4569 2154 4622; x_wconf 86' lang='lat' dir='ltr'><strong>eadem</strong></span> 
     </span>
    </p>
   </div>
   <div class='ocr_carea' id='block_1_93' title="bbox 601 4654 2155 4719">
    <p class='ocr_par' dir='ltr' id='par_1_93' title="bbox 601 4654 2155 4719">
     <span class='ocr_line' id='line_1_93' title="bbox 601 4654 2155 4719; baseline 0.003 -13"><span class='ocrx_word' id='word_1_663' title='bbox 601 4654 729 4707; x_wconf 81' lang='lat' dir='ltr'><strong>liora</strong></span> <span class='ocrx_word' id='word_1_664' title='bbox 784 4661 840 4707; x_wconf 89' lang='lat' dir='ltr'><strong>et</strong></span> <span class='ocrx_word' id='word_1_665' title='bbox 887 4662 1223 4708; x_wconf 85' lang='lat' dir='ltr'><strong>consumeret</strong></span> <span class='ocrx_word' id='word_1_666' title='bbox 1271 4669 1418 4719; x_wconf 89' lang='lat' dir='ltr'><strong>eum,</strong></span> <span class='ocrx_word' id='word_1_667' title='bbox 1475 4655 1742 4709; x_wconf 87' lang='lat' dir='ltr'><strong>videntem</strong></span> <span class='ocrx_word' id='word_1_668' title='bbox 1793 4656 2155 4710; x_wconf 71' lang='lat' dir='ltr'><strong>honorandum</strong></span> 
     </span>
    </p>
   </div>
   <div class='ocr_carea' id='block_1_94' title="bbox 596 4720 2156 4815">
    <p class='ocr_par' dir='ltr' id='par_1_94' title="bbox 596 4720 2156 4815">
     <span class='ocr_line' id='line_1_94' title="bbox 596 4720 2156 4815; baseline 0.001 -15"><span class='ocrx_word' id='word_1_669' title='bbox 596 4746 741 4800; x_wconf 87' lang='lat' dir='ltr'><strong>illam</strong></span> <span class='ocrx_word' id='word_1_670' title='bbox 782 4720 1033 4797; x_wconf 62' lang='lat' dir='ltr'><strong>canitiem</strong></span> <span class='ocrx_word' id='word_1_671' title='bbox 1079 4744 1221 4797; x_wconf 87' lang='lat' dir='ltr'><strong>humi</strong></span> <span class='ocrx_word' id='word_1_672' title='bbox 1257 4745 1542 4814; x_wconf 72' lang='lat' dir='ltr'><strong>iacentem,</strong></span> <span class='ocrx_word' id='word_1_673' title='bbox 1589 4761 1726 4815; x_wconf 75' lang='lat' dir='ltr'><strong>genu</strong></span> <span class='ocrx_word' id='word_1_674' title='bbox 1759 4746 1906 4802; x_wconf 85' lang='lat' dir='ltr'><strong>ﬂexit</strong></span> <span class='ocrx_word' id='word_1_675' title='bbox 1945 4758 1997 4800; x_wconf 91' lang='lat' dir='ltr'><strong>et</strong></span> <span class='ocrx_word' id='word_1_676' title='bbox 2023 4749 2156 4815; x_wconf 86' lang='lat' dir='ltr'><strong>ipse,</strong></span> 
     </span>
    </p>
   </div>
   <div class='ocr_carea' id='block_1_95' title="bbox 597 4835 2158 4907">
    <p class='ocr_par' dir='ltr' id='par_1_95' title="bbox 597 4835 2158 4907">
     <span class='ocr_line' id='line_1_95' title="bbox 597 4835 2158 4907; baseline 0.005 -22"><span class='ocrx_word' id='word_1_677' title='bbox 597 4845 784 4905; x_wconf 82' lang='lat' dir='ltr'><strong>petens</strong></span> <span class='ocrx_word' id='word_1_678' title='bbox 813 4835 1021 4888; x_wconf 90' lang='lat' dir='ltr'><strong>veniam</strong></span> <span class='ocrx_word' id='word_1_679' title='bbox 1052 4844 1106 4888; x_wconf 89' lang='lat' dir='ltr'><strong>et</strong></span> <span class='ocrx_word' id='word_1_680' title='bbox 1133 4838 1571 4891; x_wconf 86' lang='lat' dir='ltr'><strong>misericordiam.</strong></span> <span class='ocrx_word' id='word_1_681' title='bbox 1608 4838 1676 4891; x_wconf 86' lang='lat' dir='ltr'><strong>Et</strong></span> <span class='ocrx_word' id='word_1_682' title='bbox 1702 4839 1909 4893; x_wconf 89' lang='lat' dir='ltr'><strong>dicente</strong></span> <span class='ocrx_word' id='word_1_683' title='bbox 1936 4838 2158 4907; x_wconf 86' lang='lat' dir='ltr'><strong>patriar-</strong></span> 
     </span>
    </p>
   </div>
   <div class='ocr_carea' id='block_1_96' title="bbox 597 4924 2161 4997">
    <p class='ocr_par' dir='ltr' id='par_1_96' title="bbox 597 4924 2161 4997">
     <span class='ocr_line' id='line_1_96' title="bbox 597 4924 2161 4997; baseline 0.003 -19"><span class='ocrx_word' id='word_1_684' title='bbox 597 4925 736 4978; x_wconf 84' lang='lat' dir='ltr'><strong>cha:</strong></span> <span class='ocrx_word' id='word_1_685' title='bbox 765 4924 904 4978; x_wconf 91' lang='lat' dir='ltr'><strong>Deus</strong></span> <span class='ocrx_word' id='word_1_686' title='bbox 935 4924 1090 4978; x_wconf 92' lang='lat' dir='ltr'><strong>nobis</strong></span> <span class='ocrx_word' id='word_1_687' title='bbox 1135 4927 1383 4980; x_wconf 90' lang='lat' dir='ltr'><strong>omnibus</strong></span> <span class='ocrx_word' id='word_1_688' title='bbox 1412 4927 1700 4997; x_wconf 77' lang='lat' dir='ltr'><strong>indulgeat,</strong></span> <span class='ocrx_word' id='word_1_689' title='bbox 1733 4938 2080 4983; x_wconf 79' lang='lat' dir='ltr'><strong>surrexerunt</strong></span> <span class='ocrx_word' id='word_1_690' title='bbox 2106 4938 2161 4983; x_wconf 90' lang='lat' dir='ltr'><strong>et</strong></span> 
     </span>
    </p>
   </div>
   <div class='ocr_carea' id='block_1_97' title="bbox 596 5014 2160 5084">
    <p class='ocr_par' dir='ltr' id='par_1_97' title="bbox 596 5014 2160 5084">
     <span class='ocr_line' id='line_1_97' title="bbox 596 5014 2160 5084; baseline 0.003 -15"><span class='ocrx_word' id='word_1_691' title='bbox 596 5014 822 5084; x_wconf 78' lang='lat' dir='ltr'><strong>ingressi</strong></span> <span class='ocrx_word' id='word_1_692' title='bbox 870 5026 994 5068; x_wconf 89' lang='lat' dir='ltr'><strong>sunt</strong></span> <span class='ocrx_word' id='word_1_693' title='bbox 1021 5016 1178 5070; x_wconf 87' lang='lat' dir='ltr'><strong>ambo</strong></span> <span class='ocrx_word' id='word_1_694' title='bbox 1223 5019 1531 5075; x_wconf 87' lang='lat' dir='ltr'><strong>ecclesiam:</strong></span> <span class='ocrx_word' id='word_1_695' title='bbox 1568 5030 1622 5072; x_wconf 90' lang='lat' dir='ltr'><strong>et</strong></span> <span class='ocrx_word' id='word_1_696' title='bbox 1660 5029 1784 5074; x_wconf 90' lang='lat' dir='ltr'><strong>tunc</strong></span> <span class='ocrx_word' id='word_1_697' title='bbox 1828 5035 1947 5075; x_wconf 90' lang='lat' dir='ltr'><strong>cum</strong></span> <span class='ocrx_word' id='word_1_698' title='bbox 1989 5021 2160 5074; x_wconf 83' lang='lat' dir='ltr'><strong>multo</strong></span> 
     </span>
    </p>
   </div>
   <div class='ocr_carea' id='block_1_98' title="bbox 540 5102 2160 5181">
    <p class='ocr_par' dir='ltr' id='par_1_98' title="bbox 540 5102 2160 5181">
     <span class='ocr_line' id='line_1_98' title="bbox 540 5102 2160 5181; baseline 0.003 -21"><span class='ocrx_word' id='word_1_699' title='bbox 540 5102 555 5115; x_wconf 83' lang='grc'><em>“</em></span> <span class='ocrx_word' id='word_1_700' title='bbox 601 5108 794 5175; x_wconf 68' lang='lat' dir='ltr'><strong>gaudio</strong></span> <span class='ocrx_word' id='word_1_701' title='bbox 822 5117 874 5162; x_wconf 90' lang='lat' dir='ltr'><strong>et</strong></span> <span class='ocrx_word' id='word_1_702' title='bbox 904 5108 1083 5162; x_wconf 70' lang='lat' dir='ltr'><strong>lmtitia</strong></span> <span class='ocrx_word' id='word_1_703' title='bbox 1138 5110 1305 5162; x_wconf 87' lang='lat' dir='ltr'><strong>astitit</strong></span> <span class='ocrx_word' id='word_1_704' title='bbox 1351 5119 1538 5163; x_wconf 88' lang='lat' dir='ltr'><strong>sancto</strong></span> <span class='ocrx_word' id='word_1_705' title='bbox 1570 5111 1918 5181; x_wconf 80' lang='lat' dir='ltr'><strong>altari,&#39;cum</strong></span> <span class='ocrx_word' id='word_1_706' title='bbox 1966 5113 2160 5167; x_wconf 84' lang='lat' dir='ltr'><strong>munda</strong></span> 
     </span>
    </p>
   </div>
   <div class='ocr_carea' id='block_1_99' title="bbox 598 5197 2158 5257">
    <p class='ocr_par' dir='ltr' id='par_1_99' title="bbox 598 5197 2158 5257">
     <span class='ocr_line' id='line_1_99' title="bbox 598 5197 2158 5257; baseline 0.001 -3"><span class='ocrx_word' id='word_1_707' title='bbox 598 5197 925 5254; x_wconf 79' lang='lat' dir='ltr'><strong>conscientia</strong></span> <span class='ocrx_word' id='word_1_708' title='bbox 955 5200 1137 5252; x_wconf 87' lang='lat' dir='ltr'><strong>valens</strong></span> <span class='ocrx_word' id='word_1_709' title='bbox 1162 5198 1340 5253; x_wconf 84' lang='lat' dir='ltr'><strong>dicere</strong></span> <span class='ocrx_word' id='word_1_710' title='bbox 1363 5198 1503 5252; x_wconf 91' lang='lat' dir='ltr'><strong>Deo:</strong></span> <span class='ocrx_word' id='word_1_711' title='bbox 1533 5199 1748 5255; x_wconf 85' lang='lat' dir='ltr'><strong>Dimitte</strong></span> <span class='ocrx_word' id='word_1_712' title='bbox 1791 5202 1943 5255; x_wconf 90' lang='lat' dir='ltr'><strong>nobis</strong></span> <span class='ocrx_word' id='word_1_713' title='bbox 1982 5202 2158 5257; x_wconf 83' lang='lat' dir='ltr'><strong>debita</strong></span> 
     </span>
    </p>
   </div>
   <div class='ocr_carea' id='block_1_100' title="bbox 599 5287 2158 5349">
    <p class='ocr_par' dir='ltr' id='par_1_100' title="bbox 599 5287 2158 5349">
     <span class='ocr_line' id='line_1_100' title="bbox 599 5287 2158 5349; baseline 0.004 -7"><span class='ocrx_word' id='word_1_714' title='bbox 599 5296 802 5349; x_wconf 88' lang='lat' dir='ltr'><strong>nostra.</strong></span> <span class='ocrx_word' id='word_1_715' title='bbox 840 5288 979 5341; x_wconf 91' lang='lat' dir='ltr'><strong>sicut</strong></span> <span class='ocrx_word' id='word_1_716' title='bbox 1006 5297 1062 5340; x_wconf 90' lang='lat' dir='ltr'><strong>et</strong></span> <span class='ocrx_word' id='word_1_717' title='bbox 1086 5302 1185 5340; x_wconf 86' lang='lat' dir='ltr'><strong>nos</strong></span> <span class='ocrx_word' id='word_1_718' title='bbox 1230 5287 1543 5344; x_wconf 83' lang='lat' dir='ltr'><strong>dimittimus</strong></span> <span class='ocrx_word' id='word_1_719' title='bbox 1583 5289 1911 5345; x_wconf 84' lang='lat' dir='ltr'><strong>debitoribus</strong></span> <span class='ocrx_word' id='word_1_720' title='bbox 1956 5292 2158 5348; x_wconf 85' lang='lat' dir='ltr'><strong>nostris</strong></span> 
     </span>
    </p>
   </div>
   <div class='ocr_carea' id='block_1_101' title="bbox 601 5377 2156 5450">
    <p class='ocr_par' dir='ltr' id='par_1_101' title="bbox 601 5377 2156 5450">
     <span class='ocr_line' id='line_1_101' title="bbox 601 5377 2156 5450; baseline 0.004 -19"><span class='ocrx_word' id='word_1_721' title='bbox 601 5379 815 5438; x_wconf 72' lang='lat' dir='ltr'><strong>(Matth.</strong></span> <span class='ocrx_word' id='word_1_722' title='bbox 845 5379 942 5436; x_wconf 88' lang='lat' dir='ltr'><strong>vt).</strong></span> <span class='ocrx_word' id='word_1_723' title='bbox 970 5379 1044 5433; x_wconf 88' lang='lat' dir='ltr'><strong>Ita</strong></span> <span class='ocrx_word' id='word_1_724' title='bbox 1085 5389 1260 5433; x_wconf 90' lang='lat' dir='ltr'><strong>autem</strong></span> <span class='ocrx_word' id='word_1_725' title='bbox 1312 5395 1440 5436; x_wconf 84' lang='lat' dir='ltr'><strong>sana</strong></span> <span class='ocrx_word' id='word_1_726' title='bbox 1470 5396 1546 5437; x_wconf 90' lang='lat' dir='ltr'><strong>.ex</strong></span> <span class='ocrx_word' id='word_1_727' title='bbox 1583 5392 1705 5436; x_wconf 91' lang='lat' dir='ltr'><strong>tunc</strong></span> <span class='ocrx_word' id='word_1_728' title='bbox 1750 5392 1806 5437; x_wconf 91' lang='lat' dir='ltr'><strong>et</strong></span> <span class='ocrx_word' id='word_1_729' title='bbox 1841 5377 2156 5450; x_wconf 87' lang='lat' dir='ltr'><strong>compuncta</strong></span> 
     </span>
    </p>
   </div>
   <div class='ocr_carea' id='block_1_102' title="bbox 602 5466 2157 5540">
    <p class='ocr_par' dir='ltr' id='par_1_102' title="bbox 602 5466 2157 5540">
     <span class='ocr_line' id='line_1_102' title="bbox 602 5466 2157 5540; baseline 0.005 -21"><span class='ocrx_word' id='word_1_730' title='bbox 602 5478 778 5522; x_wconf 85' lang='lat' dir='ltr'><strong>mente</strong></span> <span class='ocrx_word' id='word_1_731' title='bbox 806 5467 974 5521; x_wconf 80' lang='lat' dir='ltr'><strong>factus</strong></span> <span class='ocrx_word' id='word_1_732' title='bbox 1001 5476 1084 5521; x_wconf 87' lang='lat' dir='ltr'><strong>est</strong></span> <span class='ocrx_word' id='word_1_733' title='bbox 1106 5466 1271 5522; x_wconf 87' lang='lat' dir='ltr'><strong>lector</strong></span> <span class='ocrx_word' id='word_1_734' title='bbox 1299 5469 1406 5532; x_wconf 86' lang='lat' dir='ltr'><strong>ille,</strong></span> <span class='ocrx_word' id='word_1_735' title='bbox 1446 5479 1503 5525; x_wconf 92' lang='lat' dir='ltr'><strong>ut</strong></span> <span class='ocrx_word' id='word_1_736' title='bbox 1533 5471 1846 5540; x_wconf 79' lang='lat' dir='ltr'><strong>presbyterii</strong></span> <span class='ocrx_word' id='word_1_737' title='bbox 1875 5486 2157 5528; x_wconf 88' lang='lat' dir='ltr'><strong>consecra-</strong></span> 
     </span>
    </p>
   </div>
   <div class='ocr_carea' id='block_1_103' title="bbox 602 5555 1837 5623">
    <p class='ocr_par' dir='ltr' id='par_1_103' title="bbox 602 5555 1837 5623">
     <span class='ocr_line' id='line_1_103' title="bbox 602 5555 1837 5623; baseline 0.006 -16"><span class='ocrx_word' id='word_1_738' title='bbox 602 5556 745 5609; x_wconf 77' lang='lat' dir='ltr'><strong>tione</strong></span> <span class='ocrx_word' id='word_1_739' title='bbox 767 5555 920 5623; x_wconf 78' lang='lat' dir='ltr'><strong>potiri</strong></span> <span class='ocrx_word' id='word_1_740' title='bbox 948 5567 1260 5611; x_wconf 85' lang='lat' dir='ltr'><strong>mereretur.</strong></span> <span class='ocrx_word' id='word_1_741' title='bbox 1829 5560 1837 5569; x_wconf 87' lang='lat'><strong>&#39;</strong></span> 
     </span>
    </p>
   </div>
   <div class='ocr_carea' id='block_1_104' title="bbox 2263 4448 3546 4540">
    <p class='ocr_par' dir='ltr' id='par_1_104' title="bbox 2263 4448 3546 4540">
     <span class='ocr_line' id='line_1_104' title="bbox 2263 4448 3546 4540; baseline 0.008 -17"><span class='ocrx_word' id='word_1_742' title='bbox 2263 4487 2477 4537; x_wconf 87' lang='lat' dir='ltr'><strong>rerum;</strong></span> <span class='ocrx_word' id='word_1_743' title='bbox 2519 4483 2574 4526; x_wconf 88' lang='lat' dir='ltr'><strong>et</strong></span> <span class='ocrx_word' id='word_1_744' title='bbox 2618 4448 3013 4528; x_wconf 44' lang='lat' dir='ltr'><strong>cum—facerem</strong></span> <span class='ocrx_word' id='word_1_745' title='bbox 3058 4485 3183 4538; x_wconf 65' lang='lat' dir='ltr'><strong>sape</strong></span> <span class='ocrx_word' id='word_1_746' title='bbox 3220 4470 3352 4524; x_wconf 64' lang='lat' dir='ltr'><strong>ﬁdeli.</strong></span> <span class='ocrx_word' id='word_1_747' title='bbox 3383 4448 3546 4540; x_wconf 47' lang='lat' dir='ltr'><strong>“im</strong></span> 
     </span>
    </p>
   </div>
   <div class='ocr_carea' id='block_1_105' title="bbox 2261 4544 3542 4632">
    <p class='ocr_par' dir='ltr' id='par_1_105' title="bbox 2261 4544 3542 4632">
     <span class='ocr_line' id='line_1_105' title="bbox 2261 4544 3542 4632; baseline -0.001 -18"><span class='ocrx_word' id='word_1_748' title='bbox 2261 4561 2487 4625; x_wconf 77' lang='lat' dir='ltr'><strong>fueram,</strong></span> <span class='ocrx_word' id='word_1_749' title='bbox 2519 4563 2855 4630; x_wconf 86' lang='lat' dir='ltr'><strong>postmodum</strong></span> <span class='ocrx_word' id='word_1_750' title='bbox 2891 4565 2981 4619; x_wconf 86' lang='lat' dir='ltr'><strong>alii</strong></span> <span class='ocrx_word' id='word_1_751' title='bbox 3008 4564 3191 4632; x_wconf 85' lang='lat' dir='ltr'><strong>quidam</strong></span> <span class='ocrx_word' id='word_1_752' title='bbox 3227 4548 3456 4623; x_wconf 56' lang='lat' dir='ltr'><strong>suum</strong></span> <span class='ocrx_word' id='word_1_753' title='bbox 3479 4544 3542 4585; x_wconf 54' lang='grc' dir='ltr'><strong>θ’·</strong></span> 
     </span>
    </p>
   </div>
   <div class='ocr_carea' id='block_1_106' title="bbox 2263 4634 3545 4724">
    <p class='ocr_par' dir='ltr' id='par_1_106' title="bbox 2263 4634 3545 4724">
     <span class='ocr_line' id='line_1_106' title="bbox 2263 4634 3545 4724; baseline -0.002 -17"><span class='ocrx_word' id='word_1_754' title='bbox 2263 4655 2403 4723; x_wconf 88' lang='lat' dir='ltr'><strong>quod</strong></span> <span class='ocrx_word' id='word_1_755' title='bbox 2431 4654 2620 4710; x_wconf 63' lang='lat' dir='ltr'><strong>tulerim</strong></span> <span class='ocrx_word' id='word_1_756' title='bbox 2650 4658 2902 4723; x_wconf 82' lang='lat' dir='ltr'><strong>deceptus</strong></span> <span class='ocrx_word' id='word_1_757' title='bbox 2931 4660 2978 4712; x_wconf 91' lang='lat' dir='ltr'><strong>in</strong></span> <span class='ocrx_word' id='word_1_758' title='bbox 3008 4655 3223 4724; x_wconf 85' lang='lat' dir='ltr'><strong>capitulo;</strong></span> <span class='ocrx_word' id='word_1_759' title='bbox 3248 4662 3333 4702; x_wconf 71' lang='lat' dir='ltr'><strong>cum</strong></span> <span class='ocrx_word' id='word_1_760' title='bbox 3351 4634 3545 4705; x_wconf 45' lang='lat' dir='ltr'><strong>W3”</strong></span> 
     </span>
    </p>
   </div>
   <div class='ocr_carea' id='block_1_107' title="bbox 2263 4726 3544 4816">
    <p class='ocr_par' dir='ltr' id='par_1_107' title="bbox 2263 4726 3544 4816">
     <span class='ocr_line' id='line_1_107' title="bbox 2263 4726 3544 4816; baseline 0 -18"><span class='ocrx_word' id='word_1_761' title='bbox 2263 4754 2317 4799; x_wconf 89' lang='lat' dir='ltr'><strong>ct</strong></span> <span class='ocrx_word' id='word_1_762' title='bbox 2345 4747 2502 4799; x_wconf 90' lang='lat' dir='ltr'><strong>tertio</strong></span> <span class='ocrx_word' id='word_1_763' title='bbox 2525 4748 2623 4800; x_wconf 79' lang='lat' dir='ltr'><strong>hoc</strong></span> <span class='ocrx_word' id='word_1_764' title='bbox 2645 4747 2862 4801; x_wconf 80' lang='lat' dir='ltr'><strong>fuissem</strong></span> <span class='ocrx_word' id='word_1_765' title='bbox 2905 4758 3176 4816; x_wconf 75' lang='lat' dir='ltr'><strong>perpessus,</strong></span> <span class='ocrx_word' id='word_1_766' title='bbox 3201 4739 3293 4794; x_wconf 80' lang='lat' dir='ltr'><strong>dedi</strong></span> <span class='ocrx_word' id='word_1_767' title='bbox 3323 4726 3544 4816; x_wconf 47' lang='lat' dir='ltr'><strong>unm&quot;:</strong></span> 
     </span>
    </p>
   </div>
   <div class='ocr_carea' id='block_1_108' title="bbox 2265 4800 3545 4905">
    <p class='ocr_par' dir='ltr' id='par_1_108' title="bbox 2265 4800 3545 4905">
     <span class='ocr_line' id='line_1_108' title="bbox 2265 4800 3545 4905; baseline -0.002 -18"><span class='ocrx_word' id='word_1_768' title='bbox 2265 4835 2532 4904; x_wconf 84' lang='lat' dir='ltr'><strong>hiuietipsi</strong></span> <span class='ocrx_word' id='word_1_769' title='bbox 2568 4837 2770 4905; x_wconf 86' lang='lat' dir='ltr'><strong>absque</strong></span> <span class='ocrx_word' id='word_1_770' title='bbox 2797 4800 3121 4903; x_wconf 70' lang='lat' dir='ltr'><strong>utrdrumque</strong></span> <span class='ocrx_word' id='word_1_771' title='bbox 3145 4800 3279 4900; x_wconf 76' lang='lat' dir='ltr'><strong>parte,</strong></span> 
     </span>
    </p>
   </div>
   <div class='ocr_carea' id='block_1_109' title="bbox 2263 4894 3543 4999">
    <p class='ocr_par' dir='ltr' id='par_1_109' title="bbox 2263 4894 3543 4999">
     <span class='ocr_line' id='line_1_109' title="bbox 2263 4894 3543 4999; baseline 0.015 -18"><span class='ocrx_word' id='word_1_772' title='bbox 2263 4894 2521 4983; x_wconf 75' lang='lat' dir='ltr'><strong>ultionem</strong></span> <span class='ocrx_word' id='word_1_773' title='bbox 2565 4894 2762 4984; x_wconf 48' lang='lat' dir='ltr'><strong>alio-in</strong></span> <span class='ocrx_word' id='word_1_774' title='bbox 2791 4894 3190 4999; x_wconf 38' lang='lat' dir='ltr'><strong>capitulm&#39;Qmid</strong></span> <span class='ocrx_word' id='word_1_775' title='bbox 3224 4915 3343 4985; x_wconf 57' lang='lat' dir='ltr'><strong>“qui</strong></span> <span class='ocrx_word' id='word_1_776' title='bbox 3367 4894 3543 4999; x_wconf 39' lang='grc' dir='ltr'><strong>’ω</strong></span> 
     </span>
    </p>
   </div>
   <div class='ocr_carea' id='block_1_110' title="bbox 2261 4992 3542 5099">
    <p class='ocr_par' dir='ltr' id='par_1_110' title="bbox 2261 4992 3542 5099">
     <span class='ocr_line' id='line_1_110' title="bbox 2261 4992 3542 5099; baseline 0.016 -25"><span class='ocrx_word' id='word_1_777' title='bbox 2261 5021 2416 5085; x_wconf 83' lang='lat' dir='ltr'><strong>mihi,</strong></span> <span class='ocrx_word' id='word_1_778' title='bbox 2458 5024 2839 5088; x_wconf 84' lang='lat' dir='ltr'><strong>mentirentur,</strong></span> <span class='ocrx_word' id='word_1_779' title='bbox 2890 5021 2983 5090; x_wconf 83' lang='lat' dir='ltr'><strong>ipsi</strong></span> <span class='ocrx_word' id='word_1_780' title='bbox 3032 5028 3207 5085; x_wconf 65' lang='grc' dir='ltr'>ρωηθω</span> <span class='ocrx_word' id='word_1_781' title='bbox 3249 4992 3542 5099; x_wconf 31' lang='lat' dir='ltr'><strong>metatis:</strong></span> 
     </span>
    </p>
   </div>
   <div class='ocr_carea' id='block_1_111' title="bbox 2260 5080 3581 5197">
    <p class='ocr_par' dir='ltr' id='par_1_111' title="bbox 2260 5080 3581 5197">
     <span class='ocr_line' id='line_1_111' title="bbox 2260 5080 3581 5197; baseline 0.013 -34"><span class='ocrx_word' id='word_1_782' title='bbox 2260 5122 2541 5165; x_wconf 69' lang='lat' dir='ltr'><strong>accarsatus</strong></span> <span class='ocrx_word' id='word_1_783' title='bbox 2569 5108 2755 5177; x_wconf 80' lang='lat' dir='ltr'><strong>ferret,</strong></span> <span class='ocrx_word' id='word_1_784' title='bbox 2789 5111 2834 5165; x_wconf 91' lang='lat' dir='ltr'><strong>si</strong></span> <span class='ocrx_word' id='word_1_785' title='bbox 2879 5122 3053 5164; x_wconf 87' lang='lat' dir='ltr'><strong>contra</strong></span> <span class='ocrx_word' id='word_1_786' title='bbox 3089 5119 3184 5160; x_wconf 69' lang='lat' dir='ltr'><strong>eum</strong></span> <span class='ocrx_word' id='word_1_787' title='bbox 3205 5087 3392 5197; x_wconf 59' lang='grc' dir='ltr'><strong>⁰⁶¹¹¹¹¹¹ξ¹ξ⁸</strong></span> <span class='ocrx_word' id='word_1_788' title='bbox 3419 5080 3541 5197; x_wconf 43' lang='lat' dir='ltr'><strong>Ti;</strong></span> <span class='ocrx_word' id='word_1_789' title='bbox 3580 5108 3581 5151; x_wconf 59' lang='lat'>‘</span> 
     </span>
    </p>
   </div>
   <div class='ocr_carea' id='block_1_112' title="bbox 2263 5171 3528 5270">
    <p class='ocr_par' dir='ltr' id='par_1_112' title="bbox 2263 5171 3528 5270">
     <span class='ocr_line' id='line_1_112' title="bbox 2263 5171 3528 5270; baseline 0.006 -16"><span class='ocrx_word' id='word_1_790' title='bbox 2263 5201 2453 5255; x_wconf 79' lang='lat' dir='ltr'><strong>fuisset</strong></span> <span class='ocrx_word' id='word_1_791' title='bbox 2479 5204 2691 5270; x_wconf 86' lang='lat' dir='ltr'><strong>injecta.</strong></span> <span class='ocrx_word' id='word_1_792' title='bbox 2723 5171 2790 5256; x_wconf 58' lang='lat' dir='ltr'><strong>Et</strong></span> <span class='ocrx_word' id='word_1_793' title='bbox 2813 5218 2874 5257; x_wconf 81' lang='lat' dir='ltr'><strong>ex</strong></span> <span class='ocrx_word' id='word_1_794' title='bbox 2897 5200 3070 5256; x_wconf 78' lang='lat' dir='ltr'><strong>eadem</strong></span> <span class='ocrx_word' id='word_1_795' title='bbox 3095 5199 3166 5251; x_wconf 64' lang='lat' dir='ltr'><strong>die</strong></span> <span class='ocrx_word' id='word_1_796' title='bbox 3184 5171 3528 5270; x_wconf 45' lang='grc' dir='ltr'><strong>ίωνποτίίὲθίῗὲδῗί</strong></span> 
     </span>
    </p>
   </div>
   <div class='ocr_carea' id='block_1_113' title="bbox 2263 5256 3539 5389">
    <p class='ocr_par' dir='ltr' id='par_1_113' title="bbox 2263 5256 3539 5389">
     <span class='ocr_line' id='line_1_113' title="bbox 2263 5256 3539 5389; baseline -0.009 -47"><span class='ocrx_word' id='word_1_797' title='bbox 2263 5290 2394 5343; x_wconf 88' lang='lat' dir='ltr'><strong>mihi</strong></span> <span class='ocrx_word' id='word_1_798' title='bbox 2420 5256 2605 5344; x_wconf 58' lang='lat' dir='ltr'><strong>conira</strong></span> <span class='ocrx_word' id='word_1_799' title='bbox 2630 5291 2859 5358; x_wconf 82' lang='lat' dir='ltr'><strong>aliquem</strong></span> <span class='ocrx_word' id='word_1_800' title='bbox 2888 5291 3086 5345; x_wconf 89' lang='lat' dir='ltr'><strong>omnino</strong></span> <span class='ocrx_word' id='word_1_801' title='bbox 3118 5275 3268 5346; x_wconf 78' lang='lat' dir='ltr'><strong>aliquid</strong></span> <span class='ocrx_word' id='word_1_802' title='bbox 3291 5256 3539 5389; x_wconf 50' lang='lat' dir='ltr'><strong>enim”;</strong></span> 
     </span>
    </p>
   </div>
   <div class='ocr_carea' id='block_1_114' title="bbox 2262 5360 3534 5483">
    <p class='ocr_par' dir='ltr' id='par_1_114' title="bbox 2262 5360 3534 5483">
     <span class='ocr_line' id='line_1_114' title="bbox 2262 5360 3534 5483; baseline 0 -49"><span class='ocrx_word' id='word_1_803' title='bbox 2262 5395 2378 5435; x_wconf 87' lang='lat' dir='ltr'><strong>sum</strong></span> <span class='ocrx_word' id='word_1_804' title='bbox 2407 5378 2590 5447; x_wconf 85' lang='lat' dir='ltr'><strong>habet,</strong></span> <span class='ocrx_word' id='word_1_805' title='bbox 2615 5385 2756 5450; x_wconf 86' lang='lat' dir='ltr'><strong>quod</strong></span> <span class='ocrx_word' id='word_1_806' title='bbox 2796 5384 3018 5451; x_wconf 85' lang='lat' dir='ltr'><strong>deposco</strong></span> <span class='ocrx_word' id='word_1_807' title='bbox 3041 5390 3087 5436; x_wconf 84' lang='lat' dir='ltr'><strong>et</strong></span> <span class='ocrx_word' id='word_1_808' title='bbox 3123 5381 3270 5483; x_wconf 55' lang='grc' dir='ltr'><strong>ωοξεο</strong></span> 
     </span>
    </p>
   </div>
   <div class='ocr_carea' id='block_1_115' title="bbox 2261 5448 3581 5539">
    <p class='ocr_par' dir='ltr' id='par_1_115' title="bbox 2261 5448 3581 5539">
     <span class='ocr_line' id='line_1_115' title="bbox 2261 5448 3581 5539; baseline 0.003 -12"><span class='ocrx_word' id='word_1_809' title='bbox 2261 5488 2373 5528; x_wconf 90' lang='lat' dir='ltr'><strong>rem</strong></span> <span class='ocrx_word' id='word_1_810' title='bbox 2404 5481 2568 5538; x_wconf 90' lang='lat' dir='ltr'><strong>tuum,</strong></span> <span class='ocrx_word' id='word_1_811' title='bbox 2597 5448 2692 5539; x_wconf 80' lang='lat' dir='ltr'><strong>li,</strong></span> <span class='ocrx_word' id='word_1_812' title='bbox 2741 5448 2980 5529; x_wconf 83' lang='lat' dir='ltr'><strong>similiter</strong></span> <span class='ocrx_word' id='word_1_813' title='bbox 3004 5475 3160 5526; x_wconf 74' lang='lat' dir='ltr'><strong>facere.</strong></span> <span class='ocrx_word' id='word_1_814' title='bbox 3180 5448 3401 5526; x_wconf 52' lang='lat' dir='ltr'><strong>589W“</strong></span> <span class='ocrx_word' id='word_1_815' title='bbox 3580 5492 3581 5531; x_wconf 62' lang='grc' dir='ltr'><strong>ι</strong></span> 
     </span>
    </p>
   </div>
   <div class='ocr_carea' id='block_1_116' title="bbox 2264 5519 3581 5634">
    <p class='ocr_par' dir='ltr' id='par_1_116' title="bbox 2264 5519 3581 5634">
     <span class='ocr_line' id='line_1_116' title="bbox 2264 5519 3581 5634; baseline -0.027 -15"><span class='ocrx_word' id='word_1_816' title='bbox 2264 5564 2489 5630; x_wconf 74' lang='lat' dir='ltr'><strong>injustas</strong></span> <span class='ocrx_word' id='word_1_817' title='bbox 2520 5519 2741 5629; x_wconf 67' lang='lat' dir='ltr'><strong>faciunt,</strong></span> <span class='ocrx_word' id='word_1_818' title='bbox 2772 5567 2859 5634; x_wconf 85' lang='lat' dir='ltr'><strong>qui</strong></span> <span class='ocrx_word' id='word_1_819' title='bbox 2904 5563 3214 5619; x_wconf 63' lang='lat' dir='ltr'><strong>sublimitatem</strong></span> <span class='ocrx_word' id='word_1_820' title='bbox 3239 5542 3411 5601; x_wconf 64' lang='lat' dir='ltr'><strong>cra-ditant</strong></span> <span class='ocrx_word' id='word_1_821' title='bbox 3435 5519 3533 5575; x_wconf 45' lang='grc' dir='ltr'><strong>δύω</strong></span> <span class='ocrx_word' id='word_1_822' title='bbox 3579 5574 3581 5634; x_wconf 40' lang='grc' dir='ltr'><em>λ</em></span> 
     </span>
    </p>
   </div>
  </div>
