3736 6308
19 274 105 331 ‘2)

959 279 1111 333 VITA
1153 274 1394 332 SANC'II
1434 275 1711 331 JOANNIS
1753 276 2335 331 ELEEMOSYNARII.

3125 286 3260 344 1650

35 388 276 444 fuerint
312 392 513 446 verbis
555 390 811 445 suasoriis
851 388 1125 451 commoti,
1157 395 1211 442 et
1239 387 1283 439 si
1325 387 1440 439 sine
1481 400 1598 439 cru-
1630 386 1677 442 Δ
1707 386 1980 439 tummodo
2004 385 2420 439 controversiam
2443 387 2647 440 astabat
2673 394 2792 441 tunc
2821 386 3049 454 pontifex
3079 398 3264 439 sancto

17 487 116 532 atu
190 483 526 536 reciderint
576 497 695 548 quae
741 481 805 534 ad
834 495 927 534 eos
977 480 1192 533 veniunt
1234 477 1483 546 capitula.
1535 477 1598 528 Et

17 570 262 625 itricius
330 583 594 640 tanquam
649 589 677 624 a
727 573 836 626 Deo
882 575 1083 638 jussus,
1130 583 1313 638 pactus
1351 577 1437 622 est
1481 569 1596 637 ejus

17 664 324 712 nudatum
362 675 433 715 se
461 661 728 714 custodire
752 661 894 713 omni
927 659 1428 726 temporeillarsum.

34 745 195 802 CAP.
233 747 373 802 XV.
423 776 494 789 --
525 749 627 802 Iste
652 749 1011 802 memorabilis
1055 747 1279 799 habebat
1320 745 1598 813 quemdam

17 847 282 906 spotent,
313 840 548 892 nomine
577 839 860 905 Georgium
893 838 1025 906 (50).
1058 838 1171 893 Una
1203 838 1377 902 itaque
1397 836 1601 887 dierum

17 929 192 981 ciens
271 930 397 983 iste
442 944 571 982 .cum
625 930 850 997 quodam
900 929 1130 982 civitatis
1186 927 1600 981 tabernariorum

19 1035 188 1087 nam,
218 1022 506 1075 conviciis
536 1023 600 1074 ab
623 1037 686 1075 eo
713 1036 898 1074 severe
918 1022 1140 1074 atl’ectus
1161 1029 1243 1074 est
1269 1038 1281 1073 :
1307 1019 1396 1086 qui
1421 1031 1602 1071 amare

17 1110 208 1176 )lens,
248 1127 378 1163 non
414 1112 584 1164 solum
617 1111 736 1178 quia
769 1111 978 1176 publice
1003 1153 1017 1176 ,
1066 1123 1248 1163 verum
1281 1109 1440 1161 etiam
1480 1108 1600 1176 quia

33 1202 238 1254 viliori
297 1203 668 1255 inhonoratos
712 1185 874 1266 esset,
913 1203 1140 1254 maxime
1169 1215 1315 1263 vero,
1341 1199 1462 1267 quia
1489 1206 1605 1252 erat

17 1309 161 1355 epos
194 1297 574 1361 pati-inretire,
622 1295 781 1347 subiit
822 1295 886 1346 ad
917 1309 1038 1346 eum
1069 1295 1120 1346 in
1150 1293 1420 1355 conclavi,
1447 1304 1512 1344 eo
1552 1293 1603 1342 in

17 1395 208 1436 acrem
240 1394 520 1449 morante,
553 1386 684 1436 tiens
711 1389 1075 1437 vehementer.
1103 1383 1236 1436 Cum
1259 1390 1434 1435 autem
1463 1384 1604 1432 hunc

17 1489 52 1528 ει
108 1484 471 1528 aestuantem
507 1487 560 1528 et
605 1477 980 1544 lacrymantem
1028 1474 1248 1527 vidisset
1294 1473 1602 1524 mitissimus

17 1567 350 1630 atriarcha,
387 1567 676 1635 interrogat
696 1581 905 1620 causam
929 1565 1213 1618 detinentis
1229 1578 1347 1616 eum
1371 1563 1605 1614 allxieta-

22 1673 86 1722 s,
144 1657 306 1721 scire
340 1656 482 1710 hanc
507 1658 712 1710 volens.
753 1656 991 1722 Cumque
1035 1655 1124 1706 ille
1153 1669 1258 1706 non
1291 1661 1466 1720 posset
1497 1662 1602 1717 pra:

1701 476 1891 540 altari;
1930 477 2055 544 quid
2085 491 2212 530 vero
2246 477 2402 528 vellet
2433 476 2636 538 facere,
2665 462 2816 529 'nulli
2847 477 3092 530 credidit.
3124 475 3255 527 Cum

1700 580 1828 634 ergo
1855 570 2092 621 venisset
2133 568 2385 620 diaconus
2416 567 2716 627 Damianus,
2769 576 2826 619 ut
2875 567 3167 631 susciperet
3197 566 3261 619 ab

1699 672 1766 714 eo
1793 666 2034 717 sanctam
2054 660 2479 711 communionem
2511 657 2797 710 secundum
2837 657 3106 722 proprium
3138 670 3259 719 gra-

1699 747 1846 811 dum,
1874 749 2036 800 tenuit
2063 762 2273 800 manum
2297 747 2432 799 illius
2460 747 2549 798 ille
2575 761 2802 808 eluctus,
2832 755 2885 798 et
2921 745 3052 797 dixit
3080 763 3090 796 :
3122 744 3262 796 Vade

1704 838 1848 904 prius
1880 838 2203 891 reconciliari
2252 837 2398 891 fratri
2429 846 2554 902 tuo;
2585 847 2640 890 et
2687 847 2811 889 tunc
2839 838 3079 895 veniens,
3106 834 3263 901 digne

1703 928 1914 995 suscipe
1943 929 2302 989 immaculata.
2351 929 2628 982 immemor
2658 926 2892 990 malitiae,
2927 925 3121 977 Christi
3150 936 3265 994 my-

1704 1019 1886 1073 Steria.
1919 1020 2199 1092 Reveritus
2224 1033 2350 1089 ergo
2391 1034 2567 1072 coram
2610 1026 2751 1070 tanta
2782 1017 3114 1069 multitudine
3152 1015 3265 1068 cle—

1705 1110 1938 1163 ricorum
1985 1109 2354 1163 contradicere
2383 1109 2486 1174 illi,
2517 1111 2745 1161 maxime
2777 1108 2826 1159 in
2872 1107 2959 1158 tali
2991 1105 3106 1158 loco
3132 1113 3186 1157 et
3215 1105 3264 1157 in

1707 1201 1794 1251 tali
1827 1200 2087 1253 horrenda
2120 1201 2271 1264 hora,
2303 1199 2586 1267 spopondit
2614 1199 2713 1250 hoc
2739 1197 2930 1262 facere,
2967 1203 3022 1248 et
3046 1205 3168 1247 tunc
3197 1194 3265 1246 de

1706 1287 1902 1340 sanctis
1930 1289 2195 1356 mysteriis
2220 1289 2367 1341 dedit
2401 1289 2470 1342 ei.
2503 1289 2661 1356 Igitur
2688 1301 2752 1339 ex
2781 1295 2907 1338 tunc
2927 1297 3114 1338 omnes
3155 1284 3267 1336 cle-

1704 1377 1799 1429 rici
1829 1386 1882 1430 et
1912 1377 2028 1431 laici
2060 1377 2427 1431 custodiebant
2455 1392 2534 1438 se.
2565 1390 2631 1429 ne
2653 1377 2791 1426 inter
2819 1388 2876 1426 se
2905 1373 3156 1425 malitiam
3185 1386 3266 1422 re-

1706 1464 1957 1527 tinerent,
1984 1463 2228 1516 timentes
2250 1479 2314 1516 ne
2334 1472 2388 1517 et
2410 1463 2550 1529 ipsos
2571 1460 2938 1526 confunderet,
2977 1458 3265 1526 triumpha-

1705 1563 1891 1617 retque
1919 1552 2361 1620 quemadmodum
2391 1562 2447 1606 et
2471 1552 2616 1604 illum
2647 1550 2946 1602 diaconum.

1775 1640 1901 1694 Car.
1938 1640 2095 1693 XVII.
2122 1669 2193 1682 --
2237 1641 2472 1693 Habebat
2515 1639 2724 1705 quidem
2772 1635 3137 1691 sanctissimus
3180 1634 3264 1688 hic

17 1749 418 1813 maritumae,
468 1765 586 1816 quas
632 1748 1054 1803 circumdederat
1096 1761 1254 1809 eum,
1303 1743 1598 1810 exmimen
1626 1735 1673 1794 Β
1711 1731 1795 1784 vir
1820 1731 2096 1784 scientiam
2123 1731 2420 1783 divinarum
2466 1729 2886 1796 Scripturarum;
2937 1737 3041 1778 non
3089 1732 3264 1778 autem

17 1855 357 1899 ermonem.
386 1840 438 1893 hi
472 1841 560 1905 qui
589 1847 781 1907 praesto
814 1838 1024 1891 fuerunt
1053 1836 1262 1905 quando
1291 1851 1411 1888 eum
1439 1835 1603 1888 exlio-

19 1928 180 1980 οιτπί
213 1943 247 1980 a
307 1930 644 1997 negotiatore
683 1930 1017 1995 contigerat,
1059 1936 1334 1993 cmperunt
1377 1926 1602 1978 recitare

17 2020 433 2089 rr-hiepiscopo
467 2034 680 2073 causam
715 2037 728 2071 :
771 2020 830 2072 Et
870 2021 992 2086 quia
1038 2032 1140 2070 non
1186 2017 1468 2078 debuerat,
1518 2014 1602 2066 in-

17 2109 228 2172 uiunt,
285 2109 370 2160 ita
402 2108 656 2162 sanctitas
697 2117 872 2161 vestra
914 2106 1215 2170 contemni,
1264 2115 1320 2158 ut
1365 2104 1602 2170 proprios

17 2213 122 2252 nos
155 2214 225 2250 ac
261 2200 604 2266 propinquos
633 2214 664 2251 a
683 2198 949 2264 despectis
987 2197 1305 2249 exhonorari
1335 2202 1602 2260 pateretur

18 2289 353 2342 ominibus.
391 2289 478 2342 Ille
527 2299 702 2341 autem
731 2301 888 2340 verus
919 2285 1188 2348 med-iens,
1219 2285 1401 2338 volens
1433 2283 1601 2349 primo

25 2380 164 2432 eluti
201 2381 513 2448 emplastro
563 2378 786 2445 quodam
827 2391 1012 2430 curare
1043 2373 1246 2442 nepotis
1274 2374 1355 2426 sui
1385 2372 1597 2437 furiam,

17 2486 46 2526 ει
82 2485 278 2526 tamen
326 2483 579 2538 tanquam
610 2470 754 2523 ferro
799 2468 1109 2520 incisionem
1137 2476 1191 2519 et
1236 2465 1598 2516 liberationem

17 2565 315 2623 lassionis,
354 2576 447 2628 per
493 2559 939 2628 sapientissimum
971 2572 1031 2611 os
1058 2569 1210 2610 suum
1243 2553 1362 2607 huic
1387 2553 1597 2617 afferre,

21 2655 210 2706 alibus
254 2651 444 2705 verbis
475 2652 640 2714 cmpit
659 2650 997 2716 exstinguere
1019 2646 1282 2708 morbum,
1304 2655 1358 2697 et
1379 2645 1556 2696 dicere
1583 2659 1597 2695 :

17 2743 330 2797 Etemnino
352 2754 512 2793 ausus
529 2747 614 2794 est
632 2738 820 2805 aliquis
837 2753 897 2792 os
918 2738 1145 2805 aperire,
1165 2747 1220 2789 et
1240 2736 1602 2788 contr-adicere

17 2836 144 2890 tibi?
177 2833 389 2895 Crede,
422 2831 493 2882 fili
523 2833 614 2893 mi,
645 2829 780 2897 patri
811 2839 919 2891 tuo,
946 2827 1196 2897 quoniam
1239 2824 1427 2879 faciam
1456 2825 1507 2878 in
1536 2840 1601 2878 eo

17 2927 182 2980 hodie
215 2938 363 2986 rem,
390 2929 446 2975 ut
475 2929 581 2974 tota
625 2919 943 2975 Alexandria
984 2917 1222 2972 miretur.
1252 2916 1490 2982 Cumque
1518 2913 1597 2968 ii-

17 3020 190 3072 disset
205 3030 336 3070 eum
359 3012 651 3067 remedium
677 3009 963 3078 recepisse,
988 3008 1327 3083 et'tristitiam
1356 3016 1598 3060 cunctam

1705 1821 1762 1874 in
1857 1820 2124 1890 sapientia
2219 1819 2532 1881 sermonis,
2611 1816 2708 1870 has
2753 1825 2997 1883 tanquam
3027 1828 3090 1867 ex
3123 1813 3265 1866 inani

1702 1909 1870 1978 gloria
1901 1910 2206 1962 memoriter
2224 1909 2428 1972 dicens,
2454 1907 2546 1962 sed
2573 1922 2663 1972 per
2689 1906 2929 1960 eamdem
2953 1907 3116 1972 ipsam
3139 1918 3265 1970 ope-

1701 2017 1819 2054 rum
1847 2002 2131 2067 actionem,
2163 2010 2218 2051 et
2244 1999 2612 2052 mandatorum
2641 1997 3099 2058 observationem;
3129 2003 3182 2046 et
3211 1995 3262 2047 in

1703 2100 1911 2144 secreto
1956 2090 2247 2158 quotidiani
2277 2089 2483 2142 consilii
2531 2088 2612 2140 sui
2645 2088 2818 2140 nullus
2856 2098 3032 2138 sermo
3061 2083 3260 2136 otiosus

1703 2181 2051 2243 audiebatur,
2083 2180 2186 2232 nisi
2217 2181 2352 2232 forte
2393 2177 2655 2230 ordinatio
2703 2176 2780 2228 rei
2810 2173 2978 2227 civilis
3005 2172 3261 2237 exigeret,

1702 2269 1794 2322 sed
1818 2278 1907 2321 aut
1930 2269 2212 2321 relationes
2234 2275 2532 2320 sanctorum
2556 2265 2792 2328 Patrum,
2817 2271 2906 2315 aut
2926 2259 3263 2328 scripturales

1701 2359 2038 2428 quaestiones,
2071 2365 2162 2412 aut
2187 2358 2481 2426 dogmatica
2511 2355 2856 2424 problemata,
2885 2361 3102 2422 prepter
3128 2350 3257 2403 mul-

1705 2453 1981 2506 titudinem
2029 2465 2128 2504 nec
2156 2448 2599 2503 nominaudorum
2645 2445 3013 2498 haereticorum
3059 2441 3148 2508 qui
3178 2453 3264 2492 re-

1699 2545 1909 2612 gionem
1957 2539 2432 2593 circumdederant.
2482 2537 2537 2591 Si
2584 2550 2709 2588 vero
2735 2533 2892 2587 alicui
2938 2531 3129 2598 aliquis
3167 2529 3253 2582 de-

1703 2632 1912 2686 trahere
1941 2631 2226 2697 inciperet,
2275 2627 2415 2681 hunc
2446 2623 2737 2692 patriarcha
2777 2637 2868 2689 per
2898 2621 3118 2673 alteram
3149 2631 3267 2670 ser-

1701 2724 2143 2785 mocinationem,
2177 2731 2232 2773 ut
2260 2719 2490 2787 sapiens,
2524 2715 2794 2785 ingeniose
2824 2709 3164 2766 removebat:
3207 2717 3260 2761 et

1698 2816 1744 2870 si
1776 2816 1964 2868 iterum
1996 2820 2356 2878 permaneret,
2404 2807 2532 2861 nihil
2563 2806 2774 2873 quidem
2805 2802 2854 2854 ei
2883 2801 3119 2859 dicebat;
3169 2796 3262 2850 sed

1702 2905 1842 2960 hunc
1862 2913 2142 2966 annotans,
2175 2898 2510 2968 praecipiebat
2535 2892 2944 2949 hebdomadario
2970 2904 3035 2942 ne
3062 2889 3258 2939 sineret

1704 2995 1926 3047 ulterius
1949 3006 2068 3045 eum
2112 2991 2308 3043 intrare
2336 3001 2456 3040 cum
2487 2987 2566 3037 his
2595 2983 2682 3050 qui
2711 2979 3106 3042 nuntiabantur,
3134 2990 3267 3042 qua.

17 3108 357 3176 projecisse,
401 3113 669 3177 putante'm
713 3101 955 3155 videlicet
998 3076 1137 3169 quod
1194 3107 1372 3165 ageret
1416 3107 1599 3150 contra
1626 3080 1671 3142 C
1704 3091 1856 3136 tenus
1881 3095 1973 3147 per
2001 3093 2121 3130 eum
2151 3086 2373 3132 caeteros
2407 3079 2724 3137 temperaret
2753 3079 2908 3135 atque
2936 3065 3173 3118 crudiret

18 3214 144 3253 eum
175 3197 272 3266 qui
302 3210 360 3250 se
388 3192 725 3249 contumeliis
749 3190 1020 3254 aﬂecerat,
1054 3199 1108 3244 et
1137 3188 1330 3242 faceret
1360 3203 1479 3240 eum
1510 3187 1605 3240 lla-

17 3288 212 3356 gellari
246 3299 343 3354 per
372 3299 492 3336 eum
523 3281 614 3348 qui
650 3294 808 3348 super
849 3279 1018 3332 forum
1047 3285 1164 3330 erat
1185 3275 1524 3341 constitutus,
1553 3285 1607 3328 et

21 3379 194 3432 variis
218 3373 430 3444 pompis
457 3371 814 3437 dehonestari,
843 3370 970 3422 dicit
997 3368 1066 3430 ei,
1085 3365 1403 3419 deosculans
1425 3376 1607 3429 pectus

25 3473 202 3539 ipsius
233 3485 249 3522 :
281 3465 380 3519 Fili
405 3464 498 3528 mi,
529 3465 571 3516 si
602 3478 668 3517 ex
701 3462 918 3515 veritate
946 3457 1258 3512 humilitatis
1287 3471 1418 3508 mere
1445 3466 1610 3520 nepos

29 3562 243 3623 existis,
271 3570 506 3624 prmpara
529 3553 753 3620 teipsum
783 3560 837 3606 et
861 3547 1137 3618 ﬂagellari,
1165 3558 1219 3600 et
1245 3545 1480 3599 convicia
1505 3542 1612 3610 pati

23 3653 100 3706 ob
129 3650 282 3705 omni
335 3647 570 3700 homine.
605 3643 736 3698 Vera
779 3644 921 3696 enim
953 3640 1194 3709 cognatio
1225 3651 1330 3690 non
1379 3650 1446 3688 ex
1491 3649 1613 3687 san-

33 3742 198 3806 guine
244 3747 299 3792 et
342 3751 534 3800 carne,
583 3733 678 3788 sed
715 3747 778 3786 ex
811 3732 1004 3784 virtute
1046 3727 1241 3783 mentis
1287 3724 1610 3795 agnoscitur.

37 3829 339 3885 Confestim
374 3826 532 3895 igitur
559 3822 841 3878 accersivit
867 3836 987 3875 eum
1024 3820 1115 3888 qui
1143 3833 1302 3885 super
1347 3827 1616 3884 caupones

37 3927 160 3973 erat
197 3917 519 3971 constitutus
541 3954 556 3978 ,
589 3921 644 3966 et
673 3911 924 3980 praacepit
966 3909 1106 3963 eine
1151 3908 1218 3960 ab
1256 3906 1347 3959 illo
1375 3919 1617 3972 caupone

41 4011 314 4078 acciperet
358 4020 529 4070 neque
554 4011 804 4058 consueta
834 4015 948 4064 sua,
985 4013 1157 4067 neque
1186 3997 1420 4065 publica,
1450 4007 1620 4060 neque

52 4103 363 4170 pensimiem
408 4095 684 4165 ergasterii
715 4097 852 4161 ejus.
887 4093 952 4146 Et
973 4091 1086 4160 ipse
1109 4089 1252 4144 enim
1275 4087 1622 4141 sanctissimas

57 4189 311 4244 Ecclesia:
357 4195 490 4241 erat.
528 4187 592 4237 Et
622 4196 807 4237 omnes
837 4187 1258 4244 expavescentes
1297 4175 1622 4229 immobilem

70 4280 507 4349 ooganiuiitatem
553 4276 698 4343 ejus,
750 4273 1130 4326 intellexerunt
1172 4282 1294 4322 esse
1343 4271 1442 4318 hoc
1485 4263 1625 4330 quod

69 4374 190 4427 Iixit
215 4389 230 4423 :
257 4368 517 4436 Quoniam
569 4365 757 4418 faciam
786 4365 836 4416 in
861 4377 980 4416 eum
1009 4375 1144 4422 rem,
1185 4367 1244 4411 ut
1269 4356 1494 4409 miretur
1518 4364 1624 4406 tota

67 4425 400 4524 Alexandria,
438 4456 686 4512 videlicet
710 4454 830 4522 quia
862 4466 965 4505 non
998 4449 1168 4502 solum
1200 4445 1623 4500 vicissitudinem
1653 4425 1702 4484 Ῑ)

70 4571 169 4607 uun
198 4553 460 4615 reddidit,
511 4563 695 4603 verum
723 4547 883 4600 etiam
921 4558 1016 4613 pro
1060 4541 1262 4595 ultione
1310 4537 1626 4605 adjutorium

69 4642 337 4710 impendit.

140 4734 266 4788 ΟΑΡ.
295 4729 432 4786 XVI.
465 4758 533 4768 —
558 4727 862 4782 Nuntiatum
891 4733 974 4779 est
1001 4722 1282 4792 aliquando
1310 4721 1429 4773 huic
1454 4718 1630 4782 beato,

77 4825 209 4896 quod
237 4821 448 4891 quidam
477 4818 789 4872 clericorum
821 4814 1072 4868 malitiam
1101 4814 1153 4865 in
1183 4810 1345 4865 corde
1376 4809 1630 4862 adversus

95 4913 352 4982 jnemdam
383 4915 705 4968 reservaret,
751 4915 806 4958 et
834 4903 1249 4958 irreconciliatus
1279 4901 1327 4952 ei
1353 4911 1634 4964 permane-

91 5011 177 5055 ‘et.
224 5002 314 5055 Ille
365 5014 494 5054 vero
543 4996 816 5065 quinrebat
864 4995 1020 5060 hujus
1071 5005 1263 5043 nomen
1306 4997 1362 5040 et
1416 4986 1635 5052 gradum

85 5105 255 5145 misso.
281 5087 338 5141 In
368 5089 653 5140 crastinum
684 5098 812 5153 ergo
839 5083 925 5136 die
955 5081 1226 5134 Dominico
1265 5075 1447 5130 didicit
1476 5077 1636 5136 hunc,

91 5181 387 5232 Damianum
415 5161 643 5242 quidemn
673 5174 906 5238 nomine,
939 5171 1214 5223 diaconem
1247 5180 1374 5218 vero
1414 5177 1534 5218 esse
1560 5161 1641 5214 of-

92 5269 226 5321 licio.
257 5266 511 5331 Praecepit
549 5264 725 5332 itaque
771 5263 1146 5314 arcltidiacono
1177 5266 1233 5311 ut
1270 5254 1400 5318 sibi,
1431 5251 1642 5320 quando

97 5357 226 5410 idem
253 5356 535 5409 Damiauus
563 5353 627 5406 ad
657 5351 936 5407 ecclesiam
980 5351 1202 5410 veniret,
1233 5346 1642 5399 demonstraret.

99 5444 248 5514 Igitur
273 5460 391 5498 cum
435 5445 486 5497 in
517 5442 805 5496 crastinum
835 5443 994 5494 statio
1020 5437 1295 5492 Dominico
1329 5435 1415 5487 die
1463 5433 1603 5484 tieret
1627 5470 1644 5494 ,

100 5539 309 5593 venitet
347 5537 600 5589 diaconus
643 5534 708 5586 ad
737 5535 1054 5594 stationem;
1083 5537 1136 5582 et
1177 5526 1360 5584 videns
1386 5521 1648 5576 archidia-

107 5642 288 5694 conus,
315 5623 543 5680 ostendit
569 5639 688 5678 eum
717 5622 1047 5693 patriarchae.
1090 5619 1167 5672 Oh
1196 5631 1311 5670 eam
1355 5614 1492 5667 enim
1541 5619 1625 5664 tau
1709 5637 1726 5676 κ

1774 3172 1902 3224 Car.
1937 3167 2120 3222 XVIII.
2143 3196 2212 3208 ——
2235 3164 2598 3219 Delinitionem
2627 3168 2798 3212 autem
2826 3167 2877 3211 et
2906 3157 3080 3218 aliam,
3111 3166 3264 3219 quam

1706 3261 1971 3315 all'ectavit
2018 3259 2105 3312 hic
2134 3267 2382 3318 sanctus,
2429 3269 2534 3307 non
2583 3261 2665 3304 est
2706 3250 2904 3317 justum
2938 3255 3272 3313 postponere.

1706 3350 1941 3404 Audiens
1961 3348 2100 3415 quod
2128 3327 2405 3413 postquam
2419 3349 2700 3396 coroiiatus
2720 3345 2800 3390 est
2822 3337 3109 3402 imperator
3132 3330 3212 3398 (5i
3227 3327 3267 3392 ),

1709 3441 1885 3494 nullus
1915 3436 2146 3490 universi
2178 3443 2391 3486 senatus
2421 3440 2473 3482 et
2501 3426 2784 3481 astantium
2815 3421 3141 3477 exercituum
3181 3432 3272 3468 an-

1713 3531 1913 3598 tiquum
1945 3524 2250 3580 memoriale
2291 3519 2502 3589 aliquod
2555 3516 2781 3579 nuntiet,
2813 3515 2906 3566 sed
2935 3525 3055 3563 mox
3086 3510 3136 3560 hi
3184 3504 3275 3574 qui

1713 3621 1962 3674 dicuntur
2003 3622 2462 3669 monumentorum
2508 3607 2853 3660 mdilicatores
2899 3607 3106 3653 sumant
3144 3610 3276 3663 qua-

1717 3721 1836 3766 tuor
1859 3709 1941 3763 vel
1969 3709 2203 3776 quinque
2232 3702 2475 3758 minutias
2509 3709 2826 3750 marmorum
2858 3691 3078 3760 pusillas
3105 3687 3171 3740 de
3198 3686 3277 3738 di-

1718 3802 1885 3856 versis
1909 3799 2206 3860 eoloribus,
2249 3795 2304 3849 et
2333 3789 2693 3854 ingrediantur
2718 3785 2782 3838 ad
2813 3797 2956 3846 eum,
2982 3790 3035 3834 et
3059 3779 3236 3833 dicunt
3261 3790 3279 3828 :

1719 3893 1977 3952 Domine,
2028 3888 2172 3958 quali
2216 3883 2430 3938 metallo
2476 3877 2753 3945 imperium
2801 3884 2945 3925 tuum
2974 3869 3122 3938 jubet
3160 3865 3279 3919 ﬁeri

1721 3990 2121 4040 monumentum
2163 3987 2346 4036 tuum;
2401 3971 2728 4024 insinuantes
2777 3961 3023 4016 videlicet
3065 3961 3111 4009 ei
3159 3954 3280 4020 quia

1725 4083 1972 4139 tanquam
2021 4070 2181 4119 homo
2227 4058 2587 4124 corruptibilis
2628 4062 2683 4108 et
2726 4049 3057 4106 transitorius
3102 4057 3282 4094 curam

1725 4133 1921 4212 habeto
1965 4163 2068 4208 tua:
2106 4149 2270 4220 ipsius
2310 4149 2533 4209 animae,
2564 4153 2618 4198 et
2645 4143 2729 4210 pie
2771 4151 2987 4202 regnum
3032 4133 3287 4197 disiioue;

1726 4247 2028 4306 imitabatur
2046 4251 2097 4299 et
2128 4242 2228 4296 iste
2251 4241 2434 4294 beatus
2463 4234 2726 4288 veraciter
2748 4232 2880 4282 hanc
2901 4227 3108 4294 dignam
3138 4220 3291 4273 laude

1730 4338 2086 4399 traditionem,
2119 4342 2170 4387 et
2194 4329 2440 4400 praecepit
2461 4326 2562 4380 sibi
2587 4326 2985 4378 monumentum
3016 4309 3286 4369 aedificari,

1731 4435 1814 4488 ubi
1846 4441 1900 4486 et
1944 4428 2136 4497 reliqui
2178 4424 2596 4494 prtedeceSSt-res
2639 4417 2751 4482 ejus
2799 4405 3107 4478 patriarcha:
3149 4402 3294 4469 jace-

1732 4527 1886 4586 bant;
1919 4517 2283 4588 imperfectum
2333 4526 2458 4566 vero
2506 4520 2719 4561 manere
2768 4513 2932 4567 usque
2976 4495 3042 4548 ad
3093 4492 3292 4544 obituin

1731 4630 1907 4675 suum,
1937 4579 2331 4677 ut'imperfecto
2374 4601 2656 4669 existente,
2689 4608 2780 4662 per
2808 4589 3068 4644 celebrem
3105 4579 3299 4633 ii-stivi-

1736 4714 1930 4765 tatem,
1971 4672 2252 4754 assis-lente
2281 4696 2442 4750 clero.
2478 4687 2830 4756 ingredientes
2869 4680 2956 4742 qui
2987 4672 3301 4727 dicebantur

1737 4793 1962 4850 studiosi
1990 4789 2128 4860 (59.),
2159 4788 2398 4840 dicerent
2425 4779 2490 4830 ad
2521 4790 2638 4829 eum
2666 4790 2678 4823 ε
2715 4769 2953 4827 Domine,
2991 4771 3301 4814 meoumen-

1742 4895 1851 4938 tum
1871 4892 2014 4932 tuum
2032 4872 2396 4943 imperfectum
2409 4874 2509 4928 est,
2527 4861 2748 4928 praecipe
2761 4869 2887 4920 ergo
2903 4862 2958 4905 ut
2970 4861 3186 4902 consum
3195 4860 3301 4895 mc-

1745 4984 1848 5036 tur,
1869 4986 1932 5022 eo
1949 4964 2085 5033 quod
2106 4938 2324 5015 nescias
2343 4971 2443 5024 qua
2460 4954 2590 5006 hora
2608 4950 2687 5004 [ur
2708 4944 2881 4998 veniat
2903 4938 3092 5010 (Matth
3135 4949 3254 4986 xxiv
3269 4941 3302 4994 ).

1745 5024 1861 5119 Hoc
1887 5024 2060 5114 autem
2110 5052 2337 5108 faciebat
2365 5048 2452 5102 ille
2478 5050 2689 5098 sanctus
2735 5047 2792 5090 ut
2822 5037 2888 5086 ita
2920 5032 3060 5084 fleret
3079 5067 3094 5091 ,
3125 5024 3309 5077 volens

1747 5150 2091 5210 imitationem
2123 5145 2313 5198 bonam
2343 5147 2396 5194 et
2425 5143 2541 5205 post
2569 5147 2627 5187 se
2655 5127 2844 5183 futuris
2892 5119 3189 5185 relinquere
3221 5126 3308 5180 pa-

1751 5240 2010 5298 triarchis.

1819 5333 1950 5386 CAP.
1993 5325 2132 5381 XIX.
2161 5350 2231 5363 -
2275 5319 2498 5374 Domino
2545 5313 2614 5369 ob
2641 5305 3027 5366 multitudinem
3072 5302 3311 5364 peccato-

1754 5440 1869 5479 rum
1920 5428 2218 5472 nostrorum
2269 5409 2634 5479 permittente,
2683 5400 2889 5468 propria
2943 5389 3139 5455 templa
3193 5396 3312 5451 qua:

1755 5521 1907 5568 erant
1935 5501 2306 5572 Jerosulymis,
2339 5513 2368 5550 a
2398 5491 2754 5565 percntiendis
2785 5503 2810 5538 a
2844 5486 2949 5538 lico
2979 5479 3151 5534 Persis
3197 5486 3313 5527 cre-

1690 5591 1914 5670 '~,_n:ari,
1960 5563 2170 5652 discens
2197 5590 2280 5644 hic
2333 5563 2694 5643 sanctissimus
2733 5573 3024 5643 patriarcha
3075 5569 3126 5621 in
3154 5563 3314 5618 multa
