3736 6308
506 256 640 314 163i

2499 136 2524 148 ..ε

1557 244 1831 302 LEONTII
1871 243 2333 300 NEAPOLITANI
2377 243 2681 300 EPISCOPI

509 375 746 438 egestate
785 381 903 421 esse
949 374 1187 419 sanctum
1218 363 1511 417 Modestum
1549 362 1898 430 patriam-ham
1937 361 2086 416 Jero—
2119 369 2157 422 Α
2190 359 2505 412 rnchanellaa
2531 359 2645 428 (ὃὸ)
2674 358 2988 410 Immismatc
3015 373 3145 412 υηο-
3172 357 3317 412 “0!
3343 370 3475 425 ετεθ
3499 366 3652 410 tn???-

511 460 834 526 solymorum
868 456 1008 524 (55),
1040 456 1105 507 ad
1137 454 1326 506 horum
1357 454 1730 505 relevationem
1775 461 1829 506 et
1859 454 2080 507 reiedifio

507 547 768 600 rationem
803 547 964 598 mittit
989 546 1035 597 ei
1085 545 1401 597 numismata
1442 545 1605 608 mille,
1635 553 1688 596 et
1717 545 1859 598 inille
1897 560 2093 599 saccos

511 637 695 700 plenos
714 635 999 697 frumento,
1025 643 1077 688 et
1100 634 1242 687 mille
1271 633 1550 700 legumina,
1583 633 1726 688 mille
1747 634 1905 687 libras
1932 635 2076 698 ferri,

507 725 646 777 inille
673 731 842 777 restes
868 724 1184 774 siccatorum
1215 723 1460 788 piscium,
1487 722 1576 790 qui
1605 737 1935 778 menomena:
1961 725 2074 795 (5i)

503 813 773 876 dicuntur,
807 813 950 863 inille
978 812 1186 863 vascula
1218 813 1346 874 viui,
1377 821 1430 864 et
1459 812 1605 864 inille
1633 811 1910 881 Egyptios
1947 829 2078 881 ope-

504 903 710 965 rarios,
761 903 975 954 mittens
1001 904 1048 954 ei
1080 915 1173 968 per
1217 902 1418 953 litteras
1448 919 1459 951 :
1497 919 1515 952 ‹
1554 901 1628 954 Da
1657 903 1783 955 mihi
1832 903 2036 956 veniam
2061 943 2076 967 ,

505 1005 632 1044 vere
679 990 872 1043 Christi
903 997 1178 1058 operator,
1212 989 1341 1042 nihil
1383 990 1598 1058 dignum
1645 991 1854 1058 tempiis
1878 992 2077 1047 Christi

507 1079 753 1132 mittenti.
804 1079 1000 1132 Vellem
1029 1080 1192 1140 enim,
1233 1080 1390 1132 crede
1438 1079 1594 1143 mihi,
1627 1080 1670 1132 si
1701 1091 1840 1134 esset
1886 1096 2077 1136 conve-

505 1170 677 1232 niens,
704 1179 759 1223 et
787 1170 901 1237 ipse
927 1185 990 1222 eo
1014 1170 1218 1236 venire,
1249 1176 1306 1222 et
1331 1169 1444 1237 ipse
1470 1171 1678 1236 operari
1703 1171 1752 1223 in
1778 1173 1936 1225 domo
1963 1188 2077 1226 san-

503 1266 604 1310 ctae
650 1257 846 1311 Christi
880 1259 1308 1312 resurrectionis.
1355 1259 1729 1314 Verumtamen
1777 1263 1902 1315 illud
1947 1279 2077 1332 rogo

505 1349 870 1400 honorandum
901 1357 1060 1414 caput
1104 1359 1272 1412 tuum,
1307 1358 1361 1401 ut
1390 1350 1687 1403 nullatenus
1717 1351 1818 1404 hoc
1849 1353 2076 1420 imputes

508 1438 726 1490 minimo
749 1439 946 1490 nomini
968 1439 1269 1508 exiguitatis
1296 1454 1448 1506 meae,
1475 1440 1566 1492 sed
1599 1440 1700 1494 hoc
1727 1444 1897 1509 potius
1927 1454 2077 1511 petas

501 1539 530 1576 a
563 1523 798 1588 Christo,
830 1537 886 1579 ut
915 1526 986 1579 ibi
1015 1542 1098 1580 me
1123 1529 1424 1582 conscribat
1450 1528 1537 1584 ubi
1566 1533 1824 1586 veraciter
1843 1536 2081 1589 conscri-

503 1615 612 1682 ptio
643 1615 793 1667 beata
821 1614 1085 1668 consistit.
1122 1634 1140 1666 ι

2185 451 2310 504 illttd
2341 452 2392 504 in
2419 453 2728 514 crastinum,
2763 463 2819 503 ut
2850 452 3294 505 venundaretur.
3328 451 3399 504 Et
3423 451 3584 504 videns
3609 471 3677 504 εση

2181 540 2464 604 obtulerat,
2497 539 2627 592 emit
2657 539 2778 592 illttd
2830 541 3041 601 triginta
3073 555 3170 593 sex
3233 540 3677 596 nttmismatibas.-§

2183 643 2366 683 rursus
2411 628 2606 681 obtulit
2645 629 2982 697 patriarchae.
3033 628 3174 683 Cum
3223 644 3372 683 vero
3429 631 3481 682 in
3505 637 3677 704 uasta;

2182 717 2400 772 vidisset
2427 718 2581 784 illud,
2627 723 2756 775 emit
2786 722 2886 774 hoc
2933 722 3218 784 similiter,
3280 735 3343 774 et
3396 727 3632 772 ηδεειιὲς
3676 739 3677 798 i

2183 806 2517 871 patriarchae,
2539 807 2833 875 deposcens
2856 821 2910 861 ut
2932 821 3220 878 tegeretur
3237 812 3320 862 ab
3343 823 3437 863 eo.
3464 809 3570 862 Cu
3587 827 3648 861 ne

2182 895 2339 948 tertio
2390 896 2493 950 hoc
2528 898 2780 963 fecisset,
2831 901 2962 952 dicit
2988 901 3040 953 ei
3069 900 3650 969 gratulabundusilm

2179 995 2332 1038 ctus:
2368 986 2673 1042 Videbimus
2701 990 2820 1058 quis
2843 989 3076 1055 deﬁciet,
3109 1004 3225 1057 ego
3278 1004 3360 1041 an
3391 997 3470 1042 tu.
3499 987 3658 1042 Erat-3:

2178 1077 2463 1142 opulentus
2488 1079 2642 1134 valde
2661 1120 2676 1144 ,
2709 1065 2765 1134 et
2789 1082 3028 1135 suaviter
3055 1080 3222 1148 quasi
3261 1079 3596 1132 vindemiam
3613 1095 3648 1127 σε

2179 1168 2266 1222 ille
2294 1155 2527 1232 sanctus,
2557 1176 2806 1240 paulatim
2839 1173 2907 1226 ab
2933 1187 2999 1226 eo
3028 1173 3206 1225 multa
3239 1169 3535 1232 auferens;
3555 1175 3620 1222 ei

2180 1259 2269 1312 bat
2290 1275 2504 1326 semper
2525 1262 2667 1329 quod
2690 1272 2870 1330 posset
2896 1263 3094 1329 aliquis
3120 1263 3463 1314 intentione
3485 1264 3598 1312 dan»:

2180 1353 2394 1419 peribus
2433 1356 2737 1423 exspoliare
2784 1357 3006 1422 divites,
3036 1365 3097 1409 et
3123 1358 3328 1423 ipsum
3375 1356 3528 1407 etiam
3549 1354 3656 1421 bits-

2177 1443 2369 1495 misutn
2399 1442 2520 1513 (59)
2544 1444 2610 1498 ab
2639 1446 2716 1496 eis
2745 1447 3000 1499 benevole
3026 1445 3284 1508 auferre,
3319 1458 3376 1498 et
3410 1460 3509 1494 non
3531 1460 3610 1510 per
3637 1463 3642 1487 τ

2175 1540 2230 1584 et
2279 1534 2508 1586 maxime
2551 1537 2594 1585 si
2625 1544 2750 1589 sunt
2795 1538 2954 1603 aliqui
3006 1535 3561 1590 immisericordeset
3589 1549 3650 1578 :-:

2181 1622 2291 1676 Duo
2319 1625 2462 1677 enim
2492 1625 2726 1680 lucratur
2754 1628 2871 1681 talis
2896 1647 2908 1681 :
2935 1645 3103 1681 unum
3138 1631 3406 1698 quidem,
3437 1629 3540 1694 quia
3559 1641 3638 1676 εξ

571 1703 697 1757 CAP.
747 1702 864 1757 XX.
894 1732 964 1742 —
987 1705 1190 1772 Arripit
1231 1706 1321 1760 ille
1346 1716 1558 1762 sanctus
1599 1717 1653 1762 et
1692 1708 1826 1776 hoc,
1877 1710 2070 1764 bonum
2103 1730 2150 1788 Β
2176 1715 2388 1770 illorum
2419 1727 2629 1781 servat;
2660 1719 2884 1770 alteinm
2931 1729 3137 1779 autem,
3193 1719 3470 1784 quatiam
3493 1727 3537 1767 et
3560 1719 3628 1776 is?
3657 1731 3662 1759 :

499 1793 649 1858 dico,
695 1793 942 1847 videlicet
970 1795 1112 1861 quod
1157 1795 1338 1848 infimo
1387 1805 1556 1850 stratu
1605 1801 1968 1865 recumberet,
2017 1809 2070 1853 et

500 1885 692 1940 vilibus
717 1888 1061 1952 operimentis
1085 1887 1138 1941 in
1162 1888 1351 1942 cellula
1376 1904 1468 1943 sua
1497 1899 1750 1944 uteretur.
1775 1893 1922 1957 Quod
1949 1909 2069 1948 cum

499 1976 735 2030 audisset
762 1977 976 2045 quidam
1007 1993 1369 2045 possessorum
1399 1981 1647 2046 civitatis,
1679 1983 1973 2039 ascendens
2001 1985 2069 2038 ad

497 2079 643 2130 eum,
673 2075 729 2121 et
753 2068 939 2120 videns
967 2070 1106 2138 quod
1133 2071 1398 2136 cpertorio
1425 2071 1594 2124 scisso
1617 2083 1669 2125 et
1691 2073 1843 2127 laneo
1868 2086 2072 2142 tegere-

501 2165 606 2221 tur,
636 2158 929 2211 transmisit
957 2161 1005 2212 ei
1027 2160 1412 2228 coopertorium
1445 2163 1822 2218 numismatum
1856 2166 2070 2232 triginta

499 2264 614 2313 sex,
640 2265 833 2318 rogans
875 2251 1096 2304 multum
1127 2268 1247 2306 eum
1297 2262 1355 2306 ut
1382 2269 1446 2307 eo
1473 2255 1836 2323 cooperiretur
1861 2255 1928 2308 ad
1959 2271 2070 2311 tue-

499 2340 747 2407 moriam,
799 2341 988 2408 inquit,
1023 2342 1300 2396 mittentis.
1331 2345 1423 2399 llle
1450 2360 1576 2399 vero
1607 2347 1708 2400 hoc
1745 2347 2064 2416 suscipiens,

498 2441 713 2498 propter
739 2432 959 2486 multam
993 2434 1090 2488 viri
1115 2436 1516 2502 postulationem
1549 2449 1832 2506 coopertus
1859 2449 1942 2495 est
1967 2441 2068 2495 hoc

497 2535 598 2574 una
631 2532 804 2588 nocte,
837 2538 934 2592 per
964 2534 1127 2578 totam
1159 2541 1295 2594 pene
1323 2536 1529 2581 noctem
1558 2529 1770 2583 dicebat
1806 2531 1870 2584 ad
1895 2546 2067 2585 senar-

497 2613 725 2681 tipsum,
779 2624 836 2667 ut
874 2616 1168 2670 recitabant
1195 2618 1498 2671 cubicularii
1545 2619 1697 2688 ejus:
1725 2621 1850 2687 Quis
1892 2622 2064 2689 dicet,

495 2701 635 2769 quod
663 2702 876 2756 humilis
903 2703 1135 2758 Joannes
1167 2706 1421 2774 (habebat
1443 2707 1583 2760 enim
1609 2723 1818 2775 semper
1845 2711 2066 2765 verbum

495 2790 633 2842 istud
664 2792 716 2842 in
741 2795 857 2860 ore)
891 2793 1048 2858 pallio
1076 2795 1285 2862 triginta
1310 2811 1402 2850 sex
1433 2799 1804 2854 numismatum
1837 2811 2063 2869 tegatur,

495 2889 548 2934 et
570 2878 762 2936 fratres
783 2880 979 2937 Christi
1009 2885 1203 2953 frigore
1229 2887 1522 2940 necentur?
1550 2889 1744 2954 Quanti
1765 2904 1886 2944 sunt
1909 2893 2066 2947 modo

493 2973 582 3040 qui
611 2972 858 3027 dentibus
895 2975 1121 3028 strident
1151 2990 1259 3043 prae
1286 2978 1488 3046 glacie?
1518 2981 1699 3046 quanti
1733 2992 1857 3034 sunt
1906 2984 2065 3036 modo

2174 1805 2274 1858 hoc
2303 1807 2598 1860 mercedem
2629 1821 2731 1859 non
2762 1808 3024 1858 modicam
3055 1806 3256 1862 habet.
3292 1807 3483 1860 Atinii
3509 1817 3614 1855 atas:
3640 1821 3660 1850 κ

2173 1895 2539 1948 credulitatem
2568 1897 2712 1950 verbi
2734 1907 2789 1950 et
2814 1901 3190 1951 testimonium
3229 1914 3431 1960 verax,
3461 1899 3571 1964 quat
3599 1912 3662 1943 [ζ’.

2172 1995 2413 2040 sanctum
2445 1987 2800 2056 Epiphanium
2826 1999 2880 2042 et
2905 1989 3179 2043 Joannem
3213 1991 3342 2056 (ὃο)
3364 1992 3662 2056 cpia-opm.-~

2173 2078 2566 2148 rosolymorum
2617 2078 2815 2132 factum
2840 2089 2943 2144 est,
2974 2079 3267 2147 quomodo
3294 2091 3510 2131 sanctus
3539 2079 3665 2141 Esse-

2172 2167 2292 2220 ηίυε
2322 2183 2418 2234 Per
2458 2176 2626 2222 artem
2670 2170 2786 2244 tulit
2813 2182 3100 2238 argentum
3138 2173 3492 2236 patriarcha,
3520 2170 3646 2239 ςῖεέιεξε

2169 2251 2393 2309 Joannis
2419 2255 2678 2323 ejusdem,
2701 2268 2753 2310 et
2780 2258 2930 2312 dedit
2949 2260 3269 2328 egentibus.

2241 2345 2351 2398 CAP
2390 2345 2530 2400 XXI.
2561 2377 2631 2387 —
2663 2346 2886 2417 Dignum
2914 2359 2969 2402 et
2995 2365 3312 2419 congruum
3348 2351 3567 2411 [trrditla
3589 2365 3660 2398 ra:-

2170 2435 2281 2488 tulo
2303 2437 2570 2491 referebat
2595 2440 2758 2494 semel
2780 2455 2958 2494 coram
2986 2443 3257 2498 omnibus
3284 2447 3390 2497 istc
3419 2455 3608 2495 saeta.
3631 2453 3662 2487 :-

2169 2540 2333 2583 ceus:
2367 2527 2654 2595 Habebam,
2689 2531 2875 2599 inquit,
2906 2534 3206 2600 quemdam
3231 2537 3660 2588 m'nistruaiaw

2171 2617 2324 2672 theca
2345 2634 2458 2673 mea
2479 2621 2530 2673 in
2559 2619 2757 2690 Cypro,
2784 2622 2993 2678 fichem
3024 2625 3210 2690 valde,
3238 2637 3298 2678 et
3323 2626 3549 2692 virgim
3569 2636 3646 2685 =53

2168 2707 2234 2759 ad
2283 2708 2485 2763 obitum
2527 2727 2701 2766 suum.
2734 2713 2830 2766 llic
2877 2730 3006 2783 ergo
3055 2719 3329 2770 narrabat
3380 2716 3497 2770 mihi
3529 2717 3608 2780 eali
3647 2741 3652 2752 ε

2171 2796 2341 2850 Africa
2371 2799 2636 2856 existente
2681 2819 2766 2857 me
2796 2806 2932 2857 facta
2982 2817 3066 2860 est
3097 2823 3197 2861 res
3231 2810 3557 2876 hujusmoé;
3593 2808 3654 2857 Fiu-

2170 2889 2448 2942 mauebatu
2478 2891 2642 2958 enim,
2672 2895 2765 2956 ait,
2800 2911 2918 2947 cum
2949 2899 3194 2963 quodam
3253 2900 3546 2958 Ielonearia,
3567 2899 3620 2949 si?
3643 2915 3655 2938 π

2170 2976 2516 3034 vehementer
2546 2993 2600 3034 et
2645 2985 3076 3041 immi~erimrdi.
3131 2993 3322 3046 Semel
3365 3008 3482 3060 ergo
3509 3007 3656 3057 φεῖ-τέ·

493 3060 580 3126 qui
605 3061 864 3125 psiathum
889 3062 1004 3132 (55)
1029 3064 1284 3119 habentes
1297 3045 1489 3121 subtus
1510 3045 1808 3135 dimidium,
1832 3077 1888 3124 et
1907 3085 2065 3139 supra
2090 3045 2136 3106 (ἶ
2167 3065 2266 3120 bus
2296 3069 2346 3121 iit
2378 3069 2551 3125 hieme
2581 3074 2886 3130 sedentibus
2912 3078 2976 3129 ad
3007 3079 3209 3144 solem,
3244 3045 3656 3151 sequeuczidacﬂr

493 3146 790 3214 dimidium,
821 3159 874 3202 et
905 3165 1007 3202 non
1042 3161 1263 3218 possunt
1291 3155 1578 3208 extendere
1611 3157 1772 3223 pedes
1800 3173 1947 3222 suos,
1971 3161 2065 3214 sed

491 3234 761 3290 dormiunt
787 3247 845 3290 ut
869 3239 1076 3305 glomus
1097 3249 1386 3297 trementes
1411 3241 1560 3312 (56)?
1588 3246 1781 3310 Quanti
1805 3246 1859 3299 in
1886 3257 2066 3304 monte

492 3326 826 3382 dormierunt
856 3330 1126 3393 inccenati,
1171 3342 1223 3384 et
1254 3332 1371 3386 sine
1402 3333 1640 3400 lucerna,
1677 3335 1930 3392 habentes
1970 3339 2068 3392 du-

495 3413 684 3481 plicem
733 3419 1027 3470 cruciatum
1075 3427 1178 3471 tam
1210 3434 1273 3472 ex
1307 3419 1502 3489 frigore
1530 3438 1686 3492 quam
1736 3441 1800 3478 cx
1829 3426 2064 3495 jejunio?

491 3501 686 3566 Quanti
715 3505 1016 3558 desiderant
1035 3509 1260 3560 saturari
1288 3507 1354 3562 de
1378 3507 1519 3562 foliis
1541 3512 1766 3574 olerum,
1798 3528 1915 3581 qua:
1940 3530 2065 3580 pro-

490 3593 748 3660 jiciuntur
795 3596 861 3649 de
907 3600 1128 3664 coquina
1180 3602 1332 3654 mea?
1379 3601 1568 3667 Quanti
1618 3605 1817 3659 vellent
1862 3609 2064 3675 tingere

488 3695 676 3750 panem
733 3700 886 3738 suum
931 3688 982 3739 in
1015 3699 1217 3742 zemate
1253 3689 1367 3759 (57)
1399 3693 1538 3759 quod
1587 3694 1868 3761 projiciunt
1907 3698 2061 3764 coqui

487 3774 628 3825 mei?
661 3774 852 3838 Quanti
881 3778 1099 3843 cupiunt
1145 3780 1229 3831 vel
1276 3778 1500 3835 odorare
1527 3785 1726 3847 vinum,
1755 3787 1893 3852 quod
1939 3786 2060 3838 fun-

487 3863 628 3916 ditur
660 3866 711 3918 in
742 3867 957 3919 cellario
987 3870 1139 3922 meo?
1168 3872 1361 3935 Quanti
1391 3884 1513 3926 sunt
1553 3874 1605 3926 in
1635 3875 1848 3929 civitate
1879 3877 1976 3930 ista
2005 3879 2058 3930 iit

488 3950 586 4004 hac
614 3952 740 4005 hora
769 3957 1055 4024 peregrini,
1089 3974 1191 4012 n0n
1226 3961 1480 4032 habentes
1507 3963 1594 4016 ubi
1627 3966 1981 4031 hospitentur.
2007 3979 2056 4020 et

486 4038 538 4092 in
568 4040 682 4094 foro
707 4043 910 4110 jacent,
940 4045 1168 4102 fortasse
1207 4059 1261 4104 et
1293 4052 1464 4118 pluvia
1495 4051 1810 4106 madefacti?
1839 4059 2054 4122 Quanti,

484 4138 663 4195 putas,
693 4131 892 4187 habent
942 4145 1109 4189 totum
1141 4153 1406 4203 mensem,
1441 4141 1521 4194 vel
1552 4145 1706 4195 etiam
1749 4146 1900 4209 duos,
1951 4163 2054 4201 non

482 4228 759 4286 gustantes
805 4225 1004 4279 oleum.
1036 4230 1227 4293 Quanti
1260 4241 1381 4284 sunt
1407 4233 1494 4298 qui
1526 4248 1629 4286 non
1673 4235 1868 4288 habent
1918 4237 2053 4290 alte-

480 4320 596 4359 rum
626 4311 1000 4366 vestimentum
1032 4317 1084 4368 iu
1116 4327 1319 4383 aestate,
1352 4328 1406 4372 et
1431 4321 1654 4373 alterunt
1695 4323 1746 4376 in
1778 4326 1972 4389 hieme,
2000 4336 2053 4379 et

480 4397 552 4449 ita
585 4399 810 4454 miseriis
857 4406 1198 4473 afﬂiguntur?
1227 4409 1302 4461 Tu
1349 4425 1471 4463 vero
1519 4423 1844 4479 exspectans
1891 4417 2050 4471 etiam
2085 4403 2133 4463 D

475 4474 729 4540 aeternam
756 4490 1140 4554 jucunditatem
1193 4499 1422 4566 assequi,
1455 4509 1510 4553 et
1563 4474 1736 4555 vinum
1767 4505 1908 4560 bibis
1937 4547 1950 4572 ,
2002 4517 2058 4562 et

479 4576 650 4642 pisces
680 4579 938 4633 immanes
982 4582 1226 4650 devoras,
1259 4597 1312 4640 et
1340 4588 1393 4641 in
1435 4591 1693 4644 cubiculis
1726 4594 2053 4666 deinoraris,

478 4666 637 4718 modo
666 4677 841 4722 autem
872 4685 991 4724 cum
1045 4676 1292 4730 omnibus
1331 4681 1486 4734 malis
1541 4685 1675 4736 etin
1723 4693 2058 4755 coopertorio

481 4754 694 4823 triginta
721 4773 814 4811 sex
845 4763 1223 4820 numismatum
1259 4777 1308 4821 te
1354 4771 1635 4825 calefacis?
1666 4754 1936 4832 Veraciter
1982 4781 2053 4836 ita

478 4847 667 4901 vivens
689 4859 744 4903 et
768 4850 820 4904 in
850 4854 940 4906 tali
972 4855 1237 4912 laxatione
1264 4874 1608 4927 conversaris,
1640 4882 1740 4920 non
1769 4883 2049 4937 exspecta-

481 4938 560 4992 bis
590 4940 697 4994 illic
748 4947 1054 5008 praeparatis
1083 4950 1289 5016 gaudiis
1347 4952 1476 5018 frui,
1508 4955 1601 5009 sed
1632 4958 1815 5012 audies
1869 4963 2049 5031 utique

475 5032 613 5091 αιιιιιι
668 5042 722 5084 et
776 5035 925 5089 dives
977 5037 1067 5090 ille
1115 5042 1315 5092 audivit
1347 5042 1522 5112 (Lucae
1575 5054 1687 5116 xvi)
1733 5067 1745 5102 :
1784 5051 2048 5121 Recepisti

482 5127 628 5182 qona
724 5116 777 5170 in
851 5124 957 5178 vita
1034 5135 1121 5184 ttta
1158 5176 1171 5198 ,
1250 5145 1504 5197 pauperes
1536 5151 1663 5191 vero
1689 5142 1856 5207 mala;
1907 5159 2048 5198 nunc

475 5216 599 5264 ttlgu
627 5206 990 5276 consolantur,
1021 5223 1074 5264 tu
1097 5229 1223 5267 veto
1243 5221 1514 5276 cruciaris.
1541 5206 1855 5283 Benedictus
1881 5232 2046 5301 Deus,

476 5287 694 5342 humilis
721 5293 952 5350 Joannes
989 5300 1090 5352 alia
1122 5314 1275 5356 nocte
1304 5322 1407 5360 non
1437 5325 1773 5379 cooperietur
1803 5319 1912 5372 illo.
1953 5287 2044 5375 Ju:

474 5386 612 5430 stum
641 5391 719 5433 est
754 5385 928 5450 enim,
974 5398 1026 5440 et
1056 5389 1190 5445 bene
1236 5409 1506 5465 acceptum
1541 5403 1668 5469 Deo,
1699 5417 1750 5458 ut
1803 5419 2042 5477 tegantur

473 5479 684 5523 centum
717 5477 891 5540 potius
919 5482 1257 5552 quadraginta
1281 5500 1509 5554 quatuor
1537 5493 1727 5551 fratres
1756 5509 1810 5554 et
1835 5502 2036 5559 domini

473 5567 576 5624 tut,
605 5576 759 5627 quant
795 5575 842 5618 tu
895 5570 1094 5626 infelix.
1149 5575 1591 5639 Venuinlabantur
1621 5590 1760 5642 enim
1811 5604 2039 5659 quatuor

2170 3157 2328 3225 tibus,
2363 3175 2638 3229 ceperunt
2662 3166 2854 3234 singuli
2875 3167 3069 3221 domos
3089 3171 3582 3241 eleemosyuators
3599 3187 3655 3217 sa-

2168 3249 2403 3315 laudare,
2435 3263 2488 3306 et
2516 3269 2611 3322 pro
2638 3257 2716 3309 eis
2739 3271 2894 3312 orare
2923 3273 3021 3326 per
3049 3261 3306 3329 singulos
3332 3278 3522 3323 eumn,
3643 3286 3654 3295 -

2168 3351 2248 3395 ter
2268 3353 2322 3396 et
2339 3344 2525 3399 domos
2539 3349 2929 3418 eleemosynam
2960 3367 3066 3406 non
3088 3353 3413 3410 facientium
3432 3357 3652 3418 vituperet

2165 3430 2308 3484 lnter
2335 3448 2454 3502 quae
2481 3439 2624 3490 venit
2654 3438 2706 3491 in
2738 3439 2971 3494 medium
2995 3457 3188 3497 eorum
3223 3458 3280 3500 et
3312 3448 3654 3500 nomen

2164 3522 2269 3573 mei
2325 3525 2643 3590 teionearii,
2701 3538 2754 3580 et
2821 3545 3103 3598 cmperunt
3165 3536 3372 3604 singuli
3428 3540 3652 3600 imemgm

2165 3617 2464 3680 proximum
2494 3635 2507 3668 :
2545 3619 2681 3673 Vere
2731 3630 2804 3683 tu,
2842 3623 3030 3687 frater,
3062 3629 3328 3694 accepisti
3361 3627 3592 3695 aliqua-49
3618 3635 3652 3672 δέ

2161 3703 2323 3757 domo
2353 3706 2440 3759 illa
2489 3711 2946 3766 benedictionem?
2978 3715 3041 3768 Et
3068 3720 3327 3771 omnibus
3382 3715 3648 3783 intuma-‘-

2164 3793 2259 3845 bus
2290 3795 2540 3861 invicem,
2571 3801 2746 3854 nullus
2778 3801 3028 3857 inventus
3047 3816 3129 3859 est
3154 3813 3439 3876 accepisse
3460 3809 3649 3872 ali-amr

2159 3884 2228 3937 de
2256 3885 2415 3938 domo
2447 3890 2562 3954 ejus
2591 3893 2810 3958 aliquid.
2845 3895 2984 3948 Dicit
3020 3912 3150 3966 ergo
3183 3916 3324 3954 unus
3354 3917 3424 3956 ex
3446 3903 3508 3955 eis

2159 3975 2354 4028 dabitis
2383 3978 2531 4040 mihi,
2563 3990 2613 4034 et
2664 3997 2764 4051 ego
2817 3985 3077 4053 accipiam
3105 3989 3270 4044 hodie
3323 4005 3394 4044 ex
3423 4006 3480 4044 eo
3513 3987 3648 4042 bad-

2158 4069 2423 4124 ctionem?
2466 4073 2530 4126 Et
2581 4075 2896 4131 facientibus
2941 4095 3064 4132 cum
3118 4097 3183 4136 eo
3231 4097 3464 4151 pactum.
3504 4083 3642 4136 mar

2156 4169 2262 4213 Stal
2289 4161 2417 4215 foris
2447 4174 2648 4230 portam
2695 4167 2905 4230 domus,
2938 4185 3260 4241 exspectans
3289 4179 3491 4242 quam
3511 4177 3561 4226 ιε]
3595 4175 3640 4223 es

2156 4267 2298 4304 mum
2329 4268 2477 4307 suam
2507 4267 2885 4313 reverteretur.
2932 4262 3006 4315 Ex
3055 4265 3456 4331 dispensatione
3475 4266 3546 4320 Dei
3577 4279 3642 4329 με’-

2159 4357 2418 4399 venerunt
2447 4348 2626 4415 simul,
2661 4351 2773 4418 ipse
2817 4354 3121 4422 ingrediens
3165 4369 3404 4422 portam,
3448 4371 3494 4410 et
3525 4374 3612 4408 ιμέ

2158 4447 2372 4504 portans
2399 4439 2635 4509 siligines
2679 4460 2706 4496 a
2741 4449 3003 4515 mancipio
3034 4451 3173 4517 (Gl),
3209 4467 3371 4505 causa
3421 4453 3574 4518 pransi.

2159 4527 2289 4579 sius.
2321 4527 2516 4582 Videtis
2543 4532 2701 4599 igitur
2727 4550 2983 4603 egenum,
3033 4556 3138 4593 non
3169 4541 3452 4596 inveniens
3475 4541 3638 4606 lat-first.

2158 4628 2254 4681 per
2285 4621 2512 4672 lurorem
2557 4622 2743 4688 arripit
2769 4626 3028 4694 siliginem
3069 4631 3139 4682 de
3168 4632 3392 4695 clitella,
3438 4641 3483 4684 et
3501 4631 3637 4696 imit:

2156 4703 2208 4757 iu
2235 4705 2423 4762 faciem
2453 4710 2586 4778 ejus.
2621 4713 2713 4767 llle
2740 4731 2865 4769 vero
2893 4723 3127 4788 suscepit
3153 4737 3295 4786 eam,
3326 4737 3378 4776 et
3403 4727 3516 4777 abiit
3537 4731 3574 4770 at
3595 4733 3620 4763 2:

2157 4797 2428 4854 tisfatceret
2451 4803 2810 4860 confratribus
2834 4812 2967 4877 suis,
2997 4814 3136 4880 quod
3161 4829 3227 4867 ex
3257 4818 3454 4871 eisdem
3473 4812 3638 4867 murti“

2153 4891 2449 4956 accepisset
2476 4911 2619 4949 eam.
2672 4898 2852 4967 Itaque
2885 4915 3002 4970 post
3031 4907 3166 4961 duos
3209 4910 3328 4962 dies
3346 4905 3639 4976 egrotanti!-

2153 4979 2404 5036 firmitate
2422 4987 2485 5037 ad
2505 4997 2728 5042 mortem
2747 4993 2884 5048 idem
2913 4995 3256 5065 telonearius,
3278 5004 3467 5056 eui-lit
3484 5003 3528 5052 in
3551 5012 3638 5050 5m-

2152 5067 2236 5120 nis
2283 5073 2516 5140 seipsum
2568 5078 2825 5134 rationem
2874 5099 3188 5152 ponentem,
3240 5102 3299 5143 et
3343 5105 3510 5145 omnes
3546 5098 3634 5138 vis“

2148 5173 2277 5213 suos
2318 5178 2478 5231 super
2523 5176 2772 5224 stateram
2820 5177 3122 5241 appendere
3167 5195 3180 5228 :
3239 5179 3298 5232 in
3353 5197 3447 5234 una
3493 5178 3632 5246 qui—is:-

2149 5248 2262 5302 acie
2297 5253 2410 5322 (62)
2457 5263 2916 5327 congregabantur
2965 5265 3120 5320 Mauri
3147 5269 3373 5336 quidam
3416 5270 3631 5324 defama-

2149 5336 2310 5388 altera
2341 5351 2517 5396 autem
2561 5347 2704 5401 acies
2733 5351 2960 5406 aliorum
2988 5357 3343 5424 quorumdam
3372 5369 3478 5414 erat

2147 5423 2388 5478 datorum
2421 5437 2475 5480 et
2495 5432 2814 5488 terribilium
2859 5423 3060 5507 Specie.
3091 5443 3192 5508 Qui
3223 5445 3356 5499 nihil
3385 5446 3624 5498 invenit-ae

2145 5511 2266 5565 boui
2288 5555 2303 5578 ,
2329 5525 2383 5568 ut
2410 5527 2463 5570 et
2490 5519 2587 5585 ipsi
2618 5525 2983 5590 appenderent
3009 5543 3229 5588 econtra
3259 5537 3519 5591 adversam
3548 5527 3620 5582 εέὶέ

2143 5618 2317 5671 opcra'
2340 5622 2453 5674 quin
2481 5611 2704 5666 collecta
2735 5630 2889 5672 erant
2925 5637 2955 5674 a
2985 5624 3181 5680 “auris
3229 5631 3276 5680 in
3305 5630 3419 5682 acie
3446 5629 3623 5694 ipsa'ﬁ—A
