3736 6308
37 275 106 328 3;
895 252 1052 308 ViTA
1093 250 1332 306 SANCTI
1375 246 1652 303 JOANNIS
1695 247 2258 304 ELEEMOSYNARII.
3080 255 3214 312 εδει

37 380 134 432 mis
173 374 560 431 tribulabantur
607 379 660 423 et
688 368 1051 430 tristabantur,
1084 376 1138 420 et
1189 374 1366 419 mente
1412 377 1537 414 con-
1575 359 1620 415 Α
1647 357 1964 422 gentarium,
1989 358 2283 423 quidamna
2309 357 2584 412 inciderat.
2619 359 2693 412 Ad
2729 362 3049 416 locutionem
3075 378 3205 418 vero

37 469 362 524 ernebantur
410 462 473 515 ad
514 461 852 525 alterutrum,
881 468 932 510 et
975 457 1220 510 dicebam
1263 453 1445 521 :Ergo
1481 465 1548 504 ne
1652 447 1981 498 venientibus
2025 446 2302 509 ambobus,
2351 446 2478 498 dicit
2515 448 2564 500 ei
2597 449 2831 502 nutarius
2873 451 3051 505 :Audi
3089 467 3206 507 me.

39 555 116 610 hil
163 557 422 609 habemus
464 553 586 606 hic?
624 551 773 605 Tunc
819 551 947 604 dicit
975 566 1112 602 unus
1159 563 1339 602 eorum
1371 564 1384 599 :
1415 546 1552 600 Vere

1697 537 1816 595 oile.
1848 545 1901 589 et
1930 550 2046 588 etne
2073 551 2282 588 servum
2310 552 2490 596 unum,
2517 539 2637 605 quia
2663 538 2834 592 habeo
2857 549 2962 593 tam
2992 540 3212 604 bonum,

37 647 107 699 hil
163 645 456 708 “abem”,
511 642 611 694 "is;
659 655 813 692 “nam
867 641 1150 709 siliginem,
1192 651 1350 705 quam
1405 636 1554 689 dedit
1654 625 1866 676 ttttlicat
1903 624 2060 676 homo
2098 625 2238 692 quod
2283 629 2535 688 patricius
2563 626 2652 679 sit.
2685 628 2749 680 Et
2777 628 2996 682 audiens
3025 644 3215 698 argen-

37 746 104 788 ,.e
134 736 275 788 duos
303 735 418 788 dies
445 732 676 796 Christo,
711 743 762 784 ει
789 730 952 795 ipsam
981 744 1082 781 non
1113 728 1434 780 νοιιιηιιη-ίο,
1490 725 1554 776 Et
1653 713 1817 765 tarius
1860 713 1997 778 quod
2021 727 2231 764 servum
2279 711 2516 778 haberet,
2549 714 2835 768 admiratus
2862 727 2962 779 est,
2999 727 3054 771 et
3089 719 3218 771 dicit

37 827 313 879 mentibus
342 824 418 877 eis
465 824 752 888 siliginem.
786 821 1058 888 aquati.”
1088 819 1224 874 facta
1251 826 1350 869 εει,
1404 816 1554 868 Tunc
1655 801 1705 854 ei
1737 819 1748 850 :
1781 800 1951 853 Crede
1982 801 2134 862 mihi,
2159 800 2282 868 quia
2314 815 2417 852 non
2448 802 2693 867 possideo
2724 803 2865 856 unde
2893 819 3072 858 emere
3095 820 3219 872 pos-

37 899 160 967 eunt
207 912 505 966 teloneario
553 911 608 964 hi
651 911 739 977 qui
777 914 1132 976 apparuerant
1160 907 1207 959 ei
1240 903 1503 958 candidati
1538 919 1552 954 :

1695 894 1777 942 im.
1813 891 1943 943 Dicit
1982 891 2028 943 ei
2063 907 2271 942 rursum
2322 894 2558 944 notarius
2587 908 2600 944 :
2635 894 2826 961 Accipe
2856 904 3122 959 mutuum,
3167 905 3221 949 et

39 1004 150 1066 “te,
181 1013 239 1058 et
267 1018 402 1070 auge
426 1001 490 1053 ad
545 1001 807 1066 siliginem
855 998 1016 1061 hanc,
1059 1011 1180 1048 nam
1224 1008 1348 1046 νει-θ
1392 990 1556 1046 Mauri
1657 995 1776 1032 etne
1808 995 1952 1041 eum,
1984 981 2202 1030 multum
2239 981 2380 1032 enim
2409 993 2488 1033 est
2520 980 2709 1046 bonus,
2743 992 2797 1034 et
2821 985 3099 1037 benedicel
3128 986 3220 1037 tibi

37 1096 69 1148 ti
97 1105 150 1148 te
186 1096 606 1161 apprehentlent.
639 1090 854 1156 Ejnlans
875 1103 1022 1155 ergo,
1047 1086 1261 1154 agnovit
1286 1100 1406 1152 qua:
1450 1085 1555 1136 visa

1695 1081 1800 1122 >etts
1833 1086 1923 1136 per
1949 1085 2090 1121 cum.
2125 1071 2403 1138 Acqnievit
2428 1085 2555 1135 ergo
2583 1074 2653 1135 ei,
2677 1086 2730 1125 et
2750 1074 2878 1126 emit
2901 1088 3021 1127 eum
3048 1074 3222 1127 sordi-

38 1196 105 1236 m
138 1158 310 1236 π’έο
345 1197 452 1234 non
497 1196 615 1233 esse
647 1179 936 1241 mendacia,
969 1179 1061 1230 ςεα
1093 1177 1322 1229 veracia.
1372 1173 1558 1228 omnia
1661 1158 1741 1210 dis
1770 1159 2002 1211 vestibus
2031 1159 2290 1223 indutum,
2336 1161 2739 1214 numismatibus
2771 1163 3000 1230 triginta.
3046 1163 3222 1215 iielin-

37 1291 118 1328 Em
148 1288 273 1342 qua:
322 1289 349 1324 a
391 1271 673 1340 juveumm
722 1283 812 1321 sua
859 1269 1216 1330 commiserat,
1248 1276 1301 1318 et
1338 1277 1559 1331 quorum
1660 1261 1829 1314 quens
1859 1258 2036 1342 autem
2066 1261 2183 1342 eum
2211 1252 2469 1342 notarius,
2509 1249 3222 1342 abiit-Constantinopolim,

41 1381 100 1417 se
127 1336 246 1415 erat
274 1336 490 1421 oblitus,
524 1359 734 1410 videbat
763 1356 1045 1424 [Ethiopes
1065 1357 1188 1408 illos
1217 1369 1559 1422 congregare,

1695 1336 1995 1388 atislaciens
2024 1337 2163 1403 quod
2195 1337 2323 1389 nulli
2355 1338 2457 1390 hoc
2495 1338 2878 1402 manifestaret,
2909 1349 2958 1392 et
3001 1343 3139 1407 quod
3162 1343 3228 1394 tle

81 1452 371 1517 deportare
399 1450 464 1500 ad
501 1449 704 1509 libram,
736 1454 789 1498 ει
834 1446 1084 1498 dicebat;
1141 1443 1283 1496 vam
1333 1441 1470 1510 (σε),
1515 1441 1560 1493 εί
1663 1424 2186 1517 pretionequaquatn
2211 1427 2310 1478 sibi
2336 1427 2612 1517 retinendo
2635 1428 2828 1495 aliquid
2865 1429 3224 1492 defraudaret,

38 1555 88 1592 ia
127 1513 286 1604 siligo
326 1552 483 1605 quam
529 1535 720 1602 jactavi
754 1549 844 1600 per
879 1517 1111 1586 furorem
1157 1532 1228 1584 ita
1273 1531 1489 1599 profuit,
1533 1544 1562 1581 a
1663 1513 1758 1605 ῥεῖά
1820 1513 1921 1605 “(lc
1965 1520 2129 1565 ῑοωηι
2165 1514 2484 1605 Ρθξιβετίῢιξε
2528 1516 2712 1605 γάθτθι-
2765 1517 2904 1583 ΕΓΒο
2951 1518 3230 1586 aliquanti"

37 1631 202 1684 tantis
221 1600 388 1681 inalis
429 1641 486 1679 se
517 1600 705 1678 liberat
753 1625 840 1692 qui
870 1624 960 1676 dat
1006 1624 1056 1674 in
1102 1621 1442 1689 simplicitate
1469 1633 1562 1673 sua
1670 1602 1832 1692 idem
1869 1600 2055 1654 Ρθινυει
2100 1602 2379 1692 (ξοηυξηθιη
2437 1603 2666 1658 [ﬁdebat
2713 1606 2929 1659 domino
2975 1623 3091 1672 suo,
3135 1609 3233 1660 ali-

37 1737 128 1777 ana
183 1718 589 1789 indigentibus?
639 1717 702 1769 Et
732 1690 798 1769 de
827 1724 1024 1769 caetero
1073 1715 1143 1766 ita
1194 1714 1462 1766 modestus
1509 1721 1561 1765 et

1703 1690 1873 1743 uando
1901 1703 2076 1742 autem
2124 1690 2331 1743 lavabat
2381 1706 2584 1758 pannos
2633 1695 2780 1760 ejus,
2831 1711 3098 1762 nunquam
3128 1698 3229 1749 ali-

37 1814 226 1867 rudens
256 1779 420 1878 atvque
449 1795 687 1863 summus
708 1810 1131 1876 eleemosynator
1177 1805 1348 1859 factus
1375 1813 1477 1865 est,
1506 1813 1562 1856 ιιι
1665 1780 1876 1878 Wand"
1922 1780 1973 1831 in
2022 1779 2257 1878 990m?“
2304 1780 2783 1878 hf”“"f_355“°l“5'
2816 1786 3014 1878 Nm“
3053 1795 3227 1839 amem

37 1903 149 1954 jam
181 1867 402 1967 ροτρδιιί
430 1899 645 1967 proprio
667 1913 772 1951 ηοη
801 1867 1061 1963 ρει-θέτω,
1664 1870 1900 1938 seipsum
1930 1879 1984 1923 et
2024 1867 2229 1936 jejunio
2253 1870 2434 1923 multo.
2465 1872 2592 1924 Cum
2625 1887 2752 1926 vero
2782 1875 2998 1928 vidisset
3042 1890 3101 1928 se
3140 1879 3232 1930 bc-

59 1959 302 2060 Contigit
332 1959 473 2044 enim
507 1959 786 2057 aliquando
805 1959 1104 2042 secundum
1130 1983 1562 2040 consuetudinem

1695 1960 1844 2013 tedici
1891 1959 2140 2013 dominus
2170 1961 2284 2027 ejus
2334 1975 2494 2028 super
2535 1977 2744 2017 omnem
2786 1966 3224 2030 benedictionem,

37 2051 290 2138 mcedée
341 2096 460 2135 eum
512 2051 741 2134 dih‘mulo
787 2080 852 2132 ad
882 2079 1172 2143 teloneum’
1214 2086 1268 2131 et
1300 2077 1472 2129 obvim
1515 2075 1564 2128 ei
1664 2051 1795 2104 dicit
1826 2051 1898 2114 ei,
1936 2051 2320 2104 verecundatus
2350 2068 2621 2108 enormem
2651 2053 2768 2122 ejus
2795 2055 3043 2110 virtutem
3068 2069 3122 2110 et
3144 2060 3230 2110 hu-

37 2187 176 2241 ΝΜ,
209 2177 297 2244 qui
333 2190 361 2226 a
393 2175 665 2242 naufragio
695 2173 866 2226 "udus
897 2182 954 2225 ut
991 2163 1143 2225 nam-3
1172 2182 1252 2225 est
1289 2180 1561 2233 ensem”
1666 2144 1942 2196 utilitatem
1969 2160 1982 2194 :
2021 2143 2170 2207 Volo,
2206 2143 2418 2197 humilis
2448 2145 2620 2207 l-‘etre,
2654 2146 2878 2199 liberare
2900 2155 2971 2212 te,
3000 2157 3055 2201 et
3076 2156 3131 2201 ut
3150 2149 3224 2202 sis

37 2231 273 2318 Lcec'id'n
323 2274 445 2315 ante
492 2231 635 2324 ΗΠΒ,
674 2277 868 2326 rogans
896 2271 953 2315 ut
1011 2264 1388 2328 protectionem
1427 2231 1564 2326 apud
1666 2232 1732 2284 de
1761 2231 2159 2328 reliquo-irater
2187 2247 2355 2286 meus.
2388 2233 2479 2287 llle
2511 2250 2634 2287 vero
2659 2235 2846 2288 noluit.
2892 2236 3104 2291 Viderat
3133 2253 3228 2292 au-

37 2371 116 2406 um
147 2354 484 2420 impetraret.
513 2351 603 2403 Ille
630 2365 756 2419 ergo
787 2362 975 2418 putans
1004 2349 1146 2418 quod
1175 2363 1370 2417 egenus
1394 2357 1558 2410 esset,
1665 2334 1775 2379 lem
1819 2339 1938 2427 cui“
1970 2322 2534 2427 {réquf’f‘lerico'wmia
2569 2328 2834 2391 perferret
2867 2338 2920 2380 θί
2950 2329 3154 2395 perculi
3199 2346 3228 2381 ³

37 2416 327 2507 “pol-[5,,“
371 2454 428 2493 se
477 2416 814 2506 esophor'iun',
847 2440 957 2508 (64)
1003 2416 1152 2490 έηιηη
1179 2478 1195 2502 ,
1217 2416 1382 2505 ηυοά
1430 2438 1567 2491 imus
1667 2418 1938 2471 conservis
1966 2417 2097 2471 suis.
2126 2416 2397 2470 llabebant
2419 2429 2595 2472 autem
2623 2433 2742 2471 eum
2776 2429 3020 2488 tanquam
3043 2435 3228 2476 amen-

38 2531 194 2583 telius
224 2539 374 2594 erat,
411 2538 466 2584 et
511 2531 600 2582 dat
628 2529 699 2588 ei,
729 2530 1033 2596 rogavitque
1067 2542 1187 2580 eum
1218 2537 1275 2579 ut
1317 2529 1418 2580 hoc
1457 2528 1568 2594 ipse

1695 2525 1794 2573 em,
1823 2509 1892 2563 ita
1923 2517 1982 2561 ut
2015 2517 2070 2563 et
2099 2524 2292 2562 nomen
2341 2509 2388 2562 ei
2422 2510 2751 2576 impOnerent
2777 2512 3040 2564 Amentis.
3088 2513 3231 2578 Quo-

42 2622 316 2674 estiretur.
375 2621 603 2688 Pergens
650 2634 776 2673 vero
821 2619 908 2672 ille
934 2629 988 2672 et
1014 2621 1334 2673 erubescens
1381 2620 1566 2673 vestiri

1695 2601 1979 2668 iescunque
2026 2614 2155 2667 ergo
2206 2600 2532 2652 tribulabant
2579 2615 2698 2653 eum
2731 2602 2972 2654 conservi
3017 2603 3131 2667 sui,
3176 2613 3231 2658 et

37 2726 134 2771 .oc,
165 2711 315 2764 dedit
348 2709 470 2761 illud
505 2709 762 2761 venditori
794 2717 849 2761 ιιι
877 2709 1301 2762 venumdaretur.
1333 2709 1398 2761 Et
1447 2724 1567 2762 cum

1695 2690 1972 2743 Iormiebat
1993 2689 2046 2742 in
2079 2690 2437 2754 tribulatione,
2466 2691 2751 2758 apparebat
2777 2693 2825 2745 ei
2858 2693 3020 2760 quiin
3058 2693 3232 2748 Africa

37 2802 285 2854 ecederet
310 2800 650 2862 telonearins,
683 2799 808 2850 vidit
837 2797 938 2848 hoc
957 2811 1290 2864 suSpensum,
1315 2809 1366 2851 et
1394 2801 1570 2852 trista-

1695 2783 1749 2834 lli
1798 2791 2136 2848 apparuerat,
2186 2783 2410 2836 vestitus
2456 2783 2745 2850 es0phorio
2774 2783 2911 2852 ejus,
2946 2794 3133 2838 tenens
3180 2795 3231 2838 et

37 2909 95 2946 us
117 2903 198 2947 est
221 2893 595 2952 vehementer;
620 2897 674 2942 et
694 2887 987 2942 ascendens
1007 2888 1220 2942 domum
1241 2904 1412 2954 suam,
1440 2889 1569 2942 nihil
1673 2871 1759 2922 “'3
1790 2871 1998 2938 "igit'la
2043 2870 2358 2924 "umismam
2412 2870 2465 2923 Ῐη
2501 2886 2688 2935 man“,
2741 2872 2923 2926 dicens
2971 2876 3023 2926 εί
3057 2892 3070 2926 ε
3117 2874 3231 2926 Νυιί

37 2997 199 3036 tassus
247 2993 329 3034 cst
374 2989 617 3046 gustare;
661 2979 752 3032 sed
792 2977 1046 3032 claudens
1070 2978 1264 3033 ostium
1305 2979 1570 3032 conclavis
1674 2969 1892 3014 ηιωδίιιε
1935 2974 2074 3028 esse,
2125 2960 2282 3013 "me"
2315 2961 2487 3022 Ρθίτθο
2519 2976 2617 3030 ego
2657 2963 2861 3030 suscepi
2910 2973 2963 3018 οι
3010 2963 3232 3032 ll"?!ium

40 3076 115 3134 ui,
202 3066 435 3126 sedebat
492 3065 714 3136 plorans
761 3081 817 3127 et
887 3070 1166 3136 cogitans:
1205 3070 1334 3135 Quia
1369 3084 1472 3123 non
1498 3070 1568 3123 fui
1596 3051 1643 3113 C
1675 3051 1768 3111 tui,
1801 3049 1891 3102 sed
1925 3059 2166 3102 sustenta
2200 3064 2362 3118 usque
2390 3051 2513 3104 dum
2542 3055 2896 3119 coguoscaris.

37 3165 228 3230 lignus,
279 3163 466 3230 inquit,
503 3171 557 3215 ιιι
597 3161 700 3214 tnei
745 3162 1051 3214 memoriam
1093 3161 1314 3213 haberet
1348 3174 1569 3228 egenus.
1748 3161 1873 3214 Post
1900 3160 2109 3229 aliquod
2141 3175 2265 3213 vero
2312 3172 2541 3228 tempus,
2568 3172 2831 3218 venerunt
2856 3179 2882 3215 a
2928 3167 3092 3232 patria
3121 3168 3236 3237 cjtts

38 3249 144 3303 lum
193 3265 321 3318 ergo
368 3252 691 3312 anxiaretur,
739 3249 1086 3310 obdormivit;
1143 3257 1198 3300 et
1243 3263 1367 3302 ecce
1439 3248 1577 3300 vidit
1677 3253 1888 3320 quidam
1917 3253 2117 3318 argenti
2149 3253 2480 3319 venditores,
2512 3263 2567 3307 ut
2592 3268 2804 3308 orarent
2846 3258 2910 3308 ad
2962 3258 3072 3310 loca
3119 3275 3240 3312 sau-

37 3340 301 3408 Iuentdatn
355 3341 655 3406 speciosum
731 3349 977 3406 tanquam
1051 3337 1220 3390 solem
1242 3377 1258 3400 ,
1318 3338 1573 3390 ferentem
1678 3353 1791 3403 cta;
1813 3350 1863 3393 et
1890 3341 2131 3394 invitavit
2151 3357 2242 3394 eos
2268 3344 2329 3395 ad
2355 3344 2630 3409 prandium
2654 3345 2900 3399 dominus
2917 3347 3114 3400 domini
3143 3348 3239 3401 Pe-

37 3448 229 3486 :rucetn
264 3446 426 3498 super
451 3440 607 3498 caput
630 3446 781 3482 suum
805 3439 859 3483 et
883 3429 1242 3497 esopltorium,
1262 3427 1399 3496 quod
1418 3428 1578 3481 dede-
1682 3430 1774 3492 tri;
1801 3439 1855 3483 et
1880 3444 1999 3483 curn
2028 3429 2369 3496 ministraret,
2399 3433 2571 3484 statim
2608 3434 2692 3486 ille
2721 3437 2965 3501 cognovit
2994 3452 3107 3494 eos.
3131 3439 3236 3506 ipsi

37 3536 100 3577 'at
156 3531 372 3587 nautae,
434 3524 772 3577 assistentem
814 3523 913 3576 sibi
955 3534 1008 3576 et
1077 3524 1338 3576 dicentem
1390 3538 1402 3573 :
1444 3521 1577 3586 Quid
1680 3529 1854 3573 autem
1899 3520 2020 3571 dum
2068 3519 2414 3585 pranderrnt,
2449 3530 2722 3588 coeperunt
2767 3525 3043 3591 artigurarc
3082 3541 3236 3588 eum,

37 3616 219 3678 iloras,
246 3615 459 3667 domine
485 3613 686 3667 Petrei
718 3614 826 3667 Hoc
851 3613 990 3666 enim
1022 3623 1136 3666 erat
1163 3615 1209 3666 ei
1242 3627 1454 3667 nomen.
1490 3614 1581 3667 Ille
1681 3618 1734 3662 et
1759 3609 1986 3662 invicem
2017 3609 2079 3661 ad
2107 3623 2260 3660 aures
2279 3609 2462 3662 dicere
2489 3626 2502 3662 :
2537 3611 2700 3676 Quam
2742 3613 2937 3666 similat
2967 3629 3096 3682 puer
3139 3617 3240 3669 istc

38 3720 145 3757 tero
177 3705 335 3764 (liXll,
389 3713 444 3756 ιιι
481 3704 547 3756 ad
591 3705 750 3757 Deum
783 3704 1058 3770 disputans
1097 3719 1111 3755 :
1141 3703 1297 3769 Quia,
1326 3701 1578 3767 Domine,
1681 3702 1895 3755 domino
1927 3701 2082 3754 Petro
2115 3701 2417 3754 teloncario.
2449 3702 2539 3755 Ille
2577 3718 2702 3756 vcro
2725 3707 3038 3772 occultabat,
3070 3723 3239 3775 quan-

37 3807 81 3844 :x
114 3793 309 3860 quibus
360 3793 566 3859 largiris
595 3793 770 3856 nobis,
801 3793 988 3846 damus
1016 3792 1192 3854 alicui,
1239 3799 1294 3844 et
1333 3789 1384 3843 itt
1431 3802 1583 3858 turpe
1685 3801 1793 3844 tutn
1826 3801 2048 3860 poterat,
2077 3794 2273 3844 vultum
2318 3807 2493 3848 suum.
2530 3794 2722 3847 lterum
2754 3811 2880 3864 ergo
2909 3798 3237 3853 comedenti-

42 3898 225 3934 ucrutn
262 3891 472 3936 vertunt
497 3884 834 3950 accipientes.
861 3883 1009 3935 Tunc
1034 3881 1160 3936 dicit
1185 3884 1231 3935 ei
1258 3899 1270 3933 :
1297 3881 1583 3949 Cognoscis
1685 3885 1781 3937 bus
1811 3885 1906 3947 eis,
1939 3894 2210 3950 rmperunt
2231 3884 2405 3937 dicere
2426 3887 2489 3936 ad
2516 3901 2632 3938 eum
2655 3886 2742 3955 qui
2773 3902 2862 3940 eos
2895 3889 3240 3943 invitaverat:

40 3973 158 4024 ioc?
193 3972 259 4024 Et
301 3973 530 4024 ostendit
560 3974 609 4026 ei
641 3975 760 4040 quia
795 3973 1004 4040 deintus
1035 3975 1260 4028 vestitus
1287 3985 1426 4028 esset
1469 3975 1584 4042 ejus
1687 3976 1823 4030 Vere
1852 3985 2114 4042 putamus,
2160 3989 2245 4029 res
2275 3976 2366 4029 tibi
2390 3991 2572 4044 magna
2605 3977 2799 4038 evenit,
2829 3978 3039 4031 domine
3066 3980 3240 4044 Zoile;

37 4061 326 4126 :sopborio.
373 4060 508 4113 Dicit
558 4063 603 4114 ei
636 4080 648 4113 :
684 4064 821 4116 Ecce
871 4078 966 4129 rgo
1003 4063 1094 4116 illo
1137 4067 1350 4124 vestior.
1380 4079 1442 4118 ex
1480 4081 1586 4132 quo
1688 4069 1902 4132 etenim,
1954 4067 2053 4119 nisi
2102 4082 2361 4130 erramus,
2395 4066 2653 4134 publicam
2685 4084 2960 4136 personam
3005 4070 3055 4124 in
3089 4073 3243 4126 mini-

37 4148 210 4203 ledisti
245 4149 374 4203 mihi
406 4153 533 4212 hoc;
563 4160 616 4203 et
643 4151 840 4217 gratias
867 4167 965 4217 ago
995 4154 1245 4206 voluntati
1278 4163 1376 4206 tua:
1401 4156 1583 4220 boum,
1687 4158 1851 4210 sterio
1884 4166 1971 4208 tuo
2000 4156 2180 4241 habes.
2228 4157 2411 4221 Neque
2438 4157 2575 4209 enim
2610 4159 2847 4211 sciebant
2874 4161 3088 4228 certius,
3123 4161 3246 4229 quia

38 4240 272 4306 luouiam
303 4238 500 4306 frigore
525 4240 819 4309 alﬂigebar,
847 4251 899 4293 et
929 4252 980 4292 tu
1003 4243 1320 4307 coaperuisti
1360 4259 1464 4295 me.
1509 4244 1586 4296 Ad
1687 4254 1802 4297 erat
1822 4245 1888 4297 de
1914 4238 2137 4312 coquiua
2167 4255 2218 4296 et
2263 4244 2465 4314 jejunio
2492 4256 2846 4300 commutatus
2885 4251 3059 4303 vultus
3105 4253 3242 4318 ejus.

37 4344 80 4383 te
109 4345 237 4398 ergo
273 4345 540 4396 reversus,
573 4330 864 4383 admiratus
893 4339 992 4392 est,
1021 4340 1073 4385 et.
1100 4331 1264 4398 cmpit
1286 4331 1586 4386 beatiticare
1689 4334 1784 4387 Diu
1817 4333 1976 4402 igitur
2008 4335 2461 4389 considerantibus
2505 4350 2646 4400 eum,
2695 4337 2820 4391 dicit
2847 4353 2979 4392 unus
3017 4355 3080 4394 ex
3120 4342 3198 4394 cis
3229 4363 3243 4396 :

37 4435 220 4488 :genos
244 4429 299 4475 et
340 4421 557 4474 dicere:
593 4421 733 4475 Vivit
760 4420 1030 4476 Dominus.
1060 4423 1103 4474 si
1131 4421 1315 4489 inepes
1347 4422 1584 4476 Christus
1609 4403 1663 4464 Ῑ)
1691 4422 1824 4476 Vere
1854 4423 2098 4476 dominus
2147 4423 2333 4477 Petrus
2373 4432 2473 4486 est,
2521 4438 2730 4492 surgam
2777 4435 2829 4480 et
2870 4429 3061 4482 tenebo
3101 4444 3243 4483 eum.

43 4525 176 4563 neus
207 4521 352 4574 sunt,
404 4525 506 4564 non
533 4511 755 4574 moriar,
785 4519 842 4564 et
881 4512 1000 4562 tiam
1042 4519 1288 4578 tauquam
1335 4526 1472 4564 unus
1516 4527 1580 4565 ex

37 4599 124 4654 eis.
1364 4645 1368 4649 ,

92 4689 369 4742 Accersilo
408 4703 534 4742 vero
564 4691 768 4742 notario
795 4705 913 4755 suo,
961 4704 1117 4759 quem
1145 4698 1200 4744 et
1228 4699 1462 4752 emerat,
1505 4691 1585 4742 tli-

37 4781 96 4833 :it
128 4781 176 4833 ei
209 4797 220 4830 :
249 4778 524 4835 Secretum
552 4780 672 4833 void
701 4781 919 4834 credere
951 4779 1080 4844 tibi;
1108 4789 1160 4833 et
1185 4779 1364 4843 crede,
1394 4781 1438 4833 si
1463 4794 1582 4848 pro.

37 4872 288 4937 palaveris
316 4887 422 4936 me,
452 4871 688 4925 barbaris
714 4872 934 4925 vendam
961 4882 1140 4935 te,aut
1158 4873 1202 4925 si
1229 4871 1586 4941 nonaudieris

37 4973 135 5012 me.
162 4960 260 5012 Dat
281 4976 406 5014 vero
420 4960 661 5014 eidecem
691 4961 846 5014 libras
860 4962 1060 5027 auri,et
1088 4960 1212 5014 dicit
1231 4960 1278 5014 ci
1305 4977 1318 5013 :
1348 4960 1511 5024 Vade,
1537 4968 1590 5013 et

37 5060 146 5100 eme
177 5049 267 5100 tibi
293 5051 591 5117 negotium;
622 5059 674 5101 et
716 5064 866 5103 sume
894 5065 995 5113 tne,
1029 5057 1083 5102 et
1122 5049 1228 5102 duc
1265 5051 1316 5102 in
1356 5059 1590 5102 sanctam

37 5135 319 5197 civitatem,
367 5146 416 5190 (ιι
447 5138 616 5190 vende
652 5153 733 5188 me
779 5139 994 5192 cuilibet
1020 5138 1341 5201 Christiano,
1373 5149 1424 5191 et
1477 5154 1593 5207 pre-

37 5231 160 5283 tium
191 5232 254 5282 da
285 5234 618 5299 pauperibus.
649 5232 864 5286 Notario
891 5249 1068 5288 autem
1113 5243 1416 5296 recusante,
1462 5233 1589 5288 dicit

37 5322 83 5372 ei
116 5323 304 5374 iterum
333 5341 346 5376 :
376 5325 629 5388 Quoniam
662 5325 702 5376 si
733 5340 817 5377 me
847 5340 950 5378 non
985 5326 1307 5392 vendideris,
1346 5341 1444 5394 ego
1466 5341 1592 5379 ven-

37 5409 152 5460 dam
203 5417 258 5462 te
291 5411 552 5474 barbaris,
584 5421 641 5464 ut
669 5413 886 5480 praedixi
937 5417 1048 5468 tibi.
1090 5415 1333 5470 Obedivit
1375 5431 1502 5484 ergo
1541 5418 1588 5469 ei

39 5497 303 5562 notarius;
335 5508 384 5551 rt
413 5502 838 5565 pervenientibus
865 5503 942 5556 eis
973 5505 1036 5556 ad
1067 5513 1247 5557 sancta
1280 5505 1412 5568 loca,
1437 5507 1587 5559 inve-

43 5585 118 5634 nit
142 5584 275 5638 idctn
305 5589 536 5640 notarius
564 5591 787 5642 amicum
821 5605 969 5645 suum
1001 5594 1236 5657 charum,
1269 5594 1471 5647 labrum
1508 5609 1590 5647 ar-

1692 4513 1856 4567 Valde
1883 4514 2022 4566 enim
2054 4514 2338 4581 imperator
2357 4513 2598 4583 audiens,
2645 4517 2882 4569 tristatttr
2920 4518 2986 4572 de
3011 4533 3094 4584 eo,
3127 4522 3246 4586 quia

1691 4603 1887 4655 dudum
1943 4617 2046 4655 non
2097 4603 2409 4669 comparuit.
2448 4602 2595 4655 Foris
2645 4604 2822 4672 itaque
2862 4615 3009 4658 stans
3048 4609 3246 4659 audivit

1693 4691 1834 4755 hate;
1867 4703 1916 4744 et
1949 4705 2152 4758 ponens
2179 4694 2407 4743 catinum
2437 4706 2464 4742 a
2496 4707 2574 4753 se,
2601 4707 2702 4743 non
2730 4703 2810 4745 est
2841 4692 3124 4759 ingressm,
3153 4697 3246 4747 sed

1693 4790 1840 4834 recto
1869 4795 2026 4833 cursu
2055 4782 2286 4833 cucurrit
2316 4779 2379 4830 ad
2411 4787 2636 4844 portam.
2686 4781 2812 4833 Erat
2855 4781 3028 4849 itaque
3069 4785 3116 4836 ei
3157 4789 3246 4852 qati

1695 4883 1812 4923 eum
1845 4878 1970 4923 tunc
1999 4870 2225 4923 habebat
2253 4867 2500 4920 ostiarius
2533 4875 2706 4920 mutus
2747 4878 2797 4922 et
2822 4874 3012 4923 surdus
3041 4889 3069 4922 a
3108 4875 3244 4926 nati-

1693 4961 1873 5023 vitate,
1904 4961 1991 5028 qui
2021 4975 2114 5028 per
2141 4968 2320 5012 nutum
2355 4968 2526 5012 tamen
2558 4961 2827 5026 aperiebat
2861 4971 2914 5014 et
2943 4964 3244 5020 claudebat.

1697 5053 1973 5106 Festinans
1988 5065 2115 5119 ergo
2143 5064 2326 5104 servus
2351 5049 2442 5102 Dei
2471 5050 2637 5114 exire,
2662 5050 2785 5103 dicit
2806 5051 2965 5102 surdo
2986 5061 3039 5105 et
3061 5066 3205 5104 muto
3232 5077 3246 5104 ι

1695 5141 1810 5194 Tibi
1841 5141 1960 5192 dico
1988 5140 2037 5191 in
2068 5139 2276 5191 nomine
2307 5136 2524 5190 Christi.
2557 5137 2646 5191 Ille
2667 5153 2792 5190 vero
2813 5139 3018 5192 audivit
3045 5141 3244 5208 statim,

1695 5242 1748 5286 et
1772 5231 1908 5285 dixit
1933 5250 1943 5283 :
1972 5233 2161 5292 Etiam,
2192 5230 2423 5283 domine.
2474 5228 2662 5283 lterum
2697 5243 2821 5283 vero
2849 5229 2938 5284 ille
2978 5231 3041 5283 ad
3083 5245 3203 5284 cum
3230 5252 3246 5290 :

1694 5323 1874 5389 Aperi.
1907 5320 2196 5388 Respondit
2245 5328 2422 5372 mutus
2451 5326 2503 5371 et
2551 5319 2742 5372 surdus
2781 5321 3052 5373 secundo:
3097 5321 3244 5391 Ego,

1694 5415 1924 5468 domine.
1939 5412 2125 5466 Statim
2145 5409 2531 5479 crgosurretit,
2555 5419 2605 5463 et
2627 5411 2829 5477 aperuit
2849 5409 2916 5463 ei.
2937 5411 2996 5463 Et
3019 5421 3246 5468 exeunte

1695 5519 1777 5565 eo,
1805 5505 1960 5558 subiit
1985 5503 2253 5566 ostiarius,
2286 5509 2340 5554 et
2369 5500 2613 5552 clamavit
2641 5515 2817 5552 coram
2850 5501 3090 5554 omnibus
3111 5515 3244 5568 gau—

1697 5596 1824 5647 di-ns
1874 5604 1923 5648 et
1969 5594 2256 5654 exsultans;
2290 5592 2408 5659 quia
2451 5590 2645 5642 audivit
2691 5599 2742 5642 et
2771 5591 2972 5643 locutus
3001 5597 3102 5655 est,
3139 5587 3248 5644 Do-

2149 5837 2194 5872 ,
2351 5823 2376 5847 ι·
