3736 6308
29 253 107 304 ῑῖἷ
904 255 1060 310 VlTA
1101 255 1342 309 StNCTl
1385 255 1664 309 JOANNIS
1706 254 2276 316 ELEEMOSYNARIL

3072 270 3205 327 1633

30 371 214 441 igelico
238 378 411 422 vestro
455 367 761 422 indumento
807 369 1188 424 circumamicti
1233 378 1376 432 sunt,
1429 385 1539 424 ma-
1568 375 1614 431 Λ
1643 373 1782 439 quod
1807 383 2047 428 mortuus
2072 390 2242 440 esses,
2277 386 2324 428 et
2349 379 2656 432 memoriam
2687 380 2756 432 tui
2782 378 3104 436 faciebamus
3129 391 3211 436 ter

30 478 120 517 aute
156 470 209 514 et
238 461 478 513 feminam
514 460 908 512 circumducere
957 461 1020 511 ad
1071 460 1376 513 scandalum
1409 460 1538 513 alio-

30 571 95 609 im
121 553 425 608 videntium.
457 552 602 604 Tune
654 551 947 604 monachus
991 567 1108 604 cum
1139 553 1281 605 omni
1331 553 1541 605 humili-

38 653 86 698 te
108 645 358 696 rationem
391 641 641 694 reddebat
671 651 875 701 sancto.
910 642 1092 695 dicens
1122 659 1133 692 :
1185 642 1379 702 Crede.
1433 643 1537 694 do-

30 735 142 796 ine,
173 748 276 785 non
327 733 570 783 mentiar.
604 730 758 784 Gazae
806 746 952 783 eram
1004 741 1129 784 ante
1161 747 1356 798 paucos
1386 731 1535 797 dies;

29 865 32 874 .
60 833 282 876 exeunte
311 838 394 874 me
427 823 492 874 de
518 822 754 884 civitate,
804 831 862 874 ut
889 822 1124 876 venirem
1170 832 1224 874 et
1253 823 1538 875 salutarem

29 922 216 967 metum
259 913 500 965 abbatem
554 913 750 978 Cyrum
803 910 945 981 (63),
974 911 1207 967 obviavit
1254 914 1380 964 mihi
1430 914 1544 966 hinc

30 1020 114 1058 rue
143 1005 251 1056 visa
283 1003 454 1070 puella
481 1001 610 1054 furis
640 1011 866 1068 portam,
894 1016 1118 1069 vespere
1159 1002 1500 1055 incumbente
1527 1021 1541 1068 ;

59 1107 340 1146 accurreus
369 1093 433 1144 ad
475 1093 633 1157 pelles
660 1107 828 1153 meos,
860 1093 1080 1159 rogabat
1111 1100 1167 1145 ut
1196 1108 1402 1146 mecum
1431 1108 1546 1144 am-

30 1185 204 1236 ,ilaret.
237 1183 451 1236 Dicebat
478 1183 620 1235 enim
664 1197 723 1235 se
779 1181 1054 1235 llebraaam
1111 1197 1270 1247 esse,
1305 1192 1358 1236 et
1407 1184 1547 1236 velle

29 1273 94 1328 ari
142 1272 530 1333 Christianam;
571 1281 624 1324 et
667 1271 828 1339 cmpit
878 1270 1065 1324 eadem
1115 1286 1335 1345 narrare
1374 1273 1547 1326 verbis

29 1365 340 1426 :irribilibus,
374 1373 560 1416 utnon
611 1365 972 1430 permitterem
1030 1364 1203 1429 perire
1256 1379 1394 1418 eam.
1459 1364 1547 1417 Ti-

30 1471 132 1508 eus
181 1455 359 1521 itaque
401 1468 498 1521 ego
540 1453 801 1520 judicium
855 1454 968 1515 Dei,
1000 1454 1199 1521 sumpsi
1229 1467 1368 1517 eam,
1401 1457 1548 1507 aesti-

29 1562 134 1600 taus
199 1545 339 1614 quod
389 1561 492 1597 non
543 1545 854 1597 immitteret
910 1545 1254 1598 tentationem
1326 1547 1551 1599 Satanas

29 1637 321 1692 iadonibus.
374 1635 679 1690 Nesciebam
737 1651 866 1691 vero
912 1639 1053 1704 quod
1099 1637 1295 1691 nemini
1347 1648 1547 1705 parcat.

1645 465 1694 516 in
1729 478 1890 516 armo.
1921 465 2048 517 Cum
2091 481 2219 533 ergo
2248 467 2482 518 audisSt-t
2521 471 2656 536 quod
2688 467 2738 522 in
2786 484 2925 523 anno
2958 480 3038 524 ter
3067 470 3210 526 face-

1645 564 1761 606 rcnt
1794 569 1888 620 pro
1913 571 1977 608 eo
2004 555 2340 620 memoriam,
2367 557 2657 626 interrogat
2678 573 2774 612 eos
2799 561 2849 614 iu
2880 571 2985 627 quo
3020 561 3127 626 die,
3157 571 3213 617 et

1643 643 1696 694 in
1725 658 1828 710 quo
1855 658 2037 697 mense
2079 644 2193 696 haec
2221 645 2571 699 celebrarent.
2624 647 2689 700 Et
2740 649 2844 701 illis
2887 650 3203 717 dicentibus,

1646 734 1845 786 sanctis
1866 733 2247 801 Theophaniis,
2274 742 2328 785 et
2349 732 2618 786 Dominica
2646 747 2824 792 sancta
2847 747 3000 807 atque
3028 753 3208 793 sancta

1647 823 2110 892 Pentecoste(67),
2129 824 2264 878 dixit
2287 824 2373 878 ille
2393 843 2404 876 :
2423 825 2552 890 Quia
2573 825 2737 879 tribus
2759 827 2872 881 istis
2890 833 3213 897 temporibus

1646 916 1768 967 anni
1788 916 2029 969 veniebat
2059 916 2271 984 quidam
2304 917 2458 972 candi
2484 920 2617 970 tatus
2666 927 2721 973 ut
2747 919 2844 983 sol,
2878 929 2931 974 et
2954 922 3207 984 dissolve—

1649 1005 1737 1057 bat
1767 1021 1852 1058 me
1904 1020 1933 1058 a
1963 1006 2186 1058 vinculis
2218 1005 2406 1059 ferreis
2432 1017 2486 1060 et
2510 1023 2537 1058 a
2582 1008 2853 1071 custodia;
2883 1021 2937 1063 et
2967 1013 3213 1067 movebar

1647 1095 2030 1149 deambulando
2063 1107 2169 1149 tota
2207 1097 2313 1161 die,
2357 1107 2412 1151 et
2455 1113 2614 1151 nemo
2645 1101 3062 1170 recognoscebat
3096 1117 3206 1165 me.

1648 1198 1698 1238 et
1730 1187 1782 1238 in
1811 1185 2101 1240 crastinum
2150 1187 2458 1241 iuveniebar
2503 1189 2708 1246 vincula
2758 1190 2926 1244 ferrea
2975 1203 3210 1258 portans.

1653 1278 1868 1331 Dicebat
1891 1277 2048 1345 igitur
2064 1287 2275 1331 sanctus
2299 1283 2579 1348 episcopus
2601 1281 2722 1347 quia
2753 1295 2817 1341 ex
2846 1281 2945 1336 hoc
2965 1284 3216 1343 discimus

1652 1367 1848 1421 habere
1876 1368 2203 1422 dormientes
2248 1371 2501 1436 quietem,
2555 1372 2766 1442 quando
2795 1388 2890 1441 pro
2929 1376 3007 1428 eis
3053 1376 3215 1434 Culle-

1652 1464 1764 1509 ctas
1785 1458 2026 1528 facimus.

1721 1545 1850 1598 CAP.
1879 1545 2042 1599 XXV.
2075 1576 2145 1586 —
2172 1548 2320 1614 Quod
2348 1548 2398 1602 in
2430 1549 2648 1604 Actibus
2678 1556 3034 1622 apostolorum
3061 1557 3215 1615 audi-

1651 1636 1820 1690 vimus
1845 1636 2038 1690 factum
2068 1638 2203 1707 (Act.
2240 1639 2335 1707 ιν),
2373 1640 2473 1692 hoc
2497 1641 2800 1709 frequenter
2829 1653 2880 1698 et
2910 1645 3030 1700 huic
3059 1661 3211 1702 com-

29 1729 139 1781 'itur
168 1728 498 1781 venientibus
527 1727 700 1787 nobis,
742 1728 1074 1781 sanctissime
1114 1728 1288 1792 Pater,
1319 1739 1372 1781 et
1417 1743 1543 1781 ora-
1579 1735 1621 1791 Β
1651 1725 2037 1790 patientissimo
2064 1725 2355 1781 accidebat.
2384 1728 2634 1786 Videntes
2659 1734 2797 1786 enim
2837 1736 2984 1792 multi
3019 1738 3214 1797 indesi-

29 1836 178 1874 onem
211 1820 627 1888 perﬁcientibus,
666 1821 922 1886 baptizavi
951 1835 1068 1873 eam
1095 1820 1160 1873 ad
1188 1829 1426 1873 sanctqu
1457 1821 1549 1873 ab-

29 1928 98 1964 tm
126 1911 342 1980 Cyrum,
375 1921 428 1964 et
457 1912 704 1981 cymbam
747 1926 865 1965 cum
904 1926 966 1990 ea
1008 1911 1061 1965 in
1105 1912 1332 1980 simplici
1363 1914 1545 1975 corde,

29 2019 270 2071 iposcens
313 2005 576 2057 modicum
619 2014 906 2072 surruptum,
941 2014 1202 2073 quatenus
1245 2007 1548 2059 introduce-

29 2113 92 2149 un
139 2110 256 2149 eam
294 2095 350 2146 in
390 2094 786 2150 monasterium.
829 2096 960 2149 Cum
1007 2099 1121 2150 haec
1169 2097 1404 2149 audisset
1455 2111 1549 2163 pa-

30 2185 225 2246 iarcha,
259 2185 391 2238 dixit
419 2202 430 2235 :
461 2185 645 2251 Papae!
688 2193 822 2253 quot
849 2186 1142 2239 absconsos
1183 2200 1367 2238 servos
1392 2186 1549 2238 habet

29 2291 136 2338 eus,
159 2283 212 2328 et
235 2274 500 2328 nescimus
528 2289 623 2328 nos
651 2275 917 2330 humiles?
945 2274 1012 2327 Et
1039 2275 1316 2328 enarrabat
1350 2276 1431 2329 his
1459 2277 1546 2344 qui

29 2375 170 2418 testo
195 2375 350 2420 erant
370 2366 628 2418 visionem
656 2379 812 2434 quam
840 2365 1046 2419 viderat
1081 2375 1234 2420 iuncte
1264 2365 1331 2419 de
1361 2381 1446 2421 eo.
1483 2368 1551 2420 Et

29 2453 194 2507 'otulit
223 2454 524 2522 patriarcha
566 2463 776 2508 centum
805 2455 1117 2508 nomismata
1145 2457 1210 2508 de
1241 2473 1420 2520 manu,
1452 2459 1548 2509 da-

33 2559 122 2597 rus
149 2544 198 2598 ei
233 2560 247 2598 :
285 2543 377 2596 Dei
410 2555 583 2598 autem
610 2545 812 2598 amicus
840 2544 928 2598 ille
957 2559 1080 2598 vere
1099 2547 1410 2611 monachus,
1443 2561 1546 2599 non

29 2649 166 2703 issus
207 2635 410 2702 aliquid
464 2634 704 2702 accipere
755 2649 821 2688 ex
871 2635 968 2701 eis,
1024 2635 1240 2704 dignum
1295 2637 1548 2691 memoria

29 2725 193 2778 :rbum
243 2725 309 2778 ad
369 2725 721 2792 patriarcham
776 2726 980 2780 locutus
1027 2734 1127 2787 est,
1159 2726 1380 2779 dicens:
1441 2727 1550 2796 Ego

30 2831 76 2869 )c
103 2831 208 2869 non
261 2817 487 2884 postulo,
523 2817 766 2882 domine;
799 2816 1089 2870 monachus
1128 2817 1269 2870 enim
1301 2817 1345 2872 si
1388 2817 1546 2874 fidem

30 2908 154 2971 ibet,
190 2908 380 2960 horum
413 2903 518 2962 non
548 2907 771 2975 indiget.
803 2907 860 2961 Si
885 2916 1061 2961 autem
1104 2907 1290 2960 horum
1319 2917 1459 2976 eget,
1495 2908 1550 2961 fi-

29 3014 94 3049 an
142 3014 248 3052 non
303 2999 481 3052 habet.
536 2998 685 3063 Quod
734 2998 962 3052 maxime
1011 2998 1238 3064 amplius
1292 2997 1549 3052 satisfecit

1653 1823 1864 1869 nentem
1894 1816 2009 1883 ejus
2039 1827 2092 1870 et
2119 1817 2514 1873 inserutabilern
2560 1822 2702 1878 circa
2746 1832 2930 1892 gentes
2975 1841 3214 1893 compas-

1649 1906 1876 1972 sionem,
1909 1908 2258 1962 movebantur
2297 1911 2566 1966 multuties
2610 1911 2676 1966 ad
2723 1915 2997 1976 vendenda
3050 1922 3212 1974 multa

1649 1999 1716 2053 de
1743 1999 2050 2053 substantiis
2073 1998 2218 2065 suis;
2249 2009 2302 2053 et
2344 2001 2595 2069 ferentes,
2627 2005 2935 2073 praebebant
2977 2009 3070 2064 Dei
3118 2012 3211 2068 de-

1648 2099 1773 2143 voto
1799 2089 2061 2143 ministro.
2099 2090 2250 2146 Unde
2277 2099 2333 2146 et
2361 2093 2573 2161 quidam
2599 2095 2819 2150 veniens
2857 2112 2961 2152 una
2990 2097 3216 2162 dierum,

1648 2179 1905 2234 offerebat
1928 2181 1975 2232 ci
2003 2189 2205 2249 septem
2247 2181 2408 2235 libras
2432 2183 2546 2237 auri
2574 2193 2629 2237 et
2667 2184 2960 2250 dimidiam,
3005 2189 3214 2250 satisfa-

1649 2268 1794 2323 ciens
1817 2278 2020 2336 sancto,
2066 2269 2204 2338 quod
2255 2286 2360 2324 non
2390 2273 2683 2340 possideret
2717 2276 2861 2329 aliud
2909 2277 3108 2349 aliquid
3164 2281 3216 2338 in

1648 2374 1800 2414 auro.
1831 2359 2050 2414 Petebat
2078 2371 2252 2414 autem
2275 2363 2341 2414 ab
2370 2377 2435 2416 eo
2465 2377 2584 2416 cum
2627 2366 2804 2420 multis
2830 2368 3214 2436 genuﬂexioni-

1651 2450 1750 2503 bus
1796 2459 1855 2504 ut.
1883 2460 2060 2504 oraret
2089 2463 2350 2520 quatenus
2404 2453 2657 2508 Dominus
2705 2455 2839 2510 Deus
2891 2455 3056 2510 ﬁlium
3087 2462 3219 2524 ejus

1648 2541 1898 2595 salvaret.
1922 2541 2309 2596 llabebatenim
2335 2559 2493 2596 unum
2521 2545 2856 2598 solummodo
2884 2545 3048 2598 [illum
3067 2549 3217 2617 quasi

1649 2647 1904 2685 annorum
1935 2633 2260 2701 quindecim,
2296 2645 2350 2686 ut
2377 2633 2659 2690 reduceret
2708 2635 2883 2688 navim
2932 2636 3046 2704 ejus
3093 2652 3212 2696 cum

1650 2727 1789 2780 bono
1813 2728 1881 2780 ab
1910 2715 2104 2792 Africa,
2147 2729 2271 2783 illuc
2301 2730 2442 2782 enim
2473 2730 2696 2784 abierat.
2741 2731 3020 2800 Accipiens
3056 2731 3216 2799 igitur

1649 2832 1886 2871 summus
1915 2818 2168 2872 Sacerdos
2215 2821 2561 2888 quantitatem
2601 2821 2713 2874 auri
2761 2822 2828 2876 de
2875 2836 3034 2875 manu
3079 2822 3216 2888 ejus,

1653 2905 1880 2962 miratus
1945 2917 2028 2963 est
2097 2923 2222 2966 eum
2244 2943 2260 2971 ο
2327 2917 2429 2962 tam
2461 2925 2580 2964 esse
2610 2913 3001 2982 magnanimum
3032 2913 3097 2965 ad
3128 2913 3212 2966 of-

1650 2993 1923 3051 ferendam
1958 3006 2118 3053 totnm
2157 3001 2501 3067 quantitatem
2543 3004 2660 3056 auri
2709 3019 2862 3073 quam
2894 3005 3216 3073 possidebat.

29 3093 218 3145 nnibus
260 3094 350 3162 qui
379 3093 659 3146 audierant
697 3091 858 3158 quod‘
885 3106 1070 3145 servus
1114 3091 1205 3146 Dei
1235 3092 1333 3145 iste
1363 3105 1522 3145 mena
1573 3087 1619 3148 C
1651 3087 1835 3141 Oravit
1859 3088 2069 3156 quidem
2092 3088 2140 3142 ei
2169 3088 2282 3161 (68)
2313 3099 2364 3143 et
2395 3090 2448 3144 in
2479 3090 2612 3145 facie
2643 3091 2888 3157 multum,
2917 3101 2972 3146 et
2997 3095 3075 3148 sic
3095 3109 3215 3149 eum

30 3199 108 3237 ius
153 3193 322 3238 esset.
362 3182 664 3236 Genuilexit
696 3181 851 3250 igitur
882 3183 1214 3249 patriarchae,
1246 3190 1301 3234 et
1327 3181 1464 3235 exiit
1493 3181 1544 3234 in

29 3292 125 3331 tce.
161 3278 372 3330 Extunc
401 3279 557 3343 igitur
589 3278 705 3344 plus
751 3275 1044 3330 honorabat
1071 3282 1127 3329 et
1153 3273 1384 3341 hospitio
1414 3273 1549 3327 rcci-

32 3368 152 3422 ebat
178 3369 492 3431 monachos,
538 3377 592 3421 et
622 3368 787 3420 bonos
815 3369 1104 3420 aestimatos
1133 3373 1188 3417 et
1232 3364 1400 3417 malos
1432 3379 1445 3415 :
1496 3372 1550 3417 et

29 3455 270 3510 dificabat
307 3471 428 3508 mox
459 3454 843 3509 xeuodochimn
875 3468 1137 3516 seorsum,
1179 3462 1232 3504 ct
1259 3451 1549 3520 appellarit

30 3563 79 3603 )c
109 3549 528 3616 Rcceptaculnm
571 3549 808 3600 omnium
833 3547 1231 3600 monachorum.

50 3639 182 3694 CAP.
233 3638 526 3693 XXIV.—
574 3637 894 3691 Mortalitate
941 3635 1225 3703 aliquando
1280 3635 1548 3688 civitatem

29 3729 502 3798 )mprehendeute,
535 3728 642 3792 ibat
693 3736 746 3780 et
793 3727 907 3796 ipse
959 3737 1192 3790 sanctus,
1245 3735 1303 3779 ut
1346 3723 1552 3780 videret

39 3837 226 3874 nerum
250 3819 527 3887 obsequia.
560 3817 726 3872 Valde
755 3819 895 3872 enim
923 3817 1131 3872 dicebat
1154 3817 1254 3870 hoc
1281 3830 1400 3870 esse
1429 3832 1551 3884 pro-

30 3928 193 3975 :uum,
228 3921 280 3966 et
325 3911 688 3979 sepulcrorum
737 3909 1236 3965 considerationem.
1287 3909 1550 3964 Multnties

29 4017 106 4054 ero
134 4003 406 4056 assidebat
447 4010 502 4054 et
541 4001 622 4054 his
650 4001 760 4069 qui,
815 4000 1070 4064 morituri,
1106 3999 1444 4053 vexationem
1495 4000 1549 4053 in

29 4093 119 4146 :itu
152 4093 348 4146 anima:
377 4092 738 4160 patiebantur;
775 4101 827 4145 et
857 4091 969 4159 ipse
997 4105 1179 4143 comm
1210 4090 1393 4142 ocides
1428 4104 1550 4156 pro-

29 4183 105 4236 'iis
135 4184 384 4236 manibus
429 4182 724 4243 claudebat,
759 4181 1066 4235 memoriam
1114 4181 1310 4234 habere
1353 4196 1416 4232 cx
1450 4179 1549 4232 hoc

29 4274 358 4342 :mpiternam
387 4272 586 4336 volens,
621 4281 672 4324 et
693 4287 870 4324 curam
900 4270 1096 4338 proprii
1124 4271 1318 4323 exitus.
1356 4269 1548 4322 Praeci-

31 4363 156 4417 ebat
181 4375 362 4417 autem
390 4372 442 4414 et
488 4361 830 4414 collectiones
877 4375 970 4426 pro
1020 4359 1280 4413 defunctis
1328 4361 1546 4427 impigre

1653 3176 1874 3230 dimisit.
1906 3177 2104 3231 Tamen
2142 3188 2355 3246 propter
2396 3178 2510 3247 ejus
2557 3179 2774 3233 multam
2820 3180 3000 3250 fidem,
3045 3183 3218 3250 posuit

1652 3266 1844 3318 subtus
1885 3277 2122 3320 sanctam
2161 3282 2400 3322 mensam
2442 3267 2714 3338 ligaturam
2751 3272 3058 3340 quantitatis
3101 3274 3217 3326 auri

1653 3356 1953 3422 patriarcha
1989 3356 2042 3408 in
2072 3359 2308 3411 oratorio
2335 3358 2559 3412 cubiculi
2593 3359 2695 3425 sui,
2729 3367 2783 3415 et
2821 3363 3062 3431 synaxim
3093 3359 3220 3417 fecit

1653 3449 1832 3500 statim
1861 3447 2150 3515 perfectam
2174 3464 2335 3516 super
2357 3466 2472 3504 eam
2501 3466 2596 3519 pro
2621 3452 2710 3506 illo
2735 3454 2824 3522 qui
2856 3454 2989 3508 hanc
3014 3453 3220 3510 obtule-

1652 3545 1753 3602 rat,
1788 3538 1918 3592 satis
1938 3539 2252 3608 abundeque
2283 3539 2448 3594 Deum
2478 3555 2670 3610 rogans
2697 3551 2959 3610 quatenus
2980 3552 3033 3596 et
3054 3543 3218 3600 tilium

1652 3630 1769 3698 ejus
1799 3630 2048 3695 salvaret,
2076 3642 2129 3686 et
2158 3647 2342 3685 navem
2368 3647 2484 3686 cum
2515 3632 2684 3687 salute
2706 3633 3003 3698 reduceret,
3031 3648 3219 3688 secun—

1652 3720 1778 3774 dum
1808 3723 1948 3790 quod
1983 3721 2154 3775 fuerat
2186 3722 2482 3791 postulatus
2535 3723 2601 3778 ab
2642 3723 2755 3777 illo.
2808 3723 3042 3782 Necdum
3091 3739 3220 3792 ergo

1655 3814 1866 3880 triginta
1899 3814 2180 3867 transactis
2208 3813 2415 3879 diebus,
2451 3813 2729 3868 defunctus
2767 3823 2849 3869 est
2874 3815 3013 3870 ﬁlius
3044 3816 3220 3875 homi-

1654 3901 1736 3955 nis
1777 3902 1917 3956 illius
1955 3903 2045 3971 qui
2082 3902 2343 3956 obtulerat
2381 3912 2587 3970 septem
2637 3903 2798 3956 libras
2847 3911 2900 3957 et
2946 3903 3220 3958 dimidiam

1653 3991 1998 4057 patriarchae;
2030 3999 2082 4043 et
2119 3993 2169 4043 in
2214 3990 2366 4044 tertia
2398 3990 2485 4044 die
2514 3992 2701 4046 mortis
2745 3992 2913 4059 pueri,
2947 3991 3144 4059 recepit
3169 4001 3222 4046 et

1653 4083 1828 4134 navim
1851 4095 1996 4133 suam
2020 4080 2086 4132 ab
2109 4077 2307 4143 Africa,
2331 4081 2381 4132 in
2406 4095 2505 4148 qua
2523 4090 2635 4132 erat
2658 4087 2710 4131 et
2734 4079 2894 4136 frater
2912 4095 3220 4149 germanus,

1651 4171 1890 4235 ejusdem
1923 4170 2018 4222 viri
2050 4170 2300 4224 creditor.
2334 4170 2398 4223 Et
2427 4172 2644 4224 veniens
2671 4171 2820 4240 juxta
2849 4169 3103 4236 Pharum,
3127 4187 3221 4226 re-

1649 4260 1769 4314 tulit
1790 4259 2055 4328 quomodo
2072 4261 2221 4314 navis
2242 4259 2568 4330 naufragium
2600 4262 2834 4330 pertulit,
2857 4272 2910 4316 et
2933 4261 3222 4330 perdiderit

1653 4359 1823 4405 totum
1847 4365 1950 4420 quo
1978 4359 2093 4405 erat
2116 4353 2289 4419 plena,
2315 4361 2368 4406 et
2390 4352 2528 4420 quod
2552 4367 2655 4404 non
2678 4362 2856 4408 essent
2876 4353 3090 4405 salvatie
3120 4352 3220 4404 nisi

29 4449 96 4523 :6)
122 4462 177 4506 et
202 4454 320 4506 sine
367 4451 529 4503 dubio
577 4453 854 4518 perlicere.
914 4450 1121 4502 Etenim
1172 4450 1381 4503 dicebat
1427 4451 1544 4517 quia
1573 4447 1624 4505 D
1650 4445 1858 4510 anima},
1882 4454 1935 4498 et
1955 4459 2057 4498 una
2075 4443 2270 4511 scapha
2288 4457 2468 4496 vacua.
2495 4444 2623 4498 Cum
2646 4458 2774 4512 ergo
2797 4452 2850 4498 et
2876 4442 3014 4497 hunc
3035 4456 3219 4495 casum

29 4552 98 4594 tle
146 4556 374 4608 paucum
409 4551 614 4607 tempus
643 4539 886 4607 captivus
915 4539 1102 4592 ductus
1131 4549 1212 4590 est
1249 4539 1313 4591 ad
1358 4539 1543 4593 Persas

31 4633 214 4695 iidam,
246 4642 301 4684 et
349 4629 677 4681 descendens
707 4629 758 4681 in
785 4629 1073 4691 Persidam,
1105 4637 1344 4682 retrosus
1383 4641 1464 4681 est
1491 4629 1543 4682 in

29 4739 245 4777 ll‘CCl'eﬂl
279 4722 371 4790 qui
420 4721 780 4788 appellabatur
819 4721 1005 4782 Lethe.
1041 4722 1138 4774 hoc
1182 4732 1282 4785 est,
1329 4723 1541 4775 oblivio.

29 4814 198 4868 nidam
248 4826 382 4879 ergo
433 4811 691 4878 fugientes
733 4810 898 4874 iilinc,
934 4813 1309 4878 venientesque
1359 4811 1411 4863 in
1442 4813 1543 4881 Cy-

29 4921 150 4967 'um,
181 4914 237 4957 et
265 4903 574 4970 interrogati
614 4917 642 4954 a
677 4901 982 4969 parentibus
1008 4902 1169 4966 iilius,
1215 4904 1258 4954 si
1305 4902 1441 4955 forte
1469 4904 1547 4954 vi-

31 5005 177 5049 ssent
221 5009 368 5049 cum.
417 4992 797 5061 respondentes
844 4991 1090 5045 dixerunt
1135 4993 1234 5054 eis,
1286 4991 1408 5059 quia
1454 5006 1548 5044 nos

29 5086 213 5153 -opriis
244 5085 488 5136 manibus
516 5084 854 5151 sepelivimus
882 5098 1025 5137 eum.
1073 5083 1186 5137 Non
1215 5092 1390 5136 autem
1434 5091 1552 5136 erat

29 5185 75 5228 te
95 5175 164 5228 de
192 5186 303 5240 quo
329 5170 722 5240 interrogabant
748 5188 861 5236 eos,
892 5172 983 5226 sed
1006 5172 1138 5226 alius
1163 5171 1548 5224 indissimiluer

29 5282 96 5319 un
126 5261 395 5318 similans.
420 5261 680 5314 Dixerunt
705 5277 830 5315 vero
855 5264 932 5316 eis
959 5273 1012 5318 et
1042 5278 1299 5328 mensem,
1328 5275 1378 5316 et
1407 5262 1545 5316 diem

29 5359 155 5411 )ilus
188 5353 373 5420 ipsius.
407 5352 484 5404 Illi
510 5366 637 5408 vero
659 5364 903 5420 tanquam
927 5369 1023 5424 pro
1047 5365 1254 5410 mortuo
1283 5355 1548 5409 faciebant

55 5460 166 5503 tres
211 5445 466 5498 celleCIas
506 5460 599 5512 per
627 5444 858 5512 singulos
909 5462 1100 5501 annos.
1151 5448 1278 5501 Post
1322 5455 1546 5512 quatuor

29 5557 156 5612 aque
183 5551 356 5593 annos
384 5537 530 5590 venit
559 5537 609 5588 in
632 5538 883 5606 Cyprum,
911 5537 1028 5605 fuga
1069 5540 1249 5607 lapsus
1279 5552 1306 5590 a
1347 5538 1543 5591 Persis.

33 5632 234 5686 ixerunt
265 5640 397 5697 ergo
424 5627 471 5679 ei
525 5626 644 5680 sui:
679 5626 832 5692 Vere,
873 5627 1055 5691 frater,
1106 5642 1202 5680 nos
1251 5625 1545 5680 audivimus

1652 4536 1934 4590 didicisset
1962 4534 2207 4588 evenisse
2233 4534 2330 4587 sibi
2355 4533 2601 4587 dominus
2626 4532 2773 4586 navis
2799 4541 2850 4586 et
2876 4541 3020 4600 pater
3046 4533 3218 4598 pueri,

1651 4625 1937 4679 secundum
1966 4625 2182 4679 verbum
2209 4623 2505 4693 Pr0phetae,
2549 4625 2702 4690 paulo
2725 4623 2899 4676 minus
2927 4623 2980 4675 in
3011 4621 3220 4681 inferno

1651 4717 1905 4771 habitavit
1949 4716 2121 4768 anima
2178 4715 2291 4780 ejus
2347 4713 2513 4783 (Psal.
2550 4712 2727 4782 xcnt);
2788 4712 3021 4764 nondum
3077 4712 3216 4764 enim

1653 4806 1993 4859 tribulatione
2035 4805 2124 4856 lilii
2167 4803 2247 4855 sui
2279 4804 2558 4865 exstincta,
2587 4801 2988 4865 comprehendit
3016 4815 3134 4852 eum
3167 4812 3220 4854 et

1655 4895 1842 4955 navis;
1876 4892 2040 4944 relata
2073 4899 2196 4942 sunt.
2241 4890 2416 4954 itaque
2459 4887 2632 4940 omnia
2676 4902 2796 4955 quae
2834 4885 3132 4939 acciderant
3169 4889 3216 4939 ci

1654 4981 1989 5051 patriarchw,
2022 4988 2074 5031 et
2104 4991 2237 5043 pene
2269 4976 2386 5043 plus
2413 4992 2570 5044 quam
2604 4975 2647 5027 is
2676 4976 2762 5043 qui
2798 4975 2908 5027 hinc
2937 4989 3219 5042 perpessus

1655 5075 1827 5125 fuerat
1855 5072 1902 5122 in
1936 5069 2148 5121 tristitia
2178 5067 2502 5130 morabatur,
2549 5066 2776 5119 maxime
2808 5075 3022 5133 propter
3050 5066 3216 5117 illium

1653 5164 1767 5232 ejus
1793 5163 2023 5215 unicum.
2051 5159 2303 5212 Nesciens
2331 5173 2456 5226 ergo
2484 5160 2607 5227 quid
2640 5157 2856 5220 faceret,
2885 5165 3033 5224 regat
3061 5155 3217 5209 mise-

1655 5251 2072 5306 ricmdissunum
2104 5249 2289 5312 Deum,
2313 5259 2368 5301 ut
2387 5249 2754 5302 consolaretur
2766 5249 2933 5300 virum
2957 5249 3215 5300 immensa

1654 5345 1849 5414 pietate
1879 5359 1993 5396 sua.
2021 5343 2328 5408 Convocare
2357 5343 2497 5395 enim
2520 5357 2668 5405 eum,
2700 5353 2751 5394 et
2774 5341 3033 5396 consulari
3065 5343 3113 5393 in
3141 5340 3214 5394 fa-

1653 5437 1732 5491 cic
1775 5445 1986 5489 sanctus
2035 5434 2380 5488 erubescebat
2410 5452 2422 5486 :
2455 5419 2815 5488 verumtamen
2866 5433 3130 5486 mandavit
3168 5432 3215 5486 ei

1653 5536 1710 5579 ut
1737 5525 2038 5579 nullatenus
2065 5525 2405 5592 desperaret;
2433 5539 2600 5592 neque
2621 5525 2761 5577 enim
2787 5521 3060 5593 siuejusto
3082 5522 3210 5594 indi.

1653 5621 1738 5675 cio
1764 5620 1930 5676 Deum
1963 5619 2137 5673 facere
2164 5618 2380 5687 aliquid,
2415 5619 2507 5674 sed
2537 5619 2712 5673 omnia
2737 5618 2788 5671 in
2821 5618 2919 5672 hoc
2955 5617 3094 5687 quod
3117 5632 3212 5674 cx-
