3736 6308
528 232 551 288 i
562 230 662 288 (3'59

1590 219 1863 280 LEONTII
1894 217 2362 277 NEAPOLlTANl
2403 215 2709 276 EPISCOPI

536 337 702 404 pedit,
751 333 888 402 quod
940 345 1036 386 nos
1092 331 1412 400 ignoramus.
1458 329 1594 398 Ergo
1642 339 1699 383 ut
1753 345 1857 382 non
1913 327 2094 398 perdat
2125 330 2171 384 Α
2199 342 2336 385 sam.
2364 328 2483 393 quia
2509 326 2940 395 propterexitum
2960 325 3157 395 Viginti
3182 323 3695 387 librammﬁnirm

537 427 853 487 mercedem,
876 440 1029 494 quam
1054 424 1177 477 fecit
1194 423 1244 476 in
1268 431 1466 490 septem
1489 433 1538 474 et
1561 421 1774 474 dimidia
1800 421 1933 473 libra
1954 421 2092 480 auri,

534 527 585 571 et
613 518 765 569 fidem
789 530 945 581 quam
973 513 1272 581 possidebat
1296 512 1433 563 circa
1456 519 1691 564 sanctum
1716 509 2094 577 patriarcham;

533 607 640 675 jatn
672 621 797 660 vero
828 613 883 658 ut
906 615 959 658 et
987 619 1083 657 nos
1111 603 1161 655 in
1193 602 1586 666 teutationihus,
1634 617 1750 669 qua:
1791 602 1941 656 nobis
1970 616 2097 655 eve-

540 700 710 765 niunt,
755 697 967 765 quando
1008 694 1204 761 aliquid
1247 694 1367 747 boni
1400 693 1704 756 fecerimus,
1734 694 2100 761 imperturhati

544 798 597 842 et
620 789 816 855 gratias
838 785 1133 840 referentes
1158 784 1222 838 ad
1253 784 1415 837 Deum
1441 799 1870 850 permaneamus;
1902 785 2028 838 vidit
2049 785 2102 838 in

542 879 743 933 somnis
779 876 887 946 jam
938 876 1109 929 dictus
1138 876 1219 928 vir
1263 857 1649 939 pltilochristus.
1690 884 1894 939 postera
1950 884 2105 930 nocte

545 965 850 1034 quemdam,
896 966 1041 1032 quasi
1087 966 1136 1017 in
1184 966 1361 1019 habitu
1405 965 1724 1018 sanctissimi
1773 964 2101 1032 patriarchae,

543 1055 810 1110 dicentem
843 1055 939 1108 sibi
977 1073 990 1107 :
1025 1055 1091 1109 Ut
1113 1056 1235 1123 quid
1268 1056 1554 1118 tribularis,
1586 1058 1767 1116 frater,
1798 1064 1850 1108 et
1880 1069 2107 1109 maerore

546 1144 891 1197 dissolveris?
923 1144 1103 1198 Nonne
1133 1153 1188 1198 tu
1217 1160 1302 1198 me
1330 1145 1523 1215 rogasti
1557 1152 1615 1197 ut
1650 1153 1881 1211 peterem
1913 1159 1942 1196 a
1977 1144 2106 1206 Deo,

548 1243 607 1287 ut
645 1233 822 1287 salvus
868 1232 1019 1287 ﬁeret
1059 1234 1195 1287 ﬁlius
1244 1235 1405 1288 tuus?
1451 1235 1584 1288 Ecce
1610 1234 1784 1287 salvus
1814 1235 1981 1287 factus
2006 1241 2106 1287 est.

545 1325 715 1378 Crede
749 1325 902 1390 mihi,
934 1326 976 1378 si
1007 1325 1227 1387 viveret,
1278 1340 1467 1389 pravus
1519 1336 1571 1379 et
1612 1325 1913 1378 immundus
1954 1325 2112 1378 homo

550 1416 717 1471 ﬁeret.
748 1417 812 1469 Et
839 1417 905 1470 de
935 1417 1053 1469 navi
1080 1428 1187 1481 tua,
1213 1431 1358 1480 vere,
1388 1415 1486 1469 nisi
1519 1416 1660 1468 Deus
1690 1416 1990 1482 placaretur
2020 1428 2114 1481 pro

552 1506 693 1560 bono
719 1506 856 1573 quod
886 1503 1056 1559 fecisti
1086 1506 1324 1573 parvitati
1355 1519 1509 1575 metu,
1538 1505 1798 1558 sententia
1828 1514 1943 1557 erat
1970 1505 2111 1567 data,

549 1604 810 1662 quatenus
841 1604 967 1658 tota,
1000 1604 1057 1649 ut
1079 1595 1241 1664 jacet,
1266 1610 1386 1648 cum
1417 1596 1695 1648 animabus
1720 1595 1771 1646 in
1797 1594 2115 1661 profundum

2197 426 2279 468 est
2316 417 2407 470 ille
2448 420 2643 470 invitus
2669 417 3125 486 eleemosynator.
3161 416 3318 470 Erat
3346 414 3499 467 enim
3526 416 3695 483 (etp.

2198 515 2339 559 ctum
2387 507 2494 574 est)
2526 510 2675 561 valde
2714 508 3125 571 imntisericors,
3184 518 3251 560 et
3319 514 3537 558 amatur

2199 593 2312 647 Non
2339 594 2602 649 sufl‘erens
2630 612 2757 664 ergo
2786 596 2971 650 beatus
2999 611 3063 649 se
3094 595 3347 661 quidem
3378 610 3545 659 super
3574 613 3695 651 tm

2205 687 2448 750 reﬁcere,
2483 688 2631 740 illum
2660 698 3029 757 autern'snper
3050 690 3275 743 lectum
3308 690 3544 743 cruciari

2205 778 2449 842 pervenit
2472 776 2721 830 celeriter
2771 773 2840 827 ad
2900 791 3023 830 eum
3084 777 3182 831 ille
3252 781 3436 833 vere"
3500 793 3598 832 ne
3616 798 3695 847 κγη

2207 861 2315 927 bia,
2340 875 2394 916 et
2414 863 2556 917 dixit
2578 863 2645 918 ad
2673 878 2793 917 eum
2823 865 2974 918 hilari
2997 868 3154 918 vultu
3186 882 3202 919 :
3234 865 3363 917 Fac
3388 865 3695 925 σιω-ἤεισα

2204 953 2402 1008 Troile.
2426 941 2681 1008 A'isiimas
2707 956 2848 1023 quod
2881 956 2931 1009 in
2973 958 3215 1010 veritate
3252 957 3509 1011 dixerim
3534 958 3606 1010 tibi
3624 965 3696 1011 he

2208 1042 2308 1096 bus
2335 1043 2696 1109 hujuscemodi
2736 1046 2908 1098 dare?
2951 1048 3123 1101 crede
3153 1048 3335 1112 mihi,
3386 1063 3485 1114 per
3505 1050 3633 1112 ᾔει-ιι
3656 1070 3671 1100 ἰ
3694 1074 3695 1099 ξ

2210 1131 2305 1184 tibi
2335 1132 2485 1186 dare.
2521 1133 2627 1201 Ego
2655 1135 2793 1186 enim
2827 1135 2967 1188 volui
2996 1147 3285 1203 praestare
3344 1139 3434 1189 eis
3480 1138 3633 1208 siafe‘a
3662 1158 3696 1187 :-

2212 1223 2455 1275 mismata
2486 1233 2703 1291 propter
2730 1234 2969 1278 sanctam
3002 1227 3426 1291 festivitatem;
3458 1229 3544 1280 sed
3565 1245 3640 1296 qua
3654 1250 3695 1278 Ἡ

2213 1311 2439 1366 habebat
2465 1313 2779 1369 distributor
2800 1332 2951 1370 meus
2987 1332 3183 1371 secum
3213 1319 3580 1373 sufﬁcientem
3598 1334 3696 1389 m1-

2216 1411 2400 1469 tatem,
2430 1403 2585 1473 hujus
2616 1408 2692 1458 rei
2718 1408 2885 1473 gratia
2913 1418 3163 1460 mutuam
3195 1408 3419 1462 dedisti
3446 1424 3555 1462 eam
3578 1414 3695 1463 ,ευ

2214 1509 2342 1548 ecce
2391 1497 2543 1549 attuli
2597 1496 2689 1550 tibi
2746 1497 2867 1550 illas
2918 1498 3146 1567 triginta
3201 1498 3414 1553 libras.
3457 1498 3695 1552 Utve“:

2221 1586 2569 1652 quantitatem
2599 1588 2879 1653 episc0pus
2912 1589 2963 1640 in
3000 1589 3333 1642 honorabili
3378 1604 3533 1643 manu
3562 1594 3696 1650 sanas

549 1695 813 1754 pergeret,
854 1695 905 1739 et
936 1688 1186 1753 perderes
1211 1681 1429 1739 fratrem
1480 1693 1648 1739 tuum.
1689 1685 1794 1739 Sed
1844 1699 2021 1751 surge,
2062 1692 2118 1738 et
2150 1681 2193 1739 Β
2217 1676 2496 1729 e“Sutilis
2525 1677 2713 1729 meditti
2751 1687 2807 1730 el
2835 1678 3092 1746 pastoris».
3153 1678 3342 1733 febris
3389 1680 3586 1748 quidm
3620 1680 3695 1733 ﬁt

550 1777 781 1845 gloriﬁca
814 1777 1000 1840 Deum,
1034 1776 1121 1844 qui
1149 1776 1294 1829 dedit
1319 1776 1412 1829 tibi
1439 1791 1581 1839 eum,
1606 1784 1660 1829 et
1688 1775 1912 1829 salvavit
1947 1775 2109 1828 ﬁlium

552 1875 697 1919 ttmm
729 1866 981 1919 mundum
1006 1866 1073 1920 de
1101 1865 1205 1920 hoc
1232 1867 1427 1919 sarculo
1454 1881 1607 1920 vano.
1645 1867 1914 1935 Evigilans
1941 1867 2116 1934 itaque

552 1959 649 2020 vir,
678 1955 877 2010 invenit
906 1971 997 2010 cor
1026 1972 1178 2009 suum
1208 1958 1559 2021 consolatam,
1603 1964 1659 2010 et
1690 1957 1990 2010 universam
2023 1958 2120 2010 tri-

554 2044 743 2098 stitiam
771 2045 885 2114 ejus
912 2047 1166 2112 ejectam;
1198 2056 1250 2099 et
1280 2045 1491 2099 indutus
1520 2047 1829 2099 vestimenta
1866 2060 1982 2109 sua,
2025 2060 2119 2101 ve.

554 2136 633 2189 nit
661 2136 852 2189 cursim
897 2136 962 2187 ad
997 2132 1512 2189 lienorabilissimum
1544 2135 1917 2202 patriarcham,
1951 2145 2000 2189 et
2036 2135 2121 2205 ja-

557 2234 663 2280 ctat
707 2241 764 2280 se
804 2226 866 2278 ad
916 2226 1076 2292 pedes
1122 2226 1257 2293 ejus,
1301 2228 1496 2294 gratias
1541 2238 1703 2290 agens
1733 2224 1842 2277 Deo
1871 2225 2018 2289 etei,
2067 2234 2123 2278 et

561 2332 780 2371 narrans
814 2316 1069 2370 visionem
1101 2333 1256 2384 quam
1288 2317 1513 2370 viderat.
1563 2317 1731 2380 Quam
1779 2316 2001 2377 audiens
2036 2315 2123 2385 ju-

556 2407 842 2469 stissimus,
875 2406 1014 2459 dixit
1044 2422 1058 2458 :
1089 2404 1268 2460 Gloria
1300 2405 1412 2469 tibi,
1460 2405 1685 2472 benigne
1729 2414 1783 2459 et
1821 2404 2124 2460 misericors

562 2498 738 2562 licus,
796 2496 883 2565 qui
935 2504 988 2549 et
1031 2495 1456 2562 deprecationem
1504 2505 1838 2561 peccatorum
1878 2495 2120 2549 exaudis.

560 2589 858 2655 lterumque
906 2587 970 2640 ad
1021 2589 1285 2642 hominem
1337 2580 1510 2640 dixit:
1543 2585 1899 2653 Nequaquam,
1953 2600 1986 2638 ο
2026 2585 2120 2649 ﬁli,

558 2681 778 2747 gratiam
813 2681 948 2733 hanc
969 2681 1197 2734 orationi
1223 2694 1351 2732 meae
1378 2677 1632 2742 ascribas,
1658 2678 1749 2730 sed
1782 2676 1890 2731 Deo
1919 2684 1973 2730 et
2002 2676 2121 2729 fidei

560 2777 683 2835 tuzr,
717 2772 825 2821 huic
848 2769 986 2821 enim
1011 2772 1184 2821 Omnia
1212 2769 1309 2821 ista
1332 2768 1614 2834 impetrare
1628 2766 1810 2819 valuit.
1836 2765 1962 2818 Erat
1981 2766 2124 2819 enim

562 2860 714 2913 valde
739 2860 1006 2913 humiliter
1025 2860 1256 2913 sentiens
1283 2867 1518 2923 sanctus,
1544 2856 1720 2912 verbis
1745 2856 1947 2912 scilicet
1965 2864 2124 2924 atque

563 2951 855 3018 prudentia.

2215 1764 2541 1830 disparebat,
2571 1765 2733 1835 frigus
2773 1770 2932 1821 etiam
2960 1769 3301 1835 recedebat,
3339 1769 3696 1839 formalem

2214 1865 2269 1910 et
2297 1858 2536 1926 corporis
2564 1857 2681 1922 ejus
2715 1859 2862 1911 calor
2907 1858 2974 1913 ad
3016 1874 3149 1913 eum
3194 1861 3696 1923 rerertebantnr;u

2221 1950 2321 2003 hoc
2367 1964 2472 2002 non
2524 1960 2702 2015 posset
2754 1949 2918 2004 latere
2969 1951 3116 2005 hanc
3168 1966 3304 2007 esse
3347 1966 3555 2005 causa
3590 1968 3696 2016 rear

2220 2041 2727 2109 comprehendentis
2779 2055 2901 2096 eum
2958 2043 3452 2097 commutationis.
3516 2043 3696 2107 Sattiae

2220 2146 2348 2199 ergo
2372 2145 2561 2185 aurum
2593 2132 2660 2185 ab
2699 2131 3025 2185 honorandis
3066 2132 3340 2186 manibus
3394 2133 3696 2196 patriam!

2225 2222 2355 2275 nihil
2409 2222 2627 2275 omnino
2671 2223 3070 2289 contradicens,
3129 2224 3506 2293 exspectabat
3535 2227 3696 2285 ahena

2228 2310 2461 2364 triarclia
2517 2312 2960 2379 conscriptionem
3006 2314 3515 2368 abrenuntiatan
3552 2328 3695 2365 nam

2227 2413 2409 2454 earum
2436 2415 2553 2469 qua:
2580 2401 2719 2455 data:
2747 2407 2872 2455 sntit
2904 2403 3131 2470 triginta
3177 2405 3304 2459 auri
3352 2403 3597 2457 libram.
3632 2401 3687 2454 Fr:

2224 2499 2401 2543 autem
2429 2489 2528 2545 hoc
2571 2505 2693 2545 cum
2723 2490 2919 2561 gaudio
2957 2491 3189 2546 Troilus
3218 2494 3525 2563 episcopus,
3565 2492 3695 2545 stt-iet

2226 2584 2453 2651 propriis
2475 2583 2716 2637 manibus
2746 2583 2817 2637 ita
2847 2600 2861 2636 :
2884 2583 3053 2652 Deus,
3077 2585 3315 2639 domino
3337 2599 3462 2639 meo
3483 2585 3696 2638 Joanne

2229 2673 2434 2728 tissime
2482 2675 2797 2743 patriarcha:
2845 2675 3001 2742 hujus
3058 2676 3550 2731 Alexandrinorum
3589 2686 3696 2741 Ias!

2225 2761 2474 2825 civitatis,
2521 2763 2588 2815 da
2629 2765 2931 2818 mercedem
2963 2765 3189 2832 triginta
3239 2767 3495 2819 librarum
3533 2764 3696 2830 quin

2226 2860 2351 2905 sunt
2386 2851 2500 2915 tibi,
2540 2852 2789 2918 quoniam
2838 2865 2940 2921 ego
2978 2853 3170 2921 recepi
3213 2869 3361 2908 mea.
3408 2854 3513 2908 Hec
3549 2854 3695 2915 striati

2228 2939 2408 3021 itaque
2445 2953 2661 2997 sanctus
2688 2943 2980 3012 accipiens,
3009 2951 3258 3014 sumpsit
3286 2962 3470 3001 secum
3493 2956 3540 2998 et
3558 2945 3695 2998 esse:

630 3041 758 3092 CAP.
801 3039 989 3092 XXVI.
1019 3068 1087 3079 ο-
1121 3038 1683 3107 Pergebataliquando
1733 3038 1816 3092 hic
1851 3038 2033 3092 beatus
2059 3036 2123 3091 ad
2153 3028 2199 3090 C
2230 3035 2538 3102 episcopum
2585 3034 2651 3088 ad
2698 3036 3002 3103 prandium,
3052 3048 3113 3089 ut
3140 3039 3295 3092 enim
3326 3039 3441 3107 jam
3479 3039 3695 3091 dict-Ia.

566 3129 855 3181 \isitaudos
885 3144 1035 3195 paup-
1059 3142 1166 3196 res,
1200 3130 1250 3181 in
1280 3131 1451 3181 locum
1477 3131 1561 3196 qui
1591 3129 1782 3183 dicitur
1804 3128 2127 3192 Caesarium;

574 3219 681 3273 illic
711 3220 849 3272 enim
878 3220 954 3272 eis
983 3222 1176 3272 fecerat
1206 3219 1352 3285 quasi
1385 3218 1560 3271 tholos
1581 3215 1695 3287 (69)
1722 3217 1976 3285 quosdam
2005 3233 2131 3286 pro-

568 3306 724 3373 lixos,
757 3309 941 3377 ligneis
974 3309 1164 3361 tabulis
1194 3310 1492 3374 pavimento
1516 3319 1684 3360 strato
1703 3308 1770 3360 ad
1797 3308 2135 3374 requiescen-

566 3403 662 3456 dos
709 3416 820 3464 eos,
870 3410 925 3454 et
976 3402 1134 3453 simul
1165 3416 1282 3454 cum
1311 3401 1501 3454 stureis
1532 3413 1583 3452 et
1625 3400 1867 3454 rachanis
1895 3401 2010 3470 (70)
2041 3415 2134 3468 per

569 3500 729 3542 totam
764 3490 1011 3551 hiemem,
1043 3505 1161 3543 cum
1189 3489 1417 3557 quodam
1445 3492 1815 3556 episc0pmum
1839 3504 2020 3542 eorum
2042 3487 2133 3557 qui

569 3595 687 3633 cum
734 3595 798 3634 eo
856 3590 1027 3642 erant,
1085 3589 1320 3633 amatore
1372 3579 1627 3645 pecuuize,
1689 3581 1920 3646 passibili
1975 3580 2134 3633 modo

572 3684 774 3736 presso.
809 3669 1053 3736 Dixitque
1081 3668 1266 3722 beatus
1300 3669 1593 3735 patriarcha
1626 3668 1689 3721 ad
1717 3684 1834 3723 eum
1872 3687 1885 3720 :
1916 3676 2044 3723 Ama
2071 3685 2136 3724 ac

571 3760 793 3825 honora,
836 3758 1000 3814 frater
1034 3761 1231 3821 Troile,
1280 3758 1466 3812 fratres
1497 3760 1689 3814 Christi
1717 3777 1731 3825 ;
1782 3760 1879 3814 hoc
1913 3762 2053 3814 enim
2086 3761 2133 3813 ei

570 3859 682 3903 erat
725 3864 939 3902 nomen.
981 3848 1369 3902 Nuntiaverunt
1412 3849 1550 3902 enim
1580 3851 1792 3915 quidam
1823 3851 2135 3916 patriarchae

571 3942 709 4010 quod
739 3943 945 4010 triginta
976 3942 1136 3996 libras
1168 3943 1280 3995 auri
1316 3951 1549 4010 portaret
1579 3944 1628 3996 in
1654 3945 1764 4012 ipsa
1794 3945 1925 3999 hora
1955 3946 2138 4000 dome-

573 4035 733 4087 sticus
753 4034 988 4102 ejusdem
1019 4035 1253 4104 episcopi
1276 4035 1461 4100 Troili,
1490 4045 1543 4089 ut
1565 4046 1766 4091 emeret
1791 4038 2024 4107 speciem
2048 4054 2139 4091 ar-

574 4128 714 4194 genti
738 4128 1046 4199 anaglyphi,
1077 4128 1242 4196 gratia
1276 4144 1473 4183 mensae
1495 4145 1623 4182 sum.
1650 4129 1941 4198 Episcopus
1960 4140 2137 4184 autem

575 4225 823 4285 tanquam
845 4218 1045 4272 veritus
1068 4232 1366 4271 sermonem
1389 4219 1719 4285 patriarchae,
1742 4222 1847 4272 itno
1868 4218 1932 4273 ad
1955 4219 2138 4272 horam

575 4308 879 4370 calefactus,
915 4307 1118 4376 singula
1148 4306 1263 4360 dari
1311 4307 1555 4361 omnibus
1601 4308 1850 4363 fratribus
1892 4311 2143 4376 praecepit

2234 3125 2410 3177 statim
2444 3140 2604 3178 sanus
2629 3124 2800 3179 factus
2830 3135 2932 3185 est.
2966 3125 3173 3181 Voleus
3204 3143 3341 3198 ergo
3371 3129 3695 3182 haerentibus)

2235 3222 2317 3266 tor
2344 3213 2484 3268 Deus
2514 3215 2786 3284 corripere
2815 3231 2960 3282 eum,
2991 3217 3157 3272 simul
3188 3227 3378 3274 autem
3412 3231 3464 3274 et
3500 3218 3558 3272 ad
3577 3220 3696 3268 lia

2236 3306 2435 3358 tionem
2479 3307 2958 3362 contribulatornm
3001 3317 3057 3363 et
3109 3314 3532 3379 compassionel
3570 3307 3695 3371 εἰμι

2235 3394 2466 3449 ostendit
2492 3396 2542 3450 ei
2570 3396 2757 3451 eadem
2787 3397 2875 3452 die
2919 3397 3218 3453 dormienti
3252 3411 3371 3467 post
3416 3397 3696 3464 ιιι-διδωμ-

2238 3485 2480 3539 triarchte
2501 3485 2554 3538 in
2575 3487 2801 3551 somnis,
2829 3502 2933 3557 qua
2963 3489 3222 3542 mercede
3250 3492 3483 3558 ρι-ῑτδιιις
3501 3482 3695 3541 esset-Ri

2238 3574 2378 3628 enim
2426 3577 2506 3643 (ut
2549 3576 2644 3642 ait)
2677 3577 2919 3639 domum,
2959 3578 3113 3648 cujus
3163 3578 3588 3645 pu'dtriutrlinen
3615 3582 3696 3634 33'

2240 3664 2654 3734 magnitudinem
2703 3680 2807 3718 non
2855 3678 3027 3731 potest
3049 3681 3140 3721 ars
3170 3670 3454 3722 hominum
3497 3663 3695 3719 ἰδίωμα

2233 3752 2451 3822 januam
2475 3753 2629 3822 hujus
2655 3761 2818 3807 totam
2847 3769 3085 3820 auream,
3106 3767 3164 3809 et
3184 3772 3363 3826 super
3376 3759 3566 3826 jannan
3582 3755 3695 3803 tam

2240 3844 2605 3909 conscriptum
2640 3861 2657 3899 :
2689 3845 2891 3899 Mansro
2941 3861 3189 3910 ιτειιαλ,
3252 3864 3325 3902 ετ
3374 3860 3565 3909 nam
3599 3842 3685 3893 τιί

2241 3947 2492 3987 Eptscort.
2534 3932 2666 3987 Cum
2713 3949 2842 4007 ergo
2885 3934 3007 4001 hoc,
3052 3935 3254 4005 inquit,
3290 3939 3541 4006 legissw.
3577 3931 3689 4001 εττὶπέ

2240 4040 2382 4086 sum,
2428 4025 2660 4082 sciebam
2689 4028 2829 4081 enim
2860 4027 3156 4080 donandam
3205 4029 3347 4082 mihi
3394 4030 3459 4081 ab
3494 4027 3689 4091 inp-1'3?

2244 4117 2363 4171 talis
2384 4118 2575 4174 domus
2604 4119 2983 4185 epulationem.
3024 4117 3281 4171 Nondum
3310 4130 3481 4172 auten
3508 4114 3689 4181 Iw

2245 4211 2381 4264 tituli
2410 4211 2913 4279 superscriptionetn
2956 4211 3321 4281 perlegeram,
3358 4221 3414 4265 et
3438 4223 3545 4264 ese:
3575 4206 3690 4272 si"

2251 4305 2429 4369 regius
2469 4299 2848 4365 cubicularius,
2877 4301 3074 4353 habens
3111 4314 3304 4353 secum
3331 4311 3387 4353 et
3409 4300 3529 4355 alios
3552 4298 3675 4349 otia-

577 4396 626 4448 ei
656 4395 746 4464 qui
773 4397 985 4464 triginta
1030 4397 1191 4449 libras
1236 4396 1353 4449 illas
1393 4397 1653 4464 portabat.
1710 4398 1966 4453 Celeriter
2011 4413 2139 4467 ergo
2170 4388 2219 4446 Ι)
2243 4389 2439 4454 divini;
2485 4396 2541 4443 ει
2578 4404 2701 4443 cum
2735 4390 3060 4456 Ρετνεηῖεεεῑ
3083 4386 3154 4441 ad
3178 4388 3348 4442 ιδιοω
3393 4386 3691 4441 nim“

578 4486 877 4555 hujusmodi
905 4487 1017 4539 auri
1046 4485 1313 4553 quantitas
1339 4495 1554 4555 erogata
1595 4496 1696 4541 est.
1749 4489 2138 4545 Recedentibus

580 4560 758 4643 itaque
805 4575 1058 4642 utrisque,
1110 4574 1404 4640 patriarcha
1451 4574 1671 4639 scilicet,
1701 4586 1754 4628 et
1782 4578 1870 4645 qui
1918 4579 2139 4632 invitam

580 4664 662 4736 (ut
689 4664 757 4717 ita
788 4663 982 4733 dicam)
1013 4663 1408 4734 eleemosynam
1441 4662 1659 4729 fecerat,
1687 4666 1937 4733 epiSCOpO
1963 4668 2141 4722 Troi:o

581 4757 636 4810 in
662 4755 890 4824 propriis
918 4755 1199 4823 episcopiis
1227 4755 1369 4808 velut
1400 4754 1642 4824 qumdam
1670 4770 1854 4810 amens
1875 4766 1930 4811 et
1953 4760 2144 4813 anima

581 4849 879 4919 periculosa
908 4848 960 4902 in
989 4862 1108 4902 eum
1140 4848 1393 4918 cogitatio
1425 4846 1602 4912 irruit,
1650 4858 1865 4915 propter
1898 4851 2145 4915 pecunia-

582 4955 699 4994 rum
729 4938 1029 5001 dationem;
1074 4937 1308 4990 horroris
1333 4946 1387 4990 et
1415 4939 1614 4990 amoris
1645 4938 1900 5005 pecuniae,
1935 4948 1990 4993 et
2027 4953 2147 4992 cru-

583 5032 813 5088 delitatis
849 5039 904 5085 et
951 5028 1281 5098 negligentiae
1323 5029 1569 5095 genimcn
1614 5044 1734 5082 eum
1780 5030 2099 5098 sequebatur
2127 5073 2144 5098 ,

585 5124 731 5178 febre
760 5133 908 5176 extra
933 5130 1170 5173 naturam
1201 5119 1375 5183 mista,
1410 5130 1626 5186 propter
1654 5120 1792 5188 quod
1820 5135 2048 5191 aegrotus
2070 5123 2149 5175 in-

589 5213 726 5267 vitus
770 5210 820 5263 in
863 5210 1055 5264 lectum
1098 5207 1307 5262 cecidit.
1355 5207 1776 5261 llebdomadario
1811 5225 1938 5277 ergo
1968 5225 1995 5261 a
2023 5226 2145 5262 san-

587 5301 825 5357 ctissimo
852 5299 1149 5367 patriarcha
1195 5297 1258 5349 ad
1290 5313 1407 5350 eum
1438 5300 1701 5360 veniente,
1734 5310 1787 5352 et
1815 5300 1877 5351 ad
1909 5315 2143 5353 mensam

589 5393 827 5462 ejusdem
859 5388 1170 5458 patriarcha:
1195 5404 1312 5442 eum
1344 5387 1615 5457 invitante,
1642 5392 1922 5455 recusavit,
1951 5391 2146 5459 frigore

590 5484 733 5538 enim
763 5492 817 5537 et
846 5482 990 5536 febre
1027 5495 1085 5533 se
1115 5481 1293 5535 vexari
1322 5495 1417 5548 pro
1456 5481 1679 5547 quadam
1719 5494 1878 5533 causa
1920 5482 2148 5535 dicebat.

593 5572 751 5643 Igitur
773 5587 893 5628 cum
916 5573 1015 5627 hoc
1037 5567 1271 5625 audisset
1296 5571 1612 5639 patriarcha,
1641 5584 1764 5626 mox
1793 5572 2009 5642 agnovit
2032 5585 2151 5626 cau-

2241 4483 2476 4550 januam,
2524 4482 2658 4535 dixit
2683 4480 2748 4534 ad
2778 4479 3019 4549 proprios
3048 4478 3312 4535 ofﬁciales
3343 4498 3359 4533 :
3401 4477 3609 4545 Deponi:
3628 4482 3687 4521 at

2247 4574 2475 4629 titulum.
2500 4574 2569 4627 Et
2596 4590 2716 4628 cum
2744 4574 3137 4643 deposuissent,
3186 4574 3383 4631 iterum
3408 4575 3557 4628 dixit:
3586 4569 3689 4618 Iw!

2246 4679 2390 4726 eum,
2437 4672 2493 4717 et
2538 4665 2718 4731 ponite
2744 4680 2900 4732 quem
2932 4665 3073 4718 misit
3101 4663 3253 4717 orbis
3284 4674 3529 4719 terraru-
3565 4672 3637 4711 res
3664 4654 3687 4701 ι

2247 4755 2539 4809 attulerunt
2566 4764 2621 4808 et
2647 4755 2929 4809 alfixerunt
2954 4754 3093 4808 aliud
3136 4755 3430 4821 aspiciente
3469 4767 3556 4812 mc.
3588 4760 3689 4809 HF“

2249 4845 2501 4910 scriptum
2556 4843 2626 4897 ita
2664 4861 2676 4895 :
2717 4843 2922 4898 διμιδιο
2954 4859 3179 4898 erant
3219 4859 3290 4898 ac
3334 4854 3529 4905 aeneis!
3568 4838 3689 4889 1w“

2254 4949 2650 4989 ARCBIEPISCOPI
2694 4938 3078 4998 ALsunnuts,
3129 4950 3307 4988 una
3347 4948 3489 4988 usus
3521 4937 3687 4982 tum"

2253 5025 2321 5080 Et
2350 5042 2469 5079 cum
2511 5027 2612 5079 hoc
2645 5026 2887 5089 vidisset,
2930 5026 3163 5078 surrexit
3202 5041 3230 5074 a
3261 5040 3466 5086 somno,
3504 5032 3553 5075 et
3588 5024 3685 5075 Ψ

2254 5130 2569 5183 summoque
2591 5115 2781 5182 pastori
2802 5130 2923 5181 qua:
2941 5119 3051 5166 visa
3076 5124 3195 5166 sunt
3215 5114 3268 5166 ei
3300 5117 3353 5168 in
3376 5112 3685 5167 somnia"

2254 5209 2351 5261 vit.
2393 5205 2687 5260 Proﬁciens
2705 5220 2764 5259 ea
2789 5205 2860 5259 de
2886 5220 3047 5259 causa
3073 5204 3282 5258 Troilus
3311 5204 3580 5271 episcopis.
3600 5195 3695 5259 ιιι

2251 5315 2315 5354 ex
2339 5306 2465 5351 tunc
2491 5299 2916 5365 eleemosynator
2944 5294 3266 5363 magniﬁcus.

2320 5371 2447 5442 ei».
2493 5385 2702 5440 xxvu.
2740 5413 2811 5425 —
2854 5386 3107 5439 Dominus
3128 5387 3215 5453 qui
3244 5384 3522 5439 dititiasia
3556 5382 3679 5437 ωηιτ

2253 5481 2481 5551 Quodam
2507 5480 2665 5535 beato
2686 5478 2788 5534 Job
2812 5480 3047 5544 abstulit,
3079 5478 3204 5534 fecit
3226 5480 3400 5533 simile
3425 5490 3476 5532 et
3509 5478 3679 5528 bris“

2258 5572 2493 5628 bonitate
2537 5570 2719 5644 pleno,
2764 5582 2954 5626 sancto
2991 5570 3298 5640 patriarcha:
3336 5556 3681 5625 JoantiiJal':

3660 218 3665 239 τ
3694 220 3695 265 l
