3736 6308
60 170 143 226 ΞΗ

991 179 1144 234 VITA
1181 174 1423 233 SANCTI
1462 176 1736 233 JOANNIS
1782 176 2387 242 ELEEMOSYNARII.‘

3140 182 3275 239 1642

54 294 161 348 vim
203 294 563 350 sanctissimas
600 291 841 349 ecclesia:
887 290 1458 361 cotnprehendentibus
1488 289 1601 343 vio-
1628 289 1680 349 Α
1705 289 1971 345 mandavit
2016 292 2145 346 mihi
2182 293 2435 349 Dominus
2489 308 2637 349 meus
2667 304 2719 349 et
2763 296 2997 356 omnium
3036 297 3280 356 Christus

54 395 226 440 artam
279 387 531 450 hiemem,
577 385 629 438 in
671 384 786 439 loco
814 382 900 452 qui
941 382 1217 436 dicebatur
1252 380 1409 434 Adria
1464 375 1599 449 (71),

53 477 375 544 rojecerunt
403 478 578 531 omnia
608 492 726 539 sua,
771 490 887 545 qure
919 488 1081 528 naves
1113 471 1421 540 portabant;
1454 477 1605 526 erant
1676 469 1691 476 '

53 583 150 620 ero
184 583 381 623 omnes
411 583 570 623 naves
592 568 767 622 simul.
812 567 939 621 Erat
977 575 1154 619 autem
1203 576 1411 618 summa
1440 562 1603 615 multa

54 659 175 713 tlde
200 660 557 714 entheearum
590 673 839 721 suarum;
894 656 1158 713 habebant
1202 655 1347 711 enim
1401 663 1603 707 tantum

53 750 353 803 estimenta
398 759 453 804 et
501 757 799 819 argentum,
848 756 903 801 et
949 748 1083 802 alias
1130 760 1215 800 res
1262 745 1502 808 altiores,
1552 750 1609 799 ut

53 850 432 908 )mputaretur
462 840 667 909 pondus
699 839 839 909 quod
870 838 966 892 ivit
994 838 1044 891 in
1075 836 1424 906 perditionem
1445 849 1608 904 quan-

54 935 190 985 tatis
209 932 641 987 centenariorum
662 929 869 1000 triginta
895 937 1139 998 quatuor.
1164 927 1285 981 Pltts
1301 927 1441 981 enim
1457 930 1610 980 erant

53 1038 187 1079 nam
224 1024 486 1078 tredecim
518 1038 698 1088 naves,
726 1022 995 1092 capientes
1025 1036 1119 1090 per
1157 1020 1392 1089 singulas
1421 1020 1607 1073 decem

53 1117 187 1169 tillia
216 1115 545 1169 modiorum.
589 1114 931 1169 Venientibus
960 1127 1088 1167 vero
1129 1109 1509 1165 Alexandriam
1557 1115 1612 1164 et

53 1207 405 1277 ergentibus,
437 1205 617 1260 statim
649 1204 834 1273 reliqui
861 1202 1152 1258 cteditores
1174 1209 1229 1255 et
1256 1199 1410 1267 primi
1438 1205 1610 1253 nautae

54 1317 65 1350 ι
96 1295 406 1352 ecclesiam
436 1294 809 1363 confugerunt.
842 1292 1067 1347 Sanctus
1095 1305 1221 1345 vero
1246 1289 1347 1343 hoc
1366 1289 1609 1353 audiens,

53 1396 330 1443 tcausam
370 1397 584 1454 propter
604 1400 760 1454 quam
789 1383 1055 1452 fugerant,
1085 1382 1246 1435 mittit
1276 1381 1355 1440 eis
1386 1379 1613 1434 verbum

53 1476 282 1529 mnibus
326 1475 437 1529 suis
485 1473 864 1541 conscriptum,
906 1470 1115 1525 habens
1142 1471 1213 1524 ita
1246 1487 1263 1522 :
1309 1486 1327 1519 ι
1362 1466 1615 1523 Dominus

53 1568 207 1630 edit,
248 1566 465 1631 fratres;
516 1562 793 1628 Dominus,
840 1570 899 1615 ut
941 1562 1126 1627 voluit,
1178 1559 1431 1625 abstulit;
1477 1558 1614 1613 sicut

1707 376 1843 432 Deus
1873 376 2051 450 (Joan.
2082 380 2156 451 x).

1777 469 1902 523 Car.
1927 469 2120 526 XXIX.
2142 472 2493 529 ~Districtus
2522 474 2734 545 quidam
2769 476 2836 531 ab
2867 476 3049 549 bisqui
3069 482 3277 549 pensio.

1708 576 1829 616 nem
1859 561 2163 632 exigebant,
2207 580 2328 621 cum
2372 580 2477 620 non
2522 567 2740 624 haberet
2777 570 2917 639 quod
2959 572 3111 627 daret
3141 574 3280 644 (erat

1707 652 1847 706 enim
1868 653 2013 723 regio
2033 653 2083 707 in
2107 670 2295 724 magna
2319 655 2651 723 difficultate,
2670 672 2735 712 eo
2754 659 2893 727 quod
2918 661 3110 716 ﬂuvius
3130 662 3279 719 Nilus

1708 743 2000 797 secundum
2023 745 2454 799 consuetudinem
2480 760 2581 799 non
2606 746 2847 817 irrigaret
2867 752 3018 820 aquis
3037 756 3282 824 terram),

1710 831 1825 901 ipse
1864 833 2049 888 abiens
2088 834 2396 903 deprecatus
2425 845 2509 890 est
2536 835 2723 891 ducem
2754 834 3033 907 quemdam
3063 859 3285 914 magna-

1712 932 1906 989 torum,
1934 934 1993 980 ut
2018 936 2225 982 mutuas
2247 927 2348 982 sibi
2381 928 2533 984 daret
2579 930 2955 1002 quinquaginta
2982 933 3148 992 libras
3177 954 3281 994 au-

1713 1013 1787 1079 ri;
1816 1024 1869 1068 et
1896 1014 2105 1070 dicebat
2134 1032 2193 1072 se
2220 1015 2348 1074 dare
2377 1020 2595 1088 pignora
2616 1061 2632 1086 ,
2662 1023 2706 1075 si
2753 1024 2930 1089 vellet,
2964 1025 3280 1103 duplaalle-

1712 1106 1957 1173 promisit
1982 1122 2110 1178 ergo
2153 1107 2257 1162 dux
2288 1109 2414 1165 dare
2440 1110 2509 1178 ei,
2552 1110 2619 1164 ad
2648 1126 2879 1178 prtesens
2909 1131 3035 1171 vero
3060 1118 3282 1174 distulit.

1715 1197 2063 1254 Exactoribus
2091 1215 2215 1270 ergo
2257 1204 2743 1275 constringentibus
2771 1221 2913 1273 eum,
2944 1210 3090 1265 vadit
3137 1211 3274 1279 ipse,

1712 1297 1771 1342 ut
1792 1292 1967 1344 omnis
1995 1291 2060 1345 ad
2090 1302 2296 1361 portum
2326 1310 2357 1349 a
2381 1310 2483 1365 quo
2527 1298 2702 1353 cuneti
2744 1300 3088 1369 recipiuntur,
3135 1306 3283 1360 vide-

1715 1379 1839 1434 licet
1869 1381 1933 1435 ad
1965 1382 2300 1441 mitissimum
2329 1394 2385 1440 et
2410 1385 2623 1455 dignum
2665 1388 3016 1446 admiratione
3059 1397 3286 1460 patriar-

1714 1468 1891 1525 cbam.
1938 1471 2003 1525 Et
2048 1472 2280 1527 nondum
2328 1487 2463 1541 pene
2512 1476 2778 1544 propriam
2826 1481 3195 1537 necessitatem
3236 1486 3287 1540 ei

1716 1569 2040 1627 narraverat,
2074 1559 2205 1616 dixit
2221 1569 2433 1617 sanctus
2454 1564 2520 1618 ad
2548 1580 2669 1627 eum
2690 1581 2707 1619 :
2731 1566 2826 1633 Do,
2851 1567 2944 1633 ﬁli,
2966 1570 3010 1625 si
3033 1571 3284 1643 volueris,

53 1659 260 1713 omine
304 1658 520 1725 placuit,
572 1656 642 1709 ita
670 1654 989 1709 factum-est
1024 1654 1133 1708 :sit
1177 1666 1368 1706 nomen
1402 1649 1613 1705 Domini
1646 1654 1690 1716 Β
1717 1660 1767 1704 et
1793 1665 1899 1722 quo
1946 1652 2166 1719 vestior,
2197 1650 2596 1710 vestimentum.
2639 1655 2844 1711 Etenim
2888 1671 3010 1716 cum
3053 1660 3288 1718 admira-

53 1748 376 1803 enedictum
407 1743 550 1815 (Job.
580 1744 645 1813 ι).
678 1744 853 1809 Exite,
893 1742 1007 1807 filii,
1040 1741 1170 1794 nihil
1198 1755 1263 1795 ex
1294 1742 1395 1794 hoc
1411 1738 1566 1794 veriti
1595 1754 1609 1789 :

53 1840 298 1894 'ominus
328 1838 469 1893 enim
494 1835 756 1891 sollicitus
773 1834 877 1889 erit
899 1833 965 1888 de
995 1832 1248 1887 crastino.
1287 1849 1308 1884 ι
1361 1829 1617 1886 Ascendit

54 1946 206 2001 aque
249 1944 393 1999 pene
419 1927 697 1983 dimidium
726 1925 953 1980 civitatis
989 1924 1043 1980 in
1068 1930 1335 1979 secretum
1364 1936 1379 1983 ;
1409 1922 1497 1977 die
1520 1935 1618 1976 au-

54 2036 129 2076 rm
175 2020 360 2074 altero
384 2009 623 2072 volentes
668 2013 782 2083 (72)
828 2011 1096 2068 consolari
1148 2009 1380 2066 nobilem
1423 2011 1610 2075 istum;

54 2125 138 2165 ise
169 2122 313 2163 vero
355 2117 760 2174 prmecrupans,
790 2102 951 2171 erepit
986 2101 1232 2156 omnibus
1256 2100 1440 2156 dicere
1469 2116 1482 2153 :
1512 2099 1617 2154 Ne-

58 2214 327 2270 uaquam,
353 2211 387 2251 ο
414 2195 509 2251 lilii
539 2206 593 2251 et
619 2192 835 2258 fratres,
863 2205 1023 2247 causa
1044 2192 1259 2247 navium
1287 2190 1617 2245 difﬁcultatis

53 2289 368 2353 ristemini;
415 2300 535 2341 nam
575 2283 789 2338 humilis
818 2281 1072 2348 Joannes,
1118 2280 1342 2348 credite,
1371 2282 1616 2336 inventus

57 2392 109 2438 st
158 2379 485 2452 culpabilis;
534 2377 728 2447 quippe
777 2374 881 2430 nisi
926 2373 1290 2429 extollentiam
1338 2372 1615 2439 haberem,

54 2478 180 2531 ;ullo
205 2476 379 2531 modo
408 2476 508 2530 hoc
536 2473 750 2529 ferrem.
794 2470 903 2527 Sed
941 2470 1061 2539 quia
1100 2467 1395 2531 extollebar
1433 2467 1485 2521 in
1532 2466 1617 2522 his

54 2583 149 2635 ιιιεε
181 2567 281 2622 Dei
314 2575 489 2631 erant,
517 2572 573 2619 et
595 2562 920 2618 aestimabam
948 2562 1089 2631 quod
1118 2574 1306 2630 magna
1334 2572 1498 2627 opera
1540 2556 1619 2612 la-

59 2672 237 2722 erem,
275 2657 415 2711 dans
457 2669 575 2723 quae
604 2653 879 2708 hominum
909 2662 1078 2716 erant,
1113 2650 1215 2707 hoc
1244 2649 1370 2705 mihi
1401 2649 1616 2715 evenit;

53 2751 227 2805 'oletts
257 2763 390 2817 ergo
419 2746 562 2801 Dens
588 2756 643 2799 ut
675 2746 776 2799 hoc
813 2744 1191 2813 intelligerem,
1224 2743 1323 2796 ista
1354 2738 1616 2811 permisit.

53 2847 397 2911 Eleemosyna
426 2842 567 2895 enim
589 2854 695 2894 non
714 2838 1019 2910 vigilantem
1044 2838 1352 2915 plerumque
1374 2836 1426 2891 in
1448 2834 1622 2890 extol-

53 2936 257 2993 entiam
285 2935 460 2989 elevat
491 2948 507 2988 :
537 2932 730 2986 invitus
755 2945 882 2986 vero
911 2944 1065 2987 casus
1090 2928 1336 2984 humiliat
1353 2928 1619 2984 sustinen-

1716 1740 1907 1803 bilibus
1928 1741 2039 1795 suis
2057 1740 2210 1796 bonis
2231 1750 2286 1796 et
2304 1742 2405 1796 hoc
2424 1743 2759 1812 possidebat,
2790 1746 2931 1816 quod
2960 1764 3066 1805 non
3096 1762 3281 1820 posset

1718 1830 1904 1886 videre
1953 1830 2183 1899 aliquem
2216 1827 2286 1886 de
2330 1834 2734 1891 necessitatibus
2779 1837 3181 1911 laerymantem,
3232 1854 3288 1901 et

1716 1934 1821 1974 non
1848 1920 2027 1975 statim
2056 1934 2115 1977 se
2146 1922 2372 1991 propriis
2392 1923 2584 1991 rigaret
2610 1925 2853 1996 lacrymis
2877 1946 2890 1981 :
2917 1930 3053 1986 unde
3079 1939 3136 1987 et
3160 1948 3287 1990 mox

1716 2008 2029 2079 petitionem
2072 2009 2301 2067 volentis
2329 2011 2396 2066 ab
2435 2025 2501 2068 eo
2548 2026 2785 2070 mutuum
2830 2019 3084 2089 accipere.
3118 2022 3288 2077 adim-

1718 2100 1906 2167 plevit.
1936 2100 2003 2154 Et
2029 2099 2270 2170 sequenti
2301 2109 2454 2156 nocte
2479 2102 2623 2159 videt
2655 2105 2755 2159 dux
2778 2108 2914 2175 quod
2936 2116 3105 2165 staret
3127 2124 3290 2181 super

1716 2187 1885 2242 altare
1930 2189 2164 2259 quidam,
2207 2190 2292 2244 cui
2337 2188 2630 2246 offerebant
2680 2194 2829 2250 multi
2876 2195 3203 2267 oblationes;
3234 2212 3291 2258 et

1720 2290 1813 2347 per
1835 2292 1991 2332 unam
2040 2293 2200 2347 quam
2230 2280 2523 2350 ponebant,
2553 2284 2881 2354 accipiebant
2926 2296 3140 2346 centum
3190 2307 3290 2363 pro

1717 2365 1831 2455 ipsa
1860 2367 1927 2423 de
1953 2368 2126 2423 altari.
2159 2369 2287 2426 Erat
2320 2380 2497 2427 autem
2527 2381 2581 2429 et
2610 2376 2905 2449 patriarcha
2935 2388 3056 2450 post
3083 2389 3289 2455 tergum

1720 2454 1857 2525 ejus.
1909 2456 2129 2513 Jacehat
2154 2473 2282 2528 ergo
2311 2475 2410 2516 una
2451 2462 2656 2518 oblatio
2686 2474 2808 2522 ante
2837 2482 2928 2523 eos
2957 2471 3008 2525 in
3038 2488 3144 2527 uno
3172 2454 3290 2531 sca-

1720 2559 1867 2613 mno,
1913 2555 1967 2601 et
1990 2546 2116 2602 dicit
2148 2550 2363 2617 quidam
2392 2550 2515 2607 duci
2549 2568 2562 2605 :
2599 2553 2763 2622 Vade,
2792 2557 3006 2615 domine
3035 2561 3169 2630 dux,
3193 2579 3289 2620 ac-

1720 2635 1837 2704 cipe
1877 2638 2198 2694 oblationem
2239 2641 2408 2708 illam,
2456 2652 2511 2700 et
2559 2643 2690 2701 offer
2731 2648 2798 2704 ad
2843 2652 3029 2722 altare,
3060 2663 3116 2710 et
3162 2658 3287 2716 tolle

1721 2740 1819 2796 pro
1853 2743 1915 2782 ea
1946 2741 2156 2799 centum
2186 2731 2503 2790 oblationes.
2553 2736 2644 2790 lllo
2673 2754 2799 2794 vero
2843 2741 3143 2812 pigritante,
3193 2760 3291 2802 cu-

1721 2818 1886 2875 currit
1915 2822 2233 2889 patriarcha,
2264 2822 2382 2881 licet
2411 2837 2531 2896 post
2557 2837 2678 2886 eum
2708 2840 2895 2899 staret,
2922 2843 2977 2889 et
3003 2836 3120 2893 tulit
3147 2836 3287 2895 hanc

1722 2919 1849 2967 ante
1876 2928 2019 2978 eum,
2054 2922 2108 2969 et
2133 2915 2341 2984 obtulit,
2388 2928 2444 2974 et
2471 2922 2697 2992 accepit,
2750 2923 2885 2980 sicut
2913 2942 3120 2996 omnes,
3171 2945 3293 2991 cen-

53 3044 169 3083 em
223 3026 318 3080 An
361 3023 503 3078 enim
554 3022 730 3077 divina
776 3019 1046 3090 smptu"
1081 3037 1093 3071 ε
1128 3019 1419 3089 paupertas
1447 3016 1616 3072 virum
1649 3022 1696 3086 ο
1728 3011 1837 3058 tum
1864 3005 1929 3059 de
1972 3006 2141 3062 altari.
2179 3007 2450 3079 Evigilans
2477 3014 2675 3084 itaque,
2722 3032 2827 3073 non
2861 3030 3069 3088 poterat
3095 3025 3296 3082 discer-

54 3117 312 3172 tumiliat.
349 3115 414 3168 Et
442 3115 634 3169 iterum
665 3111 827 3167 David
852 3112 953 3167 hoc
980 3112 1176 3177 sciens,
1225 3111 1437 3166 dicebat
1465 3124 1480 3163 :
1519 3111 1621 3165 Bo-

54 3223 169 3263 tum
201 3207 335 3261 mihi
360 3204 500 3273 quod
527 3214 581 3260 tu
603 3202 891 3258 humiliasti
920 3218 1028 3270 me,
1056 3214 1113 3257 ut
1140 3201 1341 3258 discam
1368 3202 1625 3271 justiﬁes-

54 3303 224 3357 .iones
248 3315 366 3354 tuas
389 3297 559 3369 (Psal.
588 3299 793 3366 cxvnt).
819 3298 951 3353 Dum
972 3299 1115 3353 enim
1135 3297 1292 3351 malis
1312 3296 1483 3353 factus
1507 3313 1623 3353 sum

53 3388 337 3455 tbnoxids,
379 3388 502 3457 quia
548 3388 813 3443 dationem
851 3402 947 3456 per
973 3401 1163 3441 vanam
1186 3386 1407 3456 gloriam
1436 3387 1628 3455 perde-

53 3496 192 3546 sem,
251 3490 311 3533 et
357 3478 604 3546 quoniam
645 3492 739 3547 per
781 3477 968 3533 vitium
1018 3491 1195 3531 meum
1234 3475 1461 3546 perdita:
1506 3486 1645 3547 sunt,

53 3579 211 3624 tantae
245 3567 505 3637 pecuniae,
537 3567 708 3623 habeo
735 3581 874 3620 nunc
899 3564 1157 3636 judicium
1183 3566 1485 3621 animarum
1511 3580 1629 3636 quae

61 3676 94 3714 n
127 3666 286 3714 arcto
317 3664 457 3711 sunt.
490 3656 707 3722 Verum,
742 3656 1094 3722 dilectissimi,
1122 3656 1210 3726 qui
1238 3664 1363 3711 tunc
1391 3667 1629 3725 tempore

53 3751 174 3816 iusti
203 3748 352 3803 illius
376 3746 476 3803 Job
504 3745 604 3801 fuit
633 3746 793 3815 Deus,
823 3754 877 3801 et
904 3762 1042 3802 nunc
1074 3746 1213 3802 idem
1242 3747 1357 3816 ipse
1395 3756 1498 3814 est,
1539 3747 1628 3817 qui

53 3856 155 3895 non
190 3846 413 3909 propter
453 3847 745 3907 egestatem
791 3852 986 3905 meam,
1029 3837 1122 3894 sed
1163 3839 1233 3894 ob
1280 3839 1628 3908 indigentium

53 3930 455 3996 necessitatem,
484 3943 592 3983 non
619 3928 956 3999 derelinquet
983 3944 1099 3984 nos.
1135 3929 1249 3999 ipse
1278 3930 1419 3984 enim
1448 3929 1581 3984 dixit
1614 3947 1626 3982 :

53 4019 529 4085 Nontedeseram,
609 4018 784 4089 deque
836 4018 1203 4086 nerelinquam
1259 4015 1438 4086 (Hebr.
1476 4017 1617 4087 xm).

53 4110 115 4163 Et
143 4122 337 4164 rursus
363 4124 376 4161 :
400 4106 634 4174 Quaerite
658 4108 885 4175 primum
916 4121 1134 4178 regnum
1159 4108 1271 4173 Dei,
1297 4118 1349 4163 et
1369 4108 1629 4177 justitiam

53 4201 195 4270 ejus,
238 4208 296 4253 et
321 4199 435 4253 haec
458 4200 637 4252 omnia
659 4198 973 4267 adjiciantur
995 4200 1145 4253 vobis
1168 4199 1381 4270 (Matth.
1415 4203 1506 4268 Vl).
1535 4200 1625 4256 Vo-

53 4295 222 4347 lentes
267 4305 395 4359 ergo
434 4290 701 4345 consolari
747 4304 869 4345 eum
916 4290 1145 4346 civitatis
1193 4290 1542 4359 habitatores,
1572 4304 1630 4349 ut

1727 3109 1859 3151 nere
1886 3098 2173 3155 somnium.
2204 3101 2343 3156 Misit
2368 3113 2542 3159 autem
2568 3113 2623 3161 et
2646 3107 2861 3163 adduxit
2884 3126 3007 3166 eum
3036 3114 3127 3183 qui
3151 3118 3295 3173 vole-

1725 3186 1818 3243 bat
1863 3197 2104 3246 mutuum
2154 3194 2417 3264 accipere,
2456 3205 2513 3251 ut
2541 3207 2823 3267 praestaret
2844 3203 2913 3257 ei.
2948 3203 3014 3261 Et
3040 3220 3160 3263 cum
3208 3223 3296 3265 ve-

1728 3277 1927 3345 nisset,
1959 3280 2084 3336 dicit
2111 3282 2161 3337 ei
2207 3284 2351 3337 dux:
2379 3287 2578 3356 Accipe
2622 3289 2762 3359 quod
2809 3293 2983 3360 petisti
3033 3305 3297 3353 mutuum.

1728 3366 2075 3436 Respondens
2100 3370 2209 3438 ille,
2241 3373 2372 3427 dixit
2401 3376 2448 3429 ei
2472 3392 2487 3429 :
2514 3380 2651 3433 Ante
2677 3379 2796 3433 tulit
2822 3383 3123 3440 mercedem
3149 3393 3291 3441 tuam

1728 3458 1974 3516 dominus
2004 3461 2324 3529 patriarcha.
2352 3465 2558 3519 Etenim
2585 3476 2635 3529 te
2657 3469 2872 3525 domino
2892 3471 3170 3531 dill'erente
3191 3492 3302 3541 me.

1727 3551 2031 3620 compulsus
2060 3566 2176 3606 sum
2218 3553 2286 3609 ad
2318 3555 2465 3610 illum
2498 3566 2745 3629 tanquam
2772 3563 2839 3619 ad
2871 3575 3080 3636 portum
3116 3574 3298 3627 confu-
3406 3610 3412 3616 ς

1727 3655 1886 3710 gere,
1919 3644 2083 3698 multa
2111 3646 2252 3699 enim
2283 3656 2399 3701 erat
2429 3648 2506 3704 vis
2537 3650 2913 3720 inquietudinis
2960 3668 3293 3718 exactorum.

1729 3734 1858 3787 Cum
1882 3746 2009 3803 ergo
2028 3736 2265 3792 audisset
2284 3736 2405 3805 hoc,
2437 3741 2613 3795 statim
2641 3744 2951 3802 recordatus
2979 3760 3055 3804 est
3079 3752 3296 3819 semitii,

1729 3832 1785 3878 et
1810 3824 1943 3879 dixit
1968 3841 1981 3878 :
2008 3824 2145 3881 Vere
2161 3828 2298 3883 bene
2317 3829 2495 3884 dixisti
2523 3849 2535 3883 :
2562 3833 2693 3899 Quia
2714 3844 2836 3891 ante
2857 3838 2978 3892 tulit
2998 3840 3299 3898 mercedem

1731 3923 1896 3969 tuam.
1925 3915 2062 3970 Ante
2093 3916 2213 3972 tulit
2240 3918 2402 3984 enim,
2454 3928 2509 3976 et
2537 3938 2616 3977 vae
2641 3924 2717 3979 illi
2741 3925 2829 3994 qui
2852 3928 2965 3984 vult
2988 3927 3301 3987 facere‘ho-

1730 4020 1877 4071 num,
1909 4014 1964 4061 et
1992 4005 2187 4062 differt.
2221 4008 2290 4062 Et
2318 4010 2587 4066 enarravit
2605 4012 2654 4067 ei
2676 4022 2732 4068 et
2758 4017 3005 4073 omnibus
3034 4021 3300 4077 somnium

1729 4097 1868 4167 quod
1899 4097 2121 4154 viderat.

1800 4207 1928 4263 Car.
1961 4208 2130 4264 XXX.
2157 4240 2228 4251 —
2248 4212 2506 4283 Pergente
2535 4214 2813 4285 aliquando
2851 4230 3037 4277 sancto
3061 4223 3129 4278 ad
3160 4231 3301 4279 tem-.-

1733 4299 1877 4367 plum
1920 4312 2225 4359 sanctorum
2287 4304 2690 4363 victoriosorum
2738 4321 3029 4383 martyrum
3079 4316 3205 4385 Cyri
3249 4327 3303 4372 et

53 4383 254 4437 dictum
286 4389 389 4445 est,
418 4380 519 4448 ipsi
551 4379 717 4449 magis
747 4380 944 4434 inventi
983 4388 1110 4434 sunt
1135 4390 1348 4435 econtra
1377 4383 1611 4437 consola-

1794 4396 1955 4449 »annis
1973 4436 1988 4461 ,
2020 4395 2075 4451 in
2092 4396 2323 4465 gloriosa
2346 4413 2529 4455 eorum
2551 4404 2809 4458 memoria
2829 4405 3087 4462 orationis
3107 4409 3299 4479 gratia,

53 4473 254 4527 tionem
279 4469 347 4525 ab
367 4468 484 4539 ejus
502 4468 828 4539 beatitudine
852 4469 1134 4538 recepisse.
1153 4469 1319 4524 Nimis
1331 4484 1459 4540 ergo
1472 4470 1629 4531 breve

53 4574 266 4633 tempus
307 4564 582 4631 praeteriit,
613 4570 668 4617 et
703 4563 754 4618 in
784 4562 1002 4632 duplum
1030 4563 1260 4619 restituit
1304 4564 1448 4620 Deus
1492 4581 1631 4623 novo

53 4667 239 4711 nostro
258 4653 359 4707 Job
377 4653 685 4721 facultates;
712 4663 766 4709 et
785 4656 972 4710 iterum
991 4664 1107 4710 erat
1127 4656 1238 4724 ipse
1259 4658 1635 4726 magnanimus,

53 4747 199 4802 circa
257 4741 702 4808 misericordiam,
756 4743 979 4800 fortasse
1019 4754 1193 4801 autem
1224 4754 1277 4802 et
1328 4746 1629 4817 religiosior

53 4850 213 4906 quam
245 4844 397 4888 antea
431 4832 618 4886 fuerat.

126 4925 262 4981 Car.
284 4922 519 4979 XXVIII.
550 4925 712 4979 —Ad
743 4933 1035 4983 extremam
1058 4941 1417 5000 paupertatem
1444 4950 1631 5005 perve-

58 5016 229 5071 nienti
255 5016 463 5071 cuidam
494 5015 561 5070 de
582 5015 886 5072 domesticis
915 5019 1202 5089 ministris,
1234 5026 1445 5093 propria
1473 5041 1634 5083 manu

56 5108 158 5161 iste
188 5117 437 5171 sanctus,
469 5116 525 5161 ut
557 5109 728 5162 nullus
753 5109 943 5175 sciret,
973 5112 1104 5167 duas
1133 5113 1294 5168 libras
1314 5117 1429 5172 auri
1458 5118 1635 5185 dedit;

59 5208 114 5253 et
144 5197 369 5253 audiens
408 5198 477 5252 ab
520 5199 854 5267 accipiente:
885 5201 1146 5267 Quoniam
1192 5203 1307 5260 haec
1344 5207 1631 5277 accipiens.

61 5289 300 5355 domine,
331 5288 550 5342 ulterius
576 5303 677 5353 non
711 5288 881 5344 habeo
907 5294 1107 5350 vultum
1131 5294 1431 5351 intendendi
1462 5299 1512 5352 in
1535 5299 1634 5353 ho-

66 5379 364 5436 norabilem
393 5386 449 5434 et
494 5381 781 5449 angelicam
814 5380 999 5438 faciem
1048 5395 1215 5453 tuam,
1248 5404 1372 5443 vere
1418 5389 1633 5461 dignum

65 5470 244 5538 laude,
272 5480 329 5526 ut
360 5469 594 5540 sapiens,
624 5472 830 5528 locutus
857 5484 941 5529 est
968 5479 1187 5534 verbum
1212 5496 1225 5533 :
1252 5480 1518 5551 Nondum,
1553 5483 1630 5537 ln-

65 5564 274 5633 quiens,
302 5563 613 5633 sanguinem
635 5578 812 5619 meum
834 5581 929 5636 pro
954 5580 1002 5623 te
1020 5608 1035 5631 ,
1067 5570 1249 5641 frater,
1280 5572 1467 5641 effudi,
1500 5576 1637 5631 sicut

373 5691 648 5757 Peraea.
696 5695 815 5759 Gn.
861 5700 1087 5765 XCIII.

1736 4497 1965 4541 exeunte
1989 4498 2194 4556 portam
2226 4488 2486 4559 civitatis,
2517 4493 2754 4563 suscepit
2780 4510 2903 4550 eum
2948 4498 3139 4554 mulier
3183 4515 3304 4567 pre-

1735 4572 1942 4641 cidens,
1964 4583 2019 4630 et
2036 4576 2220 4637 dicens
2245 4598 2256 4631 :
2278 4579 2499 4635 Vindica
2514 4597 2631 4649 me,
2653 4584 2899 4653 quoniam
2930 4586 3175 4657 injuriam
3205 4605 3301 4659 pa-

1738 4664 1840 4719 tior
1866 4681 1896 4720 a
1921 4681 2119 4736 genere
2142 4683 2281 4724 meo.
2305 4671 2629 4735 Quibusdam
2648 4689 2771 4743 ergo
2792 4675 2861 4729 de
2881 4677 3137 4745 obsequio
3165 4678 3302 4747 ejus,

1736 4759 1827 4825 qui
1871 4758 2134 4813 habebant
2171 4760 2545 4815 conﬁdentiam
2593 4762 2732 4829 apud
2774 4777 2920 4832 eum,
2964 4765 3301 4822 dicentibus:

1740 4847 1872 4913 Quia
1884 4861 2003 4902 cum
2020 4862 2266 4903 reversus
2279 4847 2466 4915 fueris,
2483 4863 2697 4905 causam
2719 4850 2833 4922 ejus
2846 4850 3027 4909 facies.
3054 4855 3300 4927 Respon-

1739 4937 1815 4991 dit
1866 4937 2297 5006 sapientissimus
2327 4954 2344 4990 :
2378 4939 2442 4993 Et
2484 4941 2752 5008 quomodo
2794 4942 2940 4999 Deus
3003 4936 3333 5005 orationem-

1741 5038 1980 5081 nostram
2025 5026 2300 5097 suscipiet,
2346 5026 2391 5083 si
2414 5042 2514 5099 ego
2558 5030 2712 5086 istam
2758 5037 3149 5103 postposuero?
3174 5038 3305 5108 Quis

1741 5119 1869 5173 mihi
1900 5121 2187 5189 spopondit
2217 5129 2275 5176 ut
2306 5121 2479 5177 vivam
2506 5138 2605 5192 ego
2627 5123 2679 5178 in
2701 5126 3030 5182 crastinum?
3055 5137 3109 5184 et
3127 5129 3216 5185 ibo
3237 5134 3304 5187 ad

1742 5210 2034 5277 Christum,
2052 5225 2146 5280 pro
2159 5228 2219 5267 ea
2238 5214 2499 5271 rationem
2516 5216 2848 5272 redditurus?
2864 5218 2931 5273 Et
2946 5233 3050 5275 non
3079 5221 3305 5276 recessit

1739 5299 1805 5354 de
1824 5300 1942 5354 loco
1963 5300 2073 5359 illo.
2092 5316 2260 5371 usque
2279 5302 2404 5358 dum
2425 5305 2566 5373 quod
2588 5306 2716 5363 satis
2737 5308 2788 5362 ei
2810 5317 2926 5363 erat
2947 5309 3057 5366 ﬁeri
3077 5309 3300 5368 faceret.

1807 5389 1935 5444 Car.
1966 5390 2155 5445 XXXI.
2197 5420 2266 5433 —
2287 5392 2367 5448 Ad
2396 5394 2720 5451 voluntatem
2752 5399 2907 5468 igitur
2945 5402 3304 5461 memorabilis

1740 5480 1920 5551 hujus,
1953 5495 2072 5551 quae
2103 5493 2213 5538 tota
2243 5483 2300 5539 in
2325 5484 2436 5542 Deo
2462 5495 2597 5549 erat,
2628 5488 2769 5542 misit
2797 5490 2845 5543 ei
2876 5489 3016 5545 Deus
3044 5494 3186 5549 viros
3209 5508 3301 5548 sa-

1743 5575 1945 5642 pientes
1975 5584 2027 5631 et
2052 5589 2263 5645 semper
2301 5579 2693 5647 memorandos,
2721 5581 2976 5638 Joannem
2999 5594 3054 5639 et
3066 5581 3296 5656 Sophro-

2918 5697 2995 5758 52
