3736 6308
372 203 511 261 1⁷6ὶὸ

1444 186 1725 243 LEONTII
1762 179 2229 240 hEAPOIJTANI
2267 144 2581 236 Episcopi

3532 180 3654 236 IGSa

327 365 335 377 .
377 321 547 378 nium.
575 313 875 375 Consiliarii
905 316 1046 373 enim
1087 323 1239 371 erant
1268 314 1533 369 veraciter
1562 310 1718 377 boni,
1752 308 1943 379 quibus
1972 304 2251 365 Aver‘sari
2298 282 2475 367 hunc;
2528 299 2778 356 dicebant
2802 300 2946 354 enim
2984 290 3051 352 Chi
3094 299 3184 368 qui
3215 297 3269 354 In
3306 305 3639 354 testamento

375 422 430 468 et
458 422 707 480 tanquam
740 409 977 479 patribus
1005 406 1291 461 indiscrete
1317 403 1620 468 obedichat,
1654 408 1708 455 et
1735 400 1933 469 gratias

371 500 582 571 agebat,
635 510 885 571 tanquam
935 496 1302 554 constantibus
1350 494 1582 550 maxime
1623 500 1678 548 et
1724 491 1946 547 viriliter

361 594 653 662 agentibus
701 592 958 648 militibus
1009 604 1104 660 pro
1156 589 1351 660 pietate
1394 586 1686 657 religionis.
1734 582 1945 640 Etenim

372 685 542 740 sancti
568 682 796 752 Spiritus
824 680 1017 736 virtute
1047 678 1190 745 freti,
1224 686 1275 732 et
1304 693 1426 733 eum
1454 675 1800 732 Severlauitis
1825 674 1940 744 (75)

376 790 439 831 ac
465 776 673 831 exteris
700 775 837 829 circa
862 775 1133 843 regionem
1155 771 1503 827 existentibus
1526 769 1812 824 immundis
1838 766 1948 820 ha:-

374 868 552 923 rcticis
583 866 837 935 sapientia
879 879 974 920 sua
1015 879 1077 919 ac
1119 862 1563 937 disputationibus
1597 875 1821 930 pugnam
1851 858 1947 912 ha-

377 959 560 1015 bentes
582 966 635 1013 et
677 955 1009 1024 conflictum,
1049 955 1209 1009 multa
1255 953 1464 1024 quidem
1491 952 1731 1019 castella,
1759 949 1949 1020 plures-

376 1060 480 1119 que
504 1048 778 1114 ecclesias,
810 1047 1057 1102 similiter
1094 1032 1149 1101 et
1177 1045 1496 1100 monasteria
1543 1044 1608 1097 ab
1638 1058 1732 1097 ore
1761 1042 1951 1095 talium

377 1140 686 1201 bestiarum.
726 1147 973 1207 tanquam
1009 1137 1132 1192 boui
1163 1145 1436 1204 pastores,
1471 1133 1701 1189 evellere
1731 1132 1946 1186 studue-

375 1236 519 1295 runt,
553 1237 768 1295 propter
788 1225 925 1295 quod
957 1234 1009 1279 et
1036 1225 1263 1278 maxime
1311 1223 1596 1293 plurimum
1644 1220 1942 1276 honorabat

376 1330 593 1374 sanctos
620 1317 717 1370 hos
746 1315 835 1370 ille
863 1328 990 1369 vere
1019 1304 1404 1369 sanctissimus.

442 1409 576 1463 (In.
605 1404 819 1461 XXXII.
850 1404 975 1459 ——Si
989 1417 1117 1458 vero
1137 1402 1326 1462 alicubi
1344 1400 1572 1471 aliquem
1590 1401 1780 1455 durum
1801 1408 1853 1455 et
1874 1399 1949 1467 ln-

380 1498 667 1553 hutnanum
692 1504 746 1551 et
785 1506 1155 1565 percussorem
1176 1492 1315 1548 circa
1332 1490 1583 1562 proprios
1603 1505 1789 1547 servos
1806 1480 1948 1546 ’έθη-

380 1588 545 1643 tiebat
562 1587 651 1641 ille
668 1587 880 1651 beatus,
896 1582 1037 1638 hunc
1051 1585 1221 1651 primo
1238 1583 1586 1649 convocabat,
1609 1592 1662 1638 et
1675 1566 1948 1638 cum'mul-

2050 393 2213 464 patris
2242 391 2359 463 cjus
2387 391 2589 447 inventi
2625 400 2749 445 sunt
2789 397 2977 456 testes,
3013 388 3141 457 quia
3176 402 3293 442 non
3325 386 3549 443 dimisit
3572 390 3636 455 ei,

2047 483 2281 548 domine,
2328 492 2483 553 pater
2526 483 2643 552 ejus
2674 483 2911 536 moriens
2940 494 3111 550 usque
3136 480 3209 533 ad
3232 493 3419 532 unum
3470 480 3639 532 nomi-

2046 587 2197 640 sma;
2250 571 2345 627 sed
2393 572 2594 653 habens
2640 570 2825 626 decem
2877 570 3041 624 libras
3068 568 3212 631 auri,
3262 568 3502 622 adducit
3530 583 3638 622 eun

2046 665 2159 736 ipsa
2190 663 2316 718 hora
2345 663 2557 732 quando
2578 670 2952 717 testa-uentum
2978 659 3276 722 scribebat,
3303 668 3366 713 et
3386 658 3524 712 dicit
3554 660 3635 713 ei:

2048 750 2156 808 [Ias
2184 753 2367 808 decem
2401 752 2561 806 libras
2591 751 2749 814 habe,
2783 750 2855 803 ﬁli
2892 749 2990 802 uti.
3023 747 3189 813 Quid,
3241 748 3333 801 via
3381 748 3636 801 dimittam

2046 844 2141 901 tibi
2171 843 2321 910 istas,
2350 842 2526 897 auvis
2555 841 2837 895 Dominam
2866 853 3041 893 meam
3069 837 3167 893 Dei
3200 837 3542 906 genitricem
3556 852 3644 893 ca-

2047 944 2279 990 ratorem
2301 941 2356 986 et
2380 934 2707 1002 provisorum
2721 929 2747 982 τ
2776 929 2954 983 Puero
2975 942 3106 982 vero
3127 927 3387 996 eligente
3406 935 3631 980 sanctam

2049 1025 2144 1082 Dei
2173 1023 2511 1095 genitricem,
2563 1022 2816 1092 pmcepit
2866 1020 2995 1074 dare
3042 1016 3241 1073 euicta
3301 1020 3635 1088 pauperibus.

2048 1114 2114 1169 Et
2138 1127 2282 1178 ecce,
2317 1112 2586 1182 inquiunt,
2615 1108 2971 1172 sanctissime,
3006 1109 3060 1162 in
3089 1108 3271 1162 multa
3304 1108 3497 1176 inopia
3523 1122 3635 1161 coa-

2048 1205 2211 1270 sistit,
2256 1210 2412 1258 nocte
2436 1216 2501 1258 ac
2524 1201 2611 1256 die
2634 1200 2863 1255 domum
2894 1198 3138 1254 Dominae
3169 1209 3401 1253 nostra
3430 1214 3534 1252 non
3554 1199 3635 1251 da-

2048 1311 2252 1354 serens.
2282 1296 2417 1351 Cum
2462 1308 2589 1364 ergo
2616 1289 2733 1347 haec
2761 1291 2993 1347 audisset
3026 1305 3056 1344 a
3086 1289 3419 1345 scientibus
3446 1300 3635 1344 eam

2051 1387 2158 1456 hic,
2190 1386 2397 1442 nemini
2428 1384 2630 1456 aliquid
2659 1381 2881 1449 dicens,-
2898 1380 3119 1435 adducit
3146 1379 3471 1449 quemdam
3492 1378 3640 1432 tabel-

2050 1478 2289 1543 lionem‘;
2342 1486 2396 1532 et
2443 1476 2694 1531 narrabat
2740 1475 2789 1529 ei
2822 1476 2960 1534 rem,
3006 1474 3144 1526 dans
3172 1472 3230 1526 ei
3273 1472 3642 1525 tet-minuam

2050 1560 2183 1624 nulli
2211 1567 2457 1623 crederet
2486 1580 2649 1636 quam
2689 1564 2943 1635 praecepit
2981 1564 3032 1617 ei
3074 1561 3263 1617 facere
3292 1576 3442 1628 rem,
3475 1563 3640 1616 diceat

378 1686 429 1733 ta
451 1678 668 1733 lenitate
683 1677 921 1745 rogabat,
938 1674 1151 1728 dicens:
1168 1660 1288 1740 Fili,
1306 1674 1453 1729 venit
1473 1671 1682 1742 quidem
1701 1673 1767 1727 ad
1792 1687 1947 1727 aures
1979 1652 2024 1731 ﬁ
2054 1663 2103 1717 οῖ
2129 1676 2143 1714 ³
2171 1659 2336 1725 Vade:
2361 1669 2414 1712 ει
2432 1660 2487 1711 in
2506 1657 2775 1713 Veteribus
2791 1653 3052 1745 cum“!
3065 1652 3251 1745 θετίδε

282 1822 285 1825 λ
382 1770 705 1841 peecatrices
720 1781 867 1823 meas
892 1762 1031 1835 quod
1054 1782 1118 1821 ex
1137 1761 1446 1843 operatione
1460 1764 1659 1819 inimici
1684 1763 1947 1818 modicum

378 1851 578 1917 durius
596 1860 734 1914 circa
762 1856 1008 1927 proprios
1036 1868 1229 1925 pueros
1258 1863 1374 1910 tuos
1406 1842 1615 1922 feraris;
1649 1854 1763 1923 sed,
1792 1842 1945 1926 rugo,

378 1948 475 2006 des
513 1950 688 2004 locum
721 1949 834 2003 iraa.
864 1947 982 2002 Non
1008 1947 1151 2001 enim
1185 1955 1241 2001 ut
1266 1944 1628 2015 percutiamus
1658 1959 1772 2010 eos,
1804 1944 1949 1999 dedit

381 2042 535 2099 nobis
579 2041 676 2096 bos
701 2038 862 2104 Deus,
892 2038 986 2093 sed
1032 2044 1087 2092 ut
1114 2037 1369 2092 serviant.
1403 2034 1653 2091 Fortasse
1682 2050 1808 2091 vero
1849 2050 1949 2090 nec

270 2174 283 2191 .
380 2143 598 2203 propter
617 2133 747 2196 hoc,
790 2130 884 2186 sed
913 2136 1349 2187 utsustenteutur
1375 2142 1405 2182 a
1445 2127 1619 2194 nobis,
1651 2143 1717 2183 ex
1754 2127 1948 2197 quibus

369 2223 514 2281 Deus
600 2225 851 2297 praestitit
938 2208 1115 2277 nobis.
1191 2214 1333 2285 Quid
1431 2217 1744 2293 enim(edic
1795 2214 1946 2293 mihi)

379 2321 433 2368 et
462 2311 611 2366 dedit
638 2313 831 2375 homo,
872 2316 925 2362 et
956 2308 1083 2362 emit
1114 2322 1234 2362 eum
1264 2305 1353 2376 qui
1382 2306 1447 2360 ad
1472 2306 1757 2378 imaginem
1789 2317 1841 2361 et
1871 2306 1947 2361 si-

379 2400 733 2457 militudinem
764 2398 857 2453 Dei
899 2408 1108 2452 creatus
1138 2406 1192 2451 et
1240 2398 1528 2450 honoratus
1559 2396 1947 2467 est?‘Nuuquid

377 2493 521 2549 enim
576 2499 657 2560 tu,
712 2490 957 2544 dominus
1009 2487 1145 2557 ejus,
1204 2482 1401 2567 aliquid
1456 2487 1571 2559 plus
1625 2487 1863 2567 possides
1895 2488 1947 2540 iu

377 2583 590 2653 proprio
632 2593 877 2649 corpore,
919 2593 1134 2633 manum
1175 2585 1265 2631 aut
1308 2564 1517 2646 pedem,
1567 2577 1649 2632 vel
1690 2564 1945 2645 auditum,
2004 2622 2009 2625 Α

377 2681 470 2728 aut
491 2670 756 2727 animam?
786 2668 1029 2738 Nunquid
1054 2682 1156 2722 non
1182 2664 1376 2721 simirts
1398 2670 1481 2721 est
1506 2666 1598 2720 tibi
1624 2680 1717 2735 per
1739 2655 1947 2721 omnia?

376 2767 514 2821 Audi
544 2766 724 2820 lumen
750 2761 1067 2831 gloriosum,
1102 2758 1321 2814 Paulum
1353 2758 1617 2814 dicentem
1645 2778 1656 2812 :
1681 2758 1949 2829 Quotquot

378 2854 432 2909 in
453 2851 669 2909 Christo
691 2849 943 2919 baptizati
964 2849 1113 2913 estis,
1133 2847 1404 2902 Christum
1426 2847 1671 2905 induistis
1692 2846 1942 2917 (Ga!.tn).

377 2944 491 2999 Non
516 2951 599 2998 est
618 2942 832 2997 Judaus
854 2952 1025 3007 neque
1050 2934 1286 3004 Graecus,
1318 2953 1422 2993 non
1450 2948 1531 2994 est
1560 2953 1744 2994 servus
1774 2952 1946 3007 neque

2047 1751 2323 1820 cujusdam
2348 1747 2561 1803 nomine
2586 1745 2913 1814 Theopeuti;
2946 1752 2998 1797 et
3026 1742 3111 1797 fac
3133 1742 3197 1797 in
3226 1744 3437 1798 «dum
3465 1744 3637 1797 char-

2048 1855 2134 1895 me
2173 1848 2228 1894 et
2275 1846 2478 1906 patrem
2504 1837 2657 1904 pueri
2711 1834 3062 1888 consobrinos
3112 1833 3324 1887 fratrea
3346 1872 3369 1898 ,
3398 1842 3457 1887 et
3484 1834 3637 1893 vade.

2047 1939 2101 1985 et
2129 1930 2216 1984 die
2251 1927 2471 1998 juveni:
2498 1926 2659 1995 Scis;
2684 1924 2870 1992 frater,
2901 1924 3043 1994 quod
3072 1936 3255 1993 genus
3285 1924 3535 1978 existens
3558 1936 3639 1991 μα
3681 1959 3686 1963 ~

2049 2020 2319 2086 triarchae,
2347 2034 2454 2073 non
2480 2017 2747 2072 debueras
2770 2017 2846 2070 ita
2876 2016 2929 2069 in
2959 2024 3295 2084 paupertate
3325 2015 3638 2069 maritet

2048 2110 2272 2169 ostende
2300 2110 2348 2164 ei
2380 2111 2626 2165 chartam
2651 2150 2668 2175 ,
2718 2118 2774 2162 et
2803 2106 2891 2160 die
2919 2106 3235 2173 :Quoniam
3266 2107 3321 2161 ai
3350 2106 3636 2169 erubesci,

2049 2212 2147 2273 ego
2175 2201 2368 2256 ordino
2395 2212 2612 2254 causam
2660 2208 2803 2252 tuam
2832 2196 2979 2265 apud
3002 2188 3408 2265 patriarcham,
3438 2206 3495 2251 et
3532 2194 3641 2250 vide

2048 2293 2172 2363 quid
2199 2291 2297 2347 tbi
2321 2277 2475 2345 dicet.
2509 2289 2640 2344 Cum
2670 2301 2800 2357 ergo
2826 2287 3002 2342 omnia
3032 2287 3345 2357 quas'iuasa
3376 2298 3505 2343 sunt
3531 2290 3580 2342 ei
3608 2302 3637 2341 a

2051 2376 2349 2452 patriarcha
2365 2377 2835 2443 tabeiiio-fecissct,
2859 2375 3007 2431 venit
3025 2376 3091 2430 ad
3114 2389 3251 2431 eum
3268 2376 3639 2444 (Ιίωιητριίι

2051 2463 2237 2541 pactus
2286 2476 2367 2525 est
2394 2484 2526 2539 puer
2555 2469 2712 2536 mihi,
2744 2475 2803 2522 ut
2840 2483 2943 2537 ego
2971 2468 3162 2538 loquar
3214 2483 3449 2524 eam
3497 2484 3639 2525 suam

2049 2563 2287 2631 demitto,
2306 2572 2359 2616 et
2377 2566 2601 2631 magnas
2622 2561 2911 2631 gratiarum
2932 2560 3172 2614 actiones
3191 2560 3475 2616 referebat
3492 2564 3635 2616 mihi.

2051 2653 2193 2708 Dixit
2220 2654 2409 2722 itaque
2452 2660 2708 2707 sanctus:
2738 2644 2885 2705 Vade
2905 2651 3073 2705 et'die
3118 2650 3390 2717 ei:Quia
3435 2654 3637 2708 hircum

2050 2758 2166 2798 sunt
2196 2742 2538 2811 patriarchae.
2562 2743 2636 2796 Et
2669 2741 2785 2803 dixi
2811 2757 2824 2793 :
2846 2740 3108 2807 Quoniam
3151 2751 3211 2796 et
3235 2756 3350 2811 ego
3376 2744 3491 2797 scio
3516 2746 3634 2811 quia

2050 2831 2232 2887 habuit
2274 2831 2629 2886 consobrinus
2652 2844 2802 2885 meus
2851 2830 3048 2893 ﬁlium,
3082 2829 3183 2885 sed
3214 2846 3287 2884 ex
3321 2832 3478 2886 vulta
3504 2831 3635 2889 huc

2054 2938 2163 2980 non
2190 2936 2540 2994 recognosco.
2566 2923 2721 2978 Bene
2742 2935 2871 2992 ergo
2900 2923 3055 2988 lacis,
3086 2922 3377 2985 adducens
3406 2925 3554 2981 hunc
3574 2925 3635 2978 ad

374 3034 531 3095 liber,
561 3044 747 3087 omnes
767 3031 908 3085 enim
934 3043 1028 3083 vos
1052 3045 1211 3083 unum
1243 3030 1377 3086 estis
1402 3031 1454 3084 in
1483 3030 1714 3085 Christo.
1740 3024 1793 3085 Si
1818 3047 1943 3101 ergo
1974 3032 2021 3099 α
2052 3028 2162 3073 mai
2210 3018 2493 3072 Aidtlcens
2532 3032 2665 3088 ergo
2705 3031 2849 3081 eum,
2882 3025 3051 3085 sporta
3076 3025 3132 3070 et
3162 3017 3416 3073 chartam
3449 3030 3636 3076 well.

377 3125 514 3194 apud
539 3123 809 3177 Christum
837 3122 1067 3189 aequales
1093 3134 1298 3187 sumus,
1330 3131 1382 3175 et
1408 3120 1474 3174 ad
1506 3116 1731 3174 invicem
1760 3135 1942 3188 aequa-

286 3208 295 3211 ’
376 3219 453 3273 les
519 3214 834 3272 efﬁciamur.
915 3211 1123 3266 Etenim
1192 3210 1437 3266 Christus
1507 3211 1732 3263 formam
1803 3209 1942 3264 servi

376 3304 694 3374 assumpsit,
750 3305 950 3359 docens
1006 3317 1104 3357 nos
1146 3316 1248 3356 non
1298 3300 1572 3369 superbire
1621 3312 1802 3354 contra
1831 3316 1943 3355 scr-

374 3413 471 3455 vos
524 3405 750 3452 nostros.
812 3395 960 3451 Unus
1008 3393 1148 3448 enim
1180 3401 1261 3448 est
1303 3393 1556 3448 Dominus
1604 3391 1861 3459 omnium,
1892 3395 1944 3450 in

376 3494 532 3548 caelis
566 3492 843 3555 habitans,
878 3500 935 3545 et
962 3488 1192 3544 humilia
1225 3488 1528 3556 respiciens
1572 3485 1739 3556 (Psal.
1779 3486 1948 3560 exn);

376 3597 486 3637 non
525 3581 665 3636 dixit
700 3580 985 3645 sublimia,
1036 3578 1134 3633 sed
1182 3578 1432 3631 humilia.
1476 3574 1754 3641 Quantum
1805 3580 1954 3634 enim

373 3683 559 3724 aurum
590 3667 858 3736 dedimus,
888 3676 949 3720 ut
977 3665 1375 3719 ltonoriiicatum
1418 3673 1472 3717 et
1504 3676 1736 3732 emptum
1763 3667 1945 3719 nobis-

373 3773 494 3812 cum
521 3772 645 3811 eum
682 3758 938 3827 sanguine
975 3753 1154 3808 divino
1185 3764 1236 3807 et
1263 3742 1535 3808 Dominico
1556 3794 1569 3819 ,
1603 3756 1755 3809 nobis
1779 3757 1946 3809 servi-

372 3849 474 3901 tuti
505 3846 874 3915 subjiciamus?
920 3843 1144 3912 Propter
1165 3857 1285 3898 eum
1324 3843 1539 3911 cmlum,
1565 3858 1780 3915 pr0pter
1821 3834 1942 3901 eum

363 3952 533 4005 terra,
557 3946 775 4011 promer
801 3956 923 3996 cum
958 3940 1145 4007 stellae,
1194 3948 1409 4009 propter
1434 3955 1554 3995 eum
1586 3940 1662 4007 sol
1689 3982 1702 4005 ,
1732 3954 1944 4010 pr0pter

370 4040 492 4086 cum
541 4046 687 4087 mare
711 4039 766 4087 et
793 4045 910 4102 quae
938 4030 992 4085 in
1021 4046 1087 4087 eo
1104 4039 1245 4086 sunt.
1268 4030 1552 4086 Estautem
1582 4046 1787 4097 verum,
1818 4033 1943 4101 quia

372 4132 426 4177 et
469 4123 643 4192 angeli
670 4122 723 4178 ei
756 4123 1082 4189 ministrant,
1112 4130 1330 4192 prepter
1349 4138 1468 4177 eum
1517 4122 1758 4177 Christus
1782 4123 1943 4193 pedes

360 4233 649 4274 amorum
715 4218 868 4279 lavit.
938 4228 1159 4287 propter
1206 4233 1327 4272 eum
1375 4220 1659 4275 cruciﬁxus
1715 4231 1833 4287 est,
1887 4231 1941 4277 et

367 4318 563 4365 eam
580 4310 759 4363 omnia
790 4317 1007 4377 propter
1024 4323 1156 4362 eum~
1176 4322 1361 4377 passus
1377 4319 1479 4365 est.
1509 4311 1588 4365 Tu
1609 4320 1785 4366 autem
1818 4326 1939 4367 cum

2051 3113 2179 3168 Cum
2212 3122 2338 3166 vero
2364 3112 2753 3180 pervenissent,
2785 3110 2905 3165 tulit
2927 3125 3053 3165 eum
3076 3121 3300 3167 secreto
3330 3115 3632 3182 illejustls.

2050 3211 2106 3258 et
2128 3204 2292 3271 erepit
2319 3202 2619 3257 deoscuiari
2646 3216 2791 3266 eum,
2818 3211 2875 3258 et
2900 3202 3083 3256 dicere
3104 3218 3122 3254 :
3153 3203 3306 3259 Bene
3328 3208 3484 3259 venit
3504 3206 3635 3260 ﬁlias

2049 3294 2355 3349 consobrini
2389 3295 2516 3348 mei.
2549 3291 2751 3348 Ditavit
2774 3292 2942 3364 igtur
2966 3306 3111 3361 eum,
3140 3303 3200 3349 et
3223 3297 3387 3349 uxori
3419 3297 3636 3350 tradidit

2048 3386 2105 3440 in
2136 3384 2459 3439 Alexandria
2480 3426 2496 3448 ,
2526 3392 2583 3439 et
2607 3384 2822 3438 doctum
2854 3393 2909 3438 et
2935 3385 3114 3439 omnia
3145 3385 3348 3451 quibus
3376 3379 3517 3454 ᾴιιι
3544 3388 3633 3439 ha-

2050 3474 2163 3529 buit
2184 3473 2398 3530 donauit
2428 3476 2480 3528 ei
2501 3515 2515 3537 ,
2547 3472 2919 3529 demonstrare
2946 3472 3208 3528 festinans
3231 3477 3505 3543 quatiam
3534 3491 3632 3531 aut:

2049 3565 2389 3635 derelinquet
2437 3566 2695 3621 Dominus
2740 3556 3020 3636 sperantes
3058 3569 3119 3620 in
3148 3581 3219 3621 se
3275 3565 3513 3639 (Iudith.
3540 3566 3633 3631 vri.

2120 3676 2246 3731 Car.
2281 3670 2519 3731 XXXIV.
2551 3675 3081 3747 «lmprmtermisse
3130 3687 3313 3732 autem
3370 3682 3426 3732 et
3486 3679 3633 3746 hujus

2049 3758 2282 3821 mandati
2315 3776 2497 3821 curam
2524 3764 2707 3820 habuit
2728 3762 2819 3820 hic
2847 3764 3198 3831 admirabilis,
3226 3767 3407 3838 legem
3434 3780 3633 3837 penetro

2052 3855 2118 3912 lis
2145 3873 2157 3910 :
2184 3856 2392 3912 Veienti
2413 3868 2656 3911 mutuare
2679 3868 2719 3911 a‘
2734 3868 2787 3911 te
2808 3872 2877 3911 ne
2897 3862 3106 3911 avertas
3129 3856 3426 3926 aliquando
3454 3859 3631 3929 (Dat.

2050 3965 2150 4015 xv;
2182 3944 2308 4002 Lu'c.
2352 3947 2454 4018 vt),
2486 3962 2594 4002 non
2640 3946 2914 4016 prohibuit
2943 3946 3175 4014 aliquem
3223 3948 3542 4014 huiusmodi
3568 3948 3633 4001 ab

2047 4052 2113 4092 eo
2141 4036 2446 4104 suffragium
2477 4038 2854 4107 postulantem.
2890 4036 3040 4092 Unde
3071 4037 3172 4091 hoc
3202 4037 3383 4092 sciens
3412 4039 3632 4108 quidam

2048 4127 2306 4196 malignus
2324 4128 2384 4180 vel.
2408 4126 2862 4196 impostor,‘petiit
2889 4125 2957 4179 ab
2984 4139 3049 4181 eo
3078 4135 3134 4180 ut
3161 4125 3264 4180 sibi
3296 4137 3521 4182 mutuas
3543 4129 3633 4183 da.

2049 4225 2131 4272 ret
2159 4216 2340 4286 viginti
2384 4216 2550 4271 libras
2576 4218 2712 4270 auri.
2748 4216 2876 4270 Erat
2903 4226 3080 4272 autem
3110 4218 3181 4272 d'e
3208 4217 3295 4273 his
3325 4219 3415 4288 qui
3444 4223 3633 4274 ὥσπερ

2047 4317 2139 4361 tur
2155 4306 2482 4361 Gailo‘dromi
2503 4304 2641 4377 (74).
2658 4307 3021 4363 Cbntemneus
3037 4323 3163 4377 ergo
3186 4321 3434 4364 sanctum
3458 4327 3629 4381 quem

368 4400 461 4468 qui
484 4399 653 4456 abeo
678 4400 969 4454 honoratur
992 4398 1314 4466 inhonorae,
1342 4409 1401 4456 et
1416 4402 1567 4471 quasi
1590 4406 1691 4458 rion
1715 4406 1789 4459 sis
1810 4404 1943 4473 eius-
1971 4400 2024 4463 D
2048 4401 2332 4455 admodum
2364 4404 2417 4455 et
2464 4400 2595 4455 alios
2624 4401 2837 4466 multos,
2880 4399 3092 4455 dicebat
3117 4419 3131 4453 :
3156 4403 3293 4468 Quia
3325 4403 3465 4457 nihzl
3499 4404 3627 4458 mihi

368 4489 491 4544 dem
520 4496 742 4554 natura,
768 4502 871 4542 non
895 4501 1117 4555 tumens
1132 4487 1297 4547 feris?
1319 4491 1410 4544 Dic
1430 4531 1446 4555 ,
1474 4492 1728 4557 obsecro,
1752 4495 1937 4561 velles,

2048 4490 2213 4545 dedit.
2255 4489 2592 4563 Quaesierunt
2617 4488 2797 4559 itaque
2827 4489 3082 4546 Ecclesia:
3111 4504 3361 4559 pastores
3388 4504 3451 4549 et
3481 4495 3625 4549 ordi-

365 4580 579 4648 quoties
592 4578 818 4647 cuipam
849 4578 1108 4647 admittis,
1138 4587 1198 4633 ut
1220 4593 1340 4633 mox
1368 4580 1619 4634 redderet
1638 4582 1736 4635 tibi
1767 4583 1939 4638 Deus?
2049 4591 2264 4635 natores
2289 4590 2348 4634 ut
2374 4581 2426 4632 in
2456 4580 2735 4634 carcerem
2756 4580 2900 4659 hunc
2930 4582 3234 4647 mitterent,
3286 4593 3344 4638 et
3373 4587 3619 4653 puhh'ca-

364 4669 879 4740 Ncquaquam.'«Die,
931 4670 1197 4739 quomodo
1238 4682 1362 4723 om
1406 4670 1663 4738 quotidie,
1710 4674 1937 4729 dicens:
2020 4681 2170 4726 .rcnt
2212 4672 2329 4740 ejus
2358 4671 2729 4726 substantiam.
2763 4672 2833 4726 At
2859 4672 3094 4727 imitator
3121 4674 3377 4743 dicentis,
3436 4677 3625 4731 Estote

372 4762 589 4817 Dimitte
614 4761 770 4816 nobis
796 4762 981 4816 debita
1008 4770 1209 4827 nostra,
1232 4760 1374 4815 sicut
1402 4772 1469 4815 et
1496 4777 1599 4817 nos
1626 4762 1941 4820 dimittimus
2049 4759 2441 4828 misericordes,
2497 4760 2639 4816 sicut
2664 4764 2717 4817 et
2760 4763 2919 4819 Pater
2967 4768 3143 4819 vester
3182 4766 3504 4823 misericors
3549 4778 3627 4824 est

368 4856 700 4913 debitoribus
727 4856 925 4910 nostris
951 4854 1166 4926 (lauit.
1188 4855 1301 4923 vr)?
1344 4854 1441 4909 His
1472 4864 1527 4909 et
1555 4857 1635 4910 his
1674 4852 1937 4913 siuiilibuit
2047 4851 2226 4918 (Luca:
2248 4851 2343 4921 va).
2376 4850 2466 4920 qui
2492 4853 2661 4906 Solem
2692 4868 2846 4908 suum
2869 4856 3000 4909 oriri
3028 4856 3152 4911 facit
3176 4872 3341 4927 super
3366 4859 3548 4914 bonos
3576 4870 3627 4917 et

368 4948 545 5001 verbis
595 4946 664 5001 de
713 4941 1065 5001 habitantem
1109 4959 1170 5000 se
1218 4946 1469 4999 thesauro
1519 4962 1746 5002 mouens
1793 4950 1935 5003 hunc
2042 4947 2233 5009 malos,
2260 4956 2315 4999 et
2343 4942 2474 5013 pluit
2501 4954 2664 5014 super
2684 4945 2857 5016 justus
2886 4956 2941 5003 et
2983 4947 3230 5017 iniustos,
3279 4965 3623 5022 nequaquam

364 5037 637 5102 absolvit;
667 5045 724 5091 et
752 5037 849 5090 nisi
895 5034 1173 5088 didicisset
1199 5035 1356 5087 istum
1394 5037 1761 5102 emendatum,
1796 5052 1933 5103 prm-
2042 5038 2146 5091 illis
2173 5037 2465 5101 consensit,
2499 5046 2698 5091 uteum
2725 5038 3045 5111 aiiligerent.
3080 5042 3173 5095 His
3196 5052 3371 5097 autem
3391 5046 3624 5101 mbae-

367 5128 650 5197 panbatet
672 5127 963 5182 instruebat
986 5134 1201 5180 servam
1225 5126 1480 5182 afﬂictum
1504 5168 1521 5193 ,
1555 5138 1614 5184 ut
1640 5131 1814 5200 fugam
1847 5147 1931 5184 ar-
2036 5128 2182 5183 tibus
2206 5136 2392 5183 contra
2422 5141 2565 5191 eum,
2596 5136 2778 5197 utpote
2804 5133 2893 5197 qui
2925 5130 3243 5199 patriarcha
3269 5133 3542 5203 illuserat,
3573 5147 3626 5193 et

350 5219 586 5286 Tim,
618 5230 670 5275 et
697 5219 1054 5272 venditionem
1086 5225 1326 5284 peteret;
1356 5227 1411 5273 et
1452 5221 1596 5275 hunc
1622 5235 1934 5290 comparans
2038 5218 2340 5274 dicentibus
2362 5218 2429 5273 ad
2455 5219 2699 5274 eumdem
2721 5229 2966 5275 sanetum
2990 5239 3002 5273 :
3025 5220 3140 5274 Non
3161 5223 3371 5291 justum
3394 5237 3511 5293 est,
3542 5229 3627 5279 de-

359 5307 762 5380 juatus,,atati‘m
795 5306 1015 5359 liberum
1044 5307 1329 5361 statuebat.
2040 5311 2206 5373 tuine,
2239 5319 2296 5363 ut
2326 5309 2467 5377 quod
2497 5317 2763 5378 pauperes
2799 5313 3122 5378 acciperent,
3166 5310 3255 5369 hic
3310 5315 3625 5374 luxuriosas

438 5400 571 5455 ου.
600 5398 838 5453 XXXIII.
864 5424 934 5437 —-
956 5399 1192 5454 Audiens
1219 5400 1502 5469 aliquando
1530 5402 1804 5471 cujusdam
1833 5403 1939 5458 ele-
2034 5394 2290 5472 accipiat,
2340 5401 2621 5470 respondit
2647 5411 2870 5456 econtra
2900 5403 2988 5458 ille
3012 5412 3097 5457 ter
3127 5404 3341 5473 beatus,
3387 5410 3617 5468 dit-ens:

354 5490 757 5564 umynatoris
782 5500 1004 5554 puerum
1033 5489 1333 5558 orphanum
1364 5490 1673 5547 derelictum
1696 5532 1712 5557 ,
1743 5506 1935 5560 paren-
2040 5493 2275 5558 Credite,
2318 5491 2534 5560 fratres,
2578 5493 2700 5563 quia
2741 5496 2786 5549 si
2814 5503 2963 5549 extra
2990 5496 3318 5553 voltmtatem
3344 5503 3616 5572 δεόμεθ-

358 5576 511 5633 aibas
534 5578 648 5633 suis
676 5577 1045 5649 morientibus,
1072 5589 1129 5638 et
1159 5583 1210 5638 in
1257 5583 1425 5638 inuita
1456 5593 1772 5653 paupertate
1798 5597 1934 5642 οσα-
2042 5585 2113 5642 tis
2140 5583 2338 5655 aliquid
2362 5585 2430 5641 ab
2457 5599 2541 5652 eo.
2575 5585 2684 5643 duo
2712 5586 2956 5642 mandata
2996 5590 3538 5659 tranSgrederetnini,
3562 5606 3613 5651 ct
