3736 6308
41 216 187 276 16ιό

982 242 1141 302 Vl'l‘A
1178 247 1427 305 SANCTI
1466 249 1749 308 JOANNIS
1786 253 2361 319 ELEEMOSYNARH.

3140 270 3277 329 1ύῖῐῖ

41 362 205 404 mum
271 350 631 421 adimpiebiu's
684 356 896 425 quando
966 367 1019 412 rt
1064 360 1130 414 ad
1178 374 1441 430 muneres
1489 365 1610 445 data
1638 362 1685 422 Α
1717 368 2190 442 rnm,dicebntque
2223 388 2287 430 se
2306 376 2681 431 deutonstrans
2708 379 2857 445 quasi
2885 379 3282 440 interasilem

42 438 198 495 neris
293 441 666 515 hujuscemodi
750 454 1046 521 Quantitas.
1152 453 1324 508 Unum
1366 436 1608 535 quidem,

41 529 154 597 [uita
203 534 542 601 apparebitis
572 538 908 605 impatientes
934 544 1072 597 eirea
1102 544 1377 610 damnum,
1407 529 1460 601 et
1494 548 1609 602 eiii-

41 623 251 680 :iemini
283 625 404 680 aliis
444 625 613 683 forma
646 631 823 694 mala;
853 633 1075 688 alterum
1104 640 1304 701 autem,
1356 640 1607 708 quoniam

41 732 133 772 ton
163 718 483 774 obedimtes
509 722 662 780 eritis
710 720 939 776 Domino
983 723 1112 792 Deo,
1166 727 1361 783 dicenti
1389 746 1403 782 :
1435 730 1515 785 Ab
1544 744 1611 788 eo

41 811 113 879 [ui
144 811 433 866 abstulerit
464 818 550 866 tua
578 824 645 868 ne
675 823 883 887 repetas
910 815 1059 886 (Lac.
1090 817 1188 887 vt).
1214 819 1438 890 Expedit
1457 836 1607 892 ergo,

41 915 55 951 ι
102 899 225 966 llt‘i,
256 910 315 955 ut
359 900 656 956 efﬁciamur
680 905 928 959 omnibus
970 909 1272 976 exemplum
1305 911 1597 977 patientiae.

41 990 248 1044 Etenim
297 993 582 1058 Apustoius
613 993 741 1048 dicit
772 1011 786 1049 :
818 997 993 1062 Quare
1022 1008 1129 1053 nun
1157 1002 1323 1071 magis
1354 1001 1603 1072 iniuriam

42 1080 347 1135 .ustinetisi
375 1097 538 1150 quare
558 1099 668 1138 non
690 1088 858 1154 magis
879 1086 1119 1145 fraudem
1146 1092 1386 1160 patimini
1416 1094 1459 1164 (1
1483 1096 1599 1150 Cor.

41 1170 153 1240 νὴῖ
193 1164 261 1225 Et
308 1172 503 1227 bonum
548 1182 630 1229 est
657 1176 870 1246 quidem
911 1182 1190 1247 veraciter,
1222 1183 1430 1249 fratres,
1459 1187 1603 1241 omni

41 1260 236 1315 tetenti
268 1262 414 1329 dare,
441 1265 704 1321 excelsius
730 1277 909 1324 autem
939 1279 994 1325 et
1024 1269 1388 1330 honorabiitus
1417 1284 1472 1331 et
1499 1290 1605 1331 non

41 1352 230 1405 retenti
256 1366 271 1417 ;
301 1353 349 1407 ei
379 1358 552 1408 autem
575 1357 666 1425 qui
691 1357 865 1414 aufert
886 1362 1260 1418 vestimentum
1281 1364 1394 1420 sine
1416 1368 1603 1420 Volun-

44 1450 133 1493 nte
174 1455 203 1491 a
237 1443 394 1497 nobis
423 1444 549 1500 dare
575 1456 629 1500 et
659 1447 912 1514 tunicam,
940 1450 1196 1520 angelica
1228 1466 1357 1510 vere
1399 1450 1605 1512 natura

42 1530 294 1595 imitatio,
328 1532 436 1587 imo
461 1534 654 1591 divinae
678 1545 782 1592 est.
814 1539 889 1593 Ex
916 1539 1000 1594 bis
1024 1542 1166 1597 enim
1197 1556 1316 1613 quae
1345 1544 1601 1603 habemus

41 1619 285 1677 )ominns
320 1625 570 1694 praecepit
596 1626 915 1686 benefacere
946 1633 1196 1699 proxime
1219 1653 1235 1688 :
1261 1635 1486 1706 Bonum,
1518 1638 1599 1692 in-

1713 473 1819 514 non
1848 462 2131 518 obaudiatn
2160 466 2330 533 vobis,
2360 467 2433 522 ite
2458 482 2487 522 a
2514 483 2620 525 me.
2664 469 2821 525 Minio
2849 470 2979 525 nihil
3005 472 3150 528 aliud
3194 474 3280 529 fa-

1711 548 1868 615 ciam,
1898 558 1958 604 ut
1978 566 2074 607 vos
2099 566 2205 608 non
2235 557 2688 625 seandaliaemini,
2720 560 2825 613 nisi
2863 562 3114 630 accipiam
3158 578 3279 620 mu-

1712 638 1922 703 lierem,
1964 651 2241 709 quatenus.
2268 659 2449 699 curam
2492 647 2717 703 habeam
2761 650 2972 716 domus,
3003 652 3274 707 etfaciam

1708 729 1878 785 malos
1900 730 2038 786 dies.
2084 732 2182 799 Qui
2223 736 2337 789 vult
2371 735 2737 805 scandaiizari,
2782 740 3194 809 scandalizatur,
3223 754 3276 799 et

1706 819 1796 873 det
1823 819 2048 878 irontem
2081 825 2143 879 in-
2183 827 2453 892 parietem.
2498 828 2636 897 Quid
2684 828 2848 886 vultis
2876 845 2945 886 ex
2973 847 3061 886 me
3082 832 3107 885 τ
3130 832 3274 888 Nune

1705 910 1832 979 quid
1862 912 2069 981 judices
2103 918 2377 973 constituti
2403 920 2530 983 estis
2555 936 2714 990 super
2738 936 2823 975 me
2848 936 2879 975 a
2911 921 3053 976 Deo?
3081 924 3175 991 ite,
3202 923 3271 977 de

1706 999 1857 1055 vobis
1885 1016 2064 1057 curam
2100 1004 2365 1069 habetote,
2395 1021 2489 1061 vos
2515 1021 2613 1075 pro
2640 1023 2728 1062 me
2762 1008 2873 1064 Deo
2903 1023 3008 1064 non
3038 1009 3272 1065 reddens

1706 1089 1984 1144 rationem.
2026 1090 2171 1148 Unus
2194 1104 2279 1149 est
2302 1095 2483 1162 iudex,
2515 1106 2569 1159 et
2598 1105 2779 1151 sancta
2810 1097 2926 1153 dies
2947 1097 3151 1166 iudicii,
3178 1098 3269 1167 qui

1703 1179 1923 1248 singulis
1948 1182 2136 1239 reddet
2158 1186 2448 1240 secundum
2476 1200 2639 1257 opera
2666 1203 2874 1243 eorum.
2921 1189 3141 1245 Dicebat
3171 1205 3270 1244 au-

1694 1280 1808 1325 tem
1851 1271 1965 1327 haec
2001 1274 2256 1332 clamans.
2305 1276 2528 1346 Quidam
2568 1292 2696 1347 ergo
2734 1281 2979 1336 ecclesia
3016 1280 3266 1337 defenso-

1703 1374 1843 1425 rum,
1876 1361 1993 1417 huic
2019 1365 2287 1421 muitoties
2311 1368 2587 1423 audientes
2621 1370 2687 1423 ab
2720 1384 2805 1437 eo,
2834 1365 3137 1426 referebant
3173 1385 3267 1440 pa.

1703 1452 1944 1508 triarcluu
1987 1456 2128 1524 quod
2171 1456 2350 1511 ﬁebat.
2382 1457 2523 1513 Deus
2549 1474 2677 1514 vero
2716 1462 2892 1515 sciens
2932 1462 3070 1531 quod
3103 1462 3267 1518 nollet

1703 1542 1789 1598 ille
1829 1553 2044 1599 sanctus
2085 1546 2355 1604 oli‘endere
2402 1549 2645 1606 abbatem
2697 1551 2961 1617 Vitalium,
3002 1552 3266 1608 induravit

1700 1649 1793 1690 cor
1821 1637 1957 1706 ejus,
2003 1653 2070 1693 ne
2106 1640 2349 1696 crederet
2382 1644 2480 1696 eis.
2526 1642 2923 1699 Recordath
2963 1646 3105 1701 enim
3144 1654 3268 1699 ante

41 1715 156 1782 ptit,
191 1714 354 1771 facies
376 1717 523 1773 fratri
551 1729 661 1788 tuo,
682 1720 830 1790 juxta
853 1724 995 1791 quod
1016 1725 1253 1793 possidet
1272 1740 1459 1783 manus
1481 1739 1590 1795 tua,
1627 1733 1672 1791 Β
1700 1728 1975 1781 memmi
2016 1731 2280 1796 eunuchi;
2324 1732 2418 1786 sed
2459 1733 2755 1802 increpavit
2790 1735 3136 1790 vehementer
3171 1750 3266 1791 eas

41 1821 126 1858 ton
159 1820 228 1859 ex
261 1805 344 1860 bis
373 1822 489 1875 quas
514 1822 583 1864 ex
616 1809 711 1865 lite
730 1820 785 1866 et
811 1814 1159 1870 contentione
1186 1823 1241 1871 et
1264 1815 1330 1871 ab
1354 1817 1598 1887 injuriam

41 1910 179 1949 iusso
205 1897 539 1953 auferuntur.
670 1960 673 1965 ,
1312 1908 1317 1917 ’

85 1987 219 2042 Car.
264 1988 484 2045 XXXV.
523 2020 591 2032 -—
630 1992 805 2050 Senex
854 1998 1065 2073 qujdam
1115 2014 1376 2071 magnus,
1444 2004 1597 2073 quasi

50 2094 279 2135 nnorum
312 2083 604 2154 sexaginta,
651 2086 871 2142 audiens
918 2089 1050 2145 tales
1090 2104 1179 2147 res
1223 2093 1380 2161 beati,
1433 2095 1596 2150 voluit

41 2179 226 2225 entare
254 2186 396 2238 cum,
427 2174 472 2228 si
499 2184 679 2243 posset
707 2179 886 2233 verbis
914 2180 1149 2246 suaderi,
1179 2190 1235 2238 et
1271 2185 1335 2238 ad
1364 2185 1591 2240 scanda-

41 2272 128 2312 nm
171 2258 328 2316 facile
360 2263 649 2332 inclinari,
679 2275 733 2321 et
763 2274 820 2322 ut
859 2269 1112 2341 contigit,
1141 2273 1189 2328 si
1214 2276 1593 2332 condemnaret

49 2351 272 2418 liquem.
338 2355 403 2409 Et
448 2356 693 2413 habitans
733 2361 881 2430 prius
924 2363 977 2419 in
1020 2369 1344 2424 monasterio
1383 2366 1590 2428 abbatis

41 2443 291 2498 ieridonis
320 2445 457 2519 (75),
488 2450 615 2503 exiit
645 2448 698 2505 et
724 2452 870 2506 venit
896 2454 1302 2524 Alexandriam;
1349 2468 1404 2515 et
1427 2463 1590 2517 sumit

45 2537 473 2593 onversaiionem
502 2541 807 2598 hominibus
833 2544 1046 2614 quidem
1087 2549 1585 2618 reprehensiini'em,

41 2623 106 2678 ed
138 2624 248 2680 Deo
281 2637 505 2696 gratam,
537 2632 626 2701 qui
664 2633 751 2686 dat
783 2633 865 2706 (ut
900 2635 977 2691 ait
1006 2638 1194 2708 David)
1240 2641 1460 2712 singulis
1502 2657 1586 2699 sc-

44 2717 244 2771 untlum
293 2733 385 2773 cor
431 2736 613 2799 eorum
661 2718 828 2794 (Psal.
874 2727 1010 2798 xtx).
1046 2729 1364 2800 ‘ingrediens
1411 2735 1586 2805 itaque

43 2802 303 2874 ivitatem,
341 2811 523 2866 scribit
548 2827 737 2870 omnes
761 2830 881 2883 qua!
906 2828 1046 2874 notae
1077 2832 1230 2876 erant
1256 2802 1581 2891 meretrices,

46 2906 64 2951 t
94 2898 258 2967 coepit
288 2900 313 2952 lt
335 2900 524 2956 borare
559 2900 847 2974 opuscula,
863 2916 918 2963 et
950 2912 1193 2978 accipere
1225 2928 1320 2982 per
1349 2915 1584 2986 singulos

42 2985 126 3041 ‘ies
154 2988 399 3057 Siliquam
427 3004 603 3046 unam.
628 2994 759 3050 cum
789 3011 918 3067 ergo
947 3002 1286 3060 occumberet
1305 3003 1406 3071 soi,
1438 2985 1584 3066 man-

1701 1814 1791 1880 qui
1819 1825 2003 1871 contra
2029 1817 2274 1875 Vitaiium
2303 1821 2545 1877 abbatem
2576 1824 2962 1881 accusationem
2988 1825 3039 1882 ei
3072 1826 3264 1881 altore-

1698 1906 1844 1974 bant,
1878 1909 2062 1964 dicens
2095 1911 2161 1965 ad
2186 1926 2280 1967 eos
2311 1929 2325 1966 :
2358 1898 2627 1980 Quiescite
2659 1928 2912 1971 accusare
2951 1918 3261 1972 monachos.

1694 2002 1776 2054 An
1817 2002 2033 2055 nescitis
2056 2002 2205 2071 quod
2235 2005 2374 2058 circa
2414 2015 2611 2061 sancta:
2644 2007 2921 2062 memoriae
2956 2007 3264 2062 Constanti-

1695 2106 1819 2145 num
1849 2092 1963 2163 (77)
1990 2094 2362 2163 imperatorem
2407 2105 2583 2151 actum
2620 2097 2807 2165 fuisse,
2838 2098 3263 2167 conseriptiones

1691 2196 1811 2252 quae
1835 2185 1899 2238 de
1928 2196 1993 2240 eo
2028 2185 2276 2254 leguntur
2316 2188 2660 2243 contineant?
2700 2187 2986 2255 Quoniam,
3013 2188 3110 2254 ait,
3140 2187 3262 2256 qui-

1692 2275 1811 2327 dam
1836 2288 1944 2328 non
1983 2275 2230 2331 timentes
2261 2277 2444 2344 Deum,
2476 2292 2598 2332 eum
2637 2279 3001 2334 celebraretur
3025 2276 3258 2334 secunda

1690 2365 1934 2434 Synedus
1962 2366 2014 2421 in
2039 2365 2214 2423 Nicaea
2244 2366 2380 2440 (78),
2422 2375 2701 2438 erepet-unt
2724 2377 2911 2424 contra
2951 2382 3011 2424 se
3037 2367 3168 2425 dare
3206 2369 3260 2423 in

1687 2458 1899 2527 scriptis
1938 2456 2107 2513 famas
2156 2468 2341 2528 turpes
2380 2460 2537 2516 beato
2564 2460 2635 2514 iiii
2680 2460 3010 2529 imperatori,
3040 2460 3256 2531 quidam

1689 2548 1865 2603 clerici
1893 2550 2104 2619 quidem
2135 2551 2451 2618 existentes,
2483 2551 2695 2622 quidam
2725 2552 2993 2617 monachi,
3011 2559 3071 2608 et
3093 2553 3159 2608 ad
3182 2553 3260 2606 ia-

1686 2641 1820 2695 ciem
1846 2641 2113 2697 adducens
2140 2651 2355 2699 sanctus
2375 2643 2468 2699 Dei
2490 2644 2862 2703 Constantinus
2891 2655 3256 2700 accusatorem

1686 2739 1740 2783 et
1765 2740 2091 2797 accusatum,
2121 2741 2401 2801 utrunque
2444 2732 2666 2789 audivit.
2716 2734 2925 2790 Etcum
2968 2734 3259 2790 invenisset

1686 2821 1879 2875 multas
1918 2820 2098 2876 talium
2127 2821 2559 2877 criminationem
2615 2837 2771 2879 veras
2822 2838 2972 2889 esse,
3026 2821 3258 2879 aifeacns

1682 2906 1956 2968 ardentem
1994 2924 2208 2968 cereum
2229 2953 2245 2979 ,
2280 2914 2514 2970 incendit
2532 2929 2721 2971 omnes
2745 2930 2862 2986 qua:
2878 2915 3018 2969 data:
3038 2923 3163 2968 sunt
3202 2914 3256 2969 in

1683 3004 1899 3072 scriptis
1940 3004 2110 3059 malas
2146 3006 2458 3073 opiniones,
2508 3006 2692 3061 dicens
2717 3024 2733 3060 :
2758 3005 2903 3062 Vere
2937 3007 2983 3062 si
3026 3005 3256 3076 propriis

50 3080 239 3135 ucabat
266 3083 418 3137 unius
445 3085 567 3140 terei
600 3085 806 3156 lupinus
830 3088 968 3161 (76),
989 3104 1042 3149 et
1070 3094 1301 3152 intrabat
1328 3099 1394 3153 ad
1423 3114 1581 3157 unam
1610 3074 1657 3151 C
1688 3097 1857 3151 neniis
1885 3094 2133 3150 vidissem
2174 3096 2503 3152 sacerdotem
2528 3096 2644 3166 Dei,
2672 3097 2757 3153 vel
2793 3097 3022 3167 aliquem
3050 3111 3254 3171 eorum

42 3171 371 3241 meretricum,
400 3186 453 3230 et
481 3177 641 3233 dabat
672 3179 720 3234 ei
757 3195 924 3237 arens
954 3198 1218 3258 nummos,
1258 3193 1313 3245 et
1341 3188 1578 3248 dicebat:

41 3264 157 3315 tuna
187 3264 313 3318 mihi
342 3275 550 3321 noctem
583 3268 759 3335 istam,
793 3281 847 3326 et
875 3273 979 3326 noli
1012 3273 1283 3335 fornicari.
1312 3280 1378 3334 Et
1403 3298 1584 3339 mane-

42 3363 99 3407 at
125 3354 271 3423 juxta
301 3370 417 3411 eam
456 3370 610 3416 nocte
640 3362 746 3429 illa,
783 3358 1073 3423 observans
1101 3385 1217 3424 eam
1251 3387 1316 3426 ne
1348 3373 1580 3429 fornica-

41 3453 179 3499 etur.
234 3442 420 3502 Stabat
449 3465 572 3521 ergo
614 3465 644 3506 a
671 3458 892 3525 Vespere
931 3456 985 3512 in
1023 3474 1128 3515 uno
1156 3463 1350 3545 angulo
1379 3466 1581 3522 cellulae

41 3532 101 3587 lbi
125 3533 423 3592 dormiebat
464 3540 676 3608 mulier,
722 3547 953 3615 psallens
994 3561 1047 3605 et
1075 3532 1245 3609 orans,
1274 3532 1367 3622 pio
1405 3572 1489 3621 ea,
1530 3552 1584 3614 et

42 3623 227 3680 mittens
252 3628 649 3698 genuﬂexiones
688 3645 851 3706 usque
880 3636 945 3694 ad
985 3656 1265 3711 auroram;
1297 3654 1349 3700 et
1375 3652 1579 3713 exiens,

44 3714 304 3784 rcipiebat
329 3720 545 3777 verbum
579 3723 646 3779 ab
669 3725 754 3780 illa
777 3730 915 3797 quod
942 3732 1069 3788 nulli
1093 3732 1295 3793 diceret
1319 3740 1580 3797 actionem

41 3800 147 3871 jus.
181 3805 253 3859 ita
296 3810 481 3878 agebat
508 3828 739 3883 semper,
769 3833 1044 3891 quousque
1076 3836 1181 3879 un‘a
1209 3839 1389 3882 earum
1414 3831 1583 3885 mani-

41 3898 221 3952 :stavit
260 3900 416 3957 vitam
461 3903 598 3975 ejus,
630 3911 769 3979 quod
819 3927 945 3980 non,
993 3927 1048 3972 ut
1082 3917 1449 3993 fornicaretur,
1500 3922 1583 3981 in-

41 3999 174 4041 rarel
201 3989 266 4044 ad
291 4005 402 4055 eas,
428 3993 521 4049 sed
553 4006 610 4052 ut
635 4000 883 4056 salvaret.
914 4005 1095 4062 Oravit
1124 4021 1308 4078 senex,
1336 4004 1388 4067 et
1417 3989 1581 4082 carpit

41 4076 202 4130 nulier
232 4093 261 4133 a
290 4080 553 4140 daemonio
583 4091 782 4157 vexari,
812 4103 867 4147 ut
896 4109 991 4163 per
1018 4096 1161 4153 illam
1191 4076 1399 4157 caetera!
1427 4076 1579 4161 time-

45 4179 166 4233 cnt,
200 4179 380 4227 etnon
414 4174 812 4237 manifestarent
843 4200 963 4240 eum
1006 4176 1150 4244 ontni
1190 4196 1428 4262 tempere
1459 4198 1581 4251 vita:

42 4256 146 4327 jus.
172 4260 424 4346 Dicebant
450 4284 576 4338 ergo
597 4272 809 4340 quidam
841 4276 890 4329 ci
912 4294 1038 4346 qua:
1068 4296 1095 4333 a
1128 4256 1389 4338 daemonio
1415 4302 1577 4342 vexa-

41 4353 169 4401 tatur
191 4367 205 4406 :
228 4341 360 4416 Quid
389 4355 507 4410 est?
534 4359 788 4417 Reddidit
830 4365 920 4419 tibi
939 4341 1105 4427 Deus.
1134 4373 1382 4439 quoniam
1432 4341 1579 4431 men-

1676 3904 1735 3963 in
1806 3912 2013 3968 semnis
2082 3914 2449 3971 manifestaret
2519 3914 2692 3979 Deus,

1685 3183 1776 3253 qui
1805 3185 2114 3239 monachico
2145 3185 2327 3241 habitu
2354 3186 2738 3243 cireumamicti
2759 3197 2902 3254 sunt,
2922 3197 3251 3258 peccantem,

1684 3273 2019 3345 eltlamydem
2043 3288 2216 3331 meam
2235 3275 2579 3344 explicarem,
2599 3286 2655 3332 et
2671 3278 3000 3348 cooperiretu
3021 3292 3165 3343 eum,
3188 3291 3256 3331 nc

1686 3363 1756 3416 ab
1779 3365 1959 3432 aliquo
1986 3366 2274 3420 videretur.
2307 3366 2440 3421 Nam
2463 3379 2516 3422 et
2538 3367 2591 3421 ie
2616 3380 2829 3422 servum
2852 3367 2947 3422 Dei
2976 3367 3149 3435 illum,
3178 3368 3255 3419 vi-

1684 3455 1875 3508 delicet
1917 3456 2247 3521 eunuchum,
2268 3457 2361 3510 .ita
2381 3461 2622 3522 putastis,
2650 3468 2713 3512 et
2737 3458 2956 3512 misistis
2976 3472 3064 3513 me
3100 3467 3252 3513 extra

1684 3546 1841 3610 viam,
1869 3553 1924 3599 et
1953 3544 2050 3599 feci
2092 3546 2281 3599 anima:
2321 3560 2454 3601 meae
2491 3557 2763 3617 peccatum
2805 3560 3074 3617 magnum.
3111 3550 3254 3606 Con-

1686 3637 1907 3692 fundens
1949 3654 2076 3709 ergo
2114 3654 2208 3695 eos
2248 3642 2491 3705 multum,
2536 3641 2785 3696 absolvit.
2834 3641 3029 3697 Servus
3072 3653 3252 3698 autem

1688 3729 1778 3782 Dei
1808 3728 2030 3784 Vitalius
2058 3744 2087 3784 a
2116 3734 2325 3802 propria
2365 3731 2673 3800 operatione
2698 3747 2806 3786 non
2844 3734 3107 3787 cessabat.
3148 3734 3249 3788 De-

1685 3822 2000 3885 precabatnr
2060 3835 2187 3892 ergo
2231 3829 2288 3875 ut
2330 3823 2644 3890 quibusdam
2695 3831 2816 3893 post
2865 3835 3087 3878 mortem
3134 3824 3252 3893 ejus

2796 3922 2852 3968 ut
2875 3927 2980 3968 non
3026 3915 3250 3983 imputa-

1683 4011 1828 4054 retur
1865 4001 1917 4055 in
1947 4003 2332 4070 peccatumbis
2360 4006 2447 4073 qui
2479 4002 2971 4063 scandaliaahantur
3012 4009 3063 4061 in
3089 4003 3248 4072 eum,

1681 4103 1746 4144 eo
1784 4090 1923 4158 quod
1968 4104 2277 4157 remquam
2322 4094 2511 4161 agebat
2553 4093 2791 4149 dicerent
2837 4096 3088 4151 seandalo
3130 4111 3253 4151 esse

1685 4180 1936 4248 plenam,
1995 4190 2050 4235 et
2101 4194 2202 4236 non
2254 4181 2475 4237 haberet
2527 4183 2684 4238 homo
2728 4186 2930 4256 peccati
2990 4182 3245 4253 judicium

1682 4283 1748 4326 ex
1777 4287 1863 4337 ea,
1886 4272 2136 4342 quidquid
2165 4274 2370 4328 locutus
2399 4274 2599 4329 fuisset.
2636 4275 2835 4330 Multas
2855 4276 3010 4344 igitur
3035 4276 3103 4332 de
3132 4276 3250 4330 tali-

1685 4364 1785 4416 bus
1812 4362 2119 4418 mulieribus
2156 4363 2211 4417 in
2240 4365 2701 4434 compuneu‘onem
2742 4366 2951 4421 induxit
2978 4374 3093 4422 nec
3114 4380 3248 4436 ope-

42 4441 109 4491 ita
141 4454 216 4495 es.
247 4442 313 4498 Ut
340 4444 631 4505 fornicetur
666 4452 804 4507 enim
847 4434 1428 4528 ingreditur:pessimus
1457 4467 1574 4533 iste,
1608 4434 1659 4502 θ
1684 4451 1818 4508 νωῘο
1856 4452 1990 4522 ciust
2033 4461 2086 4508 θι
2128 4454 2365 4509 minime
2403 4457 2615 4525 (Ιηθηάο
2645 4456 2893 4513 Videbam
2929 4472 3052 4513 θηε-
3094 4465 3250 4513 ’θεία

41 4542 68 4585 τι
100 4546 197 4584 non
231 4545 309 4589 est
352 4537 494 4595 aliud
535 4543 755 4611 aliquid.
788 4544 903 4600 Jam
935 4548 1076 4602 enim
1108 4560 1161 4604 et
1189 4566 1402 4610 sanctus
1428 4555 1577 4611 Vita-

41 4626 119 4680 ius
160 4627 280 4698 (hoc
323 4630 518 4697 quippe
566 4646 758 4687 nomen
806 4629 922 4688 erat
961 4637 1034 4708 ei)
1081 4639 1265 4696 volens
1306 4644 1576 4701 hominum

41 4717 227 4785 ;ioriam
257 4715 454 4787 fugere,
486 4726 538 4774 et
565 4720 769 4777 animas
808 4739 836 4777 a
869 4726 1099 4784 tenebris
1129 4746 1402 4804 revocare,
1434 4736 1579 4793 dice-

41 4816 108 4860 tat
135 4808 460 4865 audientibus
501 4813 725 4885 cunctis,
757 4832 875 4871 cum
906 4810 1170 4880 laboraret
1213 4826 1265 4880 in
1292 4836 1478 4897 apere,
1521 4839 1579 4886 et

41 4899 240 4953 .olvcrct
268 4903 511 4971 vesperi:
539 4904 732 4961 Eamus
763 4909 940 4976 modo,
970 4910 1182 4968 domina
1230 4918 1347 4972 talis
1388 4934 1578 4990 exspe-

41 4998 127 5043 ztat
153 5005 258 5047 nos.
291 4990 386 5047 Ubi
423 5008 550 5064 ergo
573 5004 687 5050 erat
712 4998 845 5055 ordo
879 4999 1086 5071 ipsius?
1114 5004 1291 5062 Multis
1319 5021 1446 5076 ergo
1472 5010 1577 5064 cri-

42 5081 330 5137 ninantibus
363 5094 418 5140 et
456 5085 798 5149 illudentibus
825 5091 893 5159 ei,
926 5088 1131 5150 diccbat
1165 5094 1450 5169 :Nunquid
1479 5115 1578 5169 ego

42 5184 126 5225 ton
165 5174 322 5228 vestio
362 5189 553 5246 corpus
604 5186 662 5232 ut
708 5184 936 5243 omnes?
981 5176 1082 5242 Aut
1129 5190 1402 5245 monachis
1448 5190 1577 5249 solis

48 5270 184 5316 ratus
205 5273 283 5318 est
306 5264 479 5319 Densi
509 5266 643 5324 Vere
666 5280 720 5325 et
747 5270 846 5341 ipsi
872 5275 1112 5333 homines
1139 5286 1265 5334 sunt
1289 5276 1345 5336 ut
1371 5298 1573 5340 omnes.

41 5351 232 5410 Dicebat
257 5356 428 5424 itaque
452 5358 501 5413 ei
529 5361 745 5431 quidam
785 5382 797 5417 :
842 5364 1039 5439 Accipe
1068 5369 1161 5426 tibi
1193 5354 1348 5430 unam
1382 5376 1576 5432 mulie-

41 5458 155 5510 rem,
182 5446 326 5515 abba,
353 5458 407 5504 et
435 5461 576 5508 muta
608 5456 980 5515 vestimentum
1024 5471 1191 5530 tuum,
1223 5476 1279 5520 ut
1307 5483 1409 5521 non
1441 5468 1576 5523 blas-

41 5534 288 5632 phemetnr
332 5539 469 5598 Deus
513 5558 607 5612 per
654 5554 745 5609 te.
800 5559 854 5606 et
901 5551 1119 5609 habebis
1160 5556 1412 5626 judicium
1457 5577 1574 5632 quae

41 5626 431 5687 scandalizentur
448 5636 766 5695 animarum.
792 5645 860 5713 At
887 5645 974 5700 ille
997 5649 1344 5717 respondebat
1367 5652 1444 5707 eis
1473 5626 1571 5708 ite-

1681 4543 2052 4598 extendentem
2095 4557 2283 4599 manus
2325 4554 2380 4600 et
2418 4559 2657 4601 orantem
2683 4561 2783 4618 pro
2811 4563 3125 4618 unaquaque
3152 4562 3247 4602 es-

1681 4649 1842 4689 rum:
1876 4647 2086 4706 propter
2130 4639 2270 4708 quod
2314 4641 2554 4709 quaedam
2601 4652 2784 4695 earum
2829 4655 2860 4693 a
2906 4640 3249 4696 fornicatione

1680 4726 1990 4790 cessabant;
2013 4728 2255 4795 quaedam
2283 4742 2413 4781 vero
2436 4729 2765 4795 accipiebant
2794 4728 2958 4792 viros,
2985 4739 3039 4781 et
3062 4727 3252 4796 pudice

1682 4818 2162 4882 convcrsabantur;
2226 4818 2465 4883 quaedam
2508 4831 2636 4869 vero
2684 4826 2741 4871 ct
2782 4817 2956 4872 modis
3002 4817 3246 4873 munibus

1683 4907 1936 4960 mundum
1978 4907 2357 4973 relinquentes,
2407 4906 2729 4977 singularem
2760 4908 2922 4962 vitam
2957 4908 3243 4964 debebant.

1682 5000 1866 5056 Nullus
1897 5008 2071 5054 tamen
2104 4997 2257 5053 scivit
2282 5011 2450 5070 usque
2474 4999 2539 5054 ad
2561 5000 2676 5071 ejus
2698 5001 3076 5057 dormitionem
3102 5003 3242 5072 quod

1679 5091 1849 5162 ipsius
1879 5090 2235 5147 admonitione
2261 5102 2312 5146 et
2343 5094 2581 5148 oratione
2623 5092 2901 5164 impudica:
2928 5094 3249 5149 mulierculae

1680 5193 1709 5234 a
1742 5178 2092 5237 fornicatione
2117 5192 2408 5238 cessarent.
2492 5202 2497 5209 τ

1755 5288 1907 5345 Unde
1927 5290 2153 5360 quodam
2194 5291 2280 5347 die
2311 5302 2542 5349 exeunte
2567 5306 2632 5349 eo
2661 5307 2690 5348 a
2721 5293 2887 5365 prima
2921 5295 3100 5349 talmm
3132 5304 3250 5348 mu-

1684 5377 2151 5446 iierum‘dilucuio,
2192 5381 2370 5437 obviat
2406 5382 2451 5437 ei
2479 5384 2691 5452 quidam
2720 5385 2879 5439 homo
2918 5385 3248 5452 immundus,

1683 5468 1886 5524 intrans
1930 5469 1995 5525 ad
2042 5471 2406 5526 lbrnicandum
2453 5486 2575 5529 cum
2623 5487 2721 5535 ea.
2763 5484 2818 5531 et
2862 5490 2983 5530 cum
3026 5475 3250 5533 vidisset

1680 5573 1920 5617 sanetum
1955 5562 2199 5619 Vitalium
2230 5579 2294 5620 ex
2338 5580 2399 5620 ea
2445 5566 2827 5637 egredientem,
2859 5569 3004 5625 dedit
3042 5568 3093 5625 ei
3139 5569 3249 5624 ala-

1682 5671 1799 5719 nam
1833 5654 1885 5710 in
1921 5652 2131 5724 faciem,
2176 5656 2356 5715 dicens
2401 5656 2465 5714 ad
2489 5672 2606 5713 eum
2637 5674 2650 5712 :
2686 5659 2991 5732 Usquequn,
3019 5660 3250 5729 pessimo
