3736 6308
442 199 584 257 464⁸1

1515 199 1794 258 LEONTII
1835 199 1876 255 N
1889 199 2298 258 EAPOLITANI
2345 200 2654 259 EPISCOPI

3567 207 3663 261 ιως

452 314 646 370 illusor
663 311 887 380 Christi,
918 330 1024 372 non
1047 317 1297 373 emendas
1328 326 1378 373 te
1405 317 1471 372 ab
1499 318 1581 374 his
1609 320 2023 387 nequitiiS‘tttis?
2050 317 2101 377 Δ
2129 315 2289 378 Gaza,
2320 327 2371 371 et
2399 319 2635 387 suscepit
2673 317 2922 375 cellulam
2966 320 3174 375 abbatis
3201 320 3385 377 Vitalii
3411 326 3648 380 «eum:

456 405 556 472 Qui
606 404 741 462 dixit
784 403 850 459 ad
894 420 1014 462 eum
1048 421 1063 460 :
1105 406 1272 462 Crede
1315 409 1481 475 mihi,
1535 409 1763 478 accipies
1809 412 2015 478 alapam

455 509 486 548 a
520 510 606 551 me
627 495 834 558 humili.
870 503 927 551 ut
956 505 1062 552 tota
1085 498 1403 554 Alexandria
1432 502 1706 570 colligatur
1733 502 1798 556 ad
1821 503 2020 556 clamo-

461 603 547 644 res
568 596 707 645 tuos.
737 589 978 646 Nondum
1002 591 1147 646 brevi
1179 601 1414 661 tempore
1455 603 1742 661 transacto,
1767 595 2018 650 dormivit

461 691 581 733 cum
624 695 751 748 pace
793 681 844 735 in
886 682 1073 736 cellula
1115 693 1467 739 suasanctus
1503 685 1743 751 Vitalius,
1803 689 2017 740 nemine

460 767 661 822 sciente
687 769 921 825 omnino.
953 770 1188 827 Habebat
1221 773 1360 828 enim
1388 775 1539 828 valde
1568 775 1812 844 pusillam
1842 775 2018 829 .ccllu-

463 858 587 922 tam,
616 873 773 926 super
806 859 977 914 locum
1003 863 1089 930 qui
1126 863 1317 917 dicitur
1345 864 1500 920 Porta
1543 864 1669 920 solis
1697 864 1833 934 (79).
1867 865 2016 922 Unde

459 955 516 1001 et
543 947 870 1016 plerumque,
903 965 1022 1004 cum
1050 952 1268 1007 collecta
1297 954 1656 1010 celebraretur
1679 955 1826 1023 juxta
1855 957 2018 1010 cellu-

461 1036 566 1092 lam
593 1039 708 1107 ejus
743 1039 794 1094 in
823 1043 1045 1096 ecclesia
1087 1044 1264 1099 Hetrte
1291 1045 1423 1117 (80),
1468 1047 1840 1102 convenientes
1868 1064 2014 1118 quae-

460 1131 583 1186 dam
621 1133 1047 1190 muliercularum
1081 1137 1284 1198 harum,
1315 1138 1379 1190 ad
1417 1140 1696 1194 alterutras
1737 1141 2014 1194 dicebant:

459 1224 674 1294 Eamus,
705 1241 907 1294 eamus,
927 1228 1126 1281 iterum
1167 1229 1327 1282 abbas
1354 1229 1572 1282 Vitalins
1600 1231 1873 1284 collectam
1918 1231 2016 1284 ha-

459 1316 565 1370 bet.
593 1315 658 1369 Et
675 1318 1008 1371 venientibus
1035 1318 1130 1405 eis)
1156 1318 1372 1372 curabat
1395 1334 1503 1372 eas.
1538 1320 1697 1386 igitur
1723 1319 2016 1374 dormiente

456 1421 542 1469 eo,
580 1415 636 1460 ut
678 1408 984 1475 praedictum
1027 1416 1129 1472 est,
1171 1408 1222 1460 in
1269 1409 1478 1476 propria
1523 1409 1728 1469 cellula,
1778 1415 1833 1461 et
1873 1407 2016 1462 nullo

457 1498 676 1562 sciente,
710 1513 826 1552 mor
865 1497 1079 1566 quidam
1131 1499 1336 1551 daemon
1376 1506 1624 1566 tanquam
1649 1498 1895 1566 Ethiops
1923 1498 2014 1552 de-

455 1585 658 1652 formis,
691 1594 828 1639 astat
867 1587 915 1641 ei
952 1587 1040 1655 qui
1081 1587 1298 1642 dederat
1332 1589 1538 1654 alapam
1575 1588 1752 1642 abbati
1793 1587 2008 1656 Vitalio,

2122 406 2302 473 ﬁdem,
2343 417 2394 461 et
2439 408 2492 462 in
2532 422 2595 462 ea
2625 412 2912 478 permansit
2952 425 3120 480 usque
3147 413 3213 466 ad
3255 423 3484 468 mortem
3521 430 3647 469 suae.

2121 497 2185 550 Et
2207 499 2572 554 sanctissimus
2605 501 2903 568 patriarcha
2952 502 3143 555 multas
3187 505 3399 570 gratias
3433 507 3648 575 egitllee,

2117 587 2236 654 quia
2269 604 2371 642 non
2401 590 2639 656 permisit
2675 605 2796 645 eum
2827 606 3050 658 peccare
3079 593 3135 646 in
3166 608 3394 648 ser-vn
3435 610 3570 650 su
3593 599 3648 650 Ti-

2118 678 2319 732 talium.
2363 679 2511 734 Multi
2549 690 2722 735 autem
2768 683 2989 736 multum
3011 698 3075 737 ex
3111 692 3244 739 tunc
3288 685 3348 738 in
3384 686 3646 742 Alexandria

2117 773 2427 840 proluerunt
2463 773 2583 838 sibi,
2617 783 2671 828 et
2710 774 2937 844 hospitio
2981 777 3325 844 recipiebant
3375 783 3643 834 monachos:

2116 871 2173 918 et
2196 864 2550 919 mouebantur
2592 874 2772 919 utnon
2796 866 3254 921 cendeumaretur
3293 868 3488 938 aliquis
3526 873 3650 927 absis

2117 956 2252 1009 sicut
2279 965 2548 1010 evenerat.
2573 957 2719 1012 Fecit
2745 966 2920 1012 autem
2949 967 2999 1013 et
3029 958 3301 1013 sanitates
3330 971 3452 1027 post
3478 975 3646 1015 Ilertes

2118 1043 2431 1098 honorabile
2481 1059 2672 1098 nomen
2721 1047 2888 1100 sancti
2933 1045 3119 1099 Vitalii
3166 1062 3273 1114 per
3323 1049 3544 1101 divinam
3573 1067 3648 1116 gis

2118 1137 2240 1190 tiam
2271 1153 2284 1190 :
2313 1137 2464 1204 cujus
2494 1136 2818 1191 orationibus
2865 1137 2954 1191 det
3001 1137 3155 1190 nobis
3189 1136 3467 1192 Βοωίηιδ
3510 1140 3643 1193 hoca-

2114 1227 2607 1292 conversationem,
2649 1236 2702 1280 et
2745 1227 3166 1281 misericordiam
3211 1228 3271 1280 in
3319 1228 3450 1295 die,
3493 1234 3644 1298 qualis

2115 1318 2478 1374 manilestabit
2523 1319 2830 1373 abscondita
2885 1319 3192 1386 hominum,
3245 1329 3310 1374 et
3354 1322 3495 1375 nuda
3536 1323 3644 1377 faciat

2115 1409 2332 1463 consilia
2356 1409 2596 1462 cordium
2619 1407 2675 1479 (Ι
2695 1407 2815 1463 Cor.
2846 1407 2942 1475 iv).

2184 1498 2311 1552 Car.
2355 1496 2590 1552 XXXVI.
2624 1528 2692 1538 —
2724 1498 3042 1567 Praecipiens
3089 1497 3400 1566 aliquando
3436 1497 3544 1550 dari
3576 1499 3649 1549 cui-

2115 1590 2236 1644 dam
2289 1591 2482 1658 petenti
2531 1590 2947 1660 elecmosynam,
2997 1589 3188 1643 decem
3236 1603 3492 1643 nummos
3527 1603 3650 1641 treus

453 1688 506 1731 et
535 1675 625 1730 dat
657 1677 704 1731 ei
730 1678 958 1745 alapam,
985 1678 1164 1732 dicens
1193 1695 1206 1730 :
1247 1679 1466 1746 Suscipe
1493 1679 1698 1744 alapam
1730 1693 1885 1745 quam
1917 1680 2013 1732 mi-
2043 1672 2089 1729 B
2117 1694 2336 1748 tantum,
2370 1683 2616 1738 convicia
2644 1685 2712 1737 ab
2749 1699 2813 1736 eo
2850 1683 3150 1750 patiebatur
3192 1681 3256 1735 in
3292 1681 3431 1734 facie
3456 1682 3650 1734 stus-iter

453 1769 518 1821 sit
558 1769 650 1822 tibi
679 1769 843 1822 abbas
875 1767 1117 1822 Vitalius.
1153 1769 1218 1822 Et
1245 1769 1469 1834 cadens,
1498 1771 1675 1823 statim
1707 1771 1866 1835 cmpit
1891 1785 2014 1836 spu-

456 1874 619 1914 mare.
663 1859 993 1929 Congregata
1023 1869 1104 1914 est
1139 1860 1319 1928 igitur,
1363 1862 1653 1916 secundum
1682 1862 2012 1931 prophetiam

454 1947 661 2014 Vi—talii,
706 1964 842 2018 pene
887 1959 995 2004 tota
1040 1950 1359 2005 Alexandria
1414 1952 1466 2006 in
1505 1952 1810 2006 violentiam
1853 1968 2008 2022 quam

451 2037 752 2105 patiebatur
775 2055 803 2092 a
835 2039 1076 2095 «Immone
1099 2056 1113 2101 ;
1145 2050 1199 2094 et
1224 2039 1452 2096 maxime
1474 2042 1596 2110 quia
1616 2044 1846 2096 sonitum
1873 2043 2010 2097 data:

453 2128 504 2184 ei
532 2131 698 2199 alapa:
737 2131 1020 2186 audierunt
1047 2132 1258 2200 quidam
1281 2173 1294 2196 ,
1328 2133 1474 2200 quasi
1512 2131 1577 2185 ad
1621 2133 1776 2186 unius
1816 2132 2010 2201 jactutn

455 2219 677 2285 sagittis.
712 2217 837 2273 Post
863 2219 1159 2289 aliquantas
1189 2235 1313 2275 vero
1360 2217 1519 2273 horas
1563 2221 1615 2274 in
1656 2229 1882 2275 mentem
1932 2237 2014 2275 re-

453 2311 603 2364 diens
652 2312 693 2364 is
737 2311 826 2381 qui
868 2314 1184 2381 patiebatur,
1226 2312 1383 2369 scidit
1428 2315 1736 2368 vestimenta
1786 2316 2013 2382 pectoris

451 2401 561 2463 sui,
612 2409 668 2454 et
710 2401 943 2456 cucurrit
984 2402 1047 2456 ad
1097 2403 1339 2457 cellulam
1365 2443 1379 2467 ,
1420 2403 1659 2458 clamans
1699 2413 1753 2458 et
1790 2404 2009 2459 dicens:

447 2491 670 2562 Culpam
715 2492 815 2548 Ieci
865 2493 980 2561 tibi,
1027 2507 1179 2548 serve
1225 2493 1317 2547 Dei
1364 2493 1540 2561 Vitali,
1589 2495 1840 2550 miserere
1885 2495 2008 2549 mei.

451 2583 810 2642 Cucurrerunt
847 2601 974 2640 vero
1011 2601 1132 2642 cum
1193 2602 1260 2643 eo
1307 2601 1495 2642 omnes
1540 2587 1834 2642 audientes.
1879 2586 2010 2641 Cum

449 2675 775 2742 pervenisset
803 2677 882 2730 «ad
914 2677 1157 2732 cellulam
1191 2679 1380 2743 sancti,
1426 2677 1553 2735 exiit
1597 2678 1786 2730 iterum
1814 2676 2011 2731 daemo-

451 2767 628 2833 nium,
664 2766 872 2836 jactans
909 2783 1027 2822 eum
1061 2769 1304 2824 omnibus
1341 2768 1738 2837 aspicientibus.
1781 2767 1848 2822 Et
1889 2783 2008 2823 cum

449 2858 849 2928 lngrederentur
893 2860 1033 2914 intro
1069 2859 1120 2914 hi
1159 2862 1247 2928 qui
1290 2876 1410 2914 cum
1440 2876 1505 2914 eo
1533 2865 1900 2928 cucurrerunt,
1932 2861 2010 2914 in-

449 2959 707 3005 venerunt
733 2961 973 3005 sanctum
1003 2959 1229 3005 stantem
1257 2951 1308 3004 in
1331 2951 1590 3021 geniculis
1615 2953 1744 3021 suis,
1774 2961 1824 3006 et
1854 2966 2010 3005 oran—

449 3049 578 3103 tem,
604 3050 659 3094 et
681 3041 913 3094 animam
943 3041 1165 3096 Domino
1196 3043 1512 3107 tradentem,
1545 3051 1597 3096 et
1624 3042 1679 3097 in
1713 3043 2010 3110 pavimento
2037 3025 2083 3086 (ἶ

448 3130 762 3198 scripturam
792 3129 1132 3198 huiusmodi:
1171 3130 1280 3184 Viri
1300 3131 1655 3196 Alexandrini,
1699 3131 1856 3184 nolite
1899 3140 2013 3185 ante

448 3230 644 3289 tempus
684 3220 877 3288 aliquid
910 3219 1172 3292 judicare,
1212 3221 1540 3292 quoadusque
1578 3221 1742 3274 ueniat
1764 3219 2013 3274 Dominus

448 3308 497 3378 (1
525 3308 642 3365 Car.
676 3311 771 3380 tv).
800 3309 1159 3366 Gunntebatur
1187 3326 1314 3366 vero
1353 3319 1407 3365 et
1432 3311 1612 3377 homo,
1637 3311 1723 3379 qui
1753 3326 1782 3364 a
1811 3309 2012 3364 daemo-

448 3403 536 3455 nio
571 3402 880 3465 vexabatur,
912 3401 1050 3470 quod
1095 3413 1280 3457 saneto
1314 3401 1530 3468 fecerat,
1561 3411 1614 3457 et
1639 3404 1779 3472 quod
1807 3404 2016 3459 dixerat

448 3503 662 3548 sanctus
703 3493 772 3548 ei.
844 3494 1080 3549 Recitata
1136 3504 1259 3548 sunt
1302 3509 1428 3564 ergo
1471 3493 1776 3548 beatissimo
1819 3495 2010 3550 Joanni

449 3583 762 3649 patriarchae
807 3582 981 3637 omnia
1009 3599 1125 3652 qua:
1171 3585 1312 3638 circa
1353 3593 1594 3638 sanctum
1616 3585 1866 3646 Vitalium
1897 3595 2011 3640 acti

450 3683 602 3739 sunt;
649 3681 702 3727 et
749 3673 1078 3728 descendens
1124 3686 1242 3728 cum
1281 3673 1461 3740 clero,
1514 3675 1660 3728 venit
1708 3675 1773 3728 ad
1819 3689 2014 3742 corpus

445 3765 617 3818 sancti
665 3764 876 3830 Vitalii;
935 3773 991 3819 et
1042 3780 1159 3818 cum
1206 3763 1426 3819 vidisset
1469 3765 2012 3834 superscriptionem,

451 3856 582 3909 dixit
615 3870 630 3908 ε
663 3855 800 3910 Vere
829 3855 964 3908 hanc
1005 3854 1218 3908 humilis
1244 3853 1475 3910 Joannes
1504 3869 1596 3924 per
1631 3855 1794 3909 Deum
1824 3860 2013 3924 evasit,

453 3958 571 4000 nam
610 3947 812 4015 alapam
854 3959 1011 4012 quant
1055 3945 1259 4014 accepit
1303 3947 1392 4015 qui
1443 3949 1637 4017 patitur
1679 3962 1777 4017 ego
1813 3949 2020 4016 accipe-

450 4051 563 4092 rem
572 4075 584 4089 .

520 4127 670 4183 Tunc
717 4132 893 4200 itaque
927 4143 1121 4185 omnes
1163 4129 1481 4196 lornicarim,
1514 4136 1568 4183 et
1592 4142 1708 4198 qua:
1755 4128 2019 4182 abrenuw

452 4218 713 4280 tiaverunt
747 4235 811 4273 ex
843 4220 945 4285 eis,
973 4229 1028 4275 et
1055 4221 1199 4273 viros
1224 4228 1590 4286 susceperant,
1619 4232 1738 4270 cum
1770 4216 1936 4271 cereis
1962 4225 2018 4270 et

454 4307 782 4376 lampadibus
812 4309 1072 4375 pra-ibant
1097 4323 1222 4363 eum
1257 4309 1464 4372 ﬂentes,
1492 4315 1546 4361 et
1569 4307 1806 4361 dicentes
1835 4322 1850 4362 :
1885 4305 2014 4359 Per-

2115 1764 2205 1828 il'e
2233 1776 2436 1839 beatus,
2465 1776 2585 1842 quia
2625 1789 2733 1828 non
2760 1772 2979 1826 dederat
3017 1773 3063 1827 ei
3090 1780 3368 1840 quotquot
3393 1770 3562 1823 voluit.
3589 1770 3650 1822 His

2115 1878 2289 1918 autem
2318 1865 2407 1933 qui
2452 1864 2520 1918 de
2549 1863 2804 1932 obsequio
2852 1872 3027 1930 erant,
3069 1861 3452 1929 querentibus
3495 1861 3649 1914 cadere

2113 1971 2232 2010 eum
2260 1957 2348 2025 qui
2397 1956 2809 2025 conviciabatur,
2857 1953 3152 2023 increpavit
3197 1968 3303 2006 eos
3352 1952 3647 2005 vehementer

2115 2021 2409 2116 patriarcha
2437 2089 2452 2114 ,
2495 2047 2677 2099 dicens
2725 2021 2956 2100 :.Siuite
3008 2021 3166 2105 eum,
3207 2041 3416 2096 fratres
3461 2058 3476 2094 :
3524 2040 3649 2092 habeo

2118 2143 2221 2199 ego
2289 2135 2564 2206 sexaginta
2641 2149 2851 2198 annos,
2983 2133 3380 2199 blasphemans
3421 2142 3652 2198 peropus

2112 2242 2231 2282 mea
2259 2225 2560 2288 Christum,
2592 2232 2644 2277 et
2689 2239 2847 2276 unum
2879 2223 3177 2276 convicium
3222 2237 3332 2274 non
3363 2220 3570 2286 portabo
3600 2216 3650 2269 ab

2114 2318 2250 2372 isto?
2291 2317 2358 2370 Et
2381 2316 2634 2385 prmcepit
2661 2314 2832 2368 datori
2880 2315 3088 2368 solvere
3119 2314 3428 2378 saeculum,
3467 2311 3653 2364 utsin:-

2112 2416 2194 2462 ret
2223 2422 2504 2476 pauperem
2536 2407 2725 2459 tollere
2753 2415 3006 2474 quantum
3035 2405 3196 2458 vellet
3224 2403 3480 2471 pretium.

2182 2499 2308 2552 Car.
2344 2499 2607 2553 XXXVII.
2637 2498 2692 2550 Si
2723 2511 2848 2550 vero
2869 2495 3153 2562 aliquando
3183 2493 3448 2546 audiebat
3470 2490 3648 2555 sapien-

2113 2591 2368 2656 tissimus,
2400 2590 2650 2658 quoniam
2679 2588 3104 2656 eleemosynator
3131 2593 3218 2638 est
3276 2584 3426 2646 talis,
3454 2581 3649 2634 adduce.

2113 2682 2201 2736 bat
2241 2696 2361 2734 eum
2412 2680 2465 2733 in
2510 2680 2775 2732 hilaritate
2803 2691 3064 2739 seorsum,
3096 2684 3149 2727 et
3179 2673 3399 2727 dicebat
3425 2673 3472 2726 ei
3495 2689 3507 2723 :
3534 2671 3648 2731 Orto-

2111 2771 2269 2825 modo
2295 2770 2462 2824 lactus
2479 2784 2534 2823 es
2549 2771 2970 2837 eleemosynator
2983 2766 3008 2818 ?
3021 2765 3366 2828 naturaliter,
3377 2779 3444 2816 an
3465 2762 3646 2829 teipsul

2112 2861 2372 2915 violenter
2402 2859 2634 2927 cogens?
2667 2858 2815 2914 Unde
2843 2856 3057 2926 quidam
3109 2855 3203 2923 qui
3233 2857 3302 2908 ab
3347 2871 3416 2910 eo
3465 2857 3648 2908 interra-

2112 2952 2405 3021 gabantur,
2438 2947 2798 3014 verecundati,
2821 2946 3156 3000 occultabant
3188 2945 3410 3014 quidem
3430 2987 3447 3011 ,
3478 2946 3648 3010 quinia

2117 3053 2293 3096 autem
2324 3040 2570 3094 dicebant
2603 3039 2671 3092 ei.
2725 3037 2950 3106 PrOpter
2980 3038 3118 3104 quod
3147 3052 3286 3088 unus
3338 3037 3652 3103 interrogatos

2115 3147 2143 3186 a
2171 3142 2374 3196 sancto,
2403 3130 2678 3197 respondit
2726 3129 2793 3181 ita
2819 3144 2833 3181 :
2887 3127 3062 3181 Crede
3119 3126 3274 3189 mihi,
3305 3127 3538 3185 domine,
3563 3125 3652 3191 quia

2118 3220 2204 3274 nih
2231 3219 2337 3274 ldo
2359 3226 2449 3271 aut
2480 3215 2616 3270 facio
2643 3215 2799 3279 boni;
2830 3222 3200 3267 verumtamen
3235 3213 3409 3281 ipson:
3441 3213 3572 3280 quod
3593 3212 3648 3260 fa-

2118 3312 2200 3366 cio
2229 3318 2282 3364 ct
2335 3307 2564 3377 prarbeo,
2593 3321 2661 3360 ex
2703 3304 2892 3372 quibus
2948 3303 3086 3355 Deus
3141 3314 3199 3356 et
3252 3303 3523 3356 Orationes
3574 3313 3652 3350 ts:

2118 3401 2431 3470 largiuntur,
2449 3398 2519 3450 ita
2543 3395 2716 3448 facere
2731 3393 2958 3448 assuevi.
2995 3392 3152 3445 Eram
3178 3393 3329 3460 prius
3343 3392 3497 3444 valde
3516 3390 3654 3441 immi-

2117 3491 2346 3545 sericors
2387 3496 2444 3542 et
2486 3485 2737 3550 crudelis,
2769 3493 2822 3539 et
2885 3483 3047 3537 semel
3079 3483 3275 3534 damna
3325 3481 3656 3550 pertuli,et'e

2118 3583 2459 3638 subtilitatem
2523 3578 2761 3633 deveni:
2817 3577 2979 3642 coepit
3025 3575 3277 3642 cogitatio
3335 3588 3456 3627 mea
3513 3572 3658 3625 dcere

2119 3674 2249 3728 mihi
2280 3691 2294 3726 :
2326 3673 2460 3726 Vere
2491 3673 2532 3736 si
2563 3684 2709 3724 esses
2735 3667 3180 3737 eleemosynator,
3217 3681 3322 3718 non
3371 3666 3655 3732 relinque-nx

2120 3777 2172 3822 te
2195 3768 2350 3821 Deus.
2377 3763 2552 3820 Statui
2595 3777 2720 3830 ergo
2749 3775 2844 3828 per
2876 3759 3110 3826 singulos
3157 3757 3276 3810 dies
3301 3759 3439 3810 dare
3467 3762 3658 3822 ηιξκιε

2121 3872 2286 3911 aereos
2307 3868 2552 3909 nummos
2579 3851 2898 3922 pauperibus
2924 3866 2938 3914 ;
2970 3856 3020 3902 et
3043 3863 3160 3902 cum
3205 3848 3494 3914 cepissem
3537 3848 3659 3898 dan.

2120 3950 2298 4003 statim
2325 3947 2548 4003 Satanas
2573 3943 2885 4011 prohibebat
2905 3954 3007 4004 me,
3041 3939 3226 3991 dicens
3253 3955 3266 3989 :
3299 3937 3442 3991 Vere
3465 3937 3660 4004 quisque

2124 4040 2326 4096 nummi
2374 4037 2462 4091 isti
2517 4033 2790 4089 sufﬁciunt
2824 4032 3002 4087 domui
3054 4030 3119 4082 ad
3161 4029 3335 4093 olera,
3365 4042 3459 4080 aut
3488 4028 3550 4079 ad
3577 4025 3662 4077 bal-

2123 4144 2278 4184 neum
2336 4125 2770 4197 percipiendnm;
2831 4129 2884 4175 et
2949 4122 3145 4181 statim,
3209 4128 3470 4186 tanquam
3531 4117 3575 4169 si
3619 4127 3663 4162 se

2125 4219 2365 4273 faucibus
2411 4227 2666 4270 natorum
2733 4225 2970 4266 meorum
3037 4209 3300 4275 privarem
3357 4223 3500 4269 eos,
3559 4209 3659 4255 nia...

2121 4309 2334 4364 dabam.
2360 4307 2490 4360 Cum
2519 4318 2646 4374 ergo
2690 4302 2938 4360 vidissem
2986 4296 3124 4364 quod
3169 4311 3465 4364 superarer
3491 4310 3522 4345 ι
3542 4297 3657 4342 sura.

453 4396 682 4449 didimus
726 4399 950 4451 salutem
990 4407 1222 4452 nostram
1249 4407 1309 4452 et
1338 4399 1654 4452 doctrinam.
1688 4398 2019 4453 Enarrabant
2048 4389 2096 4448 Ι)
2121 4399 2239 4452 dico
2293 4409 2456 4463 puero
2512 4408 2630 4446 meo
2662 4409 2674 4445 :
2703 4391 2801 4466 Per
2841 4388 3074 4456 singulos
3105 4386 3220 4437 dies
3273 4385 3484 4447 furare,
3509 4394 3665 4435 mest-

451 4487 593 4541 enim
613 4488 718 4554 jam
750 4489 1206 4544 conversationem
1235 4491 1350 4557 ejus
1373 4490 1641 4554 omnibus,
1661 4499 1736 4556 et,
1754 4489 2015 4554 Quoniam

437 4593 560 4632 non
617 4590 830 4647 propter
887 4587 1094 4646 turpem
1165 4593 1276 4633 rem
1339 4579 1406 4630 ad
1469 4592 1564 4631 nos
1630 4579 1899 4644 intrabat;
1965 4587 2018 4634 et

430 4670 574 4739 ~qu‘ia
618 4684 880 4739 nunquam
919 4659 1204 4741 aliquando
1249 4668 1474 4723 vidimus
1513 4683 1632 4722 eum
1677 4683 1835 4736 super
1879 4668 2017 4724 latus

433 4763 836 4830 dormientem,
881 4769 974 4816 aut
1017 4775 1174 4814 unam
1226 4776 1290 4815 ex
1340 4759 1492 4814 nobis
1543 4767 1807 4813 tenentem
1856 4774 2016 4812 manu

453 4868 564 4908 sua.
603 4855 668 4907 Et
697 4853 1207 4921 reprehendentibus
1251 4870 1338 4908 eas
1367 4853 1682 4922 quibusdam
1718 4862 1773 4905 et
1797 4851 2017 4906 dicenti-

434 4947 556 5002 bus
585 4964 598 5001 :
625 4947 799 5013 Quare
825 4946 938 5000 haec
965 4962 1071 5000 non
1098 4947 1342 5000 omnibus
1365 4944 1646 5007 dicebatis,
1671 4942 1764 4997 sed
1793 4942 2017 4996 scanda-

435 5039 713 5093 vlixabatur
747 5039 798 5090 in
837 5052 902 5090 eo
943 5046 1049 5090 tota
1094 5035 1317 5090 civitas?
1346 5033 1660 5088 enarrabant
1682 5032 1790 5101 jam
1819 5031 2018 5099 capitu-

456 5131 584 5195 lum,
629 5129 765 5195 qnod
814 5128 953 5183 circa
999 5140 1115 5180 eam
1162 5137 1367 5194 gestum
1399 5133 1500 5190 est,
1529 5139 1647 5191 quas
1693 5137 1723 5176 a
1754 5121 2018 5176 daemonio

445 5221 787 5276 uexationem
829 5217 1094 5280 sustinuit,
1128 5225 1182 5270 et
1214 5216 1335 5284 quia
1364 5211 1465 5269 hoc
1514 5215 1761 5267 timentes
1805 5212 2020 5267 taceba-

454 5323 592 5364 mus.
621 5306 836 5376 Sepulto
871 5320 1000 5374 ergo
1027 5321 1090 5360 eo
1126 5305 1176 5358 in
1209 5304 1374 5357 multo
1403 5303 1624 5364 honore,
1657 5298 2018 5368 permansit‘is

447 5401 544 5465 qui
574 5396 642 5452 ab
665 5410 731 5451 eo
751 5404 1028 5451 correctus
1055 5404 1108 5449 et
1136 5409 1295 5448 sanus
1325 5393 1495 5447 factus
1527 5400 1640 5457 est,
1673 5391 1870 5443 laciens
1902 5405 2018 5444 me-

455 5485 682 5543 moriam
709 5485 846 5557 ejus.
879 5486 1216 5541 Posttnodum
1263 5495 1436 5538 autem
1473 5490 1527 5536 ct
1573 5481 1894 5537 renuntiavit
1922 5496 2023 5534 sa:-

439 5578 595 5642 ιειιιο,
655 5578 921 5648 ingressus
967 5579 1348 5636 monaSterium
1388 5576 1592 5633 abbatis
1639 5573 1916 5632 Seridonis
1959 5573 2017 5629 in

2121 4489 2340 4552 sciente,
2364 4485 2599 4554 quinque
2643 4493 2910 4541 nummos,
2936 4486 2990 4531 et
3015 4475 3081 4528 da
3109 4473 3539 4541 electum-syrma.
3565 4469 3662 4522 Seir-

2119 4595 2218 4648 ego
2266 4578 2406 4630 enim
2458 4573 2730 4640 trapezita,
2780 4568 3012 4623 domine.
3049 4565 3138 4619 Ille
3171 4580 3300 4618 vero
3335 4563 3666 4618 beneﬁcis-5.

2119 4672 2281 4741 coepit
2308 4667 2470 4724 furari
2499 4667 2668 4721 denos
2692 4661 2828 4735 (81).
2864 4661 2991 4714 Erat
3012 4667 3193 4713 autem
3241 4658 3467 4727 quando
3504 4665 3556 4708 ει
3579 4650 3667 4704 ss;-

2119 4778 2296 4832 quam.
2346 4759 2478 4814 Cum
2516 4771 2644 4826 ergo
2669 4754 2890 4809 vidisset
2939 4751 3064 4820 quia
3122 4747 3668 4802 benedice-haene:

2119 4852 2316 4908 divitiis
2355 4847 2750 4903 abundabamus
2772 4884 2787 4909 ,
2821 4842 2982 4908 cmpit
3033 4850 3087 4894 et
3138 4837 3418 4892 tremisses
3443 4837 3672 4892 fama:

2121 4927 2266 4997 dare.
2286 4938 2458 4996 Semel
2474 4939 2651 5005 itaque
2662 4931 2928 4988 admirans
2943 4927 3337 4983 benedictiones
3349 4924 3467 4985 Dei,
3482 4922 3598 4974 dixi
3609 4921 3666 4970 εἰ·

2120 5033 2259 5087 Vere
2303 5031 2519 5084 multum
2567 5023 2897 5096 profuerunt,
2951 5019 3048 5088 ﬁli,
3093 5019 3325 5088 quinque
3368 5006 3668 5067 nummi

2123 5125 2243 5178 volo
2273 5135 2400 5190 ergo
2429 5129 2484 5173 ut
2509 5119 2605 5172 des
2633 5117 2841 5171 decem.
2873 5111 3024 5166 Tunc
3045 5109 3171 5163 dicit
3195 5109 3332 5161 mihi
3358 5117 3417 5163 et
3443 5119 3575 5172 per
3609 5113 3672 5150 ε*

2127 5216 2384 5271 bridendo
2417 5232 2431 5268 :
2462 5211 2629 5272 Vade,
2656 5209 2748 5263 Ora
2791 5205 2951 5260 furtis
2988 5203 3133 5259 meis.
3189 5201 3331 5255 Nam
3379 5217 3506 5255 vere
3550 5193 3672 5249 δύ’

2124 5322 2228 5361 non
2262 5305 2578 5357 haberemus
2604 5312 2759 5369 quem
2786 5294 3257 5350 manducassemus
3283 5284 3620 5359 pane.5d
3641 5280 3668 5329 si

2123 5408 2205 5452 est
2251 5395 2332 5448 Inr
2373 5395 2569 5462 justus,
2599 5405 2696 5459 ego
2725 5402 2866 5441 sum.
2896 5385 3042 5466 Tune
3065 5397 3199 5450 ergo
3245 5382 3420 5446 dixit,
3452 5379 3664 5448 quouis:

2125 5485 2389 5541 tremissia
2417 5481 2578 5537 dabat
2622 5488 2675 5534 et
2697 5477 2924 5545 siliquas
2966 5474 3150 5536 etiam,
3182 5486 3248 5525 ex
3282 5471 3395 5526 ﬁde
3421 5472 3588 5529 illius.
3609 5475 3662 5513 ιν

2124 5575 2295 5640 suevi,
2320 5574 2553 5632 domine,
2586 5569 2651 5626 de
2675 5568 2855 5623 animo
2880 5564 3028 5619 dare.
3059 5561 3388 5619 ﬁdiﬁcstus
3431 5575 3560 5632 erga
3577 5565 3666 5607 ru-
