3736 6308
88 347 211 407 1649

995 351 1152 408 γιτΑ
1193 349 1437 407 SANCTI
1479 347 1766 406 JOANNIS
1809 349 2388 408 ELEEMOSYNARII.

3184 328 3321 418 tuan

80 484 187 530 ctus
212 467 386 532 valde,
412 435 547 523 disit
594 465 658 520 ad
688 477 812 522 eum
841 481 857 527 :
887 463 1062 522 Crede
1093 463 1245 532 mihi,
1279 465 1472 518 multas
1513 476 1642 516 con-
1672 463 1720 519 Α
1749 476 1845 516 nos
1888 463 2058 530 fictor,
2091 472 2144 518 et
2197 473 2414 533 peccato
2445 470 2500 517 et
2549 461 2909 518 inohedientia
2931 461 3186 531 deceptos
3214 463 3320 517 ite-

83 563 394 620 versationes
452 559 664 612 Palmm
689 558 812 626 legi,
846 557 951 611 tale
975 555 1173 625 aliquid
1204 569 1308 610 non
1331 553 1534 608 audivi.

143 653 266 709 Car.
295 647 918 705 XXXVIll.——Malitiam
940 652 1304 702 reservantem
1357 643 1643 714 quemdam

83 741 374 804 illustrium,
409 745 599 791 contra
625 736 786 790 alium
818 735 1137 804 principem,
1165 734 1386 788 audiens
1415 733 1506 788 hic
1533 746 1643 785 ma-

82 848 204 906 gnus
229 832 482 895 Joannes,
514 828 724 882 monuit
769 843 892 882 eum
921 843 1083 897 saepe,
1115 835 1170 882 et
1195 825 1364 881 suasit
1400 813 1466 878 ad
1509 839 1642 878 con-

86 925 324 992 cordiam,
352 933 408 980 et
466 937 572 977 non
622 920 790 987 potuit
818 935 938 974 eum
996 927 1310 974 convertere
1340 917 1404 970 ad
1435 929 1639 986 pacem.

80 1016 242 1070 Semel
269 1030 396 1084 ergo
410 1013 580 1069 mittit
609 1021 664 1066 et
690 1009 906 1065 adducit
935 1024 1056 1063 eum
1106 1015 1342 1072 sanctus,
1373 1005 1522 1074 quasi
1546 1019 1642 1072 pro

79 1121 136 1162 re
172 1107 374 1175 publica
401 1122 414 1158 :
439 1113 492 1160 et
523 1102 652 1158 facit
703 1102 894 1156 missas
938 1099 992 1152 in
1034 1097 1268 1153 oratorio
1290 1110 1405 1160 suo,
1437 1096 1640 1148 nullum

78 1196 272 1251 habens
297 1194 398 1249 nisi
443 1194 743 1249 ministru
775 1203 929 1244 suum
960 1185 1100 1256 (82).
1133 1187 1264 1242 Cum
1294 1197 1426 1255 ergo
1456 1192 1640 1239 sancta

79 1288 432 1344 benedixisset
455 1283 774 1355 patriarcha,
802 1291 856 1337 et
885 1281 1177 1334 orationem
1209 1278 1537 1332 Dbminicam
1561 1276 1642 1331 in-

75 1380 334 1442 clinasset,
363 1383 640 1446 coeperunt
667 1376 844 1430 dicere
866 1383 971 1426 tres
1004 1380 1206 1426 tantum
1225 1361 1331 1435 illi,
1365 1369 1524 1424 Pater
1547 1382 1642 1422 no-

75 1479 201 1522 ster.
229 1466 296 1522 Et
321 1481 441 1522 eum
471 1463 808 1533 pervenisset
836 1461 900 1515 ad
932 1473 1254 1525 sermonem,
1286 1473 1392 1527 quo
1419 1457 1637 1523 dicitur,

76 1557 288 1614 Dimitte
317 1555 470 1612 nobis
496 1555 670 1609 debita
697 1560 898 1614 nostra,
926 1553 1062 1604 sicut
1096 1556 1151 1602 et
1178 1561 1274 1602 nos
1324 1545 1643 1600 dimittiu-us

73 1646 396 1702 debitoribus
421 1645 638 1708 nostris,
671 1641 842 1697 innuit
888 1639 1186 1694 domestico
1240 1637 1560 1706 patriarcha,
1586 1641 1646 1691 ut

73 1748 287 1796 taceret.
314 1737 472 1794 Siluit
513 1749 642 1804 ergo
663 1744 718 1788 et
757 1731 1084 1801 patriarcha,
1110 1736 1165 1784 et
1190 1729 1449 1782 remansit
1499 1727 1643 1796 prin-

1747 567 1865 607 rum
1951 555 2273 626 vivificavit,
2331 567 2386 615 et
2445 560 2670 632 proprio
2744 554 3002 624 sanguine
3031 553 3317 608 redemita

1746 655 1940 712 morte,
1971 652 2026 701 et
2053 660 2264 700 omnem
2323 644 2522 700 terram
2554 655 2606 699 et
2636 646 2808 714 ipsum
2838 645 3031 700 caelum
3060 646 3113 698 in
3142 643 3316 700 obse-

1744 739 1927 807 quium
1966 736 2238 792 hominum
2291 736 2544 804 subdidit,
2569 737 2662 792 sed
2686 745 2740 790 et
2766 751 2903 791 nunc
2941 735 3172 804 qualiter
3200 749 3322 804 pec-

1744 837 1928 883 cantes
1943 844 2048 884 non
2067 827 2307 897 dissipat,
2326 828 2418 882 sed
2447 825 2818 898 longanimiter
2846 826 3013 896 magis
3039 835 3313 895 exspectat

1744 917 2032 972 immobilis
2055 917 2142 972 illa
2171 929 2379 984 natura,
2402 926 2458 972 et
2483 918 2690 987 patiens
2718 919 2806 973 ille
2840 917 3049 981 oculus,
3074 927 3127 972 et
3155 916 3310 972 nobis

1746 1009 2055 1080 plerumque
2083 1010 2573 1080 hiasphemantibus
2591 1011 2704 1081 ipse
2725 1011 3032 1066 consolatur
3059 1019 3114 1065 et
3164 1010 3321 1064 blan-

1744 1097 1887 1153 ditur
1913 1114 2006 1168 per
2034 1101 2426 1156 miserationem
2458 1101 2925 1166 suam,desursum
2953 1101 3157 1170 pluvias
3189 1109 3321 1170 pru-

1745 1197 1864 1257 pter
1891 1190 2054 1243 vitam
2110 1189 2634 1256 nostram'tribuens,
2663 1199 2891 1260 quantos
2937 1191 3105 1245 malos
3133 1203 3321 1258 opera-

1744 1281 1874 1344 rios,
1899 1276 2187 1352 pergentes
2211 1291 2266 1335 ut
2293 1281 2539 1336 occidant
2562 1291 2649 1334 aut
2681 1281 2939 1345 furentur,
2971 1281 3101 1350 tegit
3136 1288 3190 1334 et
3217 1295 3322 1332 non

1747 1369 1929 1436 tradit,
1958 1384 2026 1426 ne
2054 1372 2332 1440 capiantur
2355 1379 2408 1425 et
2435 1370 2754 1438 pum-antur?
2785 1379 3012 1438 quantos
3033 1369 3320 1423 existentes

1746 1463 1800 1517 in
1821 1463 2044 1519 navibus
2074 1463 2126 1517 in
2152 1464 2358 1534 pelago,
2394 1471 2450 1518 ut
2475 1463 2779 1532 prtcdentur
2798 1465 3076 1520 obviantes
3100 1464 3198 1518 sibi
3229 1480 3323 1518 ua-

1745 1567 1862 1620 ves,
1904 1562 1958 1608 et
2002 1554 2248 1609 occidant
2285 1555 2372 1624 qui
2424 1555 2476 1609 in
2516 1554 2594 1609 eis
2652 1563 2798 1620 sunt,
2832 1569 2936 1609 non
2984 1554 3241 1623 permittit
3270 1555 3322 1608 in

1747 1643 2062 1713 profundum
2094 1633 2352 1711 demergi,
2383 1643 2475 1697 sed
2521 1644 2748 1713 imperat
2777 1644 2908 1698 mari
2936 1658 3002 1698 ne
3043 1642 3327 1697 absorbt-at

1746 1746 1880 1798 eos,
1935 1743 2252 1801 exspectans
2315 1734 2718 1787 conversionem
2785 1733 3002 1789 malitiae
3049 1732 3326 1802 ipsorum?

71 1845 194 1899 oeps
235 1829 402 1894 solus,
433 1825 618 1880 dicens
645 1837 855 1878 versum
889 1837 905 1875 :
935 1820 1150 1875 Dimitte
1193 1819 1376 1886 nobis,
1401 1821 1542 1874 sicut
1589 1827 1643 1875 et
1673 1825 1721 1886 Β
1752 1820 1936 1890 quanti
1985 1816 2227 1890 pejorant
2291 1834 2486 1890 corpus
2550 1819 2664 1892 (85)
2715 1829 2770 1876 et
2831 1821 3142 1891 sanguinem
3211 1823 3328 1891 ejus

70 1937 167 1978 nos
194 1921 528 1977 dimittimus.
559 1917 624 1970 Et
649 1915 828 1970 statim
859 1927 1148 1969 conversus
1169 1920 1406 1980 sanctus,
1439 1910 1570 1965 dicit
1589 1909 1640 1966 ei

71 2019 345 2068 mansueta
369 2023 502 2064 voce
525 2025 539 2062 :
565 2006 695 2061 Vide
714 2005 769 2059 in
790 2006 930 2076 quali
956 2004 1180 2060 terrlbiii
1205 2003 1334 2057 hora
1388 2002 1514 2073 quid
1561 2001 1641 2058 di-

65 2117 158 2158 cas
187 2103 338 2156 Deo:
365 2099 624 2167 Quoniam
674 2096 810 2151 sicut
865 2109 964 2164 ego
1013 2095 1242 2158 dimitto,
1276 2093 1348 2147 ita
1378 2099 1432 2146 et
1479 2101 1534 2146 tu
1563 2091 1645 2147 di-

67 2199 220 2249 mitte
267 2191 415 2246 mihi.
445 2190 717 2259 Tanquam
771 2187 838 2242 ab
889 2187 1013 2255 igne
1038 2186 1218 2241 statim
1249 2185 1541 2240 cruciatum
1564 2183 1644 2237 fe-

63 2298 190 2338 rens
220 2281 504 2351 pracdictus
551 2279 816 2348 princeps,
839 2277 1028 2333 cecidit
1049 2279 1105 2330 in
1151 2277 1340 2331 faciem
1367 2277 1433 2330 ad
1482 2273 1644 2344 pedes

65 2374 261 2438 sancti,
306 2371 489 2426 dicens
522 2385 538 2425 :
565 2368 904 2436 Qumcunque
931 2366 1178 2436 iusseris,
1212 2365 1450 2432 domine,
1483 2365 1644 2422 laciet

62 2477 256 2517 servus
285 2471 426 2515 tuus.
457 2459 522 2513 Et
549 2456 920 2514 reconciliatus
940 2465 1022 2512 est
1049 2455 1266 2514 inimico
1295 2470 1394 2512 suo
1417 2471 1483 2511 ex
1513 2465 1637 2512 tunc

62 2567 187 2606 cum
221 2550 370 2606 omni
395 2548 638 2604 veritate.
1010 2547 1018 2556 '

129 2661 266 2718 CAP.
283 2658 892 2730 XXXIX—Superbum
922 2665 1095 2713 autem
1118 2657 1160 2713 si
1175 2656 1386 2713 videbat
1406 2657 1638 2730 aliquem

63 2757 282 2821 beatus,
314 2755 453 2806 hunc
477 2753 686 2822 quidem
718 2767 823 2806 non
850 2754 1103 2822 arguebat
1133 2752 1186 2806 in
1217 2747 1354 2806 facie
1385 2767 1399 2804 :
1429 2751 1641 2823 quando

59 2855 245 2899 autem
272 2857 392 2896 eum
417 2842 468 2894 in
498 2849 704 2895 secreto
735 2855 832 2895 suo
863 2840 1140 2896 sedentem
1180 2839 1412 2907 videbat,
1445 2841 1642 2902 affere-

59 2933 154 2990 bat
183 2933 257 2988 de
279 2931 577 2987 humilitate
603 2944 902 2996 sermones,
924 2940 983 2984 ut
1005 2946 1097 3001 per
1142 2931 1244 2988 tale
1271 2931 1640 3002 magisterium

57 3023 275 3080 sensim
331 3028 639 3092 percuteret
665 3020 978 3090 superbum,
1004 3030 1057 3076 et
1085 3021 1383 3077 modestum
1421 3009 1640 3096 faceret,

57 3117 257 3170 dicens
285 3113 355 3168 ita
382 3131 397 3170 :
428 3112 607 3180 Miror,
641 3112 839 3168 domini
858 3111 985 3180 mei,
1015 3112 1282 3181 quomodo
1312 3129 1418 3170 non
1465 3129 1644 3170 recor-

1748 1921 2187 1978 sacrosanctum,
2235 1919 2292 1968 et
2364 1913 2560 1982 patitur
2618 1922 2672 1966 et
2737 1913 3112 1984 longanimiter
3177 1914 3324 1984 ag’t,

1746 2017 1853 2058 non
1906 2001 2134 2058 reddens
2186 2004 2265 2059 eis
2295 2003 2382 2058 hic
2425 2001 2622 2072 aliquid
2665 2003 2917 2062 difficile?
2979 2013 3205 2074 quantos
3273 2006 3324 2058 in

1745 2092 1938 2148 itinere
1984 2093 2382 2157 latrocinantes,
2411 2107 2516 2146 non
2549 2093 2709 2148 tradit
2763 2095 2814 2147 iu
2870 2094 3045 2148 cibum
3104 2093 3325 2147 obviao-

1746 2183 1891 2239 tibus
1960 2184 2062 2238 sibi
2118 2183 2341 2238 besuis?
2406 2196 2638 2254 quantos
2710 2193 2899 2240 euntes
2969 2183 3025 2238 in
3090 2197 3321 2238 concava

1748 2287 2032 2342 terrarum,
2057 2286 2110 2332 et
2132 2275 2380 2332 itinerum
2405 2275 2699 2332 seditiones
2722 2282 3037 2345 operantes,
3067 2275 3317 2346 protegit,

1745 2378 1805 2423 ut
1834 2381 1941 2422 non
1979 2363 2365 2423 consumantur
2410 2381 2443 2421 a
2484 2365 2905 2422 custodientibus
2961 2365 3204 2432 canibus,
3235 2365 3317 2420 vel

1745 2461 1905 2513 etiam
1928 2455 2272 2512 hominibus?
2294 2453 2361 2511 Et
2384 2471 2470 2512 me
2485 2457 2752 2512 interdum
2783 2465 2873 2510 aut
2895 2470 3019 2511 cum,
3037 2457 3318 2512 meretrice

1746 2549 2106 2618 recumbente,
2129 2560 2220 2604 aut
2244 2563 2366 2604 cum
2420 2548 2505 2604 his
2533 2550 2625 2620 qui
2666 2563 2726 2605 se
2755 2548 3054 2618 inebriant,
3080 2558 3171 2604 aut
3200 2565 3321 2604 cum

1747 2643 1920 2711 turpia
1962 2643 2299 2713 loquentibus
2319 2651 2698 2708 conversante,
2725 2650 2818 2697 aut
2857 2650 3052 2700 caetero
3082 2642 3322 2712 quolibet

1671 2747 1674 2749 λ
1744 2735 1923 2790 saeculi
1950 2733 2106 2804 hujus
2135 2732 2405 2804 implicato
2431 2743 2669 2806 peccato,
2699 2736 2816 2805 apis
2841 2735 3058 2804 quidem
3077 2737 3310 2792 circum.

1745 2825 1937 2893 fertur,
1965 2835 2019 2882 et
2047 2826 2212 2881 valles
2239 2835 2292 2881 et
2321 2828 2501 2882 alveos
2528 2826 2737 2892 circuit,
2769 2841 3015 2898 quaerens
3057 2827 3313 2894 colligere
3351 2875 3356 2880 .

1746 2918 1998 2984 fructum,
2024 2927 2079 2973 ut
2106 2917 2264 2973 dulce
2313 2915 2475 2973 faciat
2521 2918 2650 2972 mihi
2699 2928 2901 2989 guttur,
2931 2922 3070 2989 quod
3100 2918 3240 2976 fuada
3265 2927 3320 2975 et

1745 3009 1926 3080 iniqua
1975 3011 2316 3078 pronuntiat;
2348 3025 2470 3065 uva.
2493 3021 2672 3066 autem
2705 3010 2922 3066 festinat
2947 3026 3043 3082 per
3084 3013 3320 3070 calorem

1749 3100 2113 3169 maturarigut
2156 3101 2360 3172 repleat
2385 3117 2446 3158 os
2476 3111 2531 3157 et
2573 3103 2807 3158 laetificet
2833 3119 2946 3172 cor,
2977 3105 3120 3176 quod
3155 3105 3320 3162 facto-

56 3209 223 3263 datur
256 3208 448 3262 misera
476 3207 649 3260 anima
673 3220 790 3260 mea
813 3204 1124 3259 humilitatis
1151 3221 1270 3274 quas
1299 3205 1528 3267 demons

1846 3209 1866 3249 ι
1928 3208 2083 3250 suum
2133 3193 2546 3264 praevaricatum
2591 3205 2688 3250 est.
2740 3194 2928 3251 Floras
2981 3197 3208 3253 invicem
3261 3213 3321 3253 se

55 3300 135 3355 vit
163 3298 328 3354 nobis
357 3313 519 3367 super
542 3305 740 3351 terram
771 3310 1030 3365 apparere
1076 3295 1272 3350 Filium
1298 3295 1414 3361 Dei,
1438 3297 1531 3352 sed
1564 3295 1648 3350 in-

54 3403 316 3446 tumesco
365 3395 419 3442 et
470 3387 700 3442 extollor
744 3399 904 3456 super
934 3385 1153 3440 fratrem
1196 3399 1394 3450 meum,
1425 3384 1472 3440 si
1500 3384 1650 3439 fuero

55 3481 343 3538 modicum
373 3484 464 3533 aut
486 3477 758 3546 pulchrior
789 3484 986 3543 eo,aut
1005 3474 1188 3542 ditior,
1221 3483 1314 3530 aut
1334 3466 1660 3545 gloriosior,.

55 3581 158 3630 aut
188 3569 546 3643 principatum
570 3568 728 3625 officii
756 3555 1122 3638 cujuscunque
1142 3567 1402 3631 habuero,
1436 3581 1539 3622 non
1565 3567 1648 3622 in-

55 3666 323 3734 telligens
370 3663 602 3717 divinam
647 3675 855 3726 vocem,
881 3675 998 3728 quae
1044 3658 1212 3714 dicit:
1245 3657 1443 3715 Discite
1489 3673 1519 3713 a
1566 3673 1651 3716 me

55 3757 190 3826 quia
210 3754 356 3808 mitis
378 3766 496 3806 sum
524 3760 579 3806 et
603 3750 1010 3816 humiliscorde,
1028 3757 1085 3806 et.
1105 3750 1384 3804 invenietis
1410 3749 1650 3818 requiem

53 3848 356 3903 animabus
384 3845 574 3900 vestris
604 3842 821 3915 (Matth.
843 3840 948 3913 tu);
973 3856 1145 3912 neque
1165 3853 1469 3897 sanctorum
1493 3853 1666 3896 voces.

53 3937 338 4006 cogitans,
361 3932 610 4002 quoniam
664 3931 879 4003 quidam
909 3940 1103 3988 terram
1145 3929 1300 4000 (Gen.
1334 3929 1513 3998 xvut),
1537 3929 1654 4000 qui-

52 4032 193 4084 dam
240 4024 486 4084 .cinerem
515 4064 531 4090 ,
565 4011 788 4094 quidam.
834 4037 1069 4078 vermem
1121 4030 1176 4077 et
1227 4032 1331 4076 nun
1384 4020 1654 4078 hominem

53 4115 250 4188 (Psal.
299 4114 688 4184 xxi),quidam
749 4121 840 4168 aut
885 4112 1234 4182 impeditioris
1298 4120 1355 4168 et
1410 4112 1659 4168 tardioris

50 4209 266 4276 linguae
317 4203 514 4275 (Exod.
567 4204 642 4275 tv)
689 4219 749 4259 se
798 4203 1183 4259 nominabant:
1213 4211 1268 4257 et
1315 4203 1435 4272 quia
1468 4203 1654 4270 lsaias,

49 4298 294 4373 quando
330 4298 492 4352 Deum
515 4297 697 4350 videre
721 4296 934 4364 meruit,
952 4304 1006 4350 ut
1033 4296 1175 4364 capit
1203 4295 1388 4362 homo,
1412 4302 1538 4349 tunc
1558 4294 1657 4349 im-

46 4390 276 4449 munda
305 4388 437 4442 labia
489 4402 548 4442 se
575 4387 781 4442 habere.
817 4385 1178 4455 pronuntiavit
1223 4383 1360 4455 (Ira.
1388 4381 1489 4455 v1).
1517 4385 1655 4454 Quid

46 4483 210 4538 enim
246 4488 306 4534 et
333 4494 448 4533 sum
479 4476 730 4532 humilis?
749 4475 936 4531 Nonne
952 4475 1019 4531 de
1043 4476 1156 4530 luto
1175 4474 1328 4530 fictus
1349 4489 1489 4543 sum,
1515 4477 1657 4532 unde

1749 3294 2148 3354 pmoccupsnt,
2175 3295 2232 3341 ut
2281 3286 2546 3342 delectent
2594 3287 2800 3352 oculos,
2831 3288 2920 3355 qui
2951 3285 3324 3344 fornicationi.

1751 3372 1852 3428 bus
1879 3383 1933 3429 et
1957 3375 2144 3430 alienis
2184 3376 2493 3431 mulieribus
2525 3376 2591 3430 ad
2612 3378 2878 3434 luxuriam
2891 3379 3143 3436 inuuunt.
3166 3380 3322 3435 Ficus

1753 3465 1991 3521 turbatur
2013 3466 2152 3535 (84),
2179 3473 2445 3534 quatenus
2474 3467 2851 3535 perveniat,.ut
2879 3469 3080 3538 repleat
3110 3486 3321 3525 manum

1753 3571 1848 3626 per
1870 3554 2310 3625 magnitudinem,
2333 3563 2389 3611 et
2417 3571 2479 3613 os
2509 3570 2604 3624 per
2632 3556 2987 3622 dulcedinem,
3014 3558 3154 3628 quod
3179 3569 3324 3615 tenet

1754 3655 1809 3701 et
1865 3646 2034 3702 basiat
2078 3647 2304 3701 alienam
2366 3647 2670 3702 mulierem.
2719 3648 2870 3703 Talia
2915 3663 3083 3720 ergo,
3133 3651 3325 3722 inquit,

1753 3753 1914 3810 opera
1933 3738 2128 3796 fratres
2154 3746 2392 3808 agentes,
2420 3748 2474 3796 et
2506 3740 2638 3795 tales
2668 3740 3047 3798 retributiones
3065 3745 3325 3812 recipien-

1755 3838 1835 3884 tes
1861 3844 1890 3882 a
1919 3830 2145 3900 benigno
2172 3829 2281 3893 D,eo
2301 3868 2316 3896 ,
2349 3831 2560 3900 qualem
2591 3831 2946 3888 debueramus
2975 3833 3174 3890 habere
3202 3851 3326 3904 pru-

1755 3920 2431 3989 dentiam,.cousiderantes
2476 3925 2816 3981 novissimam
2847 3936 3081 3982 nostram
3119 3935 3174 3982 et
3200 3929 3330 3983 hor-

1756 4015 1975 4070 rendam
1999 4015 2219 4070 horam?
2241 4016 2458 4072 Multum
2488 4019 2628 4072 enim
2657 4018 2724 4073 de
2752 4021 3004 4076 memoria
3035 4021 3225 4077 mortis
3274 4033 3329 4077 et

1757 4109 1905 4165 exitu
1960 4109 2150 4162 animm
2203 4107 2506 4176 distwutabat
2545 4124 2758 4178 semper
2803 4110 2891 4166 ille
2935 4111 3142 4179 beatus,
3170 4115 3241 4168 ita
3274 4125 3330 4168 ut

1761 4197 2067 4270 frequenter
2096 4200 2310 4269 quidam
2332 4199 2400 4254 ad
2428 4215 2548 4254 eum
2578 4201 2812 4272 superbo
2855 4203 3130 4259 schemate
3165 4206 3330 4259 intra-

1760 4300 1950 4348 rentet
1970 4291 2162 4346 ridenti
2193 4292 2368 4358 vultu,
2396 4304 2448 4348 et
2491 4293 2884 4350 inconsiderato
2909 4297 3095 4363 oculo;
3141 4305 3197 4351 et
3224 4298 3334 4353 exi-

1761 4391 1882 4439 rent
1910 4383 2095 4439 humili
2123 4399 2293 4450 more,
2321 4394 2374 4440 et
2399 4395 2714 4454 compuncta
2744 4385 2972 4454 faeie,et
2993 4387 3332 4459 lacrymami-

1762 4476 1860 4531 bus
1877 4476 2067 4532 oculis.
2093 4475 2316 4544 Propter
2335 4476 2474 4546 quod
2503 4485 2556 4531 et
2584 4477 2794 4532 dicebat
2825 4479 2992 4546 :Quia
3018 4481 3099 4551 (ut
3126 4481 3337 4538 aestimo

45 4581 198 4632 sunt
248 4581 306 4625 et
353 4567 585 4624 lateres?
614 4568 801 4623 Nonne
849 4582 1064 4622 omnem
1106 4581 1263 4635 quam
1295 4576 1423 4635 puto
1453 4567 1651 4623 habere
1689 4557 1733 4612 Ι)
1760 4579 1860 4633 ego
1897 4565 2134 4634 humilis)
2165 4565 2363 4620 sufficit
2391 4565 2457 4622 ad
2507 4567 2733 4623 salutem
2763 4568 2977 4625 assidue
3014 4578 3066 4624 et
3087 4570 3338 4626 dolenter

42 4662 327 4737 gleriam,
352 4667 408 4710 ut
430 4657 528 4711 tios
552 4653 1129 4725 fmnimarcescitUsa.
1161 4655 1288 4726 XL)?
1319 4655 1412 4711 liis
1443 4671 1570 4729 ergo
1600 4666 1650 4711 et

43 4747 408 4824 huiusmodi,
434 4756 489 4802 et
529 4745 652 4801 aliis
693 4745 930 4816 pluribus
975 4746 1151 4800 verbis
1199 4747 1650 4816 sapientissimus,

41 4841 220 4916 quasi
251 4836 323 4892 de
347 4849 406 4891 se
427 4835 632 4900 dicens,
657 4849 777 4890 eum
804 4833 892 4904 qui
921 4834 1230 4904 languorem
1257 4835 1546 4890 inflationis
1602 4845 1655 4890 et

39 4928 344 5002 superbire
368 4926 596 4982 habebat
615 4926 856 4982 cauterio
880 4926 1224 4992 comburens,
1255 4927 1506 4996 proderat
1534 4927 1652 4997 ejus

42 5025 296 5079 animae.
322 5016 652 5087 lutelligebat
680 5018 822 5072 enim
869 5015 915 5070 is
944 5018 1032 5086 qui
1053 5015 1206 5072 uicus
1234 5016 1466 5073 habebat
1513 5017 1654 5087 quod

41 5117 119 5172 de
143 5127 222 5168 eo
258 5108 562 5178 patriarcha
587 5107 699 5162 haec
724 5107 1010 5162 intimaret.

121 5202 282 5259 Lar».
311 5196 424 5251 XL.
450 5226 518 5237 —
546 5196 612 5251 Et
643 5197 744 5251 hoc
769 5194 1080 5265 frequenter
1111 5197 1200 5253 ille
1225 5213 1255 5253 a
1281 5198 1394 5271 Deo
1417 5199 1653 5254 honora-

43 5286 468 5358 tus,’afl‘erebat
493 5287 548 5341 in
572 5287 824 5366 medium,
845 5287 911 5340 ad
933 5287 1245 5344 humilitatis
1261 5302 1654 5359 argumentum,

39 5388 307 5442 dicens:
338 5377 492 5447 Quod
548 5375 593 5432 si
646 5376 1140 5433 considerassemus
1169 5391 1224 5434 et
1270 5383 1654 5451 cogitassemus

43 5477 155 5532 Dei
180 5485 324 5538 erga
349 5483 445 5524 nos
468 5467 889 5525 misericordiam
913 5478 966 5522 et
988 5470 1300 5538 bonitatem,
1326 5486 1424 5528 nec
1454 5473 1508 5527 in
1544 5489 1656 5530 cm-

35 5569 142 5623 los
172 5558 596 5616 sublevaremus
647 5559 829 5613 oculos
851 5569 1089 5629 nostros,
1121 5562 1212 5614 sed
1235 5576 1449 5632 semper
1477 5563 1527 5618 in
1557 5565 1656 5620 hu-

37 5655 170 5714 mili
206 5647 405 5708 habitu
435 5663 496 5703 ac
514 5648 788 5718 prudentia
817 5651 1152 5721 degeremus.
1179 5653 1244 5709 Ut
1265 5657 1407 5710 enim
1433 5665 1653 5725 praetch

35 5761 209 5813 eam,
267 5737 502 5809 qualiter
553 5753 658 5794 non
706 5741 998 5798 existentes
1039 5754 1093 5800 ut
1137 5760 1376 5802 essemus
1406 5749 1655 5814 produxit

1759 4639 2014 4726 cogitare,
2034 4665 2088 4711 et
2109 4656 2524 4712 sollicitudinem
2549 4655 2748 4711 habere
2771 4657 2839 4711 de
2864 4666 3055 4722 morte,-
3079 4660 3329 4726 quoniam

1760 4762 1919 4801 nemo
1956 4748 2112 4802 nobis
2142 4749 2200 4800 in
2241 4748 2328 4802 illa
2359 4748 2486 4800 hora
2519 4747 2889 4815 compatietur,
2911 4758 3001 4802 aut
3053 4750 3334 4804 comitabi-

1761 4846 1848 4891 tur
1872 4852 1938 4893 ex
1959 4839 2063 4890 vita
2091 4839 2216 4900 ista,
2242 4837 2342 4890 nisi
2371 4849 2532 4904 opera
2562 4835 2700 4892 bona
2727 4846 2926 4891 nostra.
2962 4836 3028 4892 Et
3065 4841 3334 4907 quomodo

1761 4928 1974 4997 angelis.
1997 4926 2328 4982 venientibus
2356 4936 2408 4980 et
2461 4925 2870 4994 properantibus
2918 4929 3159 5004 turbatur
3205 4937 3343 4985 tunc-

1763 5019 1962 5085 anima,
1988 5017 2034 5071 si
2065 5016 2276 5071 inventa
2329 5031 2435 5070 non
2481 5014 2646 5082 fuerit
2682 5018 3026 5086 praeparata?
3063 5021 3338 5089 quomOdo

1761 5119 1910 5178 rogat
1927 5109 2220 5163 ut-addatur
2239 5108 2340 5162 sibi
2363 5107 2630 5163 modicum
2659 5116 2872 5176 tempus
2884 5110 3022 5173 vitae,
3042 5119 3096 5166 et
3112 5111 3329 5169 audiet:

1759 5201 1894 5266 Quid
1948 5202 2140 5256 enim?
2183 5201 2412 5271 Tempus
2458 5199 2602 5270 quod
2653 5202 2868 5267 vixisti,
2901 5203 3038 5259 bene
3083 5219 3332 5261 consum-

1759 5293 1954 5361 psisti?
1999 5293 2064 5347 Et
2092 5293 2282 5348 iterum
2329 5292 2540 5347 dicebat
2586 5303 2834 5361 tanquam
2886 5293 2954 5349 de
3000 5295 3328 5365 semetipso:

1759 5383 2054 5449 Quomodo,
2088 5383 2302 5437 immitis
2328 5382 2590 5449 Joannes,
2617 5384 2842 5439 transire
2891 5391 3091 5454 poteris
3133 5387 3331 5443 bestias

1757 5474 2053 5529 arundineti
2089 5472 2263 5543 (Psal.
2295 5473 2478 5543 vatt),
2504 5476 2714 5542 quando
2745 5476 3034 5532 obviabunt
3077 5477 3169 5533 tibi
3196 5493 3326 5534 exa-

1757 5565 1972 5620 ctores?
2004 5563 2093 5618 Vae
2116 5564 2291 5632 qualis
2321 5563 2478 5618 timor
2505 5573 2560 5618 et
2587 5572 2786 5622 tremor
2841 5565 3047 5622 obtinet
3091 5569 3326 5624 animam

1759 5665 1884 5711 tunc
1935 5655 2195 5710 rationem
2226 5664 2532 5724 ponentem,
2562 5656 2723 5712 tantis
2769 5658 3182 5726 eXtﬂliSIIOI’ibuS
3221 5669 3328 5714 tam

1759 5749 1954 5804 amaris
1985 5759 2036 5804 et
2063 5747 2606 5804 immisericordibus?
2647 5747 2852 5806 Etenim
2905 5758 3118 5806 sanctus
3145 5750 3243 5805 ista
3267 5751 3321 5804 in
