3736 6308
371 341 506 397 “Si
1429 322 1705 388 LEONTII
1749 318 2208 378 NEAI’OLITANI
2266 314 2574 372 EPISCOPI
3527 311 3642 364 165!

397 441 646 497 tltetnttria
671 453 877 511 semper
917 439 1179 494 retinebat
1205 434 1344 505 quod
1371 442 1554 486 sancto
1607 432 1831 496 Simoni,
1865 429 1953 499 qui
1982 432 2029 490 Α
2057 426 2262 494 scopio.
2305 421 2481 480 Semel
2511 434 2642 490 ergo
2668 427 2722 475 et
2764 420 2845 474 bis
2886 419 3010 474 fecit
3039 419 3160 511 hoc
3200 417 3632 511 ipsum

403 539 453 586 in
484 533 740 588 columnis
769 509 913 586 stetit
953 529 1092 600 (85).
1119 543 1212 596 per
1242 526 1618 580 revelationcm
1651 523 1844 578 factum
1873 531 1955 578 est
2058 516 2144 570 ille
2172 516 2381 585 beatus.
2415 511 2656 566 Erudivit
2682 520 2737 565 et
2775 511 2827 564 in
2868 511 2969 564 hoc
3004 509 3212 576 plebem
3241 509 3566 577 magniﬁce,
3589 521 3634 562 et

404 630 583 677 notum
619 637 632 674 :
663 621 792 687 Quia
825 619 901 692 (ut
929 619 1021 687 ait)
1073 625 1298 672 exeunte
1325 616 1498 670 anima
1529 628 1559 668 e
1589 627 1833 680 corpore,
1855 612 1954 664 ob-
2055 607 2396 671 emendavit;
2427 605 2682 660 timebant
2703 604 2880 670 enim,
2906 619 2973 659 ne
2999 604 3199 657 iterum
3223 602 3472 670 idipsum
3493 603 3632 656 sobe-

401 713 544 765 viant
572 711 618 764 ei
647 724 764 764 cum
793 709 1090 762 ascenderit
1117 722 1146 760 a
1176 717 1313 760 terra
1343 706 1393 758 in
1423 705 1637 768 cmlum,
1664 704 1812 756 chori
1845 703 1955 754 d.e-
2059 715 2145 754 ma
2173 699 2372 753 faceret
2403 699 2481 752 eis
2509 697 2601 751 ille
2628 711 2844 764 semper
2869 695 3275 751 memorandus.

402 793 1962 869 monum,singuliinpreprioordine.0bviateichorusdm-
2126 789 2257 843 Car.
2300 787 2457 842 XLII.
2488 815 2561 832 --
2589 787 2755 857 Loqui
2799 798 2973 842 autem
3018 787 3075 840 in
3124 799 3383 840 sacrarto
3435 788 3632 840 omnino

2061 892 2167 932 non
2221 877 2598 946 permittebat,
2641 877 2732 931 sed
2785 876 2839 931 in
2880 885 3172 946 conspectu
3217 877 3476 930 omnium
3512 876 3635 930 foras

2061 969 2303 1029 mittebat
2327 983 2448 1022 eum
2471 1007 2488 1033 ,
2517 969 2740 1022 dicens:
2775 967 2837 1023 Si
2867 966 3079 1038 quidem
3120 978 3181 1024 ut
3226 982 3431 1023 orares
3468 969 3630 1022 miin

2062 1061 2164 1114 huc
2180 1099 2198 1124 ,
2221 1059 2274 1112 in
2304 1059 2404 1112 hoc
2429 1069 2661 1113 mentem
2685 1067 2829 1111 tuam
2853 1066 2908 1112 et
2927 1071 2994 1112 os.
3016 1066 3165 1112 tuum
3193 1073 3409 1113 vacare
3433 1071 3626 1123 exopta;

2063 1149 2108 1204 si
2149 1163 2279 1202 vero
2319 1155 2536 1217 propter
2577 1147 2896 1202 locutionem
2918 1185 2936 1211 ,
2975 1147 3243 1215 scriptum
3286 1157 3380 1202 est
3409 1165 3426 1200 :
3467 1148 3630 1201 bona

2063 1237 2156 1292 Dei
2201 1238 2394 1291 domus
2433 1237 2691 1292 orationis
2730 1237 3008 1292 vocabitur
3050 1235 3307 1306 (Haut.
3337 1253 3436 1290 ut
3461 1245 3480 1306 )
3507 1255 3522 1301 ;
3549 1240 3630 1291 savii

2064 1343 2192 1399 ergo
2224 1327 2402 1382 facere
2430 1341 2549 1381 eam
2577 1328 2884 1394 speluncam
2916 1326 3213 1380 latronum.

2133 1420 2263 1470 CAP.
2297 1416 2477 1470 XLIII.
2506 1445 2575 1455 —
2604 1415 2716 1470 Hoc
2753 1426 2928 1470 autem
2970 1424 3086 1470 erat
3127 1415 3637 1471 admirabilius»-

2064 1506 2286 1562 ctissimi
2318 1505 2475 1574 hujus
2499 1506 2815 1574 patriarcha:
2833 1547 2848 1572 ,
2876 1507 3133 1574 quoniam
3158 1521 3273 1561 nec
3296 1508 3637 1561 monachica-

2066 1599 2226 1652 vitam
2267 1596 2505 1662 ducens,
2536 1611 2711 1664 neque
2741 1599 2792 1650 in
2817 1598 2965 1651 clero
3001 1605 3256 1650 moratus
3299 1599 3356 1651 in
3391 1599 3634 1660 ecclesia.

2067 1688 2161 1742 sed
2190 1697 2246 1742 et
2274 1685 2487 1742 femina
2526 1687 2761 1756 legitime
2801 1688 3002 1742 dudum
3045 1689 3391 1756 conjunetus
3420 1689 3558 1759 (85),
3584 1692 3638 1742 iu

408 893 701 945 moniorum
731 889 1012 957 superbiae,
1048 889 1325 955 investigat
1352 903 1493 951 eam,
1515 886 1559 939 si
1590 885 1779 940 habeat
1795 897 1958 952 opera

405 997 610 1035 eorum.
626 981 812 1033 Obviat
824 979 1014 1032 chorus
1028 979 1297 1046 spirituum
1312 976 1678 1030 detractionis:
1700 975 1960 1043 aspiciunt

405 1072 687 1141 siquando
734 1072 972 1125 ohloeuta
1005 1072 1090 1133 sit,
1122 1079 1175 1123 et
1221 1069 1586 1139 pmnitentiam
1637 1083 1738 1120 non
1773 1065 1956 1134 egerit.

410 1165 636 1218 Obviam
698 1164 886 1232 iterum
936 1163 1178 1228 superius
1233 1161 1498 1214 darmOues
1547 1156 1954 1212 fornicationis:

410 1264 709 1308 scrutamur
733 1253 774 1306 si
798 1257 1170 1320 recognoscant
1228 1251 1277 1302 in
1303 1265 1361 1302 ea
1395 1250 1691 1314 voluptates
1719 1259 1860 1298 suas.
1897 1244 1963 1297 Et

408 1343 615 1410 quando
635 1357 663 1394 a
693 1351 828 1395 terra
857 1355 1022 1406 usque
1061 1340 1124 1392 ad
1152 1338 1343 1392 cmlum
1375 1338 1566 1390 misera
1615 1335 1788 1388 anima
1818 1333 1962 1400 posi-

408 1445 522 1483 tura
553 1431 805 1482 rationem
841 1428 1157 1492 pervenerit,
1201 1440 1436 1478 seorsum
1468 1425 1532 1476 ab
1559 1438 1620 1477 ea
1669 1422 1836 1475 sancti
1867 1436 1962 1474 an-

408 1520 507 1585 guli
533 1518 762 1584 stabunt,
795 1526 849 1570 et
896 1532 996 1570 non
1049 1514 1379 1584 adjuvabunt,
1417 1527 1532 1566 eam
1561 1511 1661 1566 nisi
1703 1512 1966 1565 bonitates

409 1623 534 1662 suae.
569 1607 692 1659 Ilaec
739 1607 1078 1662 constderans
1127 1605 1210 1656 hic
1259 1604 1465 1668 nobilis,
1525 1603 1832 1670 perterritus
1870 1615 1966 1668 pro

412 1695 500 1747 tali
534 1695 660 1747 hora
691 1702 743 1748 et
773 1693 1026 1746 sollicitus
1048 1692 1211 1746 factus
1240 1699 1340 1755 est,
1371 1691 1548 1744 ferens
1576 1690 1628 1744 in
1653 1691 1964 1743 memoriam

409 1789 463 1841 ct‘
480 1785 647 1839 sancti
673 1783 951 1838 Hilarionis
973 1783 1235 1850 eloquium
1264 1781 1411 1850 (Vita
1441 1771 1814 1846 Hilarioiis,c.
1832 1779 1968 1848 '58);
1998 1773 2042 1832 Β
2074 1779 2240 1834 tenuit
2265 1771 2501 1847 vigorem
2526 1778 2768 1832 ecclesia:
2793 1779 2858 1831 ab
2883 1779 3000 1846 ipso
3025 1780 3192 1833 initio
3220 1795 3335 1847 quo
3367 1781 3636 1848 patriarcha

414 1873 536 1946 quia
561 1889 679 1927 cum
708 1888 737 1926 e
761 1873 866 1924 vita
896 1885 1202 1939 egressurus
1225 1878 1384 1934 esset,
1409 1867 1708 1926 formidavit
1755 1877 1810 1924 et
1833 1869 1967 1924 dixit

416 1961 604 2016 anima:
624 1975 732 2015 suae
761 1975 779 2022 ς
811 1961 1083 2028 Octoginta
1114 1975 1302 2024 annos,
1329 1975 1359 2011 0
1381 1957 1600 2013 humilis
1648 1960 1845 2025 anima,
1877 1959 1970 2012 ba-

415 2049 509 2104 bes
539 2051 778 2104 serviens
809 2049 1041 2114 Chrieto,
1073 2059 1126 2103 et
1156 2049 1305 2103 times
1325 2049 1501 2102 exire?
1528 2049 1644 2109 Exi,
1668 2046 1786 2116 quia
1807 2047 1969 2100 mise—

416 2139 582 2191 ricors
616 2147 713 2192 est.
741 2139 802 2192 Et
825 2138 1032 2192 dicebat
1077 2137 1172 2190 sibi
1207 2137 1498 2205 patriarcha
1525 2155 1536 2190 :
1565 2137 1618 2192 Si
1646 2137 1690 2190 is
1716 2138 1801 2204 qui
1825 2147 1962 2191 octo-

414 2230 556 2292 ginta
587 2241 752 2282 annos
781 2230 1000 2282 servivit
1046 2229 1276 2294 Christo,
1305 2239 1355 2282 et
1402 2239 1637 2284 mortuos
1673 2228 1972 2293 suscitavit,

415 2319 638 2388 etsigna
669 2319 806 2380 fecit,
837 2318 1009 2371 timuit
1035 2334 1262 2371 amaram
1284 2318 1426 2371 illam
1457 2318 1659 2381 horam,
1693 2317 1818 2387 quid
1876 2316 1970 2368 ha-

419 2411 508 2462 hes
534 2419 610 2472 tu,
636 2408 846 2462 humilis
875 2407 1128 2472 Joannes,
1160 2407 1338 2462 dicere
1388 2418 1478 2464 aut
1523 2408 1696 2462 Iacere
1717 2451 1731 2475 ,
1762 2408 1975 2476 quando

419 2497 748 2550 nbviaverint
777 2497 828 2550 in
859 2496 1044 2551 faciem
1068 2506 1208 2550 tuam
1250 2497 1494 2550 crudeles
1524 2497 1600 2549 illi
1630 2505 1682 2550 et
1737 2497 1974 2550 immise-

423 2591 656 2651 ricordes
675 2599 948 2645 exactores
972 2601 1024 2646 et
1047 2590 1416 2666 inquisitores?
1438 2590 1516 2643 Ad
1539 2598 1762 2658 quantos
1781 2589 1977 2655 poteris

425 2681 683 2735 rationem
713 2681 955 2749 reddere,
975 2681 1037 2734 ad
1059 2696 1150 2737 eos
1172 2681 1256 2750 qui
1287 2680 1571 2750 exquirunt
1595 2682 1657 2733 de
1680 2678 1975 2741 tuendario,

424 2770 495 2824 ad
514 2785 606 2823 eos
625 2770 710 2838 qui
728 2771 794 2822 de
817 2771 1161 2834 detractione,
1181 2773 1243 2824 ad
1266 2787 1356 2825 eos
1371 2771 1456 2838 qui
1481 2769 1546 2824 de
1567 2771 1893 2833 crudelitate,
1912 2769 1977 2822 ad

425 2871 516 2913 eos
544 2861 631 2927 qui
661 2859 726 2913 de
754 2858 994 2924 avaritia,
1026 2859 1089 2912 ad
1126 2876 1218 2914 eos
1241 2862 1326 2927 qui
1357 2862 1421 2914 de
1449 2862 1699 2915 memoria
1738 2860 1884 2925 mali,
1909 2859 1976 2912 ad

423 2964 516 3003 eos
548 2950 634 3018 qui
688 2950 756 3004 de
783 2951 925 3014 odio,
956 2950 1020 3004 ad
1053 2967 1145 3003 eos
1181 2951 1266 3020 qui
1298 2951 1578 3017 exquirunt
1607 2952 1672 3006 de
1715 2949 1978 3022 petjurio?

424 3039 490 3095 Et
549 3040 880 3094 dementatus
921 3041 1128 3095 dicebat
1176 3057 1189 3092 :
1233 3041 1371 3095 Deus
1403 3081 1419 3106 ,
1469 3049 1523 3094 tu
1585 3055 1675 3096 eos
1739 3041 1972 3106 incre,a,

2075 1876 2423 1924 consecratus
2455 1876 2538 1922 est
2558 1907 2573 1932 ,
2602 1867 2733 1923 etin
2763 1868 2923 1924 talem
2963 1869 3372 1925 sublimitatem
3411 1873 3639 1925 enim:

2071 1967 2186 2021 est,
2215 1965 2276 2010 ut
2301 1957 2496 2012 multos
2523 1958 2860 2012 eremitarum
2886 1969 2940 2014 et
2966 1957 3020 2011 in
3042 1968 3197 2013 arcta
3223 1961 3338 2015 vita
3363 1962 3638 2030 degenti:

2071 2063 2258 2118 supera
2267 2059 2367 2102 ret.

2143 2137 2272 2192 Car.
2306 2135 2488 2194 XLIV.
2520 2165 2590 2178 -—
2621 2136 2814 2192 Volens
2840 2145 3017 2192 autem
3049 2153 3153 2196 nec
3181 2139 3358 2208 hujus
3387 2141 3510 2195 boni
3543 2155 3640 2195 ac

2075 2226 2326 2294 inexpers
2348 2265 2361 2289 ,
2416 2225 2671 2282 videlicet
2711 2225 3036 2280 monachica:
3062 2229 3192 2282 vita:
3226 2234 3640 2284 conueniet-atie-

2076 2317 2191 2382 nis,
2239 2316 2419 2378 studet
2462 2331 2576 2371 rem
2624 2317 2825 2374 talem:
2879 2330 3218 2386 congregas
3271 2320 3420 2375 duos
3459 2321 3639 2374 orline:

2075 2417 2379 2466 sanctorum
2407 2406 2787 2463 monachorum
2805 2447 2819 2470 ,
2848 2407 3032 2461 statuit
3061 2408 3117 2461 in
3141 2409 3228 2462 eis
3271 2423 3492 2464 omnem

2077 2508 2236 2552 tatem
2267 2497 2420 2551 tribui
2448 2497 2517 2551 de
2548 2497 2686 2550 villis
2713 2497 2822 2551 suis
2852 2496 2907 2549 in
2949 2497 3170 2553 civitate
3195 2513 3303 2553 sua
3332 2517 3346 2550 :
3377 2509 3435 2554 et
3473 2499 3637 2552 faciem

2077 2590 2155 2644 eis
2183 2589 2404 2642 cellulas
2447 2588 2497 2640 in
2530 2587 2734 2641 duobus
2762 2588 3008 2641 oratoriis
3040 2587 3296 2644 Domina
3325 2601 3520 2643 nostra
3542 2604 3635 2641 saa-

2077 2689 2177 2732 ctae
2229 2678 2324 2733 Dei
2370 2677 2673 2746 genitricis,
2717 2685 2772 2730 et
2791 2677 2978 2741 ,sancti
3018 2676 3284 2741 Joannis,
3326 2695 3450 2747 qua:
3485 2679 3584 2747 ipse
3615 2692 3636 2729 ι

2076 2771 2431 2825 fundamentis
2478 2769 2864 2832 aedificarent,
2895 2768 3079 2821 dicens
3123 2770 3518 2823 amantissimis
3551 2768 3635 2821 Dea

2079 2861 2356 2916 monachis
2387 2861 2456 2912 ita
2484 2875 2496 2910 :
2528 2859 2636 2929 Ego
2663 2867 2784 2927 post
2814 2857 2981 2910 Deum
3011 2857 3309 2912 utilitatem
3336 2860 3632 2926 corporale:

2077 2957 2312 3004 vestram
2351 2947 2681 3017 procurabo,
2724 2962 2819 3000 vos
2856 2956 3030 3000 autem
3074 2947 3378 3015 spiritualis
3427 2949 3633 3002 habent:

2083 3052 2213 3092 meae
2255 3052 2435 3091 curam
2474 3037 2685 3090 salutis.
2731 3035 3045 3103 Vesperlina
3089 3045 3147 3089 et
3185 3047 3456 3090 nocturna
3496 3039 3634 3106 vigilia

426 3142 544 3182 nam
606 3128 776 3181 omnis
815 3125 1065 3183 fortitudo
1125 3130 1395 3184 hominum
1454 3130 1532 3184 eis
1571 3115 1819 3184 resistere
1876 3147 1977 3183 non
2006 3115 2048 3175 C
2085 3124 2546 3194 mihiapud‘Deum
2570 3126 2888 3191 imputetur:
2919 3123 3177 3192 quidquid
3212 3139 3346 3179 vero
3379 3125 3436 3179 in
3465 3125 3636 3181 cellulis

425 3219 580 3271 valet.
636 3217 749 3285 τυ,
813 3219 1071 3286 Domine,
1116 3222 1181 3273 da
1243 3221 1396 3274 nobis
1455 3220 1701 3275 ductores
1771 3232 1982 3276 sanctos

423 3308 659 3376 angelos,
703 3308 788 3376 qui
839 3310 1138 3365 custodiant
1201 3321 1251 3366 et
1273 3312 1568 3379 gubernant
1625 3326 1757 3378 nos;
1818 3313 1980 3367 multa

425 3401 564 3454 enim
630 3410 711 3453 est
765 3411 944 3455 contra
1009 3417 1104 3458 nos
1154 3419 1336 3458 eorum
1377 3403 1600 3468 insania,
1642 3405 1835 3458 multus
1875 3413 1983 3458 tre-

430 3506 565 3555 mor,
595 3490 790 3544 multus
839 3492 1013 3554 timur,
1050 3492 1266 3546 multum
1301 3493 1588 3560 periculum
1639 3493 1809 3562 pelagi
1843 3495 1982 3546 aeris

433 3579 612 3658 hujus.
640 3579 694 3633 Si
717 3581 946 3636 enim-de
967 3583 1178 3638 civitate
1205 3598 1256 3636 tn
1289 3583 1554 3638 civitatem
1596 3598 1757 3652 super
1787 3593 1980 3639 terram

429 3669 779 3736 ambulantes,
798 3672 1142 3738 deprecamur
1159 3686 1249 3728 eos
1271 3672 1360 3741 qui
1383 3673 1534 3727 nobis
1558 3674 1805 3728 ductores
1833 3686 1982 3743 sunt,

429 3775 498 3815 ne
524 3761 577 3814 in
601 3759 889 3828 prmcipitia
911 3761 1167 3814 eadamus
1193 3801 1208 3824 ,
1238 3770 1327 3814 aut
1355 3762 1406 3815 iu
1452 3763 1737 3831 agrestium
1788 3763 1984 3818 bestia-

430 3866 543 3904 rum
569 3851 707 3918 loca,
737 3862 826 3904 aut
860 3853 908 3904 in
942 3852 1154 3905 ﬂumina
1187 3851 1410 3916 inlluita,
1443 3853 1613 3907 aut-in
1641 3853 1985 3909 inaccessibi-

412 3943 494 3998 les
544 3951 601 3998 et
651 3941 830 3997 invios
862 3950 1101 4005 montes,
1145 3949 1242 3994 aut
1269 3956 1325 3994 tn
1362 3948 1640 3993 latronum
1670 3953 1866 3992 manus
1896 3947 1993 3992 aut

415 4035 468 4090 in
522 4049 770 4090 eremum
826 4031 1444 4102 iucomprehensibilcm
1507 4037 1601 4084 aut
1650 4029 1992 4100 inaquosam,

430 4127 484 4170 ut
511 4132 804 4182 pereamus.
827 4119 963 4183 Qum
989 4121 1299 4173 ductoribus
1327 4120 1550 4174 fortibus
1579 4128 1632 4173 et
1658 4120 1852 4174 divinis
1891 4135 1984 4174 cu-

427 4208 665 4262 stodibus
713 4223 846 4274 Opus
872 4211 1143 4274 habemus,
1177 4221 1454 4280 pergentes
1510 4213 1663 4281 longa
1693 4212 1774 4266 via
1805 4211 1903 4267 hac
1931 4223 1984 4270 et

427 4307 647 4362 acterna,
675 4299 943 4361 videlicet,
974 4315 1089 4368 quae
1114 4315 1178 4354 ex
1209 4316 1430 4369 corpore
1457 4313 1539 4356 est
1555 4304 1812 4371 egressio,
1837 4313 1891 4358 et
1917 4303 1982 4356 ad

429 4387 621 4440 rwlum
676 4388 954 4443 ascensio?
986 4390 1076 4442 Ila)
1101 4398 1226 4442 sunt
1261 4391 1519 4457 sapientia
1552 4395 1720 4458 plenae
1749 4393 1888 4448 beati
1916 4394 1978 4447 ad

2089 3219 2278 3272 vestris
2303 3215 2462 3270 officii
2491 3215 2742 3278 feceritis,
2777 3230 2870 3284 pro
2901 3215 3093 3270 vestris
3121 3217 3192 3270 sit
3223 3217 3523 3271 animabus.
3551 3218 3634 3270 Hoc

2088 3319 2264 3363 autem
2295 3308 2449 3374 fecit,
2481 3309 2666 3362 volens
2694 3308 3028 3360 sollicitiores
3069 3307 3300 3364 efﬁcere
3339 3306 3438 3362 Dei
3471 3312 3631 3362 amicos

2087 3401 2401 3454 monachos.
2427 3398 2578 3454 Unde
2603 3409 2654 3452 et
2683 3399 2973 3467 permansit
3001 3397 3114 3452 Deo
3147 3400 3276 3453 talis
3303 3411 3450 3468 grata
3477 3402 3630 3454 coniti-

2086 3492 2215 3545 tutio
2242 3491 2484 3544 ordinum
2511 3504 2526 3555 ;
2554 3498 2605 3548 et
2630 3489 2695 3542 ad
2723 3489 3118 3544 similitudinem
3144 3493 3460 3545 monasterii
3488 3508 3546 3545 ex
3571 3494 3631 3543 Itis

2085 3582 2278 3635 civitas
2316 3595 2450 3649 pene
2479 3581 2640 3645 vivit,
2693 3583 2744 3634 in
2771 3580 2997 3636 diversis
3027 3581 3160 3636 locis
3186 3581 3479 3653 pervigiles
3504 3583 3628 3654 hyst-

2085 3672 2270 3726 nodias
2298 3671 2408 3726 Deo
2434 3671 2694 3726 referens.

2155 3760 2284 3816 Car.
2325 3759 2484 3814 XLV.
2517 3789 2585 3802 -—
2614 3759 2680 3812 Et
2709 3760 2810 3813 hoc
2835 3759 3022 3815 beatus
3049 3760 3151 3814 iste
3176 3761 3256 3815 ita
3284 3777 3475 3816 omnes
3502 3762 3629 3815 doce-

2087 3850 2208 3916 bat,
2235 3859 2288 3905 et
2317 3849 2716 3904 contestabatur
2758 3849 2938 3903 dicens
2970 3867 2983 3904 :
3012 3847 3331 3904 Nullatenus
3371 3852 3626 3920 aliquando

2087 3945 2457 3999 haereticorum
2481 3943 2867 3998 communionis
2886 3982 2901 4007 ,
2932 3943 3035 3996 imo
3061 3943 3512 4010 coinquinationis
3533 3957 3626 4009 par-

2085 4032 2406 4102 tlcipemini,
2433 4033 2594 4086 etiam
2625 4034 2669 4087 si
2723 4033 2867 4086 omni
2894 4034 2999 4085 vita
3027 4042 3202 4085 vestra
3233 4047 3303 4086 ex
3338 4033 3514 4099 aliqua
3547 4033 3624 4085 inn-

2084 4125 2327 4194 pulsione
2376 4123 2460 4177 vel
2518 4123 2840 4178 necessitate
2891 4121 3321 4178 communionem
3376 4124 3624 4176 attrahe:

2089 4215 2348 4271 Ecclesiae
2392 4228 2495 4269 non
2542 4214 2903 4279 invenientes,
2950 4214 3064 4267 siue
3106 4215 3485 4268 communione
3527 4228 3624 4282 per-

2087 4307 2411 4363 manseritis.
2445 4305 2500 4361 Si
2534 4305 2674 4362 enim
2697 4347 2714 4373 ,
2744 4306 2856 4368 ait,
2893 4319 3109 4359 uxorem
3153 4307 3488 4372 corporalem
3524 4304 3626 4369 legi-

2091 4400 2214 4452 time
2240 4397 2593 4466 possidentes,
2620 4395 2674 4449 in
2704 4395 2916 4464 regione
2939 4393 3113 4460 aliqua
3140 4393 3426 4462 longinqua
3456 4393 3622 4456 absqse

429 4488 485 4527 se
509 4482 562 4527 et
587 4474 652 4528 ad
689 4490 875 4528 omnes
923 4477 1208 4542 doctrinae;
1253 4479 1333 4532 Ine
1364 4488 1485 4532 sunt
1510 4481 1622 4547 ejus
1665 4483 1982 4550 quotidiana;
2011 4460 2060 4519 θ
2087 4488 2184 4541 ista
2213 4460 2450 4554 tempore
2476 4460 2644 4537 multo
2666 4460 2967 4544 morantes,
2993 4460 3296 4550 relinquere
3320 4482 3460 4534 hanc
3487 4489 3535 4533 et
3557 4478 3618 4529 aii

430 4571 570 4620 rurae
591 4572 752 4629 atque
782 4566 1170 4624 meditationes.

496 4653 622 4713 Car.
666 4653 794 4710 XLI.
829 4684 900 4697 —
924 4656 1136 4710 Multam
1166 4665 1337 4710 autem
1367 4669 1420 4712 et
1447 4659 1513 4713 de
1539 4670 1720 4714 sancta
1761 4663 1989 4718 statione

427 4761 610 4802 curam
635 4746 895 4814 habebat,
919 4756 974 4802 et
997 4747 1404 4804 sollicitudinem
1433 4752 1846 4806 demonstrabat.
1873 4753 1988 4809 Una

433 4837 573 4892 enim
605 4836 812 4894 dierum
841 4841 1026 4893 volens
1055 4840 1248 4894 multos
1271 4855 1514 4896 resecare
1532 4881 1549 4907 ,
1573 4851 1752 4896 utnon
1775 4845 1990 4910 egrede-

429 4936 614 4983 rentur
643 4938 763 4997 post
788 4927 1310 5008 solutionenksancti
1351 4932 1616 4998 Evangelii
1645 4932 1711 4985 de
1737 4933 1984 4993 ecclesia,

428 5025 484 5074 et
519 5018 708 5074 otiosis
749 5019 1083 5074 sermonibus
1124 5035 1219 5087 pro
1262 5022 1501 5074 oratione
1538 5029 1816 5086 vacarent,
1859 5022 1984 5090 quid

427 5108 586 5164 fecit!
614 5106 846 5176 Reliquit
871 5123 990 5163 mox
1012 5151 1026 5175 ,
1075 5119 1350 5177 postquam
1382 5111 1573 5162 lectum
1621 5119 1705 5164 est
1748 5120 1984 5163 sanctum

428 5200 806 5270 Evangelium,
835 5200 1155 5264 ecclesiam;
1187 5208 1241 5254 et
1268 5201 1381 5268 ipse
1409 5202 1568 5263 exiit,
1602 5210 1658 5254 et
1693 5202 1832 5254 sedit
1868 5215 1988 5254 cum

429 5291 603 5345 turba.
630 5289 883 5346 Omnibus
916 5306 1040 5346 vero
1063 5290 1493 5358 obstupeutihus,
1518 5289 1648 5344 dixit
1670 5289 1735 5342 ad
1761 5304 1854 5343 eos
1873 5293 1985 5358 jus-

431 5388 554 5432 tus:
595 5377 802 5444 Filiuli,
833 5379 919 5433 ubi
949 5394 1110 5444 oves,
1156 5379 1264 5434 illic
1305 5386 1361 5433 et
1399 5390 1595 5446 pastor.
1642 5382 1748 5432 Aut
1793 5379 1986 5433 intrate

436 5468 608 5535 intro,
639 5480 695 5524 et
725 5469 1118 5538 ingredicmur;
1149 5481 1237 5524 aut
1265 5479 1473 5524 manete
1502 5470 1585 5524 hic
1604 5509 1618 5533 ,
1649 5479 1702 5523 et
1743 5469 1828 5522 hic
1867 5484 1984 5522 tua-

435 5559 592 5612 nebo.
626 5561 736 5629 Ego
764 5568 976 5627 promer
1013 5575 1107 5615 vos
1145 5561 1412 5615 descendo
1449 5563 1501 5613 in
1538 5567 1773 5612 sanctam
1815 5559 1983 5611 eccle-

437 5648 598 5711 siam,
634 5662 753 5702 nam
796 5658 1030 5717 poteram
1067 5651 1238 5706 facere
1273 5649 1514 5705 mihimet
1553 5650 1741 5705 missas
1782 5649 1834 5703 in
1873 5650 1985 5717 epi-

2084 4577 2352 4646 copulari,
2392 4591 2422 4630 a
2461 4573 2570 4628 Deo
2601 4583 2655 4629 et
2684 4574 2887 4642 legibus
2917 4571 3280 4642 prohibemur,
3309 4572 3354 4624 si
3388 4585 3512 4624 vero
3545 4569 3622 4620 hoc

2084 4667 2387 4736 egerimus,
2434 4664 2687 4733 punimur
2716 4680 2731 4728 ;
2770 4660 3032 4732 quomodo
3071 4669 3262 4728 putas,
3304 4658 3416 4711 Deo
3449 4673 3534 4726 per
3559 4670 3623 4707 re

2088 4768 2224 4812 ctam
2267 4756 2422 4810 ﬁdem
2462 4763 2517 4810 et
2551 4754 2864 4808 catholicam
2911 4752 3196 4805 Ecclesiam
3245 4750 3554 4816 conjuncti,
3582 4759 3624 4799 ut

2090 4848 2161 4902 ait
2192 4845 2510 4914 Apostolus:
2545 4844 2734 4912 Aptavi
2763 4855 2858 4896 vos
2885 4842 2971 4895 uni
3001 4842 3115 4894 viro
3157 4841 3414 4911 virginem
3451 4849 3626 4892 castam

2089 4935 2342 4992 exhibere
2369 4929 2581 4988 Christo
2613 4933 2679 5003 (Il
2701 4930 2820 4986 Cor.
2844 4931 2926 5001 ιι)
2947 4973 2962 4998 ,
2994 4929 3039 4983 si
3067 4930 3411 4983 orthodoxam
3435 4938 3488 4980 et
3519 4941 3627 4978 san-

2093 5035 2195 5078 tam
2226 5024 2381 5077 Iidem
2419 5022 2844 5076 adulteraveritis
2885 5035 2981 5088 per
3025 5021 3450 5074 communionem
3477 5017 3632 5070 btre-

2091 5116 2336 5180 ticorum,
2365 5128 2469 5166 non
2497 5111 2550 5164 in
2581 5113 2754 5164 futuro
2781 5109 2982 5163 saeculo
3011 5109 3282 5172 tormenti,
3309 5110 3450 5176 quod
3468 5122 3628 5175 east»

2090 5210 2199 5256 ctat
2245 5201 2557 5266 haereticos,
2595 5203 2794 5254 erimus
2833 5198 2956 5253 facti
2985 5198 3308 5268 participes?
3337 5198 3628 5252 Communia

2093 5294 2233 5348 enim
2255 5338 2269 5361 ,
2299 5294 2402 5358 ait,
2434 5291 2552 5346 ideo
2583 5291 2797 5357 dicitur,
2833 5305 2898 5345 eo
2928 5290 3064 5359 quod
3088 5303 3430 5344 communem
3462 5288 3627 5348 faciat,

2090 5394 2142 5439 et
2186 5384 2363 5437 Ilrmet
2404 5369 2882 5435 communicantcm
2935 5379 3118 5446 quibus
3157 5381 3536 5435 communicat.
3573 5379 3630 5431 δε

2091 5473 2268 5542 igitur,
2300 5487 2509 5540 quaeso,
2553 5471 2656 5536 ait,
2691 5486 2726 5524 ο
2765 5468 2895 5536 ﬁlii,
2935 5468 3236 5536 hujusmodi
3275 5474 3529 5526 orattéoriis
3562 5488 3626 5536 as-

2092 5562 2315 5632 plicetis.

2163 5652 2290 5706 Car.
2335 5648 2512 5704 XLVI.
2557 5677 2624 5690 ——
2662 5645 2794 5702 Cum
2832 5648 3078 5704 omnibus
3116 5649 3272 5706 bonis
3312 5651 3423 5707 suis
3460 5663 3510 5708 et
3548 5650 3619 5705 bo:
