3736 6308
149 302 282 360 16ἷῦ

1086 302 1243 378 VI'I'A
1287 300 1528 357 SANC'I'I
1567 289 1840 354 JOANNES
1878 295 2450 353 ELEEhIOSYNAItIt.

3228 307 3364 366 I035

129 421 328 475 beatus
364 417 450 471 hic
489 413 822 485 possidebat,
862 414 1000 484 quod
1041 415 1060 484 (
1089 423 1146 468 ut
1184 414 1381 469 dictum
1423 423 1506 469 est
1535 414 1554 484 )
1596 429 1698 468 non
1729 413 1779 474 Α
1805 421 1926 466 sunt
1951 426 2096 478 eam,
2126 411 2557 467 abrenuntiantes
2585 415 2815 482 mundo,
2850 430 2970 471 cum
2997 409 3367 490 capergcntéa

143 512 525 567 condemnaret
557 509 852 578 proximum
873 547 887 571 ,
919 521 1017 561 nec
1045 507 1461 561 condemnantes
1501 507 1704 573 recipe-

146 611 244 654 ret.
282 599 466 654 Dicam
500 613 626 652 vero
653 610 706 652 et
734 597 851 666 ejus
886 597 1178 651 doctrinam
1219 596 1286 650 de
1323 597 1425 650 hoc
1461 595 1708 651 omnibus

145 696 481 764 proﬁcuam:
541 693 759 746 Juvenis
813 691 1026 758 quidam
1079 691 1291 757 rapiens
1344 688 1658 743 monacham
1691 729 1705 752 ,

144 787 272 852 fugit
321 782 865 850 Constantinopolim.
909 778 1249 838 Hocdiscens
1288 777 1494 848 justus,
1540 777 1708 832 tristis

144 875 313 930 factus
349 882 431 929 est
469 887 638 940 usque
673 872 738 925 ad
785 879 1026 924 mortem.
1064 869 1327 938 Tempore
1367 882 1494 922 vero
1532 867 1708 934 aliquo

145 974 442 1029 transacto,
472 963 795 1017 consedente
825 977 889 1017 eo
919 978 1018 1016 una
1062 963 1264 1017 dierum
1303 960 1358 1014 in
1407 958 1707 1013 honorabili

147 1057 498 1114 cimiliarchio
536 1071 654 1110 cum
693 1055 1005 1125 quibusdam
1045 1053 1286 1116 clericis,
1319 1061 1373 1105 et
1408 1064 1707 1104 sermonem

145 1156 340 1211 animae
369 1155 548 1210 utiletn
580 1163 824 1208 mavente
845 1196 858 1214 ,
887 1152 1031 1207 venit
1059 1151 1114 1206 in
1145 1151 1374 1205 medium
1415 1157 1469 1203 et
1509 1161 1710 1202 memo-

148 1249 230 1304 ria
258 1252 465 1316 juvenis
494 1247 580 1314 qui
608 1245 849 1299 ancillam
882 1244 972 1299 Dei
1019 1253 1296 1312 rapuerat,
1340 1251 1392 1295 et
1433 1249 1709 1309 coeperunt

150 1339 239 1404 qui
279 1345 464 1391 sancto
501 1335 845 1389 considebant
878 1333 1328 1388 auathematizare
1369 1333 1524 1385 talem
1562 1331 1710 1398 juve-

148 1443 308 1493 nem,
356 1435 602 1494 tanquam
649 1427 735 1492 qni
777 1424 908 1478 duas
957 1426 1161 1478 animas
1195 1424 1526 1492 perdiderat,
1558 1437 1707 1475 suam

1813 502 1864 555 in
1896 504 2272 557 monasterium
2313 504 2445 571 ejus.
2487 501 2688 559 Servus
2723 505 2862 561 enim
2903 505 2999 562 Dei
3044 509 3370 580 monachus,

1808 594 1894 663 qui
1926 595 2224 649 tetenderat
2272 609 2426 662 eam,
2469 601 2744 664 postquam
2785 599 3044 655 satisfecit
3084 601 3364 671 omnibus,

1809 686 2022 741 tradidit
2048 689 2154 741 Deo
2181 686 2422 755 spiritum
2453 688 2507 741 in
2538 701 2684 755 pace.
2718 689 2871 755 Ideo,
2902 691 3094 760 inquit,
3129 693 3250 748 dico
3275 710 3370 749 vo-

1808 777 1924 842 bis,
1967 776 2097 844 ﬁlii,
2144 793 2210 832 ne
2251 777 2547 846 praecipites
2589 777 2655 832 ad
2695 777 3097 834 condemnanda
3137 791 3188 837 et
3231 781 3371 851 judi-

1808 868 1974 921 canda
2001 867 2118 921 sitis
2145 868 2338 921 aliena.
2373 866 2637 922 Mnltoﬁes
2662 870 2804 923 enim
2837 881 3108 938 peccatum
3139 867 3368 928 fornica-

1810 957 1974 1012 tionis
2003 957 2262 1024 vidimus,
2303 957 2667 1026 pmnitentiam
2699 973 2824 1013 vero
2862 958 3013 1028 ejus,
3055 974 3210 1027 quam
3253 963 3373 1019 fecit

1809 1051 2016 1104 occulte
2037 1090 2050 1112 ,
2085 1063 2189 1103 non
2221 1050 2543 1118 aspeximus.
2576 1050 2643 1105 Et
2671 1058 2752 1105 est
2781 1052 2904 1122 quia
2943 1053 3139 1108 furtum
3181 1054 3373 1110 facien-

1809 1148 1913 1193 tem
1957 1140 2234 1208 quemdam
2273 1139 2534 1206 vidimus,
2569 1141 2794 1210 suSpiria
2843 1157 2969 1197 vero
3017 1153 3072 1199 et
3111 1145 3372 1217 Iacrymas

1809 1245 1940 1298 quas
1968 1231 2218 1300 produxit
2249 1230 2360 1286 Deo
2385 1233 2672 1287 nescimus.
2715 1232 2779 1288 Et
2822 1249 2920 1289 nos
2959 1237 3172 1304 quidem
3212 1237 3374 1292 habe-

1803 1318 1927 1373 mus
1953 1336 2077 1374 eum
2109 1321 2320 1390 qualem
2352 1321 2581 1376 vidimus
2611 1323 2759 1377 illum
2784 1367 2800 1392 ,
2841 1324 3010 1379 furem
3034 1366 3048 1390 ,
3090 1336 3176 1381 aut
3215 1326 3375 1382 forni-

1804 1420 2044 1466 ‘catorem
2063 1451 2079 1476 ,
2113 1420 2205 1465 aut
2231 1411 2499 1481 perjurum
2524 1413 2694 1483 ;apnd
2719 1413 2885 1470 Deum
2913 1431 3038 1471 vero
3061 1429 3266 1487 recepta
3291 1429 3374 1474 est

148 1519 395 1572 videlicet
429 1524 481 1570 et
510 1515 948 1570 sanctimonialis.
976 1514 1311 1583 Compescuit
1334 1527 1458 1578 ergo
1487 1520 1538 1565 et
1567 1525 1712 1565 rese-
1808 1503 2012 1556 occulta
2039 1503 2153 1573 eius
2179 1502 2444 1559 confessio
2471 1515 2525 1560 et
2551 1507 2861 1576 pmnitenlia
2886 1550 2901 1574 ,
2944 1518 2997 1564 et
3037 1518 3120 1590 est
3157 1510 3224 1564 ab
3261 1510 3376 1579 ipso

154 1611 290 1664 cavit
318 1623 411 1662 eos
439 1608 654 1672 beatus,
687 1606 868 1660 dicens
894 1623 908 1661 :
936 1605 1013 1660 Ne
1043 1605 1119 1660 sic
1141 1647 1154 1671 ,
1189 1604 1313 1667 lilii,
1347 1617 1412 1657 ne
1441 1603 1555 1666 sic;
1589 1614 1708 1653 nam

150 1698 428 1753 ostendam
476 1697 627 1751 vobis
673 1701 794 1763 quia
841 1705 894 1750 et
943 1711 1038 1750 vos
1085 1695 1191 1748 duo
1241 1702 1452 1761 peccata
1499 1691 1705 1746 facitis:

1812 1597 2099 1664 pretiosus.
2125 1595 2324 1650 Omnes
2346 1597 2508 1668 igitur
2534 1597 2931 1654 admirabantur
2959 1616 3118 1672 super
3139 1603 3376 1660 doctrina

1807 1687 2056 1742 industrii
2084 1688 2315 1756 pastoris
2343 1689 2496 1756 hujus
2524 1698 2681 1758 atque
2710 1693 2964 1759 magistri.

142 1803 346 1852 unum,
405 1788 528 1856 quia
585 1786 1018 1854 transgredimini
1072 1784 1374 1838 mandatunt
1429 1783 1698 1837 dicentis:
1737 1778 1783 1837 B
1878 1776 2006 1832 Car.
2047 1777 2253 1832 XLVII.
2298 1808 2370 1820 -—
2412 1777 2625 1832 Duobus
2662 1780 2870 1834 clericis
2913 1782 3263 1860 ealceamcnta
3298 1782 3374 1836 fa-

139 1881 315 1935 Nofite
337 1880 593 1946 judicare,
619 1887 805 1931 utnon
831 1875 1139 1945 judicemini
1161 1874 1372 1945 (Matth.
1397 1875 1488 1941 vn)
1515 1890 1529 1939 ;
1555 1873 1707 1926 dein-
1751 1887 1758 1892 ‘

137 1971 207 2024 de
231 2013 244 2034 ,
276 1970 397 2038 quia
427 1968 644 2022 nescitis
673 1967 870 2021 certius
899 1967 945 2021 si
977 1981 1141 2035 usque
1174 1964 1329 2019 hodie
1371 1970 1624 2033 peccent,
1655 1969 1710 2016 et

139 2074 248 2114 non
277 2059 584 2126 poeniteant.
1547 2043 1549 2046 ’

212 2148 335 2218 Legi
385 2149 727 2219 enimgvitam
775 2146 948 2200 Patris
994 2147 1190 2216 aliqtﬁd
1237 2145 1340 2199 tale
1383 2144 1705 2199 habentem:

137 2241 262 2308 quia
315 2239 369 2294 in
415 2239 630 2294 civitate
669 2240 896 2308 quadam
943 2239 1048 2292 duo
1085 2235 1331 2291 monachi
1372 2234 1615 2289 abierunt
1653 2233 1707 2289 in

139 2329 516 2383 ministerium.
552 2330 614 2383 Et
643 2343 760 2381 cum
795 2328 1045 2381 transiret
1073 2342 1211 2380 unus
1242 2323 1334 2393 rer
1365 2326 1534 2379 locum
1554 2364 1566 2387 ,
1601 2325 1710 2378 cla-

138 2419 318 2472 mahnt
345 2420 389 2473 ei
421 2433 522 2471 una
552 2419 856 2483 fornicaria,
891 2415 1106 2471 dicens:
1139 2416 1292 2470 Salva
1316 2419 1419 2480 mc,
1449 2413 1623 2476 Pater,
1650 2421 1708 2467 ut

136 2502 390 2564 Christus
428 2509 783 2562 meretricem.
827 2508 920 2562 Ille
952 2519 1080 2561 vero
1123 2507 1392 2559 hominum
1436 2503 1705 2582 confusio-

141 2615 267 2654 nem
337 2599 559 2654 omnino
613 2616 720 2672 non
795 2613 1032 2668 curans,
1154 2597 1286 2650 dixit
1329 2597 1422 2649 ei:
1473 2596 1707 2662 Sequere

137 2703 249 2742 me.
282 2689 342 2741 Et
370 2697 555 2742 tenens
599 2703 715 2742 eam
758 2703 852 2752 per
890 2703 1102 2740 manum
1144 2687 1297 2755 ejus,
1335 2687 1462 2740 exiit
1501 2687 1709 2754 publice

137 2777 212 2830 de
236 2776 488 2841 civitate,
529 2777 776 2830 omnibus
815 2775 1213 2844 aspicientibus.
1259 2775 1417 2829 Facta
1460 2775 1540 2828 est
1578 2788 1706 2844 ergo

138 2868 277 2920 fama
325 2869 442 2935 quia
484 2869 646 2921 abbas
693 2869 897 2936 accepit
939 2868 1216 2921 mulierem
1263 2861 1509 2920 domitam
1569 2863 1704 2920 Por-

139 2961 386 3029 phyriam
417 2960 531 3029 (ita
560 2961 700 3014 cnim
743 2948 1030 3015 vocabatur
1067 2958 1316 3029 mulier).
1363 2955 1707 3027 Pcrgcntibus

139 3063 276 3118 ergo
306 3051 412 3114 eis,
441 3058 499 3102 ut
524 3049 760 3103 mitteret
790 3065 905 3104 eam
949 3049 1000 3102 in
1047 3049 1426 3102 monasterium
1449 3088 1464 3112 ,
1507 3045 1706 3100 invenit

1809 1867 2106 1933 cientibus,
2155 1877 2210 1923 ct
2247 1870 2400 1938 juxta
2447 1883 2506 1924 se
2545 1869 2942 1940 laborantibus,
2986 1888 3124 1927 unus
3161 1875 3371 1942 quidem

1811 1957 2041 2012 habebat
2069 1958 2207 2013 ﬁlios
2238 1958 2458 2026 multos,
2483 1967 2535 2014 et
2564 1976 2779 2015 uxorem
2798 2001 2813 2027 ,
2842 1970 2895 2016 et
2925 1971 3124 2030 patrem
3143 2003 3157 2024 ,
3187 1973 3241 2016 et
3267 1979 3375 2016 ma-

1810 2059 1944 2106 trem
1975 2069 1988 2106 :
2017 2053 2243 2105 vacabat
2277 2067 2402 2106 vero
2429 2052 2671 2107 ecclesia
2705 2053 2824 2107 sine
2864 2054 3283 2120 intermissione,
3324 2067 3374 2109 et

1810 2157 1994 2198 omnes
2044 2153 2163 2213 post
2204 2141 2368 2198 Deum
2413 2143 2585 2198 alebat
2629 2144 2695 2200 de
2737 2153 2851 2200 arte
2898 2159 3012 2200 sua.
3059 2145 3206 2199 Alter
3247 2161 3376 2200 vero

1809 2235 2048 2304 quamvis
2073 2234 2276 2288 doctior
2302 2242 2443 2289 esset
2472 2235 2595 2300 illo,
2625 2250 2688 2290 eo
2719 2234 2856 2303 quod
2894 2250 2998 2289 non
3041 2245 3374 2302 permaneret

1811 2326 1861 2379 In
1897 2327 2152 2389 ecclesia,
2197 2326 2290 2380 s'ed
2327 2327 2484 2383 etiam
2527 2327 2815 2382 Dominicis
2854 2327 3040 2381 diebus
3073 2327 3370 2390 laboraret,

1809 2430 1908 2470 nec
1936 2417 2168 2486 seipsum
2199 2425 2401 2471 tantum
2432 2417 2635 2471 nutrire
2665 2415 2898 2471 valebat.
2942 2415 3213 2470 Invidebat
3249 2430 3374 2487 ergo

1810 2507 1909 2561 iste
1938 2508 2112 2562 vicino
2137 2521 2254 2561 suo.
2288 2507 2352 2561 Et
2381 2524 2485 2561 una
2519 2508 2631 2561 vice
2659 2524 2763 2562 non
2794 2506 3055 2562 'sufferens
3081 2507 3330 2561 invidiam
3355 2549 3370 2573 ,

1808 2599 1936 2653 dicit
1965 2599 2013 2654 ei
2047 2587 2166 2654 cum
2201 2598 2274 2652 ira
2302 2615 2316 2654 :
2353 2599 2502 2654 Unde
2533 2608 2588 2653 tu
2617 2601 2693 2654 sic
2722 2600 2873 2653 dives
2915 2597 3083 2654 factus
3123 2597 3224 2652 es?
3264 2596 3374 2667 Ego

1806 2703 1934 2742 vero
1964 2703 2158 2743 vacans
2190 2689 2307 2757 plus
2338 2689 2438 2743 arti
2469 2703 2602 2743 mea:
2632 2704 2786 2760 quam
2815 2699 2869 2743 tu
2891 2731 2905 2756 ,
2931 2689 2983 2742 in
3009 2698 3372 2760 paupertatem

1807 2779 2014 2833 deveni.
2051 2778 2184 2833 Dicit
2213 2793 2338 2835 vero
2367 2780 2450 2842 ei,
2481 2780 2668 2833 volens
2711 2777 2883 2834 facere
2922 2794 3044 2835 eum
3072 2792 3258 2832 vacare
3288 2792 3374 2832 ee-

1797 2869 2025 2923 'cl'esi:n:
2061 2869 2278 2946 Invenio
2313 2869 2536 2939 pretium
2571 2870 2620 2922 in
2651 2879 2790 2923 terra
2813 2911 2827 2934 ,
2871 2877 2927 2923 et
2963 2869 3084 2923 inde
3123 2869 3370 2940 paulatim

1807 2959 1960 3016 dives
1990 2960 2160 3014 factus
2188 2975 2304 3014 sum
2329 2977 2342 3027 ;
2375 2960 2464 3014 sed
2491 2961 2535 3014 si
2558 2962 2667 3026 vis,
2687 2975 2896 3029 semper
2919 2974 3052 3013 voco
3077 2967 3154 3025 te,
3180 2970 3232 3014 et
3254 2960 3372 3014 veni

1807 3057 2016 3106 mecum
2037 3068 2052 3118 ;
2075 3056 2128 3106 et
2154 3051 2403 3121 quidquid
2428 3051 2813 3118 invenerimus,
2835 3051 3062 3119 accipies
3078 3049 3372 3105 dimidium.

139 3139 338 3193 mulier
368 3140 422 3192 in
447 3155 548 3192 una
573 3139 796 3193 ecclesia
827 3153 1048 3206 puerum
1078 3137 1130 3190 in
1165 3149 1358 3192 terram
1390 3137 1707 3205 projectum,
1735 3134 1783 3199 C
1809 3141 1944 3196 Cum
1971 3155 2098 3208 ergo
2121 3143 2486 3211 acquiesceret
2516 3142 2632 3207 ille,
2664 3149 2719 3195 et
2753 3149 3064 3211 sequeretur
3098 3154 3216 3196 eum
3247 3154 3372 3194 eun-

133 3238 192 3286 et
227 3229 442 3282 sustulit
468 3243 586 3280 eum
620 3236 676 3278 ut
703 3228 927 3278 nutriret
959 3226 1128 3278 illum.
1160 3225 1339 3292 Itaque
1370 3234 1708 3291 post‘annum

139 3317 360 3385 quidam
387 3323 647 3366 venerunt
679 3313 730 3365 in
759 3313 981 3381 patriam
1000 3353 1014 3378 ,
1049 3314 1134 3366 ubi
1165 3323 1279 3366 erat
1306 3311 1472 3366 abbas
1500 3321 1551 3366 et
1580 3313 1710 3366 Pur-

139 3404 370 3475 phyria,
421 3418 540 3472 qute
587 3403 758 3457 fuerat
805 3403 872 3456 de
914 3402 1322 3468 meretricibus;
1364 3411 1418 3454 et
1461 3401 1710 3456 videntes

136 3508 263 3549 eam
295 3494 490 3549 habere
514 3493 790 3562 puerulum
810 3533 824 3557 ,
855 3493 1036 3546 dicunt
1062 3494 1108 3546 ei
1137 3509 1151 3545 :
1200 3493 1475 3547 Veraciter
1510 3493 1706 3547 bonum

139 3584 324 3638 abbati
354 3584 552 3654 pullum
583 3584 829 3652 genuisti.
859 3583 1097 3638 Nondum
1124 3582 1264 3638 enim
1292 3593 1532 3637 sanctum
1558 3583 1710 3638 sche-

136 3690 234 3732 ma
261 3685 559 3744 acceperat.
593 3676 791 3730 Euutes
817 3690 945 3745 ergo
975 3676 1171 3746 Tyrum
1208 3675 1294 3744 qui
1325 3675 1566 3730 viderant
1591 3690 1706 3730 eam

137 3767 310 3836 (inde
357 3767 496 3822 enim
542 3767 703 3820 abbas
752 3767 941 3820 tulerat
981 3765 1200 3835 illam),
1257 3765 1702 3830 diﬁ'amaverunt,

135 3857 264 3925 quia
309 3858 492 3924 genuit
535 3857 602 3910 de
644 3859 835 3911 abbate
880 3857 1199 3926 I’orphyria,
1248 3865 1301 3911 et
1339 3870 1437 3911 nos
1478 3857 1705 3911 vidimus

137 3945 422 4012 puerulum
449 3947 620 3999 oculis
650 3949 844 4001 nostris
871 3947 1191 4001 similantent
1220 3947 1287 4001 ei.
1320 3945 1543 4011 Quando
1572 3961 1700 4015 ergo

135 4036 387 4103 cognovit
411 4053 474 4090 ex
511 4037 618 4089 Deo
661 4038 825 4090 abbas
864 4036 1067 4091 obitum
1107 4049 1299 4102 suum;
1343 4036 1473 4091 dicit
1519 4051 1708 4093 nonum

112 4126 402 4195 ’I'clagitn,
433 4125 508 4179 sic
536 4126 678 4178 enim
709 4129 1149 4180 nmtavitnonten
1178 4129 1322 4193 ejus,
1357 4127 1566 4195 quando
1597 4137 1705 4180 tra-

135 4216 280 4269 didit
307 4216 355 4268 ei
393 4221 632 4268 sanctum
665 4218 878 4269 schema
911 4231 924 4268 :
957 4218 1151 4270 Eamus
1190 4217 1387 4287 Tyrum
1409 4257 1423 4282 ,
1467 4217 1584 4286 quia
1609 4218 1704 4271 ha-

143 4308 248 4360 beo
278 4307 388 4360 illic
415 4320 725 4372 responsum
753 4345 766 4371 ,
797 4317 849 4358 et
876 4305 998 4358 volo
1025 4313 1084 4358 ut
1112 4305 1298 4359 venias
1336 4321 1567 4362 mecum.
1610 4307 1703 4361 Illa

138 4413 273 4449 vero
302 4413 402 4450 non
436 4398 613 4450 valens
637 4395 1002 4450 contradicere
1030 4399 1076 4451 ei
1100 4435 1116 4462 ,
1147 4405 1325 4450 secuta
1355 4406 1436 4451 est
1460 4411 1580 4474 eum
1610 4415 1622 4450 :
1653 4407 1707 4452 et

1812 3241 1918 3288 tem
1957 3233 2024 3286 ad
2065 3235 2386 3298 ecclesiam,
2431 3235 2544 3289 sine
2581 3235 2979 3288 intermissione
3021 3232 3290 3288 benedixit
3324 3234 3372 3288 ei

1809 3323 1976 3387 Deus,
2011 3331 2064 3377 et
2090 3325 2306 3378 divitem
2342 3324 2470 3379 fecit
2498 3342 2642 3380 eum.
2675 3325 2823 3379 'I’unc
2853 3326 2986 3379 dixit
3013 3325 3062 3380 ci
3092 3325 3179 3380 ille
3208 3324 3373 3380 bonus

1807 3411 2175 3466 consiliarius:
2209 3413 2432 3480 Vidisti,
2469 3414 2653 3480 frater,
2683 3430 2844 3469 unum
2877 3414 3211 3470 mendacium
3255 3430 3372 3484 pro—

1807 3507 1936 3571 pter
1958 3503 2123 3557 Deum
2160 3502 2310 3573 (88),
2340 3514 2588 3573 quantum
2619 3505 2810 3575 profuit
2838 3507 3028 3562 anima:
3056 3517 3155 3562 tute
3177 3517 3230 3562 et
3251 3507 3372 3561 sub-

1807 3591 2018 3646 atantite
2051 3594 2192 3647 tutel
2217 3593 2418 3656 Crede,
2451 3593 2578 3648 nihil
2623 3595 2954 3650 inveniebam
2997 3596 3282 3664 aliquando
3319 3597 3370 3649 in

1797 3680 1980 3751 terra,
2010 3693 2068 3740 ut
2091 3683 2362 3741 aestimasti
2394 3687 2556 3756 gratia
2586 3687 2737 3758 pretii
2764 3704 2778 3752 ;
2818 3688 2909 3742 sed
2951 3688 3200 3756 quoniam
3239 3687 3372 3742 dixit

1808 3774 2063 3830 Dominus
2091 3794 2102 3828 :
2139 3776 2369 3843 Quatrite
2397 3778 2623 3847 primum
2651 3793 2870 3848 regnum
2907 3777 2998 3834 Dei
3032 3789 3084 3834 et
3109 3780 3368 3848 justitiam

1808 3863 1956 3933 ejus,
2003 3875 2059 3921 et
2100 3863 2214 3920 btec
2241 3866 2416 3919 omnia
2444 3867 2759 3934 adjicientur
2791 3868 2939 3924 VOIliS
2969 3870 2986 3937 (
3013 3867 3200 3921 Matth.
3231 3885 3284 3944 vt
3307 3868 3327 3938 )
3352 3887 3368 3935 ε

1811 3957 2012 4012 idcirco
2059 3956 2394 4010 occasionem
2440 3955 2576 4023 feci,
2607 3963 2810 4012 tantum
2842 3968 2902 4013 ut
2942 3941 3249 4013 seducerent
3281 3969 3370 4026 te;
3399 3941 3404 3948 ’

1809 4060 1864 4105 et
1913 4064 2040 4104 ecce
2079 4065 2183 4103 non
2223 4051 2338 4113 sine
2376 4064 2533 4104 causa
2573 4037 2838 4116 laboravi,
2871 4050 2967 4105 sed
3011 4051 3254 4107 invenisti
3278 4093 3292 4115 ,
3323 4063 3373 4105 et

1810 4142 2244 4208 superinvenisti.
2293 4143 2402 4196 [Ioc
2451 4139 2611 4212 igitur
2655 4141 2867 4197 discens
2904 4153 3115 4198 sanctus
3153 4143 3373 4212 patriar-

1807 4235 1942 4304 cha,
1978 4235 2102 4288 fecit
2143 4226 2286 4288 illum
2334 4235 2528 4288 bonum
2570 4232 2932 4289 consiliarium
2975 4221 3368 4305 presbyterum,

1809 4332 2076 4390 tamquam
2106 4323 2320 4391 dignum
2349 4339 2362 4390 ;
2391 4332 2506 4377 erat
2532 4322 2674 4379 enim
2706 4322 2888 4378 lector.

1877 4412 2007 4469 CAP.
2037 4412 2263 4468 XLVIII.
2293 4443 2360 4454 —
2395 4413 2456 4466 Et
2484 4413 2693 4483 quidem
2727 4411 2982 4468 hactenus
3017 4421 3140 4466 ante
3169 4423 3370 4464 memo-

136 4498 403 4540 νυιιθιύιη
433 4489 624 4550 amb",
671 4489 923 4542 habent“
963 4495 1017 4540 εί
1056 4487 1330 4557 [melille
1369 4499 1570 4556 Septem
1609 4503 1703 4542 ³η·
1733 4481 1786 4541 Ῑ)
1812 4506 1955 4559 ratus
2008 4492 2102 4559 Dei
2141 4491 2316 4559 cultor
2367 4481 2614 4571 Mennas,
2662 4505 2750 4574 qui
2799 4503 2970 4559 fuerat
3013 4500 3371 4556 vicedominus

137 4593 334 4632 norum
377 4577 710 4628 existentem.
753 4577 883 4630 Cum
928 4593 1053 4645 ergo
1097 4587 1402 4647 aegrotasset
1438 4579 1598 4632 abbas
1648 4579 1699 4632 in

136 4666 448 4721 inﬁmitate
472 4665 534 4718 ad
563 4675 786 4718 mortem
806 4704 822 4732 ,
847 4669 1197 4723 ascenderunt
1242 4668 1306 4722 ad
1348 4669 1700 4723 visitationem

135 4758 257 4824 ejus
283 4756 349 4808 de
373 4754 584 4808 civitate
616 4769 779 4824 usque
806 4758 869 4812 ad
908 4769 1118 4812 centum
1165 4759 1388 4814 animas.
1436 4761 1497 4813 Et
1535 4760 1698 4814 dicit:

137 4845 338 4899 Aﬁerte
381 4861 593 4914 prunas.
626 4846 803 4915 Itaque
832 4861 947 4901 cum
980 4851 1206 4904 venisset
1239 4849 1557 4905 thuribulum
1589 4849 1699 4919 (87)

141 4938 356 5006 plenum
399 4940 616 5006 prunis,
653 4941 768 4992 tulit
805 4949 856 4993 et
891 4941 1161 4994 evacuavit
1199 4955 1287 4994 eas
1329 4943 1379 4994 in
1421 4942 1702 4994 vesﬁmen-

144 5037 251 5081 tum
279 5043 450 5094 suum,
483 5041 534 5083 et
561 5029 730 5083 dixit:
759 5030 986 5094 Credite,
1017 5031 1223 5096 fratres,
1253 5033 1370 5096 quia
1400 5032 1535 5086 sicut
1565 5031 1702 5084 Deus

148 5121 334 5173 rubum
389 5122 667 5175 custodivit
708 5123 1092 5177 inconihustum
1131 5125 1199 5176 ab
1240 5122 1387 5191 igne,
1430 5124 1564 5176 sicut
1609 5137 1703 5175 nec

147 5212 377 5262 tunicam
421 5211 556 5264 hanc
599 5227 769 5266 meam
817 5212 1162 5267 incenderunt
1210 5227 1390 5282 pruna:
1435 5214 1583 5277 istm,
1631 5213 1698 5266 ita

146 5313 250 5354 nec
297 5315 394 5369 ego
442 5302 630 5369 agnovi
683 5307 951 5370 peccatum
992 5304 1260 5369 mulieris,
1301 5317 1364 5358 ex
1404 5317 1508 5372 quo
1547 5313 1690 5357 natus

143 5402 283 5442 sum.
312 5393 379 5446 Et
406 5405 590 5446 omnes
618 5394 791 5447 mirati
827 5405 982 5460 sunt,
1031 5397 1295 5466 quomodo
1335 5411 1438 5450 non
1480 5397 1697 5450 ardebat

146 5481 514 5537 Vestimentum
543 5483 610 5537 ab
638 5485 793 5552 igne;
837 5495 889 5540 et
925 5486 1353 5554 gloriﬁcaverunt
1395 5487 1559 5540 Deum
1604 5486 1697 5540 Ita-

147 5565 358 5623 bentem
384 5573 618 5626 occultos
647 5589 850 5631 servos.
884 5577 960 5631 Ex
992 5579 1270 5632 occasione
1297 5591 1470 5633 autem
1504 5594 1694 5634 nouns:

148 5657 370 5731 Pelagia:
401 5661 660 5732 quondam
689 5666 1013 5732 meretricis,
1043 5667 1154 5722 aliae
1183 5666 1474 5723 fornicariae
1499 5677 1694 5725 secutae

1807 4597 2155 4653 sanctissimae
2196 4596 2435 4652 ecclesia:
2478 4595 2961 4650 Alexandrinorum
3008 4607 3210 4659 magnae
3239 4591 3368 4644 civi-

1806 4685 1957 4744 tatis,
2005 4685 2271 4738 enarravit
2310 4685 2482 4756 nobis.
2516 4682 2796 4751 Sequentia
2829 4691 3004 4734 autem
3036 4680 3208 4734 vilitas
3250 4695 3367 4738 mea

1807 4775 2046 4843 depinxit
2075 4791 2089 4839 ;
2119 4773 2362 4842 quaedam
2394 4787 2519 4826 vero
2547 4787 2575 4824 a
2607 4772 2914 4841 quihusdam
2945 4811 2960 4835 ,
2993 4770 3182 4838 quibus
3213 4771 3369 4838 digne

1803 4863 2128 4919 credendum
2152 4873 2255 4930 est,
2279 4859 2473 4915 audivi.
2501 4859 2805 4916 Dicentihus
2827 4875 2954 4929 ergo
2980 4860 3132 4914 nobis
3157 4861 3208 4913 in
3237 4875 3370 4928 prte-

1805 4957 1964 5012 dictis
1992 4956 2044 5011 in
2075 4955 2303 5026 quodam
2334 4955 2564 5024 capitulo
2595 4953 2614 5026 (
2648 4972 2786 5026 παρη
2809 4972 2856 5010 c.
2885 4956 2941 5010 II
2963 4955 3006 5024 ),
3037 4956 3176 5025 quod
3205 4955 3368 5012 multa

1805 5045 2069 5112 Spirituali
2119 5043 2406 5099 dilectione
2447 5045 2747 5112 patriarcha
2792 5053 2846 5100 et
2892 5045 3074 5099 Niceta
3107 5046 3371 5114 patricius

1803 5134 1868 5188 ad
1912 5135 2136 5189 invicem
2177 5133 2406 5203 colligati
2445 5142 2656 5202 essent,
2697 5134 2911 5205 dignum
2955 5135 3206 5192 iudicium
3250 5135 3371 5191 talis

1801 5223 2142 5278 cxhibitionis
2174 5239 2406 5294 praesens
2430 5225 2609 5280 existit
2635 5226 2941 5295 capitulum.

1871 5311 2114 5384 Quando,
2131 5314 2465 5384 permittente
2489 5314 2598 5370 Deo
2623 5313 2758 5387 (89),
2778 5331 2876 5387 pro
2897 5317 3128 5386 peccatis
3147 5315 3366 5380 nostris,

1801 5402 2034 5457 Inturum
2062 5415 2178 5460 erat
2206 5413 2265 5460 ut
2294 5405 2590 5461 traderetur
2613 5407 2938 5463 Alexandria
2965 5411 3079 5465 sine
3103 5409 3213 5463 Deo
3237 5407 3366 5462 Perl-

1801 5494 1906 5558 sis,
1938 5493 2286 5550 reminiscens
2317 5507 2493 5564 pastor
2516 5497 2779 5552 dicentis:
2810 5499 2940 5554 Cum
2974 5499 3236 5568 persecuti
3264 5511 3362 5554 vos

1799 5584 1993 5638 iuerint
2021 5585 2072 5637 in
2106 5577 2319 5640 civitate
2350 5587 2446 5642 ista
2469 5628 2484 5652 ,
2519 5587 2682 5657 fugite
2709 5588 2762 5643 in
2789 5590 2942 5643 aliam
2988 5589 3007 5642 l
3034 5589 3221 5645 Matth.
3250 5606 3281 5644 tt
3305 5587 3360 5658 ).

1801 5672 1980 5740 fugam
2027 5676 2256 5744 arripuit
2303 5674 2354 5730 in
2403 5679 2670 5747 propriam
2721 5678 2988 5750 patriam,
3031 5680 3271 5736 videlicet
3309 5677 3364 5734 in
