3736 6308
507 305 647 361 1655

1568 300 1846 358 LEONTII
1887 298 2352 356 NEAPOLITANI
2396 299 2706 356 EPISCOH
3508 307 3570 358 liii

510 421 778 491 Cyprum,
827 418 880 472 in
928 415 1193 473 civitatem
1240 429 1414 471 suam.
1463 412 1616 468 Unde
1662 414 1943 466 occasione
1987 425 2078 465 ac-
2108 409 2493 476 Aglorificabo
2519 410 2575 480 (1
2605 413 2728 482 Reg.
2763 412 2843 481 ιι).
2887 413 3025 468 Vere
3069 415 3199 469 enim
3235 417 3567 488 magniﬁcum

514 521 668 580 cepta
691 552 707 577 ,
743 509 994 580 prmfatus
1022 508 1200 561 Niceta
1231 505 1485 573 patricius
1514 503 1650 557 dixit
1689 503 1752 555 ad
1796 510 2037 556 sanctum
2065 518 2077 552 :

513 600 779 660 Obsecro,
812 599 856 652 si
900 597 1074 651 inveni
1117 593 1340 665 gratiam
1387 603 1510 648 ante
1550 605 1628 655 te,
1677 605 1744 645 ne
1782 590 2082 660 dedignrris

516 689 726 760 fatigari
775 703 944 757 usque
991 685 1058 742 ad
1124 685 1322 755 regiam
1387 684 1684 745 civitatem,
1725 691 1779 736 et
1815 681 1950 756 bene
1996 693 2081 734 ac-

515 791 701 850 ceptas
728 792 914 847 preces
957 785 1075 830 tuas
1113 775 1314 830 donare
1357 773 1612 842 piissimis
1652 772 2080 840 imperatoribus.

515 870 607 926 lile
689 881 822 924 vero
894 870 1079 929 multa“:
1149 867 1277 924 ﬁdei
1347 865 1450 921 viri
1527 864 1913 930 consentiens,
1955 862 2084 918 obe-

522 961 676 1016 dicns
707 960 770 1014 ad
802 961 904 1014 hoc
933 958 1103 1013 factus
1132 969 1213 1013 est
1252 958 1361 1012 Deo
1398 965 1448 1012 et
1489 956 1746 1010 voluntati
1782 956 1930 1026 ejus,
1966 963 2020 1009 et
2051 968 2082 1007 a

515 1065 575 1104 se
607 1051 786 1104 datum
814 1051 1069 1104 honorem
1095 1058 1344 1117 quantum
1369 1056 1483 1101 erat
1505 1047 1646 1103 circa
1673 1047 1880 1101 beatum
1906 1055 2086 1099 osteno

516 1142 644 1196 dere
675 1143 906 1199 volente.
940 1142 1178 1210 Fatigata
1208 1140 1371 1211 igitur
1397 1139 1517 1194 navi
1560 1137 1922 1206 multipliciter
1961 1151 1991 1190 a
2033 1137 2083 1190 vi

522 1241 800 1286 ventorum
824 1275 839 1300 ,
875 1233 928 1286 in
958 1246 1060 1301 qua
1089 1242 1302 1286 sanctus
1329 1245 1448 1284 cum
1493 1231 1713 1298 patricio
1751 1237 1900 1294 erat,
1937 1237 1992 1282 et
2030 1227 2082 1283 in

525 1322 846 1389 profundum
877 1321 1133 1376 mittenda
1161 1361 1176 1385 ,
1207 1320 1352 1374 videt
1390 1334 1533 1390 saepe
1559 1327 1886 1374 memoratus
1912 1319 2086 1388 patri-

523 1412 670 1475 cius,
700 1421 753 1465 et
780 1411 1064 1479 optimates
1093 1409 1183 1478 qui
1225 1424 1344 1462 cum
1375 1422 1440 1463 eo
1467 1417 1656 1475 erant,
1685 1422 1788 1462 una
1818 1417 2000 1471 nocte,
2030 1407 2084 1461 in

520 1518 626 1575 qua
655 1511 942 1572 tempestas
977 1501 1112 1554 facta
1140 1508 1254 1565 est,
1287 1500 1638 1566 patriarcbam
1674 1498 1836 1554 modo
1871 1499 2082 1568 quidem

491 1601 634 1649 cum
681 1592 999 1662 pauperibus
1052 1605 1149 1660 per
1193 1592 1370 1644 navim
1413 1589 1607 1658 ubique
1653 1589 2084 1644 circumcurren-

517 1692 652 1748 tem,
687 1681 846 1736 modo
873 1689 1049 1735 autem
1076 1683 1264 1735 iterum
1299 1694 1419 1733 cum
1461 1681 1541 1755 eis
1570 1695 1757 1733 manus
1799 1678 1854 1732 in
1891 1678 2082 1734 ctelum

2184 503 2327 557 cavit
2353 514 2594 558 sanctum
2626 505 2788 574 hunc,
2819 506 2906 574 qui
2947 507 3001 560 in
3031 507 3136 562 suis
3159 521 3337 576 semper
3363 510 3565 579 bonum:—

2186 591 2372 648 ficatus
2407 604 2492 648 est
2530 595 2806 649 Dominus.
2842 594 2954 650 Non
3005 597 3141 650 enim
3181 596 3331 651 ferens
3359 599 3487 652 nobilis
3511 600 3562 656 iit,

2185 684 2463 754 temporali
2485 685 2592 738 vita
2616 699 2710 738 sua
2738 687 3114 754 conquiescere
3131 698 3290 741 sancta
3308 697 3351 741 et
3365 689 3471 756 digna
3489 692 3563 742 lata

2183 773 2344 840 bona,
2370 775 2498 843 quid
2524 775 2674 844 egit?
2716 775 3078 840 Xenodocbia,
3120 778 3453 843 gerontocomia,
3485 790 3563 844 atqu

2185 865 2505 918 monasteria
2534 878 2564 918 a
2593 864 2952 919 fundamentis
2979 865 3253 929 aediﬁcans,
3277 878 3321 920 et
3343 866 3478 920 choros
3500 883 3561 919 sa-

2183 963 2388 1008 ctorum
2442 955 2824 1008 monachorum
2883 963 3149 1018 statuens,
3198 956 3560 1010 incessabilemm

2179 1043 2398 1113 iustitiae
2427 1045 2739 1098 memoriam
2770 1042 3026 1111 possidet,
3055 1059 3141 1114 per
3161 1060 3215 1098 ea
3249 1060 3348 1114 quae
3368 1045 3558 1099 celebrantur

2186 1134 2238 1188 in
2261 1134 2341 1189 eis
2370 1133 2507 1188 bona
2527 1147 2712 1204 opera.
2744 1134 2893 1200 Quod
2925 1135 3063 1188 enim
3089 1136 3150 1188 de
3177 1135 3248 1189 bis
3270 1135 3343 1204 qui
3360 1136 3456 1187 nuta
3469 1146 3555 1200 agat.

2183 1233 2237 1278 et
2258 1237 2596 1278 successores
2624 1224 2960 1292 propriorum
2996 1223 3233 1278 malorum
3271 1226 3555 1292 postmorttuia

2191 1316 2298 1367 vita
2330 1311 2431 1368 hac
2456 1313 2786 1382 relinquunt,
2819 1315 2892 1366 ait
2938 1312 3154 1366 Domino
3194 1313 3347 1381 plenus
3371 1311 3555 1380 Apostle:

2185 1400 2449 1470 Quoniam
2470 1403 2821 1470 quorumdam
2875 1413 3092 1472 peccata
3144 1402 3557 1468 manifestamnt,pta

2185 1495 2425 1550 cedentia
2453 1496 2518 1549 ad
2535 1495 2824 1564 judicium;
2858 1494 3109 1564 quosdam
3136 1506 3288 1548 autem
3307 1503 3351 1548 et
3369 1487 3557 1559 salseque:-

2188 1595 2292 1641 tur.
2313 1587 2423 1642 Hoc
2441 1597 2656 1642 econtra
2678 1585 2793 1658 (95)
2814 1587 2880 1641 de
2904 1592 3002 1643 hoc
3019 1589 3162 1641 beato
3179 1587 3399 1642 dicendum
3410 1584 3557 1649 estote

2187 1677 2328 1732 niam
2351 1677 2932 1747 quorumdamiustitia:
2948 1679 3222 1734 manifestae
3240 1687 3340 1731 sunt
3351 1677 3557 1746 praecedente

517 1772 894 1831 extendentem
915 1809 933 1837 ,
962 1775 1017 1824 et
1056 1769 1122 1824 ab
1163 1770 1270 1824 alto
1310 1767 1627 1838 adiutorium
1666 1768 2077 1823 abstrahentem.
2111 1770 2157 1831 Β
2186 1765 2236 1818 in
2281 1781 2502 1836 regnum
2550 1768 2804 1822 caelorum
2833 1767 2892 1840 (Ι
2914 1769 3071 1833 Tim,
3100 1770 3168 1838 v),
3190 1767 3392 1838 quosdam
3422 1775 3556 1818 autem

517 1861 754 1930 Cumque
783 1862 836 1914 in
866 1859 1110 1914 Rhodum
1142 1859 1256 1929 (90)
1299 1860 1668 1927 pervenissent
1702 1858 2084 1926 ascendentes,

519 1948 663 2003 videt
687 1947 1091 2018 expergefactus
1121 1961 1150 2000 a
1187 1947 1296 2002 Deo
1325 1955 1544 2002 vocatus
1575 1946 1660 2000 hic
1686 1945 1968 2018 quemdam
1996 1961 2088 2001 eu-

525 2039 755 2094 nuchum
783 2047 1150 2094 coruscantem
1177 2037 1347 2092 forma
1365 2078 1379 2103 ,
1408 2047 1462 2092 et
1501 2052 1718 2093 aureum
1745 2045 2010 2108 sceptrum
2033 2039 2085 2092 in

453 2139 458 2144 '
525 2127 709 2185 dextra
735 2136 1022 2193 tenentem,
1045 2128 1382 2182 assistentem
1400 2127 1497 2183 sibi
1522 2135 1575 2182 et
1599 2127 1860 2187 dicentem
1887 2145 1900 2180 :
1929 2118 2083 2194 Veni,

522 2220 651 2288 iube
678 2220 823 2291 (9i),
850 2219 965 2273 Rex
997 2218 1328 2288 regnantium
1355 2219 1548 2286 quaerit
1577 2209 1810 2274 te.'Nihil
1833 2233 1958 2287 ergo
1982 2227 2091 2274 sta-

521 2312 616 2366 tim
648 2310 948 2378 negligens,
978 2307 1202 2364 advocat
1240 2306 1517 2378 patricium
1559 2308 1792 2363 Nicetam
1813 2348 1828 2373 ,
1871 2318 1926 2364 et
1960 2311 2087 2365 dicit

519 2399 571 2455 ei
598 2413 722 2454 cum
753 2399 935 2455 multis
965 2397 1252 2469 lacrymis:
1283 2397 1361 2452 ’l‘u
1389 2398 1600 2467 quidem
1621 2442 1637 2464 ,
1679 2414 1711 2453 ο
1740 2400 1953 2455 domine
1974 2439 1991 2467 ,
2020 2401 2085 2456 ad

519 2499 790 2544 terrenum
839 2489 1212 2558 imperatorem
1243 2501 1329 2543 me
1356 2489 1592 2551 vocasti;
1625 2487 1716 2542 sed
1746 2489 2078 2558 praeveniens

518 2577 788 2645 ctelestis,
817 2587 942 2634 ante
973 2579 1187 2633 vocavit
1217 2578 1563 2647 exiguitatem
1593 2592 1783 2632 meam.
1818 2578 1882 2632 Et
1909 2581 2088 2634 retulit

519 2669 566 2724 el
606 2669 867 2738 eunuchi,
911 2670 1018 2724 imo
1055 2669 1228 2741 angeli
1271 2671 1569 2733 visionem.
1613 2685 1733 2741 qua:
1771 2679 2088 2740 apparuerat

519 2761 646 2819 sibi.
690 2762 913 2817 Gavisus
949 2777 1078 2834 ergo
1120 2773 1174 2818 et
1201 2764 1366 2818 tristis
1397 2763 1567 2818 factus
1595 2765 1733 2820 idem
1767 2767 2088 2835 gloriosissi-

523 2869 646 2910 mus
677 2857 776 2921 vir,
805 2853 1066 2925 impedire
1095 2863 1334 2910 sanctum
1366 2870 1472 2911 non
1507 2858 1693 2925 potuit.
1737 2858 1963 2914 Abunde
1993 2859 2088 2930 igi-

521 2955 606 2999 tur
645 2947 846 3000 sanctis
885 2947 1000 3015 eius
1040 2947 1272 3015 repletus
1311 2947 1676 3014 orationibus,
1716 2957 1770 3004 et
1804 2950 2086 3019 imperato-

521 3035 670 3089 ribus
698 3037 793 3091 bas
822 3035 1070 3090 deferens
1094 3079 1109 3106 ,
1143 3050 1264 3090 cum
1293 3038 1460 3093 multo
1488 3037 1692 3096 honore
1723 3040 1900 3097 redire
1941 3042 1990 3098 ei
2030 3043 2083 3097 in

519 3123 746 3197 Cyprum
773 3123 950 3191 iussit.
1035 3195 1046 3204 ⁴

586 3213 715 3270 CAP.
754 3211 937 3270 XLIX.
980 3241 1051 3253 —
1089 3213 1411 3269 Adveniente
1449 3229 1576 3284 ergo
1605 3229 1670 3270 eo
1715 3215 1768 3270 in
1813 3216 2082 3287 propriam

519 3307 805 3370 civitatem,
835 3322 955 3378 quae
983 3303 1301 3362 Amathunta
1325 3308 1439 3380 (ῦὲ)
1467 3309 1775 3376 vocabatur,
1800 3319 2082 3372 testamen-

519 3410 630 3454 tum
659 3397 926 3470 pr0piium
968 3399 1202 3454 scribere
1242 3400 1348 3453 cito
1377 3399 1632 3454 ministris
1660 3400 1770 3454 suis
1812 3402 2083 3470 praecepit.

520 3490 784 3546 Velociter
808 3504 934 3545 vero
962 3499 1016 3544 et
1044 3490 1157 3544 sine
1195 3488 1445 3560 dilatione
1476 3489 1714 3544 chartam
1743 3498 1796 3545 et
1825 3490 2084 3546 calamum

519 3583 986 3654 prmsentantibus,
1031 3581 1284 3651 prmcepit
1327 3594 1536 3634 sacrum
1579 3578 1705 3632 illud
1749 3593 1810 3633 os
1849 3579 2086 3634 scribere

519 3673 636 3729 sic“:
674 3690 694 3724 ι
730 3671 961 3727 Joannes
987 3686 1192 3736 servus,
1234 3680 1449 3740 propter
1475 3683 1591 3724 eam
1623 3683 1749 3722 vero
1790 3682 1911 3736 qua:
1966 3683 2091 3737 sup-

519 3761 688 3832 posita
710 3769 793 3816 est
811 3761 940 3818 mihi
969 3760 1250 3816 sacerdotii
1272 3760 1601 3830 dignitatem,
1629 3757 1720 3812 Dei
1741 3759 1907 3827 gratia
1929 3758 2081 3812 liber.

521 3844 734 3906 Gratias
759 3864 878 3920 ago,
913 3851 1070 3918 Deus,
1097 3847 1212 3914 tibi,
1242 3846 1488 3918 quoniam
1519 3846 1786 3902 exaudisti
1816 3848 2084 3901 miseriam

522 3956 718 4007 meam,
771 3949 1042 4011 rogantem
1098 3940 1389 3995 bonitatem
1446 3948 1613 4006 tuam,
1661 3953 1728 3993 ne
1759 3939 2087 3994 inveniretur

520 4032 768 4097 morienti
800 4032 930 4088 mihi
983 4032 1083 4086 nisi
1115 4047 1248 4087 unus
1302 4029 1579 4086 tremissis.
1611 4029 1917 4086 lnveniente
1943 4031 2085 4084 enim

521 4135 608 4176 me
658 4121 711 4175 in
762 4121 1061 4178 honorabili
1115 4121 1384 4190 episcOpio
1433 4122 1785 4176 sanctissimae
1833 4119 2087 4175 Ecclesia:

521 4211 1009 4267 Alexandrinorum
1041 4227 1243 4281 magnae
1273 4211 1520 4277 civitatis,
1551 4227 1708 4281 quam
1757 4225 1850 4280 per
1902 4210 2088 4264 indul-

521 4301 752 4366 gentiam
787 4301 878 4356 Dei
909 4303 1140 4370 suscepi,
1173 4301 1381 4371 quando
1411 4301 1465 4354 in
1494 4315 1555 4354 ea
1585 4311 1926 4355 consecratus
1969 4314 2085 4354 sum

520 4391 823 4460 episcopus,
854 4390 1064 4446 circiter
1091 4392 1356 4462 octoginta
1384 4393 1687 4445 centenaria
1716 4393 1854 4457 auri,
1884 4399 1938 4447 et
1967 4406 2084 4461 quae

2187 1856 2600 1928 subsequuntur,
2623 1861 2689 1915 de
2709 1861 2901 1931 quibus
2925 1877 3058 1916 unus
3082 1872 3132 1915 et
3157 1861 3243 1915 iste
3259 1860 3428 1915 exstitit.
3446 1858 3554 1924 thu

2187 1950 2328 2006 niam
2359 1964 2464 2004 non
2491 1951 2692 2018 fabula,
2715 1967 2891 2022 neque
2919 1953 2984 2006 ad
3010 1953 3216 2022 gratiam
3241 1959 3320 2016 est,
3345 1948 3439 2017 quod
3457 1948 3553 1999 didm

2184 2050 2413 2106 constat,
2473 2043 2835 2098 testimonium
2894 2045 3046 2098 nobis
3091 2043 3324 2112 perliibeat
3361 2041 3462 2108 plne
3487 2036 3554 2102 ﬁt!“

2185 2145 2308 2185 mox
2338 2131 2394 2186 in
2429 2132 2662 2202 pretiosa
2717 2133 2833 2202 eius
2860 2132 3360 2200 dormitionegestum
3382 2137 3435 2182 est
3464 2121 3554 2193 proti-

2183 2220 2350 2290 gium.
2386 2220 2651 2277 Tradente
2679 2224 2819 2277 enim
2857 2237 2930 2278 eo
2961 2233 3017 2279 et
3051 2221 3386 2278 commendante
3411 2215 3552 2284 ιιιπιρήιε

2185 2311 2419 2365 animam
2441 2311 2495 2366 in
2518 2326 2678 2366 manu
2699 2312 2938 2379 Domini,
2964 2322 3021 2368 ut
3043 2313 3111 2366 ait
3133 2310 3294 2367 alicubi
3312 2322 3417 2362 sacra
3435 2305 3552 2358 liuet:

2183 2398 2316 2456 Justt
2336 2416 2452 2456 rum
2497 2402 2689 2458 anima
2729 2403 2794 2457 in
2826 2418 2993 2458 manu
3035 2403 3122 2457 Dei
3173 2410 3278 2456 sunt
3309 2398 3419 2469 (Sep.
3449 2395 3552 2458 mlta

2187 2489 2324 2545 hanc
2349 2491 2401 2546 ei
2431 2500 2488 2544 ut
2511 2492 3178 2565 sacrificiumimmolatum
3205 2489 3412 2550 offerente,
3431 2496 3550 2537 cum

2189 2581 2531 2636 condendum
2561 2593 2704 2637 esset
2728 2583 3047 2638 honorabile
3071 2584 3174 2652 eius
3191 2595 3346 2648 corpus
3380 2572 3548 2634 bottoriﬁﬁ.

2185 2681 2238 2726 et
2264 2685 2383 2726 cum
2407 2687 2644 2742 congruo
2673 2677 3046 2730 sacerdotibus
3075 2676 3164 2729 ritu
3207 2674 3253 2728 in
3287 2671 3442 2741 quodam
3459 2673 3549 2718 orato-

2185 2761 2272 2816 rio
2307 2764 2477 2816 sancti
2531 2765 2915 2820 miraculorum
2971 2767 3169 2823 factoris
3205 2751 3548 2834 'l‘ychonisﬂil).il

2184 2851 2448 2920 quoddam
2478 2854 2582 2909 tale
2615 2855 2820 2922 signum
2848 2857 3157 2924 gloriosum.

2255 2943 2382 2997 Car.
2421 2941 2484 2996 L.
2527 2971 2596 2983 —
2631 2943 2891 3000 Iacebant
2919 2947 2969 3000 in
2988 2946 3198 3015 quodam
3221 2941 3386 3003 tumulo,
3402 2931 3545 2998 abietis-

2185 3041 2299 3090 atus
2328 3033 2414 3089 hic
2441 3037 2776 3104 reponendus
2804 3047 2945 3102 erat,
2975 3037 3182 3093 duorum
3223 3031 3415 3104 quoniam
3434 3025 3545 3091 θρίων·

2109 3125 2156 3186 C
2189 3138 2400 3192 porum.
2425 3125 2516 3196 qui
2556 3135 2680 3182 ante
2720 3127 3068 3192 dormierant,
3110 3135 3266 3181 sancta
3302 3119 3471 3175 veraciter
3485 3125 3542 3163 fitt-

2187 3231 2317 3285 pora
2346 3228 2650 3271 sanctorum
2677 3235 2692 3272 :
2721 3234 2838 3289 quas
2867 3229 2926 3274 et
2970 3222 3022 3274 in
3051 3227 3217 3272 natura
3240 3210 3406 3270 exanimi
3430 3202 3540 3258 tum

2185 3307 2450 3377 degentia,
2483 3317 2732 3378 tanquam
2786 3310 2830 3365 si
2885 3313 3000 3364 vlva
3046 3324 3212 3364 revera
3245 3294 3543 3362 θεεθιιῐ.³1¹²¹¹⁵

2183 3407 2368 3452 sancto
2391 3397 2651 3452 honorem
2684 3399 3005 3455 tribuerunt.
3037 3396 3158 3454 Cum
3197 3395 3309 3450 enim
3331 3388 3420 3444 beati
3445 3389 3542 3447 MP5

2185 3489 2324 3545 inter
2349 3490 2482 3544 duos
2501 3489 2618 3544 illos
2637 3491 3062 3559 componendum
3085 3496 3228 3551 esset,
3247 3484 3542 3570 homo???“

2187 3598 2331 3637 tuum
2366 3591 2634 3649 pastorem
2677 3595 2946 3653 pastores,
2991 3592 3044 3638 et
3068 3582 3255 3636 multam
3290 3575 3379 3642 eius
3411 3565 3539 3618 ﬁducia-

2185 3673 2335 3744 apud,
2357 3675 2520 3728 Deum
2545 3684 2884 3742 reverentes,
2915 3676 3136 3731 simulet
3169 3672 3381 3726 mirantes.
3409 3657 3465 3714 06'
3485 3654 3541 3721 ﬁt"

2186 3765 2336 3819 sione
2354 3774 2601 3833 tanquam
2624 3765 2726 3818 vivi
2741 3780 2968 3834 corpora
2985 3780 3074 3820 sua
3087 3749 3435 3831 separastcsi95),
3447 3746 3540 3839 int-9"

2188 3852 2276 3907 dio
2304 3866 2514 3908 sacrum
2561 3851 2703 3908 hunc
2744 3862 3108 3923 susceperunt,
3153 3851 3352 3904 honorem
3385 3848 3420 3894 el
3446 3836 3540 3899 it“

2189 3947 2545 4013 Praeceptione
2570 3944 2666 3999 Dei
2687 3945 2829 4000 sicut
2859 3961 2889 3999 a
2910 3922 3038 4000 iDeo
3065 3944 3283 3998 honorato
3304 3933 3496 3988 oremus.
3515 3922 3540 3966 α

2187 4035 2432 4090 omnibus
2469 4037 2647 4089 statim
2675 4035 3019 4092 ostendentes
3064 4048 3168 4100 qua:
3201 4045 3227 4083 a
3269 4027 3350 4081 Deo
3380 4019 3413 4074 ei
3440 4013 3539 4066 40"”

2189 4137 2270 4181 est
2294 4127 2518 4196 gloriam
2544 4135 2703 4196 atque
2741 4128 3131 4183 sublimitatem.
3155 4118 3280 4189 Quod
3313 4109 3495 4196 NW"
3514 4101 3538 4143 ⁸

2188 4218 2632 4288 gloriosissimum
2661 4219 2995 4284 miraculum,
3025 4231 3119 4270 non
3145 4224 3273 4273 unus,
3297 4213 3413 4269 neque
3430 4194 3539 4247 ἀθέων

2190 4287 2364 4378 neque
2403 4319 2614 4364 centum
2655 4309 2928 4374 viderunt,
2953 4307 3041 4363 sed
3065 4303 3216 4358 omnis
3247 4295 3360 4351 turba
3389 4287 3538 4354 tu”

2190 4399 2336 4453 venit
2363 4398 2431 4452 ad
2461 4397 2743 4466 pretiosam
2768 4399 2887 4466 ejus
2916 4397 3228 4466 sepulturam.

520 4449 849 4534 intraverunt
897 4480 1023 4533 mihi
1077 4479 1145 4532 ab
1173 4449 1356 4532 amicis
1381 4479 1600 4545 Christi,
1642 4495 1773 4548 pene
1803 4449 2079 4536 numer-um
2111 4467 2160 4525 D
2831 4449 3057 4539 ῖιιζιζιέζ
3094 4481 3197 4551 ejus
3256 4449 3533 4551 gloriosiM“.

521 4570 751 4625 hominis
781 4570 1193 4635 transcendunt;
1225 4572 1275 4623 in
1301 4573 1527 4639 scipsam
1552 4581 1781 4626 mentem
1803 4572 2079 4640 colligens,

519 4669 578 4718 et
602 4674 930 4729 cognoscens
969 4661 1081 4715 haec
1107 4661 1284 4715 omnia
1306 4660 1653 4715 dominatoris
1679 4661 1912 4716 omnium
1941 4677 2080 4729 esse,

521 4753 764 4808 festinavi
795 4769 855 4810 ea
885 4768 1003 4822 quae
1034 4753 1124 4806 Dei
1167 4761 1318 4809 erant
1349 4752 1455 4805 Deo
1485 4751 1631 4807 dare.
1683 4751 1832 4806 Unde
1859 4759 1913 4807 et
1944 4752 2083 4821 quod

524 4847 779 4901 remansit
803 4846 931 4898 mihi
958 4844 1060 4900 boc
1088 4845 1348 4914 tremisse,
1385 4843 1475 4898 Dei
1505 4852 1560 4898 et
1590 4845 1688 4896 hoc
1719 4843 1976 4911 existens,
1997 4843 2083 4912 ju-

523 4937 622 4991 beo
651 4934 766 4990 dari
793 4936 877 4990 his
905 4936 994 5004 qui
1025 4945 1147 4990 sunt
1178 4935 1290 4989 Dei.
1328 4952 1346 4984 ι
1376 4936 1418 4987 υ
1445 4935 1674 5002 gloriosa
1712 4949 1798 4988 res
1823 4935 1835 4985 !
1866 4948 1899 4987 ο
1926 4933 2085 4987 devo-

521 5027 720 5083 tionem
748 5027 912 5081 sancti
946 5029 960 5082 Ξ
991 5027 1105 5082 Non
1138 5024 1379 5090 attendit,
1436 5025 1572 5078 sicut
1593 5022 1893 5089 debuisset,
1939 5024 2082 5088 suis;

529 5119 669 5190 quod
701 5118 900 5172 faciunt
927 5118 1074 5173 multi
1106 5117 1195 5186 qui
1229 5117 1282 5170 in
1311 5114 1507 5169 divitiis
1532 5115 1794 5184 suntrqui
1827 5114 1919 5168 Dei
1946 5113 2084 5167 dona

524 5218 614 5263 aut
643 5223 708 5262 ex
739 5206 994 5277 iniustitia
1031 5206 1285 5270 collecta,
1319 5212 1564 5274 tanquam
1605 5204 1836 5275 propria,
1875 5211 1928 5256 et
1973 5211 2086 5255 tan-

523 5312 681 5367 quam
711 5299 756 5353 si
782 5313 841 5354 ea
870 5311 1047 5351 secum
1079 5296 1214 5350 ferre
1243 5303 1479 5362 possunt,
1499 5293 1872 5359 thesaurizant,
1895 5301 1949 5345 et
1979 5305 2084 5345 non

529 5389 671 5459 larg‘e
692 5389 873 5462 egenis
898 5388 1164 5457 praebent;
1194 5385 1286 5440 scd
1316 5385 1399 5440 illa
1429 5383 1699 5454 quaerebat
1731 5396 1848 5452 qua:
1873 5395 2085 5448 semper

531 5490 764 5547 manent,
786 5494 832 5536 et
858 5480 1136 5545 aliquando
1159 5495 1262 5533 non
1283 5478 1608 5534 minuuntur.
1631 5477 1780 5532 Unde
1802 5478 1916 5530 sine
1936 5491 2085 5528 men-

528 5570 680 5626 dacio
708 5571 1208 5640 repromissionibus
1234 5586 1336 5626 non
1369 5579 1448 5625 est
1474 5571 1906 5638 fraudatus,-quae
1937 5582 2081 5622 asse-

534 5667 732 5728 verant,
766 5676 827 5716 ex
850 5676 1074 5732 persona
1097 5661 1207 5729 Dei,
1240 5661 1486 5731 quoniam
1517 5657 1601 5732 qui
1633 5660 1925 5732 glorificent
1971 5675 2082 5726 me,

2189 4574 2399 4643 quidem
2429 4573 2604 4628 adhuc
2623 4565 2806 4629 vivens
2837 4575 2888 4629 in
2911 4589 3064 4628 carne
3088 4567 3224 4635 οωμίι
3250 4536 3534 4618 miraculumtﬂ

2190 4672 2468 4733 Ροειαυειω
2499 4665 2746 4733 migravit
2773 4666 2839 4718 ad
2864 4667 3044 4729 Deum,
3067 4655 3318 4724 complevit,
3335 4653 3449 4700 sermo
3464 4644 3531 4686 αθ

2188 4769 2482 4809 memorare
2508 4755 2750 4810 tentahit.
2775 4756 2959 4810 Mulier
2998 4751 3210 4822 quaedam
3232 4745 3283 4798 de
3313 4751 3355 4791 ει
3385 4740 3458 4800 (ιιιτ
3473 4734 3536 4822 ⁵³ί¹ξ

2187 4854 2329 4897 ctum
2360 4845 2578 4914 protulit
2618 4846 2834 4899 civitate
2880 4820 3121 4902 existens,
3166 4850 3262 4892 cum
3293 4826 3445 4882 audis-cl

2189 4912 2400 4991 venisse
2425 4950 2460 4989 a
2489 4936 2676 4992 Rhodo
2708 4935 2846 5005 (96),
2894 4944 2948 4990 et
2981 4931 3199 5002 angelum
3231 4925 3270 4980 ei
3308 4912 3536 5009 unum“;

2189 5027 2380 5088 ruisse.
2432 5034 2488 5081 et
2537 5002 2864 5081 vocationem
2894 5028 2957 5080 ad
3004 5028 3289 5079 communem
3315 5002 3488 5061 θοωῖηυω
3511 5002 3535 5036 ⁸

2191 5115 2552 5183 denuntiasse,
2591 5131 2872 5185 peccamen
2920 5112 3247 5184 Εηνίδδίωω
3272 5104 3312 5154 in

2520 5207 2533 5215 -
2787 5207 2818 5215 Π
2949 5207 2961 5215 _
3072 5204 3082 5214 _
3213 5204 3334 5215 id-..
3362 5186 3397 5215 tn
3414 5193 3446 5215 ra
3523 5188 3536 5199 '

2191 5219 2366 5269 scens,
2393 5207 2536 5277 quod
2579 5184 2680 5262 nec
2701 5207 2904 5263 auditus
2949 5204 3189 5260 hominum
3211 5204 3334 5263 1³0⁵⁸⁸
3359 5184 3536 5277 Ῥωῗῖ

2193 5262 2458 5365 firmabat,
2500 5298 2656 5352 fidem
2698 5299 3042 5365 inambiguam
3086 5262 3285 5348 suntet“.
3323 5275 3368 5365 ad
3398 5262 3533 5365 9w:

2191 5388 2386 5441 cursim
2410 5351 2687 5456 pervenit;
2711 5397 2765 5443 et
2785 5351 2940 5457 pedes
2959 5385 3066 5454 eius
3089 5351 3533 5457 comprehendcnsﬂf

2191 5443 2439 5545 lacrymis
2467 5476 2647 5530 multis
2675 5443 2950 5538 clamabat,
2977 5482 3026 5526 et
3051 5471 3204 5522 dicens
3229 5443 3530 5545 smel"

2193 5528 2492 5633 Peccatum,
2522 5582 2555 5621 ο
2583 5577 2662 5621 ter
2692 5568 2862 5632 beate,
2885 5565 3040 5620 habeo
3061 5561 3243 5616 misera.
3265 5541 3366 5616 (ιιιοά
3385 5532 3429 5633 fa

2193 5659 2460 5734 hominum
2515 5658 2695 5713 venire
2745 5672 2846 5712 non
2899 5659 3074 5725 potest,
3119 5656 3163 5702 et
3184 5640 3272 5698 scio
3301 5616 3525 5701 «ιυοάιητδθ
