3736 6308
23 383 147 443 1657

962 393 1116 448 νιτΑ
1161 391 1400 449 SAN'CTI
1441 389 1715 446 JOANMS
1755 389 2325 446 ELBEMOSYNARII.

3092 390 3224 445 ‘lfiS‘l

23 522 157 569 κιιοι
182 509 233 565 id
258 506 387 563 mihi
418 506 721 574 indulgere;
760 504 895 559 dixit
922 506 1063 560 enim
1091 505 1238 559 vobis
1271 505 1521 558 Dominus
1551 522 1561 556 :
1596 505 1644 562 Α
1672 507 1761 551 aut
1792 509 1970 566 potum
2001 499 2216 553 omnino
2264 515 2367 553 nou
2410 509 2644 569 gustatis,
2679 504 2830 559 tertia
2884 514 3058 569 nocte,
3103 508 3227 562 dum

23 602 261 669 Quoniam
291 612 618 669 quaecunque
661 597 927 650 solveritis
963 611 1121 664 super
1153 605 1365 656 terram.
1409 603 1568 649 erunt

23 692 199 755 soluta,
228 697 284 745 et
308 690 359 741 iu
391 687 576 751 caelis;
631 696 685 740 ct
727 700 1055 754 quacunque
1095 685 1382 753 ligaveritis
1410 699 1568 751 super

21 790 224 842 terram,
256 788 414 833 erunt
466 778 620 846 ligata
670 785 723 830 et
766 776 816 829 in
858 776 1006 830 caelis
1051 776 1261 844 (Matth.
1306 774 1568 840 xvut);et

21 885 223 939 tuorum
256 868 568 923 remiseritis
590 876 828 934 peccata,
858 868 1195 919 remittuntur
1218 866 1330 930 eis;
1362 874 1415 919 et
1436 879 1568 931 quo-

21 974 122 1013 rum
153 958 501 1021 retinueritis,
535 964 738 1011 retenta
769 965 891 1010 sunt
917 956 1097 1019 (Joan.
1128 955 1243 1023 xx).
1264 955 1386 1008 llaec
1408 951 1571 1009 verba

21 1049 222 1103 iudiens
251 1064 280 1101 a
312 1048 535 1102 muliere
565 1054 799 1111 sanctus,
833 1056 884 1099 et
937 1047 1147 1110 timens,
1182 1045 1225 1098 si
1260 1044 1563 1113 petitionem

21 1137 116 1206 :jus
134 1136 411 1203 refutaret,
433 1136 626 1190 noxius
647 1138 763 1202 ejus
778 1137 1023 1189 tormenti
1048 1136 1217 1203 fleret,
1237 1136 1360 1189 dum
1387 1144 1567 1205 posset

26 1228 218 1282 iberari
242 1242 270 1280 a
300 1228 508 1295 proprio
531 1234 747 1295 peccato
798 1240 893 1293 per
924 1225 1081 1279 fidem
1132 1240 1286 1294 quam
1338 1226 1565 1281 habebat

23 1336 54 1373 n
76 1334 219 1384 eum,
254 1318 381 1373 dicit
408 1320 472 1374 ad
499 1334 615 1374 eam
655 1318 926 1373 humiliter
956 1337 969 1373 :
996 1319 1052 1374 Si
1081 1320 1263 1387 utique
1303 1318 1499 1385 credis,
1530 1333 1564 1373 ο

20 1409 214 1473 mulier,
241 1408 373 1474 Deo,
395 1408 534 1478 quod
559 1424 652 1477 per
677 1409 1040 1463 infelicitatem
1064 1424 1235 1462 meam
1265 1411 1565 1477 ignoscatur

20 1498 93 1552 ibi
111 1499 315 1553 crimen
334 1498 471 1565 quod
498 1498 654 1563 dicis,
677 1499 932 1553 conﬁtere
956 1498 1082 1551 mihi
1106 1498 1227 1553 hoc.
1247 1499 1376 1564 Quae
1397 1498 1559 1552 dixit:

19 1588 109 1641 ton
136 1602 375 1657 possum,
405 1587 638 1653 domine,
671 1589 849 1643 dicere
892 1587 967 1650 id,
1018 1604 1191 1657 neque
1218 1588 1360 1643 enim
1394 1596 1565 1655 potest

17 1678 205 1731 inditus
237 1678 513 1732 hominum
540 1686 749 1747 portare
776 1677 926 1732 illud.
956 1678 1093 1732 Dicit
1114 1678 1179 1731 ad
1224 1692 1340 1733 eam
1368 1678 1561 1733 iterum

18 1779 247 1823 auctus:
283 1768 350 1821 Et
403 1768 448 1822 si
482 1768 772 1833 erubescis,
830 1767 962 1823 vade
1009 1776 1065 1822 et
1108 1768 1283 1822 scribe
1334 1768 1482 1834 illud,
1514 1770 1558 1823 si

1668 603 1853 642 rursus
1882 604 1999 643 cum
2050 590 2297 659 lacrymis
2324 592 2539 646 eosdem
2584 594 2746 648 duros
2776 610 2836 648 ac
2885 595 3066 651 ﬁdeles
3116 612 3229 651 ser-

1667 692 1851 732 mones
1880 679 2186 733 beatissimo
2205 681 2425 744 diceret,
2448 696 2577 736 ecce
2591 684 2750 752 egred
2776 692 2860 737 tur
2886 686 2977 739 Dei
3005 685 3230 741 famulus

1665 770 1733 824 de
1764 770 1970 823 tumulo
1999 784 2118 836 suo,
2147 772 2392 825 oculatim
2426 786 2688 841 apparens
2726 790 2845 828 cum
2876 776 3078 832 duobus
3121 782 3226 847 epi-

1665 864 1861 929 scopis,
1889 861 1976 929 qui
2002 875 2122 915 cum
2145 877 2208 916 eo
2228 863 2495 932 jacebant,
2523 881 2627 919 uno
2652 864 2796 932 hinc,
2828 878 2879 921 et
2908 871 3078 923 altero
3108 871 3229 923 him:

1665 950 2010 1018 aspitantibus
2040 951 2179 1022 (99),
2208 961 2262 1008 et
2289 955 2418 1008 dicit
2447 957 2510 1009 ad
2552 974 2669 1011 eam
2695 976 2708 1010 :
2743 974 3014 1029 usquequo
3043 963 3232 1014 mulier

1665 1041 1761 1095 hos
1788 1042 1877 1110 qui
1896 1041 1980 1096 hic
1995 1053 2115 1096 sunt
2130 1057 2449 1110 commoves,
2466 1057 2517 1100 et
2536 1064 2636 1101 non
2664 1050 2880 1103 dimittis
2896 1067 2987 1106 eos
3004 1053 3232 1120 quiesce.

1664 1145 1722 1185 re
1748 1130 1772 1185 τ
1802 1130 2109 1186 lnfuderunt
2136 1135 2274 1187 enim
2307 1136 2469 1188 stolas
2492 1148 2695 1191 nostras
2724 1140 2968 1210 laciymre
3000 1152 3120 1194 iure.
3167 1142 3232 1195 Et

1669 1220 1782 1273 haec
1812 1220 2020 1287 dicens,
2051 1220 2141 1275 dat
2168 1224 2217 1277 ei
2249 1226 2514 1292 proprium
2540 1227 2807 1295 pittacium
2841 1230 3111 1292 nullatum,
3142 1231 3226 1284 di-

1663 1324 1789 1366 cens
1815 1327 1827 1364 :
1860 1311 2103 1381 Suscipe,
2130 1316 2463 1383 recognoscis
2493 1318 2590 1371 hoc
2614 1320 2638 1370 ?
2668 1322 2831 1387 solve,
2856 1323 3050 1389 aspice.
3088 1324 3149 1376 Et
3176 1325 3225 1375 iu

1663 1403 1889 1470 seipsam
1913 1418 1979 1457 ex
2004 1404 2204 1458 visione
2237 1408 2487 1469 veniens,
2517 1409 2647 1462 vidit
2680 1411 2866 1463 iterum
2892 1422 3101 1465 sanctos
3146 1412 3227 1466 in-

1662 1492 1967 1561 gredientes
1995 1496 2044 1546 in
2095 1495 2363 1562 proprium
2415 1497 2625 1563 locum;
2671 1508 2723 1553 et
2751 1502 2983 1565 solvens,
3027 1501 3225 1559 invenit

1642 1582 1866 1638 litteras
1895 1598 2016 1638 suas
2040 1584 2261 1649 deletas,
2294 1595 2346 1639 et
2375 1588 2813 1655 subscriptionem
2844 1590 2944 1644 sub
2982 1592 3083 1653 eis,
3133 1593 3223 1647 ha-

1662 1672 1871 1727 bentem
1897 1672 1971 1726 sic
1999 1689 2011 1725 :
2056 1673 2275 1743 PrOpter
2291 1673 2541 1729 Joannem
2567 1693 2761 1730 seruum
2794 1695 2976 1744 meum,
3007 1680 3225 1735 deletum

1660 1772 1733 1815 est
1765 1772 2021 1829 pet-catum
2051 1772 2210 1816 tuum.
2240 1765 2369 1830 Quis
2410 1767 2653 1834 loquetur
2703 1772 2965 1837 potentias
2996 1771 3221 1839 Domini,

17 1860 131 1913 nisti
176 1862 403 1923 [iugi-as,
451 1869 506 1937 et
549 1858 628 1913 fer
677 1858 827 1913 mihi.
859 1858 949 1912 Illa
1005 1861 1195 1914 iterum
1244 1862 1511 1927 respondit
1543 1877 1556 1912 :
1592 1847 1636 1905 Β
1662 1868 1695 1906 o
1718 1854 1870 1907 amici
1901 1863 1955 1908 et
1985 1854 2213 1909 fratres?
2263 1858 2358 1921 Qui
2389 1859 2457 1910 ita
2489 1860 2790 1913 misericors
2819 1869 3097 1916 etamator
3128 1864 3221 1916 ho-

17 1948 152 2013 fcre,
183 1951 420 2015 domine,
455 1964 558 2002 non
591 1963 828 2017 possum.
860 1949 1184 2014 Exspectans
1221 1965 1351 2017 ergo
1384 1950 1556 2003 modi~

17 2053 112 2091 :um
136 2038 261 2107 quid
294 2049 493 2103 tacens,
525 2038 652 2092 dixit
683 2040 729 2091 ei
756 2057 769 2092 :
800 2038 911 2091 Non
944 2047 1087 2106 potes
1110 2040 1343 2092 scribere
1368 2048 1421 2093 et
1445 2040 1562 2094 bul-

17 2144 121 2192 are,
146 2140 198 2184 et
220 2131 413 2185 afferre
445 2130 573 2183 mihi
603 2130 625 2182 ‘l
658 2129 805 2183 Tunc
833 2128 961 2181 dixit
987 2130 1073 2183 ei:
1110 2130 1350 2192 Possum,
1384 2130 1558 2181 domi-

15 2238 79 2285 ιιι,
115 2221 215 2274 hoc
247 2220 406 2286 facio,
450 2235 640 2289 rogans
684 2220 1046 2276 honorabilem
1098 2231 1153 2276 ct
1201 2221 1559 2289 coaugelicam

16 2311 217 2363 animam
252 2320 399 2364 tuam
438 2326 504 2364 ne
555 2311 813 2374 solvatur,
868 2325 1037 2378 neque
1079 2310 1188 2362 ullo
1219 2311 1376 2363 modo
1415 2310 1560 2366 inve-

15 2397 166 2453 niatur
186 2414 215 2453 a
260 2400 493 2469 quolibet
521 2400 790 2467 pittacium
827 2400 936 2470 (97)
970 2398 1069 2453 hoc
1096 2399 1397 2467 aliquando.
1425 2400 1549 2453 Vero

15 2505 110 2542 ium
143 2490 304 2560 igitur
336 2490 601 2559 accipiens
631 2506 659 2544 a
698 2491 804 2546 Deo
851 2490 1173 2545 honorabilis
1197 2491 1336 2560 quod
1387 2490 1561 2545 nullus

15 2592 149 2631 nomo
197 2580 433 2634 solveret
481 2589 573 2634 aut
629 2581 831 2649 legeret
876 2580 994 2649 ejus
1025 2580 1323 2649 pittacium.
1376 2580 1561 2635 abiens

14 2669 201 2737 lciipsit
228 2670 441 2739 propria
464 2684 620 2724 manu
660 2682 954 2740 peccatum,
987 2678 1040 2726 et
1083 2670 1288 2724 bullaus
1337 2671 1562 2739 portavit

13 2773 169 2817 ieato.
193 2764 505 2833 Suscipieus
534 2777 661 2832 ergo
687 2771 901 2817 sanctus
931 2763 1225 2832 pittacium,
1262 2772 1380 2829 post
1407 2762 1561 2831 quiu-

13 2867 91 2920 iue
116 2854 235 2910 dies
262 2853 328 2906 ad
365 2853 640 2906 Dominum
688 2854 956 2921 profectus
988 2861 1088 2917 est,
1120 2852 1321 2908 nemini
1365 2852 1558 2920 aliquid

13 2942 55 2997 le
83 2944 392 3013 hujusmodi
451 2945 664 3011 pittacio
706 2954 795 2997 ant
821 2944 1133 3014 disponens,
1165 2952 1255 2996 aut
1296 2943 1558 2997 indicans.

14 3034 175 3089 lulier
206 3036 387 3105 itaque
421 3035 658 3099 fortuitu,
705 3035 811 3089 imo
852 3036 1247 3104 dispensatione
1295 3034 1407 3097 Dei,
1454 3047 1558 3086 mu

11 3127 226 3179 :xistens
280 3125 332 3179 in
364 3126 575 3180 civitate
602 3126 690 3179 die
716 3125 769 3179 in
792 3140 895 3195 qua
922 3125 1213 3179 translatus
1234 3124 1385 3179 estin
1429 3136 1557 3190 pace

11 3219 53 3272 le
79 3218 280 3271 szecufo
310 3218 411 3272 isto
450 3218 513 3271 ad
540 3217 680 3271 aliud
710 3216 1028 3283 patriarcha,
1059 3215 1270 3269 volente
1300 3224 1349 3269 et
1379 3214 1429 3267 in
1462 3215 1562 3267 hoc

11 3307 357 3361 lemonstrare
407 3306 516 3358 Deo
560 3312 808 3373 quantam
857 3303 994 3370 apud
1024 3319 1166 3367 eum,
1199 3312 1381 3369 utpote
1433 3317 1560 3370 pro-

11 3401 136 3453 ir‘ius
166 3396 416 3459 famulus,
461 3395 703 3448 ﬁduciam
740 3394 1062 3461 possidebat.
1102 3391 1206 3446 Sed
1249 3399 1369 3460 post
1404 3407 1561 3445 unam

11 3490 127 3543 liem
166 3484 556 3542 reconditionis
593 3482 807 3552 pretiosi
850 3483 966 3550 ejus
1018 3482 1204 3550 lipsani
1246 3480 1361 3553 (98)
1404 3482 1562 3534 adve-

11 3577 160 3640 niens,
192 3590 317 3630 cum
348 3574 581 3628 audisset
601 3571 971 3626 dormitionem
1010 3571 1143 3638 ejus,
1169 3583 1352 3623 amens
1379 3576 1433 3623 et
1460 3569 1562 3622 de-

13 3666 187 3733 ipiens
218 3661 601 3732 propemodum
641 3660 775 3713 facta
815 3668 916 3725 est,
944 3658 1258 3713 existimans
1288 3656 1560 3727 pittacium

11 3757 125 3825 iuod
148 3755 395 3817 dederat,
418 3753 470 3806 in
495 3753 767 3820 episcopio
795 3752 1060 3816 relictum,
1089 3749 1337 3805 omnibus
1365 3750 1562 3803 faceret

12 3846 203 3915 ulpam’
230 3843 345 3913 ejus
375 3842 726 3897 manifestam.
757 3842 877 3896 Cito
898 3856 1024 3910 ergo
1051 3840 1310 3900 resiliens.
1338 3849 1392 3894 et
1422 3839 1557 3906 prio-

12 3950 102 3988 em
134 3934 297 3987 fidem
326 3946 474 3985 suam
517 3930 912 3984 indubitabilem
957 3942 1115 3997 super
1147 3929 1380 3983 animam
1415 3942 1561 3982 resu-

11 4039 160 4089 nens,
187 4036 365 4076 arcam
397 4036 424 4073 a
457 4020 566 4075 Deo
607 4019 847 4073 honorati
889 4018 1269 4088 apprehendit;
1309 4028 1383 4084 et,
1424 4018 1561 4071 sicut

12 4114 184 4168 'iventi
210 4113 260 4167 ei
306 4112 588 4173 veraciter,
629 4113 698 4165 ita
753 4111 957 4164 turbata
991 4109 1346 4178 perhibebat:
1392 4107 1559 4161 llomo

11 4206 104 4267 lci,
137 4202 235 4257 tibi
262 4201 364 4255 hoc
400 4210 673 4269 peccatum
711 4216 816 4254 non
848 4201 991 4269 potui
1017 4212 1290 4264 enarrare,
1324 4211 1388 4252 eo
1416 4196 1557 4264 quod

14 4308 148 4361 upra
178 4291 396 4345 modum
429 4291 685 4345 existeret
710 4305 893 4359 grave,
924 4298 977 4344 et
998 4304 1123 4344 ecce
1153 4303 1291 4343 nunc
1314 4288 1559 4342 omnibus

11 4392 182 4438 actum
211 4390 295 4435 est
322 4380 537 4434 forsitan
567 4379 897 4433 manifestum
940 4387 995 4432 et
1017 4379 1282 4446 cognitum
1312 4395 1327 4443 ;
1357 4378 1556 4431 utinam

12 4488 89 4527 you
122 4471 221 4526 tibi
252 4486 361 4526 rem
393 4485 564 4524 meam
592 4469 1031 4524 manifestassem.
1065 4468 1177 4522 Heu
1204 4469 1216 4521 ε
1252 4470 1354 4523 heu
1385 4468 1510 4521 mibi
1538 4469 1551 4521 !

1662 1945 1882 2009 minum,
1913 1945 2108 2001 faciens
2138 1949 2460 2002 voluntatem
2492 1950 2784 2004 timentium
2828 1966 2905 2015 se,
2938 1962 2987 2006 et
3025 1954 3223 2021 glorifi-

1660 2051 1786 2092 cans
1809 2037 2160 2105 glorificantes
2187 2054 2265 2100 se.
2291 2048 2344 2093 et
2376 2056 2467 2108 per
2488 2043 2864 2096 miraculorum
2884 2046 3218 2111 operatioucs

1657 2128 2002 2195 magnificans
2023 2131 2150 2184 eos?
2176 2131 2286 2185 Non
2316 2141 2486 2185 autem
2518 2132 2569 2185 in
2585 2132 2686 2186 hoc
2714 2132 3098 2195 locosolum,iu
3112 2149 3217 2202 quo

1661 2221 1889 2287 pretiosa
1917 2220 2166 2274 dormitio
2204 2220 2320 2289 ejus
2353 2220 2486 2275 facta
2511 2229 2591 2274 est
2611 2260 2626 2283 ,
2655 2222 2816 2291 gratia
2845 2236 2999 2290 quam
3041 2221 3219 2277 habuit

1660 2310 1796 2378 apud
1817 2310 1998 2371 Deum,
2016 2310 2345 2364 manifestata
2360 2320 2459 2376 est,
2477 2311 2567 2364 sed
2584 2312 2773 2380 ubique
2787 2311 2992 2381 longius
3006 2313 3215 2368 claruit.

1730 2398 1856 2453 Car.
1899 2399 2005 2454 LII.
2038 2429 2107 2439 —
2129 2401 2320 2454 Eadem
2352 2404 2492 2456 enim
2521 2404 2605 2456 die
2634 2402 2688 2457 in
2722 2418 2822 2470 qua
2852 2403 2916 2455 ad
2966 2403 3127 2455 Deum
3153 2420 3218 2457 ex

1662 2491 1761 2545 hac
1787 2492 1891 2545 vita
1921 2488 2110 2545 beatus
2140 2492 2237 2548 iste
2264 2493 2532 2561 profectus
2560 2504 2659 2556 est,
2690 2493 2899 2561 quidam
2917 2508 3099 2546 eorum
3129 2494 3217 2562 qui

1660 2578 1948 2646 angelicam
1979 2578 2139 2633 vitam
2210 2585 2266 2632 et
2354 2576 2573 2635 schema
2665 2575 3041 2634 monachicum
3121 2582 3219 2633 ha-

1660 2666 1805 2732 bent,
1839 2667 1920 2721 vir
1950 2667 2273 2721 admirabilis
2319 2677 2373 2722 et
2403 2668 2711 2731 industrius,
2734 2668 2961 2723 Sabinus
2984 2670 3216 2738 nomine,

1662 2757 1999 2812 Alexandria:
2028 2757 2292 2823 habitans,
2330 2758 2464 2811 vidit
2492 2757 2643 2826 quasi
2682 2758 2732 2811 in
2764 2772 2985 2811 excessu
3027 2759 3218 2812 mentis

1660 2845 1847 2910 factus,
1876 2846 2129 2901 divinitus
2159 2846 2471 2901 honoratum
2498 2846 2753 2901 Joannem
2776 2845 2842 2899 de
2872 2847 3083 2915 pr0prio
3103 2849 3220 2916 epi~

1659 2938 1841 3007 scopio
1867 2938 2219 3007 egredientem
2239 2954 2356 2991 cum
2380 2940 2521 2993 clero
2548 2938 2688 2991 omni
2711 2952 2862 2991 cerea
2905 2946 3220 3006 portantem,

1659 3037 1711 3081 et
1733 3027 1797 3081 ad
1838 3027 2209 3096 imperatorem
2240 3034 2473 3089 euntem,
2509 3037 2754 3096 tauquam
2804 3029 3050 3081 eunucho
3090 3042 3220 3096 quo-

1660 3117 1780 3171 dam
1814 3118 1893 3190 (ut
1923 3118 2037 3187 ipse
2064 3118 2272 3173 dicebat
2317 3117 2563 3186 Sabinus)
2594 3118 2918 3173 cubiculario
2961 3118 3100 3173 hunc
3132 3133 3222 3171 vo-

1588 3189 1636 3252 c
1662 3218 1835 3274 caute,
1868 3218 2142 3279 postquam
2170 3212 2383 3278 januam
2417 3210 2668 3278 episc0pii
2708 3196 3027 3278 exiitrquod
3057 3210 3222 3278 signi-

1665 3300 1784 3351 ficat
1814 3301 2008 3368 proprii
2035 3302 2271 3369 corporis
2298 3302 2704 3368 separationem,
2737 3309 2790 3354 et
2811 3316 2965 3354 unam
2993 3301 3221 3367 puellam

1664 3396 1722 3442 ut
1747 3388 1940 3453 solem,
1969 3390 2347 3455 suscipientem
2377 3405 2523 3453 eum,
2552 3398 2606 3441 et
2656 3404 2810 3442 manu
2857 3397 3142 3451 tenentem,
3170 3400 3223 3441 et

1662 3490 1821 3544 super
1850 3486 2008 3544 caput
2031 3490 2284 3529 coronam
2315 3493 2379 3530 ex
2404 3479 2537 3530 olea:
2567 3478 2727 3529 ramis
2750 3477 3221 3529 circumamictam.

1663 3567 1781 3620 Mox
1808 3579 1934 3635 ergo
1965 3566 2174 3635 agnovit
2210 3576 2425 3620 sanctus
2467 3566 2693 3620 Sabinus
2722 3566 3088 3635 migrationem
3132 3581 3223 3635 pa-

1664 3657 1909 3713 triarcha:
1941 3659 2007 3711 ad
2044 3658 2322 3712 Dominum
2351 3658 2460 3725 ipsa
2493 3658 2619 3711 hora
2652 3658 2813 3711 fuisse
2844 3658 3051 3711 factam.
3085 3658 3222 3723 Qua~

1664 3758 1875 3817 propter
1901 3746 2216 3804 adnotantes
2263 3748 2476 3818 quidem
2531 3764 2767 3804 mensem
2802 3758 2855 3803 et
2901 3750 3065 3816 diem,
3110 3758 3222 3804 erat

1661 3840 1802 3893 enirn
1830 3839 2075 3903 celebris,
2100 3840 2344 3894 videlicet
2364 3841 2530 3894 sancti
2555 3840 2800 3911 martyris
2823 3840 3025 3894 Menum
3049 3839 3221 3911 (100),

1660 3927 1974 3995 quibusdam
2000 3928 2328 3982 venientibus
2358 3930 2423 3982 de
2460 3928 2633 3998 Cypro
2687 3938 3087 3998 percunctantes
3116 3930 3223 3997 qui-

1662 4016 1783 4071 dam
1813 4016 1903 4085 qui
1936 4016 2241 4072 habitabant
2265 4017 2599 4072 Alexandriae
2625 4018 2690 4071 de
2716 4019 3027 4086 migratione
3055 4019 3221 4072 sancti

1662 4106 1993 4175 patriarchae,
2038 4116 2362 4174 agnoverunt
2408 4121 2584 4159 veram
2630 4106 2790 4161 fuisse
2833 4106 3107 4166 visionem.
3154 4119 3221 4159 eo

1659 4196 1798 4265 quod
1829 4196 2011 4251 eadem
2043 4196 2171 4250 hora
2201 4198 2352 4252 fieret
2382 4198 2434 4251 in
2462 4212 2560 4265 qua
2590 4198 2720 4252 obiit
2745 4198 2948 4261 beatus,
2978 4206 3032 4251 et
3055 4197 3222 4250 maxi-

1661 4302 1748 4340 me
1776 4286 1843 4340 de
1865 4287 2110 4354 exemplo
2138 4286 2328 4354 puella:
2358 4302 2474 4354 quae
2502 4302 2659 4360 manu
2685 4288 2893 4340 tenebat
2932 4301 3073 4339 eum.
3107 4286 3222 4342 Acr-

1658 4385 1875 4446 ceperat
1902 4378 2043 4432 enlm
2078 4378 2518 4445 repromissiones
2548 4378 2613 4429 ab
2640 4391 2701 4431 ea
2733 4385 2966 4441 sanctus,
2999 4376 3137 4430 sicut
3166 4377 3219 4429 in

1659 4466 2082 4536 praecedentibus
2129 4468 2304 4522 verbis
2358 4467 2486 4522 Vitae
2529 4466 2759 4520 diximus
2808 4466 2986 4535 (Sup.,
3029 4480 3075 4518 ε.
3118 4465 3217 4535 7):

12 4571 179 4615 Mans
210 4560 537 4612 confusionis
568 4559 971 4613 absolutionem
1022 4557 1281 4625 invenire,
1314 4556 1554 4611 confusio
1583 4539 1635 4597 Ῑ)
1658 4555 1789 4623 Quia
1819 4557 1862 4610 si
1894 4571 1978 4611 me
2007 4557 2244 4625 possides
2272 4556 2518 4621 amicam,
2559 4570 2658 4624 ego
2683 4544 2731 4610 te
2758 4566 2879 4611 ante
2927 4553 3219 4623 impetato-

12 4651 237 4703 mnibus
264 4647 396 4699 facta
423 4661 572 4709 sum;
598 4662 693 4714 pro
718 4647 924 4702 medela
947 4647 1324 4716 blasphemiam
1353 4649 1551 4716 recepi.

11 4740 119 4807 [uid
145 4735 278 4791 mihi
306 4735 369 4789 ad
404 4743 454 4788 te
498 4749 629 4802 opus
654 4742 767 4788 erat
793 4744 1055 4789 secretum
1083 4735 1274 4789 animae
1311 4751 1443 4792 mea!
1463 4752 1555 4805 pa-

12 4829 217 4881 efacere
239 4824 263 4875 ‘l
287 4824 483 4878 Tamen
514 4840 617 4877 non
645 4822 884 4877 deﬁciam
913 4837 1082 4892 neque
1105 4823 1360 4895 difflilam,
1382 4840 1553 4892 neque

11 4918 278 4974 emovebo
300 4932 327 4968 a
359 4916 559 4969 tumulo
587 4917 863 4985 laerymas,
895 4928 1060 4981 usque
1087 4917 1211 4967 dum
1238 4913 1554 4969 satisfactio-

16 5023 102 5061 em
130 5007 200 5061 de
243 5006 498 5073 petitione
537 5020 650 5057 mea
681 5018 954 5071 accepero.
1005 5002 1186 5072 Neque
1226 5003 1368 5057 enim
1414 5017 1554 5056 mor-

12 5112 102 5152 nus
131 5112 215 5162 es,
268 5105 449 5149 sancte
496 5094 612 5161 Dei,
656 5094 751 5147 sed
782 5094 933 5147 vivis.
976 5092 1239 5162 Scriptum
1286 5102 1368 5147 est
1414 5092 1551 5146 enim

16 5190 97 5241 uia
122 5184 261 5256 justi
291 5186 340 5238 in
373 5192 682 5253 perpetuum
713 5183 889 5237 vivent
936 5183 1093 5254 (Sap.
1125 5183 1199 5251 v).
1252 5184 1552 5252 lterumque

12 5279 166 5330 adem
200 5273 360 5328 verba
391 5288 689 5339 assumens,
716 5272 961 5326 dicebat:
1013 5273 1172 5338 N.bil,
1230 5272 1390 5326 homo
1434 5273 1547 5339 Dei,

12 5377 102 5419 eto
126 5380 162 5417 a
189 5373 263 5427 te,
295 5361 393 5415 nisi
424 5370 481 5414 ut
531 5371 734 5419 certum
768 5360 934 5414 facias
963 5375 1055 5415 cor
1092 5375 1265 5415 meum
1298 5362 1548 5430 quidnam

12 5472 40 5510 e
63 5456 193 5509 dato
228 5454 318 5507 tibi
352 5452 568 5521 pittacia
594 5453 788 5505 factum
830 5453 942 5507 sit?
979 5454 1116 5508 Deus
1145 5468 1271 5522 ergo
1297 5454 1387 5521 qui
1420 5452 1552 5505 dixit

11 5543 270 5615 liquanda
298 5544 362 5596 ad
396 5542 747 5597 Chanantcam
776 5558 789 5594 :
824 5544 981 5597 Fides
1007 5554 1090 5599 tua
1121 5555 1171 5598 te
1201 5545 1396 5598 salvam
1426 5544 1552 5597 fecit

11 5633 200 5689 Matth.
235 5634 353 5700 xv),
382 5632 494 5700 ipse
519 5640 573 5685 et
616 5633 751 5686 hanc
776 5642 977 5686 certam
1018 5633 1162 5689 fecit.
1192 5634 1379 5689 Tribus
1408 5633 1550 5688 enim

16 5728 167 5785 icbus
195 5735 544 5795 perseverans
569 5720 641 5778 ad
683 5723 982 5792 sepulcrum
1038 5725 1226 5793 sancti,
1275 5734 1327 5780 et
1374 5725 1548 5780 cibum

1656 4661 1766 4701 rem
1793 4646 2147 4713 introducam,
2177 4646 2318 4715 quod
2349 4655 2401 4700 et
2430 4661 2610 4701 revera
2652 4647 2793 4700 fecit.

1724 4738 1851 4791 Car.
1894 4737 2023 4790 Llll.
2046 4766 2114 4776 —
2134 4737 2249 4791 Non
2277 4747 2449 4790 autem
2470 4752 2531 4789 ex
2558 4736 2655 4789 hoc
2688 4745 2885 4787 tantum
2916 4748 3101 4787 omnes
3126 4748 3217 4786 sa-

1657 4826 2006 4879 tisfaelionem
2034 4834 2371 4891 acceperunt,
2398 4823 2535 4892 quod
2565 4824 2903 4893 eleemosyna
2932 4834 2985 4879 et
3012 4827 3218 4880 miseri-

1654 4914 1833 4969 coidia
1863 4927 2017 4980 quam
2065 4914 2246 4966 habuit
2274 4911 2415 4966 circa
2440 4922 2675 4981 egentes,
2715 4928 2835 4967 eum
2863 4915 2914 4968 in
2958 4916 3213 4970 cmlorum

1655 5020 1872 5074 regnum
1894 5005 2250 5068 deduxerunt;
2278 5003 2371 5057 sed
2395 5004 2512 5072 quia
2535 5004 2667 5058 alius
2687 5020 2869 5059 eorum
2900 5006 2984 5075 qui
3013 5008 3217 5063 habita.

1657 5096 1744 5149 bat
1768 5094 2032 5150 civitatem
2064 5094 2459 5159 Alexandriam,
2494 5094 2685 5150 timens
2717 5097 2901 5164 Deum,
2932 5097 3058 5152 vidit
3103 5100 3214 5167 ipsa

1655 5195 1807 5237 nocte
1848 5185 1898 5237 in
1926 5199 2026 5252 qua
2050 5192 2105 5239 et
2131 5192 2342 5238 sanctus
2371 5184 2622 5253 Sabinus,
2648 5200 2833 5241 omnes
2861 5202 3115 5256 pauperes
3156 5198 3212 5243 et

1653 5274 1919 5341 orphanos
1938 5281 2095 5343 atque
2114 5274 2321 5340 viduas,
2363 5275 2492 5328 oleae
2532 5288 2707 5328 ramos
2731 5274 3043 5343 bajulantes,
3074 5286 3127 5330 et
3156 5278 3209 5332 in

1655 5366 1967 5432 patriarcha:
1991 5366 2244 5435 obsequio
2272 5374 2480 5430 euntes,
2517 5374 2571 5420 et
2596 5365 2661 5418 ad
2683 5367 2960 5420 ecclesiam
2991 5382 3214 5436 pergen-

1649 5462 1747 5507 tes.
1782 5455 1893 5508 Non
1922 5456 2093 5509 solum
2119 5456 2245 5521 duo,
2275 5464 2365 5508 aut
2389 5455 2594 5518 decem,
2639 5464 2730 5509 aut
2759 5467 2967 5510 centum
2997 5458 3208 5512 satisfa-

1647 5546 1848 5599 Ctiuues
1872 5556 2014 5612 sunt,
2047 5561 2140 5614 per
2182 5562 2312 5615 quas
2336 5546 2532 5601 scimus
2560 5545 2703 5600 clare
2729 5548 2973 5615 quoniam
2996 5556 3213 5602 saneto-

1647 5650 1762 5689 rum
1792 5650 2067 5689 numerum
2106 5636 2299 5690 meruit
2338 5639 2692 5693 memorabilis
2719 5638 2838 5703 hic;
2868 5638 2960 5694 sed
2986 5653 3111 5695 ecce
3157 5646 3215 5696 st

1648 5724 1781 5793 alite,
1814 5738 1943 5793 quas
1970 5726 2299 5794 subsequens
2328 5726 2495 5781 [arma
2524 5728 2771 5783 ostendit.
