3736 6308
13 284 137 348 1673

1264 286 1441 347 VITA
1471 288 1532 346 S.
1573 287 1972 350 SYMEONIS.

3113 293 3253 360 1674

13 399 68 452 ἰν
103 396 201 468 τὴν
227 394 457 465 δύναμιν
492 397 613 449 κατ’
638 397 851 469 αὑτοῦ,
903 397 996 450 καὶ
1026 397 1119 451 τοῦ
1157 401 1348 451 πατεῖν
1382 400 1562 453 ἐπάνω

1718 401 1891 456 nando
1921 400 2102 458 carnis
2133 399 2620 456 inﬂammationem
2652 417 2775 458 rore
2797 402 3038 474 Spiritus
3074 411 3252 466 sancti

13 503 178 555 φεων,
209 485 302 538 καὶ
324 485 624 555 σκορπίων,
650 477 891 557 εἴληφεν,
915 487 992 540 ὅτ’
1015 487 1081 541 ἂν
1104 488 1202 560 τὴν
1223 490 1323 560 τῆς
1348 492 1552 560 σαρκὸς

13 577 255 646 πύρωσιν,
293 579 358 647 τῇ
395 576 488 629 τοῦ
522 578 679 645 ἁγίου
728 578 1049 649 Πνεύματος
1096 579 1272 652 δρόσῳ
1313 582 1569 635 κατέσϐε-

13 684 100 732 rev,
127 667 203 720 ὅτ’
240 667 306 720 ἂν
337 669 555 738 ἁπάσης
588 669 693 738 τῆς
719 668 815 722 τοῦ
847 669 965 739 βίου
1000 669 1166 745 αὑτοῦ
1204 672 1415 742 τρυφῆς
1473 673 1567 727 καὶ

15 759 158 829 όξης,
191 757 267 822 ὡς
286 758 555 828 ἀράχνης,
585 759 955 814 κατέπτυσεν.

52 849 111 903 δ’.
148 851 254 903 Καὶ
282 849 335 903 τί
359 850 441 903 δεῖ
487 850 653 903 πλέον
684 850 901 920 λέγειν;
944 852 1022 906 ὅτ’
1067 851 1135 905 ἂν
1163 851 1262 924 τὴν
1291 852 1567 908 ἀπάθειαν

13 942 61 1003 υς
91 942 305 1011 ἱμάτιον
333 940 536 995 ἔσωθεν
576 943 669 997 καὶ
717 943 915 1008 ἔξωθεν
954 945 1046 998 διὰ
1064 946 1566 1018 ταπεινοφροσύνης

13 1031 120 1102 ερὲς
175 1032 370 1086 ἑαυτὸν
416 1034 793 1097 ἐπεσπάσατο,
833 1034 929 1087 καὶ
973 1035 1074 1106 τῆς
1123 1037 1398 1102 υἱοθεσίας
1437 1055 1568 1092 κατ-

13 1121 211 1193 ιξιιέιθη,
237 1123 380 1177 κατὰ
412 1123 511 1194 τὴν
556 1123 762 1195 φωνὴν,
811 1124 910 1197 τὴν
958 1126 1018 1179 ὲν
1048 1125 1127 1195 τῷ
1159 1127 1405 1199 ’ᾼσματι
1456 1126 1567 1180 τῶν

13 1211 273 1281 ὶσμάτων,
299 1212 428 1282 περλ⁵
453 1213 553 1282 τῆς
578 1212 826 1282 καθαρᾶς
848 1214 944 1267 καὶ
976 1214 1221 1278 ἀπαθοῦς
1268 1215 1443 1287 ψυχῆς
1486 1217 1563 1269 εί-

18 1302 225 1371 ημένην
251 1317 265 1333 ο
303 1321 322 1353 ι
361 1302 483 1355 Ὅτι
520 1301 618 1371 ὅλη
676 1303 840 1373 καλὴ,
884 1304 1053 1373 φησὶν
1088 1305 1117 1358 ό
1164 1304 1401 1374 Χριστὸς
1429 1303 1567 1373 πρὸς

16 1392 79 1461 ὴν
101 1391 303 1463 ψυχὴν,
342 1392 438 1464 ὅλη
471 1392 612 1464 καλὴ
641 1395 675 1464 ἠ
718 1394 950 1464 πλησίον
992 1412 1120 1465 μου,
1158 1397 1254 1448 καὶ
1285 1395 1476 1466 μῶμος
1507 1397 1567 1447 ὲν

13 1483 113 1553 ,ύτῇ
142 1484 244 1537 οὐκ
287 1484 456 1537 ἔστιν.
492 1503 511 1535 ι
568 1486 702 1537 Τότε
738 1486 832 1539 καὶ
878 1485 1044 1549 αὐτὸς
1076 1486 1172 1548 ἐπὶ
1200 1486 1294 1537 τὸν
1318 1485 1526 1554 κόσμον
1548 1526 1563 1550 ,

13 1591 165 1646 ισπερ
190 1578 271 1638 είς
302 1575 661 1647 μονομαχίαν,
687 1577 752 1629 ὲκ
780 1576 880 1646 τῆς
914 1578 1126 1647 ἐρήμου
1162 1577 1306 1630 κατὰ
1328 1579 1423 1630 τοῦ
1446 1576 1565 1630 δια-

16 1667 135 1719 όλου
188 1666 472 1730 θεόλεκτος
535 1666 897 1738 ἐξεπήδησεν·
945 1667 1009 1720 οὐ
1048 1667 1259 1721 δίκαιον
1288 1666 1396 1736 γὰρ
1431 1665 1567 1738 ᾤετο

1669 492 1964 554 exstinxit;
2021 491 2242 562 quando
2272 491 2558 548 universas
2589 493 2717 548 vita:
2756 493 2924 566 hujus
2955 496 3179 555 delicias
3200 510 3252 555 et

1669 580 1920 652 gloriam,
1944 581 2091 638 sicut
2110 596 2392 650 araneam,
2422 584 2773 655 contempsit.

1737 848 1789 901 4.
1832 849 1901 904 Ει
1928 851 2060 920 quid
2098 852 2280 907 verbis
2304 868 2445 924 opus
2481 854 2599 909 est?
2632 855 2853 925 quando
2880 855 3256 926 impatibilita-

1673 948 1799 1007 tem,
1834 947 2091 1011 tanquam
2139 944 2528 1000 vestimentum
2561 946 2704 1001 intra
2733 955 2790 1002 et
2824 956 2977 1001 extra
3011 964 3112 1018 per
3150 950 3257 1004 ltu-

1669 1030 1956 1087 militatem
1979 1033 2047 1089 ad
2079 1049 2138 1090 se
2170 1037 2418 1102 attraxit,
2444 1046 2501 1092 et
2525 1037 2621 1092 iilii
2659 1038 2902 1108 adoptivi
2933 1040 3254 1112 dignitatem

1671 1127 1758 1173 est
1784 1129 2132 1187 consecutus,
2157 1122 2314 1191 juxta
2335 1138 2550 1189 vocem,
2583 1140 2704 1194 quae
2743 1125 2799 1180 in
2830 1125 3056 1183 Cantica
3075 1128 3255 1184 canti-

1669 1222 1879 1275 corum,
1927 1209 1994 1265 de
2042 1226 2177 1281 pura
2237 1222 2294 1268 et
2337 1214 2604 1284 passionis
2647 1225 2872 1285 experte
2915 1216 3120 1285 anima,
3170 1230 3258 1273 est

1669 1293 1850 1349 dicta:
1892 1314 1910 1346 ι
1941 1294 2078 1362 Quia
2126 1306 2239 1352 tota
2289 1299 2539 1368 pulchra,
2585 1301 2719 1356 dicit
2760 1301 3010 1358 Christus
3039 1305 3105 1359 ad
3135 1306 3254 1359 ani-

1668 1400 1835 1452 mam,
1870 1396 1982 1442 tota
2012 1388 2263 1458 pulchra.
2289 1406 2410 1459 quae
2438 1391 2569 1446 mihi
2595 1393 2901 1463 propinqua
2928 1404 3031 1461 est,
3068 1405 3125 1451 et
3144 1413 3259 1452 ma-

1669 1475 1790 1528 cula
1821 1491 1932 1531 non
1959 1485 2043 1532 est
2079 1477 2134 1532 in
2177 1494 2240 1533 ea
2269 1480 2311 1532 θ.
2346 1498 2365 1529 ι
2405 1480 2563 1536 Tunc
2604 1481 2692 1535 ille
2733 1466 3088 1539 immundum
3138 1495 3257 1541 tan-

1669 1580 1831 1635 quam
1864 1565 1919 1620 in
1960 1567 2234 1638 singulare
2279 1580 2562 1625 certamen
2608 1587 2677 1627 ex
2722 1574 3020 1630 solitudine
3064 1588 3255 1633 contra

1669 1656 1948 1712 diabolum
1978 1673 2008 1712 a
2041 1657 2153 1713 Deo
2196 1659 2404 1716 electus
2432 1662 2656 1718 exsiliit.
2685 1662 2806 1720 Non
2850 1668 2996 1723 enim
3029 1672 3260 1739 putabat

15 1757 71 1808 ὸν
95 1756 236 1810 οὕτω
271 1757 422 1828 παρὰ
449 1756 586 1810 Θεοῦ
621 1757 925 1829 τιμηθέντα
970 1760 1067 1811 καὶ
1113 1756 1395 1827 ὐψωθέντα
1416 1798 1431 1824 ,
1469 1758 1562 1827 τῆς

1719 1760 1889 1815 quum
1916 1762 2055 1813 esse,
2096 1756 2174 1816 ut,
2199 1750 2290 1818 qui
2324 1750 2395 1804 ita
2423 1766 2454 1805 a
2491 1750 2601 1808 Deo
2622 1753 2924 1813 honoratus
2950 1769 3006 1814 et
3046 1762 3257 1817 exalta-

13 1849 94 1902 ’ὧν
123 1849 414 1920 ὁμοφύλων
455 1848 871 1920 καταφρονῆσαι
901 1848 1213 1918 σωτηρίας,
1251 1848 1386 1902 ἀλλά
1433 1867 1568 1919 μνη-

13 1940 255 2002 ιονεύσας
280 1939 373 1993 τοῦ
404 1941 670 2005 εἰπόντος’
696 1960 715 1993 ι
738 1940 1076 2010 Ἀγαπήσεις
1101 1939 1192 1992 τὸν
1217 1938 1447 2008 πλησίον
1471 1955 1564 1992 σου

13 2046 54 2090 ις
83 2030 299 2091 ἑαυτὸν,
329 2048 347 2080 ι
376 2029 435 2094 ὃς
469 2030 565 2083 καὶ
599 2028 818 2101 μορφὴν
849 2028 1041 2083 δούλου
1061 2027 1384 2083 ἐνδύσασθαι
1404 2029 1567 2098 ἀτρέ-

13 2137 150 2183 πτως,
179 2120 269 2173 διὰ
297 2120 397 2191 τὴν
420 2119 516 2174 τοῦ
548 2120 737 2174 δούλου
773 2119 1071 2190 σωτηρίαν,
1103 2119 1202 2172 οὐκ
1231 2119 1563 2188 ἀπηξίωσεν,

13 2213 231 2278 ιιμεῖται
261 2211 356 2264 καὶ
392 2211 557 2274 αὐτὸς
604 2210 697 2263 τὸν
747 2211 1024 2279 Δεσπότην
1079 2209 1170 2262 τὸν
1217 2209 1567 2281 οἰκεῖον,τὴν

14 2300 188 2354 ίκείαν
218 2300 438 2372 ἀληθῶς
458 2302 638 2372 ψυχὴν
667 2302 765 2355 καὶ
795 2301 973 2373 σῶμα
996 2301 1131 2367 θεὶς,
1165 2300 1253 2353 ἵνα
1287 2306 1442 2365 τινας
1467 2301 1567 2354 σὼ-

17 2406 83 2446 ει.
121 2390 445 2458 Ἀναγκαῖον
465 2390 558 2444 καὶ
593 2390 700 2462 πρὸ
726 2390 945 2443 πάντων
970 2389 1062 2442 τὸν
1087 2389 1290 2459 τρόπον
1330 2389 1432 2459 τῆς
1487 2391 1566 2452 εἰς

13 2479 69 2531 δν
93 2466 299 2551 κόσμον
329 2482 392 2535 ἐκ
417 2482 517 2551 τῆς
549 2482 758 2552 ἐρήμου
811 2478 977 2549 αὐτοῦ
1008 2479 1272 2543 ἐλεύσεως
1321 2480 1452 2550 ὑμῖν
1490 2481 1567 2533 δι-

18 2570 290 2639 γήσασθαι
308 2589 320 2602 ·
369 2567 471 2624 εἷθ’
493 2570 666 2634 οὕτως
694 2571 763 2624 τὰ
787 2568 1067 2640 παράδοξα
1089 2569 1256 2622 αὐτοῦ
1288 2569 1383 2622 καὶ
1411 2569 1566 2634 ἀξιο-

15 2659 272 2730 αύμαστα
297 2660 622 2732 πράγματα.

1669 1844 1756 1889 tns
1781 1845 1948 1899 esset,
1975 1839 2206 1906 proximi
2241 1841 2539 1912 negligeret
2588 1844 2856 1911 salutem;
2897 1849 2996 1905 sed
3044 1867 3256 1908 memor

1669 1924 1814 1980 illius
1842 1926 1935 1996 qui
1966 1926 2101 1983 dixit
2145 1948 2161 1983 ε
2211 1948 2230 1981 ι
2270 1928 2470 2002 Diliges
2508 1935 2817 2003 proximum
2851 1946 3005 1994 tuum
3032 1943 3176 1999 sicut
3205 1954 3258 2001 te

1670 2014 1849 2086 ipsum
1882 2018 1955 2084 ¹⁰;
1987 2038 2007 2070 ι
2059 2020 2150 2090 qui
2187 2029 2244 2076 et
2275 2021 2505 2078 formam
2547 2026 2689 2080 servi
2739 2026 2969 2085 induere
3003 2031 3258 2090 immuta-

1666 2106 1870 2173 biliter,
1899 2118 2124 2179 prapter
2159 2112 2303 2166 servi
2339 2113 2594 2180 salutem,
2627 2132 2738 2171 non
2771 2129 2855 2174 est
2887 2121 3254 2194 dedignatus;

1676 2194 1794 2264 ipse
1819 2196 1982 2250 etiam
2013 2195 2260 2254 imitatur
2279 2201 2571 2259 Dominum
2603 2221 2788 2273 suum,
2818 2211 3095 2282 propriam
3126 2229 3257 2277 vere

1674 2286 1911 2341 animant
1958 2297 2013 2344 et
2057 2303 2256 2361 corpus
2296 2308 2541 2363 ponens,
2583 2307 2645 2353 ut
2695 2298 2925 2357 haberet
2965 2319 3105 2374 quos
3149 2308 3258 2362 sal-

1674 2390 1846 2435 varet.
1867 2378 2249 2437 Necessarium
2277 2400 2409 2440 vero
2438 2395 2542 2452 est,
2578 2399 2705 2445 ante
2730 2392 2913 2447 omnia
2948 2396 3104 2450 vobis
3129 2412 3259 2451 nar-

1674 2486 1796 2525 rare
1826 2487 1935 2541 quo
1965 2480 2124 2543 pacto
2158 2488 2190 2529 e
2235 2476 2534 2533 solitudine
2555 2480 2609 2534 in
2634 2483 2913 2551 publicum
2943 2487 3208 2555 prodierit
3235 2506 3249 2541 :

1674 2570 1863 2631 postea
1888 2563 1956 2617 de
1985 2565 2148 2621 rebus
2184 2566 2253 2621 ab
2276 2567 2396 2638 ipso
2432 2558 2623 2641 gestis,
2673 2590 2795 2645 qua:
2823 2576 3259 2646 opinionemsu-

1674 2662 1887 2721 perant,
1919 2665 1975 2709 et
2011 2655 2375 2714 admiratione
2404 2660 2580 2731 digna:
2614 2674 2763 2731 sunt,
2804 2665 3093 2723 habiturus
3130 2682 3194 2723 su
3217 2681 3253 2724 λ

1670 2758 2000 2800 sermonem.

1332 2878 1561 2936 CAPUT
1600 2878 1892 2939 PRIMUM.

527 3015 797 3086 Symeonis
834 3025 883 3070 et
905 3016 1129 3070 Joannis
1157 3016 1513 3086 peregrinatio
1543 3019 1615 3072 ad
1648 3019 1763 3074 loca
1795 3036 2008 3087 sancta,
2039 3028 2242 3081 occasio
2275 3028 2507 3095 melioris
2536 3030 2673 3086 vitw.

46 3135 106 3184 ε’.
152 3130 245 3183 Ἐν
291 3130 405 3192 τοῖς
452 3128 665 3199 χρόνοις
713 3118 812 3198 τῆς
841 3128 1118 3199 βασιλείας
1142 3127 1236 3181 τοῦ
1266 3129 1325 3180 ὲν
1379 3128 1557 3193 ἁγίοις

1732 3134 1786 3187 5.
1826 3134 1946 3201 Quo
1971 3146 2217 3208 tempore
2253 3139 2515 3210 regnabat
2543 3151 2768 3197 sanctus
2801 3144 2878 3215 (5)
2907 3122 3253 3204 Justinianus

13 3220 367 3275 Ιουστινιανοῠ
427 3220 523 3273 τοῦ
580 3219 884 3290 βασιλέως,
938 3219 1393 3290 παραγινομένων
1449 3220 1558 3273 τῶν

19 3312 363 3382 ιλοχρίστων,
400 3309 494 3361 καὶ
532 3310 660 3370 τοὺς
696 3308 887 3377 ἁγίους
931 3309 1027 3361 τοῦ
1074 3309 1312 3380 Χριστοῦ
1362 3308 1560 3373 τόπους

13 3401 447 3476 τροθυμουμένων
480 3402 827 3475 προσκυνεῖν,
880 3400 1008 3462 τοὺς
1039 3400 1099 3453 ὲν
1128 3401 1195 3468 τῇ
1229 3398 1362 3468 ἁγίᾳ
1405 3399 1559 3452 πόλει

14 3496 117 3547 ατὰ
152 3492 465 3564 συνήθειαν,
498 3478 557 3543 ἐν
582 3493 645 3561 τῇ
671 3489 878 3559 ὑψώσει
931 3489 1026 3543 τοῦ
1076 3489 1262 3558 τιμίου
1297 3489 1390 3541 καὶ
1421 3487 1558 3552 ζωο-

13 3585 131 3637 ῖοιοῦ
172 3582 410 3655 σταυροῦ
444 3579 838 3654 (γινώσκουσιν
860 3578 915 3633 δὲ
940 3579 1143 3638 πάντες
1169 3579 1218 3631 oi
1248 3579 1428 3631 ἐκεῖσε
1457 3594 1563 3630 πα-

14 3677 306 3745 αγενέσθαι
337 3674 590 3737 εἰωθότες
617 3674 676 3725 ὲν
698 3673 874 3746 ταύτῃ
898 3675 964 3743 τῇ
1000 3671 1135 3742 ἁγίᾳ
1165 3671 1261 3723 καὶ
1288 3672 1563 3741 πανυμνή-

13 3789 53 3840 ῳ
79 3773 263 3843 ἑορτῇ,
296 3770 378 3823 ὅτι
417 3769 602 3839 σχεδὸν
626 3769 692 3820 ὲκ
719 3767 900 3838 πάσης
929 3766 1029 3837 τῆς
1066 3764 1395 3835 οἰκουμένης
1435 3780 1561 3816 συν-

13 3862 227 3932 ρέχουσι
251 3860 361 3914 τῶν
396 3859 544 3913 λαῶν
574 3859 641 3912 τά
695 3858 1031 3929 φιλόσταυρα
1077 3857 1171 3909 καὶ
1213 3855 1560 3927 Χριστοφόρα

13 3952 180 4024 τλήθη)
205 3968 218 3982 ·
256 3955 314 4005 ὲν
338 3953 405 4022 τῇ
438 3951 575 4020 αὐτῇ
615 3949 848 4020 ἀοιδίμῳ
885 3950 1046 4019 ἑορτῇ
1105 3946 1304 4017 συνέϐη
1337 3987 1352 4012 ,
1408 3946 1561 4008 τινὰς

13 4044 69 4097 ύο
90 4045 412 4116 νεωτέρους,
455 4043 563 4097 ἀπὸ
602 4042 800 4112 Συρίας
854 4041 1033 4106 δντας,
1065 4041 1345 4110 συντυχεῖν
1396 4037 1560 4111 ἀλλή-

13 4152 87 4198 οις
110 4134 235 4189 κατ’
266 4135 589 4203 οἰκονομίαν
626 4131 787 4184 Θεοῦ.
817 4131 1030 4200 Ὀνομα
1061 4129 1140 4200 τῷ
1173 4129 1254 4181 ἐνὶ
1283 4128 1559 4198 Ἰωάννης,

16 4227 71 4280 αἱ
128 4227 299 4296 ὄνομα
333 4224 412 4296 τῷ
467 4224 639 4296 ἑτέρῳ
686 4221 932 4293 Συμεών.
1005 4222 1093 4285 Ὧς
1147 4215 1240 4275 οὖν
1278 4219 1561 4290 διέτριψαν

13 4319 156 4369 κεῖσε
187 4317 399 4389 ἡμέρας
430 4313 641 4382 ὀλίγας,
672 4312 769 4368 καὶ
805 4314 905 4382 τῆς
943 4312 1107 4379 ἁγίας
1145 4311 1239 4364 τοῦ
1269 4309 1406 4364 Θεοῦ
1438 4309 1560 4381 ἑορ-

13 4407 76 4477 ἦς
102 4407 504 4478 τελειωθείσης,
545 4404 809 4475 ἀνεχώρει
853 4403 1038 4458 λοιπὸν
1081 4402 1314 4465 ἕκαστος
1347 4402 1430 4477 είς
1459 4402 1560 4472 τὴν

1668 3223 1984 3294 imperator,
2027 3226 2374 3284 Christicolis
2430 3232 2927 3301 convenientibus,
2959 3244 3015 3290 et
3067 3247 3253 3293 sancta

1667 3309 1870 3366 Christi
1940 3313 2058 3369 loca
2109 3315 2339 3370 adorare
2412 3314 2894 3382 desiderantibus,
2954 3335 3077 3389 quae
3126 3335 3255 3379 sunt

1668 3398 1726 3452 in
1768 3408 1955 3454 sancta
1997 3402 2238 3465 civitate,
2295 3403 2602 3458 secundum
2660 3407 3153 3475 consuetudinem,
3195 3412 3250 3466 in

1668 3485 1996 3540 exaltatione
2053 3487 2308 3556 pretiosae
2356 3503 2421 3543 ac
2467 3490 2699 3546 viviﬁcae
2755 3494 2833 3563 (ι)
2864 3495 3044 3551 crucis
3089 3500 3254 3569 (nos-

1667 3585 1801 3631 cunt
1827 3586 2007 3633 autem
2035 3593 2227 3634 omnes
2258 3579 2352 3649 qui
2379 3582 2677 3637 convenire
2709 3584 2781 3639 ibi
2821 3586 2999 3649 solent
3048 3589 3103 3644 in
3145 3591 3252 3649 hoc

1668 3674 1860 3722 sancto
1890 3675 1947 3723 et
1982 3667 2344 3724 celeberrimo
2373 3669 2540 3737 festo,
2570 3674 2717 3743 quod
2747 3674 2863 3732 fere
2900 3692 2967 3733 ex
2995 3681 3252 3739 universo

1671 3769 1938 3814 terrarum
1963 3760 2098 3815 orbe
2128 3772 2465 3819 concurrant
2505 3766 2836 3835 populorum
2883 3771 3079 3837 turbae,
3122 3776 3250 3845 qni-

1670 3849 1772 3904 hns
1795 3865 1928 3905 crux
1975 3861 2031 3905 et
2069 3851 2323 3908 Christus
2359 3854 2417 3910 in
2456 3856 2737 3913 amoribus
2782 3859 2918 3928 est);
2952 3861 3007 3916 in
3055 3867 3247 3920 eodem

1668 3938 1774 3995 hoc
1802 3941 2000 3995 celebri
2033 3941 2172 3998 festo
2209 3945 2440 4017 contigit
2479 3946 2620 4002 duos
2655 3950 2923 4018 quosdam
2972 3952 3249 4022 iuniores,

1668 4046 1699 4085 e
1731 4030 1885 4102 Syria
1928 4032 2003 4104 (5)
2063 4033 2348 4102 oriundos,
2395 4036 2503 4092 sibi
2550 4047 2746 4094 mutuo
2793 4055 3103 4109 occurrere,
3140 4046 3252 4101 Deo

1669 4123 1750 4178 sic
1778 4125 2123 4196 disponente.
2155 4124 2365 4182 Nomen
2399 4130 2494 4183 uni
2519 4139 2639 4185 erat
2666 4131 2925 4197 Joannes,
2955 4144 3011 4190 et
3043 4151 3245 4194 nomen

1668 4215 1826 4271 alteri
1866 4216 2122 4287 Symeon.
2162 4215 2522 4288 Consumptis
2576 4219 2780 4276 ibidem
2820 4225 3009 4292 paucis
3031 4206 3273 4292 diebus,-

1669 4316 1724 4366 et
1751 4314 1943 4362 sancto
1963 4306 2065 4362 Dei
2097 4306 2237 4362 festo
2270 4306 2448 4373 linito,
2494 4312 2725 4367 recessit
2764 4313 3029 4387 deinceps
3074 4333 3249 4375 unus-

1667 4401 1899 4471 quisque
1939 4400 2006 4454 ad
2063 4400 2339 4471 propriam
2394 4401 2692 4458 civitatem.
2723 4407 2764 4460 A
2815 4421 2924 4476 quo
2981 4417 3247 4480 tempore,

13 4498 116 4552 Βίαν
148 4499 307 4552 πόλιν
333 4515 348 4529 ο
420 4497 543 4551 ἐπεὶ
567 4539 582 4561 ,
614 4496 734 4549 κατ’
765 4493 1015 4571 εὐδοκίαν
1062 4490 1156 4545 τοῦ
1183 4490 1562 4562 φιλανθρώπου

1718 4502 1821 4548 txta
1866 4491 2088 4563 benigni
2134 4490 2231 4547 Dei
2279 4484 2707 4565 benepiacitum,
2741 4497 2852 4554 duo
2898 4500 2954 4554 hi
3002 4501 3252 4572 iuniores

13 4592 136 4658 iam"),
166 4591 325 4661 ἔσχον
355 4590 407 4642 οἱ
434 4588 527 4641 δύο
554 4582 700 4641 οὗτοι
729 4584 987 4655 νεώτεροι
1013 4584 1112 4656 τὴν
1137 4585 1425 4655 συντυχίαν
1471 4583 1562 4637 καὶ

1718 4594 1949 4656 cperunt
1973 4561 2136 4655 agere
2148 4561 2489 4642 familiariter
2510 4597 2566 4642 ct
2586 4588 2816 4658 diligere
2853 4561 3022 4646 inter'
3035 4610 3116 4660 se,
3138 4611 3248 4649 non

13 4683 75 4754 ὴν
96 4684 320 4752 ἀγάπην
351 4680 468 4750 μετ’
499 4678 768 4748 ἀλλήλων,
801 4679 903 4731 οὐκ
932 4676 1015 4729 ἔτι
1054 4675 1439 4747 ἐχωρίσθησαν
1468 4676 1564 4729 ἀπ’

52 4859 73 4891 θ
109 4860 268 4913 Cant.
309 4874 381 4923 tv,
414 4857 467 4910 7.
540 4855 582 4885 ¹⁰
619 4853 809 4907 Matth.
853 4868 962 4917 th,
990 4851 1077 4906 l9.

1664 4673 1896 4743 amplius
1921 4689 1949 4726 a
1982 4688 2042 4726 se
2072 4682 2266 4727 mutuo
2294 4676 2530 4743 separati
2564 4686 2711 4731 sunt.
2757 4679 2905 4745 Ideo,
2940 4681 3072 4734 dum
3100 4685 3250 4738 redi-

1504 4965 1735 5023 [\OTE.

53 5069 133 5140 (5)
171 5070 340 5124 Multo
374 5066 535 5140 l_a_ti_ns
566 5065 694 5140 olim
729 5063 922 5140 sancti
968 5076 1167 5140 nqmtcn
1208 5070 1368 5130 quam
1408 5061 1571 5140 hodie

13 5130 190 5206 aiuit,
219 5148 358 5194 teste
384 5135 606 5213 V_else_ro
638 5136 691 5187 in
721 5133 933 5213 Comm.
978 5132 1044 5213 ad
1082 5130 1346 5213 Convers.
1367 5139 1571 5213 sanctae

13 5209 126 5265 trra:
147 5201 437 5278 {episcopi
462 5207 624 5278 vulgo
648 5202 842 5278 sancti,
872 5201 1222 5278 sanctissimi,
1266 5201 1567 5255 beatissimi

14 5270 308 5334 licebant'ur
342 5316 357 5330 .
380 5270 401 5330 ξ
422 5315 436 5329 .
461 5270 674 5344 Reliqui
705 5273 870 5327 etiam
912 5270 1232 5344 Christiani,
1264 5281 1568 5344 σοι-ιονιηο-

13 5357 124 5404 iat-ae
152 5351 296 5414 vitm,
331 5345 526 5424 sancti,
553 5341 865 5415 quanquam
898 5341 1565 5424 adhucmortales;an-

16 5420 259 5476 lantinus
283 5410 620 5492 orationem,
667 5410 830 5483 quam
859 5412 926 5466 ad
966 5410 1331 5492 Christianam
1360 5410 1565 5492 .Eccl-e-

18 5488 122 5541 iam
154 5486 500 5560 scrlpsit,_ad
535 5479 847 5560 sanctorum
873 5490 1076 5560 emtum
1121 5480 1437 5560 inscripsit“:
1479 5479 1567 5560 ita

13 5549 282 5629 itengelias
310 5549 792 5629 in'Comm‘entario
830 5553 899 5606 ad
938 5551 1105 5605 Vitam
1139 5550 1277 5604 beati
1305 5549 1566 5605 Willtelmi

13 5627 401 5702 'Iirsaagiensis.
593 5693 607 5702 _
700 5693 734 5702 ﬂ
942 5700 951 5702 4
1115 5689 1135 5702 η
1225 5691 1235 5702 ,

60 5696 134 5768 (4)
172 5689 397 5752 Ostendi
443 5693 647 5764 populo
695 5693 867 5753 Crux.
902 5700 959 5745 et
1005 5689 1239 5762 proferri
1287 5689 1564 5747 adoranda

264 5788 535 5850 PA‘I‘RUL.
578 5786 696 5848 Gn.
738 5783 942 5844 XCIII.

1673 5058 1904 5136 solebat.
1936 5071 2046 5110 non
2070 5054 2279 5136 “solum
2323 5054 2377 5136 in
2429 5056 2681 5136 contigua
2736 5061 2954 5136 Pascha
3003 5065 3111 5132 die,
3155 5071 3251 5127 sed

1671 5130 1836 5205 etiam
1867 5128 1936 5205 in_
1959 5123 2138 5205 media
2161 5124 2496 5205 jejuniorum
2529 5123 2891 5205 hébdomade,
2936 5150 3061 5205 qua:
3090 5123 3252 5197 nubi;

1671 5209 1756 5255 est
1786 5195 2227 5267 Quadragesima:
2261 5195 2443 5257 tertia,
2477 5209 2642 5266 prout
2680 5195 2886 5258 dicitur
2913 5195 2980 5261 ad
3011 5206 3156 5262 diem
3189 5195 3252 5267 ιιι

1671 5269 1819 5323 Maii.
1877 5265 2029 5321 Ideni
2066 5265 2232 5335 ﬁebat
2274 5273 2331 5335 et
2357 5265 2493 5320 eum
2519 5268 2691 5325 multo
2736 5274 2944 5335 majore
2975 5265 3249 5335 concursu

1669 5337 1967 5410 populi,_in
2001 5333 2529 5410 festojixaltationis
2567 5350 2771 5410 sancta:
2802 5333 2992 5402 Crucis
3038 5333 3105 5402 Li
3148 5333 3251 5405 se;

1670 5404 1959 5486 ptembris,
1987 5406 2063 5460 uti
2089 5404 2365 5476 colligitur
2392 5404 2576 5488 e_Vita
2596 5408 2654 5465 S.
2685 5411 2872 5488 Maria:
2891 5404 3248 5488 Egyptiaeé,

1673 5475 2381 5555 eaoccasioneconversa,
2413 5475 2481 5531 de
2506 5493 2615 5555 qua
2651 5481 2746 5555 die
2760 5498 2799 5537 ιι
2827 5475 3048 5555 ΑρτὶῘίέξ

1745 5547 1822 5614 (5)
1862 5544 1978 5601 Orti
2000 5545 2205 5601 Edessa
2236 5544 2639 5624 Mesopqtainim
2666 5552 2819 5624 urbe,
2838 5544 2959 5624 quae
2982 5572 3010 5610 a
3030 5557 3249 5614 Justino

1672 5617 2004 5695 imperatore
2047 5615 2402 5695 restauratai
2435 5615 3051 5695 Just_i_no_po_ljs'quoque
3101 5630 3247 5685 dicta

1674 5685 1794 5755 fuit,
1827 5685 2307 5762 auctoreEvagrio
2343 5685 2508 5743 lib.tv
2535 5685 2681 5745 Eccl.
2705 5685 2928 5757 Histo'r.,
2961 5685 3085 5769 cap.
3120 5699 3175 5771 8.

2812 5784 2887 5844 53

3298 5400 3339 5427 κ
