3736 6308
3 321 131 387 1677

1248 323 1425 383 VITA
1448 322 1509 381 S.
1541 320 1936 381 SYMEONIS.

3082 316 3216 381 1678

0 433 73 504 τῷ
95 432 207 500 ἰδίῳ
226 430 373 500 τόπῳ
408 430 870 502 μνημονεύσομεν.
902 423 1069 491 Οὗτος
1094 424 1185 481 οὖν
1212 428 1241 480 6
1263 427 1541 513 εἰρημένος

1718 441 1751 479 o
1790 426 1908 480 loco
1950 423 2081 496 (Ιθ).
2116 424 2261 480 ldem
2295 425 2474 494 itaque
2512 403 2823 495 praedictus,
2859 425 2956 480 Dei
3005 441 3216 492 amans,

0 523 239 594 θεοφιλὴς
263 523 536 592 Ἰωάννης,
572 524 600 575 6
625 522 878 590 ἐνάρετος
912 522 1178 582 διάκονος,
1226 518 1386 582 αὐτὸς
1414 520 1545 588 ἡμῖν

0 612 82 665 τὸν
112 612 321 665 ἅπαντα
351 611 463 679 βίον
485 611 669 681 σχεδὸν
694 610 790 667 τοῦ
811 611 1087 679 πανσόφου
1110 609 1426 680 διηγήσατο,
1456 610 1548 662 τὸν

0 702 193 771 Κύριον
216 700 652 772 προϐαλλόμενος
678 700 787 753 τῶν
809 699 1116 768 λεγομένων
1166 699 1437 769 μάρτυρα,
1471 698 1547 760 ὠς

0 794 71 845 ὅτι
93 792 239 845 οὐδὲν
265 792 407 845 κατὰ
430 792 750 862 προσθήκην
790 789 1068 860 ἐπέγραψε
1103 788 1181 858 τῷ
1227 790 1545 858 διηγήματι,

0 878 126 930 ἀλλὰ
150 878 348 947 μᾶλλον
396 880 488 932 καὶ
517 878 585 931 τὰ
626 878 857 930 πλεῖστα
884 879 948 929 ὲκ
991 875 1085 929 τοῦ
1117 877 1312 946 χρόνου
1353 877 1548 929 ἐπελά-

0 966 131 1019 Bero.

58 1057 122 1120 ζ’.
155 1059 583 1128 Κατερχομένων
619 1059 712 1114 οὖν
735 1060 936 1122 αὐτῶν,
966 1061 1132 1129 φημὶ,
1179 1058 1276 1130 τὴν
1307 1059 1425 1112 ὁδὸν
1450 1061 1550 1131 τὴν

0 1145 197 1214 ὶληθῶς
223 1148 302 1209 εἰς
330 1148 428 1217 τὴν
469 1146 613 1217 ζωὴν
669 1150 866 1213 αὐτοὺς
910 1149 1276 1220 ὁδηγήσασαν,
1324 1145 1391 1221 ἦν
1425 1150 1550 1203 ἰδεῖν

0 1237 182 1299 ιύτοὺς
209 1238 652 1305 άγαλλιωμένους
677 1241 770 1293 καὶ
796 1240 1107 1311 τρέχοντας,
1132 1242 1208 1304 ὡς
1229 1241 1436 1312 Πέτρον
1457 1242 1552 1295 καὶ

0 1325 247 1396 Ἰωάννην
272 1328 364 1381 ἐπὶ
400 1330 492 1380 τὸν
530 1329 792 1393 ζωοποιὸν
840 1331 936 1383 τοῦ
979 1331 1185 1402 Κυρίου
1237 1332 1428 1400 τάφον,
1458 1331 1553 1384 καὶ

0 1417 331 1489 ὶλλήλουςτῇ
364 1418 644 1489 προθυμίᾳ
694 1419 1055 1489 διεγείροντας
1080 1461 1095 1483 ,
1129 1420 1221 1473 καὶ
1272 1420 1551 1490 προθυμο-

0 1506 293 1568 πτοιοῦντας.
338 1506 395 1559 ὐ
438 1507 536 1576 μὲν
567 1506 674 1576 γὰρ
702 1506 956 1576 Ἰωάννης
988 1506 1256 1575 ἐφοϐεῖτο,
1292 1508 1490 1576 μήπως
1517 1509 1550 1575 ἡ

0 1594 297 1663 τυμπάθεια
322 1598 421 1663 τῆς
467 1597 671 1665 μητρὸς
723 1596 969 1666 άνακόψῃ
994 1595 1085 1649 τὸν
1120 1596 1364 1665 Συμεών.
1414 1597 1471 1649 '0
1499 1596 1554 1649 δὲ

0 1685 146 1736 τάλιν
175 1684 437 1748 ὲδίσταζε,
461 1685 536 1755 μὴ
557 1687 590 1754 ἡ
613 1686 956 1755 προοπάθεια
968 1687 1064 1755 τῆς
1082 1687 1350 1756 νεογάμου
1368 1703 1555 1754 γυναι-

1652 525 1706 570 et
1726 516 1924 570 virtute
1972 515 2171 585 insigni
2213 514 2449 570 Joannes
2492 515 2789 581 diaconus,
2822 531 3043 573 omnem
3078 514 3253 588 pene’

1653 606 1821 661 vitam
1878 605 2271 675 sapientissimi
2348 606 2636 676 Symconis
2699 608 2856 662 nobis
2929 608 3218 678 exposuit;

1655 700 1823 753 Deum
1876 705 2106 755 testatus
2159 699 2227 753 de
2291 697 2359 752 iis
2411 713 2533 766 quae
2602 697 2845 764 diccbat,
2902 708 3223 769 tantumque

1653 792 1861 855 abesse,
1921 799 1982 845 ut
2029 790 2231 859 aliquid
2273 789 2520 844 addendo
2566 788 2888 853 narrationi,
2936 792 3222 847 veritatem

1653 882 1895 949 eiusdem
1939 883 2384 944 contaminasset,
2436 878 2571 949 quin
2622 880 2805 949 potius
2847 882 3018 936 multa
3067 883 3224 952 lapsu

1655 970 1918 1039 temporis
1948 977 2092 1024 esset
2120 969 2339 1023 oblitus.

1727 1064 1779 1115 7.
1824 1062 1958 1115 Dum
1992 1061 2174 1130 itaque
2207 1060 2290 1130 (ut
2321 1058 2589 1130 dicebam)
2621 1058 2762 1117 viam
2791 1059 3222 1128 ingrederentur,

1656 1168 1777 1223 quae
1808 1166 1933 1207 vere
1958 1151 2194 1206 ducebat
2238 1166 2332 1205 eos
2383 1150 2450 1206 ad
2497 1144 2684 1215 vitam,
2719 1151 2904 1205 videre
2935 1150 3083 1219 ipsos
3109 1160 3229 1205 erat

1655 1245 1992 1299 exsultantes
2038 1253 2095 1298 et
2145 1250 2429 1297 currentes
2458 1239 2592 1310 (non
2637 1255 2795 1295 secus
2831 1255 2895 1294 ac
2920 1240 3134 1295 Petrum
3171 1250 3230 1295 et

1657 1336 1922 1391 Joannem
1952 1336 2018 1391 ad
2045 1335 2319 1391 viviﬁeum
2345 1333 2556 1387 Domini
2586 1332 3011 1403 sepulcrum),et
3035 1342 3228 1389 mutuo

1659 1427 1794 1481 alter
1812 1427 2040 1481 alterum
2067 1424 2340 1480 desiderio
2361 1432 2416 1478 et
2437 1423 2714 1478 alacritate
2739 1424 3066 1478 excitabant.
3092 1424 3226 1479 Nam

1658 1518 1896 1572 Joannes
1941 1517 2220 1573 metuebat
2267 1532 2340 1570 ne
2384 1516 2610 1571 affectus
2660 1516 2849 1571 matris
2897 1517 3227 1588 Symeonem

1661 1607 1981 1662 retardaret.
2052 1607 2151 1662 Hic
2225 1621 2442 1661 rursum
2493 1606 2731 1660 haerebat
2777 1606 2996 1669 dubius,
3044 1623 3226 1663 annon

1660 1699 1953 1768 propensio
1981 1713 2136 1753 novae
2180 1707 2384 1766 nuptae,
2427 1697 2569 1752 sicut
2608 1712 2831 1768 magnes
2863 1698 3019 1768 lapis,
3049 1700 3118 1754 ad
3166 1715 3229 1755 se

0 1771 98 1835 ιὺς,
122 1771 311 1842 ὥσπερ
338 1772 610 1841 μαγνῆτις
658 1770 825 1836 λίθος,
852 1773 990 1841 πρὸς
1024 1772 1218 1841 ἑαυτὴν
1252 1771 1541 1842 ὲπιστρέψῖ

1718 1788 2017 1843 ιηινοτιίεεοι
2041 1786 2329 1842 Joannem.
2358 1784 2426 1841 Et
2464 1786 2517 1839 in
2556 1794 2834 1856 posterum
2882 1801 2946 1841 ex
2974 1788 3065 1843 illo
3092 1797 3228 1844 tem-

0 1860 72 1911 :6v
101 1860 380 1931 Ἰωάννην.
402 1861 512 1913 Καὶ
554 1860 739 1913 λοιπὸν
770 1863 834 1914 ὲκ
862 1860 1051 1914 τούτου
1081 1860 1268 1930 ἕτερος
1302 1860 1436 1932 πρὸς
1462 1861 1554 1912 τὸν

0 1950 173 2019 ἔτερον
197 1949 595 2020 νουθετητικοϊς
639 1951 734 2004 καὶ
778 1952 1206 2022 παρακλητικοῖς
1260 1952 1555 2020 ἐκέχρηντο

0 2042 163 2107 ιόγοις
184 2058 199 2073 ο
233 2041 325 2095 καὶ
360 2041 389 2094 6
419 2041 516 2112 μὲν
550 2040 754 2109 ἔλεγεν·
790 2044 970 2111 Μηδὲν
992 2043 1335 2116 ρᾳθυμήσῃς,
1362 2042 1554 2110 ἀδελφέ

0 2129 230 2197 Ξυμεών.
272 2129 590 2201 Ἐλπίζομεν
626 2130 736 2202 γὰρ
759 2132 840 2192 είς
864 2131 954 2184 τὸν
978 2132 1136 2198 Θεὸν,
1162 2132 1246 2184 ὅτι
1276 2135 1343 2205 τῇ
1385 2150 1555 2205 σημε-

0 2218 102 2285 ιινῇ
133 2216 319 2287 ἡμέρᾳ
347 2219 780 2290 ἀνεγεννήθημεν
801 2235 814 2248 ’
846 2219 900 2273 τί
929 2221 1038 2292 γὰρ
1069 2224 1218 2293 ἡμᾶς
1253 2224 1322 2276 τὰ
1350 2225 1553 2294 μάταια

8 2308 168 2358 κεῖνα
201 2306 294 2359 τοῦ
334 2306 450 2376 βίου
489 2311 810 2380 πράγματα,
836 2312 934 2364 καὶ
959 2312 1234 2377 όπλοῦτος
1273 2315 1552 2386 ὠφελῆσαι

0 2414 37 2449 ,ν
68 2398 259 2468 ἡμέρᾳ
287 2400 520 2468 κρίσεως
570 2400 820 2455 ἐδύναντο
846 2442 861 2467 ,
901 2404 1038 2458 ἀλλὰ
1078 2405 1275 2475 μᾶλλον
1302 2406 1397 2460 καὶ
1431 2408 1553 2475 βλά-

0 2485 80 2552 ψαι
107 2504 123 2553 ;
162 2488 286 2539 οὐδὲ
314 2489 346 2558 ἡ
377 2490 563 2561 νεότης
585 2493 767 2558 πάλιν,
801 2495 896 2547 καὶ
921 2496 981 2548 τὸ
1008 2495 1224 2564 κάλλος,
1248 2497 1310 2550 τὸ
1335 2498 1554 2569 προκεί-

0 2593 148 2630 ιενον
187 2578 267 2648 τῷ
301 2579 509 2648 σώματι
533 2586 565 2652 ὴ
577 2583 711 2652 μῶν,
745 2587 823 2648 είς
847 2587 999 2649 τέλος
1033 2589 1346 2659 ἀμάραντον
1364 2590 1554 2660 διαμέ-

0 2684 81 2721 ιει.
128 2667 274 2721 Ἀλλ’
300 2669 333 2738 ἦ
372 2662 489 2723 ὑπὺ’
504 2672 596 2724 τοῦ
630 2675 831 2744 γήρους
857 2677 935 2746 τῷ
963 2678 1161 2749 καιρῷ,
1192 2678 1225 2749 ἢ
1257 2679 1362 2733 ὑπὸ
1392 2678 1556 2733 θανά-

0 2775 74 2811 ςου
123 2758 225 2812 τοῦ
273 2761 605 2833 προσκαίρου
655 2765 981 2818 ἀπόλλυται·
1011 2768 1104 2820 καὶ
1135 2769 1210 2831 ὡς
1259 2766 1430 2821 ταῦτα
1462 2770 1555 2835 καὶ

0 2850 167 2922 Ιίολλῷ
221 2850 444 2905 πλείονα
492 2853 677 2921 ἔλεγεν
707 2856 843 2926 πρὸς
899 2858 1163 2927 Συμεῶνα
1204 2861 1233 2912 6
1283 2859 1553 2931 Ἰωάννης,

0 2940 145 2994 πάλιν
176 2940 579 3009 άντεφθέγγετο
606 2945 833 3010 ἐκεῖνος,
870 2948 967 2999 καὶ
994 2948 1062 3002 τά
1093 2950 1254 3019 ὅμοια
1286 2949 1555 3004 ἐδυσώπει

1657 1893 1808 1948 pore,
1840 1878 2147 1933 monitoriis
2175 1887 2230 1933 et
2256 1877 2639 1932 consolatoriis
2671 1878 2815 1932 inter
2844 1892 2902 1932 se
2933 1880 3230 1934 utebantur

1657 1969 2016 2024 sermonibus.
2052 1968 2119 2023 Et
2147 1968 2235 2022 hic
2283 1967 2503 2037 quidem
2541 1968 2716 2023 dixit:
2752 1968 3078 2038 Neutiquam
3109 1979 3228 2025 tor-

1657 2075 1805 2129 peas,
1832 2058 1999 2114 frater
2027 2059 2295 2129 Symeon;
2326 2074 2613 2129 speramus
2637 2058 2783 2114 enim
2819 2061 2874 2114 in
2894 2061 3086 2127 Deum,
3124 2061 3227 2117 ho-

1657 2149 1844 2206 dierna
1875 2148 1962 2205 die
1999 2163 2101 2203 nos
2129 2163 2252 2203 esse
2297 2157 2669 2221 regeneratos.
2703 2151 2844 2217 Quid
2883 2151 3030 2206 enim
3067 2152 3228 2208 nobis

1657 2242 1835 2297 stultae
1891 2241 1993 2295 illae
2054 2239 2179 2296 vita!
2232 2256 2321 2295 res
2358 2251 2414 2295 et
2469 2241 2673 2296 divitia:
2739 2244 2997 2312 prodesse
3046 2245 3100 2298 in
3140 2244 3229 2300 die

1654 2332 1846 2403 judicii
1868 2331 2112 2401 possint;
2135 2332 2246 2386 imo
2271 2331 2457 2401 potius
2480 2333 2610 2403 quid
2635 2334 2845 2404 possint
2870 2334 2975 2390 nisi
3006 2336 3231 2391 nocere?

1658 2420 1768 2476 Nec
1826 2437 2044 2477 rursum
2089 2421 2371 2491 juventus,
2398 2438 2502 2478 nec
2530 2424 2901 2493 pulchritudo,
2950 2426 3226 2483 inhaerens

1656 2520 1843 2565 nostro
1870 2511 2106 2580 corpori,
2142 2511 2609 2567 immarcescibilis
2646 2524 2930 2583 permanet
2971 2532 3141 2585 usque
3170 2517 3225 2571 in

1658 2601 1850 2668 finem;
1882 2602 1979 2657 sed
1999 2602 2083 2657 vel
2113 2610 2358 2671 tempore
2378 2618 2474 2674 per
2503 2613 2839 2659 senectutem
2871 2607 2955 2660 vel
2994 2618 3225 2663 mortem

1659 2691 2096 2760 intempestivam
2117 2692 2278 2761 perit.
2312 2692 2380 2748 Et
2426 2681 2553 2747 du'm
2595 2692 2711 2748 haec
2754 2703 2809 2748 et
2856 2696 3026 2750 multo
3073 2697 3227 2766 plura

1659 2780 1883 2835 dixisset
1908 2781 1974 2835 ad
2007 2779 2331 2851 Symeonem
2359 2782 2627 2850 Joannes;
2656 2783 2853 2838 iterum
2884 2785 2973 2840 hic
2999 2803 3227 2857 respon-

1659 2870 1758 2934 dit,
1787 2880 1842 2925 et
1879 2872 2074 2927 similia
2104 2872 2416 2936 verebatur,
2446 2883 2502 2928 et
2529 2875 2744 2932 dicebat
2785 2894 2799 2931 :
2840 2880 2947 2949 Ego
2980 2881 3222 2949 quidem,

1657 2959 1896 3015 Joannes
1922 2961 2107 3026 frater,
2129 2976 2309 3032 neque
2342 2972 2574 3032 patrem,
2602 2980 2782 3035 neque
2804 2967 3018 3032 fratres,
3048 2984 3227 3040 neque

0 3030 73 3083 ιαὶ
102 3029 321 3097 ἐλεγενο
361 3031 501 3099 Ἐγὼ
533 3034 652 3101 μὲν,
676 3034 871 3103 ἀδελφὲ
902 3035 1143 3108 Ἰωάννη,
1175 3037 1300 3092 οὔτε
1346 3041 1541 3111 πατέρα

1722 3060 1872 3101 rores
1901 3049 2095 3114 habeo,
2141 3058 2339 3119 praeter
2388 3052 2648 3108 humilem
2689 3069 2854 3110 anum
2891 3057 3058 3127 illam,
3106 3078 3228 3132 qua:
3336 3088 3337 3091 η

0 3117 103 3173 Dte
158 3118 445 3188 ἀδελφοὺς,
499 3119 623 3175 οὕτε
657 3123 888 3192 ἀδελφὰς
941 3126 1238 3198 κέκτημαι,
1270 3129 1318 3180 εί
1358 3127 1434 3200 μὴ
1457 3130 1555 3199 τὴν

0 3207 251 3279 ταπεινὴν
292 3209 487 3279 γραίαν
529 3212 766 3282 ἐκείνην,
811 3214 910 3285 τὴν
958 3216 1057 3285 ἐμὲ
1106 3219 1464 3288 γεννήσασαν·
1494 3220 1552 3271 οὐ

0 3295 243 3350 ςοσοῦτον
270 3297 326 3349 δὲ
373 3298 533 3349 πόνον
581 3298 872 3369 ὀργίζομαι
902 3306 1031 3373 περὶ
1055 3305 1271 3369 ἑαυτοῦ,
1304 3307 1426 3361 ὅσον
1461 3326 1553 3360 σου

0 3386 75 3458 ὴν
115 3385 355 3452 καρδίαν
390 3386 682 3457 φοϐοῦμαι,
708 3391 907 3458 μήπως
938 3392 1000 3444 τὸ
1026 3396 1250 3465 κράσμα
1287 3395 1553 3471 [βράσμα]

0 3476 75 3544 ’ἦς
126 3475 403 3545 νεογάμου
444 3480 698 3544 γυναικὸς
752 3482 1046 3556 ἀποσπάσῃ
1105 3503 1163 3539 σε
1196 3489 1260 3540 ἐκ
1303 3489 1401 3558 τῆς
1433 3490 1554 3543 ὁδοῦ

0 3563 190 3634 καύτης
221 3562 322 3631 τῆς
344 3564 572 3633 ἀγαθῆς.
598 3562 710 3630 ’Ὡς
737 3567 833 3622 οὖν
863 3569 1034 3625 ταῦτα
1059 3575 1155 3627 καὶ
1186 3575 1407 3631 πλείονα
1428 3577 1551 3631 τού-

1 3672 82 3708 ων
126 3651 278 3729 πρὸς
310 3652 569 3723 ἀλλήλους
619 3656 1160 3729 άντεφιλολογοῦντο,
1214 3667 1554 3722 καταντῶσιν

2 3745 52 3805 ῑς
86 3728 459 3814 μοναστήριον
478 3745 537 3797 τὸ
566 3746 902 3819 καλούμενον
923 3728 1015 3804 τοῦ
1050 3753 1193 3808 ὰϐϐᾶ
1224 3755 1550 3827 Γερασίμου.

0 3837 160 3888 Ησαν
188 3833 301 3904 γὰρ
334 3836 427 3889 καὶ
462 3835 619 3890 τοῦτο
643 3838 963 3910 εὐξάμενοι·
1003 3843 1083 3895 ὃτι
1129 3844 1299 3916 Κύριε
1330 3849 1358 3900 ό
1400 3849 1550 3913 Θεὸς,

0 3944 26 3979 ν
57 3926 164 3995 οἵῳ
193 3925 437 3990 κελεύεις
459 3930 605 3999 ἡμᾶς
628 3931 1003 3998 ἀποτάξασθαι
1049 3937 1393 4007 μοναστηρίῳ
1416 3978 1431 4003 ,
1464 3940 1553 3992 εὖ·

0 4033 173 4086 οιμεν
224 4016 324 4088 τὴν
375 4018 542 4090 θύραν
574 4023 829 4092 ἀνοικτήν
848 4039 861 4053 ·
885 4024 1021 4094 ὅπερ
1048 4025 1141 4079 καὶ
1173 4028 1413 4096 γέγονεν.
1445 4027 1553 4083 τΗν

0 4103 60 4160 ὗν
86 4111 151 4160 ὲν
184 4107 366 4177 τούτῳ
389 4109 466 4179 τῷ
487 4111 830 4183 μοναστηρίῳ
852 4114 991 4184 ἀνὴρ
1016 4114 1314 4187 θαυμάσιος
1332 4119 1552 4191 ὀνόματι

0 4196 186 4258 [ίκων.
237 4194 523 4266 ἄνθρωπος
581 4199 798 4270 άληθῶς
833 4203 974 4255 κατὰ
1011 4203 1108 4274 τὴν
1157 4210 1548 4279 προσηγορίαν,

0 4286 63 4339 αὶ
98 4287 210 4356 τὴν
240 4285 515 4340 πολιτείαν
566 4290 926 4357 κτησάμενος.
964 4294 1147 4373 Νικῷν
1191 4296 1299 4369 γὰρ
1336 4300 1551 4371 ὑπῆρχε

1656 3147 1745 3186 me
1772 3134 1976 3203 genuit.
2004 3132 2115 3188 Nec
2141 3136 2209 3190 de
2246 3137 2348 3193 hae
2386 3153 2444 3194 re
2480 3139 2670 3198 laboro
2697 3152 2932 3211 tantum,
2959 3159 3224 3216 quantum

1656 3221 1820 3276 timeo
1850 3237 1920 3276 ne
1940 3238 2035 3279 cor
2067 3232 2219 3280 tuum
2247 3242 2401 3283 nova:
2436 3238 2617 3299 nupta:
2646 3231 2977 3287 desiderium
3012 3237 3226 3292 abstra-

1658 3312 1751 3368 hat
1771 3330 1801 3368 a
1823 3316 1961 3375 bona
1987 3317 2090 3371 hac
2118 3319 2223 3373 via.
2252 3318 2377 3374 Haec
2399 3320 2564 3389 igitur
2592 3330 2753 3391 atque
2789 3324 2872 3379 his
2900 3325 3225 3395 plura'inter

1658 3419 1717 3458 se
1744 3406 1917 3459 amice
1945 3409 2308 3474 conferentes,
2349 3413 2687 3479 perveniunt
2711 3414 2776 3469 ad
2808 3419 3223 3484 monasterium,

1657 3495 1800 3560 quod
1847 3504 2071 3549 vocatur
2131 3498 2343 3553 abbatis
2389 3500 2679 3560 Gerasimi.
2734 3502 2867 3560 Nam
2919 3509 3021 3563 hoc
3059 3512 3226 3566 etiam

1655 3593 1946 3638 oraverant
1977 3602 1992 3639 :
2032 3584 2257 3642 Domine
2298 3588 2456 3655 Deus,
2498 3593 2554 3645 in
2584 3609 2693 3662 quo
2719 3594 2879 3664 jubes
2912 3613 3013 3655 nos
3036 3616 3225 3657 mona-

1656 3673 1823 3727 sterio
1842 3674 2117 3739 collocari,
2152 3678 2494 3736 inveniamus
2519 3683 2743 3752 januam
2771 3698 3048 3757 apertam;
3081 3696 3225 3763 quod

1654 3770 1709 3816 et
1738 3760 1939 3819 factum
1971 3766 2256 3841 fuitaErat
2298 3772 2484 3841 itaque
2532 3775 2585 3828 in
2634 3776 2738 3832 hoc
2778 3760 3114 3839 monasterio
3143 3788 3227 3840 vir

1653 3852 1934 3918 mirabilis,
1972 3858 2194 3913 nomine
2239 3861 2431 3929 Nicon,
2468 3865 2635 3922 homo
2688 3870 2775 3924 cui
2826 3888 2958 3929 vere
2985 3891 3223 3948 congrua

1654 3944 2057 4010 cognominatio
2104 3948 2213 4019 (ll)
2262 3956 2661 4015 conversationi
2706 3971 2824 4016 erat
2854 3964 3043 4021 indita.
3089 3944 3222 4024 Nam

1653 4031 1909 4088 vincebat
1938 4050 2156 4092 omnem
2189 4039 2511 4097 diabolicam
2541 4046 2837 4116 legionem,
2867 4056 3142 4113 miraculis
3168 4071 3227 4115 et

1653 4123 1821 4195 signis
1845 4126 2159 4198 eﬂ‘ulgebat,
2192 4140 2248 4185 et
2275 4135 2575 4203 prophetia:
2597 4139 2859 4208 dignitate
2899 4154 3015 4198 erat
3056 4164 3085 4205 a
3113 4149 3223 4205 Deo

1653 4213 1971 4282 honoratus,
1997 4218 2088 4284 qui
2116 4220 2277 4274 etiam
2325 4223 2512 4278 beatos
2538 4226 2704 4283 hosce
2741 4229 2906 4287 affore
2937 4240 3222 4302 pnenovit.

1652 4303 1798 4360 Dixit
1816 4308 1958 4361 enim
1984 4310 2185 4366 vidisse
2213 4327 2271 4368 se
2304 4314 2357 4368 in
2390 4318 2599 4373 somnis
2623 4319 2709 4374 illa
2726 4321 2836 4388 die,
2855 4340 2958 4394 qua
2984 4327 3221 4385 advene-

0 4380 159 4431 ἄσαν
190 4376 512 4449 δαιμονικὴν
546 4382 871 4451 παράταξιν,
907 4365 1148 4455 θαύμασι
1179 4365 1278 4441 καὶ,
1303 4365 1541 4459 σημείοίς

0 4466 360 4493 ---ΊΔη-..η
408 4471 495 4493 -..Α
526 4474 855 4493 ----Αμ--Ιηγ
897 4475 948 4493 υ-
993 4475 1006 4493 ι
1183 4480 1197 4493 ι
1254 4480 1267 4493 ι
1304 4480 1338 4493 Α
1408 4482 1432 4493 ο

2170 4365 2175 4366 ,
2224 4365 2266 4368 ﬂ
2391 4365 2597 4373 _-_-_----
2625 4365 2709 4374 ...μ
2729 4365 2836 4388 ....,,
2895 4365 2958 4380 ....
2984 4365 3221 4385 ...η-,ηυ-

1722 4408 1805 4463 nt,
1835 4399 2093 4470 aliquem,
2121 4406 2211 4474 qui
2238 4407 2454 4463 dicebat
2487 4410 2588 4480 ipsi
2622 4430 2635 4466 :
2673 4365 2929 4488 Surge‘iet
2966 4421 3113 4491 aperi
3137 4422 3221 4493 ia-

0 4466 382 4536 ατα).άμπων,
408 4471 501 4521 καὶ
525 4474 860 4543 προφητείας
885 4475 1152 4545 ἀξιώματι
1175 4480 1280 4532 ὑπὸ
1300 4480 1434 4535 Θεοῦ
1455 4501 1545 4535 τε-

1650 4504 1813 4542 nuam
1841 4493 2100 4560 mandrae,
2132 4510 2191 4550 ut
2218 4496 2590 4574 ingrediantur
2611 4518 2740 4563 oves
2773 4523 2941 4578 meae;
2969 4513 3113 4584 quod
3166 4523 3223 4572 et

0 4578 7 4609 ι
15 4576 100 4628 μη
109 4556 302 4626 μένος’
324 4557 381 4620 ὃς
405 4562 497 4610 καὶ
519 4564 768 4630 προέγνω
786 4565 882 4634 τὴν
904 4566 1108 4620 τούτων
1134 4569 1242 4622 τῶν
1264 4575 1546 4642 μακαρίων
1650 4578 1802 4637 fecit.

1 4645 303 4718 αρουσίαν⁶
336 4649 468 4716 φησὶ
496 4650 604 4719 γὰρ
632 4654 935 4724 ἑωρακέναι
964 4659 1124 4713 αὐτὸν
1152 4662 1293 4731 κατὰ
1317 4666 1442 4729 τοὺς
1481 4667 1678 4736 ὕπνους
1709 4692 1739 4727 τ

1744 4678 1776 4744 ᾗ
1810 4679 2016 4770 ἡμέρᾳ,
2048 4682 2104 4733 ἐν
2209 4660 2748 4756 παρεγένοντο,ητινὰ
2779 4695 3006 4762 λέγοντα
3034 4698 3211 4770 αὐτῷ·

0 4739 226 4792 ὶνάστα
256 4740 347 4791 καὶ
372 4739 580 4804 ἄνοιξον
608 4742 706 4814 τὴν
741 4744 910 4816 θύραν
939 4749 1036 4819 τῆς
1074 4752 1309 4823 ποίμνης
1348 4755 1437 4812 ἴνα
1466 4739 2120 4837 εἰσέλθωσιπτδινπρόϐατά
2144 4739 2245 4839 μου
2269 4739 2301 4804 ο.
2330 4739 2472 4846 ὅπερ

20 4886 110 4949 η’.
163 4878 257 4939 Ὦς
278 4874 370 4932 οὖν
403 4854 836 4951 παραγενόμενοι
874 4878 1033 4957 εὗρον
1053 4889 1150 4960 τὴν
1189 4891 1358 4962 θύραν
1383 4897 1545 4970 ἄνεῳ·

0 4968 208 5035 μένην,
243 4966 439 5052 καὶτὸν
462 4968 635 5051 άϐϐᾶν
664 4971 1044 5045 καθεζόμενον,
1072 4981 1165 5033 καὶ
1183 4966 1544 5052 περιμένοντα
1648 5007 1675 5045 a

0 5056 170 5118 51:66;
190 5071 207 5085 ο
228 5051 379 5146 εἶπεν
395 5060 423 5110 6
438 5048 691 5131 Ἰωάννης
713 5064 790 5134 τῷ
814 5066 1035 5137 Συμεών
1050 5085 1064 5099 ·
1093 5048 1271 5125 Καλὸν
1292 5048 1539 5146 μεῖον,

0 5147 188 5214 ῑελφὲ,
233 5145 343 5223 ἰδοὺ
381 5149 415 5216 ἡ
452 5147 591 5217 θύρα
628 5152 874 5226 ἀνοικτὴ,
921 5161 1014 5211 καὶ
1042 5160 1070 5211 6
1100 5145 1376 5234 ὁστιάριος
1408 5167 1541 5219 καθ-

0 5254 171 5299 aevo;
197 5251 214 5266 ⁸
255 5238 331 5298 ὡς
355 5234 447 5291 οὖν
475 5240 832 5311 ἐπλησίασαν,
865 5248 1013 5317 λέγει
1042 5253 1226 5320 αὐτοῖς
1247 5258 1277 5310 6
1312 5257 1543 5328 ἡγούμε-

0 5344 72 5393 ς-
108 5322 318 5388 Καλῶς
347 5321 510 5395 ἦλθον
547 5329 615 5383 τὰ
660 5331 909 5400 πρόϐατα
951 5339 1044 5391 τοῦ
1088 5321 1343 5413 Χριστοῡζ

1719 4903 1773 4957 8.
1793 4903 2081 4977 Postquam
2105 4925 2233 4981 ergo
2260 4914 2978 4986 advenissent,.invenerunt
2989 4930 3212 5000 januam

1682 5003 1910 5062 pertam,
1941 5007 1995 5052 et
2022 4999 2271 5056 abbatem
2305 5006 2607 5075 sedentem,
2649 5024 2703 5068 et
2741 5015 2887 5085 ipsos
2921 4999 3217 5091 expectan—

1650 5091 1778 5184 tem.
1844 5086 1986 5142 Dixit
2044 5088 2283 5147 Joannes
2342 5094 2599 5165 Symeoui
2645 5121 2658 5156 :
2713 5105 2924 5163 Bonum
2973 5086 3210 5184 signum,

1647 5173 1833 5241 frater,
1857 5192 1984 5233 ecce
2006 5180 2170 5249 ianua
2200 5196 2413 5254 aperta.
2437 5200 2488 5243 et
2527 5194 2781 5251 ostiarius
2821 5173 3052 5259 sedens:
3072 5173 3210 5264 Dum

1650 5264 1811 5371 igitur
1832 5271 2381 5371 appmpinquassent,
2401 5280 2533 5339 dicit
2554 5282 2687 5353 ipsis
2708 5287 3046 5359 hegumenus
3057 5295 3208 5371 (ωε

1378 5347 1535 5447 Λέγει
1648 5358 1796 5410 uene
1817 5372 2091 5417 venerunt
2115 5379 2245 5419 oves
2268 5365 2491 5425 Christi.
2529 5347 2670 5431 Dicit
2698 5347 2879 5436 statim

1464 5478 1692 5538 NOTAE.

13 5548 147 5683 έιο)
195 5542 389 5615 Capite
419 5551 650 5619 septimo
670 5555 933 5615 invenies.

44 5618 146 5682 ﬂ)
194 5615 436 5683 A__Verho
475 5622 645 5673 νικάω
669 5661 685 5683 ,
736 5627 886 5680 vinco
909 5669 924 5683 ,

44 5618 148 5709 Ξέὶ
194 5615 924 5709 ἦιΥΞῗε¹ῗ2ξ⁸3⁶έξίὲεμκνίηεοο
981 5632 1140 5709 cuivs
1190 5641 1533 5709 Participium
1573 5657 1655 5702 est

12 5680 149 5759 (12)
210 5680 560 5754 Ἥγούμενος,
579 5680 765 5756 abbas,
796 5680 1139 5757 monasterio

1679 5655 2100 5729 νικῶν,,ιιίηιτεηε,
2124 5672 2217 5719 aut
2252 5667 2434 5725 victor.
