3736 6308
0 314 58 378 81
1180 318 1352 378 VITA
1389 319 1449 378 S.
1477 315 1872 376 SYMEONIS.

3024 305 3162 369 1682

0 435 30 491 ι,
64 427 267 487 τέκνον,
300 428 328 479 6
372 423 564 495 ἐχθρὸς
618 423 728 477 τῶν
753 423 942 494 ψυχῶν
993 424 1148 495 ήμῶν
1202 426 1479 497 ὑποσάλῃο

1658 441 1709 477 m
1747 424 1884 478 dixit
1915 439 1929 474 :
1967 419 2150 489 Neque
2205 418 2322 480 tibi,
2366 417 2462 480 fili,
2507 415 2823 470 animarum
2851 426 3156 473 nostrarum

0 506 150 588 ςἜιρα
171 517 296 578 τοὺς
326 516 491 584 ἐμοὺς
543 515 724 584 γονεῖς
771 517 1202 586 γηροϐοσκήσεις
1253 518 1337 580 τίς
1386 516 1485 587 τὴν

1 607 62 675 ὴν
96 605 322 676 σύμόιον
347 605 836 675 παραμυθήσεται;
882 608 966 671 τίς
1021 609 1089 660 τὰ
1140 608 1364 662 ἐκείνων
1393 608 1486 661 δά-

2 713 67 750 υα
93 695 464 760 καταπαύσει;
492 696 554 747 Εἰ
587 696 684 764 μὲν
703 697 812 767 γὰρ
838 697 973 766 πρὸς
1002 695 1185 766 ἓτερον
1217 695 1347 749 Θεὸν
1365 696 1486 749 τού-

0 806 50 850 ›ς
77 787 514 856 ὲγκατελείψατε,
534 788 627 840 καὶ
658 788 793 856 πρὸς
820 788 1008 857 ἕτερον
1024 787 1293 842 δουλεύειν
1319 789 1487 859 ἀπήρ-

0 876 104 939 σθε,
131 876 307 939 καλῶς
337 875 403 928 ἂν
435 877 794 946 ὲμεριμνᾶτε,
845 880 892 930 εἰ
946 877 1053 946 ἄρα
1086 877 1355 946 φροντίζει
1387 876 1486 929 αύ-

0 983 31 1016 ιν
58 965 150 1017 καὶ
176 965 602 1034 παραμυθεῖται,
631 965 664 1034 ἢ
695 965 777 1019 ού.
808 966 921 1019 Νῦν
947 967 1002 1019 δὲ
1038 967 1175 1036 πρὸς
1208 966 1394 1028 αὑτὸν,
1441 958 1486 1033 ᾧ

0 1052 591 1121 ὅτουςιὲγκατελείψατε
621 1053 1076 1124 προσδραμόντες,
1117 1053 1211 1106 καὶ
1261 1054 1486 1116 ἑαυτοὺς

7 1143 342 1213 ιερώσαντες,
374 1145 596 1217 θαρρεῖν
627 1145 754 1216 χρὴ,
807 1146 1026 1198 κάκεῖνο
1057 1145 1114 1197 δὲ
1143 1145 1480 1212 λογίζεσθαιο

0 1251 4 1284 ι
29 1234 74 1284 εί
99 1235 156 1286 ἐν
187 1224 272 1305 τῷ
296 1233 484 1304 κόσμῳ
507 1233 684 1302 τούτῳ
713 1233 880 1286 ὄντων
910 1232 1086 1302 ἡμῶν,
1119 1233 1214 1286 καὶ
1262 1233 1339 1304 τῷ
1388 1233 1486 1303 βίῳ

0 1324 300 1389 ›λευόντων,
331 1326 548 1379 πάντων
581 1325 842 1396 πρόνοιαν
875 1327 1109 1379 ἐποιεῖτο
1151 1328 1184 1396 ἡ
1230 1325 1323 1379 τοῦ
1350 1325 1486 1378 Θεοῦ

2 1413 213 1482 αθότης,
262 1415 412 1485 πόσῳ
441 1431 504 1482 γε
563 1415 763 1484 μᾶλλον
815 1415 877 1468 ού
917 1417 1192 1485 φροντίσει
1239 1415 1333 1469 νῦν
1380 1417 1486 1468 τῶν

0 1503 202 1572 ετέρων
230 1503 391 1556 οἴκων
419 1543 432 1564 ,
480 1504 569 1557 ὅτε
627 1503 897 1557 δουλεύειν
939 1504 1089 1574 αὐτῷ
1150 1505 1245 1558 καὶ
1291 1507 1488 1574 εὐαρε-

0 1593 70 1643 εἴν
100 1590 247 1662 αὐτῷ
274 1591 546 1661 ὁλοψύχως
572 1591 925 1662 είσήλθομεν;

1 1701 19 1730 α
49 1678 97 1734 ι’.
117 1683 326 1743 Τοίνυν,
351 1677 396 1733 ὦ
415 1683 598 1745 τέκνα,
626 1682 1053 1751 μνημονεύοντες
1077 1683 1168 1734 τοῦ
1190 1681 1392 1752 Κυρίου
1408 1681 1484 1733 εί-

0 1787 118 1833 ντος
143 1770 277 1841 πρὸς
318 1771 408 1822 τὸν
445 1772 696 1823 εἰπόντα’
738 1770 1058 1842 Ἐπίτρεψόν
1089 1786 1199 1838 μοι,
1224 1769 1488 1842 ὑποστρέ-

8 1879 21 1912 ι
50 1861 284 1930 πρῶτον,
306 1862 400 1914 καὶ
423 1861 591 1930 θάψαι
619 1862 711 1912 τὸν
742 1863 955 1931 πατέρα
992 1877 1093 1928 μου
1115 1877 1128 1890 ·
1167 1859 1340 1929 ’Δφες
1360 1859 1486 1922 τοὺς

0 1952 152 2020 »ιροὺς
182 1951 351 2020 θάψαι
380 1953 503 2014 τοὺς
537 1950 744 2003 ἑαυτῶν
787 1951 1010 2020 νεκρούς
1037 1967 1050 1980 ·
1085 1950 1486 2021 ἀμεταστρόφῳ

0 2041 112 2110 ώμῃ
134 2041 229 2094 καὶ
258 2041 653 2110 ἀμεταμελήτῳ
683 2041 880 2111 καρδίᾳ
900 2041 1280 2109 καταδράμετε
1311 2040 1486 2093 ὀπίσω

1 2131 107 2183 τοῦ.
139 2132 208 2184 Τί
259 2131 367 2200 γὰρ
414 2131 558 2202 ἄρας
599 2133 645 2182 εἰ
686 2132 776 2184 καὶ
824 2134 852 2183 6
902 2132 1146 2199 ἐπίγειος
1195 2125 1349 2194 οὗτος
1390 2131 1486 2184 καὶ

0 2222 159 2290 αρτὸς
191 2223 444 2292 βασιλεὺς
493 2222 864 2291 προετρέψατο
892 2222 1056 2290 ὑμᾶς,
1096 2221 1266 2286 ζῶσαι
1301 2221 1487 2292 βουλό-

0 2330 104 2376 νος,
137 2316 217 2376 είς
261 2315 600 2386 πατρικίους,
634 2314 667 2385 ἢ
699 2314 1183 2384 κουὸικουλαρίους
1224 2315 1319 2368 τοῦ
1363 2317 1486 2367 ἐπι-

0 2402 67 2454 ίου
94 2404 260 2458 αὐτοῦ
314 2405 600 2468 παλατίου,
652 2404 746 2456 τοῦ
799 2405 1230 2475 παρερχομένου,
1291 2406 1486 2469 καὶὼς

0 2495 78 2557 id;
107 2495 204 2546 καὶ
229 2495 504 2557 ἐνυπνίου,
534 2494 951 2564 ἀφανιζομένου,
985 2495 1196 2564 ἄρχειν,
1246 2496 1308 2547 οὐ
1354 2513 1488 2548 κατο-

0 2586 255 2652 ρονήσατε
293 2586 360 2638 ἂν
384 2586 639 2638 ἁπάντων
671 2584 778 2638 τῶν
812 2585 1163 2656 ὑπαρχόντων
1207 2585 1357 2655 ὑμῖν,
1394 2587 1487 2638 καὶ

0 2673 223 2738 ουδαίως
255 2674 350 2726 καὶ
371 2673 778 2742 ἀνεμποδίστως
803 2674 937 2744 πρὸς
956 2673 1116 2725 αὑτὸν
1134 2673 1485 2742 κατελαμϐά-

0 2780 58 2828 τε,
85 2765 194 2816 τῶν
226 2765 359 2834 παρ’
391 2763 554 2816 αὑτοῦ
589 2766 783 2835 τιμῶν,
820 2768 912 2818 καὶ
954 2766 1053 2834 τῆς
1092 2766 1258 2818 αὐτοῦ
1312 2766 1487 2835 ὂψεως

0 2857 14 2902 t
45 2854 358 2925 παρρησίας
389 2852 680 2908 ἀπολαύειν
712 2854 1127 2925 ἐπιθυμοῦντες,
1173 2858 1267 2909 καὶ
1311 2858 1486 2912 πάντα

0 2963 100 3012 νον,
137 2948 232 3001 καὶ
263 2946 450 3010 κόπον,
491 2947 582 2998 καὶ
623 2945 853 3000 θάνατον
901 2944 1225 3014 προείλασθε
1277 2946 1485 3016 ὑπομέ-

0 3053 45 3100 ν,
87 3036 252 3104 μόνον
308 3035 394 3088 ἴνα
421 3036 520 3105 τὴν
557 3035 768 3106 ἡμέραν
797 3035 1009 3104 ἐκείνην
1038 3035 1163 3086 ἰδεῖν
1193 3035 1480 3106 ἀξιωθῆτε,

0 3120 28 3198 ᾖ
64 3126 250 3194 μέλλει
272 3126 300 3177 6
331 3125 580 3194 βασιλεὺς
602 3126 694 3178 ἐπὶ
727 3125 904 3194 πάσης
932 3127 1031 3194 τῆς
1066 3126 1370 3195 συγκλήτου
1399 3127 1482 3179 δέ-

0 3215 124 3276 πθαι,
177 3215 271 3268 καὶ
330 3214 666 3284 στρατεύειν,
725 3216 820 3267 καὶ
869 3215 1270 3284 φιλοτιμεῖσθαι
1303 3217 1479 3285 ὑμᾶς;

0 3326 33 3356 »ν
53 3307 110 3360 δὲ
138 3307 430 3375 φησάντων
457 3305 626 3367 οὕτως
651 3305 813 3374 ἔχειν,
833 3299 986 3357 εἶπεν
1011 3307 1039 3358 6
1063 3306 1232 3374 μέγας
1261 3308 1445 3359 Νίκων
1463 3323 1477 3336 ο

0 3396 100 3468 λλῷ
135 3395 334 3466 μᾶλλον
362 3390 475 3459 οῦν,
527 3395 713 3458 τέκνα,
768 3394 904 3464 μετὰ
953 3395 1196 3458 πλείονος
1226 3396 1480 3464 σπουδῆς,

0 3503 8 3536 ι
51 3484 403 3549 κατανύξεως
452 3484 530 3556 τῷ
568 3484 834 3554 ἀφθάρτῳ
869 3486 964 3538 καὶ
1018 3485 1220 3554 αἰωνίῳ
1273 3484 1484 3555 βασιλεῖ

0 3595 18 3627 ν
43 3576 440 3647 βασιλευόντων
461 3573 816 3645 κατατρέχειν
837 3574 932 3627 καὶ
962 3573 1478 3647 ἀκολουθεῖν,ὴμεῖς,

0 3667 334 3736 εὐγνώμονες
361 3664 536 3718 δοῦλοι
561 3663 850 3732 ὀφείλομεν
869 3703 884 3726 ,
929 3663 1356 3734 μνημονεύοντες
1383 3666 1481 3733 τῆς

0 3757 154 3826 ίπης,
182 3749 250 3825 ἦς
279 3753 581 3818 ἐνεδείξατο
633 3755 711 3816 εἰς
735 3754 885 3823 ἡμᾶς
925 3755 953 3806 6
989 3753 1143 3816 Θεὸς,
1199 3753 1340 3807 ὥστε
1390 3754 1480 3807 τὸν

0 3863 40 3898 ιν
69 3845 238 3901 αὑτοῦ
292 3846 385 3899 τὸν
442 3845 704 3916 μονογενῆ
752 3845 852 3900 οὐκ
897 3845 1152 3915 ἐφείσατο
1206 3845 1274 3898 δι’
1309 3847 1478 3916 ἡμᾶς,

0 3934 25 3986 ι’
62 3935 205 4002 ὑπὲρ
246 3935 406 4005 ἡμῶν
461 3935 680 3989 πάντων
715 3936 1030 4006 παρέδωκεν
1061 3937 1262 4004 αὐτόν;
1315 3938 1479 3991 Ὥστε

0 4048 2 4062 ι
31 4029 80 4079 εί
111 4028 206 4080 καὶ
236 4028 302 4080 τὰ
333 4028 540 4081 ἑαυτῶν
563 4027 769 4096 αἵματα
804 4028 945 4098 ὑπὲρ
968 4028 1132 4080 αὑτοῦ
1161 4028 1476 4098 ἐξεχέαμεν,

0 4116 57 4187 τῷ
80 4116 275 4185 αἵματι
298 4117 461 4169 αὐτοῦ
489 4118 589 4187 τῆς
623 4119 831 4190 φθορᾶς
875 4121 968 4172 καὶ
996 4118 1090 4172 τοῦ
1135 4118 1364 4172 θανάτου
1391 4121 1481 4171 λυ-

0 4206 230 4270 υθέντες,
264 4208 359 4260 καὶ
405 4209 486 4271 είς
531 4211 661 4263 υἱῶν
701 4209 938 4279 γνησίων
961 4209 1112 4274 τάξιν
1141 4209 1480 4279 εἰσποιηθέν-

7 4335 20 4360 ,
58 4297 180 4351 οὐδὲ
214 4296 387 4360 οὕτως
439 4299 694 4363 ἀντάξιον
721 4317 774 4353 τι
803 4299 1262 4372 προσηνέγκαμεν
1293 4301 1473 4372 αὐτῷ’

1520 1755 1562 1812 Β
1589 1791 1752 1837 eum,
1795 1773 1887 1844 qui
1945 1771 2124 1828 aiebat
2177 1789 2192 1825 :

1587 516 1760 571 hostis
1811 513 2109 583 subjiciat:
2141 510 2402 576 Quisnam
2455 517 2743 578 parentum
2785 523 3032 563 meorum
3073 525 3160 564 se-

1585 614 1860 661 nectutem
1905 603 2130 672 pascet?
2157 599 2292 666 Quis
2328 600 2457 654 vitae
2487 608 2795 656 consortem
2850 600 3157 655 consolabi-

1588 697 1712 752 ιιιβῖ
1739 697 1874 761 Quis
1908 696 2123 748 illorum
2165 693 2612 763 lacrymasrsistet
2633 691 2656 744 ?
2680 689 2814 744 Nam
2851 691 2898 746 si
2928 692 3048 745 illos
3079 692 3160 745 al-

1586 787 1759 843 terius
1817 786 1912 841 Dei
1965 800 2112 840 curae
2165 782 2555 852 reliquissetis,
2608 789 2664 836 et
2735 781 3026 836 venisse-tis
3090 782 3161 836 ad

1585 876 1930 931 serviendum
1985 873 2173 937 alteri;
2224 881 2371 927 recte
2409 871 2624 926 solliciti
2674 872 2887 934 essetis,
2924 886 2993 924 an
3034 872 3159 940 quis

1585 981 1772 1020 eorum
1827 980 2010 1020 curam
2058 971 2227 1036 gerat,
2283 972 2340 1018 et
2384 963 2718 1026 consoletur,
2777 977 2981 1016 annon.
3037 961 3155 1017 Jam

1585 1072 1718 1112 vero
1750 1065 2039 1127 postquam
2067 1056 2404 1111 accurristis
2451 1056 2521 1108 ad
2565 1054 2713 1108 illum
2766 1054 2852 1108 cui
2901 1068 2994 1108 eos
3027 1056 3153 1109 reli-
3197 1053 3202 1058 ’

1585 1142 1798 1211 quistis,
1826 1151 1884 1196 et
1902 1157 1998 1198 vos
2024 1143 2170 1212 ipsos
2195 1143 2582 1205 consecrastis,
2613 1151 2828 1211 oportet
2857 1142 3154 1202 conﬁdere,

1585 1242 1753 1302 atque.
1801 1232 1932 1287 illud
1974 1232 2364 1288 considerare:
2396 1233 2539 1302 quod
2585 1233 2665 1298 si,
2702 1233 2829 1287 dum
2880 1247 3070 1286 sumus
3102 1233 3155 1285 in

1585 1326 1692 1380 hoc
1746 1324 1972 1388 mundo,
2026 1333 2084 1379 et
2137 1325 2261 1379 vitae
2321 1325 2630 1388 servimus,
2690 1325 2931 1378 omnium
2989 1325 3159 1397 gessit

1586 1429 1772 1471 curam
1815 1415 1908 1468 Dei
1966 1415 2218 1480 bonitas;
2270 1423 2473 1485 quanto
2522 1415 2690 1484 magis
2747 1417 2963 1470 curabit
3009 1431 3158 1469 nunc

1585 1504 1776 1558 domos
1805 1511 2038 1567 nostras,
2081 1502 2320 1570 quando,
2361 1501 2617 1556 servituri
2649 1502 2773 1571 ipsi,
2806 1511 2862 1556 et
2903 1502 3153 1571 placituri

1587 1605 1650 1646 ex
1682 1599 1791 1644 tota
1822 1590 2001 1643 anima
2034 1587 2349 1642 exivimus?

1659 1685 1745 1739 10.
1806 1682 1993 1753 Igitur,
2040 1681 2154 1745 ﬁlii,
2208 1695 2477 1734 memores
2553 1677 2764 1733 Domini
2809 1678 3040 1732 dicentis
3089 1678 3161 1732 ad”

2245 1791 2264 1822 ‹
2301 1768 2564 1823 Permitte
2617 1768 2748 1822 mihi
2804 1769 2998 1822 reverti
3043 1768 3158 1838 pri-

1588 1880 1735 1920 mum
1782 1872 1836 1918 et
1873 1862 2099 1931 sepelire
2133 1870 2342 1930 patrem
2375 1874 2552 1912 meum
2583 1872 2596 1909 :
2628 1858 2757 1912 Sine
2799 1867 3043 1911 mortuos
3073 1873 3157 1911 se-

1585 1955 1753 2026 pelire
1809 1961 2052 2009 mortuos
2105 1966 2233 2012 suos
2279 1952 2340 2015 ¹³,
2384 1967 2402 2001 ι
2456 1957 2695 2003 mentem
2772 1948 2978 2001 induite
3037 1964 3158 2017 qua:

1585 2045 1782 2102 mutari
1814 2044 1956 2099 haud
1984 2042 2172 2113 possit,
2205 2057 2308 2096 nec
2337 2056 2432 2095 vos
2465 2040 2728 2108 pmniteat
2757 2053 2979 2092 currere
3010 2054 3153 2106 pone

1585 2137 1784 2207 ipsum.
1812 2133 1953 2200 Quid
1992 2133 2183 2186 enim?
2220 2130 2276 2184 Si
2323 2131 2446 2199 quis
2477 2139 2729 2214 terrenps
2769 2143 2862 2182 rex
2906 2137 2962 2182 et
2992 2128 3158 2182 obno-

1583 2227 1706 2281 xius
1731 2224 2089 2294 corruptioni,
2119 2223 2322 2278 acciret
2344 2237 2461 2285 vos,
2509 2236 2645 2276 zona
2682 2221 2913 2274 induere
2944 2220 3152 2282 volens,

1585 2326 1644 2371 ut
1706 2316 1761 2370 in
1822 2314 2173 2384 patriciorum
2261 2322 2318 2367 et
2376 2311 2837 2368 cubiculariorum
2907 2309 3154 2362 ordinem

1585 2407 1827 2476 ascripti,
1856 2415 2078 2460 terreno
2107 2401 2306 2475 palatio
2325 2403 2466 2473 ejus,
2496 2402 2642 2472 quod
2676 2400 2937 2471 praeterit,
2961 2409 3016 2453 ct
3046 2407 3158 2452 tan-

1583 2513 1746 2567 quam
1795 2497 1985 2551 umbra
2035 2506 2091 2550 et
2141 2495 2412 2550 somnium
2460 2493 2770 2556 evanescit,
2815 2491 3153 2561 prreessetis;

1585 2603 1767 2643 nonne
1787 2587 2210 2641 contemneretis
2241 2599 2430 2639 omnes
2471 2583 2758 2638 facultates
2806 2591 3036 2645 vestras,
3076 2578 3158 2633 di-

1584 2679 1918 2749 ligenterque
1961 2677 2079 2730 sine
2114 2675 2516 2744 impedimento
2567 2673 2636 2727 ad
2693 2672 2869 2741 ipsum
2927 2668 3158 2724 accede-

1585 2771 1732 2836 retis,
1793 2767 2114 2831 honoribus,
2171 2767 2262 2837 qui
2297 2767 2364 2820 ab
2423 2765 2541 2834 ipso
2585 2772 2731 2828 sunt,
2757 2774 2812 2817 et
2861 2768 3156 2829 conspectu

1584 2861 1724 2929 ejus,
1759 2857 2193 2914 etcollocntione
2227 2856 2328 2909 frui
2353 2853 2764 2910 desiderantes?
2791 2866 2976 2907 nonne
3002 2850 3158 2902 labo-

1584 2964 1698 3003 rem
1723 2964 1965 3010 omnem,
1993 2955 2049 3001 et
2078 2946 2403 3009 molestiam,
2430 2953 2484 2999 et
2513 2952 2742 2998 mortem
2773 2939 3158 3011 prmeligerctis

1584 3041 1876 3102 sustinere,
1900 3039 2022 3093 ideo
2051 3038 2246 3099 solum,
2271 3045 2332 3090 ut
2355 3034 2504 3106 digni
2531 3034 2724 3089 essetis
2758 3031 2977 3086 videndi
3012 3030 3156 3084 diem

1583 3133 1756 3194 illum,
1785 3146 1892 3200 quo
1922 3130 2164 3184 futurum
2195 3138 2360 3192 esset,
2387 3135 2447 3181 ut
2475 3141 2566 3180 rex
2598 3141 2723 3180 cum
2765 3122 2914 3178 omni
2936 3137 3036 3176 suo
3067 3137 3156 3175 se—

1582 3232 1715 3276 natu
1742 3237 1839 3277 vos
1863 3222 2144 3291 exciperet
2166 3227 2222 3274 et
2249 3217 2402 3290 [quo]
2437 3232 2532 3272 vos
2562 3215 2867 3270 militaretis
2899 3221 2953 3266 et
2982 3213 3157 3266 hono-

1583 3314 1734 3367 ribus
1767 3309 2160 3364 aﬂiceremini?
2205 3308 2342 3362 Cum
2384 3315 2567 3360 autem
2619 3305 2695 3357 illi
2751 3303 3000 3356 dicerent
3081 3301 3153 3352 ita

1582 3417 1734 3465 esse,
1778 3401 1914 3455 dixit
1957 3414 2188 3469 magnus
2235 3397 2451 3452 Nicon:
2486 3396 2702 3459 Quanto
2751 3394 2933 3459 itaque
2962 3389 3156 3458 magis,

1583 3493 1700 3558 filii,
1736 3506 1860 3546 cum
1890 3492 2094 3560 majore
2120 3488 2398 3559 diligentia
2419 3495 2473 3540 et
2494 3483 2915 3553 compunctione
2939 3481 3006 3535 ad
3037 3495 3154 3533 eor-

1583 3581 1849 3652 ruptionis
1893 3588 2192 3650 expertem,
2257 3586 2313 3631 ct
2367 3574 2760 3644 sempiternum
2807 3571 3154 3642 regnantium

1581 3689 1762 3742 regem
1785 3685 2070 3726 accurrere
2102 3676 2158 3722 et
2178 3666 2328 3736 sequi
2362 3681 2482 3727 nos,
2517 3663 2560 3718 si
2594 3663 2843 3716 volumus
2865 3677 2985 3715 esse
3021 3661 3153 3730 grati

1581 3765 1748 3831 servi,
1782 3765 2070 3824 debemus,
2101 3762 2154 3814 in
2187 3759 2506 3816 memoriam
2543 3763 2862 3812 revocantes
2902 3755 3154 3810 dilectio-

1579 3873 1727 3923 nem,
1755 3871 1916 3924 quam
1940 3854 2179 3908 ostendit
2212 3853 2356 3906 Deus
2411 3865 2538 3921 erga
2585 3863 2709 3914 nos,
2753 3855 2813 3902 ut
2867 3847 3001 3901 Filio
3055 3861 3156 3899 suo

1580 3947 1860 4016 unigenito
1901 3961 2014 3999 non
2062 3942 2372 4015 pepercerit
2426 3949 2613 3994 nostra
2672 3953 2857 4002 causa,
2911 3937 3008 3992 sed
3057 3954 3156 4006 pro

1579 4034 1738 4090 nobis
1789 4033 2045 4088 omnibus
2085 4029 2370 4086 tradiderit
2419 4029 2569 4082 illum
2601 4029 2684 4080 ”?
2715 4027 2900 4094 Itaque
2936 4026 3148 4080 tametsi

1579 4122 1894 4194 sanguinem
1925 4121 2155 4191 quisque
2187 4130 2431 4173 nosuum
2454 4133 2554 4187 pro
2577 4117 2695 4186 ipso
2725 4115 3155 4174 effunderemus,

1578 4213 1670 4283 qui
1711 4213 1829 4281 ejus
1877 4211 2143 4281 sanguine
2186 4209 2254 4263 ab
2299 4208 2525 4263 interitu
2556 4215 2611 4260 et
2653 4215 2826 4261 morte
2855 4219 3044 4258 sumus
3073 4219 3158 4256 rc-

1579 4303 1805 4374 dempti,
1841 4312 1897 4358 et
1938 4303 1994 4356 in
2041 4301 2402 4372 genuinorum
2441 4298 2676 4352 filiorum
2709 4296 2956 4351 ordinem
2983 4293 3155 4348 ascri-

0 4387 106 4458 γὰρ
141 4389 326 4459 ὅμοιόν
359 4391 507 4442 ἐστιν
528 4391 827 4461 ἐκχυθῆναι
869 4388 1006 4462 αἷμα
1039 4391 1347 4461 βασιλικὸν,
1383 4392 1479 4448 καὶ

1665 4433 1679 4457 ,
1713 4392 1848 4446 nihil
1889 4391 2026 4445 adeo
2059 4398 2142 4444 sat
2171 4389 2394 4460 dignum
2428 4387 2529 4458 ipsi
2564 4386 2983 4442 reddiderimus.
3016 4385 3155 4437 Nam

0 4493 48 4529 ια
69 4479 336 4544 δουλικὸν,
365 4480 607 4550 ἀδελφοί.

1585 4481 1901 4553 sanguinem
1924 4471 2066 4551 regis
2088 4479 2318 4534 eil‘usum
2346 4492 2489 4543 esse,
2507 4477 2726 4544 fratres,
2751 4486 2807 4533 et
2833 4475 3154 4551 sanguinem

1586 4575 1747 4642 servi,
1782 4575 2010 4630 nimium
2043 4579 2304 4643 quantum
2333 4569 2531 4628 differt.

1362 4705 1590 4764 CAPUT
1633 4710 1693 4764 ll.

1082 4813 1195 4868 Vita
1237 4821 1557 4886 monastica,
1604 4821 1983 4890 apparitiones.

1 4929 64 4977 α’.
94 4922 278 4977 Ταῦτα
303 4924 360 4977 δὲ
387 4923 562 4978 πάντα
606 4925 699 4978 καὶ
744 4926 910 4980 πλείω
951 4927 1154 4982 τούτων
1196 4933 1479 4988 ὑπετίθετο

0 5016 89 5076 ;οἶς
116 5014 421 5084 ὁθεοφόρος
464 5017 731 5086 προγνοὺς
778 5017 876 5072 καὶ
929 5019 1363 5092 πληροφορηθεὶς
1414 5027 1478 5076 ὲκ

27 5105 162 5157 Θεοῦ
191 5105 282 5158 τὸν
308 5105 665 5175 προκείμενον
687 5106 868 5169 αὐτοῖς
889 5108 1074 5176 ἀγῶνα
1119 5111 1211 5162 καὶ
1255 5111 1473 5180 δρόμον,

0 5212 49 5247 ’ω
76 5195 142 5266 δὴ
167 5196 258 5249 τὸν
284 5198 547 5266 ὲρημικὸν
573 5198 668 5250 καὶ
697 5197 880 5251 ἄοικον
913 5199 1190 5262 παντελῶς
1217 5203 1312 5254 καὶ
1343 5203 1475 5255 ἀνα-

0 5287 212 5353 ρητικον
248 5285 381 5354 βίον.
407 5287 481 5337 υύ
519 5286 580 5338 τὸ
615 5287 775 5356 τυχὸν
799 5287 907 5357 γὰρ
931 5289 1196 5360 ὑπάρχειν
1229 5289 1475 5360 ὑπελάμ-

0 5392 67 5428 ιεν
97 5375 274 5440 τοῦτο,
323 5377 432 5430 οὐδ’
467 5377 542 5440 ὡς
571 5378 761 5448 ἔτυχεν
808 5382 921 5444 τοῖς
945 5382 1156 5444 πολλοῖς
1181 5383 1476 5453 κατορθού-

0 5484 71 5519 νον
127 5470 220 5520 καὶ
258 5469 564 5539 ἀμέμπτως
592 5471 1010 5542 ἐπιτελούμενον
1056 5474 1291 5545 μάλιστα
1327 5476 1470 5548 ὀρῶν

6 5649 24 5676 ³
59 5646 252 5700 Matth.
295 5664 413 5716 vru,
444 5650 534 5712 2|,
565 5649 635 5702 22
709 5650 750 5681 “
785 5651 942 5706 Joan.
978 5667 1056 5719 Ill,
1101 5653 1179 5709 l6.

1656 4938 1740 4991 lt.
1794 4935 1921 4991 Haec
1966 4933 2167 4996 omnia,
2219 4940 2382 4999 atque
2435 4928 2584 4981 hisee
2631 4926 2784 4996 plura
2832 4925 3154 4994 suggerebat

1583 5025 1714 5095 ipsis
1745 5025 1829 5080 vir
1860 5023 2051 5088 deifer,
2083 5021 2342 5091 praescius
2385 5018 2572 5072 divino
2622 5015 2831 5072 monitu
2872 5023 2927 5068 et
2955 5015 3173 5069 certior--

1580 5116 1758 5170 factus
1780 5115 1982 5169 instare
2009 5113 2114 5167 illis
2154 5119 2429 5166 certamen
2479 5119 2536 5163 et
2576 5122 2821 5167 cursum,
2857 5105 3149 5160 solitariam

1581 5205 1848 5267 videlicet,
1881 5204 2041 5258 domo
2070 5185 2288 5272 penitus
2315 5209 2611 5265 carentem,
2640 5208 2692 5252 et
2714 5195 3150 5251 anachoreticam

1583 5297 1768 5350 vitam.
1796 5295 1913 5348 Non
1948 5293 2091 5347 enim
2128 5292 2415 5362 reputabat
2445 5290 2549 5344 hoc
2580 5291 2703 5342 vitae
2733 5302 2904 5359 genus
2936 5289 3146 5349 lev'ter,

1583 5400 1685 5439 nec
1727 5383 2002 5441 communi
2045 5383 2334 5437 multorum
2377 5397 2528 5435 more
2561 5379 2995 5448 amplectendam
3026 5392 3148 5432 esse

1579 5485 1634 5530 et
1683 5475 2107 5545 perliciendum;
2155 5473 2389 5529 maxime
2430 5472 2647 5542 quando
2690 5471 2904 5526 videbat
2951 5469 3148 5523 tenella
