3736 6308
40 245 115 307 ss
476 323 478 326 ν
1239 243 1421 314 νιΤΑ
1456 250 1515 309 s.
1550 250 1571 310 ε

1755 250 1947 314 ONIS.
2236 294 2241 297 -
3093 251 3230 319 1686

33 354 187 418 οτῶν,
223 356 467 411 ὲνέδυσεν
508 355 726 424 αὐτοὺς,
778 354 975 426 οἰκτρὰ
1017 347 1136 426 μὲν,
1188 356 1335 427 ὅμως
1393 357 1546 424 ἆγια,

1755 375 1811 412 ur
1857 357 1991 428 ipsis
2022 357 2104 412 vir
2153 358 2373 429 sapiens
2415 367 2472 415 et
2511 356 2989 416 commiseratione
3022 363 3234 433 plenus

33 443 149 496 εῶν
177 444 377 507 αὐτοὺς
403 444 432 495 6
470 445 632 515 σοφὸς
675 444 767 498 καὶ
807 443 1281 515 συμπαθέστατος,
1321 446 1409 499 διὰ
1459 445 1559 517 τὴν

1755 458 1882 518 ιριετ
1914 455 2159 504 teneram
2188 450 2435 520 corporis
2472 449 2944 515 constitutionem,
2977 461 3034 506 et
3060 455 3234 510 mole-
3258 516 3271 525 ,

36 530 69 586 ῦ
117 532 372 605 σώματος
403 535 580 588 αὐτῶν
634 536 984 607 ἁπαλότητα,
1044 538 1139 589 καὶ
1189 537 1559 590 ἅσυνείθιστον

33 625 389 679 ικοπάθειαν.
417 624 529 679 Κου
541 626 848 696 ρευομένων
869 627 926 679 δὲ
957 626 1155 693 αὐτῶν,
1190 628 1219 680 6
1253 628 1352 698 μὲν
1381 629 1561 681 ’ῐωὰν-

33 734 74 787 ις
108 716 328 769 ἔκλαιεν
370 715 512 769 πάνυ
532 733 545 747 ·
578 718 606 770 ὁ
627 717 682 770 δὲ
708 714 934 787 Συμεὼν
956 717 1175 770 ἔνευσεν
1205 717 1394 772 τοῦτον
1421 719 1561 772 παύ-

33 806 209 869 ισθαι,
248 806 320 876 μὴ
351 806 485 860 νοῶν
517 805 654 870 ὅλως
688 808 749 860 τὸ
775 803 865 860 διὰ
893 807 945 861 τί
994 800 1174 862 κλαίεί
1194 824 1209 841 ο
1247 808 1420 863 ἐδόκει
1453 811 1562 881 γὰρ

43 912 60 947 ι
93 896 207 949 ἀπὸ
227 896 408 970 λύπης
436 901 544 952 τῶν
576 901 781 968 γονέων
822 902 1009 966 αὐτοῦ,
1064 901 1156 955 καὶ
1205 901 1306 972 τῆς
1342 903 1562 977 ἀγάπης

33 985 83 1054 ις
113 990 376 1053 γυναικὸς
413 989 578 1044 αὐτοῦ
610 991 810 1046 κλαίει.
846 981 1003 1048 Μετᾶ
1035 988 1128 1047 οὖν
1173 993 1235 1047 τὸ
1262 994 1562 1066 κουρευθῆ-

33 1092 68 1128 ιι
98 1077 323 1146 αὐτοὺς,
363 1080 459 1134 καὶ
482 1082 579 1152 τὴν
605 1083 768 1150 ἁγίαν
808 1083 1028 1149 σύναξιν
1063 1084 1393 1142 ἐπιτελέσαι.
1430 1086 1562 1139 ὲκα-

33 1165 179 1229 ἕζετο
236 1168 396 1223 πάλιν
445 1173 473 1224 6
507 1172 829 1243 ἡγούμενος,
862 1174 951 1228 διὰ
1003 1174 1185 1244 πάσης
1236 1174 1422 1244 σχεδὸν
1465 1177 1573 1243 τῆς.

33 1257 209 1329 κέρας
229 1261 498 1316 νουθετῶν
527 1264 746 1324 αὐτούς.
783 1266 939 1337 ’ῌδει
965 1267 1073 1334 γὰρ
1100 1267 1182 1324 ὅτι
1209 1267 1275 1323 ού
1303 1267 1567 1338 πολυχρο-

1659 541 1844 603 stiam,
1874 540 1960 594 cui
1992 555 2100 594 non
2131 547 2506 595 assueverant.
2537 540 2827 609 Postquam
2858 541 3001 596 tonsi
3025 550 3232 606 essent,

1657 629 1898 685 Joannes
1926 632 2161 686 ubertim
2187 630 2354 685 flevit.
2374 631 2481 686 Sed
2508 628 2741 700 Symeon
2769 631 3031 689 innuebat
3058 640 3118 686 ut
3140 634 3236 688 de-

1661 721 1898 784 sisteret,
1944 721 2170 775 omnino
2231 719 2456 789 ignarus
2501 735 2600 774 cur
2650 718 2824 775 ﬂeret.
2883 719 3235 777 Existimabat

1661 809 1805 885 enim
1831 810 2007 879 ipsqu
2035 808 2166 863 ﬂere
2205 825 2316 884 pra:
2344 808 2530 864 dolore
2561 818 2966 879 erga-parentes
3002 825 3152 874 suos,
3181 819 3238 865 et

1661 901 1948 959 dilectione
1975 900 2222 972 conjugis
2250 916 2382 956 suae.
2420 898 2667 954 Tonsura
2707 902 2968 972 etsynaxi
3017 902 3238 957 absolu-

1665 993 1752 1056 tis,
1792 992 1973 1047 denuo
2005 991 2265 1049 consedit.
2310 992 2670 1062 hegumenus,
2723 1008 2823 1062 per
2874 1002 3044 1049 totam
3095 1009 3247 1064 pene

1663 1082 2337 1151 diemipsosadnmneus,
2360 1079 2582 1140 Sciebat
2619 1082 2765 1139 enim
2796 1097 3053 1139 eosnon.
3074 1082 3252 1153 longo.

1665 1181 1908 1242 tempore
1952 1173 2095 1242 apud
2150 1187 2209 1227 se
2246 1182 2711 1237 commoraturos,-
2746 1173 2851 1228 hoc
2895 1188 3113 1243 quoque
3163 1173 3236 1228 ita

1664 1262 2015 1331 dispensante
2044 1261 2175 1315 Deo.
2204 1260 2428 1316 Postera
2458 1276 2588 1331 ergo
2616 1261 2724 1326 die,
2758 1276 2878 1331 qua:
2899 1270 3017 1315 erat
3044 1270 3235 1315 sancta

33 1349 194 1421 ιῦσυ
211 1352 345 1420 πρὸς
372 1353 554 1419 αὐτὸν,
576 1354 673 1407 τοῦ
704 1354 838 1408 θεοῦ
872 1356 967 1415 καὶ
998 1356 1155 1413 τοῦτο
1177 1359 1567 1430 οἰκονομήσαν-

1755 1354 1963 1420 minica,
2017 1355 2147 1408 dare
2204 1352 2332 1423 ipsis
2390 1353 2608 1408 volebat
2669 1364 2918 1409 sanctum
2967 1354 3234 1430 habitum.

33 1460 97 1504 ις.
140 1443 221 1512 Τῇ
248 1438 340 1497 οὖν
362 1445 627 1516 ἐπαύριον
662 1446 936 1511 ἐϐούλετο,
963 1447 1131 1519 οὔσης
1163 1450 1327 1517 ἁγίας
1352 1428 1565 1521 κυρια-

1755 1444 2070 1499 mnonnulli
2114 1443 2343 1525 fratrum
2389 1443 2524 1515 ipsis
2562 1444 2853 1499 dicebant:
2898 1436 3046 1499 Beati
3081 1428 3236 1518 estis,

33 1536 124 1602 ἧς,
143 1533 327 1587 δοῦναι
357 1536 542 1600 αὐτοῖς
564 1537 659 1593 καὶ
690 1537 749 1591 τὸ
778 1539 933 1606 ἅγιον
961 1539 1182 1609 σχῆμαη
1202 1539 1288 1603 Ὢς
1312 1536 1405 1594 οὖν
1419 1558 1568 1604 τινες

1755 1554 1794 1591 ιιι
1818 1553 1938 1593 cras
1971 1536 2426 1608 regenerabimini
2454 1545 2511 1592 et
2541 1536 2938 1592 mundabimini
2979 1531 3046 1590 ab
3090 1535 3239 1590 omni

33 1624 97 1679 ὃν
125 1624 374 1694 ἀδελφῶν
407 1626 596 1696 ἔλεγον
629 1630 815 1694 αὐτοῖς
834 1646 848 1660 ‘
877 1632 1156 1702 Μακάριοι
1185 1633 1330 1692 ἐστε,
1363 1633 1444 1684 ὅτι
1474 1630 1568 1685 αῦ-

1755 1637 1911 1691 :cato,
1947 1636 2005 1682 ut
2033 1626 2278 1681 mundati
2316 1625 2498 1681 fuistis
2534 1626 2727 1681 eadem
2769 1625 2880 1691 die,
2922 1641 3026 1696 qua
3060 1625 3240 1679 fuistis

33 1730 113 1767 ιον
154 1689 543 1782 ἀναγεννᾶσθε,
583 1719 675 1771 κατ⁹
709 1689 927 1787 γίνεσθε
950 1689 1181 1791 καθαροὶ
1207 1720 1278 1782 ὼς
1307 1689 1565 1792 έγεννήθυ

1755 1689 1924 1785 )tizati
1970 1734 1983 1769 :
2037 1716 2243 1771 turbati
2302 1723 2532 1784 uterque
2582 1715 2653 1771 ad
2683 1689 3252 1769 divinum-Niconem.

33 1821 86 1860 πε
132 1804 244 1859 ἀπὸ
278 1807 461 1877 πάσης
495 1808 805 1876 ἁμαρτίας,
847 1809 922 1872 ὼς
947 1809 1036 1863 ἵνα
1088 1811 1225 1881 αὐτῇ
1276 1814 1342 1881 τῇ
1385 1812 1569 1885 ἡμέρᾳ

1755 1817 2053 1874 :urrerunt,
2085 1822 2314 1879 veSpere
2343 1806 2588 1872 Sabbati,
2617 1815 2672 1862 et
2692 1808 2924 1876 pedibus
2950 1808 3067 1876 ejus
3094 1806 3242 1861 acci~

33 1896 385 1967 ἲαπτισθητε,
418 1898 834 1970 ἐθαμϐήθησαν,
865 1900 959 1953 καὶ
1000 1900 1234 1971 ἔδραμον
1265 1901 1569 1972 ἀμφότεροι

1755 1907 1887 1964 ὐιιι,
1915 1900 2162 1955 dicentes
2192 1917 2204 1952 :
2242 1899 2514 1969 Rogamus
2539 1908 2611 1962 te,
2638 1898 2819 1961 Pater,
2854 1915 2923 1952 ne
2943 1914 3043 1952 nos
3064 1898 3244 1967 bapti—

33 1989 128 2057 ρὸς
160 1988 253 2041 τὸν
284 1988 426 2043 θεῖον
460 1991 682 2045 Νίκωνα
702 2030 717 2056 ,
757 1991 854 2061 ὀψὲ
882 1992 960 2064 τῷ
994 1992 1279 2063 Σαϐϐάτῳ,
1322 1993 1419 2045 καὶ
1456 1993 1569 2055 τοῖς

1755 2007 1792 2055 η;
1842 2006 1968 2044 nam
2027 1989 2322 2044 Christiani
2372 2003 2581 2054 sumus,
2649 1996 2705 2042 et
2759 1986 3085 2042 Christianis
3134 1986 3239 2040 orti

33 2080 154 2131 οσὶν
196 2080 362 2134 αὑτοῦ
404 2082 779 2151 προσέπιπτον
833 2081 1085 2151 λέγοντες
1113 2099 1126 2113 ·
1163 2082 1414 2152 Δεόμεθά
1451 2099 1566 2146 σου,

1755 2083 2004 2136 rentibus.
2033 2081 2126 2135 llle
2157 2081 2375 2150 ignarus
2400 2080 2658 2149 quidnam
2700 2077 3038 2132 audivissent
3077 2091 3107 2130 e
3138 2075 3243 2130 Pa-

38 2169 202 2239 όιτερ,
234 2170 309 2241 μὴ
364 2171 634 2244 βαπτίσῃς
683 2173 849 2243 ἡμᾶς·
888 2174 1208 2242 Χριστιανοὶ
1243 2173 1354 2243 γάρ
1403 2174 1571 2243 ἐσμεν

1755 2189 1843 2228 ous
1869 2173 2125 2235 cmnobii,
2160 2172 2293 2227 dixit
2321 2172 2391 2227 ad
2419 2172 2567 2241 ipsos
2601 2189 2615 2225 :
2652 2169 2913 2236 Quisnam
2960 2167 3239 2237 baptizare

33 2260 85 2312 ιὶ
147 2259 492 2327 Χριστιανῶν
551 2263 779 2330 γονέων.
825 2263 885 2316 '0
923 2263 982 2317 δὲ
1035 2263 1108 2333 μὴ
1158 2264 1322 2330 γνοὺς
1350 2263 1403 2316 τί
1431 2259 1571 2332 ἦσαν

1755 2280 1766 2318 ι
1815 2264 1950 2327 vult,
2008 2262 2142 2317 ﬁlii?
2188 2261 2490 2317 Dixerunt:
2535 2260 2751 2315 Domini
2787 2275 2850 2314 ac
2879 2257 3240 2321 beri-nostri,

33 2352 296 2420 κηκοότες
325 2352 431 2405 ὑπὸ
468 2352 578 2406 τῶν
620 2353 715 2407 τοῦ
748 2354 1018 2408 κοινοϐίου
1058 2355 1337 2425 Πατέρων,
1385 2356 1571 2423 ἔλεγεν

1755 2354 1986 2410 ιηαειθτίἱ
2009 2353 2219 2421 Patres,
2248 2354 2435 2409 dicunt
2470 2353 2672 2408 nobis:
2705 2351 2839 2407 Cras
2879 2349 3244 2419 rebaptizabi—

33 2441 132 2509 ρος
164 2441 390 2504 αὐτούς·
417 2442 510 2505 Τίς
538 2443 873 2513 γὰρ,τέκνα,
904 2445 1046 2498 θέλει
1086 2445 1348 2515 βαπτίσαι
1384 2447 1569 2515 ύμᾶςς

1755 2445 1823 2499 ni.
1857 2445 2013 2500 Tunc
2038 2445 2306 2500 intellexit
2353 2445 2694 2514 begumenus
2728 2441 2875 2512 quod
2904 2440 3038 2511 ipsis
3068 2440 3249 2494 dixis-.

34 2534 48 2582 ί
87 2531 150 2583 δὲ
178 2527 349 2585 εἷπον·
380 2535 442 2586 Οἱ
472 2532 732 2604 κύριοι-οἱ
761 2535 1020 2589 δεσπόται
1052 2533 1233 2605 ἡμῶν,
1261 2537 1310 2589 οἱ
1338 2535 1434 2589 τοῦ
1473 2553 1571 2607 μο-

1755 2547 1794 2593 ιι
1839 2538 1907 2593 de
1952 2545 2145 2592 sancto
2200 2536 2412 2607 habitu.
2456 2537 2525 2591 Et
2561 2535 2701 2590 dixit
2748 2533 2817 2589 ad
2873 2533 3034 2588 illos:
3078 2531 3248 2585 Recte

33 2622 291 2693 κστηρίου
324 2624 586 2694 Πατέρες,
604 2624 854 2694 λέγουσιν
880 2627 1031 2696 ἡμῖν,
1056 2628 1140 2680 ὅτι
1160 2625 1358 2697 Αὔριον
1382 2627 1571 2692 ἐξανα-

1755 2638 1948 2691 :erunt,
1994 2629 2123 2695 ﬁlii;
2169 2644 2289 2684 cras
2317 2629 2464 2684 enim
2516 2637 2705 2682 sancto
2762 2634 2819 2707 et
2860 2625 3108 2696 angelico
3136 2625 3246 2694 (17)

33 2711 351 2775 απτίςεσθε.
386 2712 520 2765 Τότε
553 2715 783 2784 συνῆκεν
815 2717 842 2768 6
865 2716 1187 2786 ἡγούμενος,
1215 2718 1295 2770 ὅτι
1325 2718 1454 2788 περὶ
1479 2718 1571 2772 τοῦ

1755 2720 1882 2786 bitu,
1908 2721 1951 2775 si
1993 2719 2102 2775 Deo
2133 2720 2308 2776 visum
2340 2719 2524 2783 fuerit,
2557 2719 2786 2774 induere
2828 2732 2927 2772 vos
2970 2717 3246 2772 volumus.

33 2802 155 2869 γίου
197 2804 478 2873 σχήματος
530 2801 682 2858 εἷπον
713 2807 919 2870 αὐτοῖς,
958 2808 1054 2859 καὶ
1104 2807 1255 2875 λέγει
1294 2808 1429 2878 πρὸς
1474 2809 1571 2861 αύ-

1755 2812 1775 2864 1
1820 2812 2041 2866 innocui
2074 2812 2228 2881 pueri
2277 2811 2479 2867 Christi
2507 2811 2914 2872 intellexerunt,
2942 2806 3080 2862 nihil
3105 2807 3159 2861 in
3191 2821 3251 2861 se

33 2893 122 2951 )6;
150 2909 165 2923 ·
220 2893 415 2957 Καλῶς
444 2890 617 2959 εἷπον,
648 2890 693 2949 ὧ
733 2896 921 2950 τέκνα·
955 2899 1048 2950 καὶ
1092 2898 1201 2968 γὰρ
1241 2899 1336 2951 τοῦ
1367 2897 1571 2969 Κυρίου

1755 2902 1994 2963 siderari.
2031 2913 2093 2957 ut
2126 2904 2488 2958 monasticam
2519 2901 2907 2956 vestimentum
2937 2899 3248 2955 induerent.
3274 2930 3281 2940 .

33 2981 370 3047 ὅδοκοῦντος,
405 2983 594 3055 αὔριον
634 2986 862 3057 θέλομεν
899 2987 1117 3042 ἐνδῦσαι
1153 2989 1299 3059 ὑμᾶς
1329 2989 1391 3041 τὸ
1417 2988 1571 3057 ἅγιον

1755 3002 1864 3047 :unt
1889 2993 2071 3047 abbati
2113 3010 2126 3045 :
2161 2992 2268 3047 Sed
2289 2993 2433 3047 enim
2460 3006 2692 3062 quanam
2715 2990 2818 3045 alia
2839 3006 2900 3045 re
2917 2989 3249 3062 indigemus,

33 3076 91 3125 ai
120 3075 414 3140 ἁγγελικὸν
444 3079 649 3147 σχῆμα.
698 3079 784 3142 Ὦς
809 3080 1039 3149 ἐνόησαν
1081 3081 1132 3133 οἱ
1179 3081 1447 3149 ἀπόνηροι
1479 3081 1571 3133 τοῦ

1759 3094 1858 3147 ter,
1895 3092 1955 3136 ut
1997 3083 2288 3137 induamur
2320 3083 2566 3152 angelico
2608 3082 2723 3149 illo,
2764 3096 2927 3151 quem
2957 3079 3117 3145 dicis,
3155 3077 3255 3134 ha-

33 3163 244 3233 ζριστοῦ
276 3167 484 3234 παῖδες,
533 3169 705 3238 μηδὲν
729 3170 929 3232 αὐτοὺς
971 3170 1239 3223 ἐλλείπειν
1277 3170 1370 3224 τοῦ
1419 3172 1571 3225 ὲνδύο
1683 3173 1828 3228 bitu.

33 3272 179 3319 ,ατος
219 3257 312 3310 τοῦ
343 3259 659 3327 μοναχικοῦ,
705 3260 959 3328 λέγουσιν
1005 3260 1086 3331 τῷ
1122 3260 1305 3331 ἀϐϐᾄο
1347 3261 1413 3313 Τί
1446 3261 1586 3330 γὰρ,
1626 3262 1827 3335 Πάτερ,
1870 3265 1998 3321 ἄλλο
2044 3266 2099 3320 τί
2149 3281 2279 3322 ποτε
2305 3264 2599 3336 χρῄζομεν,
2639 3263 2727 3319 ἵνα
2780 3262 3130 3334 ἐνδυσώμεθα
3196 3259 3258 3314 τὸ

38 3349 303 3416 γγελικδν
337 3351 535 3409 ἐκεῖνο,
560 3348 588 3400 ὃ
618 3349 818 3416 λέγεις,
849 3350 1068 3420 σχῆμα;

74 3465 184 3527 ιγ’.
199 3452 310 3511 Ἦν
331 3457 388 3511 δὲ
420 3457 590 3527 μέγας
628 3452 782 3522 οὗτος
817 3462 885 3529 τῇ
934 3460 1278 3532 προλαϐούσῃ
1298 3461 1573 3532 ὲϐδομάδι,

33 3570 63 3604 ν
166 3552 262 3604 καὶ
290 3551 534 3621 ὑπῆρχεν
566 3551 659 3603 τοῦ
684 3551 865 3620 τιμίου
891 3552 1127 3622 σταυροῦ
1156 3554 1190 3624 ἡ
1222 3552 1452 3622 ὕψωσις,
1489 3553 1577 3606 δε-

33 3643 197 3705 ωκὼς
226 3659 332 3695 τινι
366 3641 475 3693 τῶν
514 3642 759 3712 ἀδελφῶν
794 3643 1044 3713 νεωτέρῳ
1081 3646 1267 3714 σχῆμα
1298 3644 1360 3698 τὸ
1399 3643 1576 3711 ἅγιον,

33 3737 103 3788 Lai
124 3736 225 3787 οὐκ
252 3730 319 3805 ἦν
346 3735 528 3805 ἀκμὴν
554 3733 850 3805 πληρώσας
882 3733 981 3798 τὰς
1027 3735 1167 3789 ἑπτὰ
1196 3737 1431 3806 ἡμέρας,
1464 3737 1581 3791 ἀλλ’

38 3845 90 3881 τι
123 3828 314 3897 ἐφόρει
344 3827 543 3892 πάντα,
572 3827 648 3890 ὡς
667 3827 868 3898 ἔστινὴ
897 3827 1255 3892 κατάστασις,
1284 3826 1343 3880 ὃν
1366 3828 1584 3897 ἐπέτρε-

33 3937 111 3971 ιεν
162 3922 191 3972 6
227 3920 400 3989 μέγας
456 3920 656 3982 εὐθέως
712 3920 791 3981 εἰς
844 3918 1005 3989 μέσον
1056 3917 1303 3989 ἀχθῆναι.
1360 3918 1450 3982 Ὠς
1478 3918 1572 3974 οῦν

33 4012 165 4081 ιλθε,
189 4009 488 4081 θεωροῦσιν
516 4010 676 4064 αὐτὸν
693 4009 1013 4080 ἀμφότεροι,
1035 4011 1128 4061 καὶ
1157 4009 1357 4062 ἔπεσαν
1378 4009 1582 4072 εὐθέως

33 4103 92 4163 ,ις
119 4102 246 4162 τοὺς
273 4098 438 4162 πόδας
474 4098 569 4151 τοῦ
598 4097 762 4162 ἀϐϐἄ,
798 4099 895 4151 καὶ¹
938 4094 1088 4149 εἶπον
1131 4098 1312 4169 αὐτῷ·
1341 4098 1583 4165 Δεόμεθά

1755 3464 1842 3519 15.
1880 3462 2158 3518 Przeterita
2192 3471 2374 3516 autem
2420 3460 2783 3525 hebdomade,
2829 3474 2936 3530 qua
2977 3459 3259 3515 colebatur

1684 3554 1940 3610 exultatio
1962 3553 2212 3622 pretiosae
2252 3551 2455 3618 crucis,
2501 3551 2585 3605 vir
2629 3551 2734 3606 iste
2765 3565 3022 3622 .magnus
3051 3552 3255 3622 juniori

1685 3645 1898 3720 cuidam
1923 3636 2150 3698 fratrum
2200 3651 2448 3698 sanctum
2479 3642 2703 3697 dederat
2735 3641 3005 3705 habitum,
3035 3650 3092 3696 et
3141 3650 3257 3695 tuin

1688 3736 1946 3806 temporis
1971 3735 2201 3791 necdum
2233 3734 2548 3804 expleverat
2580 3743 2789 3803 septem
2820 3736 2959 3800 dies,
2985 3734 3076 3789 sed
3111 3734 3260 3789 fere-

1686 3826 1781 3880 bat
1808 3826 1984 3881 adhuc
2030 3826 2234 3889 omnia,
2260 3841 2381 3895 quae
2421 3826 2736 3881 constitutio
2777 3825 3045 3896 exigebat.
3082 3824 3259 3890 Quem

1685 3917 1767 3972 vir
1794 3932 2021 3987 magnus
2049 3916 2102 3969 in
2129 3916 2367 3969 medium
2399 3915 2619 3983 produci
2645 3915 2912 3984 permisit.
2987 3913 3091 3969 Ubi
3129 3930 3261 3982 ergo

1686 4008 1854 4073 venit,
1911 4006 2348 4076 contemplantur
2387 4007 2538 4060 illum
2581 4007 2763 4071 ambo,
2826 4016 2882 4061 et
2943 4007 3262 4061 acciderunt

1687 4101 1831 4155 illico
1851 4099 1919 4153 ad
1950 4098 2116 4167 pedes
2157 4097 2388 4162 abbatis,
2427 4105 2483 4151 et
2528 4098 2787 4151 dixerunt
2834 4097 2980 4167 ipsi:
3025 4097 3262 4153 Oramus

33 4205 133 4250 του,
158 4187 256 4238 ἐὰν
289 4186 461 4249 οὕτως
491 4186 638 4254 ἡμᾶς
671 4185 886 4255 μέλλεις
932 4186 1156 4251 ὲνδύειν,
1188 4188 1283 4239 καὶ
1327 4187 1571 4258 τοιαύτης

1755 4227 1765 4252 ,
1796 4189 1845 4243 si
1871 4189 2055 4242 animo
2089 4187 2254 4242 ﬁxum
2281 4187 2435 4242 sedet
2468 4186 2547 4241 sic
2568 4201 2669 4242 nos
2694 4186 2918 4250 vestire,
2955 4196 3013 4241 et
3043 4188 3137 4242 tali
3166 4188 3265 4241 ho-

33 4280 180 4347 τιμῆς
215 4278 311 4330 καὶ
338 4278 495 4347 δόξης
525 4275 731 4341 ἀξιοῦν,
774 4276 870 4344 ἀφ’
915 4277 1158 4346 ἑσπέρας
1208 4277 1455 4346 ποίησον,
1509 4278 1571 4345 μή

1755 4294 1826 4334 »τε
1853 4289 1905 4334 et
1936 4279 2104 4349 gloria
2133 4279 2362 4348 dignari,
2394 4279 2462 4333 ab
2493 4279 2599 4333 hoc
2625 4294 2851 4349 vespere
2894 4278 2946 4333 id
2993 4278 3159 4349 agito,
3193 4294 3266 4331 ne

33 4367 439 4437 τωςιᾶνθρωποι
465 4366 636 4430 ὄντες,
662 4365 753 4418 διὰ
779 4365 879 4433 τῆς
915 4365 1111 4429 νυκτὸς
1152 4365 1335 4437 φθάσῃ
1361 4367 1497 4435 ἡμῖν
1525 4366 1571 4418 τί

1755 4378 1849 4433 rte,
1898 4369 2156 4438 quoniam
2215 4368 2466 4424 homines
2514 4384 2734 4435 sumus,
2775 4369 3002 4424 humani
3062 4368 3264 4438 aliquid

33 4459 375 4529 ινθρώπινον,
410 4459 507 4511 καὶ
532 4457 862 4527 ἀπέλθωμεν
887 4457 988 4526 τῆς
1021 4455 1279 4525 τοιαύτης
1309 4456 1468 4526 δόξης
1489 4457 1571 4511 uel

1755 4475 1790 4513 ιι·
1831 4467 2045 4514 noctem
2107 4458 2265 4513 nobis
2313 4459 2614 4530 contingat,
2670 4442 3128 4525 et'discedamus
3172 4460 3289 4515 tali

33 4552 211 4620 ίαρᾶς,
246 4550 341 4601 κα1¹
375 4548 469 4601 τοῦ
507 4547 750 4600 τοιούτου
783 4548 999 4617 όψικίου
1029 4549 1124 4600 καὶ
1158 4548 1424 4616 στεφάνου
1450 4548 1571 4600 ἀπο-

1755 4552 1861 4606 oria
1889 4562 1946 4606 et
1981 4551 2199 4623 gaudio,
2240 4567 2460 4607 necnon
2509 4552 2603 4607 tali
2658 4552 2924 4623 obsequio
2967 4561 3267 4609 et'corona

33 4644 290 4710 ευχόντες.
312 4638 400 4700 Ὠς
434 4634 527 4690 οὖν
566 4637 797 4704 ἤκουσεν
825 4638 1004 4690 αὐτῶν
1043 4640 1071 4690 6
1101 4635 1406 4707 ἡγούμενος
1441 4637 1571 4707 είρηι

1755 4643 1956 4696 ustrati.
1996 4622 2288 4712 Postquam
2322 4658 2452 4712 ergo
2498 4659 2593 4703 eos
2635 4622 2876 4699 audisset
2926 4645 3268 4712 hegumenus

33 4733 192 4784 ιότων
217 4730 323 4783 τῶν
347 4725 593 4782 τοιούτου
621 4727 839 4796 όψικίου
864 4729 959 4782 καὶ
982 4728 1248 4798 στεφάνου
1273 4728 1591 4805 αποτυγχά-

33 4839 154 4885 θειν,
180 4820 398 4888 ἐνόησεν
418 4818 685 4872 ὀπτασίαν
708 4818 909 4881 αὐτοὺς
934 4820 1014 4882 εἰς
1038 4819 1129 4871 τὸν
1145 4817 1207 4871 τὸ
1229 4817 1383 4886 ἆγιον
1405 4819 1592 4887 σχῆμα

33 4913 290 4982 φοροῦντα
322 4909 646 4981 ἑωρακέναι,
669 4911 762 4963 καὶ
785 4909 1118 4979 ἐπέστρεψεν
1150 4908 1406 4962 ὑπελθεῖν
1428 4907 1591 4961 αὑτὸν

33 5007 82 5056 ἐν
108 5004 185 5074 τῷ
220 5003 334 5071 ἰδίῳ
365 5003 534 5072 τόπῳ,
565 5002 699 5054 ὅπου
733 4997 802 5072 ἦν
839 5001 897 5068 ἐξ
925 4992 987 5052 οὗ
1018 5000 1307 5054 ἐνεδύσατο
1334 5000 1396 5053 τὸ
1436 4999 1592 5068 ἅγιον

33 5096 231 5164 vim.
262 5094 463 5146 Τούτου
498 5087 589 5146 οὗν
620 5092 968 5155 ἀπελθόντος,
1002 5090 1356 5161 ἐλυπήθησαν
1389 5091 1594 5161 σφόδρα

33 5186 76 5237 οἱ
105 5185 291 5246 παῖδες
320 5182 414 5236 τοῦ
451 5183 715 5253 Χριστοῦ,
743 5184 837 5235 καὶ
863 5182 1114 5249 λέγουσιν
1155 5180 1235 5251 τῷ
1272 5180 1591 5250 ἡγουμένῳ·

33 5276 128 5331 Διὰ
170 5277 259 5329 τὸν
303 5274 537 5344 Κύριον,
574 5275 777 5343 Πάτερ,
812 5273 1040 5338 ἀνάστα,
1084 5270 1307 5342 ποίησον
1347 5271 1495 5341 ἡμᾶς
1520 5272 1596 5335 ὡς

1694 4733 1895 4787 dixisse
1915 4735 1983 4788 de
2017 4735 2110 4787 tali
2139 4735 2386 4802 obsequii
2415 4743 2469 4787 et
2496 4748 2711 4788 corona:
2736 4734 3064 4804 privatione,
3095 4734 3263 4788 intel-

1696 4822 1827 4874 lexit
1858 4822 2060 4876 vidisse
2118 4836 2214 4875 eos
2246 4820 2644 4890 apparitionem
2677 4821 2731 4873 in
2783 4836 2869 4886 eo,
2914 4821 3009 4891 qui
3060 4822 3268 4877 ferebat

1697 4915 1943 4961 sanctum
1979 4908 2247 4971 habitum,
2297 4916 2351 4967 et
2400 4906 2647 4981 permisit
2695 4925 2819 4963 eum
2864 4910 2945 4965 ire
2977 4912 3045 4966 ad
3089 4911 3267 4965 locum

1696 5011 1877 5059 suum,
1915 4996 2004 5057 ubi
2048 4998 2243 5062 erat",a
2287 5012 2396 5065 quo
2444 5004 2688 5064 tempore
2725 4997 2976 5053 induerat
3017 5008 3266 5054 sanctum

1698 5085 1963 5154 habitum.
2011 5086 2305 5155 Postquam.
2348 5086 2438 5147 ille
2488 5087 2719 5153 abit-rat,
2764 5090 2923 5144 valde
2975 5090 3277 5145 doluerunt

1698 5176 1900 5232 Christi
1928 5177 2099 5248 pueri,
2131 5187 2187 5231 et
2217 5177 2405 5231 dicunt
2438 5177 2747 5247 hegumeno
2778 5196 2792 5232 :
2823 5179 3053 5250 Propter
3079 5179 3266 5234 Domi-

1701 5285 1851 5333 num,
1904 5270 2081 5334 Pater,
2137 5284 2384 5339 assurge,
2432 5276 2489 5322 et
2519 5268 2603 5323 fac
2637 5285 2738 5325 nos
2769 5270 2921 5337 tales,
2962 5271 3141 5341 qualis
3184 5282 3270 5327 est

1526 5448 1752 5505 NOT/E.

105 5550 211 5618 (17)
247 5550 451 5618 Duplex
490 5547 633 5614 apud
681 5545 899 5601 Gnecos
933 5553 1017 5599 est
1056 5544 1386 5618 monasticus
1426 5545 1582 5618 habi-

39 5614 142 5679 tus.
173 5614 371 5687 parvus
400 5616 686 5678 nimirum,
737 5624 791 5668 et
837 5630 1091 5680 magnus,
1139 5614 1252 5667 sive
1295 5615 1587 5677 angelicus,

1691 5545 1856 5612 Cuius
1892 5555 2230 5617 apparatum,
2279 5555 2333 5600 et
2374 5562 2495 5616 qum
2533 5547 2640 5600 huc
2672 5557 2935 5614 spectant,
2977 5550 3065 5604 dat
3098 5549 3259 5617 Guar,

1700 5633 1817 5688 pag.
1855 5618 1976 5673 .itltl.
2005 5617 2063 5669 ρι’
2087 5615 2351 5670 ινιιὼριιυε
2383 5617 2759 5672 οὺερτγςιιίοιιυ
2794 5617 2969 5677 mnia,
