3736 6308
401 445 562 498 quem
598 447 705 484 non
736 442 954 485 anteeat
992 431 1218 486 honore.
1266 431 1403 486 Dicit
1445 434 1526 487 eis
1569 435 1779 489 abbas:
1821 434 1978 500 Quali

403 521 651 575 honore?
679 520 836 575 Tunc
870 521 1166 575 dixerunt:
1203 521 1306 576 Per
1337 538 1482 585 eum,
1528 522 1705 587 Pater,
1746 525 1838 592 qui
1883 541 1984 578 nos

402 616 656 684 dignatur
686 613 790 666 hoc
821 612 1008 666 habitu
1042 620 1097 667 et
1129 615 1352 671 honore,
1392 613 1533 667 beati
1561 631 1749 668 sumus
1772 624 1826 669 et
1861 629 1981 675 nos,

405 704 449 756 si
481 717 511 755 a
545 701 636 755 tali
675 701 1069 755 monachorum
1125 699 1494 765 multitudine,
1547 717 1735 755 cereos
1765 711 1984 772 gestan-

407 793 561 855 tium,
613 791 880 845 fuerimus
925 792 1128 860 stipati,
1179 799 1233 844 et
1277 792 1436 844 talem
1466 807 1761 855 coronam,
1804 791 1985 860 splen-

403 881 528 935 dide
563 881 856 943 lucentem,
889 882 1283 950 gestaverimus
1325 880 1379 933 in
1422 891 1610 936 nostro
1645 881 1848 950 capite.
1876 880 1984 934 Pu-

306 1041 312 1047 .
409 973 592 1026 tabant
624 973 770 1026 enim
801 972 1166 1041 hegumenum
1205 973 1369 1026 etiam
1391 973 1590 1027 vidisse
1620 987 1707 1038 ea,
1730 987 1849 1041 quas
1881 971 1983 1040 ipsi

408 1069 829 1128 conspexerant.
857 1060 972 1114 Hoc
999 1062 1237 1128 cognito,
1267 1077 1378 1114 non
1416 1061 1556 1115 dixit
1585 1062 1720 1130 ipsis
1747 1077 1806 1117 se
1845 1059 1984 1114 nihil

407 1151 628 1215 vidisse,
655 1151 748 1205 sed
779 1151 967 1214 tacuit,
1000 1161 1055 1205 et
1079 1151 1483 1220 simplicitatem
1520 1167 1770 1222 magnam
1796 1168 1860 1206 ac
1883 1168 1982 1221 pu-

413 1240 629 1294 ritatem
651 1241 949 1310 obstupuit,
979 1243 1323 1310 potissimum
1355 1242 1663 1309 Symeonis.

480 1418 567 1474 M.
592 1417 704 1473 Hoc
727 1428 907 1472 autem
943 1418 1329 1488 gratiosissime
1351 1418 1430 1471 eis
1456 1417 1588 1472 dixit
1623 1419 1706 1473 vir
1725 1435 1980 1490 magnus:

409 1511 505 1564 Die
536 1510 772 1563 crastina
808 1525 904 1562 vos
945 1523 1162 1577 quoque
1206 1519 1397 1563 sancto
1439 1509 1627 1563 habitu
1669 1510 1982 1575 induemus,

408 1602 685 1668 aspirante
734 1598 970 1669 Spiritus
1025 1601 1197 1654 sancti
1262 1601 1454 1670 gratia.
1510 1600 1630 1666 Quo
1681 1611 1982 1671 assumpto,

1424 237 1734 298 LEONTII
1776 237 2284 298 NEAPOLITANI
2324 236 2654 298 EPISCOPI

569 356 730 396 nemo
783 342 928 396 enim
987 341 1039 395 in
1095 349 1208 396 toto
1261 345 1591 398 monasterio
1667 353 1750 398 est
1794 345 1940 398 honu

2099 346 2316 406 ἐκεῖνον,
2348 345 2429 395 ὅτι
2477 345 2557 406 εἰς
2584 343 2643 394 τὸ
2678 341 3046 411 μοναστήριόν
3109 357 3213 392 σου
3243 339 3388 391 ὅλον
3434 337 3676 408 ivﬂpuze;

3584 233 3602 291 Ῑ
3614 235 3678 291 ξιξ

2085 437 2142 485 ἐν
2165 436 2228 502 τῇ
2260 433 2485 505 τοιαύτῃ
2508 434 2640 501 τιμῇ
2679 433 2777 484 οὐκ
2811 431 2982 491 ἐστιν,
3028 430 3107 492 ὡς
3135 433 3400 490 ἐκεῖνος.
3437 431 3674 495 Λέγεειζ-

2083 525 2192 584 τοῖς
2218 523 2245 572 ὀ
2271 521 2474 582 ἁϐϐᾶς’
2512 520 2647 590 [Ιοίᾳ⁵
2670 523 2801 588 τιμῇ
2825 538 2838 583 ;
2865 520 2999 570 Τότε
3027 515 3218 570 εἷπον·
3258 519 3368 570 Mi
3391 519 3489 566 τὴν
3508 518 3676 582 agn}.-

2083 629 2148 664 τα
2173 613 2340 682 ἡμᾶς,
2373 612 2575 680 Πάτερ,
2608 610 2700 661 τοῦ
2733 611 3014 678 σχήματος
3040 597 3224 662 αὑτοῦ
3251 611 3364 661 καὶ
3389 609 3495 675 τῆς
3525 614 3668 676 τεμξς,

2089 703 2356 770 μακάριοί
2385 703 2554 768 ἐσμεν
2598 701 2692 753 καὶ
2725 701 2907 768 ἡμεῖς,
2934 701 3031 751 ἐὰν
3081 700 3201 751 ὑπὸ
3243 698 3532 751 τοσούτου
3572 702 3670 767 τὲἧ-

2085 789 2211 852 Οους
2243 789 2494 857 μοναχῶν
2533 787 2670 857 μετὰ
2703 788 2912 857 κηρίων
2950 788 3387 856 ὀψικευόμεθα,
3425 789 3518 838 καὶ
3545 789 3673 838 τοις-ῖ-

2083 896 2174 932 τον
2216 881 2493 946 -στέφανον
2527 878 2778 948 λαμπρὸν
2810 878 3102 946 λάμποντα
3135 879 3242 929 ἐπὶ
3275 879 3392 945 τῆς
3439 879 3669 946 ἡμετέρας

2085 968 2332 1038 κεφαλῆς
2361 969 2689 1039 έρορέσομεν.
2716 967 3002 1037 Ἐνόμιζον
3041 969 3162 1038 γὰρ
3198 970 3311 1020 καὶ
3341 970 3445 1020 τὸν
3481 972 3670 1038 ἡττήμε-

2084 1076 2174 1112 νον
2214 1058 2431 1127 βλέπειν
2456 1059 2525 1110 τὰ
2553 1058 2644 1110 ὑπ’
2669 1058 2850 1110 αὐτῶν
2869 1056 3159 1127 ὁρώμενα.
3186 1058 3303 1109 Διὰ
3335 1058 3504 1109 τοῦτο
3527 1061 3668 1123 vri-3;.

2083 1151 2204 1204 οὐδὲ
2233 1147 2384 1204 εἶπεν
2417 1153 2624 1212 αὐτοῖς,
2661 1151 2742 1204 ὅτι
2780 1151 2942 1212 αὐτὸς
2969 1150 3130 1202 οῦδὲν
3161 1145 3349 1211 εἶδεν,

2086 1257 2280 1310 πησεν,
2309 1243 2404 1294 καὶ
2438 1240 2761 1311 κατεπλάγη
2793 1239 2893 1310 τὴν
2939 1240 3148 1308 πολλὴν
3173 1242 3569 1311 (impatqua
3600 1243 3667 1289 καὶ

2085 1333 2454 1402 καθαρότητα,
2490 1333 2725 1401 μάλιστα
2751 1331 2807 1384 δὲ
2837 1332 2929 1384 τοῦ
2965 1330 3238 1400 Συμεών.

2158 1422 2238 1475 ιδ’.
2273 1422 2443 1475 Τοῦτο
2467 1422 2524 1474 δὲ
2549 1423 2926 1491 χαριεστάτως
2953 1421 3153 1488 ἔλεγεν
3199 1423 3410 1483 αὐτοῖς
3453 1428 3481 1478 6
3513 1423 3664 1490 μέγας.

2085 1513 2166 1565 ὅτι
2197 1511 2396 1582 Αὔριον
2432 1513 2690 1581 ἐνδύομεν
2719 1513 2813 1564 καὶ
2867 1512 3012 1580 ὑμᾶς
3044 1512 3142 1565 διὰ
3194 1513 3313 1581 τῆς
3350 1515 3569 1580 χὰριτπ
3598 1513 3665 1563 τοῦ

2085 1603 2241 1670 ἁγίου
2295 1603 2629 1672 [Ινεύματος.
2684 1601 2840 1656 Μετὰ
2879 1598 2975 1654 οὖν
3004 1603 3100 1666 ,τὸ
3137 1601 3353 1655 λαϐεῖν
3405 1605 3592 1663 αὐτοὺς
3624 1603 3668 1650 τὶ

408 1698 570 1758 prout
605 1687 892 1741 affirmavit
949 1688 1330 1742 sanctissimus
1375 1688 1663 1752 diaconus,
1718 1689 1941 1742 innocui

2099 1694 2241 1760 Εγιον
2265 1694 2473 1762 σχῆμα,
2515 1694 2590 1756 ὡς
2615 1692 2986 1746 διεϐεϐαιοῦτο
3012 1696 3041 1746 6
3058 1693 3413 1757 ὁσιώτατος
3437 1695 3664 1755 διάκονος.

408 1779 642 1849 Symeon
674 1779 1028 1839 asseveravit,
1057 1787 1275 1832 mutuos
1304 1793 1365 1832 se
1397 1778 1602 1832 vidisse
1638 1780 1822 1833 vultus
1853 1788 1989 1833 tem-

410 1884 541 1940 pore
570 1868 768 1934 noctis,
807 1869 949 1922 sicut
984 1868 1039 1921 in
1079 1869 1190 1933 die,
1226 1875 1282 1922 et
1323 1869 1528 1922 similes
1566 1869 1664 1932 illi,
1717 1868 1808 1936 qui
1861 1877 1987 1921 ante

411 1969 766 2030 apparuerat,
817 1961 1046 2014 alterum
1091 1961 1146 2013 in
1198 1960 1422 2014 alterius
1479 1960 1657 2028 capite
1705 1974 1982 2014 coronam.

411 2052 586 2108 Tanto
624 2062 823 2117 autem,
851 2053 1051 2116 aiebat,
1086 2061 1270 2106 nostra
1302 2067 1457 2106 mens
1487 2052 1677 2106 affecta
1707 2060 1822 2104 erat
1855 2066 1985 2120 gau-

411 2142 522 2204 dio,
555 2153 611 2197 ut
642 2158 743 2196 nec
764 2142 946 2198 cibum
978 2157 1079 2196 nec
1103 2151 1289 2212 potum
1324 2151 1543 2213 gustare
1570 2143 1784 2197 liberet.
1811 2142 2004 2195 Exac-'

415 2233 482 2288 tis
503 2233 685 2302 itaque
705 2234 772 2287 ab
794 2243 1072 2302 assumpto
1101 2240 1288 2289 sancto
1318 2234 1506 2287 habitu
1534 2233 1746 2289 duobus
1769 2233 1982 2296 diebus,

410 2323 849 2393 contemplantur
903 2324 1074 2385 illum,
1111 2324 1203 2393 qui
1250 2333 1376 2378 ante
1423 2333 1630 2394 septem
1694 2325 1811 2378 dies
1857 2338 1982 2377 eum

409 2425 797 2485 assumpserat,
846 2429 1004 2483 quem
1031 2415 1193 2468 etiam
1231 2425 1550 2468 coronatum
1585 2424 1640 2468 et
1670 2415 1983 2468 comitatum

409 2518 809 2579 conspexerant
850 2509 1082 2579 (ferebat
1128 2509 1217 2563 hic
1249 2509 1474 2562 mantile
1509 2517 1564 2562 et
1596 2507 1980 2573 ministrabat;
2023 2529 2026 2532 ·

408 2601 505 2655 sed
544 2617 654 2654 non
695 2599 929 2670 amplius
964 2599 1222 2668 deinceps
1254 2614 1508 2654 coronam
1560 2599 1721 2667 capiti
1763 2598 1985 2668 imposi-

412 2697 545 2752 tam,
575 2705 674 2743 nec
699 2705 916 2744 rursum
945 2691 1245 2744 monachos
1285 2705 1408 2744 cum
1455 2689 1629 2744 cereis
1660 2689 1983 2744 comitantes

413 2775 696 2841 habebat),
734 2784 790 2830 et
818 2777 995 2829 mirati
1029 2787 1174 2831 sunt.
1213 2778 1458 2847 Dicitque
1483 2778 1713 2849 Symeon
1746 2777 1977 2832 Joanni:

407 2867 603 2929 Crede,
642 2866 828 2929 frater,
865 2867 1081 2920 tametsi
1122 2868 1285 2921 etiam
1312 2883 1412 2922 nos
1436 2877 1644 2938 septem
1675 2869 1840 2922 hosce
1867 2868 1982 2922 dies

407 2956 836 3026 impleverimus,
865 2973 974 3011 non
1017 2957 1198 3012 adhuc
1223 2959 1550 3029 elegantiam
1597 2960 1741 3013 illam
1777 2969 1834 3012 et
1860 2974 1983 3028 gra-

2087 1783 2446 1853 διισχυρίζετο
2496 1785 2525 1835 6
2564 1784 2799 1853 ἀψευδὴς
2846 1785 3101 1855 Συμεὼν,
3146 1787 3236 1838 ὅτι
3290 1788 3380 1838 Τὰ
3441 1789 3663 1856 πῴσωτι

2087 1876 2330 1945 ἀλλήλων
2364 1875 2709 1945 ἐθεωροῦμεν
2759 1878 2826 1944 τῇ
2886 1877 3047 1928 νυκτὶ
3104 1877 3189 1939 ὡς
3251 1880 3317 1928 ἐν
3355 1880 3559 1948 ἡμέρᾳ,
3595 1881 3660 1929 πιτὶ

2085 1961 2290 2030 ὁμοίως
2318 1961 2411 2013 τοῦ
2442 1961 2708 2031 πρότερον
2738 1962 2829 2014 ὐπ’
2851 1962 3037 2014 αὐτῶν
3061 1961 3412 2028 θεαθέντος,
3443 1969 3659 2033 στέφη»

2085 2050 2178 2102 ἐπὶ
2209 2052 2308 2119 τῆς
2338 2051 2431 2102 τοῦ
2474 2051 2664 2117 ἐτέρου
2697 2051 2938 2120 κεφαλῆς
2973 2054 3003 2104 6
3052 2051 3282 2122 ἕτερος.
3345 2056 3441 2107 Ἐν
3479 2055 3660 2120 τοιαύτῃ

2085 2142 2141 2195 δὲ
2174 2145 2321 2213 χαρᾷ
2349 2139 2437 2214 ἦν,
2475 2143 2650 2212 φημὶ,
2685 2145 2718 2212 ὴ
2750 2144 2895 2214 ψυχὴ
2946 2145 3129 2214 ἡμῶν,
3165 2146 3325 2199 ὥστε
3361 2149 3499 2216 μηδὲ
3528 2148 3662 2199 Θέὶεετ

2087 2231 2232 2300 ἡμᾶς
2281 2230 2522 2301 εὐχερῶς
2577 2234 2782 2301 τροφῆς
2842 2231 3314 2302 μεταλαμϐάνειν
3377 2235 3411 2304 ἢ

2084 2322 2242 2374 Μετὰ
2270 2317 2364 2374 οὖν
2417 2321 2510 2374 δύο
2549 2321 2760 2392 ἡμέρας
2812 2320 2907 2373 τοῦ
2951 2321 3149 2374 λαϐεῖν
3187 2324 3407 2387 αὐτοὺς
3453 2328 3511 2375 τὸ
3537 2324 3657 2389 ἆῖτεν

2084 2410 2310 2482 ἔνδυμα,
2341 2411 2644 2482 Θεωροῦσιν
2674 2411 2766 2464 τὸν
2791 2412 2898 2480 πρὸ
2931 2412 3074 2465 ἑπτὰ
3124 2414 3378 2483 ἡμερῶν
3417 2416 3564 2467 795:5
3584 2416 3655 2464 11-

2085 2502 2272 2566 ϐόντα,
2308 2503 2392 2566 είς
2449 2502 2509 2555 ὃν
2559 2502 2650 2554 τὸν
2701 2503 2963 2572 στέφανον
3015 2506 3114 2555 καὶ
3160 2508 3308 2567 τοὺς
3337 2507 3653 2574 (infame-Jama;

2082 2591 2400 2656 ἐθεάσαντο,
2438 2592 2534 2644 καὶ
2563 2590 2754 2660 ’ἐφόρει
2791 2592 3164 2660 σακκομᾶχιν,
3220 2595 3328 2646 καὶ
3381 2594 3651 2645 ἐποίειέπ-

2083 2685 2287 2747 κονίαν,
2323 2683 2420 2737 καὶ
2443 2684 2634 2737 λοιπὸν
2661 2685 2763 2737 οὐκ
2793 2681 2873 2758 ἔτι
2903 2680 3028 2735 οὔτε
3062 2683 3163 2736 τὸν
3218 2687 3497 2755 στέφανον
3536 2684 3648 2752 ait?

2084 2774 2484 2844 περικείμενον,
2503 2773 2627 2827 οὔτε
2650 2773 2811 2826 Ἰπάλιν
2830 2773 2956 2835 τοὺς
2981 2775 3125 2843 μετὰ
3155 2776 3384 2845 κηρίων
3401 2776 3644 2845 ὀψικείον-

2081 2881 2181 2927 τας
2239 2865 2507 2933 μοναχοὺς
2563 2863 2852 2932 ἐκέκτητο,
2889 2865 2982 2916 καὶ
3014 2862 3380 2934 ἐθαύμασαν.
3410 2867 3642 2928 Καὶ

2081 2957 2110 3008 6
2143 2955 2366 3024 Συμεὼν
2401 2955 2479 3025 τῷ
2505 2955 2764 3026 Ἰωάννῖγ
2802 2955 3125 3016 Πίστευσον,
3162 2957 3406 3025 ἀδελφέ,
3452 2961 3539 3010 Eia
3567 2958 3637 3008 ni

407 3017 539 3100 tiain
573 3061 763 3100 sumus
803 3017 1058 3100 habituri.
1107 3047 1173 3101 Et
1213 3017 1346 3113 dicit
1384 3047 1621 3101 Joannes
1654 3066 1668 3100 :
1716 3017 1941 3112 Quidvv?

2099 3017 2250 3115 ἡμεῖξ
2285 3017 2664 3116 πληρωσωμεν
2695 3017 2794 3108 τὰς
2817 3044 2989 3108 αὐτὰς
3013 3046 3243 3118 ἡμέρας
3472 3051 3559 3102 οὐκ
3583 3049 3642 3098 ἔτι

409 3142 473 3188 ut
501 3133 613 3198 fiat,
652 3133 856 3188 frater?
882 3134 979 3188 Cui
1007 3135 1095 3188 ille
1127 3135 1320 3188 iterum
1352 3153 1363 3187 :
1407 3135 1462 3189 Si
1493 3151 1580 3190 me
1607 3135 1782 3199 audis,
1815 3145 1873 3190 ut
1899 3151 1988 3190 res

409 3223 699 3279 saeculares
721 3240 857 3294 quas
884 3225 1228 3294 reliquimus,
1262 3236 1318 3280 et
1345 3228 1528 3281 valere
1552 3227 1834 3296 jussimus,
1861 3243 1987 3297 per-

410 3315 548 3370 fecte
569 3323 681 3370 toto
706 3316 872 3370 animi
902 3316 1029 3370 nisu
1058 3318 1239 3372 valere
1273 3317 1582 3387 iubeamus.
1613 3318 1786 3373 Aliam
1829 3335 1988 3374 nam-

407 3422 515 3476 que
538 3407 703 3462 vitam
742 3416 798 3462 et
838 3423 924 3462 res
956 3423 1126 3462 novas
1157 3410 1500 3479 contemplor
1533 3411 1586 3464 in
1623 3411 1728 3466 hoc
1771 3411 1979 3467 habitu.

408 3497 489 3552 Ex
545 3512 656 3566 quo
698 3498 845 3552 enim
895 3498 1088 3553 eodem
1132 3513 1234 3552 nos
1274 3499 1451 3554 induit
1496 3500 1593 3555 Dei
1627 3517 1837 3564 servus,
1885 3501 1984 3556 ﬂa-

409 3597 568 3658 grant
590 3603 708 3642 mea
735 3589 1053 3657 praecordia,
1085 3590 1274 3644 nescio
1298 3591 1464 3656 unde,
1507 3603 1562 3648 et
1588 3594 1782 3661 (ιιιωι-ἰι
1802 3594 1984 3648 anima

410 3692 531 3731 mea
587 3693 697 3731 non
757 3679 943 3733 videre
993 3695 1340 3749 quemquam,
1388 3697 1568 3750 neque
1613 3683 1833 3752 alloqui,
1882 3699 1985 3740 nec

409 3769 615 3822 audire.
670 3769 813 3824 Dicit
865 3771 916 3824 ei
961 3768 1253 3825 Joannes:
1308 3771 1373 3825 Et.
1418 3773 1548 3840 quid
1596 3776 1981 3854 comedemus,

409 3854 616 3910 frater?
659 3856 759 3910 Cui
791 3857 1068 3926 Symeon:
1121 3858 1204 3910 An
1256 3859 1571 3926 comedunt,
1625 3861 1716 3930 qui
1767 3879 1984 3928 pascen-

409 3955 485 4000 ιω
529 3946 638 4016 (18)
673 3958 956 4015 vocantur,
985 3949 1054 4003 de
1096 3949 1296 4018 quibus
1341 3949 1458 4004 heri
1502 3951 1758 4006 dominus
1810 3952 1980 4007 Nicon

406 4049 714 4090 sermonem
750 4054 968 4108 quoque
1001 4039 1068 4093 ad
1098 4053 1200 4092 nos
1231 4039 1462 4093 habuit?
1487 4040 1620 4094 Nam
1647 4042 1826 4096 forsan
1864 4044 1981 4113 ipse

405 4123 571 4178 etiam
600 4125 810 4191 volens,
858 4135 916 4180 ut
956 4142 1057 4182 nos
1104 4129 1418 4198 hujusmodi
1468 4129 1635 4184 vitam
1680 4133 1978 4200 amplecta-

404 4227 547 4278 mur,
579 4217 831 4283 exposuit
863 4217 1022 4270 nobis
1049 4233 1212 4286 quam
1252 4219 1377 4273 vitae
1415 4220 1682 4274 rationem
1730 4231 1975 4288 teneant,

2088 3136 2284 3204 ἕξομεν
2324 3135 2423 3203 τὴν
2456 3135 2794 3199 εὐπρέπειαν
2825 3135 3034 3203 ταύτην
3067 3138 3170 3189 καὶ
3218 3139 3327 3208 τὴν
3356 3141 3530 3209 χάριν.
3560 3139 3642 3189 Καὶ

2087 3223 2238 3290 λέγει
2271 3226 2299 3276 6
2321 3224 2597 3293 Ἰωάννης
2623 3224 2735 3276 Καὶ
2758 3224 2811 3275 τί
2838 3223 3016 3286 θέλεις
3045 3225 3140 3278 ἵνα
3161 3228 3424 3296 γένηται,
3449 3229 3638 3294 ἁῶλςέξ

2086 3314 2251 3382 Λέγει
2284 3313 2431 3384 αὐτῷ
2472 3313 2636 3368 πάλιν
2662 3329 2675 3341 ·
2715 3314 2842 3367 Ἐὰν
2888 3315 3136 3386 ἀκούσῃς
3194 3336 3334 3386 μου,
3363 3321 3448 3372 ἵνα
3488 3320 3639 3385 ὥσπερ

2096 3403 2563 3473 ἐγκατελείψαμεν
2613 3404 2709 3456 καὶ
2751 3405 3150 3475 ἀπεταξάμεθα
3209 3409 3329 3461 τῶν
3379 3406 3636 3478 κωμικῶν.

2085 3495 2482 3564 ἀποταξώμεῆα
2507 3494 2732 3559 τελείως
2763 3496 2872 3548 ἀπὸ
2899 3496 3081 3566 πάσης
3114 3500 3320 3567 πνοῆς.
3353 3501 3533 3552 Ἀλὶον
3555 3498 3635 3563 γὰρ

2087 3583 2201 3656 βίον
2233 3586 2328 3638 καὶ
2361 3585 2490 3651 ξένα
2515 3586 2819 3656 πράγματα
2851 3587 3042 3657 Θεωρῶ
3064 3589 3124 3639 ἐν
3154 3589 3236 3658 τῷ
3273 3595 3510 3661 σχήματι
3542 3588 3634 3639 τεέ-

2083 3694 2180 3746 τῳ.
2210 3677 2328 3745 Ἀφ’
2354 3671 2417 3747 ἧς
2451 3679 2560 3746 γὰρ
2609 3677 2742 3730 αὐτο
2775 3681 2805 3730 6
2832 3677 3020 3741 δοῦλος
3065 3681 3165 3732 τοῦ
3227 3683 3379 3735 θεοῦ
3433 3682 3632 3736 ἐνέδυσεν

2083 3770 2253 3838 ἡμᾶς,
2287 3767 2536 3821 καίονται
2561 3768 2630 3821 τὰ
2660 3768 2862 3823 ἕσωθέν
2896 3787 3020 3838 μου,
3051 3771 3153 3823 οὐκ
3200 3768 3331 3825 οἶδα
3366 3774 3537 3833 πίθειθ,
3564 3770 3633 3820 ui

2082 3858 2238 3927 ζητεῖ
2271 3858 2470 3927 ἡψυχὴ
2516 3875 2617 3928 μου
2645 3859 2720 3927 μὴ
2751 3857 3030 3930 Θεωρῆσαί
3061 3876 3208 3921 τινα,
3244 3865 3400 3931 μήτε
3422 3863 3630 3928 litim,

2081 3949 2114 4019 ἢ
2149 3948 2378 4002 ἀκοῦσαί
2417 3965 2580 4012 τινος.
2637 3950 2799 4017 Λέγει
2844 3951 2992 4020 αὑτῷ
3045 3954 3073 4003 6
3120 3953 3429 4021 Ἰωάννης·
3471 3954 3561 4005 Καὶ
3593 3948 3632 3997 τε

2080 4038 2390 4109 τρώγομεν,
2420 4038 2658 4106 ἁδελφέ;
2689 4040 2853 4107 Λέγει
2880 4041 3030 4109 αὺτῷ
3058 4043 3293 4110 Συμεών
3321 4062 3336 4072 ·
3380 4045 3446 4096 Εἰ
3459 4061 3505 4095 τι
3525 4039 3631 4109 τρώ-

2080 4145 2269 4196 γουσιν
2302 4131 2352 4182 οί
2377 4129 2670 4192 ἀκούοντες
2693 4124 2940 4193 ﬂamini,
2967 4133 3095 4200 περὶ
3115 4126 3193 4184 ὧν
3223 4136 3328 4186 καὶ
3364 4136 3487 4204 χθὲς
3509 4129 3630 4184 εἶπεν

2080 4221 2210 4288 ἡμῖν
2239 4220 2267 4271 6
2297 4219 2483 4289 κύριος
2524 4219 2746 4286 Νίκων;
2789 4221 2941 4291 Τάχα
2985 4224 3092 4290 γὰρ
3142 4227 3237 4275 καὶ
3271 4226 3445 4284 αὐτὸς

403 4306 687 4407 quomodo
738 4307 1012 4364 dormiant
1041 4309 1172 4379 (l9),
1215 4320 1270 4366 et
1324 4309 1587 4380 quidquid
1612 4313 1680 4367 ad
1707 4313 1825 4367 illos
1857 4330 1941 4383 pel

2099 4309 2172 4362 ἵνα
2193 4309 2434 4362 τοιοῦτον
2467 4309 2580 4379 βίον
2606 4310 2903 4382 διάξωμεν,
2927 4313 3228 4382 διηγήσατο
3267 4317 3411 4384 ἡμῖν
3443 4316 3498 4366 τὸ

407 4393 562 4446 tinet.
591 4393 797 4448 Deinde
819 4397 952 4450 dicit
973 4397 1212 4453 Joannes
1238 4417 1252 4453 :
1281 4399 1350 4452 Et
1373 4401 1680 4468 quomodo?
1702 4400 1839 4467 Quia
1875 4419 1973 4459 ne-

402 4494 510 4548 que
540 4489 782 4546 cantum,
816 4498 992 4552 neque
1012 4499 1202 4539 eorum
1234 4486 1542 4540 institutum
1570 4490 1842 4544 novimus.

476 4655 562 4713 i5.
603 4653 757 4710 Tunc
787 4656 927 4711 Deus
958 4659 1170 4727 aperuit
1210 4674 1300 4714 cor
1331 4659 1541 4714 abbatis
1584 4660 1695 4730 (90)
1750 4661 1975 4733 Symeo-

2082 4400 2269 4464 ζῶσιν,
2300 4401 2398 4452 καὶ
2436 4401 2554 4463 πῶς
2587 4403 2914 4472 κοιμῶνται,
2973 4404 3067 4455 καὶ
3097 4404 3277 4458 πάντα
3313 4406 3383 4456 τὰ
3421 4403 3623 4457 211's}-

2079 4488 2226 4552 τούς.
2281 4489 2413 4544 Εἷτά
2457 4509 2621 4561 φησιν
2654 4494 2682 4546 ὁ
2715 4495 2967 4565 Ἰωάννης
2991 4512 3004 4525 ·
3037 4497 3146 4547 Καὶ
3177 4495 3334 4560 πῶςς
3371 4498 3490 4551 Ὀτι
3527 4491 3620 4546 οὗτε

2079 4580 2266 4649 ψᾶλαι,
2299 4581 2422 4636 οὔτε
2449 4583 2548 4653 τὴν
2581 4585 2917 4639 κατάστασιν
2942 4587 3358 4659 παρελάϐομεν.

2153 4670 2234 4726 ιε’.
2265 4671 2400 4725 Τότε
2431 4673 2666 4744 ἀνέῳξεν
2698 4678 2726 4728 6
2753 4675 2887 4738 Θεὸς
2941 4679 3038 4746 τὴν
3085 4677 3316 4748 καρδίαν
3367 4679 3463 4731 τοῦ
3509 4674 3618 4728 assa

1914 4822 2140 4880 NOTAE.

367 4937 391 4962 _-
473 4901 584 4984 (l8)
603 4901 679 4956 ita
704 4907 956 4984 appellati
981 4912 1228 4984 monachi
1251 4913 1477 4984 quidam
1502 4915 1796 4971 Palaestinae
1815 4916 1970 4984 βοτα-

400 4973 644 5056 νοιραγοι,
833 4986 972 5056 teste
994 4977 1221 5056 Evagrio
1250 4973 1345 5036 lib.
1367 5000 1380 5056 ι
1403 4984 1544 5036 Eccl.
1571 4985 1703 5039 Hist.
1729 4973 1844 5055 cap.
1868 4987 1965 5041 21:

408 5060 429 5123 ι
463 5042 627 5096 Cibos
673 5042 1256 5123 quidem_homiiiibus
1296 5053 1527 5107 usitatos
1582 5042 1966 5123 aspernantur,

404 5121 602 5165 terram
633 5123 833 5194 .autem
891 5117 1279 5186 depascuntur,
1333 5123 1475 5176 unde
1528 5132 1582 5177 et
1622 5117 1968 5193 pabulatores

400 5190 1212 5262 cognominatisuntLtantum
1255 5200 1561 5260 carpentes,
1598 5190 1861 5262 quantum
1902 5197 1968 5249 ad

400 5251 564 5328 vitam
625 5250 846 5328 subicit;
883 5273 900 5304 ι
964 5250 1120 5328 S_i_ve,
1180 5250 1365 5325 pront'
1403 5250 1566 5315 tradit
1617 5250 1968 5318 'Sozomenns

399 5319 495 5373 lib.
533 5335 608 5383 vl,
643 5323 850 5387 cap.53
880 5339 892 5374 :
920 5343 952 5401 _¢
995 5319 1196 5401 Neque"
1217 5329 1490 5401 domicilia
1539 5332 1760 5397 habent,
1795 5349 1971 5401 neque

399 5403 618 5508 panem,
664 5406 842 5458 neque
883 5395 1168 5449 obsonium
1203 5399 1514 5464 comedunt,
1562 5395 1754 5467 neque
1782 5395 1970 5457 vinum

442 5458 612 5508 ibunt.
647 5459 700 5508 In
734 5463 1009 5508 mamilius
1038 5477 1219 5508 Antam
1245 5469 1501 5508 Λραριιιρα
1555 5484 1770 5508 cnmnnr
1803 5472 1968 5508 unum

442 5458 612 5537 ibunt.
647 5459 700 5537 ln
734 5463 1009 5537 montibus
1038 5477 1219 5520 autem
1245 5458 1520 5536 degentes,
1555 5458 1770 5537 semper
1803 5472 1968 5526 Deum

399 5523 708 5606 celebrant,
775 5532 1025 5606 pret-ibus
1081 5544 1148 5606 et
1185 5523 1397 5606 hymnis
1455 5523 1752 5592 secundum
1805 5523 1966 5594 ritum

403 5593 651 5647 Ecclesia.-
673 5593 942 5660 vacantes.
962 5602 1188 5666 Quando
1207 5593 1335 5660 vero
1363 5609 1612 5662 vescendi
1637 5617 1850 5681 tempus
1875 5593 1967 5665 add;

2077 4919 2246 4980 venit,
2277 4921 2648 4988 pabulantium
2680 4922 2734 4975 in
2761 4939 2988 4987 morem,
3008 4923 3234 4993 quilibet
3263 4924 3402 4979 falce
3418 4933 3614 4990 arrepti.

2075 5001 2442 5064 peprpoptem
2475 5001 2755 5064 vagantes,
2798 4993 2984 5048 herbis
3010 5002 3332 5064 pascuntur.
3360 5013 3378 5044 ι

2145 5058 2255 5131 (19)
2293 5060 2367 5112 Ita
2411 5058 2744 5131 ecgraphun)
2794 5058 3084 5126 nostrum;
3132 5077 3244 5114 non
3295 5065 3610 5131 κομῶνταυ

2074 5128 2289 5194 κομὰω,
2312 5130 2460 5202 quod
2485 5128 2588 5202 est?
2606 5147 2808 5202 comam
2833 5133 3030 5192 muria,
3066 5131 3224 5186 sicuti
3254 5128 3520 5202 expressit
3547 5131 3614 5182 ln-

2076 5204 2288 5266 tcrpres
2319 5199 2461 5266 apud
2493 5200 2736 5252 Surium.

2147 5265 2258 5334 (20)
2292 5265 2471 5320 Abbas
2511 5283 2619 5339 non
2655 5278 2864 5322 tantum
2899 5271 3242 5338 Imgnmenum
3269 5312 3284 5330 ,
3325 5288 3422 5326 seu
3461 5271 3610 5339 pra-1':-

2081 5344 2214 5388 ctum
2251 5338 2554 5410 monasterii
2592 5339 2928 5407 designabat,
2959 5341 3051 5392 sed
3083 5340 3154 5392 ita
3180 5338 3610 5410 cornpellabantar

2083 5405 2332 5476 monachi
2351 5406 2546 5476 passim
2565 5405 2777 5468 omnes,
2805 5413 3102 5476 praesertim
3135 5410 3296 5462 senio
3311 5405 3603 5464 'veneramb.

2081 5473 2134 5524 Id
2165 5473 2306 5541 quod
2338 5475 2504 5528 semel
2532 5476 2619 5532 hic
2659 5473 2926 5529 indicasse
2956 5477 3023 5530 sit
3050 5478 3185 5532 satis
3217 5479 3273 5532 in
3304 5489 3602 5534 anteet-ss“

2076 5543 2236 5596 etiam
2263 5558 2360 5611 pro
2394 5543 2527 5598 locis
2553 5545 2928 5614 sequentibus.
