3736 6308
86 302 237 368 1689

1357 314 1536 376 VITA
1576 316 1637 376 S.
1664 316 2062 379 SYMEONIS.

3194 316 3331 383 1690

0 438 9 469 :
82 413 342 485 Συμεὼν,
372 414 471 468 καὶ
497 409 683 469 εἶπενο
730 418 787 472 ’0
833 417 1013 483 σώσας
1059 421 1187 484 τοὺς
1215 422 1323 486 πρὸ
1368 422 1444 474 eoi

1767 426 1864 487 nis,
1887 427 1980 496 qui
2009 425 2147 480 dixit
2174 442 2188 481 :
2221 422 2324 490 Qui
2356 423 2597 481 servavit
2625 440 2741 490 eos,
2790 427 2888 497 qui
2918 435 3044 481 ante
3071 427 3328 483 Davidem

6 534 14 563 :
83 506 572 578 εὖαρεστήσαντας
613 507 780 579 αὐτῷ,
843 509 1004 574 σώζει
1054 512 1150 565 καὶ
1191 515 1359 582 ἡμᾶς.
1393 514 1454 566 El
1483 513 1657 566 δὲκαὶ

0 621 11 651 :
83 596 233 662 ἄξιοι
264 597 570 668 γενώμεθα,
605 600 846 654 διδάσκει
880 602 975 656 καὶ
1003 604 1172 672 ἡμᾶς,
1197 602 1273 667 ώς
1300 604 1540 669 ἐδίδαξεν
1569 604 1659 657 τὸν

0 715 11 743 ε
83 686 280 754 Δαυῖδ,
311 688 387 750 ὡς
418 684 486 759 ἦν
512 692 591 752 εἰς
617 690 686 743 τὰ
712 693 958 762 πρόϐατα
1007 697 1086 758 εὶς
1141 696 1242 764 τὴν
1298 695 1526 764 ἔρημον,
1583 695 1658 767 μὴ

0 807 12 835 ς
85 778 326 849 θελήσῃς
357 781 627 850 ἀνακόψαι
656 782 752 853 τὴν
781 784 1094 854 προθυμίαν
1124 802 1247 854 μου,
1272 784 1661 858 ἀδελφὲ.Ἀ).λὰ

0 898 15 928 ι
83 871 302 936 λοιπόν,
328 873 409 925 ὅτι
442 874 523 935 εἰς
560 873 715 927 τοῦτο
747 876 808 927 τὸ
830 878 1061 945 πρᾶγμα
1103 875 1383 946 ἐδώκαμεν
1415 877 1658 943 ἑαυτοὺς,

0 991 17 1021 μτ
88 961 170 1030 μὴ
202 961 556 1032 ἀφανίσωμεν
583 964 734 1017 αὐτό.
766 965 898 1017 Τότε
933 967 959 1017 6
980 964 1139 1035 κῦρις
1191 965 1445 1034 Ἰωάννης
1483 963 1659 1019 εἶπεν·

0 1082 17 1113 επ
98 1051 194 1114 Ὠς
225 1051 419 1117 θέλεις,
447 1056 763 1124 ποιήσομεν.
793 1056 984 1118 Πῶςδέ
1013 1057 1106 1108 καὶ
1136 1055 1499 1126 ἐξερχόμεθας
1524 1057 1662 1126 δτιὴ

0 1176 18 1205 ι,
83 1141 237 1210 θύρα
269 1141 509 1196 κλείεται
539 1147 602 1212 τῇ
632 1144 814 1197 νυκτίο
874 1145 1039 1213 Λέγει
1097 1144 1248 1214 αὐτῷ
1301 1144 1560 1214 Συμεών·
1606 1146 1663 1198 ὐ

0 1250 17 1299 κ
84 1231 310 1296 ἀνοίξας
341 1234 473 1302 ἡμῖν
495 1235 560 1303 τῇ
596 1235 802 1304 ἡμέρα,
826 1235 989 1300 αὐτὸς
1016 1235 1222 1303 ἀνοίγει
1250 1237 1344 1289 καὶ
1380 1240 1446 1306 τῇ
1483 1237 1659 1291 νυκτί.

0 1361 17 1391 ,ι
94 1321 191 1383 Ὦς
215 1317 309 1374 οὖν
338 1324 572 1392 ἔστησαν
602 1326 698 1394 τὴν
717 1325 928 1393 βουλὴν,
959 1327 1120 1389 εὐθὺς
1138 1327 1241 1396 τῆς
1266 1330 1461 1393 νυκτὸς
1494 1345 1662 1401 κατα·

0 1456 13 1485 Ξ
84 1410 400 1481 λαϐούσης,
440 1411 636 1482 θεωρεῖ
688 1415 716 1465 6
764 1414 1067 1483 ἡγούμενός
1115 1434 1238 1468 τινα
1286 1417 1408 1470 καθ’
1462 1416 1665 1479 ὕπνους

0 1548 7 1577 τ
84 1497 378 1565 ἀνοίγοντα
408 1499 506 1567 τὴν
530 1499 701 1569 θύραν
724 1501 816 1554 τοῦ
842 1517 1082 1572 μοναστη
1093 1505 1233 1573 ρίου,
1273 1506 1366 1557 καὶ
1394 1504 1621 1574 λέγοντα
1648 1522 1663 1537 ο

0 1638 19 1672 ἰ,
96 1586 415 1654 Ἐξέλθετε,
447 1588 696 1659 πρόϐατα
728 1593 1141 1662 ἐσφραγισμένα
1163 1594 1257 1647 τοῦ
1285 1595 1546 1664 Χριστοῦ,
1586 1598 1666 1660 εἰς

0 1732 17 1761 η
83 1677 192 1746 τὴν
221 1677 419 1748 βοσκην
452 1679 624 1748 ὑμῶν.
673 1681 780 1733 Καὶ
814 1682 1179 1747 διυττνισθεὶς,
1219 1684 1423 1748 εὐθέως
1466 1688 1667 1755 κατέρ-

1762 514 2087 583 plaeuerunt
2132 513 2264 575 Deo,
2307 529 2408 568 nos
2446 530 2664 585 quoque
2696 518 2972 580 servabit;
3015 526 3090 581 et,
3125 518 3168 572 si
3207 518 3330 588 qui—

1760 603 1882 657 dem
1920 603 2110 658 liamus
2151 602 2327 673 digni,
2364 619 2466 658 nos
2500 605 2628 658 item
2669 605 2907 667 docebit,
2944 617 3104 676 prout
3150 607 3335 660 docuit

1763 695 2040 759 Davidem,
2079 694 2294 763 quando
2322 694 2375 746 in
2408 694 2703 749 solitudine
2731 697 2988 765 pascebat
3014 712 3166 752 oves.
3188 696 3330 759 Noli,

1762 788 1950 849 frater,
1975 785 2308 841 desiderium
2339 800 2519 839 meum
2545 787 2843 840 retardare.
2878 785 3032 851 Quod
3063 796 3333 856 superest,

1762 892 1832 930 ne
1862 892 1998 938 rem,
2045 891 2153 944 quo
2210 875 2452 930 animum
2503 877 2832 946 appulimus,
2874 877 3163 931 reddamus
3212 878 3336 930 irri-

1764 976 1893 1022 tam.
1933 967 2072 1021 Tum
2106 967 2360 1022 dominus
2406 966 2644 1022 Joannes
2690 968 2865 1023 dixit:
2914 967 3219 1035 Faciemus,
3256 969 3335 1023 uti

1764 1059 1863 1113 vis.
1898 1061 1968 1114 At
2003 1059 2278 1130 quomodo
2311 1058 2622 1114 exibimus?
2673 1059 2804 1112 Nam
2851 1068 3015 1114 noctu
3066 1061 3339 1114 elaudilur

1762 1150 1984 1205 ostium.
2024 1150 2159 1205 Dicit
2185 1151 2235 1204 ei
2268 1149 2504 1220 Symeon
2543 1166 2556 1202 :
2593 1148 2696 1215 Qui
2735 1150 2864 1205 illud
2912 1152 3071 1205 nobis
3123 1153 3339 1220 aperuit

1766 1242 2024 1306 interdiu,
2075 1241 2217 1296 idem
2254 1241 2344 1296 ille
2375 1252 2541 1296 noctu
2591 1242 2819 1311 aperiet.
2870 1241 3121 1307 Stabilito
3177 1242 3341 1312 igitur

1765 1332 2011 1393 consilio,
2047 1332 2251 1395 statim,
2279 1332 2370 1386 ubi
2399 1332 2629 1386 advenit.
2649 1346 2775 1393 nox,
2823 1331 3161 1401 hegumcnus
3196 1331 3343 1385 videt

1768 1425 2001 1494 aliquem
2034 1424 2088 1477 in
2119 1424 2344 1489 somnis,
2387 1427 2722 1493 aperientem
2759 1424 2960 1476 ostium
3000 1422 3340 1485 monasterii,

1768 1524 1823 1569 et
1851 1516 2122 1569 dicentem
2153 1532 2165 1567 :
2194 1513 2365 1576 Exite,
2392 1529 2521 1570 oves
2554 1514 2756 1569 Christi
2771 1513 3017 1584 signatae,
3040 1513 3108 1567 ad
3144 1525 3342 1583 pascua

1769 1612 1967 1659 vestra.
1999 1603 2266 1670 Aﬁomno
2317 1604 2602 1669 excitatus,
2633 1604 2815 1658 statim
2847 1602 2913 1656 ad
2955 1601 3178 1669 januam
3221 1616 3345 1670 per-

1770 1693 1938 1755 venit,
1970 1688 2133 1761 quam
2166 1693 2256 1746 ubi
2290 1693 2609 1747 invenisset.
2651 1701 2915 1762 apertam,
2967 1701 3117 1745 ratus
3151 1691 3346 1745 exinde

84 1785 250 1838 χεται
271 1770 351 1831 είς
382 1770 472 1821 τὸν
500 1770 742 1836 πυλῶνα,
773 1773 865 1824 καὶ
890 1768 1050 1842 εὗρον
1076 1775 1240 1827 αὑτὸν
1273 1777 1444 1828 ἁνοικ·

1770 1800 2038 1855 egressos,
2077 1784 2326 1839 consedit
2351 1795 2599 1848 maestus,
2642 1798 2974 1854 gemensque
3017 1793 3073 1837 et
3115 1783 3342 1837 dicens:

83 1861 320 1927 νομίσας
350 1862 430 1913 ὅτι
460 1860 679 1930 ἐξῆλθεν
713 1863 943 1926 ἐκεῖθεν,
962 1863 1250 1929 ἐκαθέζετο
1274 1868 1522 1935 στυγνὸς,
1542 1885 1662 1921 στε-

0 1944 3 1949 ’
82 1947 270 2010 vaing
299 1948 393 1999 καὶ
421 1947 596 2016 λέγων
617 1990 632 2013 ,
682 1951 763 2002 ὅτι
798 1951 912 2004 Οὐκ
934 1951 1181 2022 ἠξιώθην
1212 1953 1321 2022 ἐγὼ
1347 1957 1376 2009 6
1406 1957 1663 2026 ἀμαρτω-

83 2038 179 2101 λὸς
211 2038 395 2090 λαϐεῖν
442 2038 543 2110 τὴν
590 2041 757 2112 εὐχὴν
805 2043 915 2096 τῶν
958 2046 1216 2116 Πατέρων
1265 2064 1390 2116 μου.
1421 2047 1664 2118 Ἀληθῶς

0 2122 19 2205 ξ
80 2128 235 2186 οὗτοι
292 2148 391 2200 μου
434 2133 701 2201 Πατέρες,
750 2136 845 2188 καὶ
882 2136 1162 2199 δεσπόται.
1213 2143 1308 2193 καὶ
1356 2140 1662 2194 διδάσκαλοι

80 2223 407 2291 ἐτύγχανον,
431 2227 526 2277 καὶ
550 2223 641 2277 διὰ
663 2225 822 2279 τοῦτο
843 2227 941 2296 τῆς
962 2228 1094 2298 παρ’
1112 2228 1290 2282 αὐτῶν
1310 2230 1663 2301 παραθέσεως

77 2312 388 2382 ὴστόχησα.
423 2313 635 2369 Βαϐαίί
693 2317 812 2379 πῶς
857 2317 994 2371 λίθοι
1053 2320 1247 2390 τίμιοιο
1303 2298 1401 2385 ὥς-
1437 2323 1662 2392 φησίνή

0 2398 17 2480 Γ
78 2405 302 2475 Γραφὴ.
331 2405 616 2477 λεληθότες
646 2409 739 2460 ἐπὶ
770 2410 872 2478 τῆς
917 2411 1023 2480 γῆς
1057 2411 1356 2477 κυλίονται,
1403 2414 1509 2468 ὑπὸ
1539 2414 1666 2467 πολ-

79 2492 194 2546 λῶν
222 2497 321 2563 μὲν
350 2496 688 2565 φαινόμενοι,
722 2499 826 2551 ὑπὸ
856 2499 1058 2568 ὀλίγων
1086 2501 1143 2554 δὲ
1171 2502 1665 2572 καταλαμϐανόμε-

0 2586 17 2661 ’1
80 2598 169 2634 vat
193 2582 208 2636 ί
242 2582 330 2643 Ὠς
357 2582 530 2639 ταῦτα
556 2581 650 2638 οὖν
677 2587 758 2649 είς
787 2589 980 2642 ἑαυτὸν
1009 2590 1293 2659 ἀδημονῶν
1316 2591 1662 2660 διελογίζετο,

83 2672 202 2725 ἰδοὺ
234 2674 281 2724 ei
303 2675 525 2761 νυμφίοι
547 2678 595 2729 οἱ
620 2677 853 2753 καθαροὶ
879 2678 974 2732 τοῦ
1002 2681 1238 2750 Χριστοῦ
1260 2682 1542 2754 ἐρχόμενοι
1569 2684 1663 2736 ἐπὶ

0 2758 11 2844 ἶ.
76 2761 143 2815 τὸ
182 2760 439 2827 ἐξελθεῖν,
476 2758 550 2818 ὧν
581 2765 894 2836 ἔμπροσθεν
937 2769 1163 2840 ἐθεώρει
1205 2771 1235 2823 6
1273 2771 1662 2844 καθαρώτατος

79 2853 391 2923 ἡγούμενος
428 2857 611 2910 Νίκων
660 2860 815 2922 τινὰς
848 2861 1136 2931 εὐνούχους
1168 2842 1657 2936 λαμπαδηφόρους,

78 2949 212 3013 τοὺς
239 2949 295 3002 δὲ
324 2950 580 3023 σκῆπτρα
614 2955 674 3007 ἒν
701 2958 767 3025 τῇ
801 2957 899 3026 μιᾷ
921 2957 1067 3029 χειρὶ
1087 2958 1444 3028 κατέχοντας.

1768 1877 1885 1931 Non
1925 1892 2074 1931 eram
2115 1876 2312 1947 dignus
2364 1890 2465 1947 ego
2511 1885 2784 1945 peccator,
2830 1875 3045 1929 Patrum
3100 1889 3348 1928 meorum

1768 1983 1957 2038 preces
1985 1967 2254 2037 accipere.
2300 1966 2381 2020 Illi
2412 1982 2541 2021 sane
2566 1972 2725 2021 erant
2756 1965 2944 2019 Patres
2983 1965 3111 2026 mei.
3150 1973 3203 2017 et
3247 1964 3347 2016 do-

1770 2061 1933 2126 mini,
1966 2076 2031 2115 ac
2060 2058 2304 2130 magistri
2338 2077 2350 2112 :
2378 2057 2503 2112 ideo
2545 2072 2793 2126 scopum,
2828 2071 2989 2125 quem
3044 2054 3146 2109 sibi
3206 2071 3346 2124 prze-

1769 2153 2024 2215 tlxerunt,
2061 2165 2170 2204 non
2200 2164 2320 2203 sum
2360 2157 2669 2203 assecutus.
2708 2146 2903 2215 Papazl
2931 2161 3093 2214 quam
3125 2145 3349 2214 pretiosi

1762 2243 1990 2312 lapides,
2042 2249 2102 2295 ut
2148 2241 2390 2309 loquitur
2430 2240 2712 2307 Scriptura
2774 2238 2839 2302 η,
2894 2237 3127 2290 latentes
3176 2251 3349 2304 supra

1763 2344 1964 2389 terram
1994 2332 2321 2395 volvuntur;
2358 2329 2450 2399 qui
2484 2344 2514 2383 a
2563 2327 2752 2382 multis
2799 2326 3018 2396 quidem
3076 2325 3347 2383 videntur,

1762 2425 1858 2479 sed
1901 2440 1932 2477 a
1982 2424 2172 2493 paucis
2214 2419 2730 2492 apprehenduntur.
2782 2419 2919 2473 Dum
2966 2419 3083 2472 haec
3125 2424 3351 2470 maestus

1762 2530 1948 2570 secum
1974 2514 2232 2585 agitabat,
2256 2528 2383 2568 ecce
2422 2513 2541 2582 puri
2574 2510 2760 2581 sponsi
2793 2509 2996 2563 Christi
3034 2508 3262 2562 veniunt
3291 2515 3353 2559 ut

1769 2602 2140 2675 egrediantur,
2183 2610 2311 2657 ante
2348 2617 2485 2671 quos
2510 2599 2992 2668 contemplabatur
3020 2596 3352 2666 purissimus

1769 2693 2109 2765 hegumeuus
2159 2692 2331 2747 Nicon
2379 2692 2665 2747 eunuchos
2707 2689 2939 2758 aliquot,
2978 2701 3208 2757 quorum
3262 2683 3352 2739 alii

1767 2784 2015 2840 ferebant
2044 2783 2341 2854 lampades,
2366 2782 2458 2837 alii
2489 2788 2702 2851 sceptra
2726 2795 2891 2833 manu
2920 2778 3207 2833 tenebant.

1545 3097 1778 3156 CAPUT
1820 3098 1878 3158 V.

1026 3214 1267 3269 Secessus
1306 3217 1361 3269 in
1392 3217 1766 3282 solitudinem,
1798 3216 2017 3271 Salana:
2046 3217 2392 3271 machinatio.

158 3335 255 3394 ις’.
293 3329 382 3392 Ὠς
404 3324 497 3381 οὖν
532 3329 754 3391 τούτους
786 3328 1071 3393 ἐθεάσατο,
1116 3330 1422 3399 περιχαρὴς

1839 3330 1926 3384 16.
1972 3330 2080 3384 Eos
2114 3330 2278 3400 igitur
2322 3328 2692 3398 conspicatus,
2729 3323 2901 3378 solide
2946 3321 3167 3392 gavisus
3219 3320 3349 3384 fuit;

2 3398 14 3428 ³
80 3421 322 3490 ἐγένετο,
355 3421 492 3473 διότι
517 3420 915 3490 ούκ¹ᾶπέτυχεν
933 3422 1032 3491 τῆς
1060 3421 1224 3475 αὑτοῦ
1250 3398 1543 3491 ἐπιθυμίας
1565 3438 1580 3452 ⁸
1598 3398 1663 3473 *ὃν

84 3511 421 3581 θεασάμενοι
458 3511 510 3563 οἱ
555 3511 837 3584 μακάριοι,
876 3509 1257 3580 ἠϐουλήθησαν
1299 3508 1663 3578 ὑποστρέψαι,

86 3608 166 3679 μὴ
197 3608 494 3677 νοήσαντες
539 3606 623 3658 ὅτι
677 3606 705 3657 6
747 3605 1051 3675 ἡγούμενός
1085 3602 1540 3673 ἐστιν.“Εδραμεν
1573 3599 1665 3655 οὖν

80 3700 110 3751 6
136 3700 287 3759 ὅσιος
323 3698 512 3750 Νίκων
539 3697 634 3749 καὶ
673 3695 1118 3765 προσεκαλέσατο
1147 3695 1345 3758 αὐτοὺς
1377 3694 1513 3763 πρὸς
1541 3695 1666 3745 ἐαυ-

0 3796 5 3804 ”
80 3791 201 3844 τόν.
242 3790 330 3850 Ὠς
372 3785 465 3843 οὖν
508 3789 753 3857 ἔγνωσαν
784 3790 865 3842 ὅτι
896 3789 924 3840 6
951 3787 1254 3857 ἡγούμενός
1299 3789 1467 3851 ἐστιν,
1512 3803 1667 3856 περι-

0 3864 10 3895 ⁷
80 3883 276 3951 χαρεῖς
302 3882 395 3934 καὶ
422 3881 578 3934 αὐτοὶ
601 3881 872 3949 ἐγένοντο,
911 3880 1146 3950 μάλιστα
1171 3879 1547 3949 θεωρήσαντες
1571 3877 1664 3929 καὶ

0 3962 9 3989 ⁵
78 3973 175 4026 τὸν
210 3972 431 4025 πυλῶνα
465 3973 710 4025 ἀνοικτόν
740 3989 755 4003 ο
788 3972 1019 4042 ἐνόησαν
1053 3970 1161 4041 γὰρ
1186 3971 1269 4023 ὅτι
1298 3971 1326 4023 ὁ
1355 3968 1487 4034 Θεὸς
1514 3966 1664 4037 αὐτῷ

79 4064 248 4117 πάλιν
274 4065 367 4117 καὶ
396 4063 553 4117 τοῦτο
580 4062 952 4132 ἀπεκάλυψεν.
1010 4062 1312 4131 Ἢθέλησαν
1337 4057 1431 4114 οὖν
1483 4059 1664 4129 βαλεῖν

0 4150 15 4229 γ’
82 4154 397 4223 μετάνοιαν.
425 4155 522 4207 καὶ
543 4153 871 4206 διεκώλυσεν
901 4153 1099 4215 αὐτοὺς
1126 4150 1322 4219 λέγων,
1356 4149 1521 4220 μηδὲν
1554 4166 1664 4200 τοι-

0 4250 14 4271 ’
76 4243 240 4296 οὖτον
269 4245 453 4307 αὐτοῖς
481 4242 680 4308 ἐξεῖναι
702 4243 1046 4314 ποιῆσαι,διὰ
1073 4243 1171 4312 τὴν
1196 4240 1361 4312 τιμὴν
1387 4239 1481 4293 τοῦ
1504 4256 1661 4310 περι-

0 4332 13 4357 ⁹
75 4336 331 4397 τεθέντος
362 4336 542 4398 αὐτοῖς
585 4332 879 4403 ἀγγελικοῦ
920 4332 1218 4403 σχήματος.
1265 4330 1530 4398 Λέγουσιν
1566 4325 1660 4382 οὖν

0 4416 13 4451 ⁵
78 4428 233 4499 αὐτῷ
254 4426 474 4489 εὐθέως
493 4425 830 4496 Εὑχαριστοῦ
840 4425 939 4496 μέν
961 4442 1064 4489 σοι,
1091 4425 1291 4494 Πάτερ,
1310 4423 1406 4476 καὶ
1422 4422 1472 4474 τί
1491 4437 1659 4492 προσ·

78 4517 209 4584 ἁξαι
238 4517 317 4588 τῷ
345 4516 463 4588 Θεῷ
501 4517 598 4570 καὶ
625 4520 692 4589 τῇ
730 4519 797 4589 σῇ
821 4517 979 4588 τιμία
1010 4514 1248 4584 κεφαλῇ,
1287 4515 1387 4567 οὐκ
1414 4513 1655 4584 οἴδαμεν.

77 4608 180 4672 Τίς
232 4610 382 4677 ἡμᾶς
441 4607 700 4660 τοιούτων
764 4608 983 4677 δωρεῶν
1039 4606 1335 4675 ἀξιωθῆναι
1389 4604 1654 4677 ἧλπιζενς

1768 3422 1894 3489 quia
1938 3435 2050 3473 non
2103 3429 2223 3473 erat
2258 3419 2553 3471 frustratus
2583 3430 2683 3468 suo
2713 3411 3008 3466 desiderio.
3056 3408 3352 3477 Postquam

1770 3508 1915 3561 hunc
1953 3505 2217 3560 vidissent
2251 3502 2415 3563 beati,
2461 3501 2756 3556 voluerunt
2791 3497 2994 3559 redire,
3037 3511 3149 3549 non
3197 3493 3350 3564 cogi-

1769 3603 1946 3650 tantes
2003 3594 2148 3663 quod
2217 3591 2556 3664 hegumenus
2611 3594 2777 3641 esset.
2846 3583 3103 3638 Cucurrit
3163 3583 3350 3651 itaque

1767 3694 1990 3740 sanctus
2019 3683 2214 3747 Nicon,
2239 3691 2295 3736 et
2334 3677 2617 3735 advocavit
2643 3690 2739 3731 eos
2763 3675 2830 3729 ad
2862 3689 2940 3729 se.
2974 3672 3077 3729 Ubi
3111 3671 3349 3742 primum

1766 3778 1849 3832 eis
1891 3777 2234 3845 hegumenus
2267 3770 2552 3842 innotuit,
2606 3766 2708 3838 ipsi
2757 3766 2922 3820 etiam
2982 3762 3138 3817 valde
3181 3760 3347 3833 gavisi

1767 3875 1916 3931 sunt,
1965 3865 2203 3919 maxime
2253 3863 2476 3934 quando
2520 3860 2780 3916 videbant
2819 3856 3020 3912 ostium
3071 3862 3346 3924 apertum.

1770 3951 1980 4007 Etenim
2036 3951 2208 4006 Deum
2256 3951 2363 4005 hoc
2405 3938 2483 4002 illi
2530 3964 2750 4003 rursum
2801 3945 3097 4007 revelasse,
3140 3941 3349 4012 cogita-

1766 4043 1916 4097 bant.
1948 4041 2177 4111 Jamque
2206 4041 2465 4096 volebant
2496 4039 2874 4109 paenitentiam
2906 4034 3116 4107 (21-Ξὲ)
3144 4032 3347 4094 facere,

1765 4142 1821 4187 at
1860 4132 2031 4186 vetuit
2078 4131 2182 4186 illis
2213 4130 2403 4185 dicens
2459 4128 2597 4182 nihil
2629 4127 2736 4181 tale
2790 4126 2871 4181 eis
2923 4124 3089 4178 licere
3125 4121 3345 4189 facere;

1767 4229 1989 4291 propter
2020 4220 2325 4291 angelicum
2353 4218 2622 4282 habitum,
2655 4231 2764 4286 quo
2805 4221 2964 4268 erant
2994 4211 3189 4266 induti.
3226 4210 3349 4264 Mox

1766 4311 1840 4365 illi
1875 4310 2065 4365 dicunt
2093 4326 2106 4362 :
2131 4308 2323 4364 Grates
2352 4308 2450 4363 tibi
2475 4308 2707 4378 agimus,
2732 4321 2766 4359 ο
2787 4304 2966 4368 Pater,
2999 4310 3054 4356 et
3082 4301 3347 4371 quidnam

1765 4401 1878 4456 Deo
1935 4415 1999 4454 ac
2066 4397 2383 4455 venerando
2440 4396 2606 4466 capiti
2648 4404 2743 4451 tuo
2800 4394 2973 4449 simus
3023 4390 3350 4462 repensui'i,

1766 4493 2104 4563 ignoramus.
2137 4490 2273 4557 Quis
2305 4503 2410 4545 nos
2460 4485 2775 4558 huiusmodi
2804 4485 2964 4539 donis
2997 4480 3354 4539 cumulandos

1765 4583 2086 4656 sperasset?
2114 4582 2302 4648 Qualis
2349 4596 2443 4636 rex
2489 4596 2590 4635 nos
2635 4579 2725 4635 tali
2760 4578 3030 4650 dignitate
3072 4576 3351 4629 honorare

0 4702 7 4735 ⁵
79 4670 236 4758 ποίος
254 4670 524 4766 ’βασιλεὺς
552 4694 778 4765 τοιούτῳ
804 4670 1076 4765 ἀξιώματι
1094 4670 1135 4765 ἡὴ
1147 4670 1253 4763 μᾶς
1272 4670 1442 4764 τιμῆσ

1767 4678 1988 4748 posset?
2021 4675 2222 4740 Quales
2262 4672 2467 4729 terreni
2516 4670 2763 4727 thesauri
2809 4670 2946 4722 adeo
2976 4673 3205 4733 repente
3250 4678 3352 4716 nos

81 4806 215 4842 νατο
237 4806 252 4855 ;
291 4790 430 4840 ποῖοι
459 4785 693 4852 ἐπίγειοι
720 4784 987 4855 θησαυροὶ
1020 4785 1194 4849 οὓτως
1214 4784 1475 4854 ἐξαίφνης
1500 4782 1664 4836 πλου-

78 4878 247 4947 τῆσαι
311 4880 456 4948 ἡμᾶς
509 4877 762 4943 ἐποίουν;
804 4876 973 4930 ποίων
1032 4876 1277 4948 λουτρῶν
1340 4873 1661 4936 ἀπολούσεις

76 4970 251 5034 οὕτως
282 4970 439 5041 ήμῶν
471 4972 570 5039 τὴν
598 4968 776 5040 ψυχὴν
797 4967 1154 5038 ἐκαθάριζον;
1191 4969 1335 5020 ποῖοι
1370 4966 1546 5033 γονεῖς
1572 4960 1662 5014 οὔ·

0 5122 7 5133 ε
76 5076 188 5123 τως
227 5060 513 5129 ἀγαπῆσαι
553 5059 647 5113 καὶ
677 5058 849 5113 σῶσαι
873 5059 1153 5122 ἐδύναντο;
1186 5059 1314 5109 ποῖα
1343 5055 1492 5121 ξένια
1512 5050 1661 5123 δῶρα

80 5150 182 5222 τὴν
211 5152 320 5203 τῶν
356 5150 637 5220 ἁμαρτιῶν
690 5150 848 5220 ἡμῶν
898 5151 1091 5220 ἄφεσιν
1143 5148 1425 5216 συντόμως
1484 5142 1660 5207 οὕτως

79 5240 302 5310 ἐνέγκαι
331 5243 463 5312 ἡμῖν
487 5241 689 5309 ἴσχυον,
712 5240 786 5304 ὡς
823 5240 911 5301 σὺ,
942 5241 1094 5309 τίμιε
1127 5237 1286 5310 ἡμῶν
1324 5235 1527 5304 Πάτερ,
1561 5233 1656 5288 καὶ

155 5368 202 5402 ³⁸
230 5370 456 5431 Zachar.
508 5388 585 5440 Ix,
619 5372 706 5428 16.

1768 4767 1966 4821 divites
1995 4763 2327 4819 redderent?
2363 4761 2617 4825 Qualium
2656 4760 2998 4812 lavacrorum
3042 4768 3176 4806 usus
3212 4753 3352 4805 adeo

1766 4858 2005 4911 animam
2046 4863 2287 4910 nostram
2335 4848 2660 4904 mundaret?
2708 4846 2910 4913 Quales
2961 4851 3222 4914 parentes
3270 4842 3347 4897 ita

1767 4949 1991 5021 diligere
2021 4951 2245 5017 possent
2292 4957 2357 4997 ac
2396 4940 2650 4997 servare?
2680 4938 2869 5005 Qualia
2903 4934 3062 4990 xenia
3098 4935 3349 5002 donaque

1767 5038 2143 5096 remissionem
2188 5042 2537 5106 peccatorum
2586 5040 2901 5086 nostrorum
2954 5036 3063 5082 tam
3106 5026 3349 5081 breviter

1766 5131 1925 5188 nobis
1957 5128 2186 5201 atl'erre,
2220 5127 2364 5181 sicut
2405 5134 2465 5179 tu
2508 5123 2663 5189 facis,
2697 5121 3011 5178 venerande
3059 5121 3217 5175 Pater
3246 5133 3346 5172 no-

1765 5224 1911 5284 ster?
1940 5222 2023 5279 Tu
2063 5217 2468 5292 progenitorum
2502 5215 2746 5272 omnium
2787 5229 2850 5268 ac
2882 5221 3174 5283 parentum
3221 5207 3346 5264 loco

1607 5455 1848 5513 NOTIE.

0 5551 7 5643 ξ
156 5557 367 5643 (21-29.)
393 5558 665 5643 Interpres
694 5559 834 5627 apud
863 5556 1085 5643 Surium
1104 5555 1242 5643 legit
1268 5554 1453 5643 καλείν
1484 5551 1651 5643 μετ-αξ

0 5623 5 5697 ἷ
84 5623 254 5697 νοιαν,
301 5623 357 5682 et
395 5623 573 5682 reddit
630 5623 814 5697 vocare
870 5623 1258 5697 pmnitentiain.
1313 5623 1449 5697 Nota
1527 5637 1652 5697 cum

0 5691 7 5721 ³
86 5696 287 5769 Cangio
324 5713 509 5753 vocem
553 5696 830 5767 μετάνοια,
870 5691 1079 5767 ἰη-αξιοι
1123 5694 1481 5765 pwuitentiam
1512 5691 1655 5745 desi—

1759 5560 1926 5614 gnare
1957 5542 2190 5614 corporis
2221 5548 2271 5614 et
2301 5538 2509 5614 capitis
2531 5535 2920 5614 inclinationes,
2954 5528 3239 5587 monachis
3273 5543 3340 5614 ac

1760 5599 2152 5687 anitentihus
2184 5599 2433 5687 usitatas.
2470 5607 2535 5663 Et
2578 5607 2809 5661 fortasse
2838 5605 2941 5660 hoc
2971 5617 3136 5658 sensu
3173 5599 3340 5672 μετά-

1761 5679 1879 5757 νοια
1911 5683 1999 5739 hic
2025 5679 2311 5751 accipitur.
