3736 6308
425 235 550 305 1691

1433 245 1742 311 LEONTII
1778 240 2287 313 NEAPOLITANI
2327 240 2665 305 EPISCOPI

3566 240 3673 310 156E

421 352 602 419 nobis,
638 362 760 422 post
788 351 1063 409 Christum
1085 394 1100 420 ,
1144 363 1297 426 pater
1322 367 1377 414 ct
1407 368 1582 416 mater
1604 378 1683 418 es.
1721 362 1801 417 Tu
1828 363 1959 416 dom?

2149 356 2224 409 ντὶ
2257 357 2477 411 πάντων
2507 358 2618 410 τῶν
2655 354 2934 427 προγόνων
2976 354 3147 427 ἡμῶν
3206 353 3311 407 καὶ
3366 352 3599 420 γονέων,
3624 356 3667 404 αἱ

422 460 547 508 nus,
585 450 642 496 tu
686 443 1003 509 instructor,
1038 455 1096 500 tu
1138 449 1518 516 manuductor,
1549 462 1605 506 tu
1642 454 1739 506 via:
1779 455 1906 516 dux,
1935 461 1992 508 et

422 535 523 588 alia
549 549 906 605 quascunque,
931 537 1131 606 quibus
1155 539 1457 597 referendis
1488 544 1670 615 lingua
1700 562 1808 598 non
1846 546 1993 601 sufﬁ-

421 622 518 679 cit.
547 624 651 680 Per
697 636 749 680 te
787 629 1239 697 pretiosissimam
1289 635 1634 704 margaritam
1680 636 1857 706 adepti
1902 653 1994 692 su-

422 731 567 779 mus,
619 726 675 772 ct
722 734 850 773 vere
906 720 1249 788 baptismatis
1294 723 1573 788 virtutem,
1619 726 1776 796 cujus
1819 730 1995 783 sancti

420 810 584 863 nobis
609 812 899 879 praanuntii
931 810 1119 868 Patres
1146 814 1317 877 fuere,
1345 818 1553 886 experti
1588 832 1796 873 sumus.
1830 818 1996 875 Novi-

422 915 548 953 mus
576 916 701 955 vere
744 913 1092 971 peccatorum
1120 913 1431 960 nostrorum
1472 909 1903 964 combustionem
1929 926 1994 965 ex

421 983 571 1058 igne,
600 991 694 1058 qui
720 991 883 1046 corda
909 1001 1097 1046 nostra
1135 995 1441 1060 comburit;
1471 996 1557 1050 cui
1593 996 1872 1052 tolerando
1892 999 1997 1053 im-

424 1091 585 1146 pares
615 1093 824 1143 sumus,
847 1080 984 1135 adeo
1013 1082 1315 1150 praecordia
1340 1092 1529 1138 nostra
1553 1084 1876 1141 inﬂammat.

498 1248 587 1301 i7.
623 1249 1017 1308 Beatitudinem
1047 1264 1224 1322 tuam,
1268 1273 1301 1312 ο
1326 1257 1508 1324 Pater,
1541 1260 1911 1328 obsecramus,
1941 1272 2001 1319 ut

427 1336 673 1408 impense
704 1358 803 1411 pro
830 1344 987 1398 nobis
1017 1361 1162 1412 ores,
1192 1357 1246 1402 et
1274 1364 1463 1403 servos
1492 1358 1615 1405 tuos
1644 1353 1795 1406 abire
1828 1355 1996 1419 sinas,
2040 1372 2046 1379 '

426 1435 485 1479 ut
519 1427 734 1482 sincere
762 1438 816 1483 et
844 1432 1003 1486 enixe
1033 1432 1141 1488 Deo
1187 1436 1512 1502 serviamus,
1554 1440 1642 1492 cui
1668 1455 1766 1493 nos
1809 1456 2003 1505 coarse-

428 1517 720 1574 cravimus.
751 1519 880 1575 Sine
910 1530 963 1577 te
988 1525 1224 1589 exorari,
1259 1535 1317 1580 ut
1360 1542 1632 1597 nunquam
1663 1531 2001 1587 obliviscaris

430 1610 702 1666 inutilium
753 1614 989 1670 ﬁliorum
1037 1627 1277 1685 tuorum,
1314 1635 1380 1675 eo
1427 1598 1697 1693 tempore:
1739 1641 1848 1696 quo
1882 1643 2002 1683 ma-

428 1716 532 1755 nus
568 1711 686 1758 tuas
715 1707 1054 1761 venerabiles
1076 1711 1346 1766 extendis.
1367 1711 1499 1776 lmo,
1525 1714 1654 1778 imo,
1683 1717 1765 1770 vir
1789 1729 1997 1785 sancte,
2033 1696 2075 1750 Β

428 1791 548 1846 sine
587 1802 639 1847 te
673 1797 882 1849 exorari
910 1798 978 1852 ab
1008 1798 1328 1870 alienigenis
1360 1820 1374 1856 :
1406 1804 1655 1859 orbitatis
1693 1821 1882 1862 eorum
1912 1825 2002 1864 re-

429 1883 741 1941 miniscere.
784 1887 994 1943 Deinde
1034 1906 1212 1959 genua
1260 1895 1432 1948 sancti
1462 1895 1701 1952 hominis
1745 1902 1997 1971 amplexi,

431 1987 646 2028 rursum
695 1977 998 2034 dicebant:
1040 1980 1221 2048 Pater,
1273 1993 1395 2039 esto
1449 2002 1658 2043 memor
1714 1991 2000 2048 humilium

432 2072 647 2119 tuarum
677 2069 881 2129 ovium.
910 2086 1043 2139 quas
1077 2071 1294 2129 Christo
1331 2076 1644 2135 holocausta
1690 2082 2000 2140 immolasti.

432 2155 737 2236 Recordare
790 2172 1138 2218 externarum
1194 2166 1542 2236 plantarum,
1595 2188 1731 2241 quas
1773 2176 2005 2244 pulchro

431 2249 668 2315 paradisi
716 2251 872 2307 horto
922 2253 1166 2310 inserere
1221 2259 1497 2314 studuisti.
1555 2262 1634 2317 Ne
1683 2267 2006 2324 obliviscere

432 2342 805 2407 operariorum
834 2344 1113 2413 inertium,
1143 2344 1282 2417 quos
1302 2334 1592 2408 undecima
1621 2356 1844 2412 circiter
1873 2360 2004 2414 hora

432 2429 491 2484 in
540 2432 696 2487 vinea
754 2433 956 2491 Christi
1012 2441 1268 2496 mercede
1322 2445 1657 2501 conduxisti.
1709 2449 2006 2504 Mirabatur

431 2530 612 2576 autem
674 2532 730 2578 et
784 2527 1204 2597 obstupescebat
1257 2550 1481 2603 prazses,
1522 2539 1741 2605 quando
1790 2541 2006 2597 videbat

429 2623 549 2674 eos,
580 2611 669 2679 qui
693 2624 820 2669 ante
852 2616 1079 2672 biduum
1123 2620 1344 2678 fuerant
1374 2626 1556 2682 idiota:
1584 2644 1647 2683 ac
1681 2632 1864 2693 rudes.
1897 2643 2003 2688 tam

431 2700 612 2754 subito
637 2705 875 2760 evasisse
907 2709 1200 2776 sapientes,
1252 2728 1318 2767 ex
1368 2730 1436 2770 eo
1494 2720 1638 2787 quod
1681 2725 2031 2791 assumpsisr

431 2796 555 2842 sent
589 2790 831 2846 divinum
866 2795 1131 2853 habitum.
1167 2801 1302 2856 Dum
1339 2820 1468 2875 ergo
1492 2817 1722 2879 uterque
1761 2790 1890 2867 satis
1915 2814 2007 2867 diu

430 2875 688 2942 flevisset,
716 2898 856 2951 genu
883 2885 1158 2941 inclinavit
1185 2901 1408 2949 sanctus
1438 2875 1719 2965 Nicon,_et
1747 2904 2009 2961 collocato

2090 448 2268 518 ἡμῶν,
2289 447 2429 517 μετὰ
2450 447 2707 518 Χριστὸν,
2722 447 2903 519 πατὴρ
2929 447 3028 501 καὶ
3063 447 3263 517 μήτηρ
3277 462 3301 508 ;
3315 446 3393 498 Σὺ
3408 448 3667 513 berbice;

2094 540 2158 592 σὺ
2194 539 2591 611 συγκροτητὴς,
2633 540 2698 593 σὺ
2721 539 3091 610 χειραγωγδς,
3129 538 3203 590 σὺ
3227 538 3455 605 ὁδηγδς,
3483 536 3577 589 καὶ
3598 541 3667 590 ἐτι

2092 629 2319 699 γλῶσσα
2357 628 2537 682 εἰπεῖν
2558 630 2658 681 οὐκ
2691 627 2885 698 ἰσχύει.
2917 628 3020 679 Διὰ
3054 626 3156 679 σοῦ
3200 625 3301 677 τδν

2096 717 2451 789 μαργαρίτην
2489 719 2864 790 ἐκτησάμεθα,
2896 717 3197 787 ἐμάθομεν
3230 715 3461 785 άληθῶς
3494 716 3583 782 τίζῖ
3602 716 3668 767 δέ.

2094 814 2257 879 ναμιν
2279 810 2371 864 τοῦ
2403 810 2796 882 βαπτίσματος,
2834 803 3009 880 οὗπερ
3039 812 3186 879 ἡμῖν
3216 810 3273 861 οἱ
3300 809 3448 861 ὅσιοι
3476 809 3668 875 lla-ig;

2096 902 2414 971 προέλεγον.
2444 903 2733 970 Ἔγνωμεν
2755 901 2925 964 ὅντως
2948 900 3049 970 τὴν
3074 900 3197 952 τῶν
3222 898 3517 968 ἡμετέρων
3532 901 3671 966 ἁμερ-

2095 992 2225 1044 τιῶν
2246 992 2586 1046 κατάκαυσιν
2618 993 2682 1045 ἐκ
2709 991 2804 1044 τοῦ
2826 989 3233 1062 περικαίοντος
3258 989 3430 1058 ἡμῶν
3454 990 3543 1051 τάς
3563 1006 3670 1055 21p-

2095 1079 2212 1144 δίας
2246 1082 2442 1153 πυρὸς,
2472 1082 2614 1155 ὅπερ
2652 1083 2847 1152 καὶμὴ
2885 1084 3154 1151 φέροντες
3180 1122 3200 1148 ,
3240 1080 3433 1143 οὕτως
3461 1083 3523 1131 τέι
3552 1081 3669 1147 ἡμὲν

2099 1170 2249 1234 ἐντὸς
2281 1172 2659 1242 περιφλέγων.

2171 1260 2257 1325 ιζ’.
2295 1263 2564 1333 Αίτοῦμεν
2612 1264 2776 1334 εὐχὴν
2825 1266 3053 1334 ποιῆσαι
3091 1267 3359 1330 ἐκτενῶς
3413 1266 3511 1335 τὴν
3533 1284 3672 1335 μων

2101 1353 2329 1424 ριότητά
2350 1371 2465 1418 σου,
2501 1356 2703 1427 Πάτερ,
2733 1359 2825 1411 καὶ
2850 1360 3131 1412 ἀπολῦσαι
3156 1363 3307 1424 τοὺς
3339 1364 3474 1423 σοὺς
3499 1365 3677 1423 δῡέὶεες

2100 1443 2183 1504 είς
2213 1441 2274 1495 τὸ
2300 1443 2539 1519 γνησίως
2562 1447 2659 1498 καὶ
2694 1446 2979 1517 ὀλαψύχως
3022 1449 3346 1504 δουλεῦσαι
3399 1446 3448 1518 ᾧ
3486 1455 3675 1520 ἀφιερει-

2104 1548 2278 1602 σαμεν
2307 1534 2534 1598 ἑαυτοὺς
2566 1536 2704 1607 Θεῷ,
2734 1536 3179 1608 δυσωπούμενος
3225 1541 3509 1610 μηδέποτε
3540 1543 3679 1608 ὶῄὲην

2104 1623 2328 1693 ποιῆσαι
2374 1626 2607 1695 ἀχρείων
2666 1645 2761 1679 σου
2816 1630 3052 1693 παίδων,
3102 1632 3165 1683 ἐν
3203 1633 3406 1703 καιρῷ
3449 1635 3683 1692 barbas:

2103 1712 2301 1782 χειρῶν
2335 1729 2427 1765 σου
2453 1714 2670 1783 τιμίων.
2694 1714 2823 1779 Ναὶ,
2855 1718 2967 1780 ναὶ,
2994 1719 3459 1790 δυσωπούμενος
3484 1724 3581 1774 ὑπὸ
3602 1723 3680 1773 τέν

2104 1803 2291 1868 ξένων,
2327 1804 2466 1867 ὃσιε,
2489 1806 2679 1875 μνείαν
2701 1808 2858 1861 ποιοῦ
2882 1810 2984 1878 τῆς
3010 1810 3215 1862 αὐτῶν
3248 1812 3574 1881 όρφανείας.
3596 1815 3679 1865 Ez‘.

2105 1892 2485 1963 ἐπιλαϐόμενοι
2517 1896 2627 1948 τῶν
2654 1898 2895 1965 γονάτων
2939 1901 3037 1953 τοῦ
3070 1902 3267 1964 ὁσίου,
3296 1905 3473 1957 πάλιν
3500 1905 3675 1971 ἔλεγεν

2103 1982 2417 2053 Μνήσθητι,
2448 1987 2653 2057 Πάτερ,
2681 1988 2788 2041 τῶν
2818 1989 2929 2042 σῶν
2961 1992 3261 2045 ταπεινῶν
3292 1996 3599 2063 προὸάτων,
3622 1989 3681 2047 ὧν

2104 2077 2484 2143 ὀλοκαύτωσας
2502 2082 2580 2152 τῷ
2606 2083 2649 2134 Χ
2657 2083 2846 2152 ριστῷ.
2871 2085 2995 2152 Μνη
3004 2085 3181 2151 μόνεν
3190 2103 3298 2139 σον
3317 2082 3494 2151 ξένων
3513 2087 3677 2153 mea

2104 2166 2141 2220 ἃ
2163 2169 2221 2220 ἐν
2241 2168 2319 2238 τῷ
2340 2170 2490 2240 καλῷ
2515 2174 2676 2243 κήπῳ
2699 2174 2793 2226 τοῦ
2823 2175 3171 2245 παραδείσου
3209 2178 3496 2245 φυτεῦσαι
3520 2181 3679 2232 ἐστε-δ-

2108 2277 2226 2323 σας.
2262 2263 2353 2333 Μὴ
2407 2264 2642 2337 ἐπιλάθῃ
2692 2266 2942 2337 ὀκνηρῶν
2987 2268 3284 2338 ἐργατῶν,
3326 2272 3430 2334 οὓς
3465 2274 3679 2342 περὶτήν

2106 2352 2395 2424 ἑνδεκάτην
2426 2356 2508 2418 είς
2534 2356 2627 2409 τὸν
2650 2357 2953 2426 ἀμπελῶνα
2981 2359 3063 2429 τῷ
3090 2362 3341 2431 Χριστῷ
3373 2364 3675 2433 ἐμίσθωςας.

2118 2439 2458 2510 Ἐθαύμαζεν
2490 2443 2546 2496 δέ
2576 2446 2671 2498 καὶ
2719 2446 3089 2516 ἐξεπλήττετο
3134 2450 3166 2501 ὁ
3217 2453 3465 2521 ποιμὴν,
3496 2453 3679 2519 θεωρῶν

2104 2529 2231 2590 τοὺς
2260 2530 2366 2601 πρὸ
2392 2531 2484 2585 δύο
2515 2535 2737 2604 ἡμερῶν
2761 2535 3001 2600 ἰδιώτας,
3034 2538 3221 2603 οὕτως
3248 2541 3523 2611 ἐξαίφνης
3552 2560 3677 2609 σοςιο

2108 2619 2333 2684 σθέντας
2359 2622 2448 2675 διὰ
2485 2626 2588 2694 τῆς
2619 2628 2908 2700 περιϐολῆς
2934 2630 3030 2684 τοῦ
3061 2631 3225 2685 θείου
3266 2636 3567 2703 σχήματος.
3608 2636 3678 2695 Ὡς

2105 2709 2378 2766 ἔκλαυσαν
2413 2711 2508 2769 οὖν
2541 2718 2845 2790 ἀμφότεροι
2896 2724 2989 2775 ἐπὶ
3036 2708 3246 2794 ἱκανὴν
3280 2725 3461 2795 ὥραν,
3522 2728 3677 2786 χὶένας

2105 2801 2235 2868 γόνυ
2266 2803 2294 2853 6
2318 2803 2463 2868 ὅσιος
2494 2806 2702 2871 Νίκων,
2748 2810 2843 2863 καὶ
2875 2813 3085 2881 στήσας
3113 2813 3357 2882 Συμεὼν
3407 2819 3473 2868 ἐκ
3496 2817 3673 2879 δεξιιΞ-ν.

2107 2894 2201 2946 καὶ
2224 2893 2482 2966 Ἰωάννην
2512 2899 2570 2965 ἐξ
2600 2900 2900 2969 εὐωνύμων
2927 2903 3135 2972 ἀνέστη
3157 2944 3171 2963 .
3209 2906 3314 2957 καὶ
3338 2908 3674 2967 ἑκτείναςτὰς

430 2966 700 3036 Symenne
763 2990 793 3027 a
822 2977 1026 3031 dextris
1066 2989 1122 3033 et
1152 2980 1365 3039 Joanne
1394 3003 1423 3041 a
1451 2989 1709 3057 sinistris,
1742 2998 1953 3051 surrexi

2149 2989 2298 3057 εἴρας
2325 2990 2404 3050 εἰς
2426 2989 2516 3041 τὴν
2539 2966 2795 3059 οὐρανὸν,
2821 2988 2996 3045 εἶπεν
3042 2993 3104 3046 Ὀ
3121 2966 3280 3058 ’Θεὸς
3318 2999 3348 3049 6
3371 2966 3577 3058 δίκαιος
3599 2999 3673 3047 21‘:

429 3066 485 3110 et
512 3061 784 3125 protensis
815 3063 867 3116 in
907 3067 1104 3122 calum
1154 3073 1426 3139 manibus,
1472 3078 1608 3133 dixit
1642 3100 1654 3133 :
1691 3081 1831 3138 Deus
1861 3087 2007 3153 juste

427 3153 483 3196 et
529 3143 836 3215 laudabilis,
880 3149 1026 3206 Deus
1071 3170 1264 3226 magne
1302 3169 1356 3214 et
1386 3162 1559 3227 fortis,
1613 3166 1773 3232 Deus,
1812 3143 1904 3238 qui
1947 3187 2007 3227 es

426 3245 555 3288 ante
583 3238 804 3303 smcula,
830 3243 1023 3296 exaudi
1054 3244 1229 3300 virum
1259 3261 1600 3318 peccatorem
1626 3256 1676 3309 in
1709 3259 1809 3314 hac
1836 3262 1966 3317 hora
1990 3281 2003 3316 :

427 3331 624 3385 exaudi
648 3348 758 3400 me,
786 3335 949 3400 Deus,
981 3341 1173 3394 exaudi
1198 3358 1285 3397 me
1320 3345 1372 3398 iu
1398 3345 1735 3405 fortitudine.
1768 3351 2008 3407 Estoim-

426 3409 658 3491 memor,
691 3435 934 3498 tempore
966 3430 1089 3497 hoc,
1115 3448 1222 3502 quo
1253 3450 1445 3504 preces
1474 3438 1661 3503 fundo,
1685 3445 2005 3510 praevarica-

428 3517 636 3571 tionum
668 3534 698 3571 a
724 3535 842 3574 mea
872 3521 1081 3577 vilitate
1136 3541 1308 3595 usque
1333 3535 1389 3581 et
1414 3544 1585 3599 usque
1619 3533 2001 3601 profectarum.

429 3606 639 3661 Exaudi
682 3626 793 3675 me,
821 3611 1068 3675 Domine,
1113 3617 1310 3671 exaudi
1351 3633 1438 3673 me
1479 3619 1533 3672 in
1577 3621 1700 3692 igne
1721 3626 2002 3690 orationis,

425 3697 567 3753 sicut
617 3700 745 3753 olim
798 3710 950 3756 tuum
1015 3707 1378 3774 prophetam;
1429 3720 1483 3764 et
1524 3712 1643 3781 ejus
1691 3715 2003 3773 interventu

425 3788 683 3843 combure
724 3805 872 3845 meas
902 3792 1241 3863 iniquitates,
1284 3807 1340 3853 et
1369 3811 1591 3869 peccata
1631 3819 1890 3876 expurga.
1926 3809 2006 3862 lta

426 3875 540 3939 ﬁat,
573 3893 605 3930 ο
637 3877 777 3935 Deus
802 3890 1113 3938 sanctarum
1151 3887 1451 3944 virtutum!
1487 3891 1559 3946 ita
1599 3893 1710 3956 fiat,
1746 3910 1778 3948 ο
1821 3875 2003 3952 rerum

425 3966 867 4038 incorporearum
899 3979 1152 4053 creatori
1192 3979 1267 4033 ita
1292 3980 1423 4037 ﬂat!
1456 3984 1547 4052 qui
1578 3985 1796 4040 dixisti:
1831 3990 2005 4046 Petite

427 4060 800 4129 etaccipietis.
827 4061 904 4119 Ne
943 4068 1261 4125 abominare
1289 4087 1396 4138 me,
1441 4074 1533 4142 qui
1565 4090 1684 4129 sum
1719 4076 1874 4132 labiis
1904 4081 2006 4149 im-

425 4149 599 4216 puris,
632 4154 764 4207 etin
820 4159 1059 4225 peccatis
1111 4160 1309 4216 haereo.
1357 4163 1563 4219 Exaudi
1612 4182 1721 4232 me,
1751 4171 1843 4237 qui
1876 4186 2004 4240 pro-

426 4239 625 4294 misisti
680 4251 732 4298 te
762 4248 1143 4304 exauditurum
1179 4267 1294 4316 eos,
1321 4256 1412 4323 qui
1447 4256 1705 4312 invocant
1730 4268 1782 4313 te
1811 4259 1865 4314 in
1915 4278 2007 4316 ve-

428 4327 625 4389 ritate:
669 4332 840 4404 dirige
886 4353 1104 4404 gressus
1151 4356 1435 4397 servorum
1462 4353 1705 4411 tuorum,
1746 4357 1801 4402 et
1839 4351 2003 4418 pedes
2037 4329 2079 4382 D

426 4428 614 4469 eorum
656 4420 712 4472 in
753 4425 893 4476 viam
930 4427 1100 4493 pacis.
1142 4427 1467 4499 Compatere
1498 4433 1752 4490 innocuis
1794 4440 1999 4506 pueris,

426 4502 481 4555 in
518 4514 748 4561 externa
773 4519 914 4565 terra
942 4514 1355 4585 exsistentibus,
1380 4521 1472 4588 qui
1512 4522 1695 4578 dixisti
1723 4541 1737 4576 :
1770 4502 2003 4584 d—Estote

428 4594 708 4664 simplices
739 4599 1162 4660 sicutcolumbaa
1196 4608 1260 4659 ’⁸.
1301 4627 1319 4659 ι
1354 4610 1595 4667 Clamavi
1621 4615 1687 4669 ad
1722 4624 1775 4670 te
1808 4617 1860 4671 in
1888 4627 2002 4675 toto

374 4673 385 4717 ι’
428 4686 592 4740 corde
637 4704 794 4756 meo;
828 4690 992 4759 Deus,
1025 4694 1188 4762 Deus,
1233 4702 1430 4756 exaudi
1466 4718 1574 4770 me,
1607 4720 1732 4775 spes
1757 4709 2000 4765 omnium

430 4776 617 4833 finium
658 4790 837 4849 terrae,
882 4794 939 4840 et
974 4802 1187 4857 eorum,
1217 4792 1309 4862 qui
1346 4803 1473 4849 sunt
1512 4799 1700 4866 procul
1752 4799 1807 4853 in
1856 4809 2000 4856 terra

427 4866 603 4924 aliena
625 4872 710 4926 ¹⁶⁹.

500 4960 585 5014 18.
629 4962 850 5035 Increpa
896 4970 1118 5039 spiritus
1168 4988 1361 5032 omnes
1421 4978 1731 5037 immundos
1773 5000 1803 5037 a
1860 4985 2002 5041 facie

430 5068 722 5120 puerorum
749 5066 964 5114 tuorum
1006 5078 1018 5114 :
1055 5065 1407 5132 apprehende
1430 5085 1580 5126 arma
1608 5083 1662 5128 et
1683 5084 1920 5142 scutum,
1949 5087 2004 5133 et

429 5160 658 5217 exsurge
691 5148 743 5201 iu
776 5152 1105 5221 adiutorium
1133 5170 1321 5213 eorum
1349 5176 1362 5211 :
1397 5163 1618 5219 effunde
1651 5158 1914 5222 frameam
1945 5179 2001 5225 et

432 5232 693 5287 conclude
718 5235 979 5294 adversus
1003 5255 1120 5305 eos,
1151 5243 1242 5312 qui
1273 5259 1676 5316 persequuntur
1702 5252 1855 5307 illos:
1888 5256 1997 5320 dic,

433 5331 467 5369 ο
510 5318 752 5388 Domine,
793 5327 990 5382 anima:
1024 5344 1211 5385 eorum
1239 5348 1253 5387 :
1288 5334 1444 5391 Salus
1466 5349 1558 5392 tua
1585 5336 1683 5410 ego
1716 5357 1858 5397 sum.
1894 5345 1999 5400 Re-

434 5406 589 5463 cedat
619 5425 647 5463 a
689 5423 870 5469 mente
908 5431 1097 5473 eorum
1128 5422 1351 5490 spiritus
1376 5426 1619 5504 timoris,
1659 5432 1877 5500 acediae,
1906 5451 2000 5491 su-

510 5581 551 5611 “
577 5583 769 5639 Matth.
806 5604 857 5654 κ,
900 5591 979 5645 16.
1060 5595 1121 5627 ¹θ⁶
1160 5598 1297 5651 Psal.
1336 5616 1477 5665 thv,
1512 5603 1563 5656 ti.

2108 3078 2340 3143 αίνετδς,
2372 3081 2401 3132 6
2429 3079 2562 3143 Θεὸς
2595 3082 2625 3133 6
2652 3081 2822 3150 μέγας
2854 3083 2949 3134 καὶ
2988 3083 3243 3152 ίσχυρδς,
3275 3088 3308 3137 6
3343 3086 3484 3150 Θεὸς
3514 3090 3541 3140 ὀ
3564 3104 3671 3153 ty,-

2108 3169 2364 3233 αιὼνιος,
2424 3171 2745 3224 εἰσάκουσον
2796 3173 3133 3242 ἁμαρτωλοῦ
3196 3176 3405 3246 ἀνδρὸς
3463 3181 3527 3247 τῇ
3580 3177 3673 3245 ius;

2107 3260 2304 3331 ταύτῃ.
2336 3260 2672 3316 Ἐπάκουσόν
2731 3279 2859 3331 μου,
2883 3265 2913 3315 ὁ
2944 3263 3099 3329 Θεὸς,
3133 3265 3459 3320 ἐπάκουσόν
3502 3287 3592 3337 μω
3629 3272 3671 3319 ἐν

2111 3352 2279 3421 ίσχύῖ.
2309 3352 2400 3424 Μὴ
2436 3353 2828 3423 μνημόνευσον,
2866 3356 2925 3407 ἐν
2956 3355 3134 3426 ταύτῃ
3168 3374 3281 3425 μου
3314 3362 3381 3429 τῇ
3408 3364 3670 3427 προτειγῗ.

2105 3443 2216 3495 τῶν
2247 3443 2334 3495 ἀεὶ
2368 3445 2462 3497 καὶ
2487 3447 2567 3505 εἰς
2596 3445 2684 3497 ἀεὶ
2720 3446 3018 3515 παρακοῶν
3061 3448 3165 3514 τῆς
3210 3449 3364 3517 ἐμῆς
3412 3450 3672 3513 Eia-19w

2108 3548 2265 3595 σεως.
2305 3533 2647 3587 Ἐπάκουσόν
2696 3551 2824 3605 μου,
2876 3535 3074 3602 Κύριε,
3140 3538 3466 3592 ὲπάχουσόν
3514 3544 3672 3609 μουὲν

2108 3624 2242 3691 πυρὶ
2271 3625 2602 3694 προσευχῆς,
2630 3624 2706 3688 ὥς
2734 3642 2867 3679 ποτε
2891 3627 2985 3679 τοῦ
3019 3625 3117 3679 σοῦ
3148 3631 3473 3698 προφήτου,
3504 3632 3587 3681 n‘:
3606 3630 3671 3679 ξπ

2104 3712 2214 3765 τῶν
2243 3714 2407 3766 αὑτοῦ
2443 3714 2771 3784 πρεσϐειῶν,
2802 3718 2901 3780 τὰς
2933 3720 3170 3785 ἀνομίας
3202 3738 3317 3788 μου
3344 3722 3669 3788 κατάφλεξον.

2106 3803 2201 3856 καὶ
2228 3806 2327 3868 τὰς
2382 3806 2655 3875 ἁμαρτίας
2706 3825 2806 3877 μου
2844 3809 3168 3880 καθάρισον.
3200 3811 3343 3875 Ναὶ,
3372 3815 3403 3865 ὁ
3430 3814 3556 3876 Θεὲς
3587 3814 3671 3863 τεν

2105 3895 2276 3963 ἁγίων
2297 3895 2576 3966 δυνάμεων
2594 3914 2607 3926 ·
2640 3900 2731 3952 ναὶ
2754 3901 2782 3951 6
2806 3899 2919 3952 τῶν
2949 3901 3273 3969 ἀσωμάτων
3302 3908 3559 3973 ποιητής·
3586 3908 3670 3960 ναὶ

2105 3986 2133 4037 6
2166 3984 2337 4039 εἰπών
2362 4002 2377 4016 ο
2409 3988 2642 4048 Αἰτεῖτε,
2673 3988 2766 4041 καὶ
2795 3987 3033 4057 λήψεσθε
3053 4006 3066 4019 ’
3105 3992 3182 4059 μή
3234 4009 3309 4060 με
3354 3993 3574 4061 βδεὶιξῃ
3603 3994 3673 4042 τὶν

2105 4075 2393 4146 ἀκάθαρτα
2425 4077 2576 4147 χείλη
2611 4078 3099 4148 περιϐεϐλημένον,
3138 4082 3237 4133 καὶ
3292 4085 3353 4133 ἐν
3403 4085 3670 4152 ἁμαρτίας

2109 4166 2486 4234 συνεχόμενον.
2552 4166 2897 4221 Ἐπάκουσόν
2955 4187 3091 4238 μου,
3146 4173 3177 4223 6
3222 4173 3674 4242 ἑπαγγεύάμενςς

2107 4258 2397 4311 ἐπακούειν
2457 4258 2563 4311 τῶν
2618 4260 2679 4311 ἐν
2708 4259 2939 4331 ἀληθείᾳ
2975 4262 3442 4333 ἐπικαλουμένων
3490 4282 3568 4327 σε,
3600 4268 3672 4315 ni

2108 4344 2435 4398 κατεύθυνον
2453 4347 2521 4399 τὰ
2550 4347 2869 4418 διαϐήματα
2900 4348 3008 4401 τῶν
3042 4348 3253 4402 δούλων
3290 4368 3417 4418 σου,
3448 4357 3541 4405 καὶ
3570 4354 3669 4413 τοὶς

2107 4435 2273 4499 πόδας
2300 4436 2481 4490 αὐτῶν
2510 4437 2591 4500 είς
2613 4437 2730 4490 ὁδὸν
2754 4439 3002 4510 εἰρήνης.
3052 4442 3431 4513 Συμπάθησον
3472 4445 3675 4503 ἀκάκας

2108 4528 2298 4579 παισὶν
2318 4527 2412 4579 ἐπὶ
2441 4525 2599 4599 ξένης
2618 4523 2793 4590 οὖσιν,
2835 4531 2864 4581 ὁ
2896 4529 3070 4583 είπών
3089 4546 3103 4560 ·
3141 4551 3161 4583 ι
3189 4532 3423 4586 Γίνεσθε
3454 4536 3669 4604 ἀκέραια

2106 4614 2179 4676 ὡς
2201 4616 2257 4667 αί
2297 4615 2647 4686 περιστεραί.
2686 4635 2704 4666 ι
2759 4616 3072 4688 Ἐκέκραξά
3123 4636 3208 4673 σοι
3240 4622 3306 4673 ἐν
3352 4623 3453 4693 ὅλῃ
3503 4622 3669 4691 2:965;

2111 4722 2233 4775 μου.
2282 4705 2340 4758 '0
2365 4705 2518 4768 Θεὸς,
2542 4708 2571 4759 6
2610 4705 2766 4771 Θεὸς,
2800 4707 3107 4762 ἐπάκουσόν
3145 4728 3274 4779 μου,
3305 4712 3340 4781 ἠ
3366 4713 3530 4775 ἐλπὶς
3554 4713 3669 4765 πάξ-

2098 4815 2205 4854 των
2230 4796 2338 4849 τῶν
2372 4796 2621 4868 περάτων
2659 4798 2762 4866 τῆς
2813 4798 2938 4868 γῆς,
2977 4800 3073 4853 καὶ
3104 4802 3213 4854 τῶν
3257 4803 3359 4855 ἐπὶ
3398 4804 3554 4872 ξένης
3582 4819 3667 4871 μα-

2099 4908 2132 4941 κ
2140 4888 2257 4959 ράν.

2171 4977 2261 5050 ιη’.
2299 4979 2657 5052 Ἐπιτίμησον
2681 4984 2852 5037 πᾶσιν
2880 4986 2994 5047 τοῖς
3014 4983 3356 5053 ἀκαθάρτοις
3386 4984 3667 5051 misum

2100 5069 2210 5123 ἀπὸ
2239 5070 2536 5142 προσώπου
2586 5073 2698 5127 τῶν
2749 5074 2965 5129 παίδων
3001 5091 3115 5127 σου.
3172 5073 3480 5127 Ἐπιλαεοῦ
3525 5074 3665 5127 ὃπὶεν

2107 5168 2199 5220 καὶ
2226 5167 2444 5236 θυρεοῦ,
2496 5169 2591 5221 καὶ
2616 5169 2883 5238 ἀνάστηθι
2921 5171 3005 5232 είς
3031 5167 3126 5237 τὴν
3175 5167 3442 5237 βοήθειαν
3492 5167 3661 5221 αὐτῶν.

2110 5262 2341 5331 Ἕκχεον
2377 5261 2653 5331 ῥομςραίαν
2699 5261 2797 5315 καὶ
2841 5260 3161 5330 σύγκλεισον
3221 5257 3538 5323 ἐξεναντίας
3580 5256 3663 5309 ait!

2108 5350 2553 5403 καταδιωκόντων
2578 5350 2795 5414 αὐτούς.
2840 5352 2995 5415 Εἰπὲ,
3027 5345 3069 5402 ὦ
3101 5349 3307 5418 Κύριε,
3340 5353 3411 5421 τῇ
3430 5351 3571 5420 ψυχῇ
3590 5349 3660 5400 :5-

2107 5440 2216 5493 τῶν
2237 5456 2249 5467 ·
2283 5440 2535 5511 Σωτηρία
2568 5440 2665 5495 σού
2694 5444 2809 5511 είμι
2849 5442 2977 5510 ἐγώ.
3023 5440 3553 5511 ’Υπαναχωρησάτω
3578 5441 3655 5493 ἀπὸ
