  <div class='ocr_page' id='page_1' title='image "/cluster/home/n/w/nwhite01/storage/ocr_20150623/93/pst.000005712991/982.png"; bbox 0 0 3736 6308; ppageno 0'>
   <div class='ocr_carea' id='block_1_1' title="bbox 122 4702 145 4822">
    <p class='ocr_par' dir='ltr' id='par_1_1' title="bbox 122 4702 145 4822">
     <span class='ocr_line' id='line_1_1' title="bbox 122 4702 145 4822; baseline 0 -7"><span class='ocrx_word' id='word_1_1' title='bbox 122 4702 145 4822; x_wconf 65' lang='grc' dir='ltr'>ἐ</span> 
     </span>
    </p>
   </div>
   <div class='ocr_carea' id='block_1_2' title="bbox 145 289 284 354">
    <p class='ocr_par' dir='ltr' id='par_1_2' title="bbox 145 289 284 354">
     <span class='ocr_line' id='line_1_2' title="bbox 145 289 284 354; baseline 0.036 -5"><span class='ocrx_word' id='word_1_2' title='bbox 145 289 284 354; x_wconf 80' lang='lat'><strong>1693</strong></span> 
     </span>
    </p>
   </div>
   <div class='ocr_carea' id='block_1_3' title="bbox 146 485 1704 564">
    <p class='ocr_par' dir='ltr' id='par_1_3' title="bbox 146 485 1704 564">
     <span class='ocr_line' id='line_1_3' title="bbox 146 485 1704 564; baseline 0.008 -27"><span class='ocrx_word' id='word_1_3' title='bbox 146 485 399 557; x_wconf 79' lang='grc' dir='ltr'>ηφανίας,</span> <span class='ocrx_word' id='word_1_4' title='bbox 429 485 524 538; x_wconf 76' lang='grc' dir='ltr'>καὶ</span> <span class='ocrx_word' id='word_1_5' title='bbox 543 487 721 555; x_wconf 81' lang='grc' dir='ltr'>πάσης</span> <span class='ocrx_word' id='word_1_6' title='bbox 756 487 977 549; x_wconf 82' lang='grc' dir='ltr'>κακίας,</span> <span class='ocrx_word' id='word_1_7' title='bbox 1011 489 1104 540; x_wconf 73' lang='grc' dir='ltr'><strong>καὶ</strong></span> <span class='ocrx_word' id='word_1_8' title='bbox 1142 492 1573 564; x_wconf 75' lang='grc' dir='ltr'>κατασϐεσθήτω</span> <span class='ocrx_word' id='word_1_9' title='bbox 1604 500 1704 549; x_wconf 85' lang='grc' dir='ltr'><strong>αὺ-</strong></span> 
     </span>
    </p>
   </div>
   <div class='ocr_carea' id='block_1_4' title="bbox 140 576 1706 655">
    <p class='ocr_par' dir='ltr' id='par_1_4' title="bbox 140 576 1706 655">
     <span class='ocr_line' id='line_1_4' title="bbox 140 576 1706 655; baseline 0.001 -26"><span class='ocrx_word' id='word_1_10' title='bbox 140 576 251 629; x_wconf 84' lang='grc' dir='ltr'><strong>τῶν</strong></span> <span class='ocrx_word' id='word_1_11' title='bbox 281 578 427 629; x_wconf 80' lang='grc' dir='ltr'>πᾶσα</span> <span class='ocrx_word' id='word_1_12' title='bbox 456 577 697 646; x_wconf 82' lang='grc' dir='ltr'><strong>πύρωσις</strong></span> <span class='ocrx_word' id='word_1_13' title='bbox 735 579 826 630; x_wconf 77' lang='grc' dir='ltr'>καὶ</span> <span class='ocrx_word' id='word_1_14' title='bbox 850 578 1062 646; x_wconf 84' lang='grc' dir='ltr'>κίνησις</span> <span class='ocrx_word' id='word_1_15' title='bbox 1101 581 1164 632; x_wconf 83' lang='grc' dir='ltr'>ὲκ</span> <span class='ocrx_word' id='word_1_16' title='bbox 1209 580 1520 653; x_wconf 80' lang='grc' dir='ltr'>διαϐολικῆς</span> <span class='ocrx_word' id='word_1_17' title='bbox 1551 589 1706 655; x_wconf 83' lang='grc' dir='ltr'>ὲνερ.</span> 
     </span>
    </p>
   </div>
   <div class='ocr_carea' id='block_1_5' title="bbox 142 668 1708 751">
    <p class='ocr_par' dir='ltr' id='par_1_5' title="bbox 142 668 1708 751">
     <span class='ocr_line' id='line_1_5' title="bbox 142 668 1708 751; baseline 0.008 -31"><span class='ocrx_word' id='word_1_18' title='bbox 142 669 298 736; x_wconf 88' lang='grc' dir='ltr'>γείας</span> <span class='ocrx_word' id='word_1_19' title='bbox 323 668 1061 751; x_wconf 51' lang='grc' dir='ltr'>συνισταμένη.,Φωτισθήτο)</span> <span class='ocrx_word' id='word_1_20' title='bbox 1094 672 1270 726; x_wconf 81' lang='grc' dir='ltr'>αὐτῶν</span> <span class='ocrx_word' id='word_1_21' title='bbox 1303 678 1363 728; x_wconf 86' lang='grc' dir='ltr'><strong>τὸ</strong></span> <span class='ocrx_word' id='word_1_22' title='bbox 1392 677 1568 747; x_wconf 82' lang='grc' dir='ltr'>σῶμα,</span> <span class='ocrx_word' id='word_1_23' title='bbox 1614 682 1708 732; x_wconf 72' lang='grc' dir='ltr'><strong>καὶ</strong></span> 
     </span>
    </p>
   </div>
   <div class='ocr_carea' id='block_1_6' title="bbox 141 755 1707 828">
    <p class='ocr_par' dir='ltr' id='par_1_6' title="bbox 141 755 1707 828">
     <span class='ocr_line' id='line_1_6' title="bbox 141 755 1707 828; baseline 0.006 -19"><span class='ocrx_word' id='word_1_24' title='bbox 141 755 310 827; x_wconf 75' lang='grc' dir='ltr'>ψυχὴ,</span> <span class='ocrx_word' id='word_1_25' title='bbox 342 757 437 810; x_wconf 72' lang='grc' dir='ltr'>καὶ</span> <span class='ocrx_word' id='word_1_26' title='bbox 465 757 527 809; x_wconf 88' lang='grc' dir='ltr'><strong>τὸ</strong></span> <span class='ocrx_word' id='word_1_27' title='bbox 556 757 774 828; x_wconf 82' lang='grc' dir='ltr'>πνεῦμα</span> <span class='ocrx_word' id='word_1_28' title='bbox 802 758 880 827; x_wconf 83' lang='grc' dir='ltr'>τῷ</span> <span class='ocrx_word' id='word_1_29' title='bbox 903 759 1039 825; x_wconf 77' lang='grc' dir='ltr'>φωτὶ</span> <span class='ocrx_word' id='word_1_30' title='bbox 1066 760 1164 828; x_wconf 83' lang='grc' dir='ltr'><strong>τῆς</strong></span> <span class='ocrx_word' id='word_1_31' title='bbox 1192 760 1443 826; x_wconf 80' lang='grc' dir='ltr'>γνώσεώς</span> <span class='ocrx_word' id='word_1_32' title='bbox 1472 781 1586 827; x_wconf 89' lang='grc' dir='ltr'>σου,</span> <span class='ocrx_word' id='word_1_33' title='bbox 1622 762 1707 818; x_wconf 82' lang='grc' dir='ltr'><strong>ἵνα</strong></span> 
     </span>
    </p>
   </div>
   <div class='ocr_carea' id='block_1_7' title="bbox 144 849 1709 923">
    <p class='ocr_par' dir='ltr' id='par_1_7' title="bbox 144 849 1709 923">
     <span class='ocr_line' id='line_1_7' title="bbox 144 849 1709 923; baseline 0.004 -22"><span class='ocrx_word' id='word_1_34' title='bbox 144 849 582 919; x_wconf 72' lang='grc' dir='ltr'><strong>καταντήσαντες</strong></span> <span class='ocrx_word' id='word_1_35' title='bbox 608 849 686 910; x_wconf 87' lang='grc' dir='ltr'><strong>είς</strong></span> <span class='ocrx_word' id='word_1_36' title='bbox 704 849 804 917; x_wconf 83' lang='grc' dir='ltr'>τὴν</span> <span class='ocrx_word' id='word_1_37' title='bbox 826 849 1052 917; x_wconf 76' lang='grc' dir='ltr'><strong>ἑνότητα</strong></span> <span class='ocrx_word' id='word_1_38' title='bbox 1086 850 1187 917; x_wconf 86' lang='grc' dir='ltr'><strong>τῆς</strong></span> <span class='ocrx_word' id='word_1_39' title='bbox 1216 850 1467 914; x_wconf 76' lang='grc' dir='ltr'>πίστεως,</span> <span class='ocrx_word' id='word_1_40' title='bbox 1499 855 1709 923; x_wconf 76' lang='grc' dir='ltr'>καὶτῆς</span> 
     </span>
    </p>
   </div>
   <div class='ocr_carea' id='block_1_8' title="bbox 144 938 1706 1011">
    <p class='ocr_par' dir='ltr' id='par_1_8' title="bbox 144 938 1706 1011">
     <span class='ocr_line' id='line_1_8' title="bbox 144 938 1706 1011; baseline 0.003 -19"><span class='ocrx_word' id='word_1_41' title='bbox 144 938 494 1006; x_wconf 67' lang='grc' dir='ltr'><strong>ἐπιγνώσεως</strong></span> <span class='ocrx_word' id='word_1_42' title='bbox 552 940 649 1008; x_wconf 77' lang='grc' dir='ltr'><strong>τῆς</strong></span> <span class='ocrx_word' id='word_1_43' title='bbox 678 938 839 1006; x_wconf 80' lang='grc' dir='ltr'>ἀγίας</span> <span class='ocrx_word' id='word_1_44' title='bbox 869 939 962 991; x_wconf 75' lang='grc' dir='ltr'>καὶ</span> <span class='ocrx_word' id='word_1_45' title='bbox 1022 942 1402 1010; x_wconf 80' lang='grc' dir='ltr'>προσκυνητῆς</span> <span class='ocrx_word' id='word_1_46' title='bbox 1461 945 1706 1011; x_wconf 83' lang='grc' dir='ltr'>Τριάδος,</span> 
     </span>
    </p>
   </div>
   <div class='ocr_carea' id='block_1_9' title="bbox 145 1028 1708 1099">
    <p class='ocr_par' dir='ltr' id='par_1_9' title="bbox 145 1028 1708 1099">
     <span class='ocr_line' id='line_1_9' title="bbox 145 1028 1708 1099; baseline 0.003 -17"><span class='ocrx_word' id='word_1_47' title='bbox 145 1031 228 1093; x_wconf 84' lang='grc' dir='ltr'><strong>είς</strong></span> <span class='ocrx_word' id='word_1_48' title='bbox 258 1030 425 1098; x_wconf 75' lang='grc' dir='ltr'>ἄνδρα</span> <span class='ocrx_word' id='word_1_49' title='bbox 450 1031 671 1091; x_wconf 79' lang='grc' dir='ltr'>τέλειον,</span> <span class='ocrx_word' id='word_1_50' title='bbox 712 1030 793 1091; x_wconf 71' lang='grc' dir='ltr'><strong>είς</strong></span> <span class='ocrx_word' id='word_1_51' title='bbox 828 1028 1024 1098; x_wconf 81' lang='grc' dir='ltr'><strong>μέτρον</strong></span> <span class='ocrx_word' id='word_1_52' title='bbox 1051 1028 1291 1099; x_wconf 87' lang='grc' dir='ltr'>ήλικίας,</span> <span class='ocrx_word' id='word_1_53' title='bbox 1326 1032 1620 1096; x_wconf 78' lang='grc' dir='ltr'>δοξάσωσίν</span> <span class='ocrx_word' id='word_1_54' title='bbox 1648 1052 1708 1086; x_wconf 88' lang='grc' dir='ltr'><strong>σε</strong></span> 
     </span>
    </p>
   </div>
   <div class='ocr_carea' id='block_1_10' title="bbox 146 1109 1706 1194">
    <p class='ocr_par' dir='ltr' id='par_1_10' title="bbox 146 1109 1706 1194">
     <span class='ocr_line' id='line_1_10' title="bbox 146 1109 1706 1194; baseline 0.003 -23"><span class='ocrx_word' id='word_1_55' title='bbox 146 1109 231 1182; x_wconf 74' lang='grc' dir='ltr'><strong>εἰς</strong></span> <span class='ocrx_word' id='word_1_56' title='bbox 263 1119 433 1172; x_wconf 86' lang='grc' dir='ltr'>αίῶνα</span> <span class='ocrx_word' id='word_1_57' title='bbox 459 1119 670 1182; x_wconf 75' lang='grc' dir='ltr'>αἰῶνος,</span> <span class='ocrx_word' id='word_1_58' title='bbox 692 1120 786 1171; x_wconf 79' lang='grc' dir='ltr'>καὶ</span> <span class='ocrx_word' id='word_1_59' title='bbox 815 1120 1251 1189; x_wconf 85' lang='grc' dir='ltr'>εὐαρεστήσωσίν</span> <span class='ocrx_word' id='word_1_60' title='bbox 1282 1138 1363 1173; x_wconf 90' lang='grc' dir='ltr'><strong>σοι</strong></span> <span class='ocrx_word' id='word_1_61' title='bbox 1388 1122 1466 1192; x_wconf 78' lang='grc' dir='ltr'><strong>τῷ</strong></span> <span class='ocrx_word' id='word_1_62' title='bbox 1498 1124 1706 1194; x_wconf 81' lang='grc' dir='ltr'><strong>Κυρίῳ,</strong></span> 
     </span>
    </p>
   </div>
   <div class='ocr_carea' id='block_1_11' title="bbox 147 1207 1710 1283">
    <p class='ocr_par' dir='ltr' id='par_1_11' title="bbox 147 1207 1710 1283">
     <span class='ocr_line' id='line_1_11' title="bbox 147 1207 1710 1283; baseline 0.001 -18"><span class='ocrx_word' id='word_1_63' title='bbox 147 1211 233 1265; x_wconf 76' lang='grc' dir='ltr'>ὅτι</span> <span class='ocrx_word' id='word_1_64' title='bbox 260 1210 535 1278; x_wconf 81' lang='grc' dir='ltr'>πάνδημον</span> <span class='ocrx_word' id='word_1_65' title='bbox 566 1209 625 1262; x_wconf 90' lang='grc' dir='ltr'><strong>τὸ</strong></span> <span class='ocrx_word' id='word_1_66' title='bbox 648 1209 1012 1279; x_wconf 79' lang='grc' dir='ltr'><strong>φυλακτήριον</strong></span> <span class='ocrx_word' id='word_1_67' title='bbox 1032 1207 1204 1278; x_wconf 81' lang='grc' dir='ltr'>όνομά</span> <span class='ocrx_word' id='word_1_68' title='bbox 1229 1227 1344 1267; x_wconf 89' lang='grc' dir='ltr'>σου.</span> <span class='ocrx_word' id='word_1_69' title='bbox 1376 1214 1468 1264; x_wconf 79' lang='grc' dir='ltr'><strong>τοῦ</strong></span> <span class='ocrx_word' id='word_1_70' title='bbox 1503 1214 1710 1283; x_wconf 78' lang='grc' dir='ltr'>Πατρὸς</span> 
     </span>
    </p>
   </div>
   <div class='ocr_carea' id='block_1_12' title="bbox 148 1298 1711 1373">
    <p class='ocr_par' dir='ltr' id='par_1_12' title="bbox 148 1298 1711 1373">
     <span class='ocr_line' id='line_1_12' title="bbox 148 1298 1711 1373; baseline 0.001 -19"><span class='ocrx_word' id='word_1_71' title='bbox 148 1302 248 1354; x_wconf 71' lang='grc' dir='ltr'>καὶ</span> <span class='ocrx_word' id='word_1_72' title='bbox 276 1300 368 1353; x_wconf 83' lang='grc' dir='ltr'>τοῦ</span> <span class='ocrx_word' id='word_1_73' title='bbox 400 1299 550 1362; x_wconf 84' lang='grc' dir='ltr'>Υίοῦ,</span> <span class='ocrx_word' id='word_1_74' title='bbox 590 1302 681 1352; x_wconf 73' lang='grc' dir='ltr'>καὶ</span> <span class='ocrx_word' id='word_1_75' title='bbox 715 1298 807 1352; x_wconf 76' lang='grc' dir='ltr'><strong>τοῦ</strong></span> <span class='ocrx_word' id='word_1_76' title='bbox 842 1300 999 1366; x_wconf 86' lang='grc' dir='ltr'>ἀγίου</span> <span class='ocrx_word' id='word_1_77' title='bbox 1029 1298 1362 1368; x_wconf 82' lang='grc' dir='ltr'>Πνεύματος.</span> <span class='ocrx_word' id='word_1_78' title='bbox 1395 1303 1586 1373; x_wconf 84' lang='grc' dir='ltr'>Ἀμήν.</span> <span class='ocrx_word' id='word_1_79' title='bbox 1613 1306 1711 1367; x_wconf 84' lang='grc' dir='ltr'>Δὸς</span> 
     </span>
    </p>
   </div>
   <div class='ocr_carea' id='block_1_13' title="bbox 148 1384 1712 1462">
    <p class='ocr_par' dir='ltr' id='par_1_13' title="bbox 148 1384 1712 1462">
     <span class='ocr_line' id='line_1_13' title="bbox 148 1384 1712 1462; baseline 0.001 -17"><span class='ocrx_word' id='word_1_80' title='bbox 148 1392 210 1453; x_wconf 72' lang='grc' dir='ltr'>δὲ</span> <span class='ocrx_word' id='word_1_81' title='bbox 236 1393 419 1455; x_wconf 83' lang='grc' dir='ltr'>αὐτοῖς</span> <span class='ocrx_word' id='word_1_82' title='bbox 451 1392 546 1445; x_wconf 77' lang='grc' dir='ltr'>σὺν</span> <span class='ocrx_word' id='word_1_83' title='bbox 574 1394 709 1445; x_wconf 71' lang='grc' dir='ltr'>πᾶσι</span> <span class='ocrx_word' id='word_1_84' title='bbox 732 1394 844 1453; x_wconf 79' lang='grc' dir='ltr'>τοῖς</span> <span class='ocrx_word' id='word_1_85' title='bbox 866 1390 1111 1458; x_wconf 82' lang='grc' dir='ltr'>ἀγαθοῖς,</span> <span class='ocrx_word' id='word_1_86' title='bbox 1145 1384 1189 1443; x_wconf 84' lang='grc' dir='ltr'>ὧ</span> <span class='ocrx_word' id='word_1_87' title='bbox 1223 1390 1418 1462; x_wconf 83' lang='grc' dir='ltr'>Κύριε,</span> <span class='ocrx_word' id='word_1_88' title='bbox 1460 1396 1554 1446; x_wconf 67' lang='grc' dir='ltr'>καὶ</span> <span class='ocrx_word' id='word_1_89' title='bbox 1587 1396 1712 1457; x_wconf 77' lang='grc' dir='ltr'>τοὺς</span> 
     </span>
    </p>
   </div>
   <div class='ocr_carea' id='block_1_14' title="bbox 149 1481 1711 1552">
    <p class='ocr_par' dir='ltr' id='par_1_14' title="bbox 149 1481 1711 1552">
     <span class='ocr_line' id='line_1_14' title="bbox 149 1481 1711 1552; baseline 0.002 -18"><span class='ocrx_word' id='word_1_90' title='bbox 149 1482 344 1547; x_wconf 85' lang='grc' dir='ltr'><strong>λόγους</strong></span> <span class='ocrx_word' id='word_1_91' title='bbox 389 1481 618 1550; x_wconf 43' lang='grc' dir='ltr'>ταύτης,</span> <span class='ocrx_word' id='word_1_92' title='bbox 642 1499 743 1551; x_wconf 89' lang='grc' dir='ltr'><strong>μου</strong></span> <span class='ocrx_word' id='word_1_93' title='bbox 795 1481 895 1550; x_wconf 91' lang='grc' dir='ltr'><strong>τῆς</strong></span> <span class='ocrx_word' id='word_1_94' title='bbox 932 1482 1156 1552; x_wconf 75' lang='grc' dir='ltr'>οἰκτρᾶς</span> <span class='ocrx_word' id='word_1_95' title='bbox 1210 1484 1307 1534; x_wconf 80' lang='grc' dir='ltr'>καὶ</span> <span class='ocrx_word' id='word_1_96' title='bbox 1355 1483 1581 1547; x_wconf 78' lang='grc' dir='ltr'>ἀναξίας</span> <span class='ocrx_word' id='word_1_97' title='bbox 1617 1502 1711 1537; x_wconf 89' lang='grc' dir='ltr'><strong>σου</strong></span> 
     </span>
    </p>
   </div>
   <div class='ocr_carea' id='block_1_15' title="bbox 155 1571 1713 1643">
    <p class='ocr_par' dir='ltr' id='par_1_15' title="bbox 155 1571 1713 1643">
     <span class='ocr_line' id='line_1_15' title="bbox 155 1571 1713 1643; baseline 0.003 -19"><span class='ocrx_word' id='word_1_98' title='bbox 155 1572 369 1635; x_wconf 76' lang='grc' dir='ltr'><strong>ἱκεσίας</strong></span> <span class='ocrx_word' id='word_1_99' title='bbox 399 1575 456 1626; x_wconf 82' lang='grc' dir='ltr'>ὲν</span> <span class='ocrx_word' id='word_1_100' title='bbox 485 1572 682 1642; x_wconf 81' lang='grc' dir='ltr'><strong>καρδίᾳ</strong></span> <span class='ocrx_word' id='word_1_101' title='bbox 702 1573 788 1625; x_wconf 85' lang='grc' dir='ltr'><strong>διὰ</strong></span> <span class='ocrx_word' id='word_1_102' title='bbox 810 1572 1009 1634; x_wconf 87' lang='grc' dir='ltr'>παντὸς</span> <span class='ocrx_word' id='word_1_103' title='bbox 1040 1571 1184 1641; x_wconf 78' lang='grc' dir='ltr'>ἔχειν</span> <span class='ocrx_word' id='word_1_104' title='bbox 1222 1574 1358 1643; x_wconf 87' lang='grc' dir='ltr'>πρὸς</span> <span class='ocrx_word' id='word_1_105' title='bbox 1407 1574 1713 1642; x_wconf 84' lang='grc' dir='ltr'>δοξολογίαν</span> 
     </span>
    </p>
   </div>
   <div class='ocr_carea' id='block_1_16' title="bbox 1428 300 2100 396">
    <p class='ocr_par' dir='ltr' id='par_1_16' title="bbox 1428 300 2100 396">
     <span class='ocr_line' id='line_1_16' title="bbox 1428 300 2100 396; baseline 0.013 -37"><span class='ocrx_word' id='word_1_106' title='bbox 1428 300 1605 396; x_wconf 74' lang='grc' dir='ltr'>νιΤΑ</span> <span class='ocrx_word' id='word_1_107' title='bbox 1623 302 1683 366; x_wconf 84' lang='lat' dir='ltr'><strong>s.</strong></span> <span class='ocrx_word' id='word_1_108' title='bbox 1711 304 2100 370; x_wconf 75' lang='lat' dir='ltr'><strong>SYMEONIS.</strong></span> 
     </span>
    </p>
   </div>
   <div class='ocr_carea' id='block_1_17' title="bbox 139 386 1704 493">
    <p class='ocr_par' dir='ltr' id='par_1_17' title="bbox 139 386 1700 477">
     <span class='ocr_line' id='line_1_17' title="bbox 139 386 1700 477; baseline 0.001 -30"><span class='ocrx_word' id='word_1_109' title='bbox 139 390 242 467; x_wconf 78' lang='grc' dir='ltr'><strong>τῆς</strong></span> <span class='ocrx_word' id='word_1_110' title='bbox 269 393 449 449; x_wconf 79' lang='grc' dir='ltr'>αὐτῶν</span> <span class='ocrx_word' id='word_1_111' title='bbox 471 391 729 461; x_wconf 79' lang='grc' dir='ltr'>διανοίας,</span> <span class='ocrx_word' id='word_1_112' title='bbox 752 393 967 466; x_wconf 71' lang='grc' dir='ltr'>πνεῦμα</span> <span class='ocrx_word' id='word_1_113' title='bbox 995 386 1215 463; x_wconf 78' lang='grc' dir='ltr'>δειλίας,</span> <span class='ocrx_word' id='word_1_114' title='bbox 1254 400 1502 472; x_wconf 78' lang='grc' dir='ltr'>ἀκηδίας,</span> <span class='ocrx_word' id='word_1_115' title='bbox 1536 392 1700 477; x_wconf 64' lang='grc' dir='ltr'>ὑπερ-</span> 
     </span>
    </p>
   </div>
   <div class='ocr_carea' id='block_1_18' title="bbox 1904 386 3362 493">
    <p class='ocr_par' dir='ltr' id='par_1_18' title="bbox 1904 414 3362 493">
     <span class='ocr_line' id='line_1_18' title="bbox 1904 414 3362 493; baseline 0.01 -27"><span class='ocrx_word' id='word_1_116' title='bbox 1904 414 2019 479; x_wconf 79' lang='lat' dir='ltr'><strong>biae,</strong></span> <span class='ocrx_word' id='word_1_117' title='bbox 2061 425 2117 470; x_wconf 94' lang='lat' dir='ltr'><strong>et</strong></span> <span class='ocrx_word' id='word_1_118' title='bbox 2161 418 2339 473; x_wconf 86' lang='lat' dir='ltr'><strong>omnis</strong></span> <span class='ocrx_word' id='word_1_119' title='bbox 2384 419 2620 486; x_wconf 59' lang='lat' dir='ltr'><strong>malitiae,</strong></span> <span class='ocrx_word' id='word_1_120' title='bbox 2657 430 2711 476; x_wconf 89' lang='lat' dir='ltr'><strong>et</strong></span> <span class='ocrx_word' id='word_1_121' title='bbox 2754 422 3130 493; x_wconf 83' lang='lat' dir='ltr'><strong>exstinguatur</strong></span> <span class='ocrx_word' id='word_1_122' title='bbox 3171 423 3224 479; x_wconf 89' lang='lat' dir='ltr'><strong>in</strong></span> <span class='ocrx_word' id='word_1_123' title='bbox 3260 426 3362 483; x_wconf 85' lang='lat' dir='ltr'><strong>illis</strong></span> 
     </span>
    </p>
   </div>
   <div class='ocr_carea' id='block_1_19' title="bbox 3237 323 3373 381">
    <p class='ocr_par' dir='ltr' id='par_1_19' title="bbox 3237 323 3373 381">
     <span class='ocr_line' id='line_1_19' title="bbox 3237 323 3373 381; baseline 0 -2"><span class='ocrx_word' id='word_1_124' title='bbox 3237 323 3373 381; x_wconf 71' lang='grc'><strong>1694</strong></span> 
     </span>
    </p>
   </div>
   <div class='ocr_carea' id='block_1_20' title="bbox 1805 503 3373 583">
    <p class='ocr_par' dir='ltr' id='par_1_20' title="bbox 1805 503 3373 583">
     <span class='ocr_line' id='line_1_20' title="bbox 1805 503 3373 583; baseline 0.01 -30"><span class='ocrx_word' id='word_1_125' title='bbox 1805 503 1984 557; x_wconf 90' lang='lat' dir='ltr'><strong>omnis</strong></span> <span class='ocrx_word' id='word_1_126' title='bbox 2006 503 2218 560; x_wconf 82' lang='lat' dir='ltr'><strong>ﬂamma</strong></span> <span class='ocrx_word' id='word_1_127' title='bbox 2249 517 2410 576; x_wconf 84' lang='lat' dir='ltr'><strong>atque</strong></span> <span class='ocrx_word' id='word_1_128' title='bbox 2449 511 2634 576; x_wconf 89' lang='lat' dir='ltr'><strong>motio,</strong></span> <span class='ocrx_word' id='word_1_129' title='bbox 2668 527 2787 580; x_wconf 70' lang='lat' dir='ltr'><strong>qua:</strong></span> <span class='ocrx_word' id='word_1_130' title='bbox 2826 512 3025 566; x_wconf 88' lang='lat' dir='ltr'><strong>diaboli</strong></span> <span class='ocrx_word' id='word_1_131' title='bbox 3053 517 3373 583; x_wconf 67' lang='lat' dir='ltr'><strong>operatione</strong></span> 
     </span>
    </p>
   </div>
   <div class='ocr_carea' id='block_1_21' title="bbox 1805 594 3374 674">
    <p class='ocr_par' dir='ltr' id='par_1_21' title="bbox 1805 594 3374 674">
     <span class='ocr_line' id='line_1_21' title="bbox 1805 594 3374 674; baseline 0.01 -29"><span class='ocrx_word' id='word_1_132' title='bbox 1805 595 2066 664; x_wconf 74' lang='lat' dir='ltr'><strong>exsurgit.</strong></span> <span class='ocrx_word' id='word_1_133' title='bbox 2098 594 2307 665; x_wconf 90' lang='lat' dir='ltr'><strong>Corpus</strong></span> <span class='ocrx_word' id='word_1_134' title='bbox 2337 613 2525 652; x_wconf 89' lang='lat' dir='ltr'><strong>eorum</strong></span> <span class='ocrx_word' id='word_1_135' title='bbox 2548 609 2602 653; x_wconf 91' lang='lat' dir='ltr'><strong>et</strong></span> <span class='ocrx_word' id='word_1_136' title='bbox 2628 602 2806 654; x_wconf 88' lang='lat' dir='ltr'><strong>anima</strong></span> <span class='ocrx_word' id='word_1_137' title='bbox 2836 613 2891 657; x_wconf 89' lang='lat' dir='ltr'><strong>et</strong></span> <span class='ocrx_word' id='word_1_138' title='bbox 2918 603 3159 672; x_wconf 73' lang='lat' dir='ltr'><strong>spiritus,</strong></span> <span class='ocrx_word' id='word_1_139' title='bbox 3191 607 3374 674; x_wconf 78' lang='lat' dir='ltr'><strong>cogni-</strong></span> 
     </span>
    </p>
   </div>
   <div class='ocr_carea' id='block_1_22' title="bbox 1808 681 3373 754">
    <p class='ocr_par' dir='ltr' id='par_1_22' title="bbox 1808 681 3373 754">
     <span class='ocr_line' id='line_1_22' title="bbox 1808 681 3373 754; baseline 0.011 -21"><span class='ocrx_word' id='word_1_140' title='bbox 1808 681 1971 736; x_wconf 90' lang='lat' dir='ltr'><strong>tionis</strong></span> <span class='ocrx_word' id='word_1_141' title='bbox 2026 693 2131 739; x_wconf 70' lang='lat' dir='ltr'><strong>tute</strong></span> <span class='ocrx_word' id='word_1_142' title='bbox 2176 686 2343 740; x_wconf 89' lang='lat' dir='ltr'><strong>radiis</strong></span> <span class='ocrx_word' id='word_1_143' title='bbox 2396 687 2755 751; x_wconf 87' lang='lat' dir='ltr'><strong>illustrentur,</strong></span> <span class='ocrx_word' id='word_1_144' title='bbox 2794 700 2866 754; x_wconf 51' lang='lat' dir='ltr'><strong>,ut</strong></span> <span class='ocrx_word' id='word_1_145' title='bbox 2915 705 3272 749; x_wconf 87' lang='lat' dir='ltr'><strong>occurrentes</strong></span> <span class='ocrx_word' id='word_1_146' title='bbox 3318 697 3373 750; x_wconf 92' lang='lat' dir='ltr'><strong>in</strong></span> 
     </span>
    </p>
   </div>
   <div class='ocr_carea' id='block_1_23' title="bbox 1807 769 3377 846">
    <p class='ocr_par' dir='ltr' id='par_1_23' title="bbox 1807 769 3377 846">
     <span class='ocr_line' id='line_1_23' title="bbox 1807 769 3377 846; baseline 0.013 -26"><span class='ocrx_word' id='word_1_147' title='bbox 1807 769 2071 824; x_wconf 87' lang='lat' dir='ltr'><strong>unitatem</strong></span> <span class='ocrx_word' id='word_1_148' title='bbox 2100 772 2247 837; x_wconf 91' lang='lat' dir='ltr'><strong>ﬁdei,</strong></span> <span class='ocrx_word' id='word_1_149' title='bbox 2297 784 2351 828; x_wconf 88' lang='lat' dir='ltr'><strong>et</strong></span> <span class='ocrx_word' id='word_1_150' title='bbox 2394 777 2723 846; x_wconf 79' lang='lat' dir='ltr'><strong>agnitionem</strong></span> <span class='ocrx_word' id='word_1_151' title='bbox 2756 790 2959 835; x_wconf 78' lang='lat' dir='ltr'><strong>sanctae</strong></span> <span class='ocrx_word' id='word_1_152' title='bbox 2991 793 3047 837; x_wconf 88' lang='lat' dir='ltr'><strong>et</strong></span> <span class='ocrx_word' id='word_1_153' title='bbox 3088 787 3377 840; x_wconf 68' lang='lat' dir='ltr'><strong>adoranda:</strong></span> 
     </span>
    </p>
   </div>
   <div class='ocr_carea' id='block_1_24' title="bbox 1807 857 3378 934">
    <p class='ocr_par' dir='ltr' id='par_1_24' title="bbox 1807 857 3378 934">
     <span class='ocr_line' id='line_1_24' title="bbox 1807 857 3378 934; baseline 0.013 -25"><span class='ocrx_word' id='word_1_154' title='bbox 1807 857 2107 928; x_wconf 86' lang='lat' dir='ltr'><strong>Trinitatis,</strong></span> <span class='ocrx_word' id='word_1_155' title='bbox 2139 862 2191 915; x_wconf 90' lang='lat' dir='ltr'><strong>in</strong></span> <span class='ocrx_word' id='word_1_156' title='bbox 2216 864 2390 920; x_wconf 85' lang='lat' dir='ltr'><strong>virum</strong></span> <span class='ocrx_word' id='word_1_157' title='bbox 2423 866 2745 934; x_wconf 81' lang='lat' dir='ltr'><strong>perfectum,</strong></span> <span class='ocrx_word' id='word_1_158' title='bbox 2765 870 2820 922; x_wconf 88' lang='lat' dir='ltr'><strong>in</strong></span> <span class='ocrx_word' id='word_1_159' title='bbox 2845 886 3156 929; x_wconf 88' lang='lat' dir='ltr'><strong>mensuram</strong></span> <span class='ocrx_word' id='word_1_160' title='bbox 3204 877 3378 929; x_wconf 74' lang='lat' dir='ltr'><strong>aetatis</strong></span> 
     </span>
    </p>
   </div>
   <div class='ocr_carea' id='block_1_25' title="bbox 1807 950 3376 1031">
    <p class='ocr_par' dir='ltr' id='par_1_25' title="bbox 1807 950 3376 1031">
     <span class='ocr_line' id='line_1_25' title="bbox 1807 950 3376 1031; baseline 0.015 -32"><span class='ocrx_word' id='word_1_161' title='bbox 1807 950 2109 1018; x_wconf 79' lang='lat' dir='ltr'><strong>gloriﬁcent</strong></span> <span class='ocrx_word' id='word_1_162' title='bbox 2141 962 2193 1008; x_wconf 91' lang='lat' dir='ltr'><strong>te</strong></span> <span class='ocrx_word' id='word_1_163' title='bbox 2221 956 2276 1008; x_wconf 86' lang='lat' dir='ltr'><strong>in</strong></span> <span class='ocrx_word' id='word_1_164' title='bbox 2299 958 2555 1011; x_wconf 61' lang='lat' dir='ltr'><strong>sarculum</strong></span> <span class='ocrx_word' id='word_1_165' title='bbox 2581 961 2784 1023; x_wconf 82' lang='lat' dir='ltr'><strong>saeculi,</strong></span> <span class='ocrx_word' id='word_1_166' title='bbox 2819 962 3130 1031; x_wconf 85' lang='lat' dir='ltr'><strong>placitoque</strong></span> <span class='ocrx_word' id='word_1_167' title='bbox 3171 982 3228 1020; x_wconf 86' lang='lat' dir='ltr'><strong>se</strong></span> <span class='ocrx_word' id='word_1_168' title='bbox 3262 976 3376 1029; x_wconf 91' lang='lat' dir='ltr'><strong>tuo,</strong></span> 
     </span>
    </p>
   </div>
   <div class='ocr_carea' id='block_1_26' title="bbox 1806 1040 3377 1121">
    <p class='ocr_par' dir='ltr' id='par_1_26' title="bbox 1806 1040 3377 1121">
     <span class='ocr_line' id='line_1_26' title="bbox 1806 1040 3377 1121; baseline 0.013 -30"><span class='ocrx_word' id='word_1_169' title='bbox 1806 1040 1897 1108; x_wconf 87' lang='lat' dir='ltr'><strong>qui</strong></span> <span class='ocrx_word' id='word_1_170' title='bbox 1929 1042 2185 1096; x_wconf 84' lang='lat' dir='ltr'><strong>Dominus</strong></span> <span class='ocrx_word' id='word_1_171' title='bbox 2225 1060 2303 1109; x_wconf 91' lang='lat' dir='ltr'><strong>es,</strong></span> <span class='ocrx_word' id='word_1_172' title='bbox 2340 1049 2877 1113; x_wconf 77' lang='lat' dir='ltr'><strong>conlorment.,Nam</strong></span> <span class='ocrx_word' id='word_1_173' title='bbox 2920 1055 3232 1121; x_wconf 69' lang='lat' dir='ltr'><strong>praesidium</strong></span> <span class='ocrx_word' id='word_1_174' title='bbox 3258 1074 3377 1111; x_wconf 82' lang='lat' dir='ltr'><strong>om-</strong></span> 
     </span>
    </p>
   </div>
   <div class='ocr_carea' id='block_1_27' title="bbox 1807 1130 3378 1201">
    <p class='ocr_par' dir='ltr' id='par_1_27' title="bbox 1807 1130 3378 1201">
     <span class='ocr_line' id='line_1_27' title="bbox 1807 1130 3378 1201; baseline 0.013 -20"><span class='ocrx_word' id='word_1_175' title='bbox 1807 1130 1959 1182; x_wconf 90' lang='lat' dir='ltr'><strong>nium</strong></span> <span class='ocrx_word' id='word_1_176' title='bbox 1990 1133 2314 1200; x_wconf 89' lang='lat' dir='ltr'><strong>populorum</strong></span> <span class='ocrx_word' id='word_1_177' title='bbox 2334 1144 2419 1188; x_wconf 90' lang='lat' dir='ltr'><strong>est</strong></span> <span class='ocrx_word' id='word_1_178' title='bbox 2448 1152 2647 1191; x_wconf 88' lang='lat' dir='ltr'><strong>nomen</strong></span> <span class='ocrx_word' id='word_1_179' title='bbox 2677 1148 2851 1201; x_wconf 90' lang='lat' dir='ltr'><strong>tuum,</strong></span> <span class='ocrx_word' id='word_1_180' title='bbox 2880 1140 3052 1196; x_wconf 87' lang='lat' dir='ltr'><strong>Patris</strong></span> <span class='ocrx_word' id='word_1_181' title='bbox 3083 1154 3137 1198; x_wconf 89' lang='lat' dir='ltr'><strong>et</strong></span> <span class='ocrx_word' id='word_1_182' title='bbox 3169 1145 3287 1199; x_wconf 82' lang='lat' dir='ltr'><strong>Filii</strong></span> <span class='ocrx_word' id='word_1_183' title='bbox 3323 1157 3378 1201; x_wconf 89' lang='lat' dir='ltr'><strong>et</strong></span> 
     </span>
    </p>
   </div>
   <div class='ocr_carea' id='block_1_28' title="bbox 1811 1215 3379 1297">
    <p class='ocr_par' dir='ltr' id='par_1_28' title="bbox 1811 1215 3379 1297">
     <span class='ocr_line' id='line_1_28' title="bbox 1811 1215 3379 1297; baseline 0.013 -29"><span class='ocrx_word' id='word_1_184' title='bbox 1811 1215 2045 1285; x_wconf 88' lang='lat' dir='ltr'><strong>Spiritus</strong></span> <span class='ocrx_word' id='word_1_185' title='bbox 2073 1224 2267 1276; x_wconf 86' lang='lat' dir='ltr'><strong>sancti.</strong></span> <span class='ocrx_word' id='word_1_186' title='bbox 2305 1226 2502 1278; x_wconf 87' lang='lat' dir='ltr'><strong>Amen.</strong></span> <span class='ocrx_word' id='word_1_187' title='bbox 2546 1225 2622 1279; x_wconf 86' lang='lat' dir='ltr'><strong>Da</strong></span> <span class='ocrx_word' id='word_1_188' title='bbox 2660 1227 2784 1287; x_wconf 87' lang='lat' dir='ltr'><strong>illis,</strong></span> <span class='ocrx_word' id='word_1_189' title='bbox 2824 1227 3071 1297; x_wconf 86' lang='lat' dir='ltr'><strong>Domine,</strong></span> <span class='ocrx_word' id='word_1_190' title='bbox 3104 1249 3228 1286; x_wconf 88' lang='lat' dir='ltr'><strong>cum</strong></span> <span class='ocrx_word' id='word_1_191' title='bbox 3257 1249 3379 1288; x_wconf 72' lang='lat' dir='ltr'><strong>om—</strong></span> 
     </span>
    </p>
   </div>
   <div class='ocr_carea' id='block_1_29' title="bbox 1809 1307 3382 1383">
    <p class='ocr_par' dir='ltr' id='par_1_29' title="bbox 1809 1307 3382 1383">
     <span class='ocr_line' id='line_1_29' title="bbox 1809 1307 3382 1383; baseline 0.012 -25"><span class='ocrx_word' id='word_1_192' title='bbox 1809 1307 1959 1360; x_wconf 91' lang='lat' dir='ltr'><strong>nium</strong></span> <span class='ocrx_word' id='word_1_193' title='bbox 2006 1309 2272 1364; x_wconf 91' lang='lat' dir='ltr'><strong>bonorum</strong></span> <span class='ocrx_word' id='word_1_194' title='bbox 2318 1314 2556 1378; x_wconf 85' lang='lat' dir='ltr'><strong>cumulo,</strong></span> <span class='ocrx_word' id='word_1_195' title='bbox 2601 1323 2660 1368; x_wconf 92' lang='lat' dir='ltr'><strong>ut</strong></span> <span class='ocrx_word' id='word_1_196' title='bbox 2698 1316 2858 1383; x_wconf 84' lang='lat' dir='ltr'><strong>hujus</strong></span> <span class='ocrx_word' id='word_1_197' title='bbox 2883 1333 3016 1371; x_wconf 69' lang='lat' dir='ltr'><strong>mea:</strong></span> <span class='ocrx_word' id='word_1_198' title='bbox 3055 1321 3382 1377; x_wconf 85' lang='lat' dir='ltr'><strong>miserabilis</strong></span> 
     </span>
    </p>
   </div>
   <div class='ocr_carea' id='block_1_30' title="bbox 1809 1396 3382 1467">
    <p class='ocr_par' dir='ltr' id='par_1_30' title="bbox 1809 1396 3382 1467">
     <span class='ocr_line' id='line_1_30' title="bbox 1809 1396 3382 1467; baseline 0.013 -19"><span class='ocrx_word' id='word_1_199' title='bbox 1809 1404 1864 1449; x_wconf 92' lang='lat' dir='ltr'><strong>et</strong></span> <span class='ocrx_word' id='word_1_200' title='bbox 1890 1396 2125 1467; x_wconf 74' lang='lat' dir='ltr'><strong>indignae</strong></span> <span class='ocrx_word' id='word_1_201' title='bbox 2169 1401 2437 1456; x_wconf 89' lang='lat' dir='ltr'><strong>orationis</strong></span> <span class='ocrx_word' id='word_1_202' title='bbox 2500 1420 2783 1459; x_wconf 85' lang='lat' dir='ltr'><strong>sermones</strong></span> <span class='ocrx_word' id='word_1_203' title='bbox 2829 1408 3043 1462; x_wconf 88' lang='lat' dir='ltr'><strong>assidue</strong></span> <span class='ocrx_word' id='word_1_204' title='bbox 3083 1412 3228 1464; x_wconf 92' lang='lat' dir='ltr'><strong>cordi</strong></span> <span class='ocrx_word' id='word_1_205' title='bbox 3283 1428 3382 1467; x_wconf 92' lang='lat' dir='ltr'><strong>suo</strong></span> 
     </span>
    </p>
   </div>
   <div class='ocr_carea' id='block_1_31' title="bbox 1810 1483 3379 1558">
    <p class='ocr_par' dir='ltr' id='par_1_31' title="bbox 1810 1483 3379 1558">
     <span class='ocr_line' id='line_1_31' title="bbox 1810 1483 3379 1558; baseline 0.012 -23"><span class='ocrx_word' id='word_1_206' title='bbox 1810 1483 2135 1554; x_wconf 89' lang='lat' dir='ltr'><strong>insculpant,</strong></span> <span class='ocrx_word' id='word_1_207' title='bbox 2181 1488 2249 1541; x_wconf 86' lang='lat' dir='ltr'><strong>ad</strong></span> <span class='ocrx_word' id='word_1_208' title='bbox 2306 1491 2529 1558; x_wconf 90' lang='lat' dir='ltr'><strong>gloriam</strong></span> <span class='ocrx_word' id='word_1_209' title='bbox 2584 1501 2639 1545; x_wconf 91' lang='lat' dir='ltr'><strong>et</strong></span> <span class='ocrx_word' id='word_1_210' title='bbox 2688 1494 2902 1547; x_wconf 89' lang='lat' dir='ltr'><strong>laudem</strong></span> <span class='ocrx_word' id='word_1_211' title='bbox 2953 1495 3209 1552; x_wconf 84' lang='lat' dir='ltr'><strong>bonitatis</strong></span> <span class='ocrx_word' id='word_1_212' title='bbox 3255 1509 3379 1555; x_wconf 65' lang='lat' dir='ltr'><strong>tuae.</strong></span> 
     </span>
    </p>
   </div>
   <div class='ocr_carea' id='block_1_32' title="bbox 1812 1572 3397 1652">
    <p class='ocr_par' dir='ltr' id='par_1_32' title="bbox 1812 1572 3397 1652">
     <span class='ocr_line' id='line_1_32' title="bbox 1812 1572 3397 1652; baseline 0.011 -26"><span class='ocrx_word' id='word_1_213' title='bbox 1812 1572 2012 1627; x_wconf 88' lang='lat' dir='ltr'><strong>lterum</strong></span> <span class='ocrx_word' id='word_1_214' title='bbox 2038 1575 2222 1631; x_wconf 86' lang='lat' dir='ltr'><strong>multis</strong></span> <span class='ocrx_word' id='word_1_215' title='bbox 2260 1592 2384 1633; x_wconf 92' lang='lat' dir='ltr'><strong>cum</strong></span> <span class='ocrx_word' id='word_1_216' title='bbox 2429 1580 2682 1650; x_wconf 89' lang='lat' dir='ltr'><strong>lacrymis</strong></span> <span class='ocrx_word' id='word_1_217' title='bbox 2726 1583 2790 1637; x_wconf 88' lang='lat' dir='ltr'><strong>ad</strong></span> <span class='ocrx_word' id='word_1_218' title='bbox 2823 1584 2969 1652; x_wconf 90' lang='lat' dir='ltr'><strong>ipsos</strong></span> <span class='ocrx_word' id='word_1_219' title='bbox 2999 1586 3175 1640; x_wconf 86' lang='lat' dir='ltr'><strong>dixit:</strong></span> <span class='ocrx_word' id='word_1_220' title='bbox 3220 1587 3397 1652; x_wconf 60' lang='lat' dir='ltr'><strong>Deus;</strong></span> 
     </span>
    </p>
   </div>
   <div class='ocr_carea' id='block_1_33' title="bbox 153 1660 1704 1744">
    <p class='ocr_par' dir='ltr' id='par_1_33' title="bbox 153 1660 1704 1743">
     <span class='ocr_line' id='line_1_33' title="bbox 153 1660 1704 1743; baseline 0.003 -30"><span class='ocrx_word' id='word_1_221' title='bbox 153 1662 252 1713; x_wconf 75' lang='lat' dir='ltr'><strong>xal.</strong></span> <span class='ocrx_word' id='word_1_222' title='bbox 283 1660 449 1730; x_wconf 76' lang='grc' dir='ltr'>ὕμνον</span> <span class='ocrx_word' id='word_1_223' title='bbox 482 1661 580 1730; x_wconf 92' lang='grc' dir='ltr'><strong>τῆς</strong></span> <span class='ocrx_word' id='word_1_224' title='bbox 603 1660 701 1728; x_wconf 84' lang='grc' dir='ltr'><strong>σῆς</strong></span> <span class='ocrx_word' id='word_1_225' title='bbox 729 1660 1113 1730; x_wconf 82' lang='grc' dir='ltr'><strong>χρηστότητος.</strong></span> <span class='ocrx_word' id='word_1_226' title='bbox 1145 1662 1311 1714; x_wconf 82' lang='grc' dir='ltr'>Πάλιν</span> <span class='ocrx_word' id='word_1_227' title='bbox 1343 1661 1398 1713; x_wconf 76' lang='grc' dir='ltr'>δὲ</span> <span class='ocrx_word' id='word_1_228' title='bbox 1443 1663 1578 1743; x_wconf 82' lang='grc' dir='ltr'>πρὸς</span> <span class='ocrx_word' id='word_1_229' title='bbox 1617 1664 1704 1717; x_wconf 85' lang='grc' dir='ltr'>αύ-</span> 
     </span>
    </p>
   </div>
   <div class='ocr_carea' id='block_1_34' title="bbox 1904 1660 3381 1744">
    <p class='ocr_par' dir='ltr' id='par_1_34' title="bbox 1904 1666 3381 1744">
     <span class='ocr_line' id='line_1_34' title="bbox 1904 1666 3381 1744; baseline 0.012 -28"><span class='ocrx_word' id='word_1_230' title='bbox 1904 1679 1973 1716; x_wconf 73' lang='lat' dir='ltr'><strong>:m</strong></span> <span class='ocrx_word' id='word_1_231' title='bbox 2004 1666 2264 1736; x_wconf 84' lang='lat' dir='ltr'><strong>elegistis.</strong></span> <span class='ocrx_word' id='word_1_232' title='bbox 2298 1668 2428 1722; x_wconf 88' lang='lat' dir='ltr'><strong>boni</strong></span> <span class='ocrx_word' id='word_1_233' title='bbox 2463 1670 2581 1731; x_wconf 76' lang='lat' dir='ltr'><strong>ﬁlii,</strong></span> <span class='ocrx_word' id='word_1_234' title='bbox 2633 1681 2689 1726; x_wconf 93' lang='lat' dir='ltr'><strong>et</strong></span> <span class='ocrx_word' id='word_1_235' title='bbox 2733 1674 2799 1726; x_wconf 86' lang='lat' dir='ltr'><strong>ad</strong></span> <span class='ocrx_word' id='word_1_236' title='bbox 2843 1690 3003 1742; x_wconf 92' lang='lat' dir='ltr'><strong>quem</strong></span> <span class='ocrx_word' id='word_1_237' title='bbox 3048 1680 3381 1744; x_wconf 87' lang='lat' dir='ltr'><strong>accurristis,</strong></span> 
     </span>
    </p>
   </div>
   <div class='ocr_carea' id='block_1_35' title="bbox 151 1750 1704 1829">
    <p class='ocr_par' dir='ltr' id='par_1_35' title="bbox 151 1750 1704 1822">
     <span class='ocr_line' id='line_1_35' title="bbox 151 1750 1704 1822; baseline 0.001 -17"><span class='ocrx_word' id='word_1_238' title='bbox 151 1753 282 1815; x_wconf 82' lang='grc' dir='ltr'>τοὺς</span> <span class='ocrx_word' id='word_1_239' title='bbox 323 1751 460 1822; x_wconf 86' lang='grc' dir='ltr'><strong>μετά</strong></span> <span class='ocrx_word' id='word_1_240' title='bbox 484 1750 691 1804; x_wconf 82' lang='grc' dir='ltr'>πολλῶν</span> <span class='ocrx_word' id='word_1_241' title='bbox 713 1751 960 1821; x_wconf 77' lang='grc' dir='ltr'>δακρύων</span> <span class='ocrx_word' id='word_1_242' title='bbox 998 1750 1204 1820; x_wconf 82' lang='grc' dir='ltr'>ἔλεγεν·</span> <span class='ocrx_word' id='word_1_243' title='bbox 1244 1751 1301 1804; x_wconf 86' lang='lat'><strong>&#39;0</strong></span> <span class='ocrx_word' id='word_1_244' title='bbox 1334 1753 1487 1816; x_wconf 76' lang='grc' dir='ltr'>Θεὸς,</span> <span class='ocrx_word' id='word_1_245' title='bbox 1513 1754 1570 1806; x_wconf 86' lang='grc' dir='ltr'>ὃν</span> <span class='ocrx_word' id='word_1_246' title='bbox 1623 1755 1704 1819; x_wconf 76' lang='grc' dir='ltr'><strong>ἐξ·</strong></span> 
     </span>
    </p>
   </div>
   <div class='ocr_carea' id='block_1_36' title="bbox 1904 1750 3386 1829">
    <p class='ocr_par' dir='ltr' id='par_1_36' title="bbox 1904 1754 3386 1829">
     <span class='ocr_line' id='line_1_36' title="bbox 1904 1754 3386 1829; baseline 0.011 -23"><span class='ocrx_word' id='word_1_247' title='bbox 1904 1768 1958 1807; x_wconf 79' lang='lat' dir='ltr'><strong>us</strong></span> <span class='ocrx_word' id='word_1_248' title='bbox 1990 1754 2106 1822; x_wconf 91' lang='lat' dir='ltr'><strong>ipse</strong></span> <span class='ocrx_word' id='word_1_249' title='bbox 2151 1757 2364 1811; x_wconf 84' lang='lat' dir='ltr'><strong>emittet</strong></span> <span class='ocrx_word' id='word_1_250' title='bbox 2409 1760 2663 1829; x_wconf 82' lang='lat' dir='ltr'><strong>angelum</strong></span> <span class='ocrx_word' id='word_1_251' title='bbox 2693 1777 2850 1815; x_wconf 90' lang='lat' dir='ltr'><strong>suum</strong></span> <span class='ocrx_word' id='word_1_252' title='bbox 2895 1772 3020 1818; x_wconf 86' lang='lat' dir='ltr'><strong>ante</strong></span> <span class='ocrx_word' id='word_1_253' title='bbox 3069 1766 3260 1821; x_wconf 86' lang='lat' dir='ltr'><strong>faciem</strong></span> <span class='ocrx_word' id='word_1_254' title='bbox 3288 1785 3386 1823; x_wconf 87' lang='lat' dir='ltr'><strong>ve-</strong></span> 
     </span>
    </p>
   </div>
   <div class='ocr_carea' id='block_1_37' title="bbox 153 1834 1720 1912">
    <p class='ocr_par' dir='ltr' id='par_1_37' title="bbox 153 1834 1720 1912">
     <span class='ocr_line' id='line_1_37' title="bbox 153 1834 1720 1912; baseline 0 -16"><span class='ocrx_word' id='word_1_255' title='bbox 153 1842 433 1906; x_wconf 77' lang='grc' dir='ltr'>ελέξασθε,</span> <span class='ocrx_word' id='word_1_256' title='bbox 484 1842 647 1895; x_wconf 85' lang='grc' dir='ltr'>τέκνα</span> <span class='ocrx_word' id='word_1_257' title='bbox 678 1840 836 1905; x_wconf 87' lang='grc' dir='ltr'>καλὰ,</span> <span class='ocrx_word' id='word_1_258' title='bbox 878 1840 973 1894; x_wconf 59' lang='grc' dir='ltr'><strong>καὶ⁵</strong></span> <span class='ocrx_word' id='word_1_259' title='bbox 1032 1834 1076 1908; x_wconf 86' lang='grc' dir='ltr'>ᾧ</span> <span class='ocrx_word' id='word_1_260' title='bbox 1107 1841 1500 1912; x_wconf 84' lang='grc' dir='ltr'>κατεδράμετε,</span> <span class='ocrx_word' id='word_1_261' title='bbox 1556 1845 1720 1907; x_wconf 82' lang='grc' dir='ltr'>αὐτὸς</span> 
     </span>
    </p>
   </div>
   <div class='ocr_carea' id='block_1_38' title="bbox 154 1930 1712 2004">
    <p class='ocr_par' dir='ltr' id='par_1_38' title="bbox 154 1930 1712 2004">
     <span class='ocr_line' id='line_1_38' title="bbox 154 1930 1712 2004; baseline -0.001 -16"><span class='ocrx_word' id='word_1_262' title='bbox 154 1934 505 2001; x_wconf 82' lang='grc' dir='ltr'>ὲξαποστελεῖ</span> <span class='ocrx_word' id='word_1_263' title='bbox 531 1932 620 1985; x_wconf 88' lang='grc' dir='ltr'><strong>τὸν</strong></span> <span class='ocrx_word' id='word_1_264' title='bbox 642 1931 869 1999; x_wconf 78' lang='grc' dir='ltr'>ἄγγελον</span> <span class='ocrx_word' id='word_1_265' title='bbox 889 1930 1048 1984; x_wconf 80' lang='grc' dir='ltr'>αὐτοῦ</span> <span class='ocrx_word' id='word_1_266' title='bbox 1082 1932 1188 2001; x_wconf 89' lang='grc' dir='ltr'><strong>πρὸ</strong></span> <span class='ocrx_word' id='word_1_267' title='bbox 1221 1931 1512 2001; x_wconf 79' lang='grc' dir='ltr'>προσώπου</span> <span class='ocrx_word' id='word_1_268' title='bbox 1538 1935 1712 2004; x_wconf 83' lang='grc' dir='ltr'>ὑμῶν,</span> 
     </span>
    </p>
   </div>
   <div class='ocr_carea' id='block_1_39' title="bbox 68 2015 1719 2093">
    <p class='ocr_par' dir='ltr' id='par_1_39' title="bbox 68 2015 1719 2093">
     <span class='ocr_line' id='line_1_39' title="bbox 68 2015 1719 2093; baseline 0.001 -16"><span class='ocrx_word' id='word_1_269' title='bbox 68 2086 77 2093; x_wconf 36' lang='grc'><em>1</em></span> <span class='ocrx_word' id='word_1_270' title='bbox 155 2029 254 2078; x_wconf 72' lang='grc' dir='ltr'>καὶ</span> <span class='ocrx_word' id='word_1_271' title='bbox 285 2023 681 2077; x_wconf 82' lang='grc' dir='ltr'>κατασκευάσει</span> <span class='ocrx_word' id='word_1_272' title='bbox 718 2021 816 2091; x_wconf 82' lang='grc' dir='ltr'><strong>τὴν</strong></span> <span class='ocrx_word' id='word_1_273' title='bbox 868 2022 986 2074; x_wconf 78' lang='grc' dir='ltr'>ὁδὸν</span> <span class='ocrx_word' id='word_1_274' title='bbox 1020 2020 1183 2074; x_wconf 78' lang='grc' dir='ltr'>αὑτοῦ</span> <span class='ocrx_word' id='word_1_275' title='bbox 1245 2015 1554 2093; x_wconf 77' lang='grc' dir='ltr'>ἔμπροσθεν</span> <span class='ocrx_word' id='word_1_276' title='bbox 1609 2024 1719 2078; x_wconf 83' lang='grc' dir='ltr'><strong>τῶν</strong></span> 
     </span>
    </p>
   </div>
   <div class='ocr_carea' id='block_1_40' title="bbox 156 2111 1716 2182">
    <p class='ocr_par' dir='ltr' id='par_1_40' title="bbox 156 2111 1716 2182">
     <span class='ocr_line' id='line_1_40' title="bbox 156 2111 1716 2182; baseline 0.002 -17"><span class='ocrx_word' id='word_1_277' title='bbox 156 2114 333 2167; x_wconf 80' lang='grc' dir='ltr'>ποδῶν</span> <span class='ocrx_word' id='word_1_278' title='bbox 361 2113 532 2182; x_wconf 83' lang='grc' dir='ltr'>ὑμῶν.</span> <span class='ocrx_word' id='word_1_279' title='bbox 577 2113 633 2165; x_wconf 90' lang='grc' dir='ltr'>Ὀ</span> <span class='ocrx_word' id='word_1_280' title='bbox 657 2111 905 2178; x_wconf 80' lang='grc' dir='ltr'>ἄγγελος,</span> <span class='ocrx_word' id='word_1_281' title='bbox 941 2111 1015 2174; x_wconf 82' lang='grc' dir='ltr'>ὣς</span> <span class='ocrx_word' id='word_1_282' title='bbox 1039 2128 1203 2180; x_wconf 82' lang='grc' dir='ltr'>φησιν</span> <span class='ocrx_word' id='word_1_283' title='bbox 1233 2114 1260 2164; x_wconf 84' lang='grc' dir='ltr'><strong>ό</strong></span> <span class='ocrx_word' id='word_1_284' title='bbox 1292 2112 1463 2180; x_wconf 82' lang='grc' dir='ltr'>μέγας</span> <span class='ocrx_word' id='word_1_285' title='bbox 1498 2113 1716 2180; x_wconf 70' lang='grc' dir='ltr'>Ἰακὼϐ,</span> 
     </span>
    </p>
   </div>
   <div class='ocr_carea' id='block_1_41' title="bbox 157 2200 1717 2274">
    <p class='ocr_par' dir='ltr' id='par_1_41' title="bbox 157 2200 1717 2274">
     <span class='ocr_line' id='line_1_41' title="bbox 157 2200 1717 2274; baseline -0.002 -16"><span class='ocrx_word' id='word_1_286' title='bbox 157 2207 185 2259; x_wconf 88' lang='lat'><strong>6</strong></span> <span class='ocrx_word' id='word_1_287' title='bbox 216 2202 473 2274; x_wconf 82' lang='grc' dir='ltr'>ρυόμενός</span> <span class='ocrx_word' id='word_1_288' title='bbox 506 2218 572 2270; x_wconf 89' lang='grc' dir='ltr'><strong>με</strong></span> <span class='ocrx_word' id='word_1_289' title='bbox 596 2201 703 2253; x_wconf 84' lang='grc' dir='ltr'><strong>ἀπὸ</strong></span> <span class='ocrx_word' id='word_1_290' title='bbox 739 2201 956 2253; x_wconf 78' lang='grc' dir='ltr'>πάντων</span> <span class='ocrx_word' id='word_1_291' title='bbox 989 2200 1098 2253; x_wconf 82' lang='grc' dir='ltr'><strong>τῶν</strong></span> <span class='ocrx_word' id='word_1_292' title='bbox 1134 2201 1390 2253; x_wconf 77' lang='grc' dir='ltr'>ἐναντίων</span> <span class='ocrx_word' id='word_1_293' title='bbox 1413 2203 1717 2272; x_wconf 79' lang='grc' dir='ltr'>δυνάμεων,</span> 
     </span>
    </p>
   </div>
   <div class='ocr_carea' id='block_1_42' title="bbox 158 2289 1721 2364">
    <p class='ocr_par' dir='ltr' id='par_1_42' title="bbox 158 2289 1721 2364">
     <span class='ocr_line' id='line_1_42' title="bbox 158 2289 1721 2364; baseline -0.001 -16"><span class='ocrx_word' id='word_1_294' title='bbox 158 2295 321 2357; x_wconf 64' lang='grc' dir='ltr'>αὑτὸς</span> <span class='ocrx_word' id='word_1_295' title='bbox 361 2291 760 2364; x_wconf 85' lang='grc' dir='ltr'>προπορεύεται</span> <span class='ocrx_word' id='word_1_296' title='bbox 803 2289 911 2343; x_wconf 85' lang='grc' dir='ltr'>τῶν</span> <span class='ocrx_word' id='word_1_297' title='bbox 935 2289 1138 2360; x_wconf 75' lang='grc' dir='ltr'>τρίϐων</span> <span class='ocrx_word' id='word_1_298' title='bbox 1173 2291 1347 2360; x_wconf 80' lang='grc' dir='ltr'>ὑμῶν.</span> <span class='ocrx_word' id='word_1_299' title='bbox 1391 2292 1448 2344; x_wconf 79' lang='grc' dir='ltr'><strong>Ὀ</strong></span> <span class='ocrx_word' id='word_1_300' title='bbox 1479 2295 1721 2363; x_wconf 78' lang='grc' dir='ltr'>ῥυσάμε-</span> 
     </span>
    </p>
   </div>
   <div class='ocr_carea' id='block_1_43' title="bbox 160 2380 1722 2451">
    <p class='ocr_par' dir='ltr' id='par_1_43' title="bbox 160 2380 1722 2451">
     <span class='ocr_line' id='line_1_43' title="bbox 160 2380 1722 2451; baseline 0.001 -15"><span class='ocrx_word' id='word_1_301' title='bbox 160 2401 250 2446; x_wconf 85' lang='grc' dir='ltr'><strong>νος</strong></span> <span class='ocrx_word' id='word_1_302' title='bbox 278 2386 367 2436; x_wconf 84' lang='grc' dir='ltr'><strong>τὸν</strong></span> <span class='ocrx_word' id='word_1_303' title='bbox 396 2381 587 2436; x_wconf 72' lang='grc' dir='ltr'>ἑαυτοῦ</span> <span class='ocrx_word' id='word_1_304' title='bbox 615 2381 896 2451; x_wconf 84' lang='grc' dir='ltr'>προφήτην</span> <span class='ocrx_word' id='word_1_305' title='bbox 922 2381 986 2433; x_wconf 80' lang='grc' dir='ltr'>ἐκ</span> <span class='ocrx_word' id='word_1_306' title='bbox 1035 2380 1296 2449; x_wconf 78' lang='grc' dir='ltr'>στόματος</span> <span class='ocrx_word' id='word_1_307' title='bbox 1341 2381 1588 2447; x_wconf 82' lang='grc' dir='ltr'><strong>λεόντων,</strong></span> <span class='ocrx_word' id='word_1_308' title='bbox 1624 2385 1722 2438; x_wconf 85' lang='grc' dir='ltr'><strong>αὐ-</strong></span> 
     </span>
    </p>
   </div>
   <div class='ocr_carea' id='block_1_44' title="bbox 159 2470 1719 2544">
    <p class='ocr_par' dir='ltr' id='par_1_44' title="bbox 159 2470 1719 2544">
     <span class='ocr_line' id='line_1_44' title="bbox 159 2470 1719 2544; baseline 0.001 -16"><span class='ocrx_word' id='word_1_309' title='bbox 159 2475 250 2535; x_wconf 79' lang='grc' dir='ltr'><strong>τὸς</strong></span> <span class='ocrx_word' id='word_1_310' title='bbox 277 2470 494 2544; x_wconf 74' lang='grc' dir='ltr'>ῥύσεται</span> <span class='ocrx_word' id='word_1_311' title='bbox 545 2472 637 2526; x_wconf 75' lang='grc' dir='ltr'>καὶ</span> <span class='ocrx_word' id='word_1_312' title='bbox 666 2473 808 2540; x_wconf 83' lang='grc' dir='ltr'>ὑμᾶς</span> <span class='ocrx_word' id='word_1_313' title='bbox 838 2470 945 2523; x_wconf 79' lang='grc' dir='ltr'><strong>ἀπὸ</strong></span> <span class='ocrx_word' id='word_1_314' title='bbox 973 2470 1080 2522; x_wconf 84' lang='grc' dir='ltr'><strong>τῶν</strong></span> <span class='ocrx_word' id='word_1_315' title='bbox 1130 2472 1332 2541; x_wconf 85' lang='grc' dir='ltr'>χειρῶν</span> <span class='ocrx_word' id='word_1_316' title='bbox 1365 2474 1458 2526; x_wconf 83' lang='grc' dir='ltr'>τοῦ</span> <span class='ocrx_word' id='word_1_317' title='bbox 1489 2474 1719 2539; x_wconf 83' lang='grc' dir='ltr'>λέοντος.</span> 
     </span>
    </p>
   </div>
   <div class='ocr_carea' id='block_1_45' title="bbox 170 2559 1721 2635">
    <p class='ocr_par' dir='ltr' id='par_1_45' title="bbox 170 2559 1721 2635">
     <span class='ocr_line' id='line_1_45' title="bbox 170 2559 1721 2635; baseline 0.001 -19"><span class='ocrx_word' id='word_1_318' title='bbox 170 2562 233 2616; x_wconf 86' lang='lat'><strong>&#39;0</strong></span> <span class='ocrx_word' id='word_1_319' title='bbox 262 2562 618 2630; x_wconf 76' lang='grc' dir='ltr'>ἐκλεξάμενος</span> <span class='ocrx_word' id='word_1_320' title='bbox 645 2561 787 2629; x_wconf 79' lang='grc' dir='ltr'>ὑμᾶς</span> <span class='ocrx_word' id='word_1_321' title='bbox 814 2559 966 2622; x_wconf 85' lang='grc' dir='ltr'>Θεὸς,</span> <span class='ocrx_word' id='word_1_322' title='bbox 995 2559 1152 2622; x_wconf 84' lang='grc' dir='ltr'>αὐτὸς</span> <span class='ocrx_word' id='word_1_323' title='bbox 1178 2561 1605 2633; x_wconf 84' lang='grc' dir='ltr'>ἀκαταίσχυντον</span> <span class='ocrx_word' id='word_1_324' title='bbox 1624 2565 1721 2635; x_wconf 82' lang='grc' dir='ltr'>τὴν</span> 
     </span>
    </p>
   </div>
   <div class='ocr_carea' id='block_1_46' title="bbox 160 2646 1721 2720">
    <p class='ocr_par' dir='ltr' id='par_1_46' title="bbox 160 2646 1721 2720">
     <span class='ocr_line' id='line_1_46' title="bbox 160 2646 1721 2720; baseline -0.001 -14"><span class='ocrx_word' id='word_1_325' title='bbox 160 2652 351 2705; x_wconf 78' lang='grc' dir='ltr'>θυσίαν</span> <span class='ocrx_word' id='word_1_326' title='bbox 377 2667 475 2720; x_wconf 89' lang='grc' dir='ltr'><strong>μου</strong></span> <span class='ocrx_word' id='word_1_327' title='bbox 497 2650 739 2718; x_wconf 77' lang='grc' dir='ltr'>φυλάξει.</span> <span class='ocrx_word' id='word_1_328' title='bbox 787 2648 874 2710; x_wconf 82' lang='grc' dir='ltr'>Ὠς</span> <span class='ocrx_word' id='word_1_329' title='bbox 903 2648 959 2700; x_wconf 84' lang='grc' dir='ltr'>δὲ</span> <span class='ocrx_word' id='word_1_330' title='bbox 981 2646 1154 2699; x_wconf 80' lang='grc' dir='ltr'>ταῦτα</span> <span class='ocrx_word' id='word_1_331' title='bbox 1182 2650 1273 2701; x_wconf 68' lang='grc' dir='ltr'>καὶ</span> <span class='ocrx_word' id='word_1_332' title='bbox 1303 2650 1484 2703; x_wconf 84' lang='grc' dir='ltr'>πλεῖον</span> <span class='ocrx_word' id='word_1_333' title='bbox 1518 2651 1721 2705; x_wconf 89' lang='grc' dir='ltr'>τούτων</span> 
     </span>
    </p>
   </div>
   <div class='ocr_carea' id='block_1_47' title="bbox 161 2737 1723 2809">
    <p class='ocr_par' dir='ltr' id='par_1_47' title="bbox 161 2737 1723 2809">
     <span class='ocr_line' id='line_1_47' title="bbox 161 2737 1723 2809; baseline -0.001 -14"><span class='ocrx_word' id='word_1_334' title='bbox 161 2744 350 2803; x_wconf 83' lang='grc' dir='ltr'>αὐτοῖς</span> <span class='ocrx_word' id='word_1_335' title='bbox 405 2740 697 2809; x_wconf 73' lang='grc' dir='ltr'>ἐπηύξατο,</span> <span class='ocrx_word' id='word_1_336' title='bbox 746 2739 840 2794; x_wconf 74' lang='grc' dir='ltr'>καὶ</span> <span class='ocrx_word' id='word_1_337' title='bbox 892 2737 1202 2809; x_wconf 83' lang='grc' dir='ltr'>συνεπλάκη</span> <span class='ocrx_word' id='word_1_338' title='bbox 1242 2741 1270 2790; x_wconf 97' lang='lat'><strong>6</strong></span> <span class='ocrx_word' id='word_1_339' title='bbox 1304 2738 1560 2808; x_wconf 86' lang='grc' dir='ltr'>θεοφόρος</span> <span class='ocrx_word' id='word_1_340' title='bbox 1610 2744 1723 2805; x_wconf 82' lang='grc' dir='ltr'>τοῖς</span> 
     </span>
    </p>
   </div>
   <div class='ocr_carea' id='block_1_48' title="bbox 162 2828 1729 2903">
    <p class='ocr_par' dir='ltr' id='par_1_48' title="bbox 162 2828 1729 2903">
     <span class='ocr_line' id='line_1_48' title="bbox 162 2828 1729 2903; baseline 0 -18"><span class='ocrx_word' id='word_1_341' title='bbox 162 2832 457 2903; x_wconf 77' lang='grc' dir='ltr'>τραχήλοις</span> <span class='ocrx_word' id='word_1_342' title='bbox 495 2831 672 2884; x_wconf 79' lang='grc' dir='ltr'>αὐτῶν</span> <span class='ocrx_word' id='word_1_343' title='bbox 702 2829 796 2882; x_wconf 77' lang='grc' dir='ltr'>καὶ</span> <span class='ocrx_word' id='word_1_344' title='bbox 827 2828 1043 2894; x_wconf 72' lang='grc' dir='ltr'>ἔλεγεν*</span> <span class='ocrx_word' id='word_1_345' title='bbox 1071 2828 1271 2891; x_wconf 85' lang='grc' dir='ltr'>Σῶσον,</span> <span class='ocrx_word' id='word_1_346' title='bbox 1307 2831 1335 2881; x_wconf 92' lang='lat'><strong>6</strong></span> <span class='ocrx_word' id='word_1_347' title='bbox 1375 2830 1527 2894; x_wconf 86' lang='grc' dir='ltr'>Θεὸς,</span> <span class='ocrx_word' id='word_1_348' title='bbox 1557 2833 1729 2885; x_wconf 83' lang='grc' dir='ltr'>σῶσον</span> 
     </span>
    </p>
   </div>
   <div class='ocr_carea' id='block_1_49' title="bbox 1819 1848 3381 1925">
    <p class='ocr_par' dir='ltr' id='par_1_49' title="bbox 1819 1848 3381 1925">
     <span class='ocr_line' id='line_1_49' title="bbox 1819 1848 3381 1925; baseline 0.011 -29"><span class='ocrx_word' id='word_1_349' title='bbox 1819 1851 2078 1909; x_wconf 89' lang='lat' dir='ltr'><strong>stram,et</strong></span> <span class='ocrx_word' id='word_1_350' title='bbox 2104 1848 2431 1915; x_wconf 75' lang='lat' dir='ltr'><strong>praeparabit</strong></span> <span class='ocrx_word' id='word_1_351' title='bbox 2455 1850 2594 1903; x_wconf 90' lang='lat' dir='ltr'><strong>viam</strong></span> <span class='ocrx_word' id='word_1_352' title='bbox 2627 1866 2778 1905; x_wconf 90' lang='lat' dir='ltr'><strong>suam</strong></span> <span class='ocrx_word' id='word_1_353' title='bbox 2806 1865 2932 1908; x_wconf 87' lang='lat' dir='ltr'><strong>ante</strong></span> <span class='ocrx_word' id='word_1_354' title='bbox 2962 1859 3128 1925; x_wconf 50' lang='lat' dir='ltr'><strong>pelles</strong></span> <span class='ocrx_word' id='word_1_355' title='bbox 3154 1866 3381 1913; x_wconf 88' lang='lat' dir='ltr'><strong>vestros.</strong></span> 
     </span>
    </p>
   </div>
   <div class='ocr_carea' id='block_1_50' title="bbox 1818 1935 3388 2011">
    <p class='ocr_par' dir='ltr' id='par_1_50' title="bbox 1818 1935 3388 2011">
     <span class='ocr_line' id='line_1_50' title="bbox 1818 1935 3388 2011; baseline 0.011 -25"><span class='ocrx_word' id='word_1_356' title='bbox 1818 1935 2077 2005; x_wconf 80' lang='lat' dir='ltr'><strong>Angelus,</strong></span> <span class='ocrx_word' id='word_1_357' title='bbox 2114 1938 2228 2006; x_wconf 92' lang='lat' dir='ltr'><strong>qui,</strong></span> <span class='ocrx_word' id='word_1_358' title='bbox 2254 1939 2397 1993; x_wconf 85' lang='lat' dir='ltr'><strong>sicut</strong></span> <span class='ocrx_word' id='word_1_359' title='bbox 2429 1941 2565 1995; x_wconf 89' lang='lat' dir='ltr'><strong>dicit</strong></span> <span class='ocrx_word' id='word_1_360' title='bbox 2591 1958 2820 2011; x_wconf 84' lang='lat' dir='ltr'><strong>magnus</strong></span> <span class='ocrx_word' id='word_1_361' title='bbox 2845 1945 3031 2009; x_wconf 88' lang='lat' dir='ltr'><strong>Jacob,</strong></span> <span class='ocrx_word' id='word_1_362' title='bbox 3071 1949 3262 2003; x_wconf 87' lang='lat' dir='ltr'><strong>liberat</strong></span> <span class='ocrx_word' id='word_1_363' title='bbox 3300 1965 3388 2003; x_wconf 90' lang='lat' dir='ltr'><strong>me</strong></span> 
     </span>
    </p>
   </div>
   <div class='ocr_carea' id='block_1_51' title="bbox 1821 2025 3391 2106">
    <p class='ocr_par' dir='ltr' id='par_1_51' title="bbox 1821 2025 3391 2106">
     <span class='ocr_line' id='line_1_51' title="bbox 1821 2025 3391 2106; baseline 0.011 -29"><span class='ocrx_word' id='word_1_364' title='bbox 1821 2025 1891 2077; x_wconf 90' lang='lat' dir='ltr'><strong>ab</strong></span> <span class='ocrx_word' id='word_1_365' title='bbox 1924 2027 2179 2081; x_wconf 90' lang='lat' dir='ltr'><strong>omnibus</strong></span> <span class='ocrx_word' id='word_1_366' title='bbox 2225 2030 2511 2085; x_wconf 84' lang='lat' dir='ltr'><strong>contrariis</strong></span> <span class='ocrx_word' id='word_1_367' title='bbox 2551 2034 2929 2100; x_wconf 87' lang='lat' dir='ltr'><strong>potestatibus,</strong></span> <span class='ocrx_word' id='word_1_368' title='bbox 2984 2036 3075 2090; x_wconf 90' lang='lat' dir='ltr'><strong>ille</strong></span> <span class='ocrx_word' id='word_1_369' title='bbox 3120 2040 3391 2106; x_wconf 74' lang='lat' dir='ltr'><strong>praecedet</strong></span> 
     </span>
    </p>
   </div>
   <div class='ocr_carea' id='block_1_52' title="bbox 1820 2116 3390 2189">
    <p class='ocr_par' dir='ltr' id='par_1_52' title="bbox 1820 2116 3390 2189">
     <span class='ocr_line' id='line_1_52' title="bbox 1820 2116 3390 2189; baseline 0.007 -23"><span class='ocrx_word' id='word_1_370' title='bbox 1820 2125 1946 2169; x_wconf 87' lang='lat' dir='ltr'><strong>ante</strong></span> <span class='ocrx_word' id='word_1_371' title='bbox 1987 2116 2104 2170; x_wconf 83' lang='lat' dir='ltr'><strong>vias</strong></span> <span class='ocrx_word' id='word_1_372' title='bbox 2143 2126 2369 2172; x_wconf 85' lang='lat' dir='ltr'><strong>vestras.</strong></span> <span class='ocrx_word' id='word_1_373' title='bbox 2414 2118 2516 2183; x_wconf 84' lang='lat' dir='ltr'><strong>Qui</strong></span> <span class='ocrx_word' id='word_1_374' title='bbox 2564 2121 2887 2189; x_wconf 85' lang='lat' dir='ltr'><strong>prophetam</strong></span> <span class='ocrx_word' id='word_1_375' title='bbox 2935 2138 3092 2177; x_wconf 91' lang='lat' dir='ltr'><strong>suum</strong></span> <span class='ocrx_word' id='word_1_376' title='bbox 3137 2125 3390 2178; x_wconf 88' lang='lat' dir='ltr'><strong>liberavit</strong></span> 
     </span>
    </p>
   </div>
   <div class='ocr_carea' id='block_1_53' title="bbox 1820 2205 3390 2280">
    <p class='ocr_par' dir='ltr' id='par_1_53' title="bbox 1820 2205 3390 2280">
     <span class='ocr_line' id='line_1_53' title="bbox 1820 2205 3390 2280; baseline 0.008 -23"><span class='ocrx_word' id='word_1_377' title='bbox 1820 2205 1889 2258; x_wconf 89' lang='lat' dir='ltr'><strong>ab</strong></span> <span class='ocrx_word' id='word_1_378' title='bbox 1912 2220 2006 2258; x_wconf 91' lang='lat' dir='ltr'><strong>ore</strong></span> <span class='ocrx_word' id='word_1_379' title='bbox 2026 2205 2265 2271; x_wconf 83' lang='lat' dir='ltr'><strong>leonum,</strong></span> <span class='ocrx_word' id='word_1_380' title='bbox 2300 2208 2389 2261; x_wconf 88' lang='lat' dir='ltr'><strong>ille</strong></span> <span class='ocrx_word' id='word_1_381' title='bbox 2419 2225 2515 2264; x_wconf 80' lang='lat' dir='ltr'><strong>vos</strong></span> <span class='ocrx_word' id='word_1_382' title='bbox 2537 2226 2751 2280; x_wconf 85' lang='lat' dir='ltr'><strong>quoque</strong></span> <span class='ocrx_word' id='word_1_383' title='bbox 2790 2214 3043 2268; x_wconf 86' lang='lat' dir='ltr'><strong>liberabit</strong></span> <span class='ocrx_word' id='word_1_384' title='bbox 3077 2230 3106 2268; x_wconf 91' lang='lat' dir='ltr'><strong>a</strong></span> <span class='ocrx_word' id='word_1_385' title='bbox 3138 2215 3390 2270; x_wconf 90' lang='lat' dir='ltr'><strong>manibus</strong></span> 
     </span>
    </p>
   </div>
   <div class='ocr_carea' id='block_1_54' title="bbox 1820 2292 3387 2367">
    <p class='ocr_par' dir='ltr' id='par_1_54' title="bbox 1820 2292 3387 2367">
     <span class='ocr_line' id='line_1_54' title="bbox 1820 2292 3387 2367; baseline 0.007 -22"><span class='ocrx_word' id='word_1_386' title='bbox 1820 2292 2012 2346; x_wconf 87' lang='lat' dir='ltr'><strong>leonis.</strong></span> <span class='ocrx_word' id='word_1_387' title='bbox 2042 2292 2146 2358; x_wconf 84' lang='lat' dir='ltr'><strong>Qui</strong></span> <span class='ocrx_word' id='word_1_388' title='bbox 2177 2296 2338 2367; x_wconf 80' lang='lat' dir='ltr'><strong>elegit</strong></span> <span class='ocrx_word' id='word_1_389' title='bbox 2368 2313 2464 2351; x_wconf 94' lang='lat' dir='ltr'><strong>vos</strong></span> <span class='ocrx_word' id='word_1_390' title='bbox 2495 2299 2658 2361; x_wconf 84' lang='lat' dir='ltr'><strong>Deus,</strong></span> <span class='ocrx_word' id='word_1_391' title='bbox 2710 2301 2800 2355; x_wconf 91' lang='lat' dir='ltr'><strong>ille</strong></span> <span class='ocrx_word' id='word_1_392' title='bbox 2850 2302 3170 2356; x_wconf 89' lang='lat' dir='ltr'><strong>sacriﬁcium</strong></span> <span class='ocrx_word' id='word_1_393' title='bbox 3203 2318 3387 2357; x_wconf 85' lang='lat' dir='ltr'><strong>meum</strong></span> 
     </span>
    </p>
   </div>
   <div class='ocr_carea' id='block_1_55' title="bbox 1821 2384 3395 2461">
    <p class='ocr_par' dir='ltr' id='par_1_55' title="bbox 1821 2384 3395 2461">
     <span class='ocr_line' id='line_1_55' title="bbox 1821 2384 3395 2461; baseline 0.004 -24"><span class='ocrx_word' id='word_1_394' title='bbox 1821 2384 1890 2438; x_wconf 83' lang='lat' dir='ltr'><strong>ab</strong></span> <span class='ocrx_word' id='word_1_395' title='bbox 1918 2385 2207 2454; x_wconf 82' lang='lat' dir='ltr'><strong>ignominia</strong></span> <span class='ocrx_word' id='word_1_396' title='bbox 2237 2389 2555 2443; x_wconf 82' lang='lat' dir='ltr'><strong>vindicabit.</strong></span> <span class='ocrx_word' id='word_1_397' title='bbox 2599 2390 2722 2444; x_wconf 49' lang='lat' dir='ltr'><strong>Ha’c</strong></span> <span class='ocrx_word' id='word_1_398' title='bbox 2759 2400 2811 2445; x_wconf 91' lang='lat' dir='ltr'><strong>et</strong></span> <span class='ocrx_word' id='word_1_399' title='bbox 2847 2393 3000 2461; x_wconf 89' lang='lat' dir='ltr'><strong>plura</strong></span> <span class='ocrx_word' id='word_1_400' title='bbox 3032 2402 3306 2461; x_wconf 82' lang='lat' dir='ltr'><strong>precatus,</strong></span> <span class='ocrx_word' id='word_1_401' title='bbox 3337 2401 3395 2445; x_wconf 88' lang='lat' dir='ltr'><strong>et</strong></span> 
     </span>
    </p>
   </div>
   <div class='ocr_carea' id='block_1_56' title="bbox 1822 2475 3392 2545">
    <p class='ocr_par' dir='ltr' id='par_1_56' title="bbox 1822 2475 3392 2545">
     <span class='ocr_line' id='line_1_56' title="bbox 1822 2475 3392 2545; baseline 0.005 -17"><span class='ocrx_word' id='word_1_402' title='bbox 1822 2475 1958 2530; x_wconf 91' lang='lat' dir='ltr'><strong>colla</strong></span> <span class='ocrx_word' id='word_1_403' title='bbox 1999 2491 2186 2530; x_wconf 90' lang='lat' dir='ltr'><strong>eorum</strong></span> <span class='ocrx_word' id='word_1_404' title='bbox 2243 2480 2462 2534; x_wconf 79' lang='lat' dir='ltr'><strong>strinxit</strong></span> <span class='ocrx_word' id='word_1_405' title='bbox 2514 2482 2597 2535; x_wconf 82' lang='lat' dir='ltr'><strong>vir</strong></span> <span class='ocrx_word' id='word_1_406' title='bbox 2629 2482 2822 2544; x_wconf 87' lang='lat' dir='ltr'><strong>deit‘er,</strong></span> <span class='ocrx_word' id='word_1_407' title='bbox 2869 2492 2924 2537; x_wconf 90' lang='lat' dir='ltr'><strong>et</strong></span> <span class='ocrx_word' id='word_1_408' title='bbox 2974 2484 3159 2537; x_wconf 83' lang='lat' dir='ltr'><strong>dixit:</strong></span> <span class='ocrx_word' id='word_1_409' title='bbox 3201 2483 3392 2545; x_wconf 81' lang='lat' dir='ltr'><strong>Serva,</strong></span> 
     </span>
    </p>
   </div>
   <div class='ocr_carea' id='block_1_57' title="bbox 1828 2563 3473 2644">
    <p class='ocr_par' dir='ltr' id='par_1_57' title="bbox 1828 2563 3473 2644">
     <span class='ocr_line' id='line_1_57' title="bbox 1828 2563 3473 2644; baseline 0.004 -26"><span class='ocrx_word' id='word_1_410' title='bbox 1828 2563 1992 2628; x_wconf 88' lang='lat' dir='ltr'><strong>Deus,</strong></span> <span class='ocrx_word' id='word_1_411' title='bbox 2033 2582 2189 2622; x_wconf 84' lang='lat' dir='ltr'><strong>serva</strong></span> <span class='ocrx_word' id='word_1_412' title='bbox 2234 2583 2347 2630; x_wconf 90' lang='lat' dir='ltr'><strong>eos,</strong></span> <span class='ocrx_word' id='word_1_413' title='bbox 2387 2571 2478 2639; x_wconf 92' lang='lat' dir='ltr'><strong>qui</strong></span> <span class='ocrx_word' id='word_1_414' title='bbox 2539 2582 2651 2626; x_wconf 90' lang='lat' dir='ltr'><strong>toto</strong></span> <span class='ocrx_word' id='word_1_415' title='bbox 2702 2575 2867 2628; x_wconf 90' lang='lat' dir='ltr'><strong>corde</strong></span> <span class='ocrx_word' id='word_1_416' title='bbox 2915 2574 3148 2644; x_wconf 85' lang='lat' dir='ltr'><strong>diligunt</strong></span> <span class='ocrx_word' id='word_1_417' title='bbox 3191 2588 3392 2627; x_wconf 88' lang='lat' dir='ltr'><strong>nomen</strong></span> <span class='ocrx_word' id='word_1_418' title='bbox 3470 2618 3473 2625; x_wconf 15' lang='grc' dir='ltr'><strong>γ</strong></span> 
     </span>
    </p>
   </div>
   <div class='ocr_carea' id='block_1_58' title="bbox 1827 2659 3388 2731">
    <p class='ocr_par' dir='ltr' id='par_1_58' title="bbox 1827 2659 3388 2731">
     <span class='ocr_line' id='line_1_58' title="bbox 1827 2659 3388 2731; baseline 0.005 -23"><span class='ocrx_word' id='word_1_419' title='bbox 1827 2664 2000 2714; x_wconf 87' lang='lat' dir='ltr'><strong>tuum.</strong></span> <span class='ocrx_word' id='word_1_420' title='bbox 2019 2671 2194 2725; x_wconf 88' lang='lat' dir='ltr'><strong>neque</strong></span> <span class='ocrx_word' id='word_1_421' title='bbox 2230 2659 2375 2712; x_wconf 89' lang='lat' dir='ltr'><strong>enim</strong></span> <span class='ocrx_word' id='word_1_422' title='bbox 2409 2661 2629 2729; x_wconf 91' lang='lat' dir='ltr'><strong>iniquus</strong></span> <span class='ocrx_word' id='word_1_423' title='bbox 2658 2676 2739 2726; x_wconf 85' lang='lat' dir='ltr'><strong>es,</strong></span> <span class='ocrx_word' id='word_1_424' title='bbox 2767 2661 3012 2725; x_wconf 89' lang='lat' dir='ltr'><strong>Domine,</strong></span> <span class='ocrx_word' id='word_1_425' title='bbox 3041 2671 3099 2715; x_wconf 87' lang='lat' dir='ltr'><strong>ut</strong></span> <span class='ocrx_word' id='word_1_426' title='bbox 3124 2663 3262 2725; x_wconf 93' lang='lat' dir='ltr'><strong>illos,</strong></span> <span class='ocrx_word' id='word_1_427' title='bbox 3294 2663 3388 2731; x_wconf 89' lang='lat' dir='ltr'><strong>qui</strong></span> 
     </span>
    </p>
   </div>
   <div class='ocr_carea' id='block_1_59' title="bbox 1827 2749 3394 2824">
    <p class='ocr_par' dir='ltr' id='par_1_59' title="bbox 1827 2749 3394 2824">
     <span class='ocr_line' id='line_1_59' title="bbox 1827 2749 3394 2824; baseline 0.005 -23"><span class='ocrx_word' id='word_1_428' title='bbox 1827 2749 2018 2802; x_wconf 87' lang='lat' dir='ltr'><strong>stultas</strong></span> <span class='ocrx_word' id='word_1_429' title='bbox 2062 2751 2222 2820; x_wconf 88' lang='lat' dir='ltr'><strong>hujus</strong></span> <span class='ocrx_word' id='word_1_430' title='bbox 2267 2753 2392 2808; x_wconf 67' lang='lat' dir='ltr'><strong>vitae</strong></span> <span class='ocrx_word' id='word_1_431' title='bbox 2439 2770 2527 2808; x_wconf 89' lang='lat' dir='ltr'><strong>res</strong></span> <span class='ocrx_word' id='word_1_432' title='bbox 2579 2756 3308 2824; x_wconf 89' lang='lat' dir='ltr'><strong>reliquerunt,-contemnas</strong></span> <span class='ocrx_word' id='word_1_433' title='bbox 3341 2765 3394 2809; x_wconf 87' lang='lat' dir='ltr'><strong>et</strong></span> 
     </span>
    </p>
   </div>
   <div class='ocr_carea' id='block_1_60' title="bbox 1835 2837 2073 2892">
    <p class='ocr_par' dir='ltr' id='par_1_60' title="bbox 1835 2837 2073 2892">
     <span class='ocr_line' id='line_1_60' title="bbox 1835 2837 2073 2892; baseline 0.008 -2"><span class='ocrx_word' id='word_1_434' title='bbox 1835 2837 2073 2892; x_wconf 83' lang='lat' dir='ltr'><strong>deseras.</strong></span> 
     </span>
    </p>
   </div>
   <div class='ocr_carea' id='block_1_61' title="bbox 163 2918 3396 3005">
    <p class='ocr_par' dir='ltr' id='par_1_61' title="bbox 163 2918 3396 3005">
     <span class='ocr_line' id='line_1_61' title="bbox 163 2918 3396 3005; baseline 0.003 -27"><span class='ocrx_word' id='word_1_435' title='bbox 163 2924 292 2986; x_wconf 81' lang='grc' dir='ltr'>τοὺς</span> <span class='ocrx_word' id='word_1_436' title='bbox 317 2925 374 2976; x_wconf 83' lang='grc' dir='ltr'>ὲν</span> <span class='ocrx_word' id='word_1_437' title='bbox 405 2924 499 2993; x_wconf 84' lang='grc' dir='ltr'><strong>ὅλῃ</strong></span> <span class='ocrx_word' id='word_1_438' title='bbox 533 2921 727 2992; x_wconf 80' lang='grc' dir='ltr'>καρδίᾳ</span> <span class='ocrx_word' id='word_1_439' title='bbox 762 2921 1145 2989; x_wconf 75' lang='grc' dir='ltr'>ἀγαπήσαντας</span> <span class='ocrx_word' id='word_1_440' title='bbox 1191 2919 1252 2971; x_wconf 78' lang='grc' dir='ltr'><strong>τὸ</strong></span> <span class='ocrx_word' id='word_1_441' title='bbox 1283 2918 1453 2990; x_wconf 67' lang='grc' dir='ltr'>ὄνομά</span> <span class='ocrx_word' id='word_1_442' title='bbox 1503 2938 1619 2973; x_wconf 70' lang='grc' dir='ltr'>σου*</span> <span class='ocrx_word' id='word_1_443' title='bbox 1661 2923 1722 2975; x_wconf 86' lang='grc' dir='ltr'>οὐ</span> <span class='ocrx_word' id='word_1_444' title='bbox 1761 2925 1869 2995; x_wconf 82' lang='grc' dir='ltr'><strong>γὰρ</strong></span> <span class='ocrx_word' id='word_1_445' title='bbox 1911 2927 2094 2993; x_wconf 78' lang='grc' dir='ltr'>ἄδικος</span> <span class='ocrx_word' id='word_1_446' title='bbox 2137 2925 2206 2998; x_wconf 80' lang='grc' dir='ltr'><strong>εί,</strong></span> <span class='ocrx_word' id='word_1_447' title='bbox 2238 2931 2432 3003; x_wconf 79' lang='grc' dir='ltr'>Κύριε,</span> <span class='ocrx_word' id='word_1_448' title='bbox 2459 2933 2587 2997; x_wconf 75' lang='grc' dir='ltr'>τοὺς</span> <span class='ocrx_word' id='word_1_449' title='bbox 2628 2935 3060 3005; x_wconf 78' lang='grc' dir='ltr'>καταλείψαντας</span> <span class='ocrx_word' id='word_1_450' title='bbox 3086 2936 3154 2988; x_wconf 81' lang='grc' dir='ltr'>τὰ</span> <span class='ocrx_word' id='word_1_451' title='bbox 3196 2936 3396 3005; x_wconf 83' lang='grc' dir='ltr'>μάταια</span> 
     </span>
    </p>
   </div>
   <div class='ocr_carea' id='block_1_62' title="bbox 165 3014 1592 3088">
    <p class='ocr_par' dir='ltr' id='par_1_62' title="bbox 165 3014 1592 3088">
     <span class='ocr_line' id='line_1_62' title="bbox 165 3014 1592 3088; baseline -0.001 -18"><span class='ocrx_word' id='word_1_452' title='bbox 165 3018 264 3072; x_wconf 84' lang='grc' dir='ltr'>τοῦ</span> <span class='ocrx_word' id='word_1_453' title='bbox 295 3018 410 3088; x_wconf 85' lang='grc' dir='ltr'>βίου</span> <span class='ocrx_word' id='word_1_454' title='bbox 438 3016 758 3088; x_wconf 84' lang='grc' dir='ltr'>πράγματα,</span> <span class='ocrx_word' id='word_1_455' title='bbox 777 3014 1038 3085; x_wconf 84' lang='grc' dir='ltr'>περιιδεῖν</span> <span class='ocrx_word' id='word_1_456' title='bbox 1058 3015 1153 3066; x_wconf 74' lang='grc' dir='ltr'><strong>καὶ</strong></span> <span class='ocrx_word' id='word_1_457' title='bbox 1186 3014 1592 3084; x_wconf 73' lang='grc' dir='ltr'>ὲγκαταλείψαι.</span> 
     </span>
    </p>
   </div>
   <div class='ocr_carea' id='block_1_63' title="bbox 242 3158 1799 3229">
    <p class='ocr_par' dir='ltr' id='par_1_63' title="bbox 242 3158 1799 3229">
     <span class='ocr_line' id='line_1_63' title="bbox 242 3158 1799 3229; baseline -0.001 -13"><span class='ocrx_word' id='word_1_458' title='bbox 242 3163 327 3216; x_wconf 81' lang='grc' dir='ltr'>ιϐ’.</span> <span class='ocrx_word' id='word_1_459' title='bbox 349 3158 480 3216; x_wconf 79' lang='grc' dir='ltr'>Εἶτα</span> <span class='ocrx_word' id='word_1_460' title='bbox 507 3160 666 3214; x_wconf 83' lang='grc' dir='ltr'>πάλιν</span> <span class='ocrx_word' id='word_1_461' title='bbox 695 3159 831 3229; x_wconf 79' lang='grc' dir='ltr'>πρὸς</span> <span class='ocrx_word' id='word_1_462' title='bbox 880 3159 1075 3222; x_wconf 72' lang='grc' dir='ltr'>αὐτούς</span> <span class='ocrx_word' id='word_1_463' title='bbox 1095 3174 1107 3189; x_wconf 72' lang='grc'><strong>⁸</strong></span> <span class='ocrx_word' id='word_1_464' title='bbox 1143 3159 1403 3224; x_wconf 81' lang='grc' dir='ltr'>Βλέπετε,</span> <span class='ocrx_word' id='word_1_465' title='bbox 1425 3160 1613 3224; x_wconf 90' lang='grc' dir='ltr'>τέκνα,</span> <span class='ocrx_word' id='word_1_466' title='bbox 1649 3163 1729 3226; x_wconf 85' lang='grc' dir='ltr'><strong>εἰς</strong></span> <span class='ocrx_word' id='word_1_467' title='bbox 1756 3168 1799 3224; x_wconf 81' lang='lat' dir='ltr'><strong><em>C</em></strong></span> 
     </span>
    </p>
   </div>
   <div class='ocr_carea' id='block_1_64' title="bbox 172 3249 1731 3321">
    <p class='ocr_par' dir='ltr' id='par_1_64' title="bbox 172 3249 1731 3321">
     <span class='ocr_line' id='line_1_64' title="bbox 172 3249 1731 3321; baseline 0.001 -16"><span class='ocrx_word' id='word_1_468' title='bbox 172 3251 409 3321; x_wconf 88' lang='grc' dir='ltr'>πόλεμον</span> <span class='ocrx_word' id='word_1_469' title='bbox 458 3250 683 3313; x_wconf 77' lang='grc' dir='ltr'>ἑαυτοὺς</span> <span class='ocrx_word' id='word_1_470' title='bbox 737 3249 1032 3315; x_wconf 81' lang='grc' dir='ltr'>ὲξεδώκατε</span> <span class='ocrx_word' id='word_1_471' title='bbox 1080 3249 1306 3320; x_wconf 77' lang='grc' dir='ltr'>φοϐερὸν</span> <span class='ocrx_word' id='word_1_472' title='bbox 1361 3250 1454 3303; x_wconf 74' lang='grc' dir='ltr'>καὶ</span> <span class='ocrx_word' id='word_1_473' title='bbox 1484 3250 1731 3306; x_wconf 82' lang='grc' dir='ltr'>ἀθέατον.</span> 
     </span>
    </p>
   </div>
   <div class='ocr_carea' id='block_1_65' title="bbox 184 3341 1739 3412">
    <p class='ocr_par' dir='ltr' id='par_1_65' title="bbox 184 3341 1739 3412">
     <span class='ocr_line' id='line_1_65' title="bbox 184 3341 1739 3412; baseline 0.001 -17"><span class='ocrx_word' id='word_1_474' title='bbox 184 3342 349 3395; x_wconf 83' lang='grc' dir='ltr'>Ἀλλά</span> <span class='ocrx_word' id='word_1_475' title='bbox 381 3341 454 3412; x_wconf 84' lang='grc' dir='ltr'>μὴ</span> <span class='ocrx_word' id='word_1_476' title='bbox 487 3341 756 3410; x_wconf 77' lang='grc' dir='ltr'>φοϐηθῆτε</span> <span class='ocrx_word' id='word_1_477' title='bbox 778 3359 792 3373; x_wconf 74' lang='grc' dir='ltr'><strong>ο</strong></span> <span class='ocrx_word' id='word_1_478' title='bbox 830 3361 847 3392; x_wconf 74' lang='grc' dir='ltr'><strong>ι</strong></span> <span class='ocrx_word' id='word_1_479' title='bbox 882 3343 1114 3405; x_wconf 86' lang='grc' dir='ltr'>Δυνατὸς</span> <span class='ocrx_word' id='word_1_480' title='bbox 1132 3342 1240 3412; x_wconf 84' lang='grc' dir='ltr'>γάρ</span> <span class='ocrx_word' id='word_1_481' title='bbox 1268 3343 1413 3394; x_wconf 80' lang='grc' dir='ltr'>εστιν</span> <span class='ocrx_word' id='word_1_482' title='bbox 1442 3345 1470 3394; x_wconf 93' lang='lat'><strong>6</strong></span> <span class='ocrx_word' id='word_1_483' title='bbox 1497 3343 1649 3405; x_wconf 83' lang='grc' dir='ltr'>Θεὸς,</span> <span class='ocrx_word' id='word_1_484' title='bbox 1680 3344 1739 3406; x_wconf 77' lang='grc' dir='ltr'>ὃς</span> 
     </span>
    </p>
   </div>
   <div class='ocr_carea' id='block_1_66' title="bbox 173 3432 1739 3502">
    <p class='ocr_par' dir='ltr' id='par_1_66' title="bbox 173 3432 1739 3502">
     <span class='ocr_line' id='line_1_66' title="bbox 173 3432 1739 3502; baseline -0.001 -16"><span class='ocrx_word' id='word_1_485' title='bbox 173 3434 276 3487; x_wconf 79' lang='grc' dir='ltr'>οὐκ</span> <span class='ocrx_word' id='word_1_486' title='bbox 303 3433 449 3485; x_wconf 82' lang='grc' dir='ltr'>ἐάσει</span> <span class='ocrx_word' id='word_1_487' title='bbox 483 3433 625 3502; x_wconf 76' lang='grc' dir='ltr'>ὑμᾶς</span> <span class='ocrx_word' id='word_1_488' title='bbox 656 3432 1036 3502; x_wconf 80' lang='grc' dir='ltr'>πειρασθῆναι,</span> <span class='ocrx_word' id='word_1_489' title='bbox 1080 3433 1218 3500; x_wconf 80' lang='grc' dir='ltr'>ὑπὲρ</span> <span class='ocrx_word' id='word_1_490' title='bbox 1251 3432 1279 3485; x_wconf 80' lang='grc' dir='ltr'><strong>ὃ</strong></span> <span class='ocrx_word' id='word_1_491' title='bbox 1339 3432 1567 3485; x_wconf 82' lang='grc' dir='ltr'>δύνασθε</span> <span class='ocrx_word' id='word_1_492' title='bbox 1627 3433 1739 3485; x_wconf 83' lang='grc' dir='ltr'><strong>ὑπ-</strong></span> 
     </span>
    </p>
   </div>
   <div class='ocr_carea' id='block_1_67' title="bbox 176 3524 1736 3595">
    <p class='ocr_par' dir='ltr' id='par_1_67' title="bbox 176 3524 1736 3595">
     <span class='ocr_line' id='line_1_67' title="bbox 176 3524 1736 3595; baseline -0.001 -16"><span class='ocrx_word' id='word_1_493' title='bbox 176 3529 437 3593; x_wconf 81' lang='grc' dir='ltr'>ενεγκεῖν.</span> <span class='ocrx_word' id='word_1_494' title='bbox 465 3545 482 3575; x_wconf 73' lang='grc' dir='ltr'><strong>ι</strong></span> <span class='ocrx_word' id='word_1_495' title='bbox 533 3525 915 3593; x_wconf 79' lang='grc' dir='ltr'>’Λγωνίσασθε,</span> <span class='ocrx_word' id='word_1_496' title='bbox 938 3525 1120 3586; x_wconf 84' lang='grc' dir='ltr'>τέκνα,</span> <span class='ocrx_word' id='word_1_497' title='bbox 1148 3526 1220 3595; x_wconf 82' lang='grc' dir='ltr'>μὴ</span> <span class='ocrx_word' id='word_1_498' title='bbox 1246 3524 1539 3595; x_wconf 78' lang='grc' dir='ltr'>ἡττηθῆναι</span> <span class='ocrx_word' id='word_1_499' title='bbox 1570 3525 1736 3595; x_wconf 80' lang='grc' dir='ltr'>αὐτῷ,</span> 
     </span>
    </p>
   </div>
   <div class='ocr_carea' id='block_1_68' title="bbox 177 3615 1742 3687">
    <p class='ocr_par' dir='ltr' id='par_1_68' title="bbox 177 3615 1742 3687">
     <span class='ocr_line' id='line_1_68' title="bbox 177 3615 1742 3687; baseline -0.003 -17"><span class='ocrx_word' id='word_1_500' title='bbox 177 3617 315 3671; x_wconf 79' lang='grc' dir='ltr'>ἀλλὰ</span> <span class='ocrx_word' id='word_1_501' title='bbox 340 3619 499 3684; x_wconf 86' lang='grc' dir='ltr'>στῆτε</span> <span class='ocrx_word' id='word_1_502' title='bbox 533 3618 759 3684; x_wconf 81' lang='grc' dir='ltr'>γεναῖοι,</span> <span class='ocrx_word' id='word_1_503' title='bbox 784 3617 997 3685; x_wconf 78' lang='grc' dir='ltr'>ἔχοντες</span> <span class='ocrx_word' id='word_1_504' title='bbox 1025 3615 1087 3668; x_wconf 87' lang='grc' dir='ltr'>τὸ</span> <span class='ocrx_word' id='word_1_505' title='bbox 1114 3616 1277 3668; x_wconf 84' lang='grc' dir='ltr'>ὅπλον</span> <span class='ocrx_word' id='word_1_506' title='bbox 1303 3615 1394 3668; x_wconf 78' lang='grc' dir='ltr'>τοῦ</span> <span class='ocrx_word' id='word_1_507' title='bbox 1429 3616 1584 3683; x_wconf 88' lang='grc' dir='ltr'>ἁγίου</span> <span class='ocrx_word' id='word_1_508' title='bbox 1612 3618 1742 3687; x_wconf 80' lang='grc' dir='ltr'>σχή-</span> 
     </span>
    </p>
   </div>
   <div class='ocr_carea' id='block_1_69' title="bbox 184 3704 1739 3776">
    <p class='ocr_par' dir='ltr' id='par_1_69' title="bbox 184 3704 1739 3776">
     <span class='ocr_line' id='line_1_69' title="bbox 184 3704 1739 3776; baseline 0 -17"><span class='ocrx_word' id='word_1_509' title='bbox 184 3725 351 3775; x_wconf 86' lang='grc' dir='ltr'>ματος</span> <span class='ocrx_word' id='word_1_510' title='bbox 403 3708 524 3759; x_wconf 86' lang='grc' dir='ltr'>κατ’</span> <span class='ocrx_word' id='word_1_511' title='bbox 577 3706 780 3769; x_wconf 83' lang='grc' dir='ltr'>αὑτοῦ,</span> <span class='ocrx_word' id='word_1_512' title='bbox 838 3704 1247 3776; x_wconf 87' lang='grc' dir='ltr'>μνημονεύσατε</span> <span class='ocrx_word' id='word_1_513' title='bbox 1308 3704 1400 3757; x_wconf 79' lang='grc' dir='ltr'>τοῦ</span> <span class='ocrx_word' id='word_1_514' title='bbox 1458 3705 1739 3767; x_wconf 77' lang='grc' dir='ltr'>εἰπόντος’</span> 
     </span>
    </p>
   </div>
   <div class='ocr_carea' id='block_1_70' title="bbox 191 3794 1744 3866">
    <p class='ocr_par' dir='ltr' id='par_1_70' title="bbox 191 3794 1744 3866">
     <span class='ocr_line' id='line_1_70' title="bbox 191 3794 1744 3866; baseline 0 -18"><span class='ocrx_word' id='word_1_515' title='bbox 191 3817 208 3848; x_wconf 77' lang='grc' dir='ltr'><strong>ι</strong></span> <span class='ocrx_word' id='word_1_516' title='bbox 243 3797 432 3859; x_wconf 66' lang='grc' dir='ltr'>Οὐδεὶς</span> <span class='ocrx_word' id='word_1_517' title='bbox 464 3795 737 3849; x_wconf 69' lang='grc' dir='ltr'>ἐπιϐαλὼν</span> <span class='ocrx_word' id='word_1_518' title='bbox 765 3795 863 3866; x_wconf 80' lang='grc' dir='ltr'>τὴν</span> <span class='ocrx_word' id='word_1_519' title='bbox 883 3798 1040 3865; x_wconf 83' lang='grc' dir='ltr'>χεῖρα</span> <span class='ocrx_word' id='word_1_520' title='bbox 1066 3795 1231 3847; x_wconf 79' lang='grc' dir='ltr'>αὑτοῦ</span> <span class='ocrx_word' id='word_1_521' title='bbox 1260 3794 1346 3848; x_wconf 83' lang='grc' dir='ltr'><strong>ἐπ’</strong></span> <span class='ocrx_word' id='word_1_522' title='bbox 1382 3795 1631 3866; x_wconf 81' lang='grc' dir='ltr'>ἄροτρον,</span> <span class='ocrx_word' id='word_1_523' title='bbox 1653 3796 1744 3848; x_wconf 70' lang='grc' dir='ltr'>καὶ</span> 
     </span>
    </p>
   </div>
   <div class='ocr_carea' id='block_1_71' title="bbox 185 3884 1746 3959">
    <p class='ocr_par' dir='ltr' id='par_1_71' title="bbox 185 3884 1746 3959">
     <span class='ocr_line' id='line_1_71' title="bbox 185 3884 1746 3959; baseline -0.003 -18"><span class='ocrx_word' id='word_1_524' title='bbox 185 3889 449 3959; x_wconf 69' lang='grc' dir='ltr'>στραφεὶς</span> <span class='ocrx_word' id='word_1_525' title='bbox 480 3889 559 3950; x_wconf 78' lang='grc' dir='ltr'><strong>είς</strong></span> <span class='ocrx_word' id='word_1_526' title='bbox 588 3888 652 3939; x_wconf 70' lang='grc' dir='ltr'><strong>τὰ</strong></span> <span class='ocrx_word' id='word_1_527' title='bbox 677 3887 877 3948; x_wconf 85' lang='grc' dir='ltr'>ὀπίσω,</span> <span class='ocrx_word' id='word_1_528' title='bbox 904 3885 1122 3948; x_wconf 76' lang='grc' dir='ltr'>εύθετός</span> <span class='ocrx_word' id='word_1_529' title='bbox 1153 3887 1300 3938; x_wconf 77' lang='grc' dir='ltr'>ἐστιν</span> <span class='ocrx_word' id='word_1_530' title='bbox 1344 3887 1422 3947; x_wconf 84' lang='grc' dir='ltr'><strong>είς</strong></span> <span class='ocrx_word' id='word_1_531' title='bbox 1468 3884 1565 3952; x_wconf 79' lang='grc' dir='ltr'>τὴν</span> <span class='ocrx_word' id='word_1_532' title='bbox 1597 3885 1746 3955; x_wconf 83' lang='grc' dir='ltr'>βασι-</span> 
     </span>
    </p>
   </div>
   <div class='ocr_carea' id='block_1_72' title="bbox 183 3972 1744 4043">
    <p class='ocr_par' dir='ltr' id='par_1_72' title="bbox 183 3972 1744 4043">
     <span class='ocr_line' id='line_1_72' title="bbox 183 3972 1744 4043; baseline -0.003 -15"><span class='ocrx_word' id='word_1_533' title='bbox 183 3977 335 4029; x_wconf 85' lang='grc' dir='ltr'>λείαν</span> <span class='ocrx_word' id='word_1_534' title='bbox 365 3976 473 4028; x_wconf 84' lang='grc' dir='ltr'><strong>τῶν</strong></span> <span class='ocrx_word' id='word_1_535' title='bbox 511 3974 774 4042; x_wconf 81' lang='grc' dir='ltr'>οὐρανῶν.</span> <span class='ocrx_word' id='word_1_536' title='bbox 809 3993 829 4025; x_wconf 73' lang='grc' dir='ltr'><strong>ι</strong></span> <span class='ocrx_word' id='word_1_537' title='bbox 869 3973 979 4026; x_wconf 78' lang='grc' dir='ltr'><strong>Καὶ</strong></span> <span class='ocrx_word' id='word_1_538' title='bbox 1007 3973 1167 4027; x_wconf 82' lang='grc' dir='ltr'>πάλιν</span> <span class='ocrx_word' id='word_1_539' title='bbox 1190 3975 1316 4043; x_wconf 74' lang='grc' dir='ltr'>περὶ</span> <span class='ocrx_word' id='word_1_540' title='bbox 1341 3975 1437 4043; x_wconf 87' lang='grc' dir='ltr'><strong>τῆς</strong></span> <span class='ocrx_word' id='word_1_541' title='bbox 1478 3972 1572 4025; x_wconf 80' lang='grc' dir='ltr'>τοῦ</span> <span class='ocrx_word' id='word_1_542' title='bbox 1604 3973 1744 4043; x_wconf 86' lang='grc' dir='ltr'>πύρ-</span> 
     </span>
    </p>
   </div>
   <div class='ocr_carea' id='block_1_73' title="bbox 186 4061 1747 4134">
    <p class='ocr_par' dir='ltr' id='par_1_73' title="bbox 186 4061 1747 4134">
     <span class='ocr_line' id='line_1_73' title="bbox 186 4061 1747 4134; baseline -0.001 -17"><span class='ocrx_word' id='word_1_543' title='bbox 186 4081 284 4134; x_wconf 85' lang='grc' dir='ltr'><strong>γου</strong></span> <span class='ocrx_word' id='word_1_544' title='bbox 329 4064 648 4132; x_wconf 76' lang='grc' dir='ltr'>οἰκοδομῆς·</span> <span class='ocrx_word' id='word_1_545' title='bbox 700 4063 792 4133; x_wconf 86' lang='grc' dir='ltr'><strong>Μὴ</strong></span> <span class='ocrx_word' id='word_1_546' title='bbox 835 4061 1155 4131; x_wconf 78' lang='grc' dir='ltr'>ἀρξαμένων</span> <span class='ocrx_word' id='word_1_547' title='bbox 1215 4062 1368 4131; x_wconf 82' lang='grc' dir='ltr'>ὑμῶν</span> <span class='ocrx_word' id='word_1_548' title='bbox 1407 4062 1507 4131; x_wconf 86' lang='grc' dir='ltr'><strong>τῆς</strong></span> <span class='ocrx_word' id='word_1_549' title='bbox 1538 4062 1747 4124; x_wconf 87' lang='grc' dir='ltr'>τελείας</span> 
     </span>
    </p>
   </div>
   <div class='ocr_carea' id='block_1_74' title="bbox 185 4151 1749 4223">
    <p class='ocr_par' dir='ltr' id='par_1_74' title="bbox 185 4151 1749 4223">
     <span class='ocr_line' id='line_1_74' title="bbox 185 4151 1749 4223; baseline -0.003 -15"><span class='ocrx_word' id='word_1_550' title='bbox 185 4156 326 4217; x_wconf 80' lang='grc' dir='ltr'>ὁδοῦ,</span> <span class='ocrx_word' id='word_1_551' title='bbox 354 4156 451 4223; x_wconf 84' lang='grc' dir='ltr'><strong>τῆς</strong></span> <span class='ocrx_word' id='word_1_552' title='bbox 496 4153 639 4206; x_wconf 88' lang='grc' dir='ltr'><strong>κατά</strong></span> <span class='ocrx_word' id='word_1_553' title='bbox 671 4153 802 4205; x_wconf 88' lang='grc' dir='ltr'>Θεὸν</span> <span class='ocrx_word' id='word_1_554' title='bbox 848 4151 1125 4214; x_wconf 88' lang='grc' dir='ltr'>πολιτείας</span> <span class='ocrx_word' id='word_1_555' title='bbox 1165 4153 1612 4221; x_wconf 80' lang='grc' dir='ltr'>ἁποχαυνωθῆτε,</span> <span class='ocrx_word' id='word_1_556' title='bbox 1654 4153 1749 4204; x_wconf 77' lang='grc' dir='ltr'>καὶ</span> 
     </span>
    </p>
   </div>
   <div class='ocr_carea' id='block_1_75' title="bbox 188 4240 1749 4315">
    <p class='ocr_par' dir='ltr' id='par_1_75' title="bbox 188 4240 1749 4315">
     <span class='ocr_line' id='line_1_75' title="bbox 188 4240 1749 4315; baseline -0.004 -17"><span class='ocrx_word' id='word_1_557' title='bbox 188 4244 450 4315; x_wconf 79' lang='grc' dir='ltr'>πληρωθῇ</span> <span class='ocrx_word' id='word_1_558' title='bbox 477 4242 560 4311; x_wconf 75' lang='grc' dir='ltr'><strong>ἐφ’</strong></span> <span class='ocrx_word' id='word_1_559' title='bbox 584 4242 828 4311; x_wconf 82' lang='grc' dir='ltr'>ὑμῖν,ὃτι</span> <span class='ocrx_word' id='word_1_560' title='bbox 863 4240 1135 4310; x_wconf 85' lang='grc' dir='ltr'>Ἤρξαντο</span> <span class='ocrx_word' id='word_1_561' title='bbox 1156 4242 1636 4310; x_wconf 74' lang='grc' dir='ltr'>οίκοδομῆσαι,καὶ</span> <span class='ocrx_word' id='word_1_562' title='bbox 1651 4242 1749 4293; x_wconf 83' lang='grc' dir='ltr'>οὐκ</span> 
     </span>
    </p>
   </div>
   <div class='ocr_carea' id='block_1_76' title="bbox 189 4329 1750 4404">
    <p class='ocr_par' dir='ltr' id='par_1_76' title="bbox 189 4329 1750 4404">
     <span class='ocr_line' id='line_1_76' title="bbox 189 4329 1750 4404; baseline -0.003 -17"><span class='ocrx_word' id='word_1_563' title='bbox 189 4330 333 4404; x_wconf 78' lang='grc' dir='ltr'>εῒχον</span> <span class='ocrx_word' id='word_1_564' title='bbox 379 4333 604 4401; x_wconf 88' lang='grc' dir='ltr'>δύναμιν</span> <span class='ocrx_word' id='word_1_565' title='bbox 635 4331 726 4383; x_wconf 71' lang='grc' dir='ltr'>καὶ</span> <span class='ocrx_word' id='word_1_566' title='bbox 753 4329 1060 4401; x_wconf 80' lang='grc' dir='ltr'>προθυμίαν</span> <span class='ocrx_word' id='word_1_567' title='bbox 1102 4330 1236 4399; x_wconf 85' lang='grc' dir='ltr'>πρὸς</span> <span class='ocrx_word' id='word_1_568' title='bbox 1286 4331 1378 4382; x_wconf 86' lang='grc' dir='ltr'><strong>τὸν</strong></span> <span class='ocrx_word' id='word_1_569' title='bbox 1407 4331 1750 4399; x_wconf 83' lang='grc' dir='ltr'>ἀπαρτισμὸν</span> 
     </span>
    </p>
   </div>
   <div class='ocr_carea' id='block_1_77' title="bbox 188 4418 1749 4492">
    <p class='ocr_par' dir='ltr' id='par_1_77' title="bbox 188 4418 1749 4492">
     <span class='ocr_line' id='line_1_77' title="bbox 188 4418 1749 4492; baseline -0.003 -16"><span class='ocrx_word' id='word_1_570' title='bbox 188 4424 284 4478; x_wconf 78' lang='grc' dir='ltr'><strong>τοῦ</strong></span> <span class='ocrx_word' id='word_1_571' title='bbox 309 4422 576 4492; x_wconf 86' lang='grc' dir='ltr'>θεμελίου.</span> <span class='ocrx_word' id='word_1_572' title='bbox 612 4418 1028 4488; x_wconf 78' lang='grc' dir='ltr'>Ἀσφαλίσασθε,</span> <span class='ocrx_word' id='word_1_573' title='bbox 1061 4420 1226 4472; x_wconf 89' lang='grc' dir='ltr'>τέκνα</span> <span class='ocrx_word' id='word_1_574' title='bbox 1248 4437 1263 4450; x_wconf 78' lang='grc' dir='ltr'><strong>ο</strong></span> <span class='ocrx_word' id='word_1_575' title='bbox 1303 4419 1496 4489; x_wconf 88' lang='grc' dir='ltr'>μικρὸς</span> <span class='ocrx_word' id='word_1_576' title='bbox 1532 4421 1560 4471; x_wconf 91' lang='lat'><strong>6</strong></span> <span class='ocrx_word' id='word_1_577' title='bbox 1591 4420 1749 4472; x_wconf 82' lang='grc' dir='ltr'>πόλε-</span> 
     </span>
    </p>
   </div>
   <div class='ocr_carea' id='block_1_78' title="bbox 1904 3163 3398 3223">
    <p class='ocr_par' dir='ltr' id='par_1_78' title="bbox 1904 3163 3398 3223">
     <span class='ocr_line' id='line_1_78' title="bbox 1904 3163 3398 3223; baseline -0.001 -4"><span class='ocrx_word' id='word_1_578' title='bbox 1904 3165 1988 3220; x_wconf 84' lang='lat' dir='ltr'><strong>l9.</strong></span> <span class='ocrx_word' id='word_1_579' title='bbox 2031 3163 2221 3221; x_wconf 85' lang='lat' dir='ltr'><strong>Postea</strong></span> <span class='ocrx_word' id='word_1_580' title='bbox 2255 3165 2565 3223; x_wconf 75' lang='lat' dir='ltr'><strong>rursumad</strong></span> <span class='ocrx_word' id='word_1_581' title='bbox 2593 3165 2712 3222; x_wconf 91' lang='lat' dir='ltr'><strong>illos</strong></span> <span class='ocrx_word' id='word_1_582' title='bbox 2743 3180 3050 3221; x_wconf 89' lang='lat' dir='ltr'><strong>sermonem</strong></span> <span class='ocrx_word' id='word_1_583' title='bbox 3084 3165 3353 3219; x_wconf 83' lang='lat' dir='ltr'><strong>convertit</strong></span> <span class='ocrx_word' id='word_1_584' title='bbox 3386 3183 3398 3218; x_wconf 92' lang='lat'><strong>:</strong></span> 
     </span>
    </p>
   </div>
   <div class='ocr_carea' id='block_1_79' title="bbox 1836 3251 3400 3321">
    <p class='ocr_par' dir='ltr' id='par_1_79' title="bbox 1836 3251 3400 3321">
     <span class='ocr_line' id='line_1_79' title="bbox 1836 3251 3400 3321; baseline -0.002 -15"><span class='ocrx_word' id='word_1_585' title='bbox 1836 3252 2134 3319; x_wconf 82' lang='lat' dir='ltr'><strong>Attendite,</strong></span> <span class='ocrx_word' id='word_1_586' title='bbox 2159 3255 2277 3321; x_wconf 90' lang='lat' dir='ltr'><strong>ﬁlii,</strong></span> <span class='ocrx_word' id='word_1_587' title='bbox 2300 3256 2528 3311; x_wconf 89' lang='lat' dir='ltr'><strong>terribili</strong></span> <span class='ocrx_word' id='word_1_588' title='bbox 2558 3270 2655 3309; x_wconf 87' lang='lat' dir='ltr'><strong>vos</strong></span> <span class='ocrx_word' id='word_1_589' title='bbox 2680 3263 2734 3309; x_wconf 84' lang='lat' dir='ltr'><strong>et</strong></span> <span class='ocrx_word' id='word_1_590' title='bbox 2753 3254 2966 3308; x_wconf 90' lang='lat' dir='ltr'><strong>occulto</strong></span> <span class='ocrx_word' id='word_1_591' title='bbox 2987 3251 3129 3306; x_wconf 91' lang='lat' dir='ltr'><strong>bello</strong></span> <span class='ocrx_word' id='word_1_592' title='bbox 3156 3251 3400 3318; x_wconf 80' lang='lat' dir='ltr'><strong>dedistis,</strong></span> 
     </span>
    </p>
   </div>
   <div class='ocr_carea' id='block_1_80' title="bbox 1839 3328 3402 3413">
    <p class='ocr_par' dir='ltr' id='par_1_80' title="bbox 1839 3328 3402 3413">
     <span class='ocr_line' id='line_1_80' title="bbox 1839 3328 3402 3413; baseline -0.004 -17"><span class='ocrx_word' id='word_1_593' title='bbox 1839 3344 1933 3397; x_wconf 89' lang='lat' dir='ltr'><strong>sed</strong></span> <span class='ocrx_word' id='word_1_594' title='bbox 1985 3328 2190 3396; x_wconf 75' lang='lat' dir='ltr'><strong>metum</strong></span> <span class='ocrx_word' id='word_1_595' title='bbox 2238 3345 2423 3413; x_wconf 87' lang='lat' dir='ltr'><strong>pellite</strong></span> <span class='ocrx_word' id='word_1_596' title='bbox 2458 3362 2471 3397; x_wconf 92' lang='lat'><strong>:</strong></span> <span class='ocrx_word' id='word_1_597' title='bbox 2505 3362 2525 3395; x_wconf 73' lang='grc' dir='ltr'><strong>ι</strong></span> <span class='ocrx_word' id='word_1_598' title='bbox 2562 3343 2761 3396; x_wconf 88' lang='lat' dir='ltr'><strong>Potens</strong></span> <span class='ocrx_word' id='word_1_599' title='bbox 2810 3341 2959 3394; x_wconf 91' lang='lat' dir='ltr'><strong>enim</strong></span> <span class='ocrx_word' id='word_1_600' title='bbox 2985 3345 3070 3393; x_wconf 89' lang='lat' dir='ltr'><strong>est</strong></span> <span class='ocrx_word' id='word_1_601' title='bbox 3119 3337 3283 3402; x_wconf 90' lang='lat' dir='ltr'><strong>Deus,</strong></span> <span class='ocrx_word' id='word_1_602' title='bbox 3313 3337 3402 3405; x_wconf 90' lang='lat' dir='ltr'><strong>qui</strong></span> 
     </span>
    </p>
   </div>
   <div class='ocr_carea' id='block_1_81' title="bbox 1840 3427 3396 3502">
    <p class='ocr_par' dir='ltr' id='par_1_81' title="bbox 1840 3427 3396 3502">
     <span class='ocr_line' id='line_1_81' title="bbox 1840 3427 3396 3502; baseline -0.006 -14"><span class='ocrx_word' id='word_1_603' title='bbox 1840 3450 1951 3488; x_wconf 91' lang='lat' dir='ltr'><strong>non</strong></span> <span class='ocrx_word' id='word_1_604' title='bbox 1986 3434 2227 3502; x_wconf 87' lang='lat' dir='ltr'><strong>patietur</strong></span> <span class='ocrx_word' id='word_1_605' title='bbox 2258 3449 2354 3487; x_wconf 86' lang='lat' dir='ltr'><strong>vos</strong></span> <span class='ocrx_word' id='word_1_606' title='bbox 2384 3432 2581 3486; x_wconf 89' lang='lat' dir='ltr'><strong>tentari</strong></span> <span class='ocrx_word' id='word_1_607' title='bbox 2611 3446 2773 3498; x_wconf 88' lang='lat' dir='ltr'><strong>supra</strong></span> <span class='ocrx_word' id='word_1_608' title='bbox 2803 3430 2853 3484; x_wconf 90' lang='lat' dir='ltr'><strong>id</strong></span> <span class='ocrx_word' id='word_1_609' title='bbox 2876 3429 3017 3498; x_wconf 87' lang='lat' dir='ltr'><strong>quod</strong></span> <span class='ocrx_word' id='word_1_610' title='bbox 3040 3427 3269 3495; x_wconf 88' lang='lat' dir='ltr'><strong>potestis</strong></span> <span class='ocrx_word' id='word_1_611' title='bbox 3286 3442 3396 3479; x_wconf 91' lang='lat' dir='ltr'><strong>sus-</strong></span> 
     </span>
    </p>
   </div>
   <div class='ocr_carea' id='block_1_82' title="bbox 1842 3513 3405 3584">
    <p class='ocr_par' dir='ltr' id='par_1_82' title="bbox 1842 3513 3405 3584">
     <span class='ocr_line' id='line_1_82' title="bbox 1842 3513 3405 3584; baseline -0.005 -7"><span class='ocrx_word' id='word_1_612' title='bbox 1842 3522 2017 3577; x_wconf 88' lang='lat' dir='ltr'><strong>tinere</strong></span> <span class='ocrx_word' id='word_1_613' title='bbox 2051 3522 2113 3575; x_wconf 87' lang='grc'><strong>¹⁷.</strong></span> <span class='ocrx_word' id='word_1_614' title='bbox 2170 3540 2189 3572; x_wconf 73' lang='grc' dir='ltr'><strong>ι</strong></span> <span class='ocrx_word' id='word_1_615' title='bbox 2221 3520 2459 3583; x_wconf 83' lang='lat' dir='ltr'><strong>Certate,</strong></span> <span class='ocrx_word' id='word_1_616' title='bbox 2496 3516 2621 3582; x_wconf 91' lang='lat' dir='ltr'><strong>ﬁlii,</strong></span> <span class='ocrx_word' id='word_1_617' title='bbox 2661 3526 2719 3570; x_wconf 91' lang='lat' dir='ltr'><strong>ut</strong></span> <span class='ocrx_word' id='word_1_618' title='bbox 2761 3532 2868 3570; x_wconf 90' lang='lat' dir='ltr'><strong>non</strong></span> <span class='ocrx_word' id='word_1_619' title='bbox 2915 3515 3268 3584; x_wconf 87' lang='lat' dir='ltr'><strong>superemini.</strong></span> <span class='ocrx_word' id='word_1_620' title='bbox 3301 3513 3405 3569; x_wconf 89' lang='lat' dir='ltr'><strong>Sed</strong></span> 
     </span>
    </p>
   </div>
   <div class='ocr_carea' id='block_1_83' title="bbox 1844 3603 3403 3676">
    <p class='ocr_par' dir='ltr' id='par_1_83' title="bbox 1844 3603 3403 3676">
     <span class='ocr_line' id='line_1_83' title="bbox 1844 3603 3403 3676; baseline -0.006 -11"><span class='ocrx_word' id='word_1_621' title='bbox 1844 3619 1983 3666; x_wconf 89' lang='lat' dir='ltr'><strong>state</strong></span> <span class='ocrx_word' id='word_1_622' title='bbox 2017 3609 2200 3664; x_wconf 90' lang='lat' dir='ltr'><strong>animo</strong></span> <span class='ocrx_word' id='word_1_623' title='bbox 2245 3618 2448 3675; x_wconf 91' lang='lat' dir='ltr'><strong>erecto,</strong></span> <span class='ocrx_word' id='word_1_624' title='bbox 2500 3614 2839 3676; x_wconf 89' lang='lat' dir='ltr'><strong>opponentes</strong></span> <span class='ocrx_word' id='word_1_625' title='bbox 2872 3604 3094 3658; x_wconf 89' lang='lat' dir='ltr'><strong>inimico</strong></span> <span class='ocrx_word' id='word_1_626' title='bbox 3126 3603 3264 3657; x_wconf 87' lang='lat' dir='ltr'><strong>sacri</strong></span> <span class='ocrx_word' id='word_1_627' title='bbox 3308 3603 3403 3656; x_wconf 90' lang='lat' dir='ltr'><strong>ba-</strong></span> 
     </span>
    </p>
   </div>
   <div class='ocr_carea' id='block_1_84' title="bbox 1842 3692 3407 3756">
    <p class='ocr_par' dir='ltr' id='par_1_84' title="bbox 1842 3692 3407 3756">
     <span class='ocr_line' id='line_1_84' title="bbox 1842 3692 3407 3756; baseline -0.007 0"><span class='ocrx_word' id='word_1_628' title='bbox 1842 3701 1987 3756; x_wconf 90' lang='lat' dir='ltr'><strong>bitus</strong></span> <span class='ocrx_word' id='word_1_629' title='bbox 2006 3699 2432 3755; x_wconf 85' lang='lat' dir='ltr'><strong>annaturam.ln</strong></span> <span class='ocrx_word' id='word_1_630' title='bbox 2456 3697 2771 3752; x_wconf 85' lang='lat' dir='ltr'><strong>memoriam</strong></span> <span class='ocrx_word' id='word_1_631' title='bbox 2792 3704 3039 3750; x_wconf 88' lang='lat' dir='ltr'><strong>revocate</strong></span> <span class='ocrx_word' id='word_1_632' title='bbox 3061 3694 3226 3749; x_wconf 87' lang='lat' dir='ltr'><strong>verba</strong></span> <span class='ocrx_word' id='word_1_633' title='bbox 3243 3692 3407 3754; x_wconf 89' lang='lat' dir='ltr'><strong>illius,</strong></span> 
     </span>
    </p>
   </div>
   <div class='ocr_carea' id='block_1_85' title="bbox 1844 3786 3409 3860">
    <p class='ocr_par' dir='ltr' id='par_1_85' title="bbox 1844 3786 3409 3860">
     <span class='ocr_line' id='line_1_85' title="bbox 1844 3786 3409 3860; baseline -0.006 -16"><span class='ocrx_word' id='word_1_634' title='bbox 1844 3792 1934 3860; x_wconf 93' lang='lat' dir='ltr'><strong>qui</strong></span> <span class='ocrx_word' id='word_1_635' title='bbox 1956 3791 2090 3845; x_wconf 89' lang='lat' dir='ltr'><strong>dicit</strong></span> <span class='ocrx_word' id='word_1_636' title='bbox 2113 3809 2127 3844; x_wconf 90' lang='lat'><strong>:</strong></span> <span class='ocrx_word' id='word_1_637' title='bbox 2157 3810 2174 3841; x_wconf 75' lang='grc' dir='ltr'><strong>ι</strong></span> <span class='ocrx_word' id='word_1_638' title='bbox 2196 3791 2366 3845; x_wconf 81' lang='lat' dir='ltr'><strong>Nemo</strong></span> <span class='ocrx_word' id='word_1_639' title='bbox 2388 3790 2609 3844; x_wconf 90' lang='lat' dir='ltr'><strong>mittens</strong></span> <span class='ocrx_word' id='word_1_640' title='bbox 2629 3802 2847 3840; x_wconf 88' lang='lat' dir='ltr'><strong>manum</strong></span> <span class='ocrx_word' id='word_1_641' title='bbox 2876 3801 3027 3839; x_wconf 89' lang='lat' dir='ltr'><strong>suam</strong></span> <span class='ocrx_word' id='word_1_642' title='bbox 3057 3786 3123 3839; x_wconf 88' lang='lat' dir='ltr'><strong>ad</strong></span> <span class='ocrx_word' id='word_1_643' title='bbox 3150 3792 3409 3847; x_wconf 89' lang='lat' dir='ltr'><strong>aratrum,</strong></span> 
     </span>
    </p>
   </div>
   <div class='ocr_carea' id='block_1_86' title="bbox 1845 3875 3407 3948">
    <p class='ocr_par' dir='ltr' id='par_1_86' title="bbox 1845 3875 3407 3948">
     <span class='ocr_line' id='line_1_86' title="bbox 1845 3875 3407 3948; baseline -0.006 -14"><span class='ocrx_word' id='word_1_644' title='bbox 1845 3888 1900 3934; x_wconf 88' lang='lat' dir='ltr'><strong>et</strong></span> <span class='ocrx_word' id='word_1_645' title='bbox 1921 3895 2216 3935; x_wconf 86' lang='lat' dir='ltr'><strong>conversus</strong></span> <span class='ocrx_word' id='word_1_646' title='bbox 2242 3891 2409 3943; x_wconf 90' lang='lat' dir='ltr'><strong>retro,</strong></span> <span class='ocrx_word' id='word_1_647' title='bbox 2455 3888 2614 3947; x_wconf 87' lang='lat' dir='ltr'><strong>aptus</strong></span> <span class='ocrx_word' id='word_1_648' title='bbox 2658 3886 2742 3932; x_wconf 82' lang='lat' dir='ltr'><strong>est</strong></span> <span class='ocrx_word' id='word_1_649' title='bbox 2780 3892 2946 3948; x_wconf 84' lang='lat' dir='ltr'><strong>regno</strong></span> <span class='ocrx_word' id='word_1_650' title='bbox 2994 3875 3256 3930; x_wconf 73' lang='lat' dir='ltr'><strong>caelorum</strong></span> <span class='ocrx_word' id='word_1_651' title='bbox 3291 3875 3351 3927; x_wconf 79' lang='grc'><strong>’³.</strong></span> <span class='ocrx_word' id='word_1_652' title='bbox 3388 3892 3407 3923; x_wconf 75' lang='grc' dir='ltr'><strong>ι</strong></span> 
     </span>
    </p>
   </div>
   <div class='ocr_carea' id='block_1_87' title="bbox 1846 3961 3403 4031">
    <p class='ocr_par' dir='ltr' id='par_1_87' title="bbox 1846 3961 3403 4031">
     <span class='ocr_line' id='line_1_87' title="bbox 1846 3961 3403 4031; baseline -0.006 -7"><span class='ocrx_word' id='word_1_653' title='bbox 1846 3970 1914 4024; x_wconf 88' lang='grc' dir='ltr'><strong>Ει</strong></span> <span class='ocrx_word' id='word_1_654' title='bbox 1944 3985 2155 4023; x_wconf 89' lang='lat' dir='ltr'><strong>rursum</strong></span> <span class='ocrx_word' id='word_1_655' title='bbox 2201 3970 2267 4022; x_wconf 91' lang='lat' dir='ltr'><strong>de</strong></span> <span class='ocrx_word' id='word_1_656' title='bbox 2304 3968 2662 4023; x_wconf 84' lang='lat' dir='ltr'><strong>aediﬁcatione</strong></span> <span class='ocrx_word' id='word_1_657' title='bbox 2705 3966 2872 4019; x_wconf 90' lang='lat' dir='ltr'><strong>turris</strong></span> <span class='ocrx_word' id='word_1_658' title='bbox 2904 3982 2919 4018; x_wconf 88' lang='lat'><strong>:</strong></span> <span class='ocrx_word' id='word_1_659' title='bbox 2951 3980 3021 4018; x_wconf 89' lang='lat' dir='ltr'><strong>ne</strong></span> <span class='ocrx_word' id='word_1_660' title='bbox 3061 3964 3204 4018; x_wconf 86' lang='lat' dir='ltr'><strong>viam</strong></span> <span class='ocrx_word' id='word_1_661' title='bbox 3232 3961 3403 4031; x_wconf 83' lang='lat' dir='ltr'><strong>perfe-</strong></span> 
     </span>
    </p>
   </div>
   <div class='ocr_carea' id='block_1_88' title="bbox 1847 4053 3411 4129">
    <p class='ocr_par' dir='ltr' id='par_1_88' title="bbox 1847 4053 3411 4129">
     <span class='ocr_line' id='line_1_88' title="bbox 1847 4053 3411 4129; baseline -0.008 -12"><span class='ocrx_word' id='word_1_662' title='bbox 1847 4071 1990 4117; x_wconf 89' lang='lat' dir='ltr'><strong>ctam</strong></span> <span class='ocrx_word' id='word_1_663' title='bbox 2023 4060 2369 4129; x_wconf 90' lang='lat' dir='ltr'><strong>incipientes,</strong></span> <span class='ocrx_word' id='word_1_664' title='bbox 2393 4060 2448 4112; x_wconf 92' lang='lat' dir='ltr'><strong>in</strong></span> <span class='ocrx_word' id='word_1_665' title='bbox 2497 4057 2590 4112; x_wconf 89' lang='lat' dir='ltr'><strong>Dei</strong></span> <span class='ocrx_word' id='word_1_666' title='bbox 2623 4057 2886 4124; x_wconf 86' lang='lat' dir='ltr'><strong>obsequio</strong></span> <span class='ocrx_word' id='word_1_667' title='bbox 2928 4055 3144 4109; x_wconf 89' lang='lat' dir='ltr'><strong>desides</strong></span> <span class='ocrx_word' id='word_1_668' title='bbox 3189 4053 3325 4118; x_wconf 89' lang='lat' dir='ltr'><strong>sitis,</strong></span> <span class='ocrx_word' id='word_1_669' title='bbox 3363 4060 3411 4105; x_wconf 85' lang='lat' dir='ltr'><strong>et</strong></span> 
     </span>
    </p>
   </div>
   <div class='ocr_carea' id='block_1_89' title="bbox 1851 4144 3413 4219">
    <p class='ocr_par' dir='ltr' id='par_1_89' title="bbox 1851 4144 3413 4219">
     <span class='ocr_line' id='line_1_89' title="bbox 1851 4144 3413 4219; baseline -0.008 -12"><span class='ocrx_word' id='word_1_670' title='bbox 1851 4153 1903 4208; x_wconf 88' lang='lat' dir='ltr'><strong>in</strong></span> <span class='ocrx_word' id='word_1_671' title='bbox 1952 4152 2106 4207; x_wconf 85' lang='lat' dir='ltr'><strong>vobis</strong></span> <span class='ocrx_word' id='word_1_672' title='bbox 2160 4151 2469 4219; x_wconf 90' lang='lat' dir='ltr'><strong>impleatur,</strong></span> <span class='ocrx_word' id='word_1_673' title='bbox 2516 4148 2643 4218; x_wconf 88' lang='lat' dir='ltr'><strong>quia</strong></span> <span class='ocrx_word' id='word_1_674' title='bbox 2688 4154 2971 4215; x_wconf 69' lang='lat' dir='ltr'><strong>emperunt</strong></span> <span class='ocrx_word' id='word_1_675' title='bbox 3018 4144 3307 4210; x_wconf 65' lang='lat' dir='ltr'><strong>aediﬁcare,</strong></span> <span class='ocrx_word' id='word_1_676' title='bbox 3362 4153 3413 4198; x_wconf 89' lang='lat' dir='ltr'><strong>et</strong></span> 
     </span>
    </p>
   </div>
   <div class='ocr_carea' id='block_1_90' title="bbox 1851 4235 3414 4303">
    <p class='ocr_par' dir='ltr' id='par_1_90' title="bbox 1851 4235 3414 4303">
     <span class='ocr_line' id='line_1_90' title="bbox 1851 4235 3414 4303; baseline -0.007 -7"><span class='ocrx_word' id='word_1_677' title='bbox 1851 4258 1963 4296; x_wconf 90' lang='lat' dir='ltr'><strong>non</strong></span> <span class='ocrx_word' id='word_1_678' title='bbox 1997 4249 2081 4295; x_wconf 88' lang='lat' dir='ltr'><strong>sat</strong></span> <span class='ocrx_word' id='word_1_679' title='bbox 2115 4241 2422 4294; x_wconf 88' lang='lat' dir='ltr'><strong>habuerunt</strong></span> <span class='ocrx_word' id='word_1_680' title='bbox 2460 4238 2654 4292; x_wconf 89' lang='lat' dir='ltr'><strong>virium</strong></span> <span class='ocrx_word' id='word_1_681' title='bbox 2697 4245 2752 4290; x_wconf 92' lang='lat' dir='ltr'><strong>et</strong></span> <span class='ocrx_word' id='word_1_682' title='bbox 2789 4235 2954 4289; x_wconf 89' lang='lat' dir='ltr'><strong>animi</strong></span> <span class='ocrx_word' id='word_1_683' title='bbox 3004 4235 3071 4289; x_wconf 88' lang='lat' dir='ltr'><strong>ad</strong></span> <span class='ocrx_word' id='word_1_684' title='bbox 3117 4248 3254 4303; x_wconf 83' lang='lat' dir='ltr'><strong>opus</strong></span> <span class='ocrx_word' id='word_1_685' title='bbox 3283 4247 3414 4286; x_wconf 90' lang='lat' dir='ltr'><strong>con-</strong></span> 
     </span>
    </p>
   </div>
   <div class='ocr_carea' id='block_1_91' title="bbox 1855 4325 3412 4394">
    <p class='ocr_par' dir='ltr' id='par_1_91' title="bbox 1855 4325 3412 4394">
     <span class='ocr_line' id='line_1_91' title="bbox 1855 4325 3412 4394; baseline -0.008 -6"><span class='ocrx_word' id='word_1_686' title='bbox 1855 4330 2342 4388; x_wconf 58' lang='lat' dir='ltr'><strong>summandum‘s‘.</strong></span> <span class='ocrx_word' id='word_1_687' title='bbox 2377 4328 2526 4384; x_wconf 88' lang='lat' dir='ltr'><strong>State</strong></span> <span class='ocrx_word' id='word_1_688' title='bbox 2577 4327 2775 4392; x_wconf 89' lang='lat' dir='ltr'><strong>securi,</strong></span> <span class='ocrx_word' id='word_1_689' title='bbox 2809 4343 2841 4380; x_wconf 93' lang='grc' dir='ltr'><strong>ο</strong></span> <span class='ocrx_word' id='word_1_690' title='bbox 2880 4325 2973 4379; x_wconf 91' lang='lat' dir='ltr'><strong>ﬁlii</strong></span> <span class='ocrx_word' id='word_1_691' title='bbox 3013 4342 3025 4378; x_wconf 90' lang='lat'><strong>:</strong></span> <span class='ocrx_word' id='word_1_692' title='bbox 3063 4338 3288 4394; x_wconf 86' lang='lat' dir='ltr'><strong>parvum</strong></span> <span class='ocrx_word' id='word_1_693' title='bbox 3336 4331 3412 4376; x_wconf 90' lang='lat' dir='ltr'><strong>est</strong></span> 
     </span>
    </p>
   </div>
   <div class='ocr_carea' id='block_1_92' title="bbox 1854 4407 3417 4488">
    <p class='ocr_par' dir='ltr' id='par_1_92' title="bbox 1854 4407 3417 4488">
     <span class='ocr_line' id='line_1_92' title="bbox 1854 4407 3417 4488; baseline -0.01 -13"><span class='ocrx_word' id='word_1_694' title='bbox 1854 4420 2075 4485; x_wconf 88' lang='lat' dir='ltr'><strong>bellum,</strong></span> <span class='ocrx_word' id='word_1_695' title='bbox 2118 4418 2213 4473; x_wconf 85' lang='lat' dir='ltr'><strong>sed</strong></span> <span class='ocrx_word' id='word_1_696' title='bbox 2244 4433 2436 4488; x_wconf 83' lang='lat' dir='ltr'><strong>magna</strong></span> <span class='ocrx_word' id='word_1_697' title='bbox 2484 4430 2717 4480; x_wconf 85' lang='lat' dir='ltr'><strong>corona;</strong></span> <span class='ocrx_word' id='word_1_698' title='bbox 2749 4411 3060 4482; x_wconf 86' lang='lat' dir='ltr'><strong>temporalis</strong></span> <span class='ocrx_word' id='word_1_699' title='bbox 3105 4410 3275 4475; x_wconf 84' lang='lat' dir='ltr'><strong>labor,</strong></span> <span class='ocrx_word' id='word_1_700' title='bbox 3324 4407 3417 4461; x_wconf 89' lang='lat' dir='ltr'><strong>sed</strong></span> 
     </span>
    </p>
   </div>
   <div class='ocr_carea' id='block_1_93' title="bbox 196 4500 1704 4585">
    <p class='ocr_par' dir='ltr' id='par_1_93' title="bbox 196 4510 1700 4585">
     <span class='ocr_line' id='line_1_93' title="bbox 196 4510 1700 4585; baseline -0.003 -18"><span class='ocrx_word' id='word_1_701' title='bbox 196 4532 314 4585; x_wconf 88' lang='grc' dir='ltr'>μος,</span> <span class='ocrx_word' id='word_1_702' title='bbox 345 4514 480 4566; x_wconf 81' lang='grc' dir='ltr'>ἀλλὰ</span> <span class='ocrx_word' id='word_1_703' title='bbox 520 4514 691 4581; x_wconf 83' lang='grc' dir='ltr'>μέγας</span> <span class='ocrx_word' id='word_1_704' title='bbox 721 4514 751 4564; x_wconf 89' lang='lat'><strong>6</strong></span> <span class='ocrx_word' id='word_1_705' title='bbox 783 4511 1046 4577; x_wconf 79' lang='grc' dir='ltr'>στέφανος</span> <span class='ocrx_word' id='word_1_706' title='bbox 1069 4525 1083 4539; x_wconf 81' lang='lat'><strong><em>°</em></strong></span> <span class='ocrx_word' id='word_1_707' title='bbox 1119 4510 1452 4578; x_wconf 88' lang='grc' dir='ltr'>πρόσκαιρος</span> <span class='ocrx_word' id='word_1_708' title='bbox 1490 4510 1519 4561; x_wconf 87' lang='lat'><strong>6</strong></span> <span class='ocrx_word' id='word_1_709' title='bbox 1571 4510 1700 4563; x_wconf 92' lang='grc' dir='ltr'>πόνο</span> 
     </span>
    </p>
   </div>
   <div class='ocr_carea' id='block_1_94' title="bbox 1904 4500 3414 4585">
    <p class='ocr_par' dir='ltr' id='par_1_94' title="bbox 1905 4500 3414 4577">
     <span class='ocr_line' id='line_1_94' title="bbox 1905 4500 3414 4577; baseline -0.009 -13"><span class='ocrx_word' id='word_1_710' title='bbox 1905 4520 2057 4565; x_wconf 90' lang='lat' dir='ltr'><strong>terna</strong></span> <span class='ocrx_word' id='word_1_711' title='bbox 2094 4508 2327 4577; x_wconf 84' lang='lat' dir='ltr'><strong>requies.</strong></span> <span class='ocrx_word' id='word_1_712' title='bbox 2366 4507 2553 4575; x_wconf 84' lang='lat' dir='ltr'><strong>Itaque</strong></span> <span class='ocrx_word' id='word_1_713' title='bbox 2588 4520 2711 4558; x_wconf 90' lang='lat' dir='ltr'><strong>cum</strong></span> <span class='ocrx_word' id='word_1_714' title='bbox 2752 4513 2966 4572; x_wconf 88' lang='lat' dir='ltr'><strong>tempus</strong></span> <span class='ocrx_word' id='word_1_715' title='bbox 2993 4500 3332 4572; x_wconf 83' lang='lat' dir='ltr'><strong>procederet,</strong></span> <span class='ocrx_word' id='word_1_716' title='bbox 3365 4508 3414 4551; x_wconf 89' lang='lat' dir='ltr'><strong>et</strong></span> 
     </span>
    </p>
   </div>
   <div class='ocr_carea' id='block_1_95' title="bbox 132 4596 1754 4683">
    <p class='ocr_par' dir='ltr' id='par_1_95' title="bbox 132 4596 1754 4683">
     <span class='ocr_line' id='line_1_95' title="bbox 132 4596 1754 4683; baseline -0.012 -23"><span class='ocrx_word' id='word_1_717' title='bbox 132 4678 137 4683; x_wconf 83' lang='lat'><strong>_</strong></span> <span class='ocrx_word' id='word_1_718' title='bbox 194 4606 307 4659; x_wconf 85' lang='grc' dir='ltr'>ἀλλ’</span> <span class='ocrx_word' id='word_1_719' title='bbox 340 4605 534 4657; x_wconf 80' lang='grc' dir='ltr'>αἰωνία</span> <span class='ocrx_word' id='word_1_720' title='bbox 560 4606 593 4672; x_wconf 91' lang='grc' dir='ltr'><strong>ή</strong></span> <span class='ocrx_word' id='word_1_721' title='bbox 643 4603 968 4663; x_wconf 81' lang='grc' dir='ltr'>ἀνάπαυσις.</span> <span class='ocrx_word' id='word_1_722' title='bbox 1028 4599 1141 4668; x_wconf 89' lang='grc' dir='ltr'>Τῆς</span> <span class='ocrx_word' id='word_1_723' title='bbox 1169 4598 1318 4669; x_wconf 85' lang='grc' dir='ltr'>ὥρας</span> <span class='ocrx_word' id='word_1_724' title='bbox 1351 4596 1445 4652; x_wconf 85' lang='grc' dir='ltr'>οὖν</span> <span class='ocrx_word' id='word_1_725' title='bbox 1476 4601 1754 4671; x_wconf 70' lang='grc' dir='ltr'>προκοψά.</span> 
     </span>
    </p>
   </div>
   <div class='ocr_carea' id='block_1_96' title="bbox 195 4690 1753 4773">
    <p class='ocr_par' dir='ltr' id='par_1_96' title="bbox 195 4690 1753 4773">
     <span class='ocr_line' id='line_1_96' title="bbox 195 4690 1753 4773; baseline -0.005 -22"><span class='ocrx_word' id='word_1_726' title='bbox 195 4715 315 4767; x_wconf 91' lang='grc' dir='ltr'>σης,</span> <span class='ocrx_word' id='word_1_727' title='bbox 332 4698 424 4749; x_wconf 67' lang='grc' dir='ltr'>καὶ</span> <span class='ocrx_word' id='word_1_728' title='bbox 452 4696 553 4773; x_wconf 73' lang='grc' dir='ltr'><strong>ήδη</strong></span> <span class='ocrx_word' id='word_1_729' title='bbox 581 4693 766 4745; x_wconf 86' lang='grc' dir='ltr'>λοιπὸν</span> <span class='ocrx_word' id='word_1_730' title='bbox 794 4691 890 4745; x_wconf 74' lang='grc' dir='ltr'>τοῦ</span> <span class='ocrx_word' id='word_1_731' title='bbox 923 4690 1079 4755; x_wconf 82' lang='grc' dir='ltr'>ξύλου</span> <span class='ocrx_word' id='word_1_732' title='bbox 1102 4693 1411 4759; x_wconf 81' lang='grc' dir='ltr'>κρούοντος,</span> <span class='ocrx_word' id='word_1_733' title='bbox 1433 4691 1508 4754; x_wconf 83' lang='grc' dir='ltr'>ὡς</span> <span class='ocrx_word' id='word_1_734' title='bbox 1531 4690 1753 4757; x_wconf 74' lang='grc' dir='ltr'>ἔμελλον</span> 
     </span>
    </p>
   </div>
   <div class='ocr_carea' id='block_1_97' title="bbox 192 4780 1756 4854">
    <p class='ocr_par' dir='ltr' id='par_1_97' title="bbox 192 4780 1756 4854">
     <span class='ocr_line' id='line_1_97' title="bbox 192 4780 1756 4854; baseline -0.005 -13"><span class='ocrx_word' id='word_1_735' title='bbox 192 4787 287 4842; x_wconf 78' lang='grc' dir='ltr'>τοῦ</span> <span class='ocrx_word' id='word_1_736' title='bbox 315 4785 556 4846; x_wconf 83' lang='grc' dir='ltr'>πυλῶνος</span> <span class='ocrx_word' id='word_1_737' title='bbox 580 4782 914 4854; x_wconf 77' lang='grc' dir='ltr'>ὲξέρχεσθαι,</span> <span class='ocrx_word' id='word_1_738' title='bbox 942 4781 1133 4834; x_wconf 76' lang='grc' dir='ltr'>ἔλαϐεν</span> <span class='ocrx_word' id='word_1_739' title='bbox 1160 4784 1188 4834; x_wconf 91' lang='lat'><strong>6</strong></span> <span class='ocrx_word' id='word_1_740' title='bbox 1224 4780 1446 4850; x_wconf 88' lang='grc' dir='ltr'>Συμεὼν</span> <span class='ocrx_word' id='word_1_741' title='bbox 1476 4781 1565 4833; x_wconf 90' lang='grc' dir='ltr'><strong>τὸν</strong></span> <span class='ocrx_word' id='word_1_742' title='bbox 1593 4781 1756 4850; x_wconf 84' lang='grc' dir='ltr'>ήγού-</span> 
     </span>
    </p>
   </div>
   <div class='ocr_carea' id='block_1_98' title="bbox 200 4869 1759 4949">
    <p class='ocr_par' dir='ltr' id='par_1_98' title="bbox 200 4869 1759 4949">
     <span class='ocr_line' id='line_1_98' title="bbox 200 4869 1759 4949; baseline -0.004 -17"><span class='ocrx_word' id='word_1_743' title='bbox 200 4879 503 4949; x_wconf 16' lang='grc' dir='ltr'>μενοννκατ’</span> <span class='ocrx_word' id='word_1_744' title='bbox 529 4876 684 4937; x_wconf 83' lang='grc' dir='ltr'>ἰδίαν,</span> <span class='ocrx_word' id='word_1_745' title='bbox 716 4875 809 4927; x_wconf 72' lang='grc' dir='ltr'><strong>καὶ</strong></span> <span class='ocrx_word' id='word_1_746' title='bbox 841 4869 993 4926; x_wconf 75' lang='grc' dir='ltr'>εἶπεν</span> <span class='ocrx_word' id='word_1_747' title='bbox 1015 4870 1164 4942; x_wconf 84' lang='grc' dir='ltr'><strong>αὐτῷ</strong></span> <span class='ocrx_word' id='word_1_748' title='bbox 1181 4889 1194 4901; x_wconf 90' lang='grc'><strong>·</strong></span> <span class='ocrx_word' id='word_1_749' title='bbox 1228 4872 1330 4925; x_wconf 89' lang='grc' dir='ltr'>Διά</span> <span class='ocrx_word' id='word_1_750' title='bbox 1356 4870 1448 4925; x_wconf 86' lang='grc' dir='ltr'><strong>τὸν</strong></span> <span class='ocrx_word' id='word_1_751' title='bbox 1474 4872 1624 4935; x_wconf 81' lang='grc' dir='ltr'>Θεὸν,</span> <span class='ocrx_word' id='word_1_752' title='bbox 1649 4872 1759 4925; x_wconf 87' lang='grc' dir='ltr'>Πά-</span> 
     </span>
    </p>
   </div>
   <div class='ocr_carea' id='block_1_99' title="bbox 198 4961 1761 5040">
    <p class='ocr_par' dir='ltr' id='par_1_99' title="bbox 198 4961 1761 5040">
     <span class='ocr_line' id='line_1_99' title="bbox 198 4961 1761 5040; baseline -0.004 -19"><span class='ocrx_word' id='word_1_753' title='bbox 198 4986 315 5040; x_wconf 92' lang='grc' dir='ltr'>τερ,</span> <span class='ocrx_word' id='word_1_754' title='bbox 347 4964 518 5032; x_wconf 82' lang='grc' dir='ltr'>εὖξαι,</span> <span class='ocrx_word' id='word_1_755' title='bbox 548 4967 635 5019; x_wconf 84' lang='grc' dir='ltr'>ἴνα</span> <span class='ocrx_word' id='word_1_756' title='bbox 665 4968 693 5018; x_wconf 89' lang='lat'><strong>6</strong></span> <span class='ocrx_word' id='word_1_757' title='bbox 718 4964 850 5026; x_wconf 88' lang='grc' dir='ltr'>Θεὸς</span> <span class='ocrx_word' id='word_1_758' title='bbox 882 4963 1210 5034; x_wconf 84' lang='grc' dir='ltr'>διασκεδάσῃ</span> <span class='ocrx_word' id='word_1_759' title='bbox 1261 4963 1359 5026; x_wconf 85' lang='grc' dir='ltr'>τὴν</span> <span class='ocrx_word' id='word_1_760' title='bbox 1400 4963 1620 5031; x_wconf 86' lang='grc' dir='ltr'>μνήμην</span> <span class='ocrx_word' id='word_1_761' title='bbox 1663 4961 1761 5030; x_wconf 83' lang='grc' dir='ltr'><strong>τῆς</strong></span> 
     </span>
    </p>
   </div>
   <div class='ocr_carea' id='block_1_100' title="bbox 200 5052 1761 5128">
    <p class='ocr_par' dir='ltr' id='par_1_100' title="bbox 200 5052 1761 5128">
     <span class='ocr_line' id='line_1_100' title="bbox 200 5052 1761 5128; baseline -0.005 -16"><span class='ocrx_word' id='word_1_762' title='bbox 200 5059 455 5128; x_wconf 83' lang='grc' dir='ltr'>γυναικὸς</span> <span class='ocrx_word' id='word_1_763' title='bbox 486 5056 580 5109; x_wconf 81' lang='grc' dir='ltr'>τοῦ</span> <span class='ocrx_word' id='word_1_764' title='bbox 608 5055 838 5125; x_wconf 80' lang='grc' dir='ltr'>ἀδελφοῦ</span> <span class='ocrx_word' id='word_1_765' title='bbox 867 5072 968 5125; x_wconf 90' lang='grc' dir='ltr'><strong>μου</strong></span> <span class='ocrx_word' id='word_1_766' title='bbox 997 5054 1269 5117; x_wconf 73' lang='grc' dir='ltr'>Ἰωάννου,</span> <span class='ocrx_word' id='word_1_767' title='bbox 1298 5054 1371 5122; x_wconf 91' lang='grc' dir='ltr'><strong>μή</strong></span> <span class='ocrx_word' id='word_1_768' title='bbox 1408 5070 1523 5115; x_wconf 86' lang='grc' dir='ltr'><strong>πως</strong></span> <span class='ocrx_word' id='word_1_769' title='bbox 1567 5055 1631 5105; x_wconf 84' lang='grc' dir='ltr'>ὲκ</span> <span class='ocrx_word' id='word_1_770' title='bbox 1669 5052 1761 5106; x_wconf 80' lang='grc' dir='ltr'>τοῦ</span> 
     </span>
    </p>
   </div>
   <div class='ocr_carea' id='block_1_101' title="bbox 203 5141 1759 5218">
    <p class='ocr_par' dir='ltr' id='par_1_101' title="bbox 203 5141 1759 5218">
     <span class='ocr_line' id='line_1_101' title="bbox 203 5141 1759 5218; baseline -0.006 -14"><span class='ocrx_word' id='word_1_771' title='bbox 203 5145 437 5218; x_wconf 80' lang='grc' dir='ltr'>πονηροῦ</span> <span class='ocrx_word' id='word_1_772' title='bbox 490 5147 646 5199; x_wconf 70' lang='grc' dir='ltr'>ἐάσαι</span> <span class='ocrx_word' id='word_1_773' title='bbox 697 5161 786 5214; x_wconf 89' lang='grc' dir='ltr'><strong>με,</strong></span> <span class='ocrx_word' id='word_1_774' title='bbox 840 5144 935 5196; x_wconf 79' lang='grc' dir='ltr'>καὶ</span> <span class='ocrx_word' id='word_1_775' title='bbox 986 5144 1273 5212; x_wconf 81' lang='grc' dir='ltr'>ἀπόλωμαι</span> <span class='ocrx_word' id='word_1_776' title='bbox 1320 5141 1426 5194; x_wconf 84' lang='grc' dir='ltr'>ὑπὸ</span> <span class='ocrx_word' id='word_1_777' title='bbox 1452 5142 1550 5210; x_wconf 88' lang='grc' dir='ltr'><strong>τῆς</strong></span> <span class='ocrx_word' id='word_1_778' title='bbox 1581 5141 1759 5213; x_wconf 90' lang='grc' dir='ltr'>λύπης</span> 
     </span>
    </p>
   </div>
   <div class='ocr_carea' id='block_1_102' title="bbox 281 5313 1816 5386">
    <p class='ocr_par' dir='ltr' id='par_1_102' title="bbox 281 5313 1816 5386">
     <span class='ocr_line' id='line_1_102' title="bbox 281 5313 1816 5386; baseline -0.005 -9"><span class='ocrx_word' id='word_1_779' title='bbox 281 5322 326 5356; x_wconf 86' lang='grc'><strong>¹¹¹</strong></span> <span class='ocrx_word' id='word_1_780' title='bbox 354 5320 376 5376; x_wconf 87' lang='lat' dir='ltr'><strong>I</strong></span> <span class='ocrx_word' id='word_1_781' title='bbox 407 5319 533 5376; x_wconf 90' lang='lat' dir='ltr'><strong>Cor.</strong></span> <span class='ocrx_word' id='word_1_782' title='bbox 564 5335 623 5386; x_wconf 85' lang='lat' dir='ltr'><strong>x,</strong></span> <span class='ocrx_word' id='word_1_783' title='bbox 648 5318 734 5373; x_wconf 78' lang='lat' dir='ltr'><strong>l5.</strong></span> <span class='ocrx_word' id='word_1_784' title='bbox 812 5314 859 5349; x_wconf 80' lang='grc'>¹⁸</span> <span class='ocrx_word' id='word_1_785' title='bbox 884 5317 1017 5374; x_wconf 90' lang='lat' dir='ltr'><strong>Luc.</strong></span> <span class='ocrx_word' id='word_1_786' title='bbox 1046 5333 1121 5384; x_wconf 78' lang='lat' dir='ltr'><strong>1x,</strong></span> <span class='ocrx_word' id='word_1_787' title='bbox 1151 5316 1239 5371; x_wconf 72' lang='grc'>62.</span> <span class='ocrx_word' id='word_1_788' title='bbox 1317 5315 1383 5348; x_wconf 84' lang='grc'><strong>¹¹¹·</strong></span> <span class='ocrx_word' id='word_1_789' title='bbox 1422 5313 1555 5369; x_wconf 90' lang='lat' dir='ltr'><strong>Luc.</strong></span> <span class='ocrx_word' id='word_1_790' title='bbox 1598 5332 1705 5380; x_wconf 76' lang='lat' dir='ltr'><strong>xiv,</strong></span> <span class='ocrx_word' id='word_1_791' title='bbox 1729 5318 1816 5372; x_wconf 76' lang='lat'><strong>50.</strong></span> 
     </span>
    </p>
   </div>
   <div class='ocr_carea' id='block_1_103' title="bbox 1853 4591 3417 4670">
    <p class='ocr_par' dir='ltr' id='par_1_103' title="bbox 1853 4591 3417 4670">
     <span class='ocr_line' id='line_1_103' title="bbox 1853 4591 3417 4670; baseline -0.008 -16"><span class='ocrx_word' id='word_1_792' title='bbox 1853 4601 1963 4670; x_wconf 84' lang='lat' dir='ltr'><strong>jam</strong></span> <span class='ocrx_word' id='word_1_793' title='bbox 1991 4599 2248 4668; x_wconf 89' lang='lat' dir='ltr'><strong>deinceps</strong></span> <span class='ocrx_word' id='word_1_794' title='bbox 2294 4598 2494 4668; x_wconf 87' lang='lat' dir='ltr'><strong>lignum</strong></span> <span class='ocrx_word' id='word_1_795' title='bbox 2536 4598 2773 4666; x_wconf 71' lang='lat' dir='ltr'><strong>pulsaret</strong></span> <span class='ocrx_word' id='word_1_796' title='bbox 2811 4595 2958 4665; x_wconf 72' lang='lat'><strong>(23);</strong></span> <span class='ocrx_word' id='word_1_797' title='bbox 2986 4603 3040 4649; x_wconf 87' lang='lat' dir='ltr'><strong>et</strong></span> <span class='ocrx_word' id='word_1_798' title='bbox 3080 4593 3154 4645; x_wconf 91' lang='lat' dir='ltr'><strong>illi</strong></span> <span class='ocrx_word' id='word_1_799' title='bbox 3193 4608 3223 4645; x_wconf 89' lang='lat' dir='ltr'><strong>e</strong></span> <span class='ocrx_word' id='word_1_800' title='bbox 3253 4591 3417 4660; x_wconf 83' lang='lat' dir='ltr'><strong>janua</strong></span> 
     </span>
    </p>
   </div>
   <div class='ocr_carea' id='block_1_104' title="bbox 1856 4681 3417 4757">
    <p class='ocr_par' dir='ltr' id='par_1_104' title="bbox 1856 4681 3417 4757">
     <span class='ocr_line' id='line_1_104' title="bbox 1856 4681 3417 4757; baseline -0.008 -13"><span class='ocrx_word' id='word_1_801' title='bbox 1856 4698 2037 4746; x_wconf 84' lang='lat' dir='ltr'><strong>essent</strong></span> <span class='ocrx_word' id='word_1_802' title='bbox 2054 4689 2345 4756; x_wconf 83' lang='lat' dir='ltr'><strong>egressuri,</strong></span> <span class='ocrx_word' id='word_1_803' title='bbox 2380 4688 2682 4757; x_wconf 81' lang='lat' dir='ltr'><strong>hegumcno</strong></span> <span class='ocrx_word' id='word_1_804' title='bbox 2720 4685 2947 4738; x_wconf 85' lang='lat' dir='ltr'><strong>seorsim</strong></span> <span class='ocrx_word' id='word_1_805' title='bbox 2982 4683 3254 4750; x_wconf 91' lang='lat' dir='ltr'><strong>prehenso</strong></span> <span class='ocrx_word' id='word_1_806' title='bbox 3285 4681 3417 4733; x_wconf 80' lang='lat' dir='ltr'><strong>dixit</strong></span> 
     </span>
    </p>
   </div>
   <div class='ocr_carea' id='block_1_105' title="bbox 1858 4773 3417 4853">
    <p class='ocr_par' dir='ltr' id='par_1_105' title="bbox 1858 4773 3417 4853">
     <span class='ocr_line' id='line_1_105' title="bbox 1858 4773 3417 4853; baseline -0.007 -18"><span class='ocrx_word' id='word_1_807' title='bbox 1858 4782 2087 4853; x_wconf 85' lang='lat' dir='ltr'><strong>Symeon</strong></span> <span class='ocrx_word' id='word_1_808' title='bbox 2112 4799 2125 4832; x_wconf 86' lang='lat'><strong>:</strong></span> <span class='ocrx_word' id='word_1_809' title='bbox 2156 4780 2382 4847; x_wconf 88' lang='lat' dir='ltr'><strong>Propter</strong></span> <span class='ocrx_word' id='word_1_810' title='bbox 2411 4777 2604 4839; x_wconf 91' lang='lat' dir='ltr'><strong>Deum,</strong></span> <span class='ocrx_word' id='word_1_811' title='bbox 2648 4776 2719 4828; x_wconf 92' lang='lat' dir='ltr'><strong>mi</strong></span> <span class='ocrx_word' id='word_1_812' title='bbox 2748 4775 2925 4836; x_wconf 87' lang='lat' dir='ltr'><strong>Pater,</strong></span> <span class='ocrx_word' id='word_1_813' title='bbox 2953 4789 3067 4837; x_wconf 88' lang='lat' dir='ltr'><strong>ora,</strong></span> <span class='ocrx_word' id='word_1_814' title='bbox 3093 4782 3152 4826; x_wconf 90' lang='lat' dir='ltr'><strong>ut</strong></span> <span class='ocrx_word' id='word_1_815' title='bbox 3185 4773 3325 4826; x_wconf 88' lang='lat' dir='ltr'><strong>Deus</strong></span> <span class='ocrx_word' id='word_1_816' title='bbox 3355 4788 3417 4825; x_wconf 82' lang='lat' dir='ltr'><strong>ex</strong></span> 
     </span>
    </p>
   </div>
   <div class='ocr_carea' id='block_1_106' title="bbox 1859 4860 3422 4928">
    <p class='ocr_par' dir='ltr' id='par_1_106' title="bbox 1859 4860 3422 4928">
     <span class='ocr_line' id='line_1_106' title="bbox 1859 4860 3422 4928; baseline -0.008 -4"><span class='ocrx_word' id='word_1_817' title='bbox 1859 4870 2040 4924; x_wconf 88' lang='lat' dir='ltr'><strong>animo</strong></span> <span class='ocrx_word' id='word_1_818' title='bbox 2067 4868 2252 4921; x_wconf 80' lang='lat' dir='ltr'><strong>fratris</strong></span> <span class='ocrx_word' id='word_1_819' title='bbox 2294 4866 2399 4919; x_wconf 91' lang='lat' dir='ltr'><strong>mei</strong></span> <span class='ocrx_word' id='word_1_820' title='bbox 2425 4863 2652 4918; x_wconf 84' lang='lat' dir='ltr'><strong>Joannis</strong></span> <span class='ocrx_word' id='word_1_821' title='bbox 2683 4864 2859 4916; x_wconf 87' lang='lat' dir='ltr'><strong>deleat</strong></span> <span class='ocrx_word' id='word_1_822' title='bbox 2886 4860 3199 4915; x_wconf 89' lang='lat' dir='ltr'><strong>memoriam</strong></span> <span class='ocrx_word' id='word_1_823' title='bbox 3234 4860 3422 4928; x_wconf 77' lang='lat' dir='ltr'><strong>conju-</strong></span> 
     </span>
    </p>
   </div>
   <div class='ocr_carea' id='block_1_107' title="bbox 1858 4943 3419 5030">
    <p class='ocr_par' dir='ltr' id='par_1_107' title="bbox 1858 4943 3419 5030">
     <span class='ocr_line' id='line_1_107' title="bbox 1858 4943 3419 5030; baseline -0.004 -19"><span class='ocrx_word' id='word_1_824' title='bbox 1858 4960 1939 5030; x_wconf 84' lang='lat' dir='ltr'><strong>gis</strong></span> <span class='ocrx_word' id='word_1_825' title='bbox 1967 4973 2099 5023; x_wconf 65' lang='lat' dir='ltr'><strong>suat,</strong></span> <span class='ocrx_word' id='word_1_826' title='bbox 2124 4972 2194 5011; x_wconf 90' lang='lat' dir='ltr'><strong>ne</strong></span> <span class='ocrx_word' id='word_1_827' title='bbox 2219 4956 2452 5026; x_wconf 87' lang='lat' dir='ltr'><strong>maligno</strong></span> <span class='ocrx_word' id='word_1_828' title='bbox 2483 4943 2830 5007; x_wconf 58' lang='lat' dir='ltr'><strong>machina&#39;nte</strong></span> <span class='ocrx_word' id='word_1_829' title='bbox 2854 4951 3045 5020; x_wconf 89' lang='lat' dir='ltr'><strong>spiritu</strong></span> <span class='ocrx_word' id='word_1_830' title='bbox 3079 4967 3163 5004; x_wconf 91' lang='lat' dir='ltr'><strong>me</strong></span> <span class='ocrx_word' id='word_1_831' title='bbox 3183 4951 3419 5012; x_wconf 84' lang='lat' dir='ltr'><strong>deserat,</strong></span> 
     </span>
    </p>
   </div>
   <div class='ocr_carea' id='block_1_108' title="bbox 1859 5042 3419 5118">
    <p class='ocr_par' dir='ltr' id='par_1_108' title="bbox 1859 5042 3419 5118">
     <span class='ocr_line' id='line_1_108' title="bbox 1859 5042 3419 5118; baseline -0.006 -15"><span class='ocrx_word' id='word_1_832' title='bbox 1859 5058 1913 5103; x_wconf 92' lang='lat' dir='ltr'><strong>et</strong></span> <span class='ocrx_word' id='word_1_833' title='bbox 1941 5064 2040 5118; x_wconf 90' lang='lat' dir='ltr'><strong>ego</strong></span> <span class='ocrx_word' id='word_1_834' title='bbox 2068 5048 2332 5101; x_wconf 86' lang='lat' dir='ltr'><strong>inteream</strong></span> <span class='ocrx_word' id='word_1_835' title='bbox 2370 5061 2481 5114; x_wconf 66' lang='lat' dir='ltr'><strong>pra:</strong></span> <span class='ocrx_word' id='word_1_836' title='bbox 2508 5045 2713 5111; x_wconf 91' lang='lat' dir='ltr'><strong>dolore,</strong></span> <span class='ocrx_word' id='word_1_837' title='bbox 2749 5044 2818 5098; x_wconf 87' lang='lat' dir='ltr'><strong>ob</strong></span> <span class='ocrx_word' id='word_1_838' title='bbox 2846 5043 2966 5111; x_wconf 83' lang='lat' dir='ltr'><strong>ejus</strong></span> <span class='ocrx_word' id='word_1_839' title='bbox 2989 5042 3213 5096; x_wconf 84' lang='lat' dir='ltr'><strong>exitium</strong></span> <span class='ocrx_word' id='word_1_840' title='bbox 3244 5051 3298 5096; x_wconf 89' lang='lat' dir='ltr'><strong>et</strong></span> <span class='ocrx_word' id='word_1_841' title='bbox 3330 5057 3419 5095; x_wconf 92' lang='lat' dir='ltr'><strong>re-</strong></span> 
     </span>
    </p>
   </div>
   <div class='ocr_carea' id='block_1_109' title="bbox 1863 5132 3420 5205">
    <p class='ocr_par' dir='ltr' id='par_1_109' title="bbox 1863 5132 3420 5205">
     <span class='ocr_line' id='line_1_109' title="bbox 1863 5132 3420 5205; baseline -0.005 -10"><span class='ocrx_word' id='word_1_842' title='bbox 1863 5154 2098 5195; x_wconf 90' lang='lat' dir='ltr'><strong>cessum.</strong></span> <span class='ocrx_word' id='word_1_843' title='bbox 2141 5135 2265 5203; x_wconf 90' lang='lat' dir='ltr'><strong>Ora,</strong></span> <span class='ocrx_word' id='word_1_844' title='bbox 2299 5138 2544 5201; x_wconf 91' lang='lat' dir='ltr'><strong>obsecro,</strong></span> <span class='ocrx_word' id='word_1_845' title='bbox 2581 5144 2801 5205; x_wconf 82' lang='lat' dir='ltr'><strong>propter</strong></span> <span class='ocrx_word' id='word_1_846' title='bbox 2847 5133 3154 5198; x_wconf 89' lang='lat' dir='ltr'><strong>Dominum,</strong></span> <span class='ocrx_word' id='word_1_847' title='bbox 3185 5142 3243 5186; x_wconf 86' lang='lat' dir='ltr'><strong>ut</strong></span> <span class='ocrx_word' id='word_1_848' title='bbox 3282 5132 3420 5187; x_wconf 78' lang='lat' dir='ltr'><strong>Deus</strong></span> 
     </span>
    </p>
   </div>
   <div class='ocr_carea' id='block_1_110' title="bbox 1690 5432 1914 5489">
    <p class='ocr_par' dir='ltr' id='par_1_110' title="bbox 1690 5432 1914 5489">
     <span class='ocr_line' id='line_1_110' title="bbox 1690 5432 1914 5489; baseline 0.013 -3"><span class='ocrx_word' id='word_1_849' title='bbox 1690 5432 1914 5489; x_wconf 66' lang='lat' dir='ltr'><strong>NOTIE.</strong></span> 
     </span>
    </p>
   </div>
   <div class='ocr_carea' id='block_1_111' title="bbox 283 5531 3427 5620">
    <p class='ocr_par' dir='ltr' id='par_1_111' title="bbox 283 5531 3427 5620">
     <span class='ocr_line' id='line_1_111' title="bbox 283 5531 3427 5620; baseline -0.006 -18"><span class='ocrx_word' id='word_1_850' title='bbox 283 5548 391 5620; x_wconf 70' lang='grc'><strong>(25)</strong></span> <span class='ocrx_word' id='word_1_851' title='bbox 424 5548 704 5620; x_wconf 79' lang='lat' dir='ltr'><strong>Quomodo</strong></span> <span class='ocrx_word' id='word_1_852' title='bbox 734 5549 892 5620; x_wconf 86' lang='lat' dir='ltr'><strong>lignis</strong></span> <span class='ocrx_word' id='word_1_853' title='bbox 928 5566 1028 5620; x_wconf 90' lang='lat' dir='ltr'><strong>pro</strong></span> <span class='ocrx_word' id='word_1_854' title='bbox 1065 5567 1171 5606; x_wconf 67' lang='lat' dir='ltr'><strong>tere</strong></span> <span class='ocrx_word' id='word_1_855' title='bbox 1209 5550 1483 5620; x_wconf 86' lang='lat' dir='ltr'><strong>Campano</strong></span> <span class='ocrx_word' id='word_1_856' title='bbox 1537 5559 1758 5607; x_wconf 85' lang='lat' dir='ltr'><strong>utantur</strong></span> <span class='ocrx_word' id='word_1_857' title='bbox 1812 5553 2060 5608; x_wconf 87' lang='lat' dir='ltr'><strong>monachi</strong></span> <span class='ocrx_word' id='word_1_858' title='bbox 2084 5550 2409 5613; x_wconf 81' lang='lat' dir='ltr'><strong>Orientales,</strong></span> <span class='ocrx_word' id='word_1_859' title='bbox 2434 5545 2664 5614; x_wconf 84' lang='lat' dir='ltr'><strong>explicat</strong></span> <span class='ocrx_word' id='word_1_860' title='bbox 2689 5543 2900 5598; x_wconf 82' lang='lat' dir='ltr'><strong>libellus</strong></span> <span class='ocrx_word' id='word_1_861' title='bbox 2931 5535 3236 5608; x_wconf 70' lang='lat' dir='ltr'><strong>Hieronymi</strong></span> <span class='ocrx_word' id='word_1_862' title='bbox 3265 5531 3427 5601; x_wconf 65' lang='grc' dir='ltr'><strong>ΜεείἰΓ</strong></span> 
     </span>
    </p>
   </div>
   <div class='ocr_carea' id='block_1_112' title="bbox 214 5617 697 5673">
    <p class='ocr_par' dir='ltr' id='par_1_112' title="bbox 214 5617 697 5673">
     <span class='ocr_line' id='line_1_112' title="bbox 214 5617 697 5673; baseline -0.004 0"><span class='ocrx_word' id='word_1_863' title='bbox 214 5617 297 5673; x_wconf 69' lang='lat' dir='ltr'><strong>De</strong></span> <span class='ocrx_word' id='word_1_864' title='bbox 320 5617 697 5671; x_wconf 77' lang='lat' dir='ltr'><strong>tintinnabulis.</strong></span> 
     </span>
    </p>
   </div>
  </div>
