3736 6308
147 231 307 296 1697

1428 231 1605 295 VITA
1637 232 1697 289 S.
1738 228 2133 290 SYMEONIS.

3158 182 3163 193 ’
3275 227 3407 292 1698

152 340 426 411 στήθους,
462 340 556 394 καὶ
591 339 763 408 αὐτὴν
778 338 1009 411 ηὔχοντο
1021 338 1249 394 πάντοτε
1272 341 1349 403 είς
1370 341 1599 394 ἕκαστον
1621 356 1724 392 πει-

1900 352 1908 390 ι
1961 338 2382 394 eventus‘illico
2417 340 2599 395 docuit
2652 342 2839 397 ambos
2881 343 3023 396 lianc
3066 340 3319 397 calluisse
3345 358 3412 398 ex

155 430 402 500 ρασμδν,
425 432 518 484 καὶ
541 432 621 494 είς
635 430 869 484 ἕκαστον
890 429 1101 501 αἴτημα
1120 429 1299 484 αὐτῶν
1323 430 1458 500 πρὸς
1473 430 1732 484 τῦνΘεόν.

158 522 360 576 Ἔστιν
385 523 494 592 γὰρ
529 523 619 575 ὅτε
660 522 865 592 ὲπύρου
904 523 1104 585 αὐτοὺς
1135 523 1164 574 6
1208 521 1452 585 διάὸολος
1475 559 1490 586 ,
1517 523 1594 586 ὼς
1647 521 1735 588 ἑξ-

156 615 355 681 ηγεττο
375 612 678 684 ὀεθεοφὸρος
690 612 876 676 Σαλδς,
892 611 967 675 ὡς
982 611 1078 665 ὲάν
1101 613 1239 682 κρέα
1253 611 1344 666 καὶ
1363 605 1506 666 οἶνον
1525 613 1733 682 ἤσθιον,

157 701 262 753 καὶ
302 700 462 754 πάλιν
503 701 803 753 ὑπέϐαλλεν
840 701 1026 762 αὐτοῖς
1079 698 1231 769 παρὰ
1280 699 1379 762 τὰς
1418 699 1592 769 ἀρχὰς
1627 699 1737 751 δει-

159 788 310 852 λίαν,
367 791 459 842 καὶ
515 790 742 859 ἀκηδίαν
774 790 912 861 πρὸς
948 790 1048 855 τὴν
1079 789 1336 861 ἄσκησιν,
1375 788 1519 842 ὥστε
1549 789 1736 857 διαφό-

165 898 280 950 ρως
304 880 586 951 ἐπιζητεῖν
619 881 817 943 αὐτοὺς
847 879 1209 951 ὑποστρέφειν
1251 882 1333 943 εἰς
1376 881 1436 933 τὸ
1463 881 1737 949 μοναστή-

163 988 285 1041 ριον
319 973 427 1024 ἀπὸ
450 972 551 1041 τῆς
577 972 810 1041 ἐρήμου,
842 971 1004 1025 πάλιν
1053 970 1111 1025 δὲ
1166 971 1307 1025 κατά
1355 971 1483 1032 τοὺς
1535 969 1737 1031 ὕπνους

161 1058 415 1129 θεωρεῖν.
443 1061 631 1125 Ἔστιν
672 1060 730 1113 δὲ
777 1061 866 1113 ὅτε
923 1060 1017 1113 καὶ
1062 1061 1120 1112 ὲν
1152 1059 1423 1129 φαντασίᾳ
1458 1060 1587 1120 τοὺς
1613 1059 1738 1125 ἐαυ-

159 1150 273 1201 τῶν
306 1149 489 1213 ἰδίους,
520 1149 645 1212 τοὺς
673 1150 771 1218 μὲν
796 1149 1111 1213 κλαίοντας,
1134 1149 1261 1212 τοὺς
1282 1148 1338 1202 δὲ
1360 1146 1738 1219 εὐωχηθέντας

162 1240 581 1311 παρεσκεύαζεν
609 1243 636 1294 6
661 1240 1011 1312 πολύμορφος
1057 1241 1199 1308 δφις,
1234 1240 1326 1294 καὶ
1355 1239 1525 1293 πολλά
1548 1238 1735 1309 ἕτερα,

160 1329 200 1384 ἃ
222 1331 342 1383 οὐδὲ
373 1330 746 1402 ἐξηγήσασθαι
776 1332 1017 1398 δυνατὸν,
1045 1333 1093 1383 εἰ
1124 1333 1198 1402 μὴ
1232 1331 1437 1385 τούτων
1479 1329 1588 1384 τῶν
1624 1346 1739 1382 πει-

166 1421 397 1490 ρασμῶν
418 1422 474 1474 ὲν
511 1421 677 1491 πείρᾳ
708 1422 917 1490 γίνεται
948 1439 1053 1485 τις.
1108 1420 1248 1474 Ἀλλ’
1274 1420 1439 1492 ἡνίκα
1465 1420 1512 1473 δ’
1534 1420 1599 1473 ἂν
1635 1421 1736 1489 ἐμ-

164 1510 463 1578 νημόνευον
489 1511 598 1563 τῶν
623 1513 926 1580 στεφάνων,
953 1510 1048 1574 οὓς
1085 1513 1165 1575 είς
1194 1511 1453 1582 ἀλλήλους
1487 1510 1739 1565 ἐθεάσαν-

160 1612 244 1662 το,
276 1597 370 1650 καὶ
403 1599 503 1669 τῆς
530 1600 898 1664 διδασκαλίας,
928 1601 1025 1654 καὶ
1055 1600 1163 1653 τῶν
1204 1601 1458 1672 δακρύων
1506 1600 1602 1654 τοῦ
1645 1600 1738 1668 γέ-

1834 440 2083 499 prompta
2113 430 2392 484 memoria.
2428 430 2495 485 Et
2527 445 2647 485 eam
2681 431 3028 499 adhibebant,
3055 432 3272 503 quoties
3295 442 3414 488 ten-

1836 519 1967 573 tatio
2008 511 2317 589 ingruebat,
2352 526 2446 573 aut
2482 518 2681 587 aliquid
2732 533 2761 572 a
2800 519 2910 575 Deo
2947 522 3224 591 petebant.
3264 517 3412 586 Qua-

1834 609 1959 664 dam
1981 610 2101 665 vice
2129 608 2424 678 instigabat
2441 623 2537 663 eos
2559 608 2826 674 diabolus,
2856 612 2929 664 uti
2956 611 3214 665 narrabat
3238 609 3414 665 deifer

1835 700 2016 764 Salus,
2049 702 2117 754 ad
2146 716 2304 755 usum
2343 701 2525 755 carnis
2557 700 2775 767 etvini;
2804 710 2858 754 ct
2900 701 2953 753 in
2978 702 3250 770 principio
3282 718 3412 772 sug-

1833 791 2056 860 gerebat
2102 790 2373 855 timorem,
2416 800 2484 845 vet
2541 799 2814 859 torporem
2863 791 2920 842 in
2962 791 3072 844 vita
3123 793 3356 847 ascetica
3394 809 3408 844 :

1834 881 1971 935 adeo
2000 890 2059 935 ut
2091 880 2255 934 variis
2308 882 2485 936 modis
2533 891 2830 936 conaretur
2879 895 2975 935 eos
3029 896 3095 935 ex
3128 895 3313 936 eremo
3354 881 3410 936 in

1834 969 2227 1024 monasterium
2275 985 2559 1026 revocare.
2603 969 2761 1025 Nunc
2800 971 3000 1025 iterum
3035 971 3280 1038 quaedam
3325 986 3414 1025 re-

1834 1060 2202 1129 praesentabat
2238 1061 2295 1115 in
2338 1063 2765 1127 somno,‘nunc
2812 1061 3109 1115 amicorum
3157 1057 3412 1128 aliquos:

1838 1150 1937 1203 bos
1982 1151 2199 1219 quidem
2251 1149 2465 1217 ﬂentes,
2527 1153 2693 1207 hosce
2746 1152 2908 1222 genio
2958 1151 3305 1221 indulgentes
3359 1151 3414 1205 in

1836 1240 2073 1310 imagine
2114 1256 2378 1312 corporea
2421 1241 2745 1296 ell‘ormabat
2790 1240 3096 1310 versipellis
3120 1254 3183 1293 ac
3212 1248 3419 1293 tortuo-

1836 1343 1930 1382 sus
1954 1329 2195 1393 coluber,
2238 1340 2293 1386 et
2319 1331 2554 1401 plurima
2596 1333 2722 1398 alia,
2754 1348 2876 1402 quae
2920 1345 3211 1385 recensere
3255 1346 3418 1385 nemo

1836 1418 1998 1482 valet,
2030 1427 2229 1487 praeter
2268 1436 2415 1487 eum,
2466 1422 2558 1492 qui
2597 1422 2732 1477 tales
2775 1422 3111 1477 tentationes
3154 1430 3418 1491 expertus

1838 1507 2020 1562 fuerit.
2049 1509 2155 1565 Sed
2181 1512 2399 1581 quando
2422 1513 2848 1568 recordabantur
2877 1528 3228 1576 coronarum,
3270 1528 3407 1582 quas

1837 1598 1974 1652 alter
1996 1597 2054 1652 in
2078 1600 2250 1655 altero
2297 1604 2646 1671 contemplati
2690 1604 2932 1670 fuerant,
2975 1605 3415 1660 institutionum-

164 1703 368 1757 ροντος,
413 1688 602 1759 ὥσπερ
663 1688 826 1758 ἐλαίῳ
871 1690 1012 1760 ἁγίῳ
1042 1690 1453 1761 κατεπραΰνετο
1488 1689 1668 1743 αὐτῶν
1703 1691 1724 1760 ἡ

1900 1703 1943 1742 ie
1975 1696 2031 1742 et
2053 1688 2412 1759 lacrymarum
2443 1691 2624 1756 senis;
2664 1706 2759 1745 cor
2785 1692 3003 1747 illorum
3037 1694 3190 1763 quasi
3224 1702 3416 1750 sancto

162 1777 382 1848 καρδία,
405 1779 499 1832 καὶ
525 1780 913 1851 παρεκαλείτο.

1838 1778 2074 1848 quodam
2101 1778 2224 1835 oleo
2255 1780 2557 1835 delibutum
2577 1782 2945 1839 recreabatur.

1603 1907 1833 1967 CAPUT
1883 1908 1974 1965 Vl.

235 2027 635 2098 Apparitiones,
676 2031 975 2094 orationes,
1009 2046 1246 2102 egressus
1281 2031 1556 2101 Symeorm
1587 2047 1652 2084 ea
1683 2045 1854 2152 etiame
1887 2030 1941 2083 in
1969 2029 2237 2099 publicum
2264 2046 2375 2100 pra:
2403 2031 2514 2085 zelo
2546 2026 2849 2087 animarum
2868 2073 2883 2099 ,
2915 2034 3191 2088 occultata:
3233 2036 3345 2104 ejus

1649 2115 1713 2152 ac
1740 2114 1901 2152 tones.

1649 2114 1901 2152 αοιιοηεσ.

233 2210 335 2279 κβ”.
363 2211 646 2280 Ἐφαίνετο
686 2212 743 2265 δὲ
779 2212 968 2275 αὐτοῖς
1003 2214 1125 2266 κατ’
1165 2213 1298 2284 δναρ
1353 2213 1449 2266 καὶ
1479 2213 1509 2265 6
1541 2210 1735 2283 κύριος

162 2301 366 2366 Νίκων,
400 2301 489 2354 ὁτὲ
522 2301 623 2372 μὲν
656 2302 926 2357 νουθετῶν
957 2303 1176 2369 αὐτοῖς,
1214 2303 1304 2357 ὁτὲ
1336 2303 1393 2356 δὲ
1431 2302 1732 2374 προσευχό-

166 2412 323 2466 μενος
355 2397 495 2468 ύπὲρ
526 2396 728 2462 αὐτῶν,
756 2395 885 2450 ἐστι’
902 2396 960 2448 δὲ
987 2397 1076 2449 ὅτε
1100 2400 1103 2405 “
1123 2398 1221 2449 καὶ
1246 2395 1494 2467 ψαλμοὺς
1536 2394 1732 2456 αὐτοὺς

159 2486 448 2540 διδάσκωνο
482 2487 577 2541 καὶ
598 2484 948 2552 ὲξυπνίζοντο
972 2484 1429 2557 ἀποστηθίζοντες
1456 2485 1557 2538 ὅσα
1588 2485 1732 2537 κατά

160 2576 289 2640 τοὺς
320 2577 522 2640 ὕπνους
554 2576 751 2638 αὐτοὺς
785 2575 1084 2641 ἐδίδασκεν,
1119 2578 1213 2629 καὶ
1244 2571 1390 2645 εἶχον
1443 2574 1616 2645 χαρὰν
1636 2574 1731 2626 ἐπὶ

160 2666 321 2720 τοῦτο
348 2667 614 2737 μεγάλην.
670 2666 1002 2734 Ἐγινωσκον
1050 2664 1159 2738 γὰρ
1189 2667 1271 2719 ὅτι
1302 2668 1457 2719 πονεί
1501 2666 1531 2717 6
1556 2665 1738 2734 γέρων

158 2756 229 2812 δι’
257 2757 475 2822 αὐτοὺς,
502 2756 600 2809 καὶ
628 2756 1104 2827 ὲπληροφοροῦντο
1136 2755 1194 2822 ἐξ
1231 2754 1412 2808 αὐτῶν
1447 2754 1555 2807 τῶν
1589 2770 1736 2824 πρα-

160 2847 406 2916 γμάτων.
438 2847 549 2900 Καὶ
572 2847 679 2919 γὰρ
705 2847 813 2917 πρὸ
843 2846 1022 2917 πάσης
1046 2847 1316 2915 αἰτήσεως
1333 2847 1397 2899 ὲκ
1419 2844 1554 2899 Θεοῦ
1578 2844 1734 2898 τοῦτο

161 2937 269 3007 πρὸ
305 2937 525 2990 πάντων
553 2936 938 3007 αἰτησαμένων
972 2937 1321 3006 ἀμφοτέρων,
1355 2936 1450 2989 τοῦ
1495 2935 1595 3005 μὲν
1628 2936 1734 2987 Συ-

164 3026 330 3097 μεὼν,
362 3029 450 3080 ἵνα
477 3027 801 3098 παρακληθῇ
848 3029 881 3098 ἡ
926 3027 1125 3096 καρδία
1150 3027 1253 3098 τῆς
1301 3027 1509 3098 μητρὸς
1539 3027 1726 3088 αὑτοῦ,

159 3119 255 3173 καὶ
273 3119 661 3191 πληροφορηθῇ
689 3136 702 3151 ⁸
727 3119 822 3173 τοῦ
846 3119 902 3171 δὲ
932 3117 1202 3181 Ἰωάννου,
1239 3118 1326 3171 ῑνα
1354 3118 1727 3188 προσλάὸηται

1908 2209 2002 2263 22.
2055 2209 2111 2263 lu
2164 2225 2358 2265 somno
2398 2212 2562 2266 etiam
2600 2212 2851 2282 apparuit
2889 2212 2994 2269 illis
3021 2213 3279 2270 dominus
3315 2213 3412 2269 Ni-

1837 2310 1980 2361 con;
2033 2312 2180 2352 nunc
2225 2313 2320 2353 eos
2368 2300 2665 2363 instruens,
2710 2316 2860 2356 nunc
2899 2317 2999 2370 pro
3048 2302 3182 2371 ipsis
3227 2319 3410 2359 orans.

1837 2383 2142 2453 Aliquando
2190 2386 2354 2441 etiam
2398 2402 2494 2443 eos
2535 2388 2763 2443 docebat
2813 2390 3086 2458 psalmos:
3137 2398 3417 2460 etexper-

1836 2474 1967 2527 recti
2020 2474 2283 2529 memoria
2320 2477 2600 2543 tenebant,
2639 2478 2902 2548 quidquid
2953 2479 3010 2533 in
3058 2495 3251 2535 somno
3292 2483 3412 2537 illos

1834 2563 2115 2620 docuerat.
2147 2565 2207 2621 Id
2235 2567 2379 2636 quod
2410 2583 2606 2638 magno
2638 2570 2719 2624 eis
2758 2571 2957 2640 gaudio
3000 2570 3124 2625 fuit.
3156 2571 3415 2628 Sciebant

1841 2655 1990 2709 enim
2040 2670 2228 2710 senem
2282 2657 2525 2727 ipsorum
2576 2674 2741 2715 causa
2787 2660 3057 2725 laborare,
3101 2663 3169 2717 de
3207 2678 3315 2732 quo
3344 2678 3414 2717 ex

1836 2746 2004 2800 rebus
2036 2746 2172 2816 ipsis
2196 2748 2399 2802 ﬁebant
2423 2750 2708 2804 certiores.
2732 2749 2799 2805 Et
2841 2766 2972 2806 vero
3011 2767 3136 2807 cum
3159 2767 3272 2820 prae
3292 2767 3414 2806 om-

1833 2838 1998 2893 nibus
2035 2847 2247 2908 peteret
2279 2849 2508 2911 uterque
2548 2857 2577 2896 a
2622 2842 2753 2907 Deo,
2785 2843 3019 2914 Symeon
3069 2843 3308 2911 quidem,
3357 2852 3413 2898 ut

1833 2944 1930 2984 cor
1982 2929 2174 2984 matris
2220 2931 2414 2985 solatio
2479 2943 2820 2987 recrearetur
2858 2941 2913 2988 et
2960 2932 3409 2999 confirmaretur;

1832 3018 2072 3076 Joannes
2098 3030 2303 3087 autem,
2333 3031 2394 3075 ut
2422 3020 2563 3076 Deus
2587 3024 2872 3093 coniugem
2902 3039 3052 3078 suam
3082 3024 3409 3095 susciperet,

1832 3120 1886 3165 et
1920 3112 2160 3167 dolorem
2202 3126 2233 3167 e
2278 3114 2620 3182 separatione
2657 3114 2774 3183 ejus
2818 3124 2998 3170 ortum
3020 3118 3296 3171 exanimo
3326 3117 3414 3171 fu-

158 3210 189 3261 6
215 3209 342 3272 Θεὸς
369 3209 467 3279 τὴν
494 3208 659 3261 αὐτοῦ
691 3208 941 3277 σύμϐιον,
973 3208 1111 3277 πρὸς
1144 3208 1203 3260 τὺ
1248 3209 1592 3279 ἀποκοπῆναι
1630 3209 1724 3278 τὴν

1901 3207 2017 3266 ret;
2049 3209 2341 3270 utrumque
2361 3200 2634 3256 exaudivit
2667 3203 2832 3268 Deus,
2863 3205 2953 3273 qui
2978 3205 3134 3269 dixit,
3155 3222 3212 3260 se
3232 3206 3409 3261 factu-

162 3299 344 3368 σχέσιν
373 3299 543 3369 αύτῆς
575 3299 683 3352 ἀπὸ
726 3299 825 3368 τῆς
874 3301 1079 3361 ἐννοίας
1114 3298 1299 3363 αὐτοῦ,
1352 3300 1671 3368 είσήκουσεν
1703 3300 1732 3351 6

158 3390 291 3455 Θεὸς
322 3390 668 3460 ἀμφοτέρων,
715 3388 743 3440 6
772 3387 942 3442 εἰπὼν
990 3389 1204 3458 θέλημα
1239 3387 1347 3441 τῶν
1381 3387 1730 3457 φοϐουμένων

157 3481 318 3535 αὐτὸν
352 3481 590 3550 ποιῆσαι.
625 3481 734 3535 Καὶ
759 3479 851 3533 δύο
880 3479 1016 3532 ἐτῶν
1050 3478 1458 3549 παρελθόντων,
1494 3477 1731 3549 ὲπληρου

159 3572 368 3643 φορήθη
395 3573 424 3625 6
479 3572 640 3644 κῦρις
681 3570 908 3643 Συμεὼν
946 3572 1012 3625 ἐκ
1044 3569 1200 3637 Θεοῦ,
1236 3571 1318 3624 ὅτι
1345 3569 1550 3632 ἄλυπός
1584 3571 1730 3622 ἐστιν

155 3664 190 3734 ἡ
223 3664 402 3734 μήτηρ
429 3663 593 3716 αὐτοῦ
644 3664 772 3734 περὶ
806 3662 994 3727 αὑτοῦ,
1045 3661 1139 3714 καὶ
1181 3662 1262 3714 ὅτι
1311 3660 1560 3727 φαίνεται
1593 3659 1728 3729 αὐτῇ

151 3753 298 3807 κατὰ
312 3752 503 3816 νύκτα,
530 3751 624 3804 καὶ
654 3751 1056 3821 παραμυθεῖται
1077 3749 1266 3815 αὐτὴν,
1292 3750 1384 3801 καὶ
1416 3747 1564 3815 λέγει
1592 3747 1727 3818 αὐτῇ

148 3843 224 3911 τῇ
255 3840 439 3910 Σύρων
490 3840 790 3910 διαλέκτῳσ
830 3840 1096 3910 Λαδέχρε,
1150 3838 1333 3909 λιχὲμ,
1364 3839 1393 3892 ὅ
1433 3840 1600 3904 ἐστιν,
1636 3836 1729 3901 Μὴ

150 3932 346 3997 λυποῦ,
386 3932 582 4002 μῆτερ·
634 3932 728 3984 καὶ
779 3930 889 4000 γὰρ
915 3929 1098 3991 καλῶς
1144 3931 1311 3999 ἐσμεν
1350 3927 1527 3997 κάγὼ,
1577 3929 1671 3981 καὶ
1697 3928 1727 3979 6

151 4019 312 4091 κῦρις
345 4021 623 4088 Ἰωάννης,
656 4020 752 4072 καὶ
783 4018 1121 4086 ὑγιαίνομεν,
1162 4017 1259 4070 καὶ
1286 4015 1728 4087 ὲστρατεύθημεν

149 4114 236 4176 εἰς
282 4112 343 4164 τὸ
369 4111 626 4164 παλάτιον
652 4109 748 4163 τοῦ
801 4109 1101 4179 βασιλέως,
1146 4108 1241 4162 καὶ
1278 4108 1387 4161 ίδοὺ
1429 4107 1727 4176 στεφάνους

148 4201 450 4273 φοροῦμεν,
490 4199 583 4264 οὓς
608 4200 866 4269 ἀνέδησεν
885 4201 1032 4270 ἡμᾶς
1058 4201 1088 4253 6
1120 4197 1392 4269 βασιλεὺς,
1415 4199 1508 4252 καὶ
1536 4198 1729 4262 στολὰς

1836 3303 1958 3342 rum
2010 3291 2347 3346 voluntatem
2403 3293 2716 3347 timentium
2777 3309 2857 3348 se.
2912 3294 2980 3348 Et
3034 3296 3147 3364 jam
3197 3298 3410 3353 duobus

1835 3378 2039 3432 exactis
2085 3380 2263 3444 annis,
2304 3380 2560 3436 dominus
2604 3380 2840 3452 Symeon
2873 3385 3073 3438 certior
3108 3401 3140 3440 a
3188 3386 3298 3441 Deo
3328 3398 3411 3443 est

1833 3465 2031 3533 factus,
2070 3469 2217 3537 quod
2253 3479 2430 3525 mater
2479 3486 2577 3527 sua
2629 3487 2792 3528 causa
2830 3488 2940 3527 non
2969 3474 3216 3541 doleret;
3261 3480 3408 3546 quod

1833 3566 1999 3612 noctu
2021 3557 2071 3612 ei
2096 3567 2406 3629 appareret,
2442 3569 2497 3615 et
2524 3562 2700 3631 ipsam
2731 3564 3127 3630 consolaretur,
3163 3578 3217 3620 et
3247 3568 3412 3623 dice-

1832 3655 1916 3701 ret
1947 3647 2166 3718 Syriaco
2192 3665 2446 3705 sermone
2472 3670 2485 3705 :
2529 3652 2832 3717 Ladechre,
2860 3652 3105 3711 Lichem.
3138 3656 3251 3713 Hoc
3274 3667 3357 3713 est
3390 3680 3404 3714 :

1828 3734 2077 3808 Neluge,
2111 3749 2317 3807 mater;
2364 3743 2572 3798 etenim
2618 3744 2760 3801 belle
2815 3745 3081 3801 habemus
3116 3757 3172 3801 et
3209 3764 3308 3819 ego
3352 3760 3408 3805 et

1829 3827 1997 3883 frater
2017 3829 2274 3896 Joannes,
2306 3842 2364 3887 et
2391 3835 2652 3900 valemus,
2684 3847 2741 3890 et
2773 3837 2982 3891 militiae
3022 3852 3222 3892 nomen
3250 3839 3406 3894 dedi-

1830 3935 1953 3975 mus
1985 3921 2040 3975 in
2083 3918 2285 3992 palatio
2327 3925 2492 3995 regis,
2542 3934 2598 3981 et
2645 3941 2794 3988 ecce,
2826 3943 3057 3982 coronas
3088 3938 3361 3999 gestamus
3386 3974 3401 3995 ,

1829 4009 2028 4079 quibus
2054 4024 2151 4063 rex
2179 4025 2282 4065 nos
2315 4011 2516 4075 induit,
2557 4020 2614 4068 et
2658 4022 2835 4069 vestes
2861 4015 3153 4085 elegantes.
3190 4018 3260 4072 At
3307 4035 3403 4088 pa-

1827 4108 2010 4155 rentes
2053 4099 2164 4172 (i6)
2197 4117 2413 4172 quoque
2447 4105 2735 4160 consolare
2775 4107 2959 4161 fratris
2991 4107 3238 4174 Joannis,
3275 4111 3403 4179 quia

1829 4205 2042 4245 mecum
2097 4207 2204 4247 una
2250 4193 2465 4248 militat.
2515 4193 2844 4265 Neutiquam
2902 4213 3032 4268 ergo
3083 4199 3283 4268 lugete.
3339 4200 3405 4255 Et

147 4295 470 4364 εὐπρεπεῖς.
509 4290 672 4344 Ἀλλά
698 4289 1097 4362 παραμύθησαι
1140 4289 1234 4342 καὶ
1266 4289 1392 4352 τοὺς
1431 4291 1606 4357 γονεῖς
1630 4288 1724 4341 τοῦ

1900 4290 2067 4331 annes
2101 4293 2319 4348 quoque
2353 4281 2638 4350 conspexit
2669 4283 2927 4352 aliquem,
2951 4284 3197 4339 candidis
3234 4287 3403 4340 vesti-

147 4381 381 4451 ἀδελφοῦ
404 4380 676 4444 Ἰωάννου,
697 4379 778 4432 ὅτι
803 4377 920 4449 μετ’
946 4377 1081 4447 ἐμοῦ
1108 4377 1256 4428 ἐστιν
1277 4374 1720 4445 ἐστρατευμένος.

160 4474 324 4527 vim
356 4474 522 4543 μηδὲν
560 4469 860 4541 λυπηθῆτε.
913 4469 1023 4523 Kal.
1065 4471 1094 4522 6
1148 4467 1321 4529 ἀσϐἄς
1378 4466 1436 4519 δὲ
1469 4465 1723 4535 Ἰωάννης

1830 4366 1933 4422 bus
1972 4368 2243 4433 indutum,
2272 4369 2367 4438 qui
2405 4368 2661 4425 dicebat:
2699 4372 2842 4428 Ecce
2888 4383 3099 4444 patrem
3125 4384 3277 4430 tuum
3303 4377 3403 4432 do-

1828 4456 1942 4513 lore
1970 4458 2237 4527 liberavi;
2280 4462 2570 4534 conjugem
2592 4478 2724 4519 vero
2755 4473 2900 4519 tuam
2957 4480 2988 4521 e
3030 4465 3171 4523 vivis
3210 4467 3396 4524 tollam
3440 4478 3443 4481 '

146 4560 292 4618 εἷδεν
322 4564 403 4617 ὃτι
438 4562 588 4630 λέγει
618 4560 767 4629 αύτῷ
796 4577 881 4623 τις
910 4555 1277 4628 λευχειμονῶν
1300 4572 1315 4587 ο
1338 4554 1471 4607 Ἰδοὺ
1500 4552 1592 4606 τὸν
1627 4554 1723 4624 μὲν
1830 4550 2166 4621 propediem.

146 4655 364 4725 πατέρα
398 4670 490 4706 σου
522 4651 727 4706 ἄλυπον
757 4651 1013 4720 ἐποίησα,
1056 4648 1154 4721 τὴν
1182 4648 1240 4701 δὲ
1275 4645 1506 4717 γυναῖκά
1534 4662 1626 4699 σου
1667 4647 1725 4699 ὲν
1828 4651 1833 4656 ’

144 4747 373 4810 ταύταις
400 4742 915 4816 προσλαμϐάνομαι.

223 4844 325 4906 κγ’.
370 4836 740 4907 Ἐξηγήσαντο
759 4832 852 4887 οὖν
877 4830 1126 4900 ἀλλήλοις
1152 4830 1188 4885 ἃ
1214 4828 1524 4900 ἐθεώρησαν
1548 4828 1724 4898 ἀμφό-

144 4945 322 5000 τεροι,
352 4927 449 4981 καὶ
465 4926 762 4997 ἐχάρησαν,
791 4924 887 4977 καὶ
925 4921 1202 4994 εὐφράνθη
1232 4920 1411 4974 αὐτῶν
1443 4921 1476 4990 ἡ
1506 4919 1722 4989 καρδία.

146 5022 264 5076 Καὶ
295 5017 430 5079 τέως
461 5017 524 5069 ὲκ
550 5014 644 5069 τοῦ
667 5011 930 5083 λογισμοῦ
957 5011 1067 5067 τῶν
1089 5011 1294 5079 γονέων
1316 5011 1498 5063 αὐτῶν
1522 5009 1725 5073 εὐθέως

147 5109 433 5178 ἐκούφισεν
465 5106 661 5169 αὐτοὺς
691 5105 720 5156 6
749 5104 903 5166 Θεὸς.
937 5105 1048 5157 Καὶ
1086 5102 1277 5156 λοιπὸν
1312 5104 1371 5156 ὲν
1398 5102 1583 5155 ἀνέσει
1614 5101 1717 5154 ὑπο

147 5205 316 5271 ἦρχον
346 5198 478 5270 μηδὲ
507 5196 641 5259 ὂλως
664 5195 992 5264 λυπούμενοι
1026 5194 1157 5265 περὶ
1192 5192 1559 5247 αύτῶνκἈλγ
1581 5193 1716 5246 ἀπό.

149 5311 255 5356 νως
288 5293 385 5347 καὶ
418 5284 627 5352 ἀόκνως
651 5287 742 5341 τὸν
789 5286 888 5356 τῆς
935 5286 1220 5356 ἀσκήσεως
1256 5283 1353 5338 καὶ
1385 5283 1612 5354 ἡσυχίας
1640 5284 1720 5337 δι-

1893 4839 1985 4893 23.
2026 4837 2227 4907 Igitur,
2269 4855 2390 4909 qua:
2442 4840 2674 4910 quisque
2729 4840 3130 4910 contemplatus
3197 4840 3393 4906 fuerat,

1824 4928 1961 4983 alter
2001 4929 2153 4983 alteri
2201 4931 2496 4997 narrabat;
2529 4939 2586 4986 et
2616 4930 2946 5001 gaudebant,
2992 4941 3049 4986 et
3073 4945 3172 4985 cor
3200 4946 3389 4986 eorum

1824 5018 2188 5072 exhilaratum
2217 5027 2320 5074 est.
2352 5018 2418 5075 Et
2448 5029 2576 5075 tunc
2598 5029 2885 5091 parentum
2916 5036 3044 5076 cura
3085 5021 3267 5076 statim
3312 5021 3393 5077 le-

1825 5105 1973 5161 vavit
2014 5106 2132 5161 illos
2169 5105 2353 5175 Deus;
2397 5118 2453 5164 et
2500 5108 2852 5181 imposterum
2896 5125 3017 5165 eam
3065 5111 3392 5177 omiserunt,

1825 5196 1962 5250 nihil
1988 5213 2211 5267 prorsus
2234 5198 2302 5254 de
2331 5199 2462 5269 ipsis
2483 5200 2731 5257 dolentes
2756 5217 2771 5268 ;
2805 5201 2899 5257 sed
2926 5201 3045 5257 sine
3069 5201 3316 5257 molestia
3339 5214 3394 5258 et

1825 5290 2076 5360 segnitia,
2113 5292 2524 5347 exercitationis
2573 5301 2628 5349 et
2668 5293 2872 5349 silentii
2915 5308 3136 5349 cursum
3170 5307 3397 5364 perago-

1655 5400 1884 5458 NOTAE.

222 5505 329 5571 (26)
361 5501 637 5568 lnterpres
674 5494 815 5566 apud
855 5492 1230 5571 _Suriumlegit
1256 5492 1562 5546 innumero
1596 5491 1715 5545 siu-

1824 5490 1947 5563 cap.
1969 5496 2032 5579 ‘l,
2073 5496 2166 5551 ubi
2207 5494 2734 5579 narraturnlo‘aunes
2764 5497 2949 5579 fuisse
2972 5499 3245 5579 ἀμήτωρ..
3280 5496 3390 5579 ῌὶςί

153 5561 322 5648 gulari
374 5561 675 5641 paret-item.
710 5561 1101 5619 ἐυηΐοτιηῖιθι·
1139 5561 1206 5614 ad
1242 5576 1329 5619 ea.
1384 5575 1506 5630 quae
1543 5576 1710 5629 supra
1821 5561 1916 5631 per
1933 5565 1995 5617 τὸ
2032 5575 2312 5635 parentes,
2341 5566 2430 5620 hic
2460 5564 2700 5622 fortasse
2731 5561 3111 5638 significentur
3137 5561 3322 5624 amici.
