3736 6308
40 244 134 309 701

1289 241 1467 303 V'ITA
1494 241 1554 299 S.
1592 240 1997 303 SYMEONIS.

3113 241 3249 305 i702

73 362 164 408 κε’.
198 352 510 418 Γινώσκεις,
566 352 737 429 ιςύριε
760 393 774 419 ,
820 354 993 422 πόσην
1037 351 1274 405 ἀῦπνίαν
1302 352 1569 419 ἐκτήσατο

1741 350 1830 403 25.
1872 348 2044 411 Nosti,
2102 349 2349 416 Domine,
2401 359 2664 421 quantum
2712 352 2952 424 vigilarit
2995 356 3249 408 noctibus

27 446 138 501 εατά
168 447 347 498 πᾶσαν
382 442 550 496 νύκτα
586 443 1005 513 μνημονεύουσα
1029 442 1127 513 τῆς
1144 442 1284 512 ἐμῆς
1300 441 1570 510 νεότητος,

33 538 146 602 ξότε
213 535 381 606 αὐτὴν
431 533 814 601 ἐγκατέλιπον.
862 534 933 586 Σὺ
968 531 1137 596 οἶδας,
1181 532 1449 595 Δέσποτα,
1477 530 1574 583 πό-

27 645 96 691 δας
134 628 333 689 νύκτας
379 622 639 694 ἐποίησεν
687 625 911 687 ἄϋπνος,
978 621 1218 694 ζητοῦσα
1251 623 1311 675 τὸ
1352 638 1573 688 συγκοι-

27 721 249 789 ιώμενον
274 721 411 789 αὐτῇ
442 718 736 788 πρόϐατον.
777 716 872 787 Μὴ
912 700 1167 787 ἐπιλάθῃ,
1196 714 1568 785 φιλάνθρωπε,

28 808 109 873 To;
132 813 291 873 πόνος
323 811 488 879 αὐτῆς
537 810 780 878 περιεῖχε
823 809 921 876 τὴν
964 807 1211 877 καρδίαν,
1252 807 1341 859 ὅτε
1369 804 1440 857 τὰ
1465 804 1574 875 ἐμά

27 906 193 975 μάτια
226 901 503 972 θεωροῦσα
533 901 819 971 ἐστήσατο,
853 898 941 951 διὰ
994 898 1056 951 τὸ
1092 898 1290 968 μηκέτι
1318 894 1454 950 εἶναι
1482 894 1574 948 τὸν

27 993 347 1065 ιαργαρίτην
400 992 569 1061 αὐτῆς
599 991 689 1043 τὸν
734 990 908 1043 ταῦτα
938 989 1309 1059 ἐνδυνόμενον.
1341 990 1573 1060 Μνημο-

31 1102 209 1150 ευσον,
242 1084 508 1147 Δέσποτα,
541 1083 623 1135 ὅτι
666 1082 765 1151 τὴν
788 1080 849 1145 ἐξ
895 1080 1031 1150 ἐμοῦ
1079 1079 1450 1150 παραμυθίαν,
1479 1082 1574 1134 καὶ

28 1178 191 1247 ain,
210 1176 303 1229 καὶ
336 1173 654 1240 ἀγαλλίασιν
680 1172 952 1242 ἐστέρησα
973 1171 1143 1242 αὐτὴν
1180 1170 1312 1241 (28),
1370 1171 1459 1224 ἵνα
1490 1188 1573 1223 σοι

32 1266 75 1335 ᾧ
98 1264 219 1335 ἐμῷ
239 1263 333 1317 καὶ
352 1263 520 1331 αὐτῆς
548 1260 667 1330 Θεῷ
682 1263 773 1314 καὶ
790 1261 1032 1332 Δεσπότῃ
1061 1262 1169 1314 τῶν
1183 1262 1436 1316 ἁπάντων
1455 1262 1575 1315 δουο

29 1356 195 1408 εύσω.
229 1355 327 1417 Δὸς
381 1354 516 1423 αύτῇ
566 1352 828 1420 ἀγγέλους
870 1351 1236 1415 διασώζοντας
1274 1353 1445 1421 αὐτῆς
1474 1353 1573 1421 τὴν

27 1445 174 1515 ιυχὴν
209 1449 272 1497 ἐκ
315 1444 424 1498 τῶν
482 1444 810 1513 πνευμάτων
866 1443 962 1497 καὶ
1010 1442 1215 1513 θηρίων
1265 1444 1361 1496 τοῦ
1414 1444 1575 1514 ἀέρος

30 1538 191 1590 ούτου
223 1536 332 1588 τῶν
366 1535 618 1606 πονηρῶν
644 1535 742 1589 xal.
783 1535 1186 1605 ἀνελεημόνων,
1231 1536 1339 1588 τῶν
1360 1537 1574 1605 ἐπιχει-

1673 439 1922 508 singulis,
1957 442 2012 493 in
2040 441 2361 494 memoriam
2394 442 3021 511 revocansjuventutem
3051 460 3247 507 meam,

1672 546 1736 584 ex
1770 547 1879 601 quo
1911 533 2083 602 ipsam
2113 531 2399 602 dereliqui.
2420 531 2590 593 Nosti,
2618 534 2867 600 Domine,
2895 545 3027 605 quot
3060 548 3250 590 noctes

1674 621 1889 676 duxerit
1916 623 2215 687 insomnes,
2246 638 2498 693 quaerens
2534 639 2715 687 ovem,
2748 642 2868 695 quae
2901 644 3081 683 secum
3118 630 3248 682 dor-

1672 712 1899 766 miebat.
1954 712 2035 768 Ne
2088 714 2431 779 obliviscere,
2487 715 2721 785 benigne
2788 716 2949 781 Deus,
3012 731 3249 789 quantus

1673 802 1827 857 dolor
1854 818 1950 857 cor
1992 803 2111 873 ejus
2163 807 2477 876 pupugerit,
2503 808 2719 875 quando
2746 807 2800 860 in
2829 809 3061 863 vestium
3104 828 3250 865 mca-
3302 794 3305 797 Ἴ

1674 910 1794 948 rum
1855 891 2313 964 contemplatione
2361 896 2537 951 deﬁxa
2587 897 2766 962 laesit,
2820 898 2945 966 quia
2999 902 3247 968 nnspiam

1673 999 1793 1044 erat
1812 990 2100 1059 margarita
2126 990 2266 1059 ejus,
2297 991 2449 1046 bisce
2475 991 2627 1046 indui
2651 999 2931 1045 consueta.
2956 992 3248 1056 Memento.

1675 1079 1923 1142 Domine,
1973 1079 2118 1148 quod
2160 1081 2331 1150 ipsam
2375 1082 2594 1148 solatio,
2648 1083 2867 1152 gaudio,
2907 1092 2962 1137 et
3010 1085 3253 1138 exsulta-

1671 1169 1840 1233 tione,
1872 1186 1992 1239 qua:
2047 1186 2114 1224 ex
2170 1186 2258 1225 me
2305 1173 2576 1239 sperabat,
2623 1173 2971 1241 privaverim,
3018 1181 3080 1227 ut
3130 1174 3249 1237 tibi,

1674 1268 1728 1313 et
1763 1275 1908 1324 meo,
1945 1269 2000 1314 et
2028 1260 2200 1329 ipsius
2230 1261 2340 1316 Deo
2367 1278 2432 1317 ac
2458 1262 2689 1318 Domino
2718 1265 3096 1318 universorum
3125 1281 3245 1319 scr-

1674 1350 1867 1404 virem.
1891 1350 1967 1404 Da
1999 1353 2047 1405 ei
2071 1354 2313 1423 angelos,
2343 1354 2434 1423 qui
2479 1355 2714 1409 animam
2767 1356 2940 1424 ipsius
2966 1367 3187 1411 servent
3221 1375 3251 1412 a

1675 1442 1956 1511 spiritibus
2003 1455 2061 1500 et
2110 1445 2242 1500 feris
2289 1447 2542 1518 malignis
2576 1449 2737 1504 aeriae
2790 1450 2954 1517 hujus
2991 1451 3249 1520 regionis,

1675 1551 1794 1605 qua:
1825 1536 1943 1591 sine
1968 1538 2341 1596 misericordia
2369 1552 2641 1597 conantur
2674 1544 2938 1599 devorare
2963 1553 3255 1601 transeun-

25 1626 240 1678 tozivuov
269 1627 555 1679 καταπιεῖν
585 1625 793 1687 πάντας
833 1626 960 1687 τοὺς
986 1625 1054 1678 δι’
1086 1624 1268 1679 αὐτῶν
1297 1642 1574 1695 παρερχο-

1741 1639 1781 1676 s.
1820 1624 2066 1688 Domine,
2096 1626 2347 1692 Domine,
2379 1631 2573 1683 emitte
2615 1633 2869 1686 custodes
2917 1634 3106 1697 fortes,
3160 1636 3251 1702 qui

25 1716 215 1778 ιένους.
237 1715 652 1782 Ἐξαπόστειλον
675 1716 834 1786 αὐτῇ,
860 1715 1056 1786 Κύριε,
1100 1715 1303 1785 Κύριε,
1334 1714 1579 1783 φύλακας

27 1808 258 1877 σχυροὺς
273 1806 642 1875 ἐπιτιμῶντας
673 1807 831 1878 πάσῃ
850 1807 1146 1877 ἀκαθάρτῳ
1171 1805 1419 1876 δυνάμει.
1448 1807 1582 1859 Συν-

25 1900 211 1969 ιντήσῃ
249 1899 386 1970 αὐτῇ
410 1899 503 1952 καὶ
533 1898 756 1961 ἀλύπως
786 1899 881 1951 καλ⁵
917 1898 1317 1962 ἀϐασανίστως.
1367 1899 1425 1951 '0
1449 1898 1581 1959 Θεός

25 2002 134 2045 ιου,
151 1985 403 2038 κέλευσον
420 1985 847 2056 διαχωρισθῆναι
871 1986 1042 2056 αὐτῆς
1070 1987 1169 2056 τὴν
1198 1986 1375 2057 ψυχὴν
1397 1990 1461 2040 ἐκ
1486 1987 1578 2039 τοῦ

25 2079 275 2148 τώματος,
307 2079 398 2132 καὶ
420 2081 474 2132 εἴ
507 2097 558 2133 τι
582 2079 657 2142 ὠς
680 2078 819 2150 γυνὴ
842 2080 900 2132 ἐν
921 2078 1138 2150 ἔργῳ,ῆ
1164 2080 1308 2150 λόγῳ
1330 2080 1581 2151 ἥμαρτεν

30 2185 58 2228 ν
86 2168 223 2236 τῷδε
262 2168 336 2238 τῷ
371 2169 489 2237 βίῳ,
522 2158 876 2239 συγχώρησον
924 2172 990 2239 τῇ
1032 2168 1178 2239 ψυχῇ
1222 2170 1413 2239 αὐτῆς,
1437 2170 1579 2239 ὑπὲρ

25 2257 101 2325 τῆς
157 2257 366 2321 θυσίας,
416 2253 485 2329 ἧς
543 2259 853 2328 ἐγέννησεν,
890 2260 983 2313 καὶ
1039 2260 1415 2330 προσήνεγκέν
1463 2278 1580 2327 σοι,

25 2351 270 2412 ιέσποτα,
295 2352 392 2420 ἐμὲ
418 2351 508 2403 τὸν
562 2351 781 2427 ἀνάξιον
819 2350 1005 2404 δοῦλόν
1045 2368 1163 2417 σου,
1208 2354 1318 2417 ναὶ,
1354 2351 1527 2423 Κύριε
1555 2355 1583 2406 6

25 2440 138 2500 ὒεὸς
171 2457 295 2509 μου,
344 2441 372 2492 6
424 2440 628 2504 δίκαιος
672 2440 865 2511 κριτὴς
904 2442 1004 2507 ,καὶ
1058 2441 1458 2515 φιλάνθρωπος.
1491 2444 1582 2515 Μὴ

26 2532 323 2603 νὶσενέγκῃς
368 2531 538 2601 αὐτὴν
585 2530 693 2585 ἀπὸ
751 2530 986 2600 θλίψεως
1014 2533 1095 2595 εἰς
1120 2533 1320 2603 θλίψιν,
1350 2535 1444 2587 καὶ
1476 2536 1585 2588 ἀπὸ

25 2622 198 2692 ’δύνης
229 2625 310 2685 εὶς
337 2621 550 2692 ὀδύνην,
584 2622 695 2676 ἀπὸ
729 2622 1056 2693 στεναγμῶν
1112 2625 1190 2687 είς
1222 2627 1581 2695 στεναγμοὺς,

25 2713 121 2766 ιλλ’
151 2714 272 2767 ἀντὶ
300 2713 498 2779 λύπης,
552 2709 619 2785 ἧς
655 2712 903 2785 ἐλυπήθη
932 2714 1018 2768 διὰ
1058 2715 1150 2769 τὸν
1189 2717 1452 2787 μονογενῆ
1486 2719 1584 2771 αύ-

25 2805 129 2873 ςῆς,
186 2808 267 2867 εἰς
317 2807 516 2881 χαρὰν,
571 2805 693 2858 ἀντὶ
741 2804 991 2876 δακρύων
1021 2806 1101 2868 εἰς
1144 2806 1466 2874 ἀγαλλίασιν
1486 2808 1585 2877 τὴν

24 2893 420 2963 λτοιμασμένην
452 2895 562 2955 τοῖς
589 2892 763 2961 ἁγίοις
813 2909 929 2957 σου,
959 2893 989 2946 6
1035 2892 1188 2957 Θεὸς,
1219 2896 1248 2949 6
1295 2894 1426 2957 Θεὸς
1458 2912 1581 2965 μου.

23 2985 88 3045 ιίς
109 2983 233 3043 τοὺς
265 2982 488 3046 αἰῶνας.
525 2982 717 3053 Ἀμήν.

77 3078 197 3135 κς¹.
226 3072 347 3126 Τῶν
376 3072 554 3126 αὐτῶν
582 3075 646 3126 ἐκ
666 3074 764 3142 τῆς
796 3074 960 3144 εὐχῆς
990 3074 1126 3143 (29),
1149 3072 1354 3145 ἤρξατο
1379 3077 1406 3129 6
1431 3075 1585 3129 ἀδελ-

23 3164 110 3233 ρδς
151 3163 402 3234 Ἰωάννης
427 3159 869 3234 παραμυθεῖσθαι
894 3164 1056 3219 αὑτὸν
1078 3167 1171 3217 καὶ
1191 3166 1368 3233 λέγειν
1388 3185 1402 3199 ο
1430 3168 1584 3232 Ἰδοὺ,

23 3255 206 3324 ὶδελφέ
235 3255 483 3326 Συμεὼν,
513 3256 962 3328 ἐπληροφόρησέν
996 3275 1054 3311 σε
1095 3261 1123 3311 6
1156 3259 1309 3322 Θεὸς.
1347 3262 1442 3313 καὶ
1469 3264 1585 3314 εἰσ·

23 3345 250 3415 ἦκουσεν
287 3343 387 3411 τῆς
420 3344 585 3413 εὐχῆς
637 3360 754 3407 σου,
800 3346 893 3397 καὶ
946 3345 1313 3415 προσελάϐετο
1353 3347 1452 3418 τὴν
1486 3350 1587 3420 σὴν

23 3435 249 3503 ιητέρα.
293 3433 433 3485 Ἀλλ’
460 3434 584 3502 ἀρτι
610 3434 978 3500 συγκοπίασὸν
1017 3453 1129 3506 μοι,
1178 3438 1271 3489 καὶ
1302 3438 1587 3507 εύξὼμεθα

23 3525 97 3577 ῑιά
119 3525 210 3577 τὸν
240 3523 441 3593 Κύριον
467 3525 516 3576 οἱ
543 3524 863 3595 ἀμφότεροι,
914 3524 1002 3577 ἵνα
1056 3527 1261 3598 ποιήσῃ
1300 3529 1329 3580 6
1374 3527 1504 3591 Θεὸς
1526 3531 1587 3581 τὸ

23 3617 160 3679 ἕλεος
178 3615 364 3680 αὑτοῦ,
422 3615 516 3668 καὶ
562 3615 699 3683 μετά
739 3613 841 3683 τῆς
886 3614 1026 3669 κατά
1058 3615 1407 3687 συγχώρησιν
1450 3618 1586 3672 Θεοῦ

23 3705 410 3775 ὧνομασθεὶσης
464 3704 725 3772 γυναικός
780 3722 902 3774 μου,
936 3705 1021 3758 ἵνα
1051 3707 1148 3759 καὶ
1189 3707 1358 3779 αὐτὴν
1397 3708 1537 3780 φέρῃ
1561 3712 1589 3763 6

23 3797 145 3858 θεὸς
175 3798 254 3858 εἰς
278 3796 535 3865 λογισμὸν
560 3794 650 3847 τοῦ
695 3795 989 3865 μοναχικοῦ
1008 3798 1310 3866 σχήματος,
1331 3797 1365 3869 ἢ
1386 3802 1589 3871 ποιήσῃ

23 3889 70 3942 τὸ
127 3887 277 3951 έλεος
322 3886 507 3952 αὑτοῦ,
548 3889 642 3940 καὶ
685 3886 823 3958 λάϐῃ
859 3889 1052 3958 αὐτήν.
1110 3889 1222 3942 Kal.
1258 3888 1333 3953 ὡς
1355 3890 1588 3960 ηὔξαντο

23 3980 107 4031 ιπ¹ι
146 3978 327 4045 ὀλίγον
384 3979 597 4048 χρόνον,
659 3979 716 4029 ἐν
777 3978 875 4048 μιᾷ
916 3978 1073 4031 νυκτὶ
1104 3978 1300 4049 θεωρεῖ
1334 3981 1362 4033 6
1413 3981 1588 4045 assa;

23 4068 279 4138 Ἰωάννης
338 4068 435 4135 τὴν
495 4066 710 4137 μητέρα
749 4065 843 4117 τοῦ
892 4064 1115 4134 Συμεὼν
1155 4066 1434 4130 ἐλθοῦσαν,
1493 4072 1589 4122 καὶ

23 4164 375 4233 ιρατήσασαν
413 4159 512 4228 τῆς
574 4159 756 4228 χειρὸς
819 4157 919 4226 τῆς
962 4158 1219 4226 γυναικὸς
1259 4159 1448 4224 αὐτοῦ,
1492 4162 1587 4214 καὶ

1681 1711 1969 1782 increpent
2008 1730 2223 1770 omnem
2274 1717 2541 1786 impuram
2578 1728 2929 1788 potestatem,
2984 1741 3106 1794 qua:
3161 1743 3257 1782 oc-

1681 1811 1867 1856 currat
1905 1805 1954 1858 ei
1987 1804 2106 1859 sine
2152 1806 2339 1860 dolore
2365 1815 2421 1861 et
2461 1817 2755 1864 tormento.
2806 1810 2850 1867 0
2884 1814 3026 1869 Deus
3060 1819 3250 1871 meus!

1679 1892 1818 1948 Jube
1851 1886 2091 1964 separari
2116 1896 2360 1949 animam
2381 1897 2554 1966 ipsius
2573 1914 2602 1952 a
2629 1914 2878 1969 corpore,
2905 1913 2958 1957 et
2980 1906 3024 1958 si
3052 1906 3254 1974 aliquid

1682 1993 1937 2054 tanquam
1974 1986 2175 2041 femina
2208 1987 2260 2040 in
2297 2004 2463 2058 opere
2506 1992 2589 2046 vel
2626 2008 2883 2047 sermone
2928 1997 3172 2062 peccavit
3199 1998 3255 2050 in

1682 2074 1785 2129 bac
1807 2075 1939 2141 vita,
1970 2076 2217 2130 condona
2250 2079 2445 2133 anima:
2468 2078 2608 2147 ejus,
2638 2090 2863 2151 propter
2890 2082 3213 2137 sacriﬁcium
3239 2102 3254 2137 :

1682 2165 1827 2233 quod
1864 2165 2072 2236 genuit,
2104 2174 2159 2220 et
2191 2166 2312 2231 tibi,
2346 2168 2591 2233 Domine,
2620 2170 2841 2236 obtulit,
2866 2186 2954 2226 me
2975 2153 3255 2243 indignum

1684 2270 1901 2308 servum
1928 2264 2101 2322 tuum,
2137 2259 2326 2327 utique
2348 2295 2366 2321 ,
2393 2256 2621 2314 Domine
2668 2258 2812 2315 Deus
2847 2276 3023 2323 meus.
3051 2263 3143 2332 qui
3167 2264 3260 2332 ju-
3328 2289 3341 2301 -

1684 2356 1802 2403 stus
1826 2364 1886 2403 es
1922 2349 2091 2418 judex
2126 2358 2181 2403 et
2216 2350 2504 2421 benignus.
2538 2348 2616 2403 Ne
2642 2351 2783 2405 illam
2811 2352 3039 2407 inducas
3066 2354 3135 2409 de
3165 2356 3260 2407 tri-

1684 2438 1962 2492 bulatione
1988 2438 2043 2492 in
2065 2439 2498 2503 tribulationem,
2517 2438 2585 2494 de
2607 2440 2794 2493 dolore
2823 2441 2877 2493 in
2898 2440 3164 2507 dolorem,
3191 2443 3258 2498 de

1686 2529 1977 2599 gemitibus
2024 2530 2080 2583 in
2130 2530 2405 2599 gemitus;
2447 2529 2541 2584 sed
2576 2545 2605 2583 a
2634 2529 2845 2596 dolore,
2881 2546 2992 2599 quo
3027 2542 3260 2601 .propter

1687 2620 1853 2674 ﬁlium
1883 2635 2040 2674 suum
2081 2621 2423 2689 unigenitum
2469 2620 2662 2687 doluit,
2702 2620 2756 2674 in
2810 2622 3090 2692 gaudium,
3117 2638 3148 2676 e
3178 2622 3257 2675 la-

1685 2711 1884 2781 erymis
1919 2711 1973 2764 in
2017 2711 2457 2775 exsultationem,
2502 2720 2855 2779 praparatam
2886 2714 3092 2769 sanctis
3126 2715 3256 2779 tuis,

1686 2817 1720 2856 ο
1754 2803 1916 2866 Deus,
1941 2817 1974 2856 ο
2005 2800 2150 2855 Deus
2180 2815 2356 2868 meus,
2377 2801 2434 2855 in
2465 2802 2682 2857 saecula.
2710 2801 2905 2859 Amen.

1756 3059 1847 3115 26.
1868 3059 2044 3117 Finita
2061 3063 2332 3128 oratione,
2349 3065 2518 3134 erepit
2539 3065 2705 3121 frater
2717 3065 2960 3124 Joannes
2982 3070 3259 3126 consolari

1687 3151 1963 3223 ipsum,ac
1979 3156 2162 3210 dicere
2188 3172 2200 3207 :
2228 3155 2385 3221 Ecce,
2405 3156 2571 3211 frater
2601 3156 2858 3229 Symeon,
2891 3162 3035 3215 votis
3064 3164 3263 3217 annuit

1687 3241 1851 3305 Deus,
1876 3244 2151 3299 exaudivit
2171 3246 2474 3301 orationem
2498 3255 2736 3311 tuam,et
2755 3256 2982 3303 matrem
3007 3259 3155 3304 tuam
3176 3266 3264 3303 as-

1688 3334 1941 3403 sumpsit.
1962 3334 2066 3390 Sed
2088 3345 2141 3389 tu
2168 3352 2315 3390 nunc
2333 3336 2536 3391 laboris
2553 3337 2606 3390 in
2625 3348 2832 3407 partem
2850 3354 3064 3393 mecum
3082 3355 3191 3400 eas,
3206 3350 3265 3396 et

1686 3439 1904 3478 oremus
1927 3462 1943 3488 ,
1977 3434 2199 3494 propter
2220 3427 2529 3492 Dominum,
2573 3427 2754 3489 ambo,
2790 3435 2849 3481 ut
2874 3429 3017 3484 Dens
3047 3446 3264 3499 quoque

1687 3513 1850 3569 faciat
1877 3516 2307 3572 misericordiam
2333 3532 2490 3572 suam
2536 3534 2660 3574 cum
2711 3519 2821 3581 illa,
2865 3535 3006 3588 qua},
3043 3521 3152 3575 Deo
3181 3523 3264 3575 in-

1687 3605 1964 3676 dulgente,
1997 3622 2134 3661 uxor
2168 3622 2289 3661 mea
2319 3615 2406 3662 est
2437 3616 2651 3674 vocata,
2681 3618 2738 3662 ut
2762 3624 2881 3662 eam
2923 3625 3142 3679 quoque
3194 3613 3262 3666 ad

1688 3698 1971 3751 monastici
2002 3698 2220 3753 habitus
2243 3699 2556 3754 institutum
2593 3699 2833 3763 inducat,
2862 3712 2959 3754 aut
2983 3701 3264 3758 faciatmi-

1688 3789 2043 3843 sericordiam
2082 3806 2258 3854 suam,
2302 3799 2357 3845 et
2391 3801 2633 3847 assumat
2662 3792 2853 3861 ipsam.
2899 3791 3077 3848 Pauco
3120 3805 3262 3849 tem-

1687 3898 1817 3952 pore
1871 3883 2128 3953 precibus
2178 3884 2331 3947 dato,
2387 3893 2548 3939 nocte
2599 3885 2833 3954 quadam
2887 3885 3036 3939 videt
3096 3885 3264 3939 abbas

1685 3972 1925 4029 Joannes
1954 3982 2181 4028 matrem
2214 3974 2500 4044 Symeonis
2529 3975 2859 4031 venientem.
2887 3990 2951 4027 ac
2984 3983 3261 4030 tenentem

1688 4063 1871 4116 uxoris
1912 4063 2030 4131 ejus
2072 4078 2313 4126 manum,
2353 4071 2408 4117 et
2447 4063 2721 4117 dicentem
2761 4082 2773 4117 :
2838 4063 3032 4135 Surge,
3085 4081 3259 4130 soror,

1686 4154 1883 4208 aceede
1936 4153 2160 4222 propius
2219 4153 2286 4207 ad
2342 4169 2464 4218 me;
2513 4154 2641 4223 quia
2703 4154 2985 4224 pulchram
3038 4157 3261 4212 domum

24 4256 276 4319 ,ἐγουσαν
307 4253 466 4322 αύτῇ’
485 4251 738 4315 Ἀνάστα,
764 4249 991 4319 ἀδελφὴ,
1015 4249 1133 4303 ἐλθέ
1164 4250 1331 4318 ἐγγύς
1365 4252 1574 4319 μου,ὄτι

1741 4242 1912 4296 )navit
1941 4242 2070 4295 mihi
2104 4256 2220 4306 rex,
2252 4242 2343 4312 qui
2381 4240 2548 4296 tilium
2598 4258 2778 4297 meum
2826 4244 3035 4299 militiae
3069 4260 3180 4300 sua:
3209 4254 3266 4300 et

23 4344 175 4399 ιαλδν
213 4341 359 4397 οἷκον
403 4341 695 4413 ἐχαρίσατό
728 4358 816 4411 μοι
847 4342 875 4393 6
900 4339 1150 4409 βασιλεὺς
1187 4344 1216 4395 6
1256 4342 1585 4412 στρατεύσας

23 4437 102 4489 τὸν
132 4433 249 4486 υἱόν
276 4449 401 4502 μου,
422 4432 503 4495 εἰς
521 4430 765 4484 δουλείαν
819 4429 1008 4483 αὐτοῦ.
1051 4428 1210 4483 Ἀλλά
1245 4428 1474 4494 ἀλλαξον
1514 4432 1584 4485 τὰ

31 4525 207 4596 μάτιά
234 4539 350 4587 σου,
370 4521 464 4574 καὶ¹
484 4521 713 4590 φόρεσον
737 4518 974 4589 καθαρά.
994 4519 1105 4572 Καὶ
1123 4519 1327 4591 ἀνέστη
1360 4519 1582 4584 εὐθέως,

23 4617 107 4670 ta".
137 4611 503 4681 ἀκολούθησεν
531 4610 692 4679 αὐτῇ,
723 4609 818 4662 καὶ
840 4609 980 4678 ἔγνω
1005 4609 1085 4662 ὅτι
1113 4607 1467 4678 ἐτελεύτησεν
1491 4610 1587 4663 καὶ

23 4707 171 4776 ιύτὴ,
195 4705 291 4759 καὶ
316 4705 398 4758 ὅτι
431 4704 485 4755 αἱ
508 4701 600 4754 δύο
624 4703 704 4763 είς
735 4700 898 4754 καλὸν
926 4699 1090 4754 τόπον
1116 4700 1273 4764 εἰσὶν,
1298 4702 1391 4754 καὶ
1414 4701 1583 4771 ἐχάρη

23 4800 187 4871 ίαράν
213 4797 451 4868 μεγάλην
512 4793 737 4864 σφόδρα,
782 4792 892 4845 Kal.
918 4790 993 4854 ὡς
1035 4791 1343 4845 διετέλεσαν
1372 4794 1451 4856 εἰς
1487 4794 1586 4862 τὴν

23 4895 218 4963 ἱρημον
269 4889 563 4951 ἀσκοῦντες
615 4889 672 4940 ἐν
729 4886 881 4957 πάσῃ
928 4886 1181 4956 ἀσκήσει,
1212 4884 1309 4938 καὶ
1338 4901 1589 4938 κακοπα·

23 4983 152 5051 Ιείᾳ,
179 4982 272 5033 καὶ
302 4980 484 5049 ψύχει,
512 4977 605 5032 καὶ
636 4976 879 5031 καύσωνι
929 4977 1027 5031 ἐπὶ
1065 4976 1239 5028 εἴκοσι
1287 4974 1444 5027 ἐννέα
1467 4973 1585 5045 ἐτη,

23 5072 239 5133 τολλοὺς
259 5069 352 5123 καὶ
383 5068 622 5136 ἀφάτους
671 5066 1034 5136 πειρασμοὺς,
1079 5063 1471 5132 ὑπομείναντες
1522 5065 1586 5119 ἐκ

23 5162 104 5217 τοῦ
149 5160 420 5224 διαϐόλου,
480 5159 575 5212 καὶ
620 5156 807 5210 τοῦτον
858 5156 1216 5226 νικήσαντες,
1283 5154 1519 5224 μάλιστα
1558 5159 1588 5210 6

1693 4334 1918 4388 servitio
1962 4333 2233 4402 ascripsit.
2277 4337 2345 4388 At
2382 4344 2565 4388 vestes
2594 4344 2712 4388 tuas
2738 4344 2908 4397 muta,
2937 4343 2993 4389 et
3031 4337 3264 4392 mundas

1690 4422 1876 4476 indue.
1908 4421 1974 4476 Et
2005 4421 2093 4475 illa
2142 4422 2400 4484 surrexit,
2439 4421 2638 4491 inquit,
2680 4421 2949 4491 protinus,
2977 4432 3032 4476 et
3075 4434 3262 4479 secuta

1689 4512 1863 4581 ipsam
1899 4510 2016 4565 fuit.
2048 4510 2114 4564 Et
2145 4511 2398 4579 cognovit
2420 4507 2702 4580 [Joannes]
2727 4509 2870 4578 quod
2901 4509 3016 4578 ipsa
3046 4525 3264 4579 quoque

1690 4611 1921 4654 mortem
1946 4599 2189 4663 obiisset,
2216 4607 2271 4653 et
2291 4598 2433 4667 quod
2458 4598 2630 4651 amba:
2661 4596 2714 4649 in
2743 4598 2888 4651 bono
2908 4597 3028 4651 loco
3058 4607 3261 4663 essent;

1691 4706 1746 4753 et
1767 4697 1983 4768 gavisus
2014 4695 2115 4748 fuit
2136 4694 2331 4764 gaudio
2362 4708 2557 4762 magno
2581 4691 2757 4745 valde.
2782 4692 2958 4761 Atque
2982 4694 3053 4746 ita
3082 4709 3266 4762 perse-

1690 4795 1951 4842 verarunt
1981 4786 2033 4839 in
2066 4800 2259 4838 eremo
2288 4791 2605 4836 exercentes
2631 4796 2689 4835 se
2717 4781 2770 4835 in
2797 4782 2947 4836 omni
2995 4782 3264 4837 exercita-

1662 4880 1856 4943 tione,
1889 4877 2199 4939 tolerantia,
2238 4875 2457 4946 frigore,
2487 4883 2542 4929 et
2591 4884 2746 4939 aestu,
2781 4890 2879 4944 per
2930 4876 3121 4946 viginti
3166 4892 3266 4930 no-

1688 4990 1809 5029 vem
1854 4985 2049 5029 annos.
2080 4969 2388 5038 multisque
2429 4979 2486 5023 et
2532 4968 2940 5039 inexplicabiles
2986 4970 3265 5023 sustinue-
3354 5026 3361 5033 ,

1690 5072 1819 5119 runt
1867 5078 1897 5116 a
1949 5060 2167 5114 diabolo
2209 5060 2557 5113 tentationes.
2616 5060 2683 5116 Et
2728 5061 2873 5116 hunc
2916 5069 3264 5128 superarunt,

1694 5155 1930 5211 maxime
1957 5168 2086 5207 vero
2119 5149 2376 5222 Symeon,
2405 5166 2503 5221 per
2529 5166 2669 5213 eam,
2706 5167 2811 5220 qua
2851 5138 3107 5221 pollebat,
3142 5151 3269 5206 vita:

1506 5295 1735 5352 NOTJE.

23 5419 304 5491 ιστέρησα.
336 5414 595 5491 Exempla
642 5414 845 5491 passim
899 5423 1028 5491 su_nt
1065 5415 1246 5491 obvia,
1285 5423 1347 5469 ut
1400 5415 1589 5491 videre

23 5500 99 5545 mf.
144 5485 287 5559 apud
339 5489 654 5559 Gretserum
702 5485 798 5539 lib.
843 5499 880 5537 ιι
945 5485 1344 5538 [institutionum
1398 5486 1590 5554 linguae

32 5557 227 5616 λιγυράν,
260 5574 378 5627 cap.
419 5557 503 5610 10.
946 5574 953 5583 ·

82 5632 191 5698 (28)
229 5629 460 5685 Verbum
505 5624 701 5696 στερῶ,
741 5624 908 5692 priva,
957 5624 1047 5679 hic
1092 5623 1428 5680 construitur
1458 5638 1585 5706 cum

1694 5417 1911 5487 gemino
1930 5412 2228 5487 accusandi
2266 5427 2415 5475 casu,
2459 5420 2647 5465 contra
2680 5425 2841 5479 quam
2871 5408 2984 5464 ﬁeri
3028 5426 3274 5468 eorumn-

1694 5485 1839 5539 niter
1864 5485 2021 5539 solet.

1769 5556 1881 5623 (29)
1909 5554 2030 5606 Τῶν
2056 5552 2234 5606 αὐτῶν
2258 5553 2323 5623 ἐκ
2350 5552 2447 5623 τῆς
2472 5549 2656 5621 εὐχῆς.
2678 5547 2883 5623 Sensus
2916 5559 2999 5623 est
3026 5552 3268 5623 mutilus,

1700 5620 1806 5679 nisi
1846 5620 2204 5679 subaudiatur
2243 5620 2597 5689 ἀνεστώτων,
2629 5630 2722 5676 aut
2757 5620 2885 5685 quid
2930 5620 3132 5675 simile.
