3736 6308
526 253 666 318 1703

1572 248 1886 307 LEONTII
1932 248 1978 305 Ν
1987 244 2445 304 EAPOLITANI
2482 239 2820 301 EPISCOPI
3548 238 3613 301 liii

519 364 890 421 innocentiam
944 370 1001 417 et
1046 360 1462 431 integritatem:
1506 361 1776 415 sentiebat
1820 361 1970 415 enim
2016 374 2095 418 se.

2203 353 2429 424 Συμεὼν
2454 357 2518 408 ὲκ
2555 354 2655 422 τῆς
2686 349 2994 422 προσούσης
3034 348 3189 418 αῦτῷ
3217 347 3420 409 ἅκακίας
3443 348 3510 400 καὶ
3533 351 3609 399 ni:-

523 473 618 527 per
650 457 905 511 virtutem
936 452 1171 521 Spiritus
1206 451 1386 505 sancti
1425 450 1527 504 sibi
1577 450 1960 514 inhabitantis,
1996 466 2098 502 nec

524 549 713 600 timere
744 544 1010 604 dolorem,
1036 555 1138 611 nec
1164 539 1354 609 frigus,
1379 554 1481 593 nec
1509 538 1727 602 famem,
1760 544 2096 601 neestestum,

522 636 614 691 sed
643 635 815 703 ipsam
850 640 1060 713 naturae
1080 628 1333 681 humanae
1378 626 1751 682 conditionem
1782 639 1952 695 prope
1979 639 2101 678 esse

522 734 1000 796 praetergressum.

591 897 681 949 27.
716 894 852 949 Dicit
892 891 1091 947 Joanni
1135 909 1149 947 :
1196 891 1337 958 Quid
1380 891 1698 962 proficimus
1724 890 2097 958 imposterum,

526 985 712 1048 frater,
746 985 806 1038 in
832 984 933 1037 hac
964 980 1260 1036 solitudine
1293 977 1742 1034 eommorantes?
1787 976 2100 1040 Enimvero,

523 1077 569 1130 sl
594 1091 681 1130 me
712 1075 887 1139 audis,
916 1088 1099 1143 surge,
1132 1071 1499 1135 discedamus,
1531 1068 1665 1123 alios
1705 1067 1871 1123 etiam
1902 1066 2093 1120 redda-

523 1181 647 1220 mus
682 1165 876 1219 salvos.
924 1164 1020 1219 Hic
1074 1164 1240 1227 enim,
1280 1169 1641 1232 praeterquam
1686 1157 1868 1222 nobis,
1910 1171 2104 1225 prosu-

526 1271 648 1309 mus
696 1254 923 1317 nemini,
971 1264 1025 1308 et
1064 1269 1095 1307 a
1125 1254 1277 1307 nullo
1319 1251 1624 1306 mercedem
1669 1249 1988 1318 accipimus.
2036 1246 2105 1302 Et

527 1352 820 1419 incipiebat
840 1350 888 1402 ei
915 1350 1097 1403 dicere
1124 1349 1386 1403 nonnulla
1422 1345 1731 1415 huiusmodi
1752 1361 1783 1399 e
1814 1345 1985 1398 sacris
2003 1358 2104 1413 pa-

527 1441 707 1512 ginis:
743 1458 761 1490 ‹
799 1439 969 1493 Nemo
1001 1439 1147 1506 quod
1195 1453 1355 1492 suum
1403 1446 1487 1491 est
1544 1445 1768 1506 quaerat,
1821 1437 1917 1490 sed
1958 1434 2103 1504 quod

538 1529 860 1599 proximi".
899 1546 918 1578 ι
957 1528 1025 1581 Ει
1058 1528 1255 1581 iterum
1287 1543 1301 1579 :
1334 1544 1353 1577 ί
1385 1526 1652 1582 Omnibus
1694 1526 1878 1581 omnia
1929 1525 2105 1601 factus

525 1635 667 1682 sum,
705 1627 762 1673 ut
810 1632 1000 1692 omnes
1050 1607 1335 1672 salvarem'
1380 1619 1449 1671 ’°.
1487 1635 1506 1668 ι
1547 1617 1615 1672 Et
1656 1632 1722 1671 ex
1762 1616 2053 1687 Evangelia
2086 1635 2099 1671 :

531 1727 551 1760 ι
589 1709 679 1764 Sic
704 1710 882 1763 luceat
907 1688 999 1761 lux~
1022 1716 1208 1762 vestra‘
1228 1722 1414 1762 coram
1435 1708 1770 1773 hominibus,
1795 1716 1858 1762 ut
1884 1708 2105 1762 videant
2137 1680 2178 1738 η

525 1814 690 1869 opera
719 1808 896 1859 vestra
952 1799 1119 1860 bona.
1156 1807 1210 1852 et
1233 1798 1543 1868 glorificent
1576 1798 1790 1853 Patrem
1836 1810 2100 1865 vestrum,

521 1887 619 1957 qui
653 1888 709 1940 in
738 1888 889 1941 emlis
941 1895 1024 1941 est
1058 1887 1101 1918 “
1129 1927 1144 1952 ,
1200 1905 1219 1938 ι
1259 1896 1423 1956 atque
1471 1889 1573 1942 alia
1624 1890 1868 1959 quaedam
1917 1891 2104 1945 istius-

526 1977 694 2032 modi.
731 1978 797 2031 Et
825 1978 1162 2046 respondens
1209 1977 1463 2033 dominds
1505 1977 1762 2044 Joannes,
1789 1980 1922 2035 dicit
1951 1980 2052 2050 ipsi
2084 1995 2097 2032 :

526 2068 687 2134 Puto,
716 2067 907 2133 frater,
932 2068 1164 2123 Satanas
1192 2068 1358 2137 quieti
1393 2080 1595 2124 nostrae
1618 2070 1833 2134 invidit,
1866 2079 1920 2125 et
1962 2071 2102 2125 hanc

527 2159 625 2213 tibi
655 2159 1041 2229 cogitationem
1078 2158 1284 2227 injecit.
1317 2158 1459 2224 Quin
1498 2169 1553 2219 tu
1598 2162 1783 2230 potius
1822 2177 2004 2224 mane,
2049 2169 2105 2216 et

525 2264 749 2304 cursum
780 2256 1051 2313 nostrum,
1083 2264 1193 2318 quo
1222 2250 1398 2305 vocziti
1429 2266 1618 2305 sumus
1646 2267 1676 2306 a
1716 2252 1850 2316 Deo,
1881 2253 2107 2322 implea-

529 2353 653 2393 mus
674 2340 730 2393 in
760 2339 861 2394 hac
889 2353 1096 2393 eremo.
1125 2340 1263 2393 Tum
1306 2340 1542 2410 Symeon
1568 2358 1581 2395 :
1621 2340 1817 2405 Crede,
1848 2357 1950 2412 ego
1993 2358 2105 2396 non

528 2445 748 2493 maneo,
779 2433 875 2484 sed
903 2430 1128 2485 discedo
1157 2430 1212 2484 in
1248 2430 1446 2486 virtute
1477 2429 1700 2495 Christi,
1733 2432 1998 2487 mundum
2024 2433 2107 2487 lu-

525 2520 870 2576 difieaturus.
886 2522 987 2577 Cui
1012 2537 1227 2577 rursum
1253 2521 1421 2577 frater
1440 2522 1559 2592 ejus
1584 2541 1597 2577 :
1629 2522 1729 2591 Ne,
1747 2524 1890 2579 bone
1918 2524 2102 2592 frater,

529 2626 627 2665 oro
657 2620 711 2665 te
740 2619 966 2681 propter
997 2611 1308 2681 Dominum,
1335 2630 1404 2668 ne
1433 2630 1519 2669 me
1549 2615 1811 2671 humilem
1847 2616 2104 2685 deseras;

528 2715 710 2769 neque
737 2702 883 2754 enim
906 2716 973 2756 eo
993 2702 1211 2759 virtutis
1246 2705 1490 2772 perveni,
1517 2713 1577 2759 ut
1610 2705 1812 2774 possim
1843 2709 2104 2763 mundum

528 2785 828 2841 ludificare.
868 2788 975 2841 Sed
1021 2799 1243 2859 pr0pter
1279 2806 1427 2853 eum,
1469 2792 1561 2860 qui
1593 2807 1694 2847 nos
1742 2793 1942 2863 junxit,
1995 2796 2105 2849 noli

529 2875 771 2946 disjungi
802 2891 833 2931 a
861 2886 952 2932 tuo
985 2876 1172 2932 fratre.
1227 2877 1406 2945 Nosti,
1437 2881 1582 2949 quod
1626 2891 1750 2951 post
1798 2882 1966 2938 Deum
1995 2901 2107 2941 non

2204 448 2448 519 ρότητος.
2484 444 2777 516 ᾘσθάνετο
2835 442 2946 509 γάρ
2990 440 3185 492 ἑαυτὸν
3212 439 3298 491 διὰ
3324 439 3407 508 τῆς
3432 440 3611 507 imula;

2201 540 2260 590 ὲν
2287 535 2438 604 αὐτῷ
2489 533 2584 586 τοῦ
2609 533 2767 597 ἁγίου
2792 531 3110 598 Πνεύματος
3147 529 3421 597 δυνάμεως,
3458 531 3545 598 μήτε
3564 548 3610 579 :-

2202 630 2295 691 οος
2323 626 2680 695 φοϐούμενον,
2714 624 2849 694 μήτε
2878 621 3072 690 ψύχος,
3103 620 3139 691 ἢ
3188 622 3375 685 πεῖναν,
3403 621 3429 690 ἢ
3456 619 3608 678 niam.

2202 719 2338 771 ἀλλὰ
2362 716 2547 786 σχεδὸν
2577 715 2720 785 ὑπὲρ
2771 712 2840 765 τὰ
2877 711 3054 781 μέτρα
3080 712 3179 779 τῆς
3203 710 3395 778 φύσεως
3414 710 3485 777 τῆς
3504 710 3611 776 ἐνέρίφ-

2203 813 2366 881 πίνης
2385 809 2701 879 γενόμενον.

2272 901 2377 965 κζ’.
2408 900 2573 967 Λέγει
2644 896 2722 967 τῷ
2765 895 3019 967 Ἰωάννῃ·
3053 893 3121 947 Τί
3165 894 3472 962 ὠφελούμεθα
3498 895 3609 946 λαὸν.

2204 992 2425 1061 ἀδελφὲ,
2475 992 2534 1043 ὲν
2595 991 2662 1060 τῇ
2716 988 2906 1058 ἐρήμῳ
2969 985 3149 1058 ταύτῃ
3183 984 3510 1054 διατρίϐοντεςς
3539 984 3609 1035 Ἀλλ’

2204 1082 2303 1133 ἐὰν
2347 1079 2589 1149 ἀκούσῃς
2652 1092 2776 1145 μου,
2831 1074 3064 1136 ἀνάστα,
3109 1071 3438 1140 ἀπέλθωμεν,
3468 1070 3607 1137 ocima

2205 1173 2299 1226 καὶ
2330 1171 2544 1231 ἄλλους.
2584 1160 2713 1220 Ὧδε
2733 1164 2843 1235 γὰρ
2864 1166 2913 1217 εί
2951 1163 3027 1234 μὴ
3062 1163 3284 1225 ἑαυτοὺς
3329 1161 3492 1232 μόνους,
3516 1160 3605 1228 his

2203 1279 2327 1315 τινα
2359 1261 2460 1314 οῦκ
2482 1255 2820 1327 ὠφελοῦμεν,
2851 1255 2947 1309 καὶ
2977 1253 3170 1324 μισθὸν
3199 1253 3463 1322 παρὰτινος
3481 1250 3606 1315 astip-

2208 1369 2329 1422 μεν.
2352 1352 2464 1404 Καὶ
2493 1348 2694 1419 ἧρξατο
2717 1348 2896 1415 λέγειν
2918 1343 3096 1415 αὐτῷ,
3114 1343 3209 1395 καὶ
3227 1345 3287 1394 ὲκ
3312 1342 3395 1410 τῆς
3413 1339 3606 1408 $1;pr-

2206 1443 2313 1512 φῆς
2352 1458 2476 1494 τινα
2527 1438 2786 1493 τοιαῦτα·
2845 1456 2863 1487 ι
2890 1436 3105 1506 Μηδεὶς
3162 1433 3223 1486 τδ
3269 1432 3431 1485 ἑαυτοῦ
3469 1431 3607 1499 ζςῐεὶτιυ.

2205 1531 2342 1586 ἀλλὰ
2383 1531 2446 1584 τὸ
2491 1529 2586 1584 τοῦ
2653 1527 2901 1598 πλησίου.
2941 1545 2960 1577 ι
3000 1526 3113 1578 Καὶ
3148 1524 3330 1577 πάλιν·
3373 1542 3389 1574 ‹
3412 1523 3497 1584 Τοῖς
3524 1522 3607 1572 τᾶπη

2208 1625 2388 1678 πάντα
2449 1621 2671 1689 γέγονα,
2716 1619 2802 1670 ἵνα
2837 1617 3061 1678 πάντως
3113 1615 3260 1677 τινὰς
3297 1614 3438 1666 σώσω.
3466 1612 3607 1663 ilial'a

2204 1715 2301 1769 τοῦ
2354 1712 2721 1781 Εὗαγγελίουο
2760 1729 2779 1763 ι
2826 1710 2953 1762 ὀτι
2996 1708 3174 1770 οὕτως
3219 1705 3443 1776 λαμψάτω
3474 1703 3515 1754 τὸ
3552 1699 3607 1767 αἱς

2210 1805 2364 1875 ὑμῶν
2394 1802 2703 1874 ἔμπροσθεν
2743 1800 2853 1853 τῶν
2876 1798 3202 1868 ἀνθρώπων,
3230 1799 3358 1859 ὅπως
3388 1791 3605 1858 [inmitia

2205 1897 2274 1949 τά
2302 1893 2441 1948 καλά
2462 1893 2600 1964 ἔργα
2631 1894 2726 1945 καὶ
2747 1890 3049 1954 δοξάσωσιν
3097 1889 3186 1941 τὸν
3231 1888 3414 1956 Πατέρα
3436 1882 3605 1952 opem

2206 1988 2264 2039 ἐν
2298 1987 2410 2047 τοῖς
2434 1985 2705 2055 οὐρανοῖς
2737 2001 2756 2034 ι
2787 1983 2879 2034 καὶ
2905 1980 3050 2035 ἄλλα
3074 1981 3192 2033 τινά
3220 1978 3423 2032 τοιαῦτα.
3447 1976 3598 2028 Ratira-

2205 2076 2416 2146 κριθεὶς
2444 2077 2472 2128 6
2510 2076 2717 2145 Κύριος
2757 2072 3037 2142 Ἰωάννης,
3099 2071 3242 2137 λέγει
3288 2067 3437 2135 αὐτῷ’
3464 2065 3601 2131 Napi:

2207 2165 2424 2233 ἁδελφὲ,
2453 2165 2482 2217 6
2512 2163 2761 2225 Σατανᾶς
2782 2161 3089 2232 ἐφθόνησεν
3113 2160 3204 2231 τὴν
3225 2158 3415 2230 ἡσυχίαν
3434 2152 3603 2223 ᾐμῶνμὶ

2207 2253 2475 2310 ὑπέσαλέν
2505 2270 2589 2305 σοι
2614 2253 2709 2305 τὸν
2743 2251 3009 2321 λογισμὸν
3050 2250 3251 2303 τοῦτον.
3279 2246 3516 2301 Τουναντίοι
3536 2240 3602 2292 ιιι

2207 2361 2342 2410 ισον,
2361 2345 2454 2397 καὶ
2477 2346 2569 2396 τὸν
2595 2343 2795 2413 δρόμον
2822 2342 3006 2412 ἡμῶν,
3033 2341 3167 2394 ὅπου
3204 2336 3455 2408 ὲκλήθημεν
3477 2333 3540 2384 ὑπὸ
3553 2328 3599 2381 αἱ

2154 2421 2157 2423 ⁸
2205 2436 2363 2499 Θεοῦ,
2395 2437 2475 2499 είς
2516 2433 2629 2505 ’τὴν
2685 2433 2890 2504 ἔρημον
2920 2431 3131 2501 ταύτην
3185 2422 3600 2499 πληρώσωμεν.

2207 2527 2354 2597 αὐτῷ
2382 2528 2410 2579 6
2446 2524 2703 2595 Συμεώνο
2742 2525 3065 2590 Πίστευσον,
3116 2520 3220 2591 ἐγὼ
3257 2521 3310 2574 οὐ
3355 2512 3598 2587 μένω,εὲλ’ἑτ

2206 2622 2274 2690 τῇ
2303 2618 2531 2686 δυνάμει
2552 2617 2645 2670 τοῦ
2673 2613 2910 2686 Χριστοῦ
2928 2611 3404 2683 ὑπάγω,ὲμπαίζων
3422 2604 3598 2675 τῷιόςμᾷ

2209 2710 2371 2777 Λέγει
2412 2706 2562 2775 αὑτῷ
2618 2706 2781 2759 πάλιν
2836 2708 2868 2758 ὁ
2900 2705 3134 2774 ἀδελφὸς
3184 2701 3364 2756 αὐτοῦ*
3401 2690 3596 2767 nam

2209 2801 2362 2863 καλὲ,
2386 2799 2695 2869 παρακαλῶ
2725 2816 2787 2853 σε
2816 2799 2907 2852 διὰ
2934 2798 3030 2852 τὸν
3057 2797 3267 2868 Κύριον,
3289 2795 3350 2865 μὴ
3368 2793 3484 2860 ἐάσῃς
3498 2785 3597 2856 μηδ’

2208 2891 2482 2945 ταπεινόν.
2507 2891 2673 2943 Οῦπω
2702 2890 2811 2961 γάρ
2842 2889 2957 2957 ἐγὼ
2989 2892 3071 2953 είς
3095 2888 3245 2942 τοῦτο
3269 2886 3321 2939 τὸ
3354 2884 3489 2954 μέτρον
3510 2873 3595 2943 μί’

534 2967 762 3020 habeam
795 2968 984 3030 ullum,
1012 2976 1208 3035 praeter
1236 2978 1309 3034 te,
1342 2969 1512 3025 frater
1536 2972 1645 3038 mi;
1672 2975 1767 3028 sed
1797 2977 2097 3031 renuntiavi

2212 3000 2302 3047 σα,
2338 2983 2424 3036 ἵνα
2451 2982 2665 3051 δυνηθῶ
2697 2980 2967 3050 ὲμπαίξαι
2997 2981 3078 3051 τῷ
3110 2982 3300 3050 κόσμῳ,
3329 2974 3446 3029 Ἀλλᾶ
3459 2964 3594 3061 διἀίηὲῗ

530 3056 806 3119 omnibus,
840 3065 897 3109 ut
933 3056 1029 3109 tibi
1063 3058 1393 3112 adhaererem
1425 3077 1438 3113 :
1470 3071 1526 3116 et
1547 3078 1692 3119 nunc
1720 3073 1778 3118 tu
1810 3066 1893 3120 vis
1920 3067 1977 3120 in
2008 3067 2111 3122 hac

529 3142 826 3196 solitudine
853 3152 1110 3213 tanquam
1135 3145 1190 3199 in
1218 3147 1405 3215 pelago
1425 3165 1511 3204 me
1533 3150 1820 3220 linquere?
1840 3154 2112 3210 Memento

531 3230 695 3301 hujus
723 3230 854 3296 diei,
888 3248 994 3302 qua
1033 3242 1237 3289 sortem
1274 3236 1529 3292 duximus
1575 3246 1631 3292 et
1659 3242 1971 3299 audivimus
2011 3244 2109 3299 ab-

531 3320 715 3376 batem
753 3320 1041 3390 Nieonem;
1074 3325 1219 3394 quod
1243 3328 1563 3382 convenerit
1591 3329 1736 3384 inter
1766 3347 1888 3397 nos,
1921 3344 2112 3389 mutuo

530 3426 640 3466 non
696 3414 957 3483 separari.
1018 3414 1292 3471 Memento
1351 3419 1614 3476 terribilis
1665 3421 1837 3485 horae,
1890 3426 2111 3494 quando

531 3513 779 3556 sanetum
829 3501 1073 3557 habitum
1115 3504 1291 3560 induti
1346 3521 1559 3572 sumus,
1610 3517 1667 3564 et
1722 3526 1939 3569 eramus
1980 3514 2108 3578 duo,

531 3592 676 3646 sicut
709 3593 893 3646 anima
929 3608 1058 3660 una,
1099 3595 1236 3650 adeo
1283 3606 1344 3651 ut
1386 3612 1577 3655 omnes
1619 3599 1967 3657 dilectionem
2014 3620 2112 3659 no-

531 3692 700 3739 stram
782 3693 1041 3753 tanquam
1108 3701 1223 3740 rem
1272 3703 1469 3743 novam
1524 3690 1874 3748 mirarentur.
1932 3692 2110 3751 Nolito

530 3773 776 3828 oblivisci
812 3789 1098 3830 sermones
1135 3778 1316 3847 magni
1343 3780 1513 3842 senis,
1553 3781 1757 3850 quibus
1792 3798 1893 3840 nos
1923 3787 2113 3843 admo-

528 3865 648 3918 nuit
681 3879 745 3918 ea
784 3875 965 3930 nocte,
999 3882 1107 3935 qua
1147 3868 1350 3938 egressi
1395 3884 1608 3927 sumus.
1643 3871 1742 3939 Ne,
1793 3892 1997 3946 quaeso,
2040 3895 2111 3935 ne

529 3952 674 4007 forte
718 3969 972 4023 peream,
1026 3964 1084 4010 et
1128 3957 1370 4027 requirat
1425 3959 1567 4016 Deus
1630 3964 1869 4021 animam
1927 3983 2107 4024 meam

528 4041 629 4098 abs
667 4051 745 4100 te.

2211 3073 2303 3126 τὸν
2332 3072 2598 3137 ζεύξαντα
2631 3070 2777 3141 ἡμᾶς
2842 3076 2917 3141 μὴ
2980 3072 3208 3142 θελήσῃς
3243 3063 3593 3134 ἀποζευχθῆναιτω

2214 3164 2308 3216 σοῦ
2331 3163 2582 3230 ἀδελφοῦ.
2615 3163 2689 3216 Σὺ
2713 3157 2882 3225 οἶδας,
2916 3164 3007 3216 δτι
3044 3164 3179 3232 μετὰ
3219 3161 3331 3213 Θεὸν
3373 3155 3502 3208 οὐδένα
3527 3149 3593 3213 Et"

2213 3258 2261 3305 εἰ
2290 3254 2365 3323 μὴ
2393 3254 2475 3317 σὲ,
2521 3253 2717 3322 ἀδελφέ
2772 3270 2897 3322 μου,
2922 3252 3064 3306 ἀλλὰ
3096 3254 3284 3313 πάντας
3306 3243 3527 3319 ἠρνησάμην
3546 3234 3593 3286 αἱ

2214 3343 2656 3414 προσεκολλὴθην
2704 3360 2826 3396 σοι·
2863 3345 2962 3397 καὶ
3004 3344 3127 3413 ἄρτι
3172 3345 3232 3396 σὺ
3274 3341 3421 3400 θέλεις,
3442 3326 3591 3395 limi?b

2214 3435 2474 3502 πελάγει,
2507 3437 2669 3490 ὲᾶσαί
2710 3453 2776 3506 με
2808 3437 2888 3499 είς
2916 3436 3020 3506 τὴν
3052 3437 3244 3507 ἔρημον
3270 3431 3444 3500 ταύτηνς
3468 3416 3593 3484 BM?"

2212 3544 2401 3581 νευσον
2422 3527 2522 3596 τῆς
2550 3530 2761 3599 ἡμέρας
2796 3528 3039 3599 ἐκείνης,
3084 3529 3168 3581 ὅτε
3195 3527 3423 3594 ἐλάχομενι
3444 3516 3505 3567 ’δῖ

2211 3616 2496 3688 ηρχόμεθα
2525 3619 2619 3669 ἐπὶ
2638 3598 2729 3671 τδν
2787 3618 2943 3688 κῦριν
2990 3618 3222 3681 Νίκωνα,
3270 3615 3337 3667 ὅτι
3384 3598 3591 3671 συντθέξιεθίν

2216 3710 2292 3779 μὴ
2324 3707 2658 3780 χωρίζεσθαι
2680 3709 2776 3761 ἀπ’
2830 3708 3096 3780 ἀλλήλων.
3133 3705 3450 3776 Μνημόνευσον
3470 3694 3591 3781 Titi?

2213 3799 2381 3868 ϐερᾶς
2436 3797 2606 3867 ὥρας,
2639 3797 2728 3849 ὅτε
2786 3797 2848 3850 τὸ
2874 3795 3034 3863 ἅγιον
3068 3796 3245 3866 σχῆμα
3284 3785 3589 3853 ὲνεδύθημνςηέ

2210 3887 2353 3962 ἦμεν
2373 3891 2425 3943 οἱ
2455 3890 2548 3943 δύο
2595 3889 2784 3961 ὥσπερ
2826 3891 2926 3962 μία
2964 3891 3128 3962 ψυχὴ,
3158 3889 3281 3942 ὥστε
3318 3868 3591 3941 xcv-1:36;?

2215 3979 2338 4032 σθαι
2367 3980 2462 4032 ἐπὶ
2489 3982 2556 4051 τῇ
2610 3981 2803 4053 ἀγάπῃ
2845 3982 3034 4051 ἡμῶν.
3061 3983 3147 4051 Μὴ
3176 3977 3369 4045 ammon
3391 3969 3464 4023 τῶν
3497 3962 3590 4059 λέῖθῗ

2211 4068 2307 4122 τοῦ
2347 4069 2586 4139 μεγάλου
2635 4071 2926 4142 γέροντος,
2993 4065 3069 4126 ὧν
3120 4072 3251 4141 ἡμᾶς
3287 4060 3588 4151 ἑνσδθὲτηπΊΙἾ

2213 4162 2402 4229 νυκτὶ,
2434 4157 2470 4235 ᾖ
2499 4162 2817 4233 ἐξήλθομεν.
2861 4164 2980 4236 Μὴ,
3019 4161 3314 4235 παρακαλῶν
3352 4156 3406 4225 μή
3535 4153 3589 4238 δῖ’

2212 4256 2422 4329 ὄλωμαι
2457 4258 2551 4312 καὶ
2572 4258 2848 4329 ἑκζητήσῃ
2861 4259 2891 4310 6
2918 4258 3051 4320 Θεὸς
3075 4258 3167 4326 τὴν
3184 4254 3333 4322 ψυχήν
3352 4263 3424 4316 μου
3443 4237 3508 4293 ἀπὺ

600 4336 688 4391 28.
723 4337 822 4391 Cui
860 4338 1059 4392 iterum
1089 4340 1323 4412 Symeon
1356 4362 1369 4397 :
1411 4345 1599 4417 Cogita
1648 4365 1734 4404 me
1789 4367 1912 4407 esse
1957 4369 2097 4408 mor-

2280 4318 2390 4420 κῆν.
2417 4348 2582 4417 Λέγει
2603 4318 2940 4419 αῦτῷστάλιν
2966 4353 2995 4403 6
3250 4318 3277 4377 Ι
3298 4318 3495 4407 Νόμιθων

529 4434 717 4490 tuum;
768 4441 953 4481 nonne
1015 4430 1267 4496 haberes,
1316 4434 1460 4489 unde
1508 4438 1585 4490 tui
1628 4455 1815 4496 curam
1867 4460 2109 4513 gereres.

529 4514 745 4566 tametsi
772 4515 919 4568 solus
949 4519 1139 4570 esses?
1178 4519 1376 4587 Crede,
1417 4524 1461 4577 si
1501 4527 1712 4594 venias,
1751 4544 1898 4586 recte
1942 4533 2109 4592 facies

528 4614 585 4657 et
611 4602 781 4668 belle;
831 4605 1086 4674 quoniam
1139 4623 1240 4680 ego
1286 4626 1394 4666 non
1443 4630 1661 4671 maneo.
1698 4618 1796 4674 Ubi
1834 4621 1965 4677 vidit
2000 4624 2109 4680 fra-

526 4703 611 4751 ter
634 4695 874 4751 Joannes
916 4713 1040 4752 eum
1083 4702 1399 4770 persistere,
1436 4710 1690 4778 cognovit
1728 4714 1874 4781 quod
1919 4715 2108 4771 divino

526 4787 788 4842 instinctu
839 4789 942 4844 hoc
986 4790 1211 4848 faceret.
1252 4792 1398 4851 Nihil
1442 4798 1645 4869 quippe
1689 4817 1787 4858 eos
1838 4786 2104 4874 potuisset

526 4894 779 4949 separare
813 4883 917 4935 nisi
951 4884 1063 4937 sola
1087 4902 1252 4953 mors,
1277 4898 1332 4943 et
1359 4888 1591 4947 fortasse
1619 4909 1689 4948 ne
1717 4895 1832 4966 ipsa
1853 4886 2099 4967 quidem.

524 4968 659 5024 Nam
690 4972 887 5040 ssepius
916 4973 1021 5028 hoc
1050 4977 1212 5030 etiam
1246 4978 1415 5033 Deum
1449 4995 1794 5052 rogaverant.
1822 4996 1880 5040 ut
1912 4990 2102 5044 ambos

524 5056 739 5151 simule
770 5064 878 5117 vita
912 5078 1160 5129 voearet,
1201 5077 1256 5123 et
1305 5072 1601 5127 credebant
1635 5077 2008 5133 exaudiendos
2041 5096 2100 5135 se

523 5151 693 5209 fuisse
735 5170 765 5209 a
825 5158 1052 5215 Domino
1100 5160 1154 5214 in
1214 5163 1317 5216 hac
1375 5180 1462 5231 re,
1509 5167 1670 5223 sicuti
1710 5170 1764 5224 in
1820 5173 2095 5241 omnibus.

523 5243 666 5301 Dicit
694 5247 876 5316 itaque
906 5251 954 5304 ei
984 5249 1298 5325 [Joannes]:
1331 5253 1566 5322 Videsis,
1602 5259 1857 5331 Symeon,
1886 5279 1957 5317 ne
1984 5265 2101 5319 dia-

523 5333 681 5423 bolus
704 5337 932 5393 fortasse
965 5341 1059 5394 tibi
1109 5343 1237 5397 velit
1271 5354 1481 5402 struere
1509 5348 1753 5406 insidias.
1794 5350 2099 5423 Respondit

523 5422 613 5479 ille
646 5445 659 5478 :
693 5425 771 5479 Tu
805 5430 966 5484 modo
1001 5446 1069 5485 ne
1102 5433 1208 5487 mei
1237 5436 1559 5494 obliviscere
1591 5440 1643 5494 in
1678 5443 1788 5497 tuis
1814 5422 2091 5513 precibus,

596 5597 638 5630 ”
668 5597 688 5652 l
716 5600 841 5655 Cor.
880 5619 931 5667 κ,
958 5604 1049 5658 24.

2208 4416 2419 4506 ἐθανον,
2464 4416 2565 4494 οῦκ
2593 4416 2737 4510 εἶχες
2767 4442 3050 4511 φροντίσαι
3074 4416 3249 4497 ἑαυτοῦ
3275 4434 3382 4490 κατὰ

2207 4532 2527 4598 Πίστευσον,
2552 4532 2601 4584 εἰ
2640 4529 2740 4601 μὲν
2768 4530 2928 4603 ἔρχῃ,
2964 4528 3025 4585 εὖ
3055 4532 3146 4584 καὶ
3176 4525 3342 4587 καλῶς,
3377 4513 3584 4609 mihi?"

2209 4621 2373 4692 μένω.
2396 4622 2493 4685 Ὡς¹
2532 4617 2625 4674 οὖν
2676 4622 2783 4674 ῐδεν
2840 4623 3008 4676 αὐτὸν
3049 4623 3077 4674 6
3108 4618 3303 4687 ἁδελφδς
3333 4608 3582 4693 ἸωάννηῖίΫ

2212 4713 2438 4782 μένοντα
2461 4753 2476 4777 ,
2529 4712 2671 4781 ἔγνω
2726 4713 2807 4767 ὅτι
2858 4717 2925 4768 ὲκ
2970 4712 3103 4768 Θεοῦ
3140 4699 3464 4779 summm
3498 4698 3583 4740 :rm

2210 4804 2429 4873 πρᾶξαι.
2477 4805 2628 4858 Ἐπεὶ
2681 4806 2778 4858 οὐκ
2834 4806 3096 4877 ἐχώριζεν
3120 4802 3307 4863 αὐτοὺς,
3327 4797 3363 4849 εἶ
3384 4789 3470 4864 μὴδ

2206 4866 2317 4962 τος,
2333 4866 2474 4966 τάχα
2485 4896 2539 4950 δὲ
2563 4897 2682 4949 οὐδὲ
2710 4866 2898 4961 αὑτόξῖ
2919 4866 3033 4953 lict
3056 4897 3158 4967 γάρ
3170 4890 3290 4964 ἦσαν
3313 4886 3384 4943 καὶ
3402 4879 3502 4934 τοῦτο
3515 4866 3582 4919 “1'

2204 4988 2364 5051 λάκις
2405 4990 2890 5060 παρακαλέσαντες
2932 4991 3022 5044 τὸν
3080 4989 3217 5052 Θεὸν,
3273 4984 3342 5036 ἵνα
3367 4970 3457 5046 ἐμοῦ

2204 5079 2435 5151 λάϐηται
2461 5082 2591 5144 τοὺς
2616 5081 2728 5144 δύο,
2755 5099 2850 5135 και
2894 5083 3167 5137 ἐπίστευον
3199 5078 3270 5130 ὅτι
3302 5061 3580 5155 sicam“?

2206 5170 2315 5224 τῶν
2342 5173 2371 5223 ὀ
2410 5170 2615 5243 Κύριος
2665 5174 2757 5226 καί⁷
2798 5174 2858 5225 ὲν
2895 5173 3086 5243 τούτῳ,
3118 5171 3183 5232 ὡς
3222 5169 3274 5220 ἐν
3307 5165 3467 5217 amart.
3636 5240 3637 5249 γ

2207 5260 2301 5315 οὖν
2331 5262 2501 5333 αὐτῷ’
2526 5261 2722 5327 Βλέπε,
2748 5263 2993 5334 Συμεὼν,
3019 5265 3094 5335 μή
3119 5275 3217 5321 πως
3235 5258 3261 5310 ὁ
3281 5247 3461 5308 mm“

2206 5370 2294 5406 σαι
2329 5370 2387 5406 σε
2418 5331 2567 5425 θέλῃ.
2598 5355 2660 5408 Ὀ
2708 5355 2763 5407 δὲ
2809 5331 2961 5409 εἷπεν
3010 5331 3169 5423 αὐτῷ·
3197 5350 3262 5403 Σὺ
3295 5344 3418 5415 μόνον
3443 5331 3492 5435 εξὴ

2202 5448 2342 5520 λάθῃ
2362 5466 2461 5520 μου
2489 5412 2549 5502 ὲύ
2575 5453 2644 5521 τῇ
2661 5451 2793 5523 εὐχῇ
2828 5468 2943 5518 σου,
2971 5412 3147 5518 ὥσπερ
3172 5443 3276 5498 οὐδὲ
3296 5412 3384 5507 ἐγὼ
3404 5424 3482 5487 σοῦ’
3499 5412 3573 5473 ﬂ“

1155 5609 1203 5641 ¹⁰
1232 5610 1253 5664 Ι
1286 5609 1409 5666 Cor.
1459 5629 1532 5683 ιχ,
1562 5616 1652 5671 22.
1729 5620 1770 5650 ²¹
1804 5620 1993 5676 Matth.
2024 5639 2077 5690 v,
2111 5625 2198 5680 16.
