3736 6308
24 215 172 279 1705

1294 227 1469 289 VITA
1509 231 1569 289 S.
1608 230 2012 297 SYMEONIS.
2049 252 2051 254 ‘

3178 241 3312 311 1706

11 327 156 391 θεὸς
185 331 280 384 καὶ
303 331 357 383 αἱ
387 330 536 401 εὐχαί
567 348 658 384 cna
696 332 959 396 σώζουσί-λ
985 352 1071 403 με.
1101 336 1270 390 Πάλιν
1291 333 1386 391 οὖν
1409 337 1548 410 ἦρξα

1782 352 1861 396 :ut
1883 360 1983 398 nec
2013 361 2113 412 ego
2141 345 2218 401 tui
2250 347 2563 416 obliviscar;
2586 361 2642 407 et
2661 349 2827 420 Deus,
2856 367 2958 410 nec
2984 371 3092 410 non
3119 371 3312 426 preces

13 421 308 476 νουθετεῖν
349 423 509 478 αὑτὸν
549 427 576 478 ὀ
603 425 832 494 ἁδελφδς
876 427 1042 480 αὑτοῦ
1065 429 1157 482 καὶ
1187 428 1388 497 λέγειν’
1418 429 1613 492 Βλέπε,

14 511 330 580 ἀσφάλισαι
394 515 639 580 σεαυτὸν,
689 514 886 587 ἀδελιρὲ
952 517 1216 588 Συμεὼν,
1254 519 1342 572 ἵνα
1392 519 1466 590 μὴ
1515 521 1616 573 ὅσα

18 601 267 671 συνῆξεν
328 604 360 673 ἡ
407 602 615 675 ἔρημος
642 645 658 670 ,
704 606 980 680 σκορπίσῃ
1030 608 1059 659 ὁ
1103 608 1346 678 κόσμος’
1384 610 1478 661 καὶ
1515 609 1617 662 ὅσα

16 693 318 764 ὠφέλησεν
363 697 397 768 ἡ
443 698 643 768 ήσυχία
673 739 688 765 ,
737 698 916 774 βλάψῃ
969 702 1002 771 ὴ
1068 702 1280 773 ταραχή
1309 719 1324 732 '
1377 703 1470 756 καὶ
1517 705 1614 756 ὅσα

15 782 264 852 ἤνεγκεν
282 789 312 854 ή
332 787 630 856 ἀγρυπνία,
653 788 742 842 διὰ
757 788 928 843 ὕπνου
957 791 1248 864 ἀπολέσῃς.
1268 795 1322 845 Ἀ
1333 795 1613 862 σφάλισαι,

0 869 253 946 ξὰδιλφὲ,
281 877 357 948 μὴ
375 879 476 950 τὴν
505 881 862 952 σωφροσύνην
877 881 972 936 τοῦ
999 886 1298 955 μοναχικοῦ
1327 886 1618 960 διαφθείρῃ

17 966 144 1036 βίου
180 970 217 1041 ἠ
249 971 434 1041 ἀπάτη
467 971 574 1025 τῶν
611 975 915 1044 κοσμικῶν.
954 976 1130 1030 Βλέπε
1171 978 1247 1048 μὴ
1276 977 1370 1032 τὸν
1403 980 1617 1050 καρπὸν

13 1059 121 1130 τῆς
161 1063 481 1134 στερήσεως
530 1064 642 1117 τῶν
689 1066 1009 1133 γυναικῶν,
1048 1066 1108 1133 ἐξ
1135 1059 1212 1122 ὧν
1251 1085 1311 1121 σε
1357 1069 1562 1124 ἔσωσεν
1588 1071 1618 1124 ὁ

12 1147 156 1212 Θεὸς
183 1149 293 1213 ἓως
326 1153 589 1224 σήμερον,
617 1155 916 1229 ἀπολέσῃή
961 1157 1081 1226 μετ’
1127 1157 1309 1212 αὐτῶν
1339 1159 1614 1234 διατριϐή.

14 1241 207 1295 Βλέπε
243 1244 320 1314 μὴ
344 1244 441 1315 τὴν
473 1247 888 1320 ἀκτημοσύνην,
918 1250 986 1321 ἣν
1016 1265 1098 1304 σοι
1141 1252 1170 1304 ὁ
1200 1254 1619 1324 ἁναχωρητικδς

14 1335 366 1405 προεξὲνησε
396 1337 529 1408 βίος,
565 1339 900 1414 διασκεδάσῃ
940 1343 974 1413 ἡ
1013 1343 1500 1414 πολυκτημοσύνη,
1541 1347 1615 1420 μή
1667 1354 1680 1358 “

14 1444 140 1490 πως
184 1429 218 1482 δ
260 1428 488 1500 ἕστηξεν
521 1434 556 1505 ἡ
597 1434 828 1505 νηστεία
873 1434 1072 1506 σῶμα,
1107 1437 1327 1511 παχύνει
1372 1437 1441 1492 τὰ
1468 1438 1616 1510 βρώ-

17 1537 201 1589 ματα.
649 1553 656 1559 -

89 1612 204 1666 κθ’.
243 1613 442 1681 Βλέπε,
476 1614 700 1684 αδελφέ,
756 1617 831 1688 μή
885 1637 1003 1682 πως
1037 1620 1137 1690 τὴν
1181 1620 1477 1690 κατάνυείν
1523 1641 1617 1678 σου

7 1703 305 1779 ἀπολέσῃς
347 1705 436 1760 διὰ
462 1705 558 1760 τοῦ
594 1708 860 1775 γέλωτος,
893 1711 988 1765 καὶ
1029 1710 1131 1782 τὴν
1169 1715 1482 1787 προσευχήν
1519 1732 1614 1770 σου

9 1796 108 1850 διὰ
138 1797 245 1868 τῆς
271 1797 538 1868 ἀμελείας
564 1817 682 1854 σου.
711 1801 909 1868 Βλέπε,
927 1804 1254 1875 παρακαλῶ,
1279 1806 1354 1877 μή
1377 1799 1494 1871 πως
1523 1824 1615 1876 γε-

11 1891 229 1954 λῶντος
249 1892 344 1946 τοῦ
377 1892 673 1964 προσώπου
705 1912 825 1960 σου,
857 1897 1243 1970 συνδιαχέηται
1290 1901 1320 1954 ὁ
1341 1899 1466 1965 νοῦς
1497 1917 1613 1967 σου,

14 1981 96 2051 μὴ
132 1979 250 2034 τῶν
296 1982 498 2052 χειρῶν
537 1982 975 2054 ψηλαφούντων,
1005 1989 1423 2064 συμψηλαφήσῃ
1449 1993 1546 2047 καὶ
1580 1995 1614 2064 ἠ

9 2072 193 2144 ψυχὴ,
230 2073 307 2145 μὴ
335 2075 430 2128 τοῦ
465 2077 738 2148 στόματος
763 2077 1059 2144 ἐσθίοντος,
1105 2082 1414 2154 συνηδυνθῇ
1454 2086 1551 2138 καὶ
1581 2085 1615 2156 ἡ

12 2168 250 2237 καρδία,
288 2169 364 2240 μὴ
411 2169 523 2222 τῶν
581 2171 760 2225 ποδῶν
808 2171 1160 2242 βαδιζόντων,
1208 2179 1615 2250 συνορχήσηται

11 2260 282 2324 ἀτάκτως
316 2263 412 2317 καὶ
439 2265 470 2334 ἡ
502 2264 651 2317 ἔνδον
681 2265 908 2337 ἡσυχία,
944 2267 1040 2320 καί⁵
1079 2268 1366 2341 συντόμως
1415 2272 1613 2340 εἰπεῖν,

20 2352 101 2424 μὴ
136 2353 244 2406 ὃσα
275 2356 502 2425 πράττει
531 2355 594 2409 τὸ
613 2357 778 2428 σῶμα
804 2358 1028 2426 ἔξωθεν,
1048 2360 1266 2434 πράττῃ
1295 2362 1441 2434 καὶὴ
1468 2364 1616 2435 ψυχὴ

10 2444 250 2499 ἔσωθεν.
282 2447 424 2500 Ἀλλ’
454 2451 502 2500 si
534 2449 629 2502 καὶ
654 2449 791 2513 ὅλως
831 2450 1062 2522 είληφας
1097 2453 1164 2506 ἐκ
1194 2452 1331 2507 Θεοῦ
1363 2453 1612 2526 δύναμιν,

11 2535 246 2606 ἀδελφὲ,
277 2537 366 2590 ἵνα
396 2539 497 2593 ὅσα
525 2540 621 2594 ἐὰν
643 2540 704 2594 τὸ
729 2541 890 2613 σῶμα
919 2544 1103 2616 πράξῃ
1142 2545 1418 2616 σχήματα,
1455 2548 1488 2618 ἢ
1522 2549 1612 2601 λό-

9 2645 171 2696 γους,
207 2628 240 2700 ἢ
278 2634 601 2702 πράγματα,
629 2633 888 2703 ἀκίνητος
921 2634 1019 2688 καὶ
1070 2637 1350 2709 ἁτάραχος
1380 2638 1614 2714 διαμένῃ

9 2722 39 2773 ὁ
80 2720 214 2785 νοῦς
249 2739 343 2774 σου
375 2723 526 2793 καὶὴ
563 2726 781 2796 καρδία,
821 2727 916 2780 καὶ
951 2727 1204 2798 οὐδαμῶς
1248 2729 1357 2782 ὑπὸ
1405 2731 1613 2786 τούτων

14 2811 337 2883 μολύνεται,
368 2814 400 2884 ἦ
434 2815 753 2885 βλάπτεται,
779 2817 950 2882 ὅντως
979 2818 1093 2888 ἐγὼ
1144 2821 1240 2874 ἐπὶ
1275 2823 1343 2893 τῇ
1371 2823 1614 2896 σωτηρίᾳ

12 2921 115 2959 σου
157 2905 357 2978 χαίρω.
390 2907 552 2976 μόνον
587 2907 677 2963 ίνα
702 2907 832 2982 εὔξῃ
861 2909 940 2980 τῷ
969 2910 1111 2982 Θεῷ,
1137 2913 1224 2966 ἵνα
1253 2915 1373 2968 ἐκεῖ
1402 2914 1478 2984 μὴ
1499 2932 1611 2983 χω-

1719 445 1826 489 tuae
1875 439 2172 492 servabunt
2229 454 2337 494 me.
2395 440 2596 494 lterum
2660 459 2790 514 ergo
2849 462 3074 503 monere
3131 448 3310 518 ipsum

1719 529 1885 600 coepit
1924 531 2090 586 frater
2140 533 2281 604 ejus,
2336 546 2390 590 et
2438 535 2658 593 dicere:
2691 540 2830 597 Vide
2878 553 2939 599 ut
2977 555 3172 600 cautus
3211 544 3306 612 sis,

1721 620 1888 677 frater
1923 624 2186 695 Symeon,
2217 643 2307 694 ne,
2355 629 2620 702 quidquid
2668 634 2886 707 collegit
2919 653 3160 704 eremus,
3192 637 3308 695 dis-

1720 724 1906 797 pergat
1929 720 2198 787 mundus;
2236 722 2496 793 quidquid
2529 728 2807 795 promovit
2856 731 3159 797 silentium,
3213 736 3308 788 lae-

1718 794 1809 860 dat
1869 809 2174 875 tumultus;
2233 794 3027 888 quidquidicongregavcrunt
3090 794 3305 892 vigilia,

1717 912 1948 956 mnus
1988 904 2200 968 perdat.
2245 902 2414 974 Cave,
2455 905 2642 974 frater,
2702 925 2774 964 ne
2827 909 2950 966 vita;
2991 915 3308 970 monasticae

1720 989 2176 1058 moderationem,
2221 995 2410 1050 mundi
2459 997 2610 1052 fraus
2657 1010 2994 1072 corrumpat.
3041 1000 3176 1058 Vide
3237 1021 3308 1060 ne

1719 1077 1980 1144 fructum,
2015 1099 2178 1154 quem
2227 1088 2519 1159 percepisti
2555 1106 2618 1145 ex
2667 1091 2916 1147 absentia
2962 1093 3310 1161 feminarum.

1719 1186 1750 1226 a
1775 1173 1974 1242 quibus
2011 1185 2062 1231 te
2094 1177 2360 1234 hactenus
2406 1183 2645 1238 servavit
2688 1183 2852 1246 Deus,
2899 1187 3096 1256 perdat
3127 1185 3310 1244 futura

1719 1279 1843 1319 cum
1890 1267 1971 1322 eis
2008 1271 2374 1326 conversatio.
2411 1273 2545 1330 Vide
2597 1293 2668 1331 ne
2718 1278 2980 1350 inopiam,
3009 1295 3172 1352 quam
3210 1283 3306 1337 tibi

1719 1359 2031 1415 conciliavit
2071 1363 2179 1416 vita
2231 1364 2494 1432 solitaria,
2543 1368 2822 1444 dispergat
2868 1373 3188 1443 opulentia;
3236 1390 3307 1429 ne

1719 1450 1902 1507 forsan
1947 1469 2167 1530 corpus,
2203 1459 2348 1528 quod
2385 1460 2668 1518 aiilictavit
2696 1464 2994 1535 jejunium,
3039 1467 3146 1525 cibi
3205 1468 3308 1523 im-

1719 1543 2002 1615 pinguem.

1791 1635 1882 1690 29.
1924 1636 2082 1700 Vide.
2120 1636 2308 1704 frater,
2346 1657 2415 1696 ne
2443 1645 2924 1713 compunctioaem
2957 1648 3177 1704 amittas
3210 1665 3310 1721 per

1720 1726 1914 1792 risum,
1943 1737 2000 1783 et
2025 1731 2330 1788 orationem
2373 1749 2472 1804 per
2516 1737 2925 1806 negligentiam.
2958 1737 3107 1805 Vide,
3144 1741 3308 1798 obse-

1717 1834 1832 1882 cro,
1871 1835 1964 1883 ne,
1997 1821 2128 1876 dum
2175 1823 2318 1878 ridet
2354 1831 2481 1879 tuus
2523 1826 2730 1892 vultus,
2769 1827 3108 1884 diffundatur
3149 1847 3307 1889 meus
3378 1883 3390 1888 _

1718 1920 1850 1978 tua;
1887 1927 1982 1979 ne,
2024 1913 2157 1969 dum
2179 1923 2526 1971 contrectant
2561 1933 2776 1982 manus,
2810 1919 2973 1973 simul
3008 1930 3310 1977 contrectat

1716 2003 1928 2071 anima;
1946 2018 2038 2069 ne,
2055 2004 2183 2060 dum
2203 2006 2439 2062 comedit
2453 2021 2536 2073 os,
2557 2007 2718 2063 simul
2735 2008 3027 2065 dulcedine
3042 2009 3308 2067 adiciatur

1717 2109 1846 2160 cor;
1880 2111 1973 2163 ne,
2007 2096 2137 2152 dum
2171 2098 2340 2168 pedes
2366 2099 2595 2166 vadunt,
2626 2101 2802 2155 simul
2837 2103 3308 2164 inordinatesub-

1718 2186 1889 2241 sultet
1945 2186 2169 2243 interna
2229 2190 2390 2260 quies
2443 2200 2499 2246 et
2557 2195 2768 2249 interna
2817 2211 2968 2266 pax:
3017 2203 3203 2267 atque,
3249 2209 3309 2252 ut

1718 2277 1867 2348 pacis
1919 2280 2254 2349 complectar
2291 2283 2498 2350 omnia,
2545 2299 2615 2339 ne
2668 2285 2932 2356 quidquid
2977 2287 3087 2358 ag‘it
3108 2303 3310 2359 corpus

1676 2440 1681 2445 _
1719 2371 2077 2438 extrinsecus,
2109 2374 2293 2429 anima
2323 2375 2486 2431 etiam
2532 2388 2657 2449 agat
2698 2378 3052 2436 intrinsecus.
3102 2380 3208 2437 Sed
3258 2383 3307 2439 si

1719 2476 1944 2534 prorsus
1978 2482 2008 2521 a
2039 2467 2151 2522 Deo
2183 2469 2439 2540 accepisti
2465 2470 2747 2539 virtutem,
2781 2471 2970 2540 frater,
3005 2483 3084 2543 ut,
3114 2491 3221 2546 quo
3248 2491 3309 2532 se

1717 2574 1935 2630 cunque
1984 2561 2145 2616 modo
2210 2562 2466 2620 habuerit
2511 2580 2734 2637 corpus,
2792 2576 2889 2624 aut
2937 2583 3152 2638 sermo,
3209 2584 3307 2628 aut

1716 2647 1982 2715 actiones,
2008 2656 2194 2705 careat
2221 2651 2438 2707 animus
2462 2661 2590 2708 tuus
2623 2662 2682 2710 et
2706 2669 2802 2709 cor
2832 2656 3074 2713 motione
3107 2667 3162 2715 et
3179 2675 3308 2730 per-

1720 2741 2060 2807 turbatione;
2112 2751 2168 2797 et
2212 2746 2532 2815 neutiquam
2566 2747 2634 2801 ab
2683 2747 2790 2804 illis
2811 2750 2988 2806 rebus
3031 2752 3310 2822 polluatur

1716 2840 1813 2887 aut
1838 2833 2102 2901 hedatur;
2139 2849 2267 2889 vere
2313 2835 2381 2891 de
2424 2844 2516 2892 tua
2551 2839 2727 2894 salute
2756 2841 2990 2912 gaudeo,
3029 2842 3195 2899 modo
3247 2855 3308 2899 ιιι

1719 2925 1888 2979 Deum
1919 2941 2064 2989 ores,
2104 2941 2175 2980 ne
2219 2926 2312 2983 hic
2333 2943 2435 2982 nos
2475 2928 2708 2986 alterum
2763 2931 2831 2994 ab
2861 2931 3033 2988 altero
3064 2945 3302 3004 separet.

13 2998 164 3070 ρήσει
194 2999 228 3069 ή
239 3000 345 3069 μᾶς
368 2999 427 3063 ἐξ
461 3001 691 3055 ἑαυτῶν.
714 3002 850 3056 Τότε
878 3003 1029 3072 λέγει
1068 3004 1219 3076 αὐτῷ
1246 3007 1274 3058 ὁ
1302 3005 1480 3070 ἀϐὄᾶς
1507 3008 1552 3060 Σπ

1782 3035 1872 3074 mc
1920 3020 2051 3076 dicit
2097 3020 2148 3075 ei
2188 3020 2358 3076 abbas
2393 3019 2676 3091 Symeon:
2723 3023 2804 3080 Ne
2860 3025 3075 3093 timeas,
3129 2998 3306 3082 irater

14 3091 204 3162 μεών·
257 3091 360 3163 Μὴ.
404 3093 670 3165 φοϐηθῇς,
730 3095 926 3164 ἀδελφὶ
959 3095 1210 3166 Ἰωάννη·
1257 3097 1319 3152 οὐ
1360 3097 1470 3171 γὰρ
1511 3100 1606 3153 ἀπ’

10 3182 264 3252 ἐμαυτοῦ
293 3183 452 3238 τοῦτο
473 3183 736 3256 βούλομαι
767 3185 996 3257 πρᾶξαι,
1037 3185 1176 3240 ἀλλὰ
1204 3187 1300 3241 τοῦ
1343 3187 1477 3242 Θεοῦ
1511 3205 1608 3242 κε-

9 3273 273 3337 λεύοντός
308 3291 421 3344 μοι,
449 3275 542 3328 καὶ
568 3275 626 3327 ἐν
649 3274 823 3346 τούτῳ
859 3275 1068 3349 γνώσῃ,
1124 3277 1206 3331 ὃτι
1234 3277 1607 3348 εὐηρέστησεν

9 3366 93 3437 τῷ
121 3364 249 3435 Θεῷ
284 3366 345 3419 τὸ
379 3366 540 3437 ἔργον
569 3383 670 3437 μου
700 3366 790 3420 διὰ
814 3367 916 3437 τῆς
944 3366 1112 3421 αὐτοῦ
1152 3371 1494 3441 συνεργείας,
1523 3371 1606 3425 ὅτι

11 3460 124 3530 πρὸ
154 3460 252 3513 τοῦ
280 3460 574 3514 ἀποθανεῖν
608 3477 698 3529 με,
745 3459 998 3532 ἔρχομαι,
1051 3462 1148 3515 καὶ
1179 3462 1331 3516 καλῶ
1375 3481 1457 3531 σε,
1509 3465 1606 3518 καὶ

9 3549 338 3620 ἀσπάζομαί
372 3568 454 3605 σε.
483 3551 578 3604 καὶ
622 3553 679 3605 ὲν
700 3551 914 3619 ὀλίγαις
968 3553 1201 3623 ἡμέραις
1249 3552 1474 3623 φθάνεις
1511 3573 1601 3627 με.

24 3642 193 3696 Ἀλλὰ
211 3642 440 3707 ἀνάστα,
473 3643 568 3697 καὶ
592 3644 910 3715 ποιήσωμεν
936 3645 1124 3718 εὐχήν.
1157 3646 1267 3699 Καὶ
1289 3644 1604 3717 εὐξαμένων

13 3735 202 3787 αὐτῶν
236 3735 329 3788 ἐπὶ
354 3735 545 3799 ίκανὰς
579 3734 750 3806 ὧρας,
790 3736 885 3790 καὶ
924 3736 1274 3806 φιλησάντων
1299 3737 1368 3791 τὰ
1391 3739 1604 3791 ἑαυτῶν

14 3831 216 3904 στήθη,
251 3833 343 3886 καὶ
375 3831 682 3902 βρεξάντων
708 3832 847 3884 αὐτὰ
884 3833 996 3886 ἀπὸ
1023 3831 1134 3886 τῶν
1185 3833 1441 3903 δακρύων
1469 3835 1604 3888 ἑαυ-

8 3922 146 3983 τῶν,
176 3923 452 3975 ἀπέλυσεν
481 3923 644 3976 αύτδν
669 3925 698 3977 ὁ
718 3923 895 3988 ἀΰϐἄς
922 3925 1180 3996 Ἰωάννης
1213 3925 1603 3998 συνοδοιπορή-

11 4030 116 4077 σας
167 4013 322 4085 αύτῷ
372 4012 556 4068 ἱκανὸν
605 4015 999 4086 διὰστημαοοὺ
1025 4016 1136 4087 γὰρ
1174 4015 1343 4070 ἐδίδου
1393 4017 1601 4089 αὐτῷη

6 4101 163 4174 ψυχὴ
196 4102 348 4174 αὐτῷ
383 4104 724 4176 χωρισθῆναι
746 4105 842 4158 ἀπ’
873 4106 1064 4171 αὑτοῦ,
1099 4105 1237 4159 ἀλλὰ
1268 4107 1458 4160 καθότι
1486 4107 1597 4161 ἕλει

5 4209 105 4261 γεν
131 4195 286 4266 αὐτῷ
307 4199 335 4248 ὁ
370 4196 543 4259 άὸδᾶς
576 4197 821 4268 Συμεὼν,
854 4197 1248 4270 ’Υπόστρεψον,
1273 4199 1490 4270 ἀδελφὲ,
1524 4201 1601 4264 ὡς

8 4286 100 4341 ἵνα
128 4271 397 4360 ἐχώριζεν
438 4289 603 4342 αὑτὸν
648 4290 898 4362 μάχαιρα
932 4291 1041 4344 ἀπὸ
1073 4290 1168 4344 τοῦ
1215 4291 1466 4362 σώματος
1497 4292 1597 4346 αύ-

1715 3109 1956 3169 Joannes
1989 3133 2001 3168 :
2040 3129 2149 3169 non
2187 3113 2331 3168 enim
2366 3114 2589 3186 proprio
2625 3115 2794 3172 Marte
2845 3117 2897 3173 id
2949 3119 3072 3174 volo
3120 3135 3303 3190 agere,

1717 3215 1770 3259 at
1797 3204 1906 3260 Deo
1930 3206 2180 3276 jubente.
2215 3207 2280 3261 Et
2310 3208 2362 3262 in
2397 3207 2501 3262 hoc
2532 3222 2830 3278 cognosces
2885 3209 3158 3282 placuisse
3192 3211 3304 3267 Deo

1715 3314 1852 3370 opus
1882 3315 2086 3366 meum,
2118 3300 2237 3370 ipso
2271 3309 2636 3370 cooperante;
2664 3303 2814 3371 quia,
2844 3303 3162 3374 priusquam
3185 3321 3239 3360 m
3264 3327 3308 3354 μ

1716 3391 1841 3458 riar,
1873 3392 2088 3446 veniam
2131 3393 2200 3447 ad
2233 3401 2305 3455 te,
2338 3401 2393 3448 et
2437 3393 2643 3449 vocabo
2674 3401 2748 3460 te,
2795 3404 2850 3449 et
2893 3396 3196 3466 amplectar
3226 3408 3300 3467 te,

1713 3491 1768 3537 et
1819 3482 2008 3552 paucis
2049 3491 2172 3553 post
2222 3483 2416 3538 diebus
2473 3499 2560 3540 me
2603 3485 2874 3554 sequeris.
2924 3485 2995 3540 At
3029 3501 3212 3558 surge,
3246 3498 3304 3545 et

1712 3573 2017 3630 orationem
2049 3573 2425 3628 instituamus.
2454 3573 2522 3629 Et
2563 3560 2850 3645 postquam
2899 3583 2984 3631 sat
3021 3557 3305 3634 diuinas-

1713 3673 1855 3730 sent,
1908 3671 1963 3718 et
2017 3664 2156 3718 alter
2205 3663 2435 3720 alterius
2482 3672 2706 3735 pectora
2752 3664 3011 3734 amplexi,
3045 3666 3306 3740 lacrymis

1711 3752 1824 3806 suis
1845 3767 1910 3807 ea
1942 3752 2228 3823 rigassent,
2262 3751 2472 3808 dimisit
2495 3755 2674 3823 ipsum
2719 3753 2888 3810 abbas
2912 3753 3175 3820 Joannes.
3207 3757 3293 3811 fa-

1709 3847 1831 3894 ctus
1883 3839 1987 3910 ipsi
2045 3854 2231 3895 cernes
2285 3855 2380 3910 per
2422 3841 2555 3896 satis
2603 3843 2824 3914 longum
2869 3844 3144 3913 spatium;
3186 3861 3298 3903 non

1709 3933 1856 3988 enim
1892 3933 2202 4002 patiebatur
2239 3933 2420 3988 anima
2457 3934 2577 4004 ejus
2605 3934 2674 3990 ab
2715 3937 2834 4006 ipso
2879 3940 3144 4008 separari.
3189 3939 3298 3996 Sed

1707 4027 1928 4098 quando
1977 4023 2347 4097 ipsi‘dicebat
2399 4027 2568 4082 frater
2636 4027 2924 4099 Symeon:
2975 4029 3296 4100 Revertere.

1709 4119 1876 4174 frater
1910 4135 1923 4173 :
1971 4135 2081 4174 non
2116 4119 2275 4174 aliter
2309 4134 2620 4175 sermonem
2677 4121 2823 4177 hunc
2865 4123 3095 4190 audivit,
3128 4142 3292 4196 quam

1709 4211 1752 4266 si
1784 4211 1998 4282 gladius
2024 4225 2148 4267 eum
2177 4221 2492 4281 scparasset
2519 4227 2548 4266 a
2582 4228 2681 4267 suo
2715 4227 2966 4285 corpore.
3001 4215 3068 4271 Et
3089 4218 3290 4274 iterum

1708 4301 1900 4357 orabat
1930 4315 2079 4368 eum,
2117 4309 2181 4360 ut
2220 4302 2287 4357 ad
2330 4302 2475 4357 aliud
2516 4303 2792 4360 modicum
2837 4305 3073 4377 spatium
3117 4309 3291 4364 comi-

4 4381 126 4449 τοῦ,
163 4383 335 4446 οὕτως
367 4383 460 4439 τοῦ
491 4385 650 4451 λόγου
677 4386 871 4440 τούτου
907 4387 1125 4457 ἤκουεν,
1159 4388 1252 4447 καὶ
1280 4387 1443 4441 πάλιν
1457 4403 1552 4457 παε

1782 4390 1808 4448 ’ἰ
1842 4393 2209 4463 permitteret.
2235 4392 2446 4465 Itaque,
2480 4403 2711 4467 cogente
2749 4395 2929 4468 ipsum
2962 4399 3160 4454 abbate
3193 4400 3294 4472 Sy-

7 4474 198 4528 εκάλει
227 4475 391 4527 αὑτὸν
443 4474 914 4546 συνακολουθῆσαι
952 4476 1080 4531 ἄλλο
1113 4477 1314 4545 ὀλίγον.
1377 4479 1464 4543 Ὠς
1502 4475 1597 4533 οὖν

8 4563 276 4617 ἐϐιάσατο
303 4563 468 4617 αὐτὸν
501 4565 528 4616 ὁ
552 4564 724 4628 ἀϐὗᾶς
754 4563 1000 4636 Συμεὼν,
1051 4566 1396 4640 ὑπέστρεψεν
1419 4551 1441 4634 ,’
1470 4567 1596 4640 βρέ-

7 4674 122 4727 χων
149 4655 250 4727 τὴν
283 4655 388 4727 γῆν
416 4659 529 4720 τοῖς
556 4656 840 4728 δάκρυσιν,
876 4661 956 4722 είς
977 4658 1068 4712 τὸν
1103 4659 1234 4713 ἴδιον
1263 4662 1450 4717 τόπον.

77 4745 144 4800 λ’.
177 4745 611 4818 Ὠρθοδρόμησεν
659 4749 717 4800 ὲν
747 4751 814 4818 τῇ
866 4748 1001 4818 ἁγία
1033 4751 1270 4820 Χριστοῦ
1317 4753 1413 4806 τοῦ
1457 4753 1591 4808 Θεοῦ

8 4839 174 4910 ἡμῶν
201 4838 374 4892 πόλει.
405 4838 594 4908 Ἐδίψα
626 4839 737 4911 γάρ
764 4840 931 4905 πάνυ,
962 4839 1038 4904 ὡς
1072 4842 1278 4908 ἔλεγεν.
1311 4845 1407 4898 καὶ
1442 4847 1594 4898 iacti—

7 4948 100 4987 ετο
139 4933 418 4987 ἐπιποθῶν
461 4935 518 4987 tv
553 4933 857 4988 ἀπολαύσει
899 4934 1157 5002 γενέσθαι
1206 4935 1294 4988 διὰ
1323 4936 1596 4990 τοσούτων

9 5026 220 5097 χρόνων
244 5026 353 5080 τῶν
384 5023 553 5093 άγίων
575 5025 670 5080 τοῦ
700 5024 940 5097 Χριστοῦ
965 5026 1172 5091 τόπων,
1212 5028 1309 5081 καὶ
1350 5027 1593 5082 καταλα-

8 5116 122 5171 eo»
160 5117 222 5171 τὸ
241 5117 398 5187 άγιον
425 5119 518 5170 καὶ
547 5118 813 5183 ζωοποιδν
841 5117 936 5170 τοῦ
970 5118 1210 5189 Χριστοῦ
1243 5119 1455 5190 μνῆμα,
1495 5121 1590 5174 καὶ

8 5209 70 5262 τὸ
98 5209 254 5279 ἅγιον
291 5210 386 5263 καὶ
421 5210 712 5280 σωτήριον,
745 5210 839 5262 καὶ
877 5210 1176 5280 νικηφόρον
1211 5208 1460 5280 κρανίον,
1497 5211 1591 5264 τὸν

10 5301 174 5355 πόθον
204 5303 546 5373 ἐπλήρωσεν.
581 5302 700 5354 Ἐνέ
709 5318 858 5371 μεινε
883 5302 939 5355 δὲ
961 5305 1110 5374 τρεῖς
1133 5303 1350 5373 ἡμέρας
1383 5305 1463 5364 εἰς
1488 5303 1589 5375 τὴν

13 5393 174 5461 ἁγίαν
199 5396 355 5449 πόλιν
397 5393 731 5464 καθήμενος,
765 5394 1059 5466 ἐρχόμενος
1117 5396 1212 5449 καὶ
1261 5397 1588 5466 προσκυνῶν

13 5484 138 5546 τοὺς
169 5484 508 5546 πανσέπτους
535 5481 630 5535 τοῦ
668 5484 875 5554 Κυρίου
904 5484 1126 5547 τόπους,
1145 5485 1240 5538 καὶ
1269 5486 1586 5555 εὐχόμενος.

26 5570 86 5624 Ἥ
121 5576 175 5630 δὲ
212 5577 347 5645 εὐχὴ
401 5574 566 5630 αὑτοῦ
612 5576 761 5628 πᾶσα
795 5574 1014 5646 ὑπῆρχε
1065 5575 1159 5628 τοῦ
1209 5577 1587 5648 σκεπασθῆναι

13 5662 176 5718 αὐτοῦ
201 5667 297 5736 τὴν
337 5666 604 5737 ἐργασίαν
658 5666 824 5736 μέχρι
855 5666 954 5734 τῆς
981 5666 1145 5721 αὐτοῦ
1201 5670 1588 5738 μεταστάσεως

249 5761 524 5823 Ρηιιοι.
559 5761 678 5823 Gn.
709 5761 932 5823 XCIII.

1704 4496 1922 4547 meone,
1957 4483 2122 4539 rediit
2146 4483 2212 4540 ad
2243 4484 2423 4541 locum
2461 4501 2646 4550 suum,
2679 4489 2930 4560 lacrymis
2979 4499 3181 4546 terram
3216 4493 3292 4546 ir-

1702 4572 1906 4643 rigans.
2351 4590 2363 4601 ·

1773 4751 1860 4805 30.
1907 4751 2141 4824 Symeon
2193 4753 2249 4808 in
2291 4760 2537 4808 sanctam
2588 4751 2791 4810 Christi
2827 4755 3102 4816 civitatem
3139 4771 3289 4819 recta

1700 4843 2008 4898 contendit.
2044 4841 2179 4898 Nam
2221 4845 2548 4900 vehemente
2591 4844 2775 4901 aiebat
2817 4847 2971 4905 sitire
3007 4859 3084 4907 ‘se
3122 4859 3176 4908 et
3206 4867 3286 4908 ar-

1701 4913 1831 4988 dere
1883 4933 2158 4989 desiderio
2197 4935 2310 5004 jam
2338 4935 2544 4991 dudum
2587 4937 2800 4994 fruendi
2853 4942 3057 4998 sanctis
3080 4943 3285 5002 Christi

1697 5025 1855 5081 locis.
1884 5025 1944 5080 Et
1976 5035 2264 5098 postquam
2299 5030 2642 5099 pervenisset
2669 5033 2738 5090 ad
2769 5039 3022 5090 sanctum
3048 5051 3112 5093 ac
3141 5037 3281 5094 νίγὶν

1696 5119 1857 5176 ficum
1899 5119 2102 5177 Christi
2135 5135 2572 5192 monumentum,
2613 5137 2968 5198 sanctamque
2986 5143 3053 5186 ac
3079 5129 3284 5190 saluta-

1696 5229 1810 5269 rem
1857 5223 1914 5270 et
1942 5215 2222 5271 victricrm
2275 5216 2604 5285 Calvariam,
2642 5209 2976 5277 desiderium
3021 5224 3279 5300 explevit.

1693 5302 1830 5358 Nam
1863 5303 2104 5365 triduum
2138 5305 2191 5359 in
2215 5315 2402 5362 sancta
2436 5307 2652 5366 civitate
2687 5318 2932 5368 moratus
2963 5311 3083 5378 fuit,
3118 5329 3279 5374 acce-

1695 5398 1836 5453 dens
1863 5407 1920 5454 et
1951 5398 2186 5455 adorans
2226 5415 2488 5470 perquam
2521 5404 2834 5460 veneranda
2885 5403 3094 5462 Christi
3138 5409 3282 5474 loca,

1693 5499 1749 5545 et
1775 5491 2030 5560 precibus
2059 5508 2278 5547 vacans.
2315 5493 2508 5549 Omnis
2534 5505 2716 5551 autem
2771 5498 2949 5554 oratio
2973 5499 3094 5570 ejus
3136 5511 3280 5566 erat,

1692 5593 1752 5637 ut
1781 5584 2026 5639 actiones
2057 5585 2176 5655 ejus
2207 5595 2538 5657 tegerentur,
2585 5591 2760 5644 donec
2790 5605 2855 5647 ex
2903 5592 3004 5647 liae
3034 5592 3142 5651 vita
3174 5596 3285 5650 mi-

1691 5685 1890 5745 graret,
1917 5693 2024 5746 quo
2057 5677 2339 5731 hominum
2372 5680 2598 5752 gloriam
2631 5681 2934 5753 defugeret,
2974 5699 3073 5752 per
3114 5701 3284 5754 quam

2883 5774 2957 5832 5's
