3736 6308
6 315 166 381 P713
1308 327 1485 387 VITA
1524 327 1586 387 S.

1777 325 2024 386 EONIS.
3169 321 3303 387 1714

1 432 283 493 πάντων,
338 423 629 485 κάντεῦθεν
678 434 864 487 πεῖσαι
900 431 1247 503 βουλόμενος,
1281 433 1358 498 ὡς
1404 435 1618 488 ὅτιτῶν

1777 448 1928 490 εοεεθ
1949 441 2144 488 emota!
2188 431 2407 486 mentis.
2451 427 2664 486 Etenim
2707 430 2944 503 Spiritus
2983 432 3178 499 sancti,
3221 438 3297 492 uti

0 520 167 574 κατὰ
226 521 390 591 φύσιν
436 525 649 593 φρενῶν
704 524 1039 596 ἐξεστηκὼς,
1085 525 1246 580 τοῦτο
1299 527 1613 596 ἐργάζεται.

1780 531 1929 579 ctum
1961 523 2164 593 saepius
2192 530 2296 584 est,
2329 521 2379 576 ei
2412 521 2774 578 inhabitantis
2802 523 3004 578 virtute
3032 525 3297 590 munitus,

0 611 444 682 Φρουρούμενος
488 614 618 688 γὰρ,
679 615 756 679 ὡς
789 617 1052 680 πολλάκις
1084 617 1326 688 εἴρηται,
1361 620 1426 689 τῇ
1478 620 1618 672 ἐνοι-

1781 614 2039 669 cendium
2091 613 2294 669 diaboli
2337 613 2660 684 superabat,
2698 627 3040 685 nequaquam
3095 616 3164 672 ab
3209 617 3310 672 illo

0 700 203 773 κούσῃ
241 702 393 773 αὐτῷ
428 703 652 774 δυνάμει
686 704 780 759 τοῦ
813 705 974 774 ἁγίου
1024 707 1369 771 Πνεύματος,
1415 708 1516 779 τῆς
1554 709 1621 763 ἐκ
1719 703 1900 761 laesus.

0 792 110 846 τοῦ
145 793 410 848 διαδόλου
445 799 746 866 πυρώσεως
772 795 1046 868 ἁνώτερος
1072 799 1368 869 ἐτύγχανεν
1392 838 1406 863 ,
1451 799 1622 871 μηδα-

4 882 141 953 μῶς
176 885 293 937 ὑπὸ
321 884 522 956 ταύτης
551 885 946 958 βλαπτόμενος.

86 981 192 1030 λε’.
230 975 321 1029 Ἐν
355 978 456 1047 μιᾷ
481 973 576 1031 οὖν
603 977 941 1050 θεασάμενος
967 978 1164 1034 ⁸τοῦτον
1203 984 1621 1054 κατατετηγμέ-

1 1083 106 1120 νον
140 1070 218 1121 ὲκ
249 1068 350 1138 τῆς
368 1069 654 1137 ἀσκήσεως
675 1065 763 1142 (ἦν
784 1072 893 1143 γὰρ
917 1073 1232 1144 ἀπόπασχα,
1257 1076 1350 1128 καὶ
1369 1071 1438 1147 ἦν
1459 1077 1620 1147 ποιή-

4 1175 120 1223 σας
157 1159 355 1225 ἄσιτος
385 1158 485 1224 τὰς
509 1161 676 1230 ἁγίας
697 1163 953 1233 νηστείας
991 1164 1196 1233 πάσας)
1227 1167 1256 1219 ὁ
1300 1184 1622 1238 προμνημο-

0 1250 250 1314 νευθεὶς
279 1252 534 1322 ἐνάρετος
557 1253 814 1325 Ἰωάννης
849 1256 877 1308 6
909 1254 1188 1326 θεοφιλὴς,
1215 1258 1243 1310 6
1267 1257 1365 1312 καὶ
1391 1259 1482 1312 τὸν
1507 1259 1622 1329 βίον

1 1341 197 1394 αὐτοῦ
219 1343 354 1414 ἡμῖν
374 1343 824 1415 ὑφηγησάμενος,
847 1347 940 1399 καὶ
965 1347 1349 1418 συμπαθήσας,
1374 1349 1469 1403 καὶ
1493 1349 1622 1404 θαυ-

9 1431 218 1501 μάσας
255 1433 354 1504 τὴν
401 1435 608 1504 ἄφατον
643 1437 809 1512 αὐτοῦ
854 1439 1300 1509 σκληραγωγίαν,
1327 1441 1530 1514 καίπερ
1564 1443 1624 1497 ὲν

7 1523 183 1576 πόλει
217 1524 600 1595 τυγχάνοντος,
629 1529 724 1582 καὶ
757 1529 1008 1596 γυναιξὶν
1037 1531 1133 1584 καὶ
1158 1529 1468 1602 ἀνθρώποις
1497 1549 1624 1587 συν·

6 1617 544 1688 αναστρεφομένου,
570 1619 856 1692 βουληθεὶς
887 1622 962 1686 ὡς
1010 1623 1068 1676 ὲν
1111 1621 1264 1687 τάξει
1316 1625 1621 1691 παιγνιδίου

4 1707 451 1779 ἀνακτήσασθαι
488 1711 653 1764 αὑτοῦ
695 1712 757 1764 τὸ
809 1712 995 1782 σῶμα,
1041 1712 1194 1782 λέγει
1240 1714 1410 1788 αὐτῷ’
1447 1717 1623 1789 ’Ἑρχῃ

6 1798 233 1863 λούειν,
267 1801 424 1867 Σαλέ;
452 1801 617 1870 Λέγει
642 1803 790 1873 αὐτῷ
816 1805 1023 1867 ἐκεῖνος
1050 1803 1244 1874 λέγων·
1274 1785 1403 1859 Ναί.
1657 1785 1699 1840 Β

12 1907 150 1960 μεν,
184 1890 438 1962 ἄγωμενο
469 1893 566 1947 καὶ
594 1894 692 1947 σὺν
723 1893 800 1966 τῷ
821 1893 967 1966 λόγῳ
993 1895 1293 1950 ἀποδύεται
1317 1897 1379 1951 τὺ
1411 1897 1625 1968 ἱμάτιον

1792 1013 1884 1070 55.
1957 1012 2056 1067 Die
2113 1012 2346 1083 quadam
2392 1019 2677 1082 postquam
2724 1011 2956 1070 vidisset
3014 1029 3137 1068 eum
3190 1032 3303 1083 prae

1723 1103 2114 1159 exercitatione
2145 1111 2475 1157 maceratum
2516 1103 2662 1174 (nam
2696 1103 2902 1158 Pascha
2942 1105 3299 1174 praeterierat,

1722 1203 1779 1248 et
1809 1193 1926 1249 sine
1949 1193 2072 1248 cibo
2113 1207 2263 1248 sacra
2307 1193 2491 1247 omnia
2523 1192 2731 1262 ieiunia
2774 1197 3130 1264 transegerat)
3161 1211 3304 1263 pne-

1723 1284 1902 1340 dictus
1933 1291 2190 1355 spectatae
2226 1282 2449 1338 virtutis
2491 1281 2753 1348 Joannes,
2797 1281 2890 1338 Dei
2916 1298 3126 1348 amans,
3159 1284 3302 1339 idem

1724 1373 1835 1442 ille,
1864 1375 1958 1446 qui
1983 1375 2153 1430 vitam
2175 1374 2295 1444 ejus
2325 1373 2484 1428 nobis
2505 1374 2775 1444 exposuit,
2801 1389 2904 1430 nec
2933 1389 3042 1428 non
3074 1374 3305 1429 misera-

1726 1473 1814 1522 tus
1863 1482 1928 1522 ae
1969 1467 2199 1522 miratus
2238 1463 2572 1520 ineﬂ‘abilem
2617 1465 2738 1534 ejus
2782 1465 3181 1533 austeritatem,
3225 1474 3306 1522 ta-

1725 1559 1886 1614 metsi
1920 1559 1976 1612 in
2015 1557 2236 1613 civitate
2265 1565 2430 1622 esset,
2477 1565 2534 1612 et
2572 1571 2696 1612 cum
2742 1557 3065 1613 mulieribus
3101 1547 3306 1629 pariter

1726 1665 1790 1704 ac
1819 1665 1943 1704 cum
1970 1648 2114 1717 ,viris
2146 1657 2494 1714 versaretur,
2532 1649 2722 1702 volens
2761 1646 2914 1716 quasi
2950 1663 3044 1717 per
3082 1649 3305 1704 modum

1726 1743 1840 1798 ludi
1869 1757 2070 1812 corpus
2093 1741 2265 1812 ipsius
2298 1740 2628 1807 refocillare,
2665 1741 2835 1797 dicit:
2877 1741 3011 1798 Veni
3043 1744 3305 1807 lavatum,

1729 1831 1874 1886 Sale.
1909 1830 2155 1901 Subjecit
2182 1831 2270 1886 ille
2304 1848 2318 1886 :
2358 1831 2473 1886 Imo
2522 1847 2673 1898 vero,
2725 1847 2936 1899 eamus,
2969 1829 3177 1889 eamus.
3215 1834 3307 1889 Di-

11 1981 224 2048 αὺτοῦ,
261 1984 357 2036 καὶ
382 1983 616 2056 ἐπετέθη
643 1984 774 2037 αὐτὸ
802 1987 883 2049 εἰς
917 1986 1015 2056 τὴν
1041 1985 1286 2058 κεφαλὴν
1315 1987 1500 2053 αὐτοῦ,
1527 1989 1628 2058 δή-

12 2092 123 2139 σας
153 2075 298 2130 αὐτὸ
326 2076 408 2139 είς
439 2076 630 2148 αὐτὴν,
659 2075 737 2141 ὡς
769 2078 1050 2146 φακίολιν.
1085 2080 1196 2132 Καὶ
1240 2079 1390 2147 λέγει
1422 2079 1571 2152 αὐτῷ
1597 2083 1626 2134 6

11 2167 190 2240 κῦρις
217 2167 497 2240 Ἰωάννης·
517 2170 774 2240 Φόρεσον,
801 2168 1024 2238 ἀδελφὲ,
1053 2169 1178 2224 ἐπεὶ
1197 2169 1366 2235 ὅντως
1391 2171 1486 2226 ἐὰν
1523 2188 1626 2241 γυ-

15 2262 162 2332 μνὸς
194 2263 546 2332 περιπατεῖς,
579 2260 692 2329 ἐγὼ
724 2261 865 2332 μετὰ
894 2259 989 2315 σοῦ
1021 2261 1122 2315 οὐκ
1165 2260 1419 2333 ἔρχομαι.
1461 2263 1626 2332 Λέγει

13 2352 178 2423 αὐτῷ
209 2355 241 2408 ὁ
273 2353 450 2417 ἅσσᾶς
496 2353 743 2422 Συμεών·
781 2352 1026 2420 Ὕπαγε,
1077 2351 1241 2423 ἕξηχε
1266 2395 1283 2418 ,
1326 2352 1439 2423 ἐγὼ
1466 2353 1627 2425 ἔργον

13 2443 133 2514 πρὸ
169 2441 342 2512 ἔργου
389 2443 646 2513 ἐποίησα,
695 2443 746 2496 εί
779 2441 838 2495 δὲ
877 2441 977 2494 οὐκ
1004 2439 1160 2515 ἔρχῃ,
1196 2442 1307 2496 ίδοὺ
1350 2441 1462 2512 ἐγὼ
1488 2460 1626 2514 προ-

14 2533 300 2606 λαμϐάνω
333 2550 392 2587 σε
417 2535 637 2606 μικρόν.
667 2536 774 2588 Καὶ
802 2535 962 2606 ἀφεὶς
983 2536 1146 2590 αὑτὸν
1183 2534 1484 2607 προέλαϐεν
1513 2535 1625 2590 ὀλί-

15 2643 145 2695 γον.
203 2624 314 2678 Δύο
363 2624 456 2680 οῦν
502 2625 703 2696 λουτρὰ
748 2622 891 2697 ἦσαν
931 2627 1224 2697 ἐγγίζοντα
1263 2627 1539 2700 ἀλλήλοις,
1568 2629 1627 2682 ἓν

18 2715 271 2785 ἀνδρῶν,
313 2716 408 2768 καὶ
439 2715 499 2768 ἓν
531 2720 862 2784 γυναικεῖον.
913 2719 1107 2772 Είασεν
1151 2712 1246 2772 οὖν
1280 2718 1341 2772 τὸ
1395 2719 1504 2772 τῶν
1534 2720 1629 2772 dw-

17 2807 174 2878 δρῶν
206 2809 237 2860 ὁ
266 2806 456 2871 Σαλδς,
489 2808 582 2860 καὶ
613 2806 876 2880 ὥρμησεν
911 2812 992 2872 εἰς
1016 2809 1076 2862 τὸ
1121 2810 1436 2878 γυναικεῖον
1469 2811 1624 2862 ἑκου-

23 2898 186 2961 σίως.
260 2896 536 2966 Ἔκραξεν
580 2893 675 2951 οὖν
718 2897 869 2970 αὐτῷ
898 2901 926 2953 6
979 2899 1140 2970 κῦρις
1171 2899 1466 2970 Ἰωάννηςο
1513 2900 1624 2952 Ποῦ

25 2990 300 3058 ὑπάγεις,
331 2987 467 3042 Σαλέ
493 3008 507 3054 ;
549 2992 750 3061 μεῖνον,
777 2990 886 3043 τῶν
934 2991 1214 3060 γυναικῶν
1246 2991 1392 3044 ἐστιν
1427 2992 1622 3046 ἐκεῖνο.

25 3081 316 3152 Στραφεὶς
372 3083 400 3134 6
445 3080 776 3152 θαυμάσιος,
841 3081 989 3149 λέγει
1045 3081 1227 3153 αὐτῷ·
1283 3082 1525 3149 ’Ύπαγε,
1559 3083 1624 3135 σὺ

26 3170 225 3240 seua,
265 3171 383 3223 ἐκεῖ
428 3170 634 3242 θερμὸν
685 3171 779 3225 καὶ
809 3172 988 3242 νερὸν,
1013 3173 1111 3225 καὶ
1142 3165 1244 3226 ὧδε
1277 3170 1481 3242 θερμὸν
1528 3173 1625 3226 καὶ

23 3262 214 3330 νερόν.
256 3263 364 3314 Καὶ
387 3262 438 3315 τί
467 3280 595 3316 ποτε
631 3263 894 3334 περισσὸν
922 3262 1046 3314 οὔτε
1078 3263 1218 3327 ἐκεῖ,
1247 3260 1372 3315 οὔτε
1397 3257 1499 3315 ὧδε
1521 3262 1617 3317 ἔνι.

28 3355 144 3408 Καὶ
173 3353 426 3425 δραμὼν,
452 3354 702 3424 εἰσῆλθεν
741 3353 1018 3426 άναμὲσον
1056 3353 1166 3406 τῶν
1198 3353 1475 3421 γυναικῶν
1499 3394 1513 3415 ,
1549 3353 1625 3417 ὡς

28 3448 126 3501 ἐπὶ
156 3447 368 3518 Κυρίου
402 3447 502 3518 τῆς
531 3447 709 3517 δόξης.
748 3448 1042 3517 Ὥρμησαν
1068 3445 1125 3499 δὲ
1161 3447 1334 3499 πᾶσαι
1375 3445 1496 3499 κατ’
1530 3446 1626 3498 αὑ-

29 3539 153 3604 τοῦ,
174 3539 286 3592 ’καὶ
314 3539 617 3592 τύπτουσαι
641 3539 804 3592 αὐτὸν
831 3539 1158 3608 ἐξήνεγκαν.
1193 3536 1510 3608 Ἠρώτησεν
1532 3532 1625 3590 οὖν

29 3629 201 3682 αὐτὸν
233 3629 262 3681 6
294 3628 546 3698 θεοφιλὴς
577 3628 846 3694 διάκονος,
887 3629 977 3683 ὅτε
1016 3627 1136 3680 ὅλον
1165 3625 1257 3680 τὸν
1301 3626 1414 3696 βίον
1459 3625 1624 3680 αὑτοῦ

31 3719 259 3786 ἐξεῖπεν
296 3719 464 3792 αὐτῷ’
489 3720 589 3773 Διά
619 3719 711 3772 τὸν
740 3719 966 3790 Κύριον,
1001 3718 1206 3788 Πάτερ.
1237 3716 1353 3780 πῶς
1387 3716 1624 3788 ᾑσθάνου

34 3812 295 3879 σεαυτὸν,
323 3813 399 3876 ὼς
430 3812 678 3883 εἰσῆλθες
711 3813 792 3875 εἰς
817 3811 878 3865 τὸ
929 3810 1156 3882 λουτρὸν
1188 3810 1247 3864 τὺ
1279 3811 1623 3878 γυναικεῖον;

33 3905 203 3974 Λέγει
235 3904 387 3976 αύτῷ
407 3919 420 3933 ·
445 3904 764 3968 Πίστευσον,
812 3904 1023 3968 τέκνον,
1051 3902 1244 3970 ὥσπερ
1290 3901 1444 3967 ξύλον
1486 3901 1627 3973 μετὰ

35 3997 237 4064 ξύλων,
263 3995 436 4060 οὕτως
460 3995 614 4061 κάγὼ
643 3998 791 4068 ἥμην
815 3996 959 4050 τότε.
1003 3995 1143 4050 Οὔτε
1178 3995 1286 4067 γὰρ
1334 3995 1416 4048 ὅτι
1465 3995 1625 4066 σῶμα

33 4091 294 4160 ἐφόρουν,
327 4088 448 4142 οὐδὲ
481 4089 566 4142 ὅτι
600 4090 678 4151 είς
711 4088 941 4158 σώματα
973 4085 1245 4156 εἰσῆλθον,
1285 4086 1621 4156 ᾐσθανόμην.

46 4179 191 4232 Ἀλλ’
226 4179 349 4242 ὅλος
373 4195 475 4248 μου
507 4179 536 4231 6
572 4176 698 4241 νοῦς
726 4178 807 4241 εἰς
843 4177 904 4229 τὸ
935 4175 1094 4246 ἔργον
1126 4176 1220 4228 τοῦ
1249 4175 1387 4228 Θεοῦ
1411 4170 1501 4246 ἦν,
1529 4176 1626 4229 καὶ

34 4270 94 4337 ἐξ
123 4270 298 4325 αὐτοῦ
324 4270 424 4323 οὐκ
447 4269 716 4338 ἀπέστην.
746 4267 828 4321 Τὰ
855 4269 953 4338 μὲν
983 4269 1092 4338 γὰρ
1119 4267 1228 4320 τῶν
1258 4265 1422 4319 αὑτοῦ
1453 4283 1626 4336 πραγ-

37 4363 233 4432 μάτων
260 4363 288 4414 6
317 4361 524 4422 δίκαιος
553 4360 799 4419 ἐπετέλει
838 4359 927 4413 διὰ
952 4358 1231 4430 σωτηρίαν
1260 4358 1354 4410 καὶ
1402 4358 1622 4428 συμπά-

35 4454 190 4508 θειαν
220 4453 330 4506 τῶν
358 4450 687 4522 ἀνθρώπων,
718 4451 787 4506 τὰ
820 4451 877 4506 δὲ
918 4452 1007 4506 ἵνα
1034 4448 1480 4518 ὲπικαλυφθῶσιν
1525 4449 1622 4504 αύ-
1654 4488 1699 4545 D

35 4547 132 4602 τοῦ
163 4547 233 4601 τὰ
261 4546 691 4617 ἐπιτηδεύματα.

107 4626 425 4705 ).ς’.Ἶίσάν
459 4653 589 4688 ποτε
622 4636 782 4688 πάλιν
810 4634 1011 4701 ἔξωθεν
1031 4634 1128 4705 τῆς
1159 4633 1368 4697 πόλεως
1396 4634 1619 4704 τρέχον-

0 4753 128 4801 ητες
189 4732 522 4805 λυσόπορτα,
584 4725 658 4786 ὧν
715 4730 796 4795 εἷς
857 4732 1104 4802 ὑπῆρχεν
1157 4731 1271 4795 υίὸς
1303 4731 1401 4784 τοῦ
1452 4727 1622 4800 κυροῦ

48 4829 303 4884 Ἰωάννου
337 4825 431 4879 τοῦ
458 4825 710 4880 διακόνου
738 4823 832 4878 τοῦ
857 4823 1012 4894 φίλου
1048 4824 1236 4890 αὐτοῦ,
1262 4823 1322 4887 ὃς
1362 4822 1470 4896 πρὸ
1514 4821 1625 4875 ὀλί-

39 4937 153 4989 γων
189 4918 411 4990 ἡμερῶν
437 4912 504 4990 ἦν
532 4916 837 4988 πορνεύσας
880 4917 960 4979 είς
1009 4915 1298 4986 ῦπανδρον,
1344 4916 1440 4969 καὶ
1465 4915 1528 4966 ἐν’
1546 4911 1623 4982 τῷ

36 5009 362 5081 ὲξὲρχεσθαι
389 5009 549 5063 αὐτὸν
580 5011 644 5063 ὲκ
664 5009 758 5064 τοῦ
799 5007 952 5062 οἴκου
1004 5007 1174 5076 αὐτῆς
1199 5047 1215 5071 ,
1248 5002 1620 5076 ὲδαιμονίσθη,

44 5102 272 5173 μηδενὸς
311 5101 511 5165 ἰδόντος
535 5102 718 5155 αὐτόν.
765 5101 1051 5171 Ἐθέλησεν
1104 5093 1198 5153 οὖν
1226 5099 1256 5151 6
1310 5100 1456 5161 ὅσιος
1506 5094 1622 5163 ἅμα

43 5195 136 5247 καὶ
167 5194 500 5266 σωφρονίσαι
545 5197 640 5249 καὶ
670 5196 929 5249 ἰάσασθαι
960 5193 1144 5256 αὐτὸν,
1178 5192 1275 5248 καὶ
1323 5190 1475 5258 λέγει
1503 5190 1619 5251 τοῖς

0 5321 2 5348 τ
44 5281 344 5354 τρέχουσινο
380 5285 589 5348 Ὄντως
618 5285 668 5338 εί
703 5284 779 5355 μὴ
810 5285 907 5339 καὶ
927 5283 1040 5354 ἐγὼ
1079 5280 1256 5347 παίξω
1295 5279 1411 5351 μεθ’
1442 5277 1615 5349 ὑμῶν,

1727 1927 1872 1976 ctum
1912 1919 2151 1987 factum;
2189 1919 2342 1976 exuit
2371 1928 2578 1974 vestem
2629 1934 2806 1987 suam,
2842 1921 3007 1992 capiti
3039 1921 3309 1993 superim-

1729 2011 1930 2082 posuit,
1969 2020 2026 2066 et
2078 2019 2334 2082 tanquam
2373 2010 2600 2067 fasciam
2651 2013 2827 2068 eidem
2877 2013 3138 2084 alligavit.
3160 2011 3310 2069 Dicit

1727 2104 1806 2159 illi
1833 2104 2086 2160 dominus
2125 2103 2408 2161 Joannes:
2455 2104 2646 2173 Indue,
2684 2104 2888 2172 frater;
2916 2106 3042 2177 quia
3074 2121 3224 2173 vere,
3261 2106 3308 2161 si

1727 2194 1910 2249 nudus
1957 2195 2219 2262 ambulas,
2253 2209 2353 2265 ego
2394 2201 2577 2250 tecum
2622 2210 2735 2250 non
2773 2197 2954 2251 venio.
2997 2194 3098 2250 Cui
3141 2195 3311 2251 abbas

1731 2285 1994 2357 Symeon:
2019 2289 2223 2359 Apage,
2245 2287 2438 2344 stulte:
2457 2303 2597 2358 opus
2615 2287 2882 2361 agendum
2914 2289 3153 2359 praeveni
3171 2286 3308 2360 (4i).

1729 2375 1785 2430 Si
1828 2386 2010 2432 autem
2039 2378 2228 2432 venire
2262 2378 2468 2443 renuis,
2498 2393 2590 2442 en,
2610 2379 2862 2450 praecedo
2899 2387 2950 2435 te
2978 2378 3308 2450 pauxillum;

1728 2480 1903 2535 eoque
1953 2467 2144 2524 relicto
2200 2468 2595 2538 aliquantulum
2645 2469 2946 2539 praecessit.
2997 2469 3114 2525 Duo
3152 2476 3313 2524 erant

1728 2553 1962 2619 lavacra,
2000 2564 2192 2610 mutuo
2235 2556 2338 2611 sibi
2380 2556 2710 2627 propinqua,
2757 2557 3000 2612 virorum
3038 2558 3308 2623 alterum;

1728 2645 1957 2700 alterum
1989 2647 2300 2701 mulierum.
2324 2647 2562 2716 Reliquit
2591 2646 2747 2702 Salus
2785 2647 2861 2714 id,
2905 2649 3050 2719 quod
3077 2656 3196 2703 erat
3227 2646 3310 2701 vi-

1729 2749 1936 2801 rorum,
1960 2743 2015 2791 et
2047 2737 2278 2792 contulit
2306 2752 2366 2792 se
2394 2737 2462 2793 ad
2494 2737 2646 2803 illud,
2669 2739 2813 2808 quod
2849 2747 2965 2794 erat
2992 2738 3310 2804 mulierum,

1728 2830 1926 2891 sponte
1955 2838 2072 2878 sua.
2135 2824 2470 2880 Inclamabat
2515 2825 2777 2882 Dominus
2844 2823 3083 2882 Joannes
3130 2842 3142 2877 :
3192 2819 3311 2891 Quo

1731 2911 1931 2980 tendis,
1964 2912 2131 2970 Sale?
2167 2914 2356 2983 Mane;
2391 2915 2683 2972 mulierum
2723 2916 2856 2971 illud
2882 2924 2984 2971 est.
3000 2917 3312 2972 Conversus

1728 3003 1811 3056 vir
1839 3004 2140 3060 mirabilis:
2197 3009 2405 3078 Apage,
2458 3009 2660 3078 inquit,
2721 3008 2921 3076 stulte;
2982 3008 3088 3062 illic
3135 3007 3311 3062 calida

1728 3110 1867 3165 aqua
1891 3096 2024 3168 (ιε),
2061 3106 2115 3153 et
2139 3097 2229 3153 hic
2253 3097 2425 3153 calida
2458 3114 2618 3170 aqua.
2667 3098 2938 3165 Quidnam
2965 3107 3050 3153 est
3078 3098 3312 3168 amplius

1732 3199 1826 3246 aut
1846 3191 1972 3257 illic,
2002 3201 2096 3247 aut
2119 3193 2250 3248 hic?
2281 3195 2348 3248 Et
2368 3209 2616 3260 currens,
2657 3193 2909 3249 transivit
2942 3209 3040 3263 per
3069 3193 3312 3248 medium

1733 3283 2044 3350 mulierum,
2071 3285 2223 3354 quasi
2253 3285 2310 3339 in
2343 3285 2573 3342 Domino
2603 3286 2857 3356 glorians.
2892 3284 3097 3340 Omnes
3126 3294 3311 3338 autem
3344 3287 3346 3290 ’

1732 3372 2011 3428 irruerunt
2043 3375 2098 3427 in
2115 3391 2262 3440 eum,
2287 3385 2343 3428 et
2363 3377 2718 3430 verberantes
2745 3376 3045 3444 eiecerunt.
3071 3361 3309 3429 Interro-

1732 3464 1877 3535 gavit
1907 3479 2037 3535 ergo
2066 3479 2193 3518 eum
2226 3465 2321 3518 Dei
2348 3464 2854 3529 amanScdiaconus,
2883 3465 3104 3535 quando
3140 3475 3308 3522 totam

1730 3553 1784 3608 ei
1809 3553 1974 3609 vitam
2019 3566 2174 3606 suam
2221 3551 2494 3622 exposuit.
2551 3550 2666 3616 Die,
2709 3561 2933 3622 propter
2989 3551 3306 3616 Dominum,

1734 3645 1916 3710 Pater,
1943 3643 2218 3714 quomodo
2256 3642 2407 3698 fuisti
2441 3643 2691 3708 affectus,
2729 3641 3016 3713 postquam
3044 3656 3106 3697 es
3137 3641 3313 3698 intro-

1732 3751 1952 3810 gressus
1997 3737 2270 3791 lavacrum
2307 3735 2644 3790 mulierum?
2673 3734 2773 3790 Cui
2796 3734 2888 3789 ille
2921 3749 2934 3786 :
2967 3733 3161 3799 Crede,
3208 3733 3306 3800 ﬁli,

1732 3824 1872 3880 sicut
1921 3825 2126 3894 lignum
2176 3831 2261 3877 est
2307 3837 2430 3877 cum
2479 3821 2659 3892 lignis,
2699 3821 2778 3875 sic
2817 3834 2919 3889 ego
2959 3828 3091 3874 tunc
3133 3833 3307 3874 eram.

1730 3911 1919 3982 Neque
1975 3911 2128 3965 enim
2162 3911 2307 3981 quod
2347 3923 2545 3978 corpus
2591 3908 2811 3973 ferrem,
2837 3921 3018 3977 neque
3043 3905 3188 3976 quod
3232 3905 3312 3958 in-

1731 4020 1948 4077 gressus
1973 4019 2153 4059 essem
2165 4004 2366 4067 locum,
2391 4001 2482 4056 ubi
2505 4009 2663 4056 erant
2688 4014 2938 4069 corpora,
2965 3997 3306 4062 sentiebam;

1731 4095 1825 4150 sed
1858 4109 2014 4148 mens
2040 4109 2160 4148 mea
2191 4101 2303 4147 tota
2333 4099 2452 4147 erat
2486 4091 2543 4145 in
2568 4105 2733 4161 Opere
2762 4089 3000 4153 Domini,
3029 4089 3098 4144 ab
3131 4102 3310 4158 eoque

1729 4203 1841 4242 non
1870 4187 2080 4243 destiti.
2103 4187 2236 4242 Nam
2254 4201 2338 4251 ea,
2360 4201 2481 4257 quae
2509 4185 2680 4257 gessit
2700 4192 2940 4249 sanctus,
2965 4183 3147 4239 effecit
3177 4198 3305 4253 par-

1730 4275 1827 4329 tim
1865 4291 1930 4329 εχ
1971 4275 2154 4330 studio
2194 4273 2407 4340 salutis,
2439 4281 2494 4328 et
2522 4289 2589 4328 ex
2625 4270 3098 4328 commiseratione
3124 4270 3308 4326 homi-

1729 4383 1882 4435 num,
1912 4367 2106 4439 partim
2137 4375 2196 4422 nt
2223 4367 2613 4438 obtegerentur
2647 4365 2818 4437 ipsius
2848 4374 2998 4420 recte
3032 4363 3199 4419 facta.

1799 4640 1888 4697 56.
1928 4637 2184 4695 Nonnulli
2229 4648 2381 4695 extra
2421 4637 2695 4692 civitatem
2737 4634 3014 4706 agitabant
3058 4647 3300 4697 cursum,

1722 4733 1993 4801 lySOporta
2041 4731 2272 4785 dictum.
2329 4728 2458 4783 Erat
2502 4727 2649 4781 inter
2700 4725 2822 4779 illos
2870 4723 3013 4778 filius
3072 4719 3303 4778 Joannis

1721 4821 1961 4884 diaconi,
2005 4817 2299 4890 Symeonis
2328 4815 2512 4878 amici,
2553 4812 2646 4882 qui
2689 4811 2877 4881 paucis
2934 4817 3063 4868 ante
3109 4809 3302 4864 diebus

1722 4925 1840 4966 rem
1896 4911 2166 4965 habuerat
2205 4921 2330 4961 cum
2399 4903 2626 4960 muliere
2678 4901 2962 4972 coniugata
3005 4914 3018 4952 :
3067 4914 3301 4969 cumque

1719 5005 1880 5060 domo
1909 5003 2028 5072 ejus
2063 4998 2434 5072 egrederetur,
2480 4994 2701 5051 nemine
2751 4993 2928 5066 ipsum
2971 4991 3210 5056 vidente,
3268 5005 3299 5046 a

1720 5097 1966 5152 dmmone
1993 5101 2078 5149 est
2104 5091 2382 5146 obsessus.
2405 5087 2591 5144 Voluit
2619 5102 2743 5142 eum
2787 5094 3010 5140 sanctus
3036 5082 3197 5140 simul
3228 5081 3303 5137 ad

1721 5186 1933 5257 frugem
1977 5184 2256 5249 reducere,
2293 5181 2457 5236 simul
2499 5193 2718 5243 sanare,
2753 5185 2810 5233 et
2850 5176 2989 5232 dixit
3024 5170 3298 5230 currentis

1724 5275 1870 5330 bus:
1903 5273 2196 5329 Enimvero
2229 5272 2276 5327 si
2325 5285 2426 5344 ego
2464 5269 2745 5326 vobiscum
2789 5283 2896 5323 una
2941 5281 3050 5322 non
3088 5264 3294 5327 lusere,

1541 5454 1798 5521 NOTAE,

115 5596 228 5654 (Η)
271 5595 542 5666 lnterprcs
571 5598 715 5665 apud
757 5597 976 5652 Surium
1018 5599 1177 5653 vertit
1212 5616 1224 5650 :
1265 5617 1280 5649 ι
1320 5596 1428 5667 Ego
1466 5596 1614 5650 enim

52 5679 375 5748 antemupus,
429 5681 566 5735 opus
603 5667 726 5731 feci,
767 5688 782 5719 ι
824 5669 1032 5724 utinam
1081 5669 1213 5724 satis
1261 5681 1504 5737 congrue
1565 5673 1617 5720 et

54 5741 434 5804 Signiticantcr.

1791 5593 1902 5665 (42)
1924 5587 2000 5645 Τὸ
2029 5592 2220 5665 laps»,
2253 5592 2394 5647 idem
2436 5596 2593 5665 sonat
2620 5583 2972 5665 minds-796%,
2997 5584 3303 5665 humidum.

1727 5652 2002 5734 liquidum.
2029 5652 2222 5734 Vide}
2232 5671 2472 5734 uctorem
2495 5652 2841 5731 Etyinologici
2865 5652 2920 5710 in
2952 5670 3084 5712 voce
3106 5652 3294 5724 ναρόν.

1727 5731 1919 5790 Noster
1955 5731 2142 5788 scribit
2159 5731 2333 5803 νερόν.
