3736 6308
38 268 211 334 1725

1370 267 1547 329 VITA
1578 264 1636 325 S.
1680 260 2078 323 SYMEONlS.

3202 255 3363 349 i726

34 378 180 441 οὖν,
222 379 433 448 φησὶν,
459 381 486 432 ὁ
508 379 808 449 θαυμάσιος
837 377 1045 444 Νίκιον,
1084 377 1290 447 ἐπῆρεν
1325 375 1469 443 ὕδωρ
1496 375 1561 426 ἐκ
1580 387 1629 423 τι

1860 383 1972 422 are.
2003 366 2307 422 Subriilens
2353 367 2535 437 itaque
2586 365 2854 421 mirabilis
2911 363 3110 431 Nicon,
3162 368 3237 421 uti
3270 384 3360 422 re-

39 462 244 539 ἁγίὸυ
291 473 593 543 Ἰορδάνου,
621 474 715 526 καὶ
742 471 934 524 ἔϐαλεν
988 471 1249 523 ὑποκάτω
1287 466 1380 520 τοῦ
1425 463 1673 534 ὀμφαλοῦ

36 564 276 627 αὑτοῦ,
314 565 622 635 σςραγίσας
645 562 723 633 τῷ
750 565 909 633 τύπῳ
938 562 1033 615 τοῦ
1065 561 1248 631 τιμίου
1287 555 1547 629 σταυροῦ,
1580 555 1675 608 καὶ

40 653 235 709 εἶπεν
269 656 423 725 αὐτῷ
449 674 465 687 ο
522 658 653 709 Ἰδοὺ
678 656 837 725 ὑγιὴς
858 656 1108 723 γέγονας.
1156 652 1291 707 Ἀπὸ
1315 652 1432 705 τότε
1459 646 1572 712 οὖν,
1599 648 1675 711 ὡς

41 746 328 818 ὤμνυεν,
359 746 483 801 οὔτε
519 748 640 801 καθ’
672 746 896 811 ὕπνους,
949 744 1076 799 οὔτε
1118 744 1412 814 γρηγορῶν
1438 783 1452 802 ,
1485 739 1673 811 πυρώ-

49 856 216 901 σεως
278 839 605 907 σωματικῆς
640 838 858 909 ᾔσθετο.
919 837 1008 890 Διὸ
1043 838 1277 906 μάλιστα
1324 835 1419 887 καὶ
1453 833 1674 903 θαρρῶν

48 933 163 983 ἐπὶ
189 929 302 983 τὸν
323 931 530 1000 κόσμον
557 931 899 1000 ὑπέστρεψεν
920 930 949 981 ὁ
978 930 1225 996 γενναῖος
1247 967 1260 990 ,
1312 924 1673 995 συμπαθῆσαι

56 1024 163 1076 καὶ
195 1022 380 1077 σῶσαι
399 1025 525 1086 τοὺς
553 1020 992 1092 πολεμουμένους
1016 1021 1357 1091 βουλόμενος.
1384 1019 1538 1070 Ἔστι
1564 1016 1673 1086 γὰρ

64 1118 162 1167 Dte
209 1115 316 1167 καὶ
347 1114 502 1168 τοῦτο
526 1114 677 1183 ἐλεγε
706 1114 844 1183 πρὸς
872 1113 1004 1183 μίαν
1026 1112 1131 1165 τῶν
1158 1111 1460 1181 ἑταιρίδων⁹
1488 1108 1674 1170 Θέλεις

54 1208 186 1277 ἑχω
220 1224 293 1260 σε
328 1208 524 1278 φίλην;
560 1208 655 1260 καὶ
678 1207 806 1260 δίδω
837 1224 919 1260 σοι
949 1208 1146 1259 ἑκατὸν
1174 1205 1473 1258 ὀλοκοτίνα.
1515 1203 1674 1271 Ἐρε-

50 1296 378 1367 6ιςόμεναι
406 1294 500 1352 οὖν
535 1298 728 1351 πολλαὶ
755 1298 905 1367 αὐτῷ
934 1296 1205 1351 ἐπίθοντο.
1264 1296 1534 1349 Ἐδείκνυε
1566 1294 1675 1361 γάρ

51 1390 283 1451 αὑταῖς
311 1390 407 1443 καὶ
440 1391 499 1443 τὸ
527 1388 773 1459 λογάριν·
804 1384 918 1459 εἶχε
949 1389 1057 1458 γὰρ
1086 1389 1188 1441 ὅσα
1224 1388 1405 1457 ἤθελε,
1424 1385 1518 1439 τοῦ
1540 1384 1672 1438 Θεοῦ

53 1482 341 1551 ἀοράτως
371 1480 521 1551 αὐτῷ
558 1480 921 1552 χορηγοῦντος
943 1480 1030 1533 διὰ
1051 1479 1112 1534 τὸ
1137 1480 1318 1532 ἔνθεον
1348 1476 1516 1532 αὑτοῦ
1548 1494 1674 1529 σκο-

58 1575 198 1627 πόν.
251 1575 365 1626 Καὶ
386 1574 573 1626 λοιπὸν
606 1574 773 1642 ὅρκον
801 1573 1000 1644 ἀπῄτει
1039 1572 1191 1642 παρὰ
1225 1572 1323 1639 τῆς
1365 1569 1673 1639 λαμϐανού-

57 1682 203 1734 σης,
244 1666 334 1718 ὅτι
362 1666 463 1718 οὐκ
501 1664 686 1717 ἀθετεῖ
719 1664 901 1717 αὐτόν.
935 1664 1121 1719 Πάντα
1149 1662 1204 1716 δὲ
1249 1663 1336 1717 διὰ
1380 1662 1677 1733 σχημάτων

60 1756 164 1808 σα)
182 1755 271 1808 ὧν
304 1755 399 1808 καὶ
431 1755 697 1824 ἀσχήμων
733 1754 928 1809 ἐποίει.

145 2023 262 2086 με’.
304 2014 444 2067 Ἀλλ’
465 2015 524 2067 οὔ
547 2015 773 2068 δύναται
805 2017 832 2069 ὁ
855 2015 1011 2084 λόγος
1041 2015 1137 2086 τὴν
1177 2015 1284 2068 τῶν
1330 2015 1677 2085 πραγμάτων

59 2107 270 2158 εἰκόνα
329 2104 626 2169 ὑποδεῖξαι.
683 2100 792 2158 Ἤν
841 2106 949 2174 γὰρ
980 2104 1149 2157 ’ποιῶν
1194 2102 1409 2168 ἐαυτὸν,
1460 2104 1592 2155 ποτὲ
1621 2103 1677 2156 δὲ

63 2193 387 2262 συρόμενον
414 2194 494 2255 είς
520 2192 588 2245 τὰ
613 2192 949 2263 καθίσματα,
982 2194 1113 2244 ποτέ
1141 2193 1197 2244 δὲ
1243 2192 1507 2261 βάλλοντα
1543 2191 1678 2244 πόδα

59 2286 178 2339 τινὶ
213 2286 491 2355 τρέχοντι,
527 2287 623 2338 καὶ
653 2287 919 2359 ρίπτοντα
953 2286 1140 2342 αὐτόν.
1197 2286 1364 2340 Πάλιν
1419 2286 1474 2338 δὲ
1535 2286 1677 2338 κατὰ

58 2378 172 2445 τὴν
221 2378 461 2447 σελήνης
489 2378 684 2446 γένναν
719 2379 812 2430 ἐπὶ
842 2378 947 2446 γῆς
980 2377 1303 2447 κυλιόμενον
1333 2377 1426 2430 καὶ
1455 2377 1555 2441 λὰξ
1579 2377 1676 2429 αὑ-

59 2473 172 2535 τὴν
215 2469 454 2520 παίοντα
492 2471 604 2530 τοῖς
636 2469 814 2524 ποσίν.
861 2470 1016 2521 Ἔστι
1045 2469 1101 2521 δὲ
1130 2469 1219 2521 ὅτε
1251 2470 1344 2522 καὶ
1373 2468 1464 2521 τὸν
1492 2468 1676 2521 διαλα-

62 2560 287 2614 λοῦντα
333 2562 735 2630 προσεποιεῖτο.
805 2562 1001 2629 Ἔλεγε
1039 2560 1148 2631 γὰρ
1197 2562 1378 2614 πλεῖον
1404 2561 1538 2614 ὅλων
1567 2560 1676 2613 τῶν

65 2654 392 2724 σχημάτων
444 2653 710 2724 ἁρμόζειν
770 2654 865 2706 καὶ
903 2653 1313 2722 συμϐάλλεσθαι
1361 2654 1423 2705 τὸ
1470 2653 1677 2705 τοιοῦτο

68 2745 305 2816 σχῆμα,
358 2747 473 2807 τοῖς
508 2744 1000 2815 προσποιουμένοις
1039 2744 1252 2815 μωρίαν
1295 2744 1382 2797 διὰ
1416 2745 1673 2815 Χριστόν.

67 2838 177 2890 Δια
208 2836 405 2889 τούτου
428 2836 538 2908 γὰρ
559 2837 823 2899 πολλάκις
854 2838 948 2890 καὶ
977 2836 1226 2906 ἤλεγχεν,
1257 2838 1349 2891 καὶ
1378 2839 1675 2891 ἀνέκοπτεν

71 2929 388 3001 ἁμαρτίας,
446 2930 539 2982 καὶ
590 2931 763 3001 ὀργήν
792 2946 897 2982 τινι
947 2930 1083 2999 πρὸς
1119 2929 1403 3000 διόρθωσιν
1433 2930 1673 2999 ἔπεμπε,

69 3025 174 3075 καὶ
214 3021 486 3092 προέλεγέ
516 3039 663 3087 τινα,
696 3023 788 3075 καὶ
812 3025 913 3075 ὅσα
942 3022 1131 3092 ἤθελεν
1162 3023 1358 3087 ἐποίει,
1406 3022 1569 3092 μόνον
1614 3020 1669 3074 δὲ

67 3116 176 3183 τὴν
211 3113 410 3165 ἑαυτοῦ
440 3113 643 3183 φωνὴν,
674 3116 765 3167 καὶ
794 3115 863 3166 τὰ
905 3115 1040 3183 μέλη
1083 3113 1368 3182 ἐξήλασσε,
1419 3114 1511 3165 καὶ
1541 3114 1672 3166 ὅσα-

0 3194 3 3197 ’
70 3218 189 3270 περ
233 3200 303 3255 ἂν
331 3202 525 3265 ἐποίει,
555 3199 700 3271 εἶχον
733 3203 897 3254 αὐτὸν
919 3203 1108 3273 ὥσπερ
1138 3205 1263 3265 τοὺς
1297 3203 1527 3267 πολλοὺς
1548 3204 1671 3269 τοὺς

72 3295 141 3346 ἐκ
163 3292 448 3362 δαιμόνων
476 3291 863 3355 διαλαλοῦντας
890 3294 986 3345 καὶ
1014 3298 1483 3364 προξητεύοντας.

1779 460 1898 514 tulit
1931 460 2187 530 Symeon,
2237 458 2457 513 sustulit
2499 474 2693 526 aquam
2729 473 2759 512 e
2785 467 2975 512 sancto
3020 457 3278 522 Jordanc,
3306 471 3363 514 et

1777 550 2006 621 projecit
2051 552 2238 605 subter
2282 549 2405 618 ejus
2448 550 2788 615 umbilicum,
2839 548 2996 619 signo
3024 549 3170 603 facto
3200 566 3362 605 vene-

1776 643 1959 698 randa:
1996 643 2198 705 crucis,
2229 650 2285 695 et
2318 642 2453 695 dixit
2506 640 2605 710 ipsi
2640 658 2654 695 :
2706 641 2842 694 Ecce
2874 654 3044 695 sanus
3071 640 3246 696 factus
3277 658 3359 695 es.

1773 736 1857 790 Ab
1890 736 1993 790 hoc
2026 744 2293 804 tempore,
2329 733 2658 801 utijurahat,
2693 747 2871 801 neque
2898 732 2950 785 in
2986 733 3211 795 somnis,
3262 747 3357 785 ne.-

1775 844 1881 898 que
1918 829 2171 898 vigilans,
2205 825 2449 894 corporis
2494 824 2765 888 ﬂammam
2811 825 3003 879 sensit.
3040 824 3148 877 llac
3182 839 3239 878 re
3274 839 3359 893 po-

1777 922 2042 976 tissimum
2096 919 2226 974 ﬁsus
2265 920 2346 973 vir
2392 918 2481 973 ille
2518 932 2837 988 generosus,
2868 916 2923 970 in
2977 915 3242 971 mundmn
3277 932 3362 970 re-

1774 1028 1965 1067 versus
2003 1020 2118 1075 est,
2172 1010 2408 1079 compati
2462 1009 2653 1063 volens
2705 1017 2762 1062 et
2826 1021 3048 1061 servare
3091 1022 3207 1072 eos,
3267 1007 3361 1075 qui

1775 1106 2257 1177 Oppugnabantur.
2292 1102 2490 1157 Evenit
2511 1101 2805 1171 aliquando
2837 1108 2897 1154 ut
2930 1100 3145 1154 cuidam
3184 1114 3365 1154 mere-

1776 1197 1894 1251 trici
1920 1198 2126 1250 diceret
2161 1214 2173 1248 :
2210 1192 2372 1248 Visne
2405 1201 2462 1247 ut
2503 1192 2733 1246 amicam
2764 1199 2817 1245 te
2859 1189 3115 1255 habeam,
3149 1198 3203 1243 et
3237 1189 3361 1243 dem

1778 1290 1871 1344 tibi
1903 1298 2122 1344 centum
2147 1303 2344 1341 aureos
2372 1286 2507 1358 (65).
2537 1283 2719 1339 Multa:
2749 1283 2915 1354 igitur
2940 1284 3127 1336 animo
3150 1282 3360 1335 lubenti

1776 1379 1877 1449 ipsi
1900 1378 2221 1433 credebant.
2270 1375 2406 1430 Nam
2456 1375 2781 1451 ostendebat
2827 1374 2908 1428 eis
2961 1372 3209 1443 pecuniae
3248 1371 3370 1441 (66).

1776 1483 2082 1533 summam;
2128 1467 2363 1521 habebat
2415 1466 2586 1532 enim,
2631 1473 2893 1535 quantam
2949 1463 3201 1525 volebat;
3254 1463 3364 1515 Deo

1777 1559 2125 1615 invisibiliter
2154 1559 2206 1613 ei
2234 1558 2617 1628 suppeditante
2653 1564 2876 1626 prepter
2900 1554 3168 1619 divinum,
3199 1568 3362 1622 quem

1778 1653 1878 1709 sibi
1910 1650 2241 1723 praeﬁxerat,
2286 1664 2537 1719 scopum.
2572 1648 3135 1717 Porrojuramentum
3178 1645 3361 1715 exige-

1779 1746 1871 1801 bat
1896 1745 1964 1801 ab
1989 1745 2097 1808 illa,
2134 1756 2257 1813 quae
2297 1748 2604 1811 acceperat,
2638 1756 2697 1795 se
2729 1739 2996 1810 promissa
3032 1753 3141 1791 non
3191 1737 3365 1792 reddi-

1779 1844 1956 1891 turam
1988 1834 2164 1889 irrita.
2207 1832 2404 1888 Omnia
2446 1840 2629 1885 autem
2680 1830 2915 1886 faciebat
2949 1846 3043 1900 per
3072 1828 3266 1883 stultas
3309 1838 3365 1882 et

1779 1928 2062 1982 indecoras
2095 1926 2312 1997 ﬁguras.

1848 2019 1938 2073 45.
1984 2018 2183 2072 Verum
2234 2033 2343 2072 non
2384 2026 2467 2073 est
2494 2032 2675 2089 rerum
2711 2014 2931 2086 imagini
2962 2019 3365 2082 repraesentan-

1778 2109 1860 2165 da?
1885 2124 1982 2178 par
2006 2109 2199 2163 oratio.
2230 2106 2387 2163 Nunc
2409 2108 2557 2161 enim
2600 2106 2891 2160 simulabat
2918 2119 2977 2158 se
3028 2101 3361 2162 claudicare,

1778 2216 1923 2255 nunc
1946 2201 2167 2261 saltare,
2197 2216 2345 2254 nunc
2369 2199 2509 2253 trahi
2540 2198 2607 2251 ad
2636 2196 2855 2254 sedilia.
2875 2209 3021 2248 nunc
3046 2192 3205 2247 alicui
3234 2206 3362 2247 cur-

1780 2288 1920 2344 renti
1970 2289 2163 2359 pedem
2213 2289 2537 2357 impingere,
2592 2296 2647 2341 et
2687 2286 2865 2356 ipsum
2913 2282 3220 2352 projicere;
3268 2281 3365 2334 ali-

1776 2381 1996 2451 quando
2027 2389 2209 2434 autem
2238 2380 2338 2433 sub
2363 2388 2545 2433 ortum
2576 2378 2739 2441 lunze,
2764 2375 2905 2428 volvi
2939 2389 3036 2443 per
3067 2381 3366 2429 terram,et

1777 2471 2008 2540 pedibus
2038 2480 2091 2525 et
2139 2471 2288 2525 calce
2318 2486 2440 2523 eam
2482 2471 2749 2539 impetere
2784 2486 2796 2520 :
2844 2479 3242 2533 nonnunquam
3289 2463 3366 2517 si—

1777 2562 2015 2617 mulabat
2042 2578 2150 2616 non
2184 2560 2519 2617 cohaerentia
2551 2560 2734 2629 loqui;
2781 2558 2999 2613 diccbat
3032 2556 3202 2619 enim,
3252 2570 3365 2624 prae

1775 2654 1897 2707 aliis
1923 2654 2179 2708 omnibus
2207 2654 2348 2708 hanc
2378 2654 2603 2722 ﬁguram
2635 2650 2930 2707 convenire
2966 2658 3021 2702 et
3043 2647 3359 2701 conducere

1776 2747 1863 2811 iis,
1896 2748 1990 2816 qui
2022 2747 2318 2801 amentiam
2350 2746 2611 2800 simulant
2647 2753 2870 2814 propter
2918 2740 3224 2795 Christum.
3265 2738 3368 2790 Per

1777 2839 1882 2893 hoc
1915 2840 2062 2893 enim
2096 2854 2242 2908 saepe
2274 2838 2538 2908 arguebat
2566 2847 2620 2890 et
2664 2833 3000 2904 reprimebat
3029 2839 3273 2901 peccata,
3313 2839 3369 2883 et

1776 2930 1938 2985 bilem
1969 2930 2256 2983 evomebat
2283 2928 2547 2982 adversus
2571 2927 2829 2995 aliquem,
2864 2933 2922 2977 ut
2952 2921 3324 2987 corrigeretur
3349 2935 3365 2981 ;

1701 3052 1746 3111 α
1776 3020 1955 3089 aliqua
1987 3012 2337 3101 praedicebat,
2376 3027 2431 3073 et
2475 3017 2726 3081 faciebat,
2757 3026 3096 3084 qumcunque
3130 3008 3366 3071 volebat,

1780 3128 1969 3167 vocem
1993 3113 2277 3171 duntaxat.
2305 3127 2369 3167 ac
2399 3111 2564 3166 situm
2593 3107 2964 3162 membrorum
3001 3111 3365 3166 commutans,

1780 3213 1836 3258 et
1863 3203 2125 3273 quidquid
2156 3202 2409 3265 faciebat,
2432 3200 2710 3255 habebant
2744 3211 2870 3250 eum
2914 3206 3167 3264 tanquam
3202 3208 3369 3246 unum

1783 3312 1813 3351 e
1843 3296 2048 3368 multis,
2096 3294 2186 3364 qui
2218 3294 2400 3349 alliam
2435 3291 2702 3348 dzemonis
2743 3290 3043 3361 loquuntur
3091 3292 3146 3338 et
3182 3282 3373 3338 vatici-

1786 3397 2009 3440 nanlur.

1559 3516 1712 3572 CAP.
1778 3518 1893 3575 VII.

194 3632 470 3687 Scrutatio
505 3647 844 3699 arcanorum,
901 3634 1153 3687 diuturna
1208 3633 1444 3704 jejunia,
1489 3637 1669 3757 seu}?
1700 3637 1859 3698 oculi,
1904 3638 2006 3691 cibi
2046 3637 2299 3691 divinitus
2338 3635 2516 3701 allati,
2542 3636 2746 3689 amicus
2772 3634 2835 3689 ab
2862 3635 3063 3706 iujusla
3099 3648 3266 3691 morte

370 3750 381 3757 .
1612 3722 1627 3757 ι
1665 3718 1865 3757 erutus.

1612 3718 1865 3761 werams.

158 3821 285 3891 μς⁸.
325 3820 393 3873 Εἴ
420 3837 549 3873 ποτε
576 3820 629 3872 δέ
658 3820 870 3890 παρέϐη
897 3819 1047 3889 αὐτῷ
1085 3820 1183 3890 μία
1218 3822 1282 3873 ἐκ
1314 3821 1423 3873 τῶν
1457 3824 1674 3893 νομιζοο

86 3914 275 3983 μένων
320 3910 468 3981 αὐτῷ
520 3912 709 3979 φίλων,
748 3911 953 3974 εὐθέως
980 3911 1057 3981 τῷ
1086 3911 1358 3979 πνεύματι
1386 3911 1549 3975 ἐνόει,
1591 3915 1674 3965 ὅτι

82 4002 420 4073 ἐπόρνευσε,
442 4002 538 4054 καὶ
561 4001 711 4069 ἔλεγε
741 4001 939 4067 λαλῶν,
972 4003 1067 4055 καὶ
1095 4001 1391 4071 ἐξανοίγων
1420 4004 1477 4055 τί)
1502 4004 1676 4073 στόμα

82 4093 259 4148 αὑτοῦ
292 4096 387 4146 καὶ
417 4093 659 4164 κράζων·
698 4094 974 4163 Παρέϐης.
1006 4094 1204 4161 Ἅγια,
1229 4093 1361 4160 ἆγια
1394 4093 1481 4156 δὸς
1514 4095 1675 4164 αὐτῇ,

83 4187 183 4240 καὶ
214 4184 315 4255 τὴν
337 4185 621 4237 ἀσθένειαν
638 4185 799 4255 αὐτῇ.
831 4185 936 4248 ἕως
969 4186 1201 4238 θανάτου
1245 4183 1445 4255 ηὔχετο
1478 4183 1676 4247 ἐλθεῖν,

84 4277 118 4346 ἢ
148 4276 556 4353 πολλάκις,ἐὰν
588 4278 841 4347 ἐπέμεινε
879 4278 953 4347 μὴ
991 4277 1379 4347 σωφρονοῦσα,
1422 4278 1515 4330 καὶ
1560 4277 1678 4330 δαί·

88 4386 230 4438 μονα
263 4369 400 4439 αὐτῇ
452 4369 689 4439 ἔπεμπε.
741 4370 837 4421 Ἐκ
876 4370 1069 4421 τούτου
1127 4369 1311 4422 λοιπον
1349 4372 1528 4433 πάσας
1581 4369 1680 4433 τὰς

1852 3825 1940 3879 ιϐ.
1974 3825 2029 3880 Si
2054 3825 2271 3894 quando
2310 3838 2424 3879 una
2466 3840 2528 3878 ex
2561 3823 2666 3884 his,
2710 3839 2829 3892 qua,
2876 3823 3210 3892 putabantur
3249 3838 3373 3881 esse

1784 3914 1902 3983 ejus
1950 3914 2175 3979 amicat,
2227 3914 2585 3983 pra-varicula
2638 3920 2805 3975 esset,
2862 3914 3047 3967 statim
3107 3912 3373 3969 instinctu

1785 4006 2010 4076 Spiritus
2045 4006 2379 4078 intelligebat
2403 4006 2757 4067 fornicatam;
2791 4013 2846 4059 et
2879 4006 3095 4059 diccbat
3122 4005 3372 4074 loquens,

1784 4102 1839 4147 et
1891 4108 2049 4148 suum
2098 4108 2162 4148 os
2200 4094 2454 4163 aperiens
2508 4094 2807 4159 clamabat;
2870 4093 3227 4148 Praevaricata
3286 4111 3367 4150 es.

1786 4183 2002 4248 Sancta,
2034 4194 2220 4239 sancta
2255 4185 2321 4239 da
2364 4184 2499 4254 ipsi;
2545 4184 2845 4254 orabatque
2874 4194 2929 4239 ut
2961 4185 3250 4240 inﬁrmitas
3282 4202 3377 4239 us-

1786 4291 1893 4344 que
1922 4273 1987 4329 ad
2018 4285 2247 4330 mortem
2274 4275 2323 4329 ei
2353 4275 2624 4342 eveniret,
2660 4285 2756 4329 aut
2782 4293 2890 4330 non
2932 4292 3074 4341 raro,
3107 4277 3152 4330 si
3187 4293 3375 4347 perse-

1787 4365 2008 4420 verabat
2039 4366 2322 4438 indulgere
2351 4366 2590 4432 libidini,
2637 4367 2913 4423 diabolum
2963 4370 3128 4423 etiam
3180 4370 3230 4423 ei
3273 4370 3376 4423 im-

85 4448 441 4526 τασσομένας
491 4457 639 4528 αὐτῷ
666 4499 680 4521 ,
729 4460 1031 4528 σωφρονεῖν
1084 4458 1178 4511 καὶ
1214 4459 1287 4528 μὴ
1319 4457 1623 4530 παραϐαίνε

1861 4459 2048 4513 ιιρίιειι.
2081 4457 2165 4513 Ab
2201 4459 2305 4512 hoc
2348 4467 2593 4528 tempore
2627 4461 2844 4515 tandem
2871 4460 3072 4526 eﬁ‘ecit,
3111 4469 3171 4516 ut
3212 4472 3377 4531 quot-

87 4548 244 4619 αὐτῷ
270 4550 465 4604 ἐποίει.
484 4546 595 4602 Ἦν
617 4550 672 4602 δέ
697 4567 779 4615 τις
811 4550 1038 4619 πλησίον
1062 4550 1297 4620 Ἐμέσης
1330 4551 1507 4621 μένων
1532 4569 1681 4621 πρω-

87 4640 409 4709 τοκομήτης
432 4681 445 4701 ,
477 4642 571 4692 καὶ
592 4640 667 4703 ὡς
694 4642 927 4711 ἤκουσεν
979 4643 1071 4694 τὸν
1122 4641 1237 4711 βίον
1276 4641 1461 4704 αὐτοῦ,
1493 4641 1678 4709 λέγει’

91 4733 413 4795 Πίστευσον,
447 4733 541 4784 ἐὰν
569 4731 681 4795 ἴδω,
728 4733 825 4786 ἐὰν
875 4733 1247 4802 προσποιητός
1292 4734 1427 4796 ἐστι,
1459 4733 1553 4784 καὶ
1588 4732 1682 4785 ἐάν

90 4842 152 4877 τε
186 4826 246 4875 ἐν
270 4823 499 4894 ἀληθεία
528 4824 677 4876 ἐστὶν
705 4822 919 4894 ἐξηχος.
979 4825 1429 4894 Παραγενόμενος
1473 4820 1569 4878 οὖν
1601 4825 1680 4887 είς

92 4915 194 4984 τὴν
221 4914 309 4966 πό)
327 4933 394 4978 ιν,
424 4915 567 4968 κατὰ
594 4917 896 4986 συγκυρίαν
918 4908 1099 4986 εὗρεν,
1134 4919 1215 4971 ὅτι
1250 4917 1549 4978 ἐϐάσταζεν
1579 4915 1680 4967 αὐ-

95 5007 195 5060 τὸν
226 5006 326 5076 μία
357 5010 761 5077 προϊσταμὲνη,
793 5009 887 5061 καὶ
915 5009 1049 5077 ἄλλη
1081 5007 1343 5077 ἐλώριζεν
1363 5007 1544 5060 αὐτόν.
1577 5006 1679 5059 Εὐ-

100 5097 239 5160 θέως
267 5098 323 5150 δὲ
355 5098 747 5168 ἐσκανδαλίσθη
776 5103 803 5152 ό
837 5078 1299 5170 πρωτοκομήτης,
1333 5100 1424 5151 καὶ
1448 5101 1525 5159 εἰς
1550 5099 1680 5151 ἐαυ-

100 5189 191 5242 τὸν
227 5189 554 5257 διελογίζετο
604 5191 697 5244 καὶ
731 5191 884 5258 ἔλεγε
941 5190 1197 5261 Συριστί’
1235 5186 1383 5259 τΛρα
1445 5189 1605 5251 αὐτὸς
1654 5190 1682 5240 ὁ

104 5280 346 5344 Σατανᾶς
375 5281 434 5333 οὗ
462 5281 729 5339 πιστεύει,
751 5281 830 5333 ὅτι
855 5283 1111 5353 πορνεύει.
1142 5282 1262 5349 μετ’
1294 5278 1475 5332 αὐτῶν
1496 5280 1522 5331 ὁ
1547 5279 1680 5348 ψευ-

1780 4557 1913 4619 quot
1940 4549 1988 4603 ei
2024 4549 2302 4613 suberant,
2344 4549 2411 4604 ad
2439 4549 2650 4623 frugem
2686 4551 2947 4618 redirent,
2986 4544 3042 4607 et
3082 4569 3192 4608 non
3224 4571 3369 4624 pra:-

1781 4643 2178 4697 varicarentur.
2220 4641 2395 4712 Prope
2436 4642 2687 4699 Emesam
2719 4644 2999 4699 habitabat
3024 4656 3372 4714 protocomes

1778 4734 2003 4802 aliquis;
2049 4734 2141 4802 qui
2192 4734 2284 4787 ubi
2325 4734 2533 4787 audivit
2576 4736 2741 4787 vitam
2801 4735 3131 4804 Symconis:
3176 4734 3373 4801 Crede,

1779 4822 1974 4890 inquit,
2025 4823 2321 4876 dummodo
2374 4823 2525 4874 illum
2581 4818 2790 4887 videro,
2862 4824 3135 4877 stultusne
3200 4824 3270 4877 sit
3322 4824 3375 4876 in

1789 4914 2048 4983 speciem,
2103 4931 2169 4966 an
2214 4929 2342 4966 vere
2393 4924 2573 4968 emota
2620 4914 2690 4968 sit
2730 4923 2913 4969 mente
2971 4914 3379 4988 [comperiam.|

1792 5005 1926 5057 Dum
1977 5004 2161 5074 itaque
2197 5005 2439 5060 venisset
2494 5007 2559 5061 ad
2610 5007 2908 5075 civitatem,
2970 5007 3108 5063 forte
3160 5009 3378 5063 fortuna

1789 5097 2076 5165 comperit,
2121 5099 2264 5166 quod
2314 5113 2446 5162 una,
2479 5115 2600 5169 quae
2634 5100 2755 5173 ejus
2796 5101 3021 5171 gerebat
3050 5117 3258 5163 curam,
3297 5102 3378 5171 ip-

1790 5205 1909 5244 sum
1953 5189 2242 5258 hajularet,
2291 5200 2345 5245 et
2373 5191 2519 5260 quod
2562 5191 2667 5246 alia
2715 5194 2890 5262 ipsum
2947 5194 3076 5249 loris
3121 5196 3379 5249 canderet.

1793 5280 1987 5335 Statim
2024 5289 2367 5351 protocomes
2391 5284 2794 5340 scandalizatus
2825 5294 2930 5350 est,
2966 5295 3022 5340 ct
3056 5302 3242 5341 secum
3279 5302 3376 5340 co-

1583 5398 1815 5453 NOTAE.

177 5489 285 5559 (63;
311 5489 765 5557 PruhatCaugius
798 5507 959 5545 voces
998 5492 1322 5554 ὁλοκοτίνος,
1364 5488 1682 5559 ὀλοκοτίνιν,

106 5561 395 5624 λοκοτήνην
434 5561 829 5628 (apographutn
875 5573 1123 5615 nostrum
1180 5563 1340 5615 habet
1386 5558 1682 5625 ὁλοκοτίνα)

106 5630 404 5700 s'gnilicaro
437 5646 708 5681 nummum
744 5649 839 5683 seu
873 5632 1099 5685 solidum
1144 5646 1407 5693 aureum;
1439 5646 1535 5700 pro
1575 5646 1681 5697 quo

108 5694 370 5760 izi'térpres
407 5716 528 5752 mox
570 5701 766 5754 citatus
797 5703 957 5755 habet
991 5718 1188 5757 assem.

1856 5489 1967 5559 (66)
1997 5488 2222 5559 λογάριν
2260 5499 2315 5544 et
2347 5490 2603 5556 λογάριον
2630 5489 2935 5560 signiﬁcare
2959 5493 3193 5560 ρει-κυῖαν
3217 5509 3369 5544 suin-

1783 5577 1948 5617 mam.
1989 5576 2084 5614 seu
2111 5570 2310 5613 certam
2348 5562 2699 5629 quantitatem
2731 5578 3086 5621 nunrmorum,
3129 5564 3180 5614 in
3211 5562 3366 5616 Glos-

1784 5631 1926 5687 sario
1953 5632 2190 5699 Catigius
2218 5630 2465 5683 allii-mat.
