2044 3144
122 209 178 240 605

774 210 814 241 IN
831 211 1116 244 ECCLESIASTEN.

1712 210 1765 243 006

123 265 226 300 quibus
246 263 333 299 legem
344 264 460 299 accepit,
474 264 564 300 Neque
579 273 685 300 panem,
705 265 804 300 inquit,
821 265 931 298 comedi,
948 274 1031 301 neque
1058 267 1110 294 bibi
1127 269 1214 296 riuum
1229 269 1250 285 ¹⁰
1264 278 1271 302 ;
1295 268 1347 297 hoc
1361 274 1411 301 est,
1433 276 1522 303 neque
1548 268 1650 295 siccum
1676 274 1764 301 neque

125 311 269 338 humidum
286 311 434 346 quidquam
446 312 562 346 gustavi.

163 368 173 384 ι
192 359 248 384 Καί
259 367 292 392 γε
304 358 334 384 ὲν
346 358 496 394 συνειδήσει
509 367 556 386 σου
575 359 689 395 βασιλέα
704 361 742 396 μὴ
756 360 901 396 καταράσῃ

1006 357 1086 386 Vens.
1102 359 1147 387 ι20.
1165 369 1174 385 ‹
1193 360 1222 387 ιιι
1238 360 1405 388 conscientia
1417 365 1461 386 tua
1476 359 1531 395 regi
1549 359 1761 393 ncimpreeeris,

125 407 171 430 καὶ
196 405 225 430 ἐν
246 404 382 439 ταμιείοις
396 405 525 437 κοιτῶνος
547 414 594 432 σου
610 406 648 442 μὴ
664 408 809 442 καταράσῃ
834 406 919 433 πλού-

125 458 183 476 σιον
197 458 202 464 ⁸
219 450 262 476 ὅτι
284 451 408 477 πετεινδν
420 451 467 477 τοῦ
484 451 600 487 οὐρανοῦ
619 453 727 479 ἀποίσει
748 453 797 488 τὴν
824 454 918 488 φωνήν

125 504 183 528 σου,
203 496 254 522 καὶ
268 496 283 522 ὸ
297 495 368 530 ἔχων
388 497 530 532 πτέρυγας
551 497 707 532 ἀπαγγελεῖ
728 499 808 533 λόγον
827 508 884 527 σου.
905 508 914 526 ι

124 542 254 569 ﬂare-.va
261 542 309 569 τοῦ
325 543 442 578 οὐρανοῦ
454 543 479 571 οἱ
492 544 605 580 μὲν-τὴν
621 545 713 581 ψυχὴν
725 546 809 582 αὐτὴν
827 545 916 580 εἷπον,

122 589 138 623 ἢ
165 587 197 615 τὸ
220 588 300 615 συνὸν
325 588 435 624 πνεῦμα
458 589 498 625 τῷ
522 590 676 627 ἀνθρώπῳ·
693 591 739 618 τὸν
764 592 793 618 δὲ
818 591 916 628 ἔχοντα

123 635 276 669 πτέρυγας,
293 635 309 670 ἢ
327 635 358 661 τὸ
367 635 445 670 ἅγιον
460 636 574 672 Πνεῦμα
590 637 620 664 τὸ
631 638 660 664 ὲν
673 638 738 664 εῖδει
750 640 916 674 περιστερᾶς

123 680 218 714 φανὲν,
236 680 284 707 καὶ
297 680 331 707 τὰ
348 681 439 708 πάντα
451 681 585 718 πληροῦν,
601 683 648 709 καὶ
661 684 752 710 πάντα
766 685 916 719 ἐπιστάμε-

120 733 165 751 νον
177 734 184 741 ·
195 726 213 761 ἢ
231 726 295 758 τοὺς
311 727 405 761 ἁγίους
420 728 565 762 ἀγγέλους.
578 728 687 764 Ἕτεροι
696 729 725 756 δὲ
736 729 766 762 ἐξ
779 731 913 763 ἐναντίας,

119 771 166 798 τὸν
183 771 235 806 μὲν
252 772 350 807 ἔχοντα
371 773 519 809 πτέρυγας,
538 774 584 801 τὸν
596 775 720 802 διάϐολον
735 775 912 811 ὲξειλήφασι·

120 816 234 843 πετεινὰ
251 817 280 843 δὲ
289 817 337 843 τοῦ
348 818 476 853 οὐρανοῦ,
486 819 549 850 τοὺς
557 819 639 846 αὐτοῦ
651 820 782 856 δαίμονας
791 821 912 858 ἀερίους.

119 862 199 889 Κατὰ
214 863 243 889 δὲ
257 863 307 895 τὰς
316 864 426 891 πάντων
436 865 587 900 ὑπολήψεις
602 867 617 892 ὁ
630 864 693 898 νοῦς
704 867 825 898 τοιοῦτός
835 868 896 894 ἐστι
905 876 912 884 ’

119 909 166 942 Μὴ
183 909 354 943 καταράσῃ,
371 910 454 946 φησὶ,
473 911 608 943 ,βασιλέα
627 911 647 946 ἢ
666 913 828 946 πλούσιον,
845 915 913 949 μηδὲ

119 954 148 980 ὲν
181 954 374 990 παραϐύστῳι
404 957 421 990 ἡ
459 956 515 992 γὰρ
549 958 627 993 φήμη
663 959 844 994 διατρέχουσα
871 962 911 992 εἰς

119 1001 203 1032 ἀκοὰς
231 1001 310 1036 φέρει
334 1001 382 1028 τοῦ
399 1003 604 1038 καταραθέντος
621 1004 671 1040 τὴν
698 1005 833 1041 λοιδορίαν
860 1008 909 1041 τὴν

119 1047 182 1081 σήν·
198 1047 309 1082 κατάρα
324 1046 354 1074 δέ
370 1047 430 1075 ἐστι
445 1049 556 1085 αἴτησις
567 1049 672 1084 κακῶν,
685 1050 702 1087 ἢ
722 1051 821 1088 ἑαυτῷ,
839 1052 855 1088 ἢ
869 1053 909 1088 τῷ

118 1091 242 1128 πλησίον.

414 1185 541 1213 ΚΕΦΔΔ.
559 1186 615 1213 IN-

151 1236 164 1253 ‹
187 1227 366 1257 ’Δπύστειλον
389 1230 435 1258 τδν
448 1231 531 1267 ἄρτον
551 1241 598 1260 σου
621 1233 668 1260 ἐπὶ
688 1234 836 1270 πρόσωπον
861 1235 908 1262 τοῦ

117 1272 224 1306 ὕδατος,
237 1274 281 1300 ὅτι
294 1276 324 1302 ὲν
336 1275 434 1312 πλήθει
445 1277 500 1304 τῶν
513 1278 626 1314 ἡμερῶν
637 1279 766 1315 εὑρήσεις
781 1281 873 1308 αὐτόν.
896 1290 905 1307 ι

115 1317 277 1353 Γέγραπται
287 1339 295 1353 ,
312 1320 479 1356 Διάθρυπτε
493 1323 633 1350 πεινῶντι
656 1324 711 1351 τὸν
723 1324 816 1360 ἄρτον
837 1334 906 1354 σου.

113 1364 163 1391 Διὰ
183 1365 212 1392 δὲ
228 1365 275 1392 τοῦ
296 1367 382 1403 ἄρτου
395 1369 445 1404 τὴν
462 1371 553 1397 πᾶσαν
567 1370 756 1407 ἐλεημοσύνην
774 1371 907 1408 ὲσήμανε.

113 1410 199 1446 φησὶν
215 1409 274 1446 οὖν,
286 1413 328 1439 ὃτι
341 1414 419 1441 Μετὰ
430 1414 567 1451 δακρύων,
576 1417 701 1444 τουτέστι
710 1418 780 1453 μετά
797 1418 910 1455 ἐλεημο-

112 1457 193 1492 νικῆς
210 1458 260 1485 καὶ
283 1460 447 1494 συμπαθοῦς
457 1461 606 1494 διαθέσεως
620 1463 694 1489 ποίει
718 1463 769 1499 τὴν
791 1464 908 1500 ἐλεημο-

113 1503 200 1538 σύνην
215 1512 224 1519 ·
238 1504 322 1541 ἀὕτη
343 1507 398 1542 γάρ
411 1515 452 1534 σοι
465 1508 513 1535 καὶ
539 1509 747 1543 συνδιαιωνίζει.
773 1510 879 1543 ¹Ἀλλως
900 1518 908 1527 ‘

113 1549 220 1578 ’Υδατα
239 1552 255 1586 ή
279 1552 376 1588 Γραφὴ
398 1553 531 1586 πολλάκις
551 1556 599 1582 καὶ
617 1556 666 1588 τὰς
680 1556 736 1583 τῶν
756 1554 909 1593 ἀνθρώπων

114 1598 281 1632 συναγωγὰς
303 1599 384 1625 simile
405 1599 510 1633 καλεῖν,
531 1602 603 1629 κατὰ
623 1602 671 1636 τὸ,
699 1603 802 1631 Ῥῡσιιί
816 1613 855 1639 με
874 1604 909 1637 ἐξ

112 1642 233 1670 ὑδάτων
253 1644 382 1672 πολλῶν
392 1666 400 1678 ,
425 1646 459 1673 ἐκ
473 1641 573 1681 xii/pd;-
593 1647 667 1675 υἱῶν
680 1649 856 1684 ἀλλοτρίων.
873 1649 908 1677 Ὦ

112 1686 159 1715 οὖν
169 1709 178 1720 ,
194 1690 263 1725 φησὶ
276 1710 284 1723 ,

112 1734 262 1770 θρεπτικόν
277 1745 323 1763 σου
346 1737 425 1771 λόγον
441 1738 471 1765 ὃν
489 1739 608 1775 εἴληφας
621 1741 653 1767 ὲκ
669 1741 719 1776 τῆς
734 1741 840 1777 δωρεᾶς
858 1743 906 1770 τοῦ

112 1780 285 1816 Πνεύματος,
300 1782 345 1809 ἀεὶ
358 1784 415 1816 τοῖς
431 1784 570 1820 δεομένοις
585 1786 708 1821 χορήγει,
726 1787 822 1822 μισθὸν
838 1787 907 1823 ἔχων

112 1826 161 1861 τῆς
189 1828 337 1863 ἐργασίας,
366 1828 397 1856 τὸ
421 1829 462 1866 τῷ
485 1831 546 1867 Θεῷ
565 1832 648 1868 Λόγῳ
677 1835 797 1860 συνεῖναι
819 1833 907 1870 διηνε-

111 1882 179 1905 κως.

148 1929 159 1945 ι
177 1919 229 1952 Δὸς
246 1920 346 1956 μερίδα
358 1922 413 1953 τοῖς
427 1922 509 1956 ἑπτὰ,
531 1923 579 1949 καί
593 1931 624 1958 γε
638 1924 695 1956 τοῖς
711 1923 798 1956 ὀκτὼ,
815 1924 856 1951 ὅτι
874 1925 906 1952 οὐ

111 1964 257 1999 γινώσκεις
282 1966 310 1992 τί
326 1966 405 1993 ἔσται
425 1968 544 2003 πονηρὸν
559 1969 606 1995 ὲπὶ
622 1968 671 2004 τὴν
685 1969 780 2008 γῆν.)
803 1969 833 1996 '0
855 1970 906 2006 τὴν

109 2011 235 2038 Παλαιὰν
249 2013 432 2047 προσιέμενος
440 2014 591 2049 Διαθήκην,
603 2014 647 2042 διὰ
657 2015 703 2041 τὸν
716 2016 745 2042 ὲν
757 2016 826 2051 αὐτῇ
841 2016 906 2043 σαϐ-

108 2056 245 2092 ϐατισμδν
262 2057 308 2084 τὸν
323 2058 352 2084 ὲν
366 2058 502 2093 πνεύματι
516 2059 698 2094 τελούμενον,
718 2061 843 2089 τουτέστι
856 2062 905 2097 τὴν

108 2102 162 2129 τῶν
181 2102 280 2130 κακῶν
302 2103 413 2140 ἀργίαν,
441 2104 542 2131 δέδωκε
573 2106 670 2141 μερίδα
693 2108 750 2138 τοῖς
773 2107 854 2135 ἑπτά.
875 2107 905 2134 ⁸0

108 2147 136 2173 δὲ
151 2146 203 2182 τὴν
218 2147 293 2173 Νέαν
310 2148 372 2174 καθ’
387 2149 421 2184 ῆν
439 2149 456 2183 ἡ
476 2150 604 2185 Κυριακὴ
625 2150 671 2177 τοῦ
697 2151 823 2187 Σωτῆρος
839 2152 906 2179 ἀνά-

109 2199 226 2224 στασις,
261 2191 279 2226 ἡ
309 2192 390 2227 ὀγδόη
416 2194 465 2220 καὶ
493 2194 588 2230 πρώτη
614 2195 701 2231 ἀρχὴν
728 2195 828 2231 ἔχουσα
856 2197 904 2224 τοῦ

110 2238 257 2272 μέλλοντος
286 2238 396 2271 αἰῶνος,
420 2239 520 2267 δέδωκε
540 2241 638 2276 μερίδα
648 2243 704 2274 τοῖς
716 2242 797 2271 ὀκτώ.
821 2243 904 2271 Ἐκα-

108 2282 193 2317 τέρας
220 2280 280 2312 οὖν.
307 2283 390 2318 φησὶ,
414 2284 465 2316 τὰς
487 2285 627 2321 Διαοήκας
655 2285 745 2322 δέχου.
774 2288 902 2326 ς’Δλλως·

970 407 997 429 et
1014 403 1040 430 in
1059 409 1166 432 secreto
1178 405 1297 432 cubiculi
1315 405 1351 432 tui
1374 413 1409 432 ne
1423 405 1582 439 impreceris
1594 403 1671 431 diviti
1688 413 1694 430 :
1713 412 1762 431 vo-

970 448 1053 476 lucris
1069 451 1142 477 cn'm
1158 451 1219 478 (ηιιί
1249 451 1400 486 asportabit
1427 458 1521 478 vocem
1552 455 1636 482 tuam,
1657 455 1685 477 et
1715 450 1761 484 qui

969 494 1051 522 habet
1076 495 1133 522 alas
1156 503 1310 523 sermonem
1347 500 1422 523 tuum
1450 495 1627 522 renuntiabit.
1644 504 1653 520 ι
1679 494 1762 522 Voln-

968 548 1042 568 crem
1054 541 1128 575 cmli,
1145 545 1209 568 sunt
1223 541 1268 577 qui
1283 546 1381 577 putent
1394 548 1455 568 esse
1467 541 1586 568 animam
1602 541 1700 576 ipsam,
1718 541 1760 568 vel

968 585 1092 620 spiritum
1109 586 1187 613 nobis
1205 586 1331 618 insitum;
1352 586 1498 612 habentem
1525 592 1590 613 vero
1618 586 1683 617 alas,
1713 589 1760 612 aut

968 631 1100 665 Spiritum
1112 637 1237 658 sanctum
1252 632 1298 666 qui
1314 632 1441 666 apparuit
1460 631 1488 658 in
1509 631 1642 658 columba:
1657 631 1758 666 specie,

966 677 1067 712 quique
1092 678 1182 705 omnia
1201 678 1319 712 complet
1333 681 1360 704 et
1384 677 1476 705 omnia
1493 677 1570 704 novit
1590 687 1596 704 :
1614 681 1661 703 aut
1686 677 1760 711 ipsos

966 729 1074 750 sanctos
1089 723 1209 758 angelos.
1234 723 1336 750 Contra
1362 731 1427 750 vero
1445 723 1580 755 nonnulli,
1612 722 1758 749 habentem

965 769 1032 802 alas,
1047 776 1095 803 pro
1110 769 1218 795 diabolo
1230 769 1418 803 accipiendum
1432 769 1542 799 dicunt;
1559 769 1683 794 volucres
1695 775 1759 794 vero

965 815 1037 845 cwli,
1053 819 1180 849 parentes
1194 814 1295 841 diaboli
1309 822 1403 841 aereas
1427 818 1587 848 potestates,
1600 813 1757 840 Secundum

964 867 1030 887 vero
1061 864 1203 894 utramque
1229 860 1428 895 expositionem
1459 860 1495 886 ita
1531 859 1652 894 intriiigc
1684 868 1690 886 :
1718 859 1758 885 Nc

964 906 1028 940 regi,
1051 913 1111 932 neve
1126 906 1201 932 diviti
1217 905 1378 939 imprecaris,
1399 912 1432 932 ac
1461 912 1495 932 ne
1517 904 1543 931 in
1571 896 1757 939 penetralibus

963 949 1090 984 quidem;
1119 955 1164 976 tua
1197 957 1314 984 namque
1345 949 1487 976 maledicta
1511 956 1659 976 excurrens
1685 947 1756 975 fama

963 995 1052 1023 defert
1077 996 1109 1023 ad
1139 996 1210 1023 illius
1235 1003 1326 1028 aures,
1354 996 1396 1022 cui
1416 1000 1444 1022 tu
1471 995 1572 1022 malum
1590 995 1756 1029 imprecatus

963 1041 1058 1068 fueris.
1082 1040 1225 1076 lmprccari
1253 1049 1328 1068 vero-
1341 1041 1498 1076 quempiam
1525 1039 1640 1067 dicimus
1656 1059 1663 1071 ,
1692 1047 1754 1067 cum

962 1087 1064 1114 malum
1079 1087 1188 1122 aliquod
1203 1087 1246 1114 vel
1268 1087 1318 1114 sibi
1333 1087 1373 1115 vel
1388 1087 1512 1122 proximo
1529 1086 1658 1113 advenire
1682 1085 1755 1113 votis

962 1133 1093 1168 expoacit.

1223 1188 1306 1224 669
1319 1187 1433 1215 CAPUT
1448 1187 1494 1215 XI.

998 1235 1079 1264 Vens.
1094 1236 1120 1264 l.
1139 1245 1148 1262 ι
1165 1235 1239 1264 Mitte
1255 1243 1353 1270 panem
1366 1238 1444 1262 tuum
1459 1241 1542 1269 super
1557 1233 1654 1261 faciem
1665 1241 1754 1270 aqum,

962 1283 1026 1318 quia
1043 1282 1071 1310 in
1085 1283 1257 1310 multitudine
1274 1282 1382 1309 dierum
1414 1280 1538 1308 invenies
1550 1280 1637 1307 illum.
1651 1289 1660 1306 ι
1679 1279 1754 1308 Scri-

962 1333 1037 1364 ptum
1049 1332 1090 1356 est
1103 1336 1110 1354 :
1125 1328 1233 1364 Frange
1246 1327 1473 1361 esurientipanem
1489 1331 1562 1352 tuum
1577 1326 1609 1352 ”.
1620 1325 1754 1353 Cancrum

963 1374 1041 1409 patris
1054 1373 1234 1408 appellatione
1260 1379 1341 1400 omne
1369 1379 1456 1408 genus
1485 1371 1665 1407 oleemosynze
1682 1371 1755 1399 desi-

963 1424 1072 1455 gnatur.
1086 1419 1155 1446 Dicit
1172 1426 1235 1453 ergo
1251 1417 1430 1445 Ecclesiastes
1445 1425 1453 1444 :
1481 1416 1550 1444 Cum
1577 1417 1704 1452 lacrymis
1727 1419 1755 1444 et

962 1464 1133 1493 misericordi
1167 1463 1267 1490 atiectu
1300 1462 1381 1490 facito
1418 1463 1638 1497 elccinosynam;
1673 1462 1770 1497 hujus.

962 1513 1035 1540 enim
1052 1511 1156 1538 fructus
1168 1515 1258 1538 tecntn
1272 1509 1443 1545 pemianebit
1455 1509 1481 1536 in
1494 1508 1636 1536 saacnlum.
1649 1508 1752 1536 Aliter:

962 1559 1054 1593 Aquas
1068 1564 1118 1592 pro
1132 1556 1273 1584 hominum
1290 1554 1488 1582 conventiculis
1501 1557 1530 1581 et
1543 1553 1753 1590 congregatione

962 1605 1032 1632 solet
1043 1602 1181 1638 appellare
1197 1601 1348 1636 Scriptura,
1359 1600 1436 1635 juxta
1447 1599 1512 1627 illud
1529 1608 1536 1627 :
1557 1599 1653 1626 Libera
1667 1607 1707 1626 me
1721 1599 1754 1626 de

962 1650 1038 1685 aquis
1055 1647 1156 1679 multis,
1173 1652 1197 1674 et
1215 1647 1246 1674 de
1263 1654 1345 1674 manu
1360 1646 1476 1680 ﬁliorum
1497 1644 1646 1672 alienorum
1658 1645 1691 1672 ”.
1708 1643 1755 1671 ln-
1777 1671 1780 1673 λ

310 1691 365 1718 τῶν
380 1691 462 1719 Θείων
483 1692 658 1729 μαθημάτων
685 1694 842 1727 διδάσκαλε,
859 1697 905 1723 τὸν

962 1696 1019 1735 quit
1033 1702 1097 1730 ergo
1113 1703 1121 1721 ι
1135 1693 1157 1721 0
1167 1697 1196 1720 tu
1207 1692 1332 1728 quisquis
1350 1699 1379 1719 es
1388 1691 1488 1719 divinaa
1500 1690 1566 1725 legis
1580 1690 1754 1724 interpresac

961 1743 1066 1774 doctor,
1084 1740 1244 1768 alimentum
1261 1738 1337 1766 verbi
1348 1738 1422 1773 quod
1441 1736 1488 1764 tibi
1518 1736 1604 1772 gratia
1635 1735 1753 1770 Spiritus

960 1788 1047 1816 sancti
1059 1786 1206 1815 liberaliter
1220 1785 1306 1817 dedit,
1322 1784 1381 1812 sine
1397 1783 1449 1810 ulla
1463 1782 1665 1810 intermissione
1678 1789 1752 1816 pan-

958 1835 1110 1870 pcribns-et
1122 1832 1216 1868 egenis
1225 1831 1344 1866 imparti,
1361 1829 1502 1865 praemium
1515 1827 1660 1855 ministerii
1671 1827 1753 1861 hujus

959 1881 1106 1911 relaturus,
1116 1882 1145 1906 ut
1155 1886 1215 1905 eum
1225 1877 1280 1904 Deo
1292 1876 1381 1903 Verbo
1391 1876 1465 1902 vivas
1476 1875 1536 1910 jnn:
1545 1878 1590 1900 tus
1602 1873 1630 1899 in
1640 1872 1751 1900 saecula.

1031 1924 1154 1952 Vens.2.
1176 1933 1185 1949 ι
1213 1922 1252 1950 Da
1280 1926 1384 1957 partem
1404 1919 1471 1956 ipsis
1502 1925 1618 1954 septem,
1646 1921 1752 1953 partem

957 1978 1068 2006 quoque
1088 1970 1151 1997 dato
1167 1972 1194 1996 ct
1210 1967 1275 2003 ipsis
1292 1970 1364 2000 octo,
1381 1966 1445 2001 quia
1471 1966 1579 2000 ignoras
1590 1963 1656 1999 quid
1676 1963 1752 1990 futti-

958 2022 1019 2042 rum
1035 2015 1069 2041 sit
1080 2013 1142 2040 mali
1157 2020 1239 2047 super
1258 2015 1369 2039 terram.
1389 2020 1398 2036 ι
1424 2010 1475 2043 Qui
1489 2010 1577 2037 credit
1591 2008 1682 2036 Veteri
1699 2007 1752 2035 Te-

957 2064 1104 2093 stamento,
1123 2063 1228 2094 partem
1244 2058 1318 2086 dedit
1333 2057 1400 2092 ipsis
1425 2060 1539 2092 septem,
1557 2059 1668 2091 propter
1681 2053 1752 2084 Sal)-

956 2106 1012 2134 bati
1027 2106 1130 2134 cultum
1143 2105 1190 2140 qui
1209 2105 1236 2132 in
1263 2105 1321 2140 lege
1342 2103 1427 2132 veteri
1456 2103 1624 2135 continetur,
1651 2102 1752 2137 quique

955 2156 1023 2181 tunc
1034 2152 1168 2188 spirituali
1181 2151 1396 2179 sanctiﬁcatione
1405 2148 1548 2186 perﬁcitur
1564 2155 1625 2176 cum
1647 2156 1662 2175 a
1689 2155 1752 2183 pec-

956 2200 1024 2226 catis
1040 2197 1197 2226 desistimus
1215 2204 1248 2224 ac
1263 2197 1471 2234 requiescimus.
1487 2195 1538 2228 Qui
1554 2202 1629 2222 vcro~
1643 2194 1750 2225 Novum

956 2246 1054 2281 recipit
1064 2245 1279 2277 Testamentum,
1311 2249 1416 2279 partem
1439 2251 1517 2271 suam
1544 2242 1619 2270 dedit
1631 2247 1659 2270 et
1683 2242 1751 2278 ipsis

955 2294 1025 2323 octo,
1044 2295 1154 2325 propter
1182 2290 1351 2317 Dominicam
1385 2288 1635 2321 resurrectionem,
1667 2295 1751 2323 quam

109 2327 156 2359 Et;
180 2327 320 2364 ὲῦδομὰδα
342 2329 356 2355 ό
380 2329 476 2364 παρὼν
500 2333 700 2366 κατατέμνεται
728 2333 795 2366 βίος.
827 2336 903 2361 Κατ-

962 2341 1052 2364 ιοιανυ
1064 2336 1233 2364 celebramus
1248 2336 1312 2368 die;
1344 2335 1397 2362 hoc
1419 2338 1472 2366 est,
1497 2334 1645 2362 Sabbatuin
1671 2334 1748 2361 inse!

109 2373 227 2400 ἔπαυσε
256 2373 326 2409 γὰρ,
345 2375 442 2409 φησὶν,
457 2376 474 2402 ό
488 2375 561 2408 Θεὸς
576 2376 635 2403 ἀπὸ
649 2376 772 2404 πάντων
782 2377 841 2405 τῶν
855 2379 903 2414 ἔρ·

962 2385 1067 2416 ;ucnte,
1083 2385 1110 2408 et
1125 2381 1213 2416 primo
1227 2381 1273 2416 qui
1299 2379 1464 2416 principium
1482 2379 1565 2406 habet.
1582 2378 1674 2406 saaculi
1703 2377 1747 2405 iu~

109 2427 168 2453 των
181 2419 279 2447 αὑτοῦ
294 2417 340 2446 ὧν
355 2420 490 2454 ἐποίησε,
502 2421 538 2448 ἐν
552 2421 591 2456 τῇ
615 2422 712 2458 ἡμέρᾳ
729 2423 768 2458 τῇ
783 2423 904 2460 ἐϐδόμῃ.

955 2427 1020 2454 turi.
1041 2426 1132 2461 Inquit
1142 2433 1207 2461 ergo
1223 2434 1230 2452 :
1245 2426 1346 2460 Recipe
1372 2425 1456 2452 Vetus
1478 2432 1510 2452 ac
1525 2424 1633 2451 Novum
1650 2423 1747 2451 Testaa

115 2465 200 2500 ’Δρχὴ
221 2464 251 2491 δὲ
275 2465 323 2492 τοῦ
343 2466 488 2500 μέλλοντος
509 2467 608 2499 αἰῶνος
623 2470 639 2503 ὴ
664 2469 745 2504 ὀγδόη
759 2478 766 2484 ·
784 2466 818 2506 ἧς
835 2470 906 2505 σύμ-

962 2476 1088 2499 nentum.
1108 2470 1156 2498 Vel
1173 2471 1269 2498 aliter:
1286 2469 1392 2498 Nostra:
1421 2470 1503 2504 huius
1534 2469 1596 2496 vitae
1627 2473 1746 2504 tempus,

108 2507 187 2535 σολον
201 2509 219 2544 ἡ
234 2510 363 2545 Κυριακὴ
379 2511 538 2544 ἀνάστασις.
567 2513 751 2549 Εὑσχημόνως
766 2513 813 2542 οὖν
823 2535 831 2547 ,
851 2524 906 2551 φη-

962 2512 1064 2552 ιθιιιοιιι
1078 2516 1185 2544 dierum
1205 2523 1319 2543 numero
1345 2516 1524 2551 designatur:
1556 2514 1646 2550 Inquit
1673 2516 1748 2546 enim

108 2553 155 2586 αὶ,
177 2552 258 2588 δίαγε
278 2555 308 2581 ὲν
331 2554 370 2590 τῷ
397 2556 513 2591 παρόντι
540 2557 600 2592 βίῳ,
627 2558 674 2584 καὶ
697 2553 904 2595 ἁποῦησαῦριζε

962 2562 1096 2598 Scriptum
1112 2572 1118 2590 :
1132 2562 1266 2597 Requievit
1281 2562 1350 2589 Deus
1360 2562 1403 2589 die
1416 2562 1528 2596 septimo
1543 2561 1576 2588 ab
1588 2562 1660 2588 omni
1669 2569 1749 2596 opere

109 2599 217 2634 σεαυτῷ
246 2600 287 2631 είς
313 2599 360 2626 τὸν
387 2601 519 2636 μέλλοντα
544 2602 579 2629 δι’
599 2603 689 2638 ἔργων
708 2605 831 2639 ἀγαθῶν,
854 2605 902 2633 καὶ

962 2609 1021 2643 mod
1035 2613 1160 2643 patraret
1179 2608 1210 2634 ".
1227 2608 1337 2636 Initium
1353 2615 1418 2635 vero
1433 2608 1518 2635 futuri
1533 2608 1636 2641 saeculi,
1650 2612 1747 2640 octava

106 2645 163 2697 fit;
182 2644 335 2697 ςπτὰ,,καὶ
345 2648 402 2679 τοῖς
414 2648 487 2675 ὀκτὼ
506 2649 603 2685 μερίδα
617 2650 756 2685 παρέχων.
775 2650 880 2684 ΙἌλλως
892 2660 899 2667 '

962 2658 991 2682 ast
1006 2654 1074 2687 dies,
1089 2654 1167 2690 cujus
1180 2654 1332 2689 symbolum
1347 2654 1427 2682 nobis
1440 2658 1482 2682 est
1496 2653 1636 2682 Dominica
1648 2661 1742 2681 resur-

121 2689 200 2740 ξπτὰ
234 2690 284 2745 τοῗ
316 2691 478 2727 Πνεύματος
511 2694 652 2729 ἐνεργείας
689 2692 742 2722 οἶδε
774 2695 898 2728 Ἡσαΐας.

962 2701 1044 2729 cctio.
1056 2689 1135 2734 Quod
1148 2709 1213 2737 ergo
1223 2709 1275 2729 nos
1287 2706 1381 2729 monet
1406 2702 1597 2735 Ecclesiastes,
1611 2702 1664 2729 hoc
1675 2705 1717 2729 est
1733 2709 1742 2730 ι

108 2735 228 2786 Δυναται
253 2735 301 2763 οὖν
322 2737 369 2764 καὶ
385 2737 415 2770 ἐξ
428 2738 609 2775 ἀντιστρόφου
633 2739 704 2767 ἑπτὰ
728 2740 871 2768 καλεῖσθαι
886 2742 901 2769 ὁ

962 2747 1079 2781 todeste,
1095 2735 1192 2783 inquit;
1211 2747 1270 2775 vive
1285 2747 1312 2775 in
1326 2748 1453 2783 praesenti
1467 2748 1577 2781 saeculo.
1594 2753 1622 2776 et
1632 2748 1744 2775 thesau-

107 2781 161 2807 τῶν
171 2781 349 2816 Χριστιανῶν
373 2783 447 2818 λαὸς,
472 2785 517 2812 διὰ
532 2786 563 2812 τὺ
585 2787 737 2822 πλουτῆσαι
749 2787 796 2814 τοῦ
809 2788 898 2815 Πνεύ-¹

962 2793 1006 2820 'iza
1021 2793 1069 2820 tibi
1083 2801 1130 2828 per
1141 2801 1255 2828 operum
1274 2793 1409 2822 bonorum
1438 2794 1653 2826 exsecutionem,
1680 2799 1745 2826 quae

109 2834 195 2860 ματος
221 2828 273 2860 τὰς
293 2830 446 2865 ἐνεργείας.
479 2832 567 2859 Ὀκτὼ
590 2833 645 2860 δὲὸ
670 2834 725 2861 τῶν
753 2835 899 2869 Ἰουδαίων,

962 2837 986 2865 ul
1019 2837 1118 2866 futura:
1151 2838 1214 2866 vitae
1243 2838 1345 2867 bonum
1386 2839 1566 2875 pertineant:
1594 2841 1675 2874 atque
1703 2836 1742 2866 ita

144 2915 167 2931 ¹⁶
182 2916 263 2945 Deut.
280 2925 316 2951 rx,
333 2919 360 2946 9.
401 2920 419 2936 “
438 2921 489 2949 lsa.
505 2929 580 2956 ιιίιι,
597 2924 621 2950 7.
662 2924 684 2939 ”
699 2923 769 2952 Psal.
785 2933 876 2959 cxuu,
895 2926 920 2953 7.
961 2927 982 2942 "
995 2926 1063 2955 Gen.
1082 2935 1113 2961 ιι,
1129 2927 1156 2955 2.
