2044 3144
133 180 185 212 603

785 177 826 208 ΙΝ
844 177 1132 209 ECCLESIASTEN.

1723 180 1776 222 tto

134 245 220 274 ματος
230 236 282 272 τὴν
293 236 364 269 ὁδὸν,
378 235 468 270 σοφῶς
482 235 532 263 καὶ
542 235 674 268 ποικίλως
686 235 733 263 τοῦ
746 236 814 264 Θεοῦ
824 237 858 264 τὰ
870 237 930 264 καθ’

984 237 1098 265 sationis
1116 241 1233 273 tempus,
1244 236 1349 266 irritam
1379 237 1478 267 deinde
1497 246 1615 268 messem
1649 241 1775 276 experie-

130 284 207 319 ἡμᾶς
238 283 329 310 πάντα
352 282 502 314 διέποντος.
531 281 625 314 Οὕτως
650 291 681 310 τε
703 283 856 319 ἀγνοοῦμεν
879 283 930 314 τὰς

131 329 199 364 περὶ
214 329 290 364 ἡμᾶς
303 328 352 355 τοῦ
366 328 435 355 Θεοῦ
449 328 609 364 διοικήσεις,
623 328 661 360 ὡς
676 329 709 355 τὰ
722 329 929 364 κυοφορούμενα

130 375 202 402 ὀστᾶ
221 375 274 410 τῆς
286 375 316 401 ἐν
343 374 444 410 γαστρὶ
463 374 591 409 ἐχούσης.
606 375 655 406 Τίς
674 375 728 410 γὰρ
741 373 795 401 οἵδε
814 377 930 411 πότερον

130 421 219 456 ἇῤῥεν
235 420 253 455 ἢ
267 420 334 455 θῆλυ
347 420 377 446 τὸ
391 420 614 456 κυοφορούμενον
624 441 631 452 ,
646 421 662 456 ἢ
675 421 769 456 ἄρτιον
784 421 800 456 ἢ
816 421 889 448 κατά
902 430 930 448 τι

132 467 218 502 μέρος
233 459 345 493 κολοϐόν
358 475 366 499 ;
381 467 413 493 Εἰ
424 465 452 492 δὲ
462 466 494 493 τὸ
509 466 655 502 μορφωθὲν
667 467 717 493 οὐκ
731 467 809 501 ἴσμεν
824 467 851 493 τί
863 467 929 494 ποτε

129 515 203 545 ἐστι,
223 514 314 549 πολλῷ
333 513 415 540 πλέον
432 513 586 548 ἀγνοοῦμεν
602 513 662 546 πῶς
684 514 714 540 τὸ
731 513 852 550 ἔμϐρυον
866 523 929 540 συν-

132 560 256 592 ίσταται,
268 561 327 592 πῶς
341 560 374 586 τὰ
396 560 465 586 ὀστᾶ
479 560 660 592 συντίθενται,
678 560 737 592 πῶς
761 560 929 593 εὐθετίζεται

129 606 177 633 τοῦ
193 607 298 638 παντὸς
308 606 435 642 σώματος
445 607 462 641 ἡ
475 607 605 642 ἁρμονία.
617 607 672 633 Καὶ
689 607 722 634 σὺ
735 606 835 639 τοίνιν,
849 607 928 642 φησὶ,

132 653 172 687 μὴ
198 653 440 689 πολυπραγμονῶν
465 653 510 679 καὶ
530 652 675 686 ἀναζητῶν
696 653 748 679 τίνι
769 652 882 685 δοῦναι,
911 652 928 688 ἢ

129 697 186 724 τίνι
201 697 239 732 μὴ
252 697 345 724 δοῦναι
359 697 490 732 ὀφείλεις,
505 697 551 724 καὶ
568 697 683 734 πότερον
705 697 814 730 πιστὸς,
830 698 847 734 ἢ
866 697 930 725 ἄπι-

131 751 210 774 στος,
223 743 240 778 ἦ
256 743 373 775 δίκαιος,
389 743 405 778 ἢ
423 743 527 775 ἄδικος,
543 743 681 780 ἀπολὲεῃς
693 743 741 770 τοῦ
757 745 868 779 σπεῖραι
884 745 930 770 τὸν

129 790 240 824 καιρὸν,
271 791 320 816 καὶ
346 790 395 824 οὐχ
421 790 542 825 εὑρήεῃς
568 790 596 816 ἐν
615 789 703 825 καιρῷ
722 789 830 826 θερίσαι
844 798 852 805 ·
869 790 929 817 ἀλλ’

129 828 328 870 ἀνυτὲερθέτως
344 838 392 862 καὶ
417 835 446 862 ἐν
462 836 595 870 ἁπλότητι
617 836 732 871 καρδίας
745 836 794 872 τὴν
815 837 930 872 ἐλεημο-

131 880 217 916 σύνην
230 882 349 917 ἐργάζου
370 889 378 896 ·
399 881 430 908 οὺ
449 881 503 916 γὰρ
517 880 592 913 οἶδας
611 882 635 908 εὶ
649 881 678 908 ὃν
693 883 726 909 σὺ
737 882 860 918 νομίζεις
870 882 930 909 ἄδι-

130 937 191 958 κον,
207 930 237 954 τὸ
255 928 368 963 πνεῦμα
382 929 493 956 δικαιοῖ.
509 929 564 955 Καὶ
576 929 606 954 τὸ
620 928 767 957 ἀνάπαλιν.

982 292 1054 311 mur.
1069 284 1123 311 Sed
1135 284 1240 311 etiamsi
1265 285 1382 312 maxime
1402 285 1529 318 velimus,
1558 286 1705 314 observare
1719 295 1774 314 non

982 337 1128 365 possumus
1137 330 1208 358 acris
1223 331 1369 366 qualitates
1381 339 1388 364 ;
1402 332 1572 366 nequeenim
1589 333 1692 362 scimus
1700 334 1772 361 viam

982 375 1069 410 ipsius
1082 376 1205 410 spiritus.
1220 376 1365 410 Sapienter
1377 385 1496 412 namque
1510 385 1543 405 ac
1554 378 1628 406 varie
1640 379 1713 406 Deus
1724 380 1776 407 ltu-

982 421 1071 448 manis
1090 421 1208 448 consulit
1223 421 1322 454 rebus;
1347 429 1436 456 neque
1451 421 1531 449 aliter
1549 423 1706 458 ignoramus
1727 424 1773 452 Dei

981 474 1044 502 erga
1065 475 1115 494 nos
1131 467 1247 494 consilia
1263 472 1290 494 et
1304 468 1532 502 dispensationes.
1562 478 1643 504 quant
1664 475 1690 498 et
1711 479 1773 498 ossa

981 520 1042 548 quae
1056 513 1267 548 compinguntur
1283 517 1311 540 et
1319 517 1461 548 gestantur
1470 514 1497 542 iu
1523 519 1616 542 ventre
1629 524 1773 552 przegnan—

982 559 1027 587 tis.
1043 559 1109 592 Quis
1121 560 1194 586 enittt
1209 559 1294 592 novit,
1310 559 1487 588 tnasculusne
1508 561 1544 588 ibi
1574 562 1717 590 delitescat
1739 571 1774 590 an

981 603 1100 631 femina?
1112 603 1287 639 itttegrumne
1299 604 1435 640 gignatur,
1447 612 1482 632 an
1498 610 1574 640 parte
1592 607 1683 641 aliqua
1711 615 1775 635 cor-

981 650 1056 686 poris
1073 649 1281 685 intperfcctum?
1297 650 1375 683 Quod
1405 651 1428 678 si
1441 651 1599 687 ignoramus
1628 653 1772 688 quaietzatn

981 697 1016 725 sit
1027 698 1099 732 quod
1111 698 1137 724 in
1155 702 1233 725 utero
1244 697 1383 733 genitricis
1393 698 1587 733 cotttpingitttr.
1599 700 1684 726 multo
1699 700 1775 735 igno-

981 744 1102 771 rabintus
1118 744 1204 779 magis
1218 752 1337 779 quanam
1349 744 1454 771 ratione
1466 745 1548 772 ott‘ula
1561 746 1604 772 illa
1620 753 1701 781 quant
1714 755 1773 773 eut-

980 788 1113 824 bryonetn
1122 794 1231 820 vocant,
1245 790 1271 816 itt
1283 797 1382 824 corpus
1391 790 1515 818 animalis
1527 792 1662 819 coalescat
1673 803 1678 817 ι
1690 797 1699 819 ι
1709 800 1774 820 con-

981 835 1130 868 formetur;
1142 843 1196 870 quo
1205 836 1287 863 etiam
1298 840 1377 871 pacto
1388 844 1450 864 ossa
1463 843 1673 872 componantur.
1684 847 1774 874 quove

982 881 1066 909 totius
1082 881 1205 917 corporis
1222 882 1272 909 sibi
1296 887 1429 917 congruat
1450 883 1605 911 harmonia.
1630 884 1709 919 871
1727 885 1774 912 ln-

984 928 1045 963 quit
1074 935 1138 963 ergo
1157 936 1164 954 :
1191 927 1232 954 Tu
1249 936 1359 963 quoque
1371 936 1405 955 ne
1414 933 1556 963 tantopere
1581 930 1619 957 sis
1640 931 1772 958 sollicitus

129 976 241 1003 curiose
255 977 404 1011 quaerendo
419 977 462 1004 cui
479 977 517 1004 sis
535 976 737 1012 eleemosynatn
754 977 878 1008 daturus,
888 975 932 1003 cui
945 983 1000 1002 non
1011 975 1141 1007 daturus;
1166 978 1196 1001 ut
1212 979 1287 1009 puta,
1308 974 1431 1002 ﬁdelisne
1456 976 1491 1003 sit
1515 975 1559 1003 ille
1578 984 1612 1003 an
1644 977 1772 1012 inﬁdelis,

125 1021 257 1056 justttsne
267 1031 301 1050 att
312 1023 441 1057 iniustus.
459 1023 567 1051 Etenim
578 1024 600 1051 si
613 1024 746 1059 pendebis
762 1023 854 1050 animo
871 1023 922 1050 ista
938 1022 1107 1057 disquirens,
1124 1022 1233 1049 amittes
1257 1021 1370 1049 sationis
1401 1027 1519 1057 tempus,
1543 1030 1631 1058 neque
1649 1023 1772 1052 invenies

128 1068 159 1095 in
177 1072 301 1104 tempore
317 1071 414 1097 messis
430 1070 506 1104 qttod
525 1076 623 1097 metas.
649 1069 714 1097 Sine
732 1070 785 1097 ulla
804 1070 895 1105 itaque
916 1068 1048 1096 dilatione
1065 1068 1206 1103 temporis,
1236 1067 1264 1095 in
1283 1067 1458 1102 simplicitate
1482 1069 1573 1096 cordis
1601 1070 1627 1096 ni
1648 1071 1772 1098 eleetno-

128 1113 225 1150 synam
250 1115 361 1148 confer;
394 1123 483 1150 neque
499 1116 572 1143 enim
596 1116 650 1144 scis
667 1124 702 1143 an
719 1116 834 1151 spiritus
865 1123 928 1143 eum
946 1114 1068 1142 viviticet
1095 1122 1177 1149 quem
1206 1118 1234 1141 lu
1263 1113 1379 1141 fortasse
1410 1118 1490 1149 putas
1522 1115 1653 1150 ἰηξιιδιιηι
1671 1136 1678 1149 ,
1704 1124 1772 1143 ton-

130 1165 227 1194 traqtte
241 1161 316 1188 illum
333 1169 349 1188 a
364 1169 394 1189 se
408 1162 520 1196 repellat
533 1170 614 1196 quem
629 1167 658 1190 tu
673 1163 777 1198 justum
793 1162 945 1190 existimas.

169 1217 179 1232 ι
191 1208 235 1233 Ἐν
250 1207 342 1243 πρωῖᾳ
358 1208 470 1243 σπεῖρον
481 1208 512 1234 τὺ
524 1208 636 1243 σπέρμα
646 1217 693 1235 σου
705 1218 712 1224 ·
725 1209 773 1235 καὶ
784 1209 813 1235 ἐν
823 1202 929 1244 ἑσπέρᾳ

1014 1206 1096 1234 Vsus.
1108 1206 1135 1234 6.
1151 1216 1160 1234 ε
1179 1206 1256 1234 Mane
1267 1207 1372 1234 semina
1387 1214 1481 1234 semen
1513 1211 1600 1240 tuttttt,
1614 1213 1642 1235 et
1656 1215 1771 1244 vespere

130 1252 172 1289 μὴ
188 1253 294 1287 ἀφιέτω
306 1254 323 1288 ἠ
341 1253 402 1288 χείρ
421 1262 480 1287 σου,
498 1254 540 1280 ὅτι
556 1254 585 1281 οὔ
603 1254 748 1288 γινώσκεις
766 1255 842 1281 ποῖον
857 1262 929 1281 στοι-

128 1299 222 1333 χήσει,
241 1298 322 1324 τοῦτο
344 1298 361 1333 ἢ
376 1298 458 1325 τοῦτο
468 1307 475 1314 ·
499 1299 546 1326 καὶ
561 1299 609 1326 ἐὰν
624 1299 658 1326 τὰ
680 1299 728 1326 δύο
742 1299 789 1326 ἐπὶ
802 1299 832 1326 τὸ
850 1299 926 1332 αὐτὸ,

127 1343 247 1377 ἀγαθόν.
264 1353 274 1369 ι
293 1343 323 1370 ’Θ
336 1344 367 1371 τὺ
383 1345 479 1377 σκότος
494 1346 545 1380 τῆς
559 1345 672 1380 ἀγνοίας
686 1346 736 1381 τῆς
749 1345 848 1372 ἑαυτοῦ
869 1345 928 1372 δια-

127 1389 209 1421 νοίας
223 1389 376 1422 ἀπελάσας,
392 1391 577 1426 ἐναρχόμενος
592 1391 646 1417 τῶν
664 1391 771 1426 ἀρετῶν
792 1391 821 1417 ὲν
836 1391 928 1426 πρωΐᾳ

129 1434 254 1469 σπείρει,
270 1435 342 1462 κατὰ
355 1436 478 1469 τδ,”Εως
492 1437 588 1471 ἡμέρα
600 1437 676 1469 ἐστὶ,
688 1437 928 1471 ἐργάζεσθε.⁴Εὰν

127 1481 162 1508 δὲ
177 1482 225 1507 καὶ
241 1481 358 1518 διαμένῃ
376 1483 457 1517 μέχρι
473 1482 568 1514 τέλους
587 1482 637 1518 τὴν
652 1483 809 1518 πρακτικὴν
826 1481 929 1517 μετιὼν

127 1527 246 1562 ἀρετὴν,
261 1526 314 1558 ἕως
333 1527 453 1562 ἑσπέρας
473 1527 524 1554 οὐκ
549 1529 652 1563 ἀφῆκε,
665 1527 726 1554 οὐδὲ
750 1528 928 1564 ὴπράκτησεν

128 1573 148 1608 ἠ
165 1573 228 1608 χεὶρ
249 1572 332 1599 αὑτοῦ
349 1573 571 1608 ἀγαθοεργοῦοα.
582 1575 608 1600 ’Λ
615 1574 749 1609 ρχόμενος
764 1571 812 1600 οὖν
825 1573 929 1608 ἀρετῆς

129 1618 219 1654 μέχρι
230 1619 325 1651 τέλους
336 1619 447 1654 διάμενε
457 1628 464 1635 ·
477 1620 526 1646 οὐκ
539 1618 612 1651 οἶδας
624 1620 690 1647 ποῖά
702 1629 749 1646 σου
758 1620 826 1655 ἔργα
837 1620 928 1655 ἀγαθὰ

127 1664 227 1698 ἁρέσει
242 1664 281 1699 τῷ
295 1665 385 1700 κριτῇ,
395 1664 430 1691 τὰ
447 1665 476 1691 ἐν
491 1665 602 1700 ἁρχῇ,ἧ
618 1665 652 1691 τὰ
667 1665 736 1701 πρδς
750 1665 789 1700 τῷ
801 1666 883 1692 τέλει.
898 1665 928 1692 Et

128 1709 161 1735 δὲ
176 1710 297 1746 ἑκάτερα
310 1711 357 1736 ἐπὶ
371 1710 402 1737 τὸ
414 1710 478 1737 αὐτὸ
494 1711 600 1746 ἀρέσοι,
612 1712 719 1747 πλήρης
730 1711 900 1746 ἀγαοότητος
911 1712 928 1747 ὴ

128 1755 247 1791 τοιαύτη
262 1755 431 1791 ἐργασία.”11
449 1757 496 1783 καὶ
509 1756 595 1788 οὕτως
606 1763 613 1772 ⁸
631 1757 678 1783 Ἐκ
694 1755 805 1792 πρώτης
819 1756 929 1792 ἡλικίας

129 1798 252 1833 ἐργάζου
262 1799 311 1834 τὴν
326 1800 439 1836 ἀρετὴν,
455 1801 504 1828 καὶ
517 1801 555 1837 μὴ
570 1801 645 1836 λέγε,
657 1801 714 1828 Νῦν
730 1801 780 1837 μὲν
796 1801 929 1836 νεώτερος

129 1844 171 1872 ὢν
183 1845 332 1873 ἀπολαύσω
348 1846 403 1873 τῶν
423 1847 470 1874 τοῦ
488 1848 547 1884 βίου
559 1848 696 1884 τερπνῶν,
711 1849 741 1875 ἐν
757 1848 786 1875 δὲ
798 1848 837 1884 τῷ
854 1850 929 1885 γήρᾳ

979 1261 1015 1281 ne
1025 1257 1115 1281 cesset
1125 1261 1224 1281 manus
1244 1257 1299 1286 tua,
1309 1253 1373 1288 quia
1389 1253 1480 1281 nescis
1506 1253 1592 1289 magis
1607 1262 1641 1280 ne
1652 1262 1771 1289 proven-

978 1303 1070 1326 turum
1084 1299 1119 1326 sit
1134 1299 1186 1326 hoc
1198 1306 1231 1326 an
1249 1298 1316 1326 illud
1333 1307 1339 1326 :
1366 1299 1439 1334 qttod
1471 1299 1494 1326 si
1517 1303 1631 1334 utraque
1652 1300 1678 1326 itt
1699 1300 1771 1328 idem

978 1345 1104 1378 tendant,
1125 1345 1228 1372 bonum
1245 1345 1297 1372 hoc
1317 1344 1378 1372 erit.
1395 1353 1405 1370 ι
1429 1343 1480 1377 Qui
1502 1345 1631 1372 tenebras
1641 1345 1772 1381 ignoran-

979 1390 1024 1418 tize
1034 1390 1069 1418 ab
1081 1390 1220 1417 intellectu
1235 1397 1286 1417 suo
1302 1390 1397 1424 procul
1411 1390 1532 1424 expellit,
1544 1398 1606 1418 cum
1621 1391 1655 1418 sit
1674 1391 1700 1418 itt
1713 1391 1771 1426 ipso

978 1436 1115 1473 principio
1139 1436 1282 1468 virtutum,
1310 1443 1391 1462 mane
1419 1436 1508 1470 primo
1533 1437 1667 1464 sationem
1696 1437 1771 1469 facit,

976 1482 1053 1518 juxta
1070 1482 1154 1509 illud:
1180 1482 1266 1508 Donec
1280 1482 1335 1508 dies
1364 1486 1401 1508 est
1426 1482 1573 1516 operamini
1588 1482 1619 1509 ".
1647 1483 1724 1515 Quod
1749 1483 1771 1510 si

979 1528 1024 1556 hic
1042 1528 1074 1555 ad
1091 1527 1172 1555 ﬁnem
1187 1531 1347 1562 permaneat
1360 1526 1480 1553 ofﬁciose
1496 1527 1591 1554 vivens
1618 1527 1770 1554 secuttduttt

979 1574 1119 1606 virtutem,
1137 1572 1324 1607 operatusdici
1339 1576 1429 1607 potest
1448 1580 1532 1607 usque
1554 1573 1587 1599 ad
1616 1580 1770 1607 vesperam,

979 1619 1018 1646 ita
1033 1623 1061 1646 ut
1073 1626 1183 1646 manum
1197 1626 1274 1645 suam
1286 1617 1320 1645 ab
1339 1625 1423 1652 opere
1440 1625 1493 1645 non
1522 1617 1658 1645 remiserit
1683 1626 1772 1653 neque

980 1665 1104 1692 cessarit.
1121 1665 1209 1700 lttquit
1224 1672 1289 1699 ergo
1306 1672 1313 1691 :
1337 1663 1470 1691 Virtutem
1498 1671 1652 1699 aggressus,
1679 1671 1773 1698 perse-

981 1719 1044 1738 vera
1060 1718 1146 1745 usque
1162 1710 1188 1737 in
1208 1711 1310 1743 tinem;
1329 1717 1417 1745 neque
1442 1710 1515 1736 cttittt
1528 1710 1627 1736 novisti
1646 1717 1771 1745 qua-tiam

981 1766 1012 1785 ex
1024 1757 1077 1784 tuis
1095 1757 1175 1785 bonis
1191 1757 1320 1792 operibus
1341 1755 1472 1792 placitura
1488 1755 1543 1783 sint
1553 1755 1642 1783 Iudici
1657 1765 1662 1781 :
1692 1756 1774 1783 illane

980 1806 1126 1841 qutejuxta
1143 1811 1266 1832 carceres
1281 1803 1420 1839 peregisti,
1433 1811 1467 1830 an
1479 1810 1509 1829 ea
1526 1810 1586 1837 quas
1596 1802 1652 1837 jam
1671 1803 1772 1837 perdu-

981 1856 1041 1880 ctus
1055 1851 1088 1878 ad
1104 1855 1215 1878 metant.
1230 1848 1308 1882 Quod
1325 1849 1346 1876 si
1359 1855 1473 1883 utraque
1490 1849 1586 1875 eodem
1602 1848 1703 1883 pariter
1714 1855 1772 1875 mo-

131 1892 259 1927 μετανοῶ
270 1900 278 1907 ·
296 1892 347 1919 οὐκ
362 1890 438 1925 οἶδας
452 1894 480 1921 τί
492 1903 533 1921 σοι
547 1895 740 1930 ἀκολουθήσει,
756 1895 773 1932 ἢ
790 1896 855 1922 πότε
871 1896 928 1923 ἐπι-

981 1899 1016 1926 do
1026 1897 1222 1932 approbantur,
1237 1895 1367 1922 bonitatis
1381 1899 1409 1922 et
1428 1893 1604 1928 perfectionis
1618 1893 1696 1928 plctu
1706 1902 1772 1920 cen-

130 1937 265 1973 στήσεταί
282 1947 323 1965 σοι
338 1939 355 1974 ἡ
370 1938 496 1977 τελευτή·
517 1940 588 1967 ὥστε
604 1940 687 1967 καλὸν
703 1941 747 1967 ἀεὶ
759 1941 928 1976 ἐργάζεσθαι

127 1983 183 2018 ⁸τὴν
197 1983 310 2019 ἀρετὴν,
330 1984 378 2010 καὶ
401 1984 449 2020 τὴν
472 1985 563 2021 ἐαυτῴ
585 1986 675 2013 πᾶσαν
689 1986 804 2020 δύναμιν
819 1988 906 2013 ποιεῖν
919 1994 927 2001 ·

128 2028 202 2055 Θεὸν
216 2029 244 2056 δὲ
261 2030 446 2065 παρακαλεῖν,
464 2031 507 2066 ἐφ’
517 2028 539 2065 ᾧ
552 2032 586 2059 τὰ
602 2032 668 2067 παρ’
679 2031 759 2067 ἡμῶν
775 2032 928 2068 ταττόμενα

129 2075 238 2110 ἀρεστὰ
251 2076 284 2111 τῇ
301 2076 385 2102 αὐτοῦ
399 2076 550 2113 ἀγαθότητι
567 2077 770 2112 χαταφανῆναι.

981 1942 1087 1970 scbitttr
1107 1940 1262 1976 huiusmodi
1277 1939 1410 1974 operatio.
1426 1939 1479 1966 Aut.
1494 1939 1573 1966 aliter
1588 1938 1624 1965 ita
1641 1938 1772 1974 intelligo:

981 1988 1023 2015 Ab
1039 1988 1152 2014 ineunte
1166 1986 1281 2021 pueritia
1293 1992 1409 2020 operare
1431 1985 1571 2017 virtutent,
1583 1992 1673 2022 neque
1696 1984 1774 2011 dixe-

981 2033 1031 2064 ris,
1047 2032 1126 2059 Nunc
1139 2031 1341 2058 adolescentior
1351 2038 1413 2057 cum
1429 2031 1492 2062 sim,
1506 2030 1582 2058 fruar
1593 2029 1774 2064 deliciisquas

984 2077 1067 2105 habet
1083 2077 1154 2110 vita';
1171 2080 1265 2111 postea
1281 2083 1356 2106 vero,
1370 2083 1431 2103 cum
1447 2075 1479 2103 ad
1491 2080 1661 2103 senectutem
1678 2083 1774 2110 pervc.

129 2128 212 2153 net-0,
229 2121 262 2149 ad
281 2122 470 2157 pmnitentiam
487 2131 531 2150 me
550 2128 710 2151 convertam
733 2132 740 2150 :
756 2131 929 2160 nequaquam
948 2125 1022 2152 enim
1034 2124 1105 2151 nosti
1118 2121 1243 2158 quidtibi
1261 2126 1425 2149 eventurum
1445 2121 1490 2154 sit,
1520 2126 1567 2149 aut
1591 2121 1700 2156 quando
1724 2120 1773 2148 tibi

129 2167 223 2194 aderit
241 2167 301 2195 linis
315 2167 387 2195 vitae.
403 2166 449 2196 Est
460 2169 551 2204 itaque
578 2177 668 2204 opera:
684 2170 803 2204 pretium
818 2171 925 2206 operari
941 2178 1050 2206 semper
1072 2169 1212 2200 virtutem,
1229 2175 1390 2203 summaque
1405 2167 1582 2203 contentione
1596 2167 1630 2194 ad
1647 2167 1715 2194 ltattc
1728 2175 1773 2194 as-

130 2213 302 2248 sequendam
315 2213 420 2241 conari.
434 2212 549 2249 Oportet
565 2213 647 2241 etiam
665 2221 737 2249 saepe
756 2214 841 2242 Deum
855 2215 1012 2250 precari,ut
1028 2222 1088 2249 qua:
1103 2213 1155 2249 ipsi
1176 2219 1334 2248 operamur,
1359 2212 1420 2247 ejus
1444 2211 1499 2240 sint
1513 2212 1648 2247 maiestati
1674 2212 1773 2248 placita

129 2265 162 2286 et
177 2259 303 2286 bonitati.

173 2316 182 2333 ι
198 2306 254 2333 Καὶ
266 2306 352 2340 γλυκὺ
363 2305 394 2332 τὸ
409 2305 478 2341 φῶς,
493 2306 542 2333 καὶ
555 2306 659 2341 ἀγαθδν
670 2307 727 2338 τοῖς
738 2306 891 2343 ὀφθαλμοῖς
899 2306 931 2334 τὸ

133 2352 248 2388 βλέπειν
261 2352 309 2378 σὺν
323 2351 369 2378 τδν
383 2352 460 2386 ἥλιον
471 2359 478 2367 ’
495 2352 537 2378 ὃτι
557 2352 604 2379 καὶ
619 2352 666 2379 ἐὰν
684 2352 730 2388 ἐτη
747 2352 833 2380 πολλὰ
848 2353 931 2389 ζήσε-

131 2407 180 2426 ται
193 2397 355 2433 ἄνθρωπος,
373 2398 402 2424 ἐν
418 2399 502 2433 πᾶσιν
520 2399 614 2430 αὐτοῖς
630 2399 864 2434 εὐφρανθήσεται,
883 2399 931 2425 καὶ

135 2444 324 2481 μνησθήσεται
344 2445 379 2471 τὰ
396 2443 465 2480 ἔργα
479 2444 527 2471 τοῦ
544 2444 668 2476 σκότους,
683 2446 723 2472 ὅτι
746 2445 832 2472 πολλὰ
855 2445 932 2471 ἔσον-

133 2499 195 2517 ται·
222 2491 271 2516 καὶ
288 2491 343 2517 πᾶν
369 2490 400 2517 τὸ
420 2491 571 2526 ἐρχόμενον
597 2491 759 2527 ματαιότης.
776 2501 785 2517 ι
805 2491 932 2518 Διδάσκει

134 2536 218 2562 ποίαν
231 2535 338 2570 πρωταν
352 2535 439 2570 ἔφησε
455 2536 590 2571 σπείρειν,
609 2537 708 2572 ἡγουν,’
716 2537 767 2572 τὴν
782 2537 875 2571 ἡδεῖαν
885 2537 931 2563 καὶ

135 2580 268 2615 γλυκεῖαν
281 2582 338 2612 τοῖς
353 2583 460 2617 νοητοῖς
472 2582 632 2618 ὀφθαλμοῖς,
647 2583 680 2619 ἢν
693 2582 840 2617 ἐργάζεται
855 2583 869 2609 ὁ
881 2583 930 2618 τῆς

135 2625 312 2660 δικαιοσύνης
334 2626 422 2662 ἥλιος,
446 2627 632 2662 καταυγάζων
655 2627 735 2663 ἡμῶν
758 2627 808 2658 τὰς
833 2627 934 2662 ψυχάς.

138 2671 248 2706 Ὠσπερ
261 2671 316 2707 γὰρ
329 2673 353 2699 ot
366 2672 413 2699 τὸν
427 2672 558 2708 αίσθητὺν
572 2673 649 2708 ἥλιον
665 2673 822 2708 βλέποντες,
838 2672 872 2699 δι’
884 2673 935 2699 αὺ-

137 2717 186 2744 τοῦ
204 2716 335 2752 βλέπουσι
356 2718 405 2745 καὶ
423 2718 458 2745 τὰ
474 2719 572 2754 ὁρατὰ,
591 2719 638 2746 καὶ
656 2718 728 2746 οὕτω
742 2718 792 2750 τὰς
805 2718 936 2753 αίσθητὰς

137 2762 273 2798 ἐργασίας
288 2763 468 2799 μετέρχονται
477 2773 484 2780 ’
498 2765 523 2791 oi
538 2764 567 2791 δὲ
581 2765 618 2801 μὴ
632 2764 777 2800 βλέποντες
790 2763 836 2791 τὸν
847 2763 935 2799 ἥλιον,

138 2807 201 2835 οὐδὲ
223 2808 348 2844 ἐνεργεῖν
374 2809 514 2844 δύνανται,
528 2810 568 2846 τῷ
593 2809 630 2846 μὴ
654 2811 720 2847 ὸρᾷν
737 2810 770 2837 τὰ
786 2809 831 2836 ὑπ’
849 2807 933 2836 αὐτοῦ

194 2899 216 2914 ¹⁷
230 2897 311 2927 Joan.
322 2906 360 2932 ιχ,
375 2897 403 2926 4.

1050 2302 1134 2330 Vens.
1150 2301 1212 2334 7,8.
1228 2311 1238 2328 ‹
1251 2300 1452 2333 ῡυίεείιιιηεη,
1475 2306 1503 2328 et
1514 2300 1616 2328 bonum
1632 2307 1674 2329 est
1686 2304 1773 2331 oculis

980 2349 1074 2377 videre
1087 2348 1182 2376 solem.
1197 2346 1225 2374 Si
1237 2346 1316 2374 annis
1328 2347 1420 2374 ntultis
1434 2346 1529 2374 vixerit
1543 2346 1624 2374 ltonto
1640 2347 1666 2374 in
1685 2349 1774 2376 omni-

981 2397 1032 2424 bus
1046 2396 1087 2422 ltis
1099 2394 1246 2426 laetabitur,
1258 2398 1286 2421 ct
1297 2394 1484 2421 recordabitur
1496 2401 1577 2428 opera
1587 2394 1772 2428 tenebrarumI

981 2443 1109 2478 quoniam
1126 2441 1218 2468 multat
1234 2440 1353 2468 tenebrm
1364 2433 1463 2473 erunt,
1490 2445 1518 2467 et
1528 2448 1609 2467 omne
1635 2441 1708 2475 quod
1722 2442 1773 2468 ad-

983 2488 1067 2518 venit,
1082 2486 1198 2514 vanitas.
1219 2495 1228 2512 ι
1245 2486 1330 2514 Docet
1351 2493 1402 2514 nos
1433 2486 1485 2513 hoc
1511 2486 1571 2513 loro
1596 2486 1774 2515 Ecclesiastes

985 2535 1064 2570 qttale
1078 2534 1113 2561 sit
1131 2533 1196 2561 illttd
1209 2541 1288 2560 mane
1302 2540 1356 2567 quo
1371 2540 1420 2560 ttos
1434 2533 1559 2560 hortatus
1584 2537 1627 2560 est
1642 2532 1774 2560 sationem

985 2580 1085 2612 facere,
1101 2581 1153 2607 hoc
1168 2584 1219 2613 est,
1236 2587 1319 2607 suave
1330 2586 1443 2613 prorsus
1459 2586 1491 2605 ac
1502 2579 1581 2606 dulce
1596 2579 1776 2614 orulisipsius

984 2627 1154 2665 intellectus;
1170 2633 1260 2658 mane,
1270 2625 1392 2660 inquam,
1404 2624 1468 2651 illud
1478 2624 1550 2659 quod
1564 2624 1777 2660 producitjusti-

985 2667 1029 2700 tia:
1054 2671 1112 2704 Sol,
1140 2671 1245 2698 attimas
1271 2675 1378 2698 nostras
1404 2670 1512 2708 interno
1537 2670 1682 2705 splendore
1714 2671 1776 2698 illu-

985 2723 1086 2745 straus.
1097 2717 1174 2744 Sicut
1188 2717 1233 2751 qui
1250 2716 1334 2744 solem
1350 2716 1423 2743 hunc
1438 2716 1596 2744 sensibilem
1609 2715 1712 2749 vident,
1728 2725 1777 2751 per

986 2764 1073 2799 ipsius
1085 2763 1178 2790 lumen
1189 2762 1308 2790 visibilia
1322 2761 1476 2803 intuentur,
1507 2764 1590 2796 atque
1615 2761 1651 2788 ita
1678 2769 1776 2789 seu-us

988 2810 1063 2846 ipsos
1076 2807 1159 2836 variis
1173 2807 1267 2835 oiliciis
1286 2807 1435 2837 intendunt
1450 2815 1457 2834 :
1474 2807 1520 2842 qui
1533 2814 1597 2834 vero
1611 2806 1695 2835 solem
1720 2813 1776 2834 non
