2044 3144
269 161 318 196 fill

805 161 1065 192 ()LY’lIPIODORI
1086 160 1350 191 ALEXANDRINI

1842 160 1894 192 612

266 218 370 252 vident,
385 219 411 246 in
426 219 546 247 tenebris
561 218 685 246 desident
702 217 782 246 otiosi
800 226 833 244 eo
844 226 879 252 qn
891 218 916 244 Id
941 225 996 244 non
1010 217 1050 243 vi-

1106 215 1291 251 φωτιζόμενα·
1309 215 1402 246 οὕτως,
1413 214 1459 241 καὶ
1475 215 1498 241 οἰ
1515 215 1560 241 τὸν
1577 215 1671 250 νοητὴν
1684 215 1759 250 ἧλιον
1770 217 1895 251 ὲνοπτρι-

265 265 347 292 deant
358 273 417 299 qua:
431 265 495 291 solis
508 263 804 291 lumineillustrantnr:
823 264 858 290 ita
874 263 931 298 pari
946 263 1052 290 ratione

266 314 294 337 et
310 312 356 344 qui
372 309 569 344 intelligibilem
601 314 766 337 contuentur
789 310 885 341 solent,
912 309 1004 336 lumen
1025 309 1052 335 in

266 359 356 382 mente
367 362 416 382 sua
435 355 579 390 recipiunt,
593 363 640 390 per
656 355 728 390 quod
751 355 830 389 plane
858 354 951 381 vident
972 359 1053 388 alque

265 404 509 435 cognoscuntquze
525 400 558 427 ad
569 401 692 435 ejusdem
719 400 786 427 solis
812 399 978 426 voluntatem
1001 399 1052 425 sibi

265 445 369 480 agenda
383 450 456 478 sunt,
473 454 568 480 quaere
579 446 661 473 etiam
675 445 844 473 dimittenda.
858 444 883 472 Is
899 449 990 471 autem
1006 444 1052 479 qui

265 491 299 518 ad
317 491 402 518 divini
417 491 497 519 Verbi
509 492 674 519 sententiam
701 491 847 518 vivendum
869 491 919 518 sibi
949 490 1053 518 consli-

267 540 333 568 tuat,
351 537 457 564 tametsi
474 537 574 564 multos
587 545 675 564 annos
686 541 809 564 versetur
821 536 847 563 in
860 537 914 564 vita
927 536 977 562 hac
992 543 1053 570 quae

265 582 380 609 diﬂieilis
392 582 477 610 ferme
485 583 519 610 ab
531 583 657 610 omnibus
667 583 846 614 existimatur,
859 582 949 608 anima
961 585 1052 608 tamen

266 635 314 654 sua
323 628 461 662 voluptate
473 628 618 663 laetitiaque
632 628 815 663 perfunditur.
830 635 890 655 cum
900 635 954 654 non
963 627 1051 653 solum

266 674 463 707 complectatur
481 674 572 700 animo
595 678 622 701 et
641 673 771 708 intelligat
794 681 854 707 quae
868 673 972 708 agenda
999 671 1050 699 sibi

266 710 331 744 sunt
347 718 372 744 in
387 720 504 753 practice
518 719 578 746 vitae
593 727 685 751 cursu.
702 727 794 746 verum
809 719 889 746 etiam
904 723 996 745 mente
1006 726 1052 752 pa-

266 763 403 791 catissima
417 765 617 799 contempletur
636 764 834 799 pulcherrimas
862 764 920 792 illas
945 764 1051 798 species

1101 261 1210 295 ξάμενοι
1228 260 1262 287 δι’
1275 260 1359 287 αὐτοῦ
1376 259 1625 294 καταφωτίζονται,
1638 261 1707 295 πρὸς
1724 261 1755 288 τὸ
1768 263 1835 297 ὀρᾷν
1847 263 1896 288 καὶ

1101 307 1212 342 βλέπειν
1225 306 1243 332 ἃ.
1258 306 1299 332 δεῖ
1314 305 1445 340 πράττειν
1467 306 1537 332 κατὰ
1559 305 1591 331 τὸ
1613 305 1697 332 αὐτοῦ
1712 306 1833 342 θέλημα,
1847 309 1895 335 καὶ

1101 349 1139 379 ὧν
1151 352 1236 386 ἀπέχε
1242 351 1314 378 σθαι.
1324 351 1353 377 '0
1367 351 1394 377 δὲ
1409 351 1481 378 κατὰ
1494 350 1525 377 τὸ
1537 351 1583 377 τοῦ
1598 350 1678 385 λόγου
1694 351 1817 388 βούλημα
1828 353 1894 385 ζῶν,

1102 397 1316 424 κᾶνιπολυετίαν
1330 397 1487 432 διαγένηται
1509 397 1539 422 ἐν
1559 395 1627 431 τῷδε
1645 396 1684 431 τῷ
1702 397 1753 432 βίῳ
1773 398 1813 433 τῷ
1835 399 1895 425 ἐπι-

1104 443 1197 478 μόχθῳ
1210 441 1280 469 εἶναι
1295 443 1429 475 δοκοῦντι,
1442 443 1673 478 κατευφραίνεται
1687 443 1736 478 τὴν
1747 436 1850 479 ψυῇίὴν,
1859 444 1896 471 τά

1101 497 1131 516 τε
1149 489 1275 524 πρακτέα
1291 489 1339 516 καὶ
1350 489 1384 516 τὰ
1397 489 1479 524 νοητὰ
1493 489 1578 524 κάλλη
1597 489 1765 524 περιαθρῶν.
1783 490 1828 517 διὰ
1840 491 1896 517 τῶν

1102 535 1241 571 φωτεινῶν
1249 535 1297 562 τοῦ
1307 536 1491 572 προρηθέντος
1501 535 1577 570 ἡλίου
1589 536 1781 570 μαρμαρυγῶν
1790 537 1895 571 ἐκλαμ-

1101 582 1231 616 πόμενος.
1241 581 1445 615 Ἀναλογίζεται
1461 581 1489 607 δὲ
1504 582 1518 607 ὁ
1532 580 1652 612 τοιοῦτος
1665 581 1712 608 καὶ
1725 582 1774 614 τὰς
1788 583 1898 618 ἡμέρας

1103 628 1150 654 τοῦ
1165 627 1277 659 σκότους
1290 627 1337 654 τοῦ
1351 627 1496 662 μέλλοντος
1508 627 1572 658 τοὺς
1588 627 1697 659 ἀσεϐεῖς
1713 628 1896 663 διαδέχεσθαι,

1105 673 1153 700 καὶ
1174 672 1353 708 μνημονεύων
1378 673 1418 699 ὅτι
1445 672 1622 708 ἀτελεύτητοι
1646 674 1830 708 τυγχάνουσι·
1849 675 1898 700 καὶ

1104 719 1145 746 ὅτι
1163 719 1313 754 ματαιότης
1328 719 1468 754 ἐκδέχεται
1484 719 1547 751 τοὺς
1566 719 1756 755 ἁμαρτωλοὺς,
1770 721 1898 747 τουτέστι

1104 763 1226 796 κόλασις,
1245 764 1316 790 κατὰ
1333 763 1434 798 accito;
1453 764 1615 798 ἐκτρέπεται
1631 764 1681 799 τὴν
1696 765 1807 791 κακίαν.

266 811 480 846 quaaamateria
493 811 633 846 sejunctas,
656 811 714 838 solo
742 811 882 838 intellectu
911 809 1108 845 percipiuntur.
1134 809 1216 844 672
1246 809 1408 844 Speculatur
1437 814 1528 837 autent
1557 810 1625 842 haec,
1649 809 1825 837 lucidissimis
1851 809 1898 844 ju-

266 857 347 885 stitize
371 857 441 885 Solis
467 857 617 893 fulgoribus
640 857 800 885 illustratus.
823 857 916 891 Neque
948 864 1012 883 vero
1031 860 1134 883 tantum
1168 857 1226 883 inec
1252 856 1310 891 ipsa
1322 860 1478 888 contuetur,
1500 864 1596 884 verum
1621 861 1732 891 reputat
1746 857 1839 883 animo
1870 861 1899 884 et

267 903 440 930 tenebrarum
458 903 517 931 dies
530 903 577 939 qui
597 903 624 930 in
642 903 733 931 futuro
747 904 846 931 szeeulo
863 907 927 931 sunt
954 902 1052 938 impios
1076 902 1366 938 comprehensuri..Et
1387 910 1448 930 cum
1472 903 1627 931 meminerit
1646 903 1706 931 dies
1723 903 1783 931 illos
1797 911 1899 938 percn-

267 956 316 976 nes
343 948 412 979 fore,
438 953 653 984 peccatoresque
669 949 743 984 ipsos
763 949 912 977 vanitatem
935 948 1071 984 excipere,
1088 948 1140 977 hoc
1163 953 1217 981 est,
1235 952 1336 976 a'terna
1355 949 1499 989 supplicia,
1520 949 1594 976 omni
1615 949 1707 977 studio
1731 954 1759 976 et
1784 954 1898 976 centen-

268 995 341 1022 tione
359 994 503 1021 declinata
519 995 601 1027 malo,
613 995 770 1030 bonumque
786 1000 923 1030 operatur.

302 1039 383 1066 Vens.
398 1041 424 1073 9,
445 1040 486 1067 l0.
504 1050 513 1066 ι
534 1040 647 1073 Laetare,
669 1041 786 1076 iuvenis,
818 1041 844 1068 in
873 1041 1054 1069 adolescentia
1070 1044 1091 1071 Β

268 1088 324 1116 tua,
335 1089 362 1111 et
375 1084 454 1112 bonis
472 1085 578 1112 fruatur
588 1093 635 1112 cor
650 1091 725 1113 tuum
741 1086 768 1113 in
786 1087 884 1114 diebus
895 1087 1054 1114 adolescen-

268 1129 312 1157 tia:
327 1137 389 1162 tuae,
406 1131 630 1158 etimmaculatus
640 1132 783 1159 deambula
797 1132 823 1159 in
837 1132 944 1159 semitis
962 1132 1054 1159 cordis

268 1175 318 1207 tui,
330 1179 358 1202 et
373 1175 400 1202 in
412 1175 518 1203 visione
531 1177 673 1204 oculorum
696 1181 817 1204 tuorum.
837 1186 847 1203 ι
876 1177 944 1204 Cum
965 1177 1030 1204 dicit
1045 1185 1053 1204 :

268 1220 382 1247 Ambula
399 1221 587 1249 immaculata:
602 1223 630 1248 in
653 1223 752 1250 semitis
781 1223 866 1250 cordis
893 1223 952 1256 tui;
974 1223 1055 1258 plane

267 1266 387 1293 ostendit
403 1266 475 1302 quod
491 1266 523 1293 ad
539 1267 706 1302 spiritualem
722 1267 843 1294 laetitiam
859 1268 911 1295 hoc
939 1269 1054 1303 locoju-

269 1318 370 1338 venem
385 1312 554 1339 cohortatur.
569 1312 703 1340 Juvencm
716 1321 781 1342 vero
808 1313 944 1349 intelligit,
954 1314 998 1349 qui
1021 1314 1056 1341 sit

269 1358 361 1384 animo
373 1357 501 1385 robustus
513 1365 545 1385 ac
563 1358 651 1391 fortis,
668 1363 695 1386 et
719 1359 765 1394 qui
792 1363 851 1386 tnto
869 1359 956 1394 possit
975 1364 1056 1394 atque

270 1403 404 1437 intrepide
425 1407 520 1430 contra
547 1403 648 1432 diaboli
667 1405 873 1435 eolluctationes
883 1405 909 1432 in
928 1413 1055 1440 campum

269 1447 446 1480 descendere,
464 1456 566 1476 exuere
584 1450 726 1484 antiquum
743 1451 882 1478 hominem
898 1459 930 1479 ac
943 1451 1057 1479 induere

270 1500 333 1521 eum
351 1494 484 1529 quisitad
500 1495 646 1530 imaginem
665 1496 712 1524 Dei
727 1496 826 1532 factus.
845 1496 894 1524 llic
905 1501 995 1525 autem
1011 1497 1057 1532 qui

271 1539 392 1567 ambulat
406 1540 593 1568 immaculatus
610 1542 637 1568 in
648 1542 753 1569 semitis
767 1542 856 1570 cordis
872 1542 923 1574 sui,
941 1543 993 1569 hoc
1004 1546 1057 1574 est,

270 1585 389 1617 animam
418 1585 444 1612 in
467 1590 525 1613 tuto
539 1587 598 1615 loco
625 1587 806 1620 constituens,
822 1592 996 1622 mentemque
1010 1595 1059 1622 pu-

272 1631 390 1663 riticans.
412 1631 494 1659 habet
509 1633 602 1667 utique
612 1637 639 1660 et
655 1641 739 1668 puros
759 1633 799 1660 sui
815 1633 937 1668 corporis
951 1640 1057 1667 sensus,

273 1676 449 1712 redditurque
464 1678 624 1713 aptissimus
645 1679 678 1706 ad
694 1679 868 1706 admirabiles
878 1679 1059 1714 pulchritudi-

273 1726 323 1744 nes
336 1719 570 1754 contemplandas,
591 1720 710 1748 laetitiam
740 1728 873 1756 summam
904 1721 1059 1756 percipiens

273 1763 299 1790 in
312 1764 445 1799 spirituali
467 1766 652 1794 adolescentia
685 1766 846 1801 intentaque
869 1767 969 1794 mentis
995 1775 1059 1802 per—

273 1809 367 1843 Spicua
391 1809 508 1836 visione.
536 1809 604 1842 Quia
620 1818 684 1838 vero
707 1811 827 1838 mascula
857 1812 1060 1839 nomenclatura

273 1862 395 1889 persmpe
410 1854 550 1890 Scriptura
564 1857 649 1883 utitur
670 1856 697 1882 in
713 1857 755 1883 his
769 1857 836 1884 locis
865 1857 893 1883 in
909 1857 1008 1892 quibus
1022 1857 1061 1884 fe—

275 1900 361 1927 minas
368 1908 444 1935 aeque
459 1909 490 1928 ae
504 1901 618 1928 virosad
628 1901 754 1929 virtutem
769 1902 902 1936 hortatur,
921 1903 1062 1930 sciendum

274 1946 402 1981 estquod
419 1954 434 1973 ο
447 1946 634 1981 principaliori
653 1952 730 1982 parte
761 1955 794 1975 ac
820 1956 886 1975 sexu
908 1939 1060 1976 orationem

275 1992 445 2027 aggreditur:
463 1992 580 2019 mulieris
594 2001 712 2028 namque
737 1998 863 2029 taputest
885 1995 977 2028 vir“;
1008 2002 1060 2022 una

275 2046 339 2065 vero
355 2038 461 2072 utrique
483 2038 580 2065 anima:
599 2044 640 2066 est
655 2040 816 2073 substantia,
829 2045 856 2067 et
871 2048 954 2068 unum
967 2048 1062 2068 sumus

275 2091 371 2110 omnes
385 2083 411 2109 in
424 2083 548 2116 Domino,
563 2092 624 2111 cum
637 2084 745 2112 feminei
759 2093 840 2113 sexus
855 2085 994 2121 virilisque
1008 2086 1061 2113 dif-

277 2128 390 2156 ferentia
406 2129 439 2155 ad
451 2136 551 2165 corpus
563 2130 650 2157 solum
670 2131 815 2165 pertineat.
829 2131 919 2164 Quare
945 2133 996 2160 etsi
1008 2133 1060 2160 hoc

277 2173 336 2201 loco
349 2173 550 2202 adolescentem
566 2176 652 2203 solum
679 2176 771 2204 videas
787 2178 1005 2211 adhortationem
1015 2187 1061 2206 ac-

276 2219 378 2252 cipere,
396 2219 447 2246 sub
467 2219 548 2255 hujus
560 2224 648 2247 tamen
663 2221 862 2249 adhortationis
875 2222 934 2257 lege
948 2222 1063 2250 feminas

277 2268 371 2299 putato
384 2273 460 2300 atque
485 2273 518 2293 ac
543 2266 616 2294 viros
639 2267 712 2301 ipsos
740 2268 947 2303 comprehendi.
975 2267 1063 2296 Verba

1144 1048 1154 1065 ι
1170 1039 1336 1074 Εὐφραίνου,
1350 1039 1487 1072 νεανίσκε,
1501 1040 1530 1066 ἐν
1544 1040 1651 1075 νεότητί
1663 1048 1718 1072 σου,
1732 1041 1779 1067 καὶ
1792 1042 1898 1076 imo-J-

1103 1085 1177 1113 νάτω
1193 1093 1223 1111 σε
1240 1085 1257 1120 ἡ
1274 1084 1372 1119 καρδία
1388 1093 1434 1111 σου
1450 1085 1479 1111 ἐν
1496 1085 1613 1120 ἡμέραις
1629 1085 1756 1120 νεότητός
1771 1095 1836 1119 σου,
1851 1089 1900 1115 καὶ

1105 1130 1250 1166 περιπάτει
1264 1130 1293 1155 ὲν
1309 1129 1379 1161 ὁδοῖς
1395 1129 1509 1165 καρδίας
1528 1138 1574 1155 σου
1591 1129 1719 1164 ἄμωμος,
1730 1130 1777 1156 καὶ
1790 1130 1819 1156 ὲν
1831 1131 1901 1165 4ρὰ-

1106 1183 1149 1202 σει
1166 1175 1314 1210 ὀφθαλμῶν
1331 1183 1388 1202 σου.
1405 1184 1414 1201 ι
1432 1174 1478 1210 Τῷ
1497 1175 1596 1206 εἰπεῖν,
1618 1175 1673 1202 Καὶ
1693 1175 1848 1210 περιπάτει
1864 1177 1900 1204 ἐν

1105 1220 1186 1254 ὁδοῖς
1196 1221 1322 1256 καρδίας
1335 1227 1393 1248 σου
1408 1220 1538 1256 ἄμωμος,
1551 1220 1637 1253 ἔδειξε
1652 1221 1693 1248 ὅτι
1706 1221 1755 1257 τὴν
1772 1231 1900 1258 πνευμα-

1105 1268 1185 1304 τικὴν
1200 1267 1369 1303 εὐφροσύνην
1384 1268 1513 1301 παραινεῖ
1527 1266 1567 1302 τῷ
1588 1267 1724 1303 νεανίσκῳ
1747 1269 1899 1304 εὐφραίνε-

1106 1312 1179 1339 σθαι.
1193 1310 1345 1338 Νεανίσκον
1359 1311 1387 1338 δὲ
1404 1311 1450 1338 τὸν
1465 1311 1538 1338 κατὰ
1554 1311 1644 1347 ψυχὴν
1661 1313 1778 1347 ἀκμαῖον
1789 1314 1838 1340 καὶ
1852 1313 1900 1339 δυ-

1106 1358 1221 1394 νάμενον
1234 1357 1437 1384 ἐπαποδύεσθαι
1454 1357 1526 1384 κατὰ
1541 1358 1588 1384 τοῦ
1605 1359 1724 1393 πονηροῦ
1753 1367 1835 1394 φησι,
1853 1359 1901 1386 toto

1107 1404 1329 1440 ἀπεκδυσάμενον
1354 1404 1401 1430 τὸν
1425 1404 1539 1431 παλαιὸν
1555 1404 1709 1439 ἄνθρωπον,
1726 1405 1773 1432 καὶ
1788 1405 1901 1432 ἐνδυσά-

1109 1458 1189 1485 μενον
1206 1449 1253 1476 τὸν
1264 1450 1339 1483 νέον,
1353 1448 1399 1476 τὸν
1421 1450 1482 1476 κατ’
1494 1449 1587 1476 είκόνα
1604 1450 1683 1477 Θεοῦ.
1693 1450 1721 1476 Ὀ
1735 1451 1763 1478 δὲ
1777 1450 1900 1482 τοιοῦτος

1109 1497 1138 1522 ἐν
1152 1496 1222 1527 ὁδοῖς
1235 1496 1346 1531 καρδίας
1358 1496 1519 1531 περιπατῶν
1534 1496 1660 1532 ἄμωμος,
1677 1497 1801 1524 τουτέστι
1814 1498 1900 1532 αὐτὴν

1108 1541 1157 1577 τὴν
1171 1542 1260 1577 ψυχὴν
1276 1541 1506 1576 ἀσφαλιζόμενος,
1525 1542 1572 1568 καὶ
1592 1542 1754 1577 καθαρεύων
1775 1542 1825 1577 τὴν
1841 1542 1900 1569 διὰ-

1109 1596 1193 1619 νοιαν,
1205 1587 1261 1623 ἔχει
1277 1587 1326 1622 μὲν
1341 1587 1497 1622 ἀναγκαίως
1510 1588 1620 1622 καθαρὰ
1634 1588 1681 1623 καὶ
1695 1587 1728 1614 τὰ
1743 1587 1790 1614 τοῦ
1807 1587 1902 1623 σώμα-

1108 1641 1153 1663 τος
1165 1632 1341 1667 αἰσθητήρια.
1358 1632 1432 1667 Πλὴν
1444 1633 1550 1667 γίνεται
1560 1632 1725 1668 διορατικὸς,
1740 1633 1787 1659 καὶ
1802 1632 1902 1668 θεωρεῖ

1110 1676 1195 1711 κάλλη
1214 1676 1365 1711 θαυμάσια,
1382 1677 1596 1712 εὐφραινόμενος
1612 1678 1641 1704 ὲν
1657 1678 1691 1712 τῇ
1711 1677 1795 1704 αὑτοῦ
1819 1685 1902 1704 πνευ-

1110 1723 1210 1758 ματικῇ
1224 1722 1343 1758 νεότητι,
1351 1722 1399 1749 καὶ
1409 1724 1442 1758 τῇ
1453 1723 1508 1749 τῶν
1518 1723 1622 1758 νοητῶν
1635 1722 1769 1758 ὀμμάτων
1783 1722 1899 1758 θεωρίᾳ..

1115 1769 1225 1804 Ἐπειδὴ
1235 1768 1263 1796 δὲ
1274 1769 1312 1804 τῷ
1322 1768 1370 1795 τοῦ
1381 1768 1498 1805 ἄρρενος
1513 1769 1628 1804 ὀνόματι
1643 1769 1763 1803 συνεχῶς
1775 1769 1793 1803 ἡ
1805 1768 1901 1803 Γραφὴ

1110 1814 1266 1850 μέμνηται,
1282 1813 1347 1841 ἔνθα
1371 1813 1465 1846 κοινὰς
1487 1815 1605 1840 ποιεῖται
1627 1813 1678 1844 τὰς
1704 1813 1879 1848 παραινέσεις
1892 1821 1899 1828 ·

1111 1860 1200 1886 ἰστέον
1215 1859 1253 1891 ὡς
1270 1859 1302 1886 ὲκ
1323 1859 1371 1886 τοῦ
1387 1859 1556 1895 κυριωτέρου
1574 1859 1674 1894 μέρους
1692 1858 1826 1895 (Κεφαλὴ
1846 1858 1903 1893 γὰρ

1111 1906 1256 1945 γυναικὸς
1271 1907 1287 1933 ό
1300 1905 1389 1940 ἀνὴρ)
1412 1907 1529 1932 ποιεῖται
1549 1905 1595 1932 τὸν
1614 1905 1703 1939 λόγον.
1732 1904 1807 1930 Ἐπεὶ
1823 1903 1903 1939 ﬁt?“

1108 1949 1197 1985 ψυχῆς
1211 1949 1290 1977 οὐσία
1305 1949 1365 1985 μία,
1382 1950 1430 1977 καὶ
1446 1947 1487 1981 εἷς
1499 1950 1582 1985 ἐσμεν
1593 1949 1694 1981 ἡάντες
1706 1950 1734 1976 ὲν
1750 1949 1844 1984 Κυρίῳ
1854 1957 1861 1964 ⁸
1871 1948 1904 1975 τὸ

1109 1995 1163 2030 γὰρ
1179 1995 1229 2030 τῆς
1246 1995 1356 2031 θηλείας
1382 1995 1430 2022 καὶ¹
1452 1995 1499 2022 τοῦ
1525 1996 1649 2031 ἄρρενος,
1666 1996 1803 2030 σωμάτων
1822 1995 1904 2029 μόνον

1109 2041 1167 2067 ἐστὶ
1191 2041 1404 2076 διαφορά.Ὣστε
1427 2041 1478 2068 κᾶν
1504 2041 1647 2068 νεανίσκον
1663 2041 1784 2076 ἀκούσῃς
1801 2049 1904 2076 παραι-

1108 2086 1257 2119 νούμενον,
1275 2086 1373 2122 ἄνδρας
1398 2086 1465 2122 ὁμοῦ
1489 2087 1536 2113 καὶ
1562 2087 1696 2121 γυναῖκας
1720 2085 1785 2112 νόει.
1810 2086 1871 2112 Κᾶν
1890 2086 1905 2111 ὁ

1115 2131 1221 2164 Παῦλος
1238 2131 1313 2166 εἴπη,
1322 2131 1512 2167 Ἠρμοσιὶμην
1525 2131 1604 2166 ὑμᾶς
1616 2131 1661 2158 ἐνί
1681 2131 1780 2165 ἀνδρί,
1794 2131 1904 2164 παρθέ-

1113 2186 1169 2204 νον
1182 2177 1280 2212 ἁγνὴν
1296 2177 1486 2212 παραστῆσαι
1503 2177 1543 2210 τῷ
1561 2176 1687 2212 Χριστῷ,
1708 2177 1790 2203 πάλιν
1803 2177 1906 2210 ὁμοίως

1092 2218 1095 2220 ’
1115 2223 1215 2258 ἄνδρας
1238 2231 1268 2249 τε
1291 2223 1339 2250 καὶ
1354 2224 1487 2258 γυναῖκας
1500 2223 1667 2258 ὲκλάμϐανε.
1684 2223 1738 2249 Καὶ
1752 2221 1841 2256 γνῶθι
1855 2221 1907 2247 ἐπὶ

1117 2268 1191 2295 πᾶσι
1207 2268 1332 2300 τούτοις,
1348 2268 1390 2294 ὅτι
1406 2268 1471 2300 ἄξει
1487 2276 1525 2295 σε
1539 2270 1555 2295 ό
1572 2268 1644 2300 Θεὸς
1662 2268 1697 2295 ἐν
1708 2267 1814 2300 κρίσει.

276 2318 384 2345 quoque
399 2311 472 2338 Pauli
484 2313 610 2346 apostoli,
626 2313 726 2347 quibus
745 2313 834 2349 inquit
848 2325 855 2342 :
871 2314 1003 2350 Despondi
1021 2323 1064 2342 vos
1079 2315 1125 2342 uni
1144 2315 1199 2341 viro
1215 2315 1343 2350 virginem
1362 2319 1462 2342 castam
1479 2315 1598 2342 exhibere
1620 2313 1721 2341 Christo
1732 2314 1767 2345 ης
1793 2317 1847 2339 tam
1873 2313 1907 2338 ad

276 2357 349 2388 viros
363 2356 499 2391 pertinere
508 2365 592 2392 quam
615 2357 649 2385 ad
671 2358 802 2387 mulieres
830 2359 997 2388 existimato.
1025 2360 1059 2387 Et
1075 2368 1198 2395 cognosce
1226 2360 1253 2386 in
1276 2360 1315 2397 Itis
1333 2360 1452 2387 omnibus
1475 2360 1544 2394 quod
1565 2360 1641 2387 ducet
1669 2364 1694 2386 te
1710 2358 1778 2385 Deus
1803 2358 1831 2384 in
1858 2357 1909 2391 ju-

276 2402 356 2430 dicio.

573 2447 688 2476 CAPUT
714 2449 774 2477 ΧΠ.

1412 2449 1539 2476 ΚΕΦΑΛ.
1560 2449 1610 2476 IB’.

315 2501 326 2518 ι
340 2491 373 2520 Et
387 2499 495 2519 remove
510 2492 577 2520 iram
593 2501 607 2520 a
631 2494 712 2522 corde
724 2500 780 2528 tuo,
791 2500 818 2522 et
841 2495 969 2524 abducito
988 2495 1057 2523 mali.

1152 2503 1161 2520 ι
1178 2494 1232 2521 Καὶ
1244 2494 1399 2530 ἀπόστησον
1411 2495 1497 2530 θυμὸν
1512 2494 1566 2521 ἀπὸ
1577 2493 1691 2529 καρδίας
1705 2501 1763 2525 σου,
1776 2492 1825 2519 καὶ
1836 2501 1908 2527 παρ-

278 2537 407 2573 gaitatem
422 2545 436 2564 a
446 2545 527 2565 carne
542 2542 597 2569 tua,
614 2539 742 2574 quoniam
754 2540 884 2575 juventus
893 2546 920 2569 et
930 2542 1057 2574 amentia,

1112 2539 1199 2573 άγαγε
1220 2539 1353 2576 πονηρίαν
1369 2540 1422 2566 ἀπὸ
1442 2540 1542 2575 σαρκός
1566 2548 1614 2566 σου
1627 2559 1635 2572 ,
1655 2539 1697 2565 ὅτι
1716 2538 1793 2573 καὶὴ
1811 2538 1909 2571 νεότης

279 2583 414 2610 vanitas‘.
432 2582 524 2619 [Vens
540 2583 578 2620 1.]
596 2584 629 2611 Ει
655 2591 794 2613 memento
822 2586 959 2614 Creatoris
974 2589 1012 2615 tui
1035 2588 1057 2615 in

1112 2586 1184 2620 καὶὴ
1201 2586 1278 2613 ἄνοια
1295 2586 1456 2621 ματαιότης.
1470 2586 1525 2612 Καὶ
1541 2585 1677 2621 μνήσθητι
1691 2585 1739 2611 τοῦ
1758 2583 1910 2614 Κτίσαντὸς

280 2626 377 2654 diebus
390 2627 658 2660 adolescentiattuaz,
692 2633 838 2664 antequam
867 2630 976 2658 veniant
1004 2631 1057 2660 dies

1112 2639 1153 2664 σε,
1167 2632 1196 2658 ἐν
1210 2632 1329 2668 ἡμέραις
1345 2633 1471 2668 νεότητός
1491 2641 1556 2665 σου,
1576 2632 1629 2664 ἕως
1648 2627 1678 2658 οὗ
1694 2631 1732 2666 μὴ
1748 2630 1862 2657 ἔλθωσιν
1879 2629 1908 2655 αἱ

280 2672 445 2706 alllictionis,
460 2677 487 2700 ct
504 2673 566 2699 anni
581 2673 606 2699 in
619 2673 717 2708 quibus
726 2674 817 2702 dices:
835 2675 895 2703 Non
905 2680 946 2703 est
963 2677 1057 2704 volun-

1111 2677 1213 2713 ἡμέραι
1229 2678 1277 2714 τῆς
1292 2678 1402 2711 κακίας,
1416 2679 1464 2705 καὶ
1486 2678 1625 2713 φθάσωσιν
1642 2677 1702 2713 ἐτη,
1718 2677 1747 2703 ὲν
1765 2672 1806 2708 οἷς
1822 2675 1908 2710 ἐρεῖς,

313 2771 333 2786 ¹⁸
350 2771 450 2806 Ephes.
465 2779 493 2804 γ,
507 2772 551 2798 ⁵ὶῦ.
591 2772 611 2788 ¹⁰
629 2771 648 2798 ll
663 2771 724 2799 Cor.
739 2779 776 2803 xi,
790 2772 818 2799 2.

316 2863 326 2874 ‘
340 2861 389 2890 llic
409 2869 504 2890 versus
516 2862 549 2890 ad
572 2867 653 2897 caput
671 2862 842 2890 undecimum
859 2862 986 2898 pertinet.
