2044 3144
117 173 169 205 613

767 165 808 195 ΙΝ
826 163 1112 198 ECCLESIASTEN.

1707 177 1759 209 014

117 231 175 258 Οὐκ
192 228 253 256 ἐστι
269 236 315 264 μοι
328 227 357 255 ὲν
374 225 470 257 αὐτοῖς
486 225 620 260 θέλημα.)
639 222 697 250 Νῦν
711 221 914 257 ἀναμιμνήσκει

971 223 1012 247 tas
1030 229 1090 249 mea
1102 223 1128 250 in
1145 223 1195 251 eis.
1215 234 1224 250 ι
1243 225 1300 254 lloc
1312 226 1373 255 loco
1393 227 1419 256 in
1439 231 1598 259 memoriam
1611 233 1691 262 nobis
1717 243 1760 262 re-

115 276 163 302 τοὺ
190 275 265 302 θείου
292 273 449 310 κριτηρίου,
475 271 523 298 καί
547 278 641 306 φησιν,
659 267 710 296 Οἷα
729 267 915 300 αὺτεξούσιος,

115 322 298 353 ἁπόστησον
311 319 408 353 θυμὸν
424 317 485 345 ἀπὸ
498 317 623 351 καρδίας
637 323 696 342 σου
705 323 712 329 ⁸
734 314 847 341 δύνασαι
863 313 917 348 γὰρ

115 367 155 403 τῷ
178 366 285 401 λογικῷ
309 364 452 401 χρώμενος
466 363 594 399 χαλινοῦν
609 363 654 389 τὸν
670 361 767 397 θυμόν.
780 360 917 396 Πονηρίαν

115 412 145 439 δὲ
171 411 275 447 σαρκός
299 418 366 445 φησι
381 409 472 436 πᾶσαν
494 408 544 443 μὲν
558 407 709 443 ἁμαρτίαν.
724 406 765 433 Τὰ
787 405 842 441 γὰρ
866 405 917 440 τῆς

116 457 256 493 ἁμαρτίας
271 456 351 492 ἔργα,
365 456 435 490 ἔργα
446 455 514 490 φησὶ
527 454 629 490 σαρκὸς
642 455 655 480 ὁ
669 452 840 484 ’Δπόστολος.
853 453 916 478 Δια-

115 504 258 539 φερόντως
271 502 299 529 δὲ
315 501 434 536 πονηρία
450 501 554 535 σαρκδς
569 501 585 535 ὴ
601 499 715 534 πορνεία
726 507 732 514 ·
748 498 783 525 τὰ
795 498 825 524 δὲ
842 497 915 533 πάθη

115 550 256 585 νεωτέρας
279 549 333 575 εἰσὶ
358 547 479 578 διανοίας
498 546 546 573 καὶ¹
570 545 687 573 ἀστάτου
711 545 858 580 κινήματα.
875 544 914 579 Τῇ

114 597 144 623 δὲ
161 596 211 631 νέα
223 595 311 631 ταύτῃ
327 594 432 629 διανοίᾳ
445 593 495 620 καὶ
507 593 524 628 ἡ
538 592 615 618 ἄνοια
630 591 828 627 παρέζευκται,
838 590 915 617 οὐδὲν

115 642 211 676 ἕτερον
225 639 293 667 οὖσα
316 641 332 675 ἢ
358 639 519 675 ματαιότης.
534 639 565 664 Εἰ
580 638 607 664 δὲ
624 637 722 668 θέλεις,
737 637 814 672 φησὶ,
829 636 915 662 ἐκϐα-

115 689 174 714 λεῖν
188 687 293 721 ταύτην
308 686 359 719 τὴν
371 686 504 716 διάνοιαν,
516 684 564 710 καὶ
577 683 681 719 χαλινῷ
694 683 777 718 δῆσαι
787 683 838 717 τῆς
850 691 916 709 νεω-

115 733 232 767 τερικῆς
248 732 408 767 φρονήσεως
421 730 470 765 τὴν
482 730 583 766 ὁρμὴν,
602 729 719 763 ἄληστον
735 729 779 764 ἔχε
788 729 835 756 τοῦ
846 729 915 756 Θεοῦ

114 779 166 815 τὴν
180 779 302 814 μνήμην.
311 777 433 812 Ἡμέρας
446 776 474 803 δὲ
487 776 625 811 νεότητος,
635 776 681 801 τὸν
693 775 818 810 παρόντα
829 775 915 802 αἰῶνά

116 835 195 861 φησι,
211 825 250 857 ὡς
272 824 340 860 πρὸς
365 824 414 859 τὴν
436 823 484 849 τοῦ
510 822 656 858 μέλλοντος
678 822 843 858 τελειότητα,
852 822 915 848 Ἐὰν

114 872 171 905 γὰρ
195 871 224 897 ἐν
247 870 287 904 τῷ
309 870 424 904 παρόντι
438 868 559 904 ἐκϐάλῃς
578 868 626 903 τὴν
642 869 752 903 μνήμην
768 867 815 895 τοῦ
833 867 912 898 Θεοῦ,

116 916 165 942 καὶ
179 916 214 941 τὰ
230 914 293 941 καθ’
304 914 402 950 ἡδονὴν
423 914 541 949 πράξῃς,
559 913 704 948 ἐφίσταται
724 913 738 938 ὸ
754 913 850 947 καιρὸς
865 912 914 948 τῆς

116 963 267 994 κολάσεως,
281 961 311 987 ὃν
331 961 363 996 δὴ
385 960 432 987 καὶ
455 960 563 994 ἡμέραν
579 958 680 990 κακίας
693 959 770 994 φησι,
786 959 836 994 τῆς
859 959 914 985 τᾶ»)

114 1008 290 1044 ἁμαρτωλῶν
300 1007 448 1038 κολάσεως.
463 1007 518 1033 Καὶ
527 1007 588 1033 τότε
598 1006 708 1039 λέξεις,
721 1007 762 1032 ὅτι
774 1006 834 1032 Οὐκ
847 1005 914 1032 ἐστι

111 1064 165 1089 μοι
185 1055 302 1089 θέλημα
324 1054 360 1080 ἐν
378 1053 490 1086 αὐτοῖς.
505 1053 600 1084 Οὐδεὶς
615 1052 670 1088 γὰρ
685 1053 713 1078 ὲν
732 1052 860 1087 βασάνοις
876 1051 914 1078 ὥν

115 1102 224 1136 θέλημα
244 1101 302 1135 ἔχει
317 1101 365 1126 τοῦ
385 1098 700 1134 βασανίζεσθαι.’ἰστέον
716 1097 861 1132 τοιγαροῦν
876 1097 914 1129 ὡς

114 1150 129 1175 ὁ
142 1148 191 1175 νῦν
214 1148 271 1179 τοῖς
296 1147 371 1178 ἰδίοις
386 1146 536 1181 θελήμασιν
554 1144 740 1178 ὲξακολουθῶν
753 1143 805 1170 ὑπὸ
821 1143 914 1175 ἀνοίας

114 1195 164 1221 καὶ
178 1194 294 1225 ἀτελοῦς
308 1194 438 1225 διανοίας,
454 1193 501 1219 xui.
521 1192 551 1218 οὐ
567 1192 627 1223 ταῖς
644 1191 692 1218 τοῦ
714 1190 818 1226 Κυρίου
841 1190 915 1216 ἐντο-

115 1241 186 1272 λαῖς,
201 1242 230 1267 ἐν
241 1240 282 1276 τῷ
297 1239 387 1275 καιρῷ
404 1240 453 1275 τῆς
469 1238 619 1270 κολάσεως,
634 1237 672 1270 ὥς
683 1238 712 1264 οὐ
730 1237 813 1270 θέλει,
829 1236 914 1271 βασα-

115 1288 233 1320 νὶζεται.

155 1382 245 1413 ιἝως
259 1381 290 1408 οὐ
307 1381 345 1417 μὴ
363 1381 492 1416 σκοτισθῇ
510 1379 524 1406 ὀ
538 1379 624 1415 ἥλιος,
642 1378 692 1405 καὶ
705 1377 736 1404 τδ
750 1377 818 1412 φῶς,
832 1377 912 1411 καὶὴ

114 1428 229 1464 σελήνη,
246 1428 294 1454 καὶ
317 1428 341 1454 οἱ
359 1427 484 1464 ἀστέρες,
501 1426 549 1453 καὶ
573 1425 762 1460 ὲπιστρέψωσι
784 1423 818 1450 τὰ
844 1423 912 1458 νέφη

112 1475 205 1501 ὀπίσω
220 1474 268 1501 τοῦ
282 1473 372 1505 ὑετοῦ,
388 1475 416 1499 ὲν
432 1473 523 1508 ἡμέρᾳ
576 1472 609 1499 ἂν
627 1470 778 1498 σαλευθῶσι
793 1469 913 1504 φύλακες

113 1521 166 1553 τῆς
182 1520 284 1552 οἰκίας,
303 1519 350 1546 καὶ
365 1518 573 1554 διαστραφῶσιν
584 1518 680 1552 ἄνδρες
693 1517 743 1551 τῆς
757 1515 910 1550 δυνάμεως,

972 274 1051 295 vocat
1067 268 1346 306 divinumjudieium,
1362 279 1390 301 et
1412 275 1459 308 ait,
1479 281 1607 312 tanquam
1620 279 1707 306 libero
1721 289 1760 307 ar-

969 313 1051 361 bitrio
1067 316 1197 350 praeditus
1217 326 1224 344 :
1242 317 1354 346 Remove
1381 321 1449 348 iram
1468 331 1484 348 a
1500 324 1577 351 tarde
1593 329 1658 357 tuo;
1681 331 1760 361 potes

967 360 1050 392 enim,
1061 369 1123 388 cum
1132 362 1172 390 sis
1186 364 1317 398 praeditus
1328 366 1443 401 ratione,
1460 368 1627 398 iracundiam
1640 360 1758 401 frenare.

966 406 1161 442 blalignitatem
1176 417 1242 438 vero
1255 411 1345 439 carnis
1354 413 1454 448 accipit
1473 422 1522 449 pro
1548 417 1620 443 omni
1635 423 1759 452 peccato.

966 453 1036 481 Nam
1053 458 1079 481 et
1095 454 1252 490 Apostolus,
1269 464 1351 492 opera
1371 460 1461 487 carnis
1473 466 1584 495 peccata
1595 463 1712 497 appellat
1724 463 1759 491 '°.

965 499 1048 535 673
1065 500 1206 540 Prmeipua
1221 510 1286 530 vero
1307 504 1464 540 malignitas
1477 509 1568 535 carnis
1590 513 1633 536 est
1651 509 1710 544 ipsa
1725 510 1759 537 li-

966 546 1046 580 bido;
1064 549 1203 582 passiones
1219 557 1284 577 vero
1295 558 1364 585 quas
1389 552 1515 585 dicimus,
1533 559 1698 584 suntmotus
1718 557 1761 583 in-

966 596 1120 621 constantis
1138 595 1221 622 animi
1238 603 1271 624 ae
1283 596 1424 631 juvenilis.
1448 598 1547 627 Animo
1567 607 1657 629 autem
1681 603 1760 638 juve-

954 639 1024 670 ~nili.
1045 640 1163 667 amentia
1175 641 1233 669 fere
1247 643 1406 678 plerumque.
1423 652 1529 671 annexa
1548 652 1599 678 est,
1613 655 1674 682 thze
1692 649 1759 676 nihil

966 689 1008 712 est
1023 685 1095 712 aliud
1110 694 1191 720 qualn
1207 695 1281 715 mera
1305 689 1421 716 vanitas.
1443 690 1533 725 lnquit
1546 699 1610 727 ergo
1627 702 1633 719 :
1648 693 1675 720 Si
1693 695 1760 722 vel.s

965 737 1066 757 exuere
1086 731 1159 758 hunc
1171 732 1320 767 juvenilem
1335 735 1468 768 animum,
1486 740 1513 763 et
1545 737 1694 771 pctulantis
1711 746 1760 766 sus

967 776 1068 810 perbiaa
1079 782 1183 804 motum
1197 778 1276 806 freno
1301 787 1486 815 compescere,
1514 782 1686 811 indelebilcm
1711 784 1758 812 Dei

966 824 1128 851 memoriam
1156 830 1328 853 conservato.
1361 826 1424 854 Dies
1450 833 1541 855 autem
1569 829 1760 858 adolescentia:

968 869 1109 901 praesentis
1127 870 1188 897 vitm
1198 870 1257 898 dies
1268 871 1422 906 significant
1437 880 1443 898 :
1463 881 1537 906 vere,
1554 875 1676 903 stultitiae
1687 876 1758 909 dies,

968 913 989 939 si
1009 914 1042 940 ad
1059 915 1256 949 perfectionem
1281 924 1476 952 comparentur
1505 919 1603 948 futura:
1629 922 1700 949 vine.
1730 922 1758 949 Si

966 960 1039 987 enim
1058 961 1084 987 in
1100 963 1228 996 prsesenti
1243 963 1297 990 vita
1310 965 1469 992 memoriam
1487 966 1532 993 Dei
1548 967 1691 1002 abjeccris,
1713 968 1756 995 in-

966 1006 1069 1034 cumbit
1084 1007 1131 1034 tibi
1145 1012 1252 1043 tempus
1268 1009 1431 1044 punitionis,
1451 1012 1524 1046 quod
1544 1012 1615 1040 diem
1632 1018 1709 1040 vocat
1720 1013 1760 1040 af—

965 1052 1105 1086 ﬂictionis,
1135 1062 1198 1081 cum
1219 1061 1376 1090 peccatores
1400 1061 1464 1084 tunc
1487 1055 1617 1092 p'uniendi
1633 1059 1705 1091 sint;
1732 1063 1759 1085 et

968 1102 1031 1125 tunc
1043 1098 1112 1125 dices
1121 1107 1130 1126 :
1139 1099 1199 1126 Non
1211 1105 1248 1127 est
1260 1101 1382 1128 voluntas
1391 1109 1448 1128 mea
1459 1103 1486 1128 in
1495 1103 1568 1136 ipsis.
1579 1102 1676 1129 Nullus
1685 1103 1759 1130 enim

966 1152 1027 1172 cum
1046 1150 1189 1180 torquetur
1205 1147 1349 1174 tormentis
1362 1155 1457 1175 carere
1477 1148 1573 1175 nollet.
1589 1147 1640 1181 Qui
1653 1156 1717 1184 ergo
1730 1149 1759 1176 in

966 1189 1016 1218 bac
1033 1191 1086 1218 vita
1100 1199 1154 1219 non
1170 1198 1281 1220 secutus
1301 1186 1407 1220 Domini
1423 1199 1558 1229 praecepta
1573 1195 1620 1221 sed
1637 1202 1700 1221 suas
1709 1203 1756 1221 cu-

966 1237 1104 1272 piditates,
1120 1246 1153 1265 cx
1171 1239 1290 1266 amentia
1304 1244 1331 1267 et
1347 1239 1431 1267 animi
1460 1241 1670 1276 imperfectionc
1697 1241 1761 1268 facit

965 1291 996 1311 ea
1010 1292 1070 1318 qua:
1082 1284 1139 1311 vult
1153 1292 1159 1310 :
1174 1285 1200 1311 in
1234 1289 1355 1320 tempore.
1383 1285 1536 1321 punitionis
1554 1290 1706 1321 torquetur,
1723 1286 1759 1313 ita

965 1335 994 1358 ut
1013 1334 1067 1357 non
1086 1331 1153 1358 vult.

1001 1376 1082 1402 Vens.
1100 1376 1162 1402 2-4.
1184 1385 1192 1402 ι
1208 1377 1361 1410 Antequam
1382 1377 1593 1405 obtcnebrescat
1606 1377 1658 1411 sol,
1678 1383 1706 1406 et
1718 1378 1760 1405 lu-

965 1429 1039 1452 men,
1051 1426 1078 1448 et
1091 1421 1164 1453 luna,
1180 1427 1207 1449 et
1223 1422 1353 1455 stellar,et
1369 1427 1541 1450 revertantur
1555 1428 1629 1451 retro
1645 1425 1731 1451 nubes
1744 1433 1759 1452 a

964 1466 1068 1501 pluvia,
1082 1467 1109 1493 in
1123 1467 1166 1494 die
1182 1468 1207 1494 in
1223 1476 1276 1502 quo
1291 1469 1538 1495 commovebuntur
1563 1470 1692 1496 custodes
1708 1469 1758 1497 du-

964 1521 1036 1544 mns,
1050 1518 1077 1540 et
1092 1513 1119 1540 in
1136 1513 1276 1548 obliquum
1292 1514 1430 1549 depravati
1459 1514 1561 1541 fuerint
1575 1515 1624 1542 viri
1653 1515 1759 1542 fortitu-

114 1567 163 1592 καὶ
181 1566 310 1600 ἦργησαν
328 1565 354 1590 αξ
367 1564 516 1598 ἀλήθουσαι
529 1564 570 1589 ὅτι
581 1561 772 1596 ὡλιγώθησαν,
788 1560 836 1587 καὶ
849 1567 912 1586 σκο-

966 1558 1049 1588 dinis.
1061 1563 1088 1586 et
1102 1559 1270 1586 cessaverint
1283 1560 1427 1592 molentes,
1439 1561 1568 1594 quoniam
1586 1560 1618 1587 ad
1636 1561 1759 1595 paucita-

113 1611 248 1637 τάσουσιν
267 1610 296 1636 αι
315 1609 463 1643 βλέπουσαι
483 1609 512 1634 ὲν
530 1609 591 1638 ταῖς
603 1608 696 1640 ὀπαῖς,
710 1607 756 1633 καὶ
773 1606 911 1632 κλείσουσι

114 1657 205 1692 θύραν
224 1657 253 1682 ὲν
268 1656 357 1690 ἀγορᾷ
370 1656 399 1680 ἐν
413 1654 541 1689 ἀσθενείᾳ
554 1653 648 1688 φωνῆς
662 1654 712 1688 τῆς
730 1652 909 1688 ἀληθοῦσης.»

116 1702 246 1729 Ἰἰκουσά
262 1710 335 1732 τινος
353 1701 401 1727 sui.
414 1700 479 1735 περὶ
496 1700 546 1734 τῆς
561 1699 676 1735 μερικῆς
689 1698 806 1725 ἑκάστου
821 1705 913 1724 συντε-

114 1749 193 1780 λεῐας
204 1747 386 1782 διηγουμένου
401 1747 434 1773 τὰ
446 1747 486 1778 είς
498 1746 544 1772 τὸν
557 1746 655 1772 τόπον·
666 1744 714 1771 καὶ
733 1743 827 1778 ἑτέρου
847 1742 913 1778 περὶ

114 1796 167 1830 τῆς
181 1794 298 1821 καθόλου
312 1793 467 1825 συντελείας
480 1801 486 1808 ·
504 1793 550 1819 καὶ
567 1791 647 1818 ἄλλου
663 1791 731 1824 πρὸς
744 1789 913 1825 ὑψηλοτέραν

115 1839 238 1874 θεωρίαν
255 1838 403 1872 ἀνάγοντος
417 1838 452 1864 τὰ
465 1836 789 1872 γεγραμμένα.”Απαντα
803 1835 830 1861 δὲ
847 1835 913 1869 ὑμῖν

117 1886 263 1920 συντόμως
287 1884 452 1919 ἐκθήσομαι.
479 1883 626 1918 Φρόντισον
638 1902 645 1914 ,
667 1882 761 1917 φησιν,
777 1879 800 1908 ὧ
817 1882 913 1909 νουθε-

114 1932 252 1966 τοῦμενε,
266 1931 318 1962 ἕως
338 1931 410 1965 ἔχεις
433 1929 608 1962 αὐτεξούσιον
631 1929 749 1964 θέλημα,
775 1929 823 1956 καὶ
848 1930 913 1965 δύνῃ

114 1979 188 2012 πρὸς
203 1977 307 2011 ἀρετὴν
325 1976 408 2011 ῥέψαι
421 1976 471 2010 τῆς
485 1975 584 2002 σαυτοῦ
602 1975 749 2010 σωτηρίας.
766 1974 845 2001 Μετὰ
859 1976 913 2010 γὰρ

113 2024 162 2050 τον
183 2023 309 2058 παρόντα
329 2022 385 2058 βίον
404 2022 454 2057 οὐχ
469 2022 505 2053 ὡς
523 2021 628 2054 θέλεις,
644 2021 702 2048 ἀλλ’
714 2022 752 2053 ὡς
765 2021 795 2048 οὐ
812 2021 912 2056 βούλει,

114 2069 234 2104 κολάζῃ.
246 2069 392 2105 Φρόντισον
407 2067 453 2096 οὗν
469 2067 568 2095 σαυτοῦ
580 2068 634 2103 πρὸ
648 2068 698 2103 τῆς
714 2069 763 2103 σῆς
776 2067 912 2103 τελευτῆς,

114 2116 185 2150 πρὶν
201 2115 236 2141 ἂν
250 2114 374 2150 σκοτωθῇ
390 2123 431 2141 σοι
444 2115 457 2141 ὁ
471 2114 547 2149 ἥλιος
559 2134 565 2145 ,
582 2114 630 2140 καὶ
644 2114 661 2148 ἡ
678 2105 776 2149 σελήνη
786 2133 793 2144 ,
809 2114 857 2140 καὶ
879 2114 914 2141 τὰ

114 2163 219 2196 ἄστρα,
235 2162 307 2196 ἅπερ
319 2161 348 2188 ὲν
360 2162 393 2197 τῇ
409 2160 525 2196 ἑκάστου
539 2159 652 2194 τελευτῇ
665 2160 819 2194 συμϐαίνει,
833 2161 916 2196 ἀορα-

115 2208 164 2242 σία
177 2206 376 2241 κατεχομένου.
389 2205 436 2232 καὶ
451 2205 515 2240 πρὶν
528 2206 566 2236 εἰς
582 2205 612 2231 τὸ
632 2205 762 2238 συγγενὲς
777 2204 850 2240 ὕδωρ
867 2205 914 2232 καὶ

114 2255 157 2285 είς
170 2254 222 2287 τὴν
235 2253 288 2285 γῆν
304 2251 449 2286 ἀναλυθῇς,
467 2251 504 2277 Τδ
522 2251 575 2286 γὰρ
593 2251 640 2277 νῦν
653 2248 697 2277 οἷα
709 2251 788 2285 νέφος
806 2252 914 2278 ἐπικεί-

116 2307 201 2334 μενον
221 2299 256 2333 τῇ
274 2297 346 2332 ψυχῇ
363 2297 442 2331 σῶμα
464 2297 504 2327 εἰς
519 2296 552 2322 τὰ
572 2297 691 2332 συγγενῆ
715 2298 833 2332 στοιχεῖα
847 2298 914 2324 ἀνα-

114 2345 225 2376 λύεται,
242 2344 292 2378 τὴν
315 2343 367 2378 γῆν
381 2343 430 2370 καὶ
454 2343 486 2369 τὸ
504 2343 642 2378 ὕδωρ.⁴Εν
662 2343 690 2369 δὲ
705 2344 739 2379 τῇ
754 2344 847 2379 ἡμέρᾳ
864 2345 916 2380 τῆς

116 2391 261 2425 τελευτῆς,
280 2389 395 2422 καὶτῆς
408 2390 504 2422 οίκίας
527 2390 552 2416 οι
571 2389 702 2423 φύλακες,
717 2390 841 2416 τουτέστι
865 2389 916 2423 τῆς

116 2436 220 2470 ψυχῆς,
243 2434 411 2466 σαλεύονται,
435 2436 483 2462 καὶ
507 2434 738 2469 διαστρέφονται
763 2436 787 2461 ol
813 2434 916 2462 εὔτονοι

117 2480 264 2516 λογισμοί·
283 2480 380 2515 ἄνδρες
401 2481 450 2515 τῆς
464 2481 606 2515 δυνάμεως
621 2481 829 2515 ὀνομασθέντες,
845 2481 918 2516 ἀγω-

117 2527 233 2558 νιῶντες
246 2527 297 2562 τὴν
311 2526 430 2562 φοϐερὰν
443 2526 489 2552 τοῦ
504 2525 632 2561 σώματος
647 2526 745 2558 ἔξοδον.
759 2527 877 2554 Δυνατδν
890 2528 918 2554 δὲ

118 2571 167 2598 καὶ
184 2571 329 2606 φύλακας
343 2571 439 2604 οἰκίας
449 2571 512 2603 τοὺς
524 2571 671 2607 αἰσθητοὺς
685 2572 844 2607 ὀφθαλμοὺς
856 2573 919 2608 νοῆ-

119 2626 177 2650 σαι,
193 2617 412 2653 ἀποτιθεμένους
434 2617 484 2653 τὴν
507 2617 622 2652 ὀπτικήν
639 2617 754 2653 δύναμιν
779 2620 807 2644 ὲν
829 2618 919 2654 καιρῷ

119 2665 261 2700 τελευτῆς.
274 2665 343 2691 Τότε
363 2664 411 2691 καὶ
423 2665 451 2691 αἱ
468 2664 640 2699 ἀλήθουσαι
657 2664 798 2700 ἀργοῦσιν,
810 2665 834 2691 οι
845 2664 917 2691 ὀδύνη

119 2719 166 2742 τες
180 2711 205 2737 οε
224 2710 450 2742 καταλεαίνοντες
464 2711 515 2746 τὴν
535 2711 655 2746 τροφήν·
677 2711 727 2746 οὑχ
747 2711 789 2737 ὅτι
808 2710 918 2742 πάντως

120 2757 192 2783 κατὰ
206 2756 327 2792 ἀριθμὸν
340 2756 494 2791 ὀλιγοῦνται
505 2777 513 2789 ,
527 2757 587 2784 ἀλλ’
598 2757 658 2784 ἀντὶ
674 2756 733 2789 τοῦ,
747 2757 797 2792 τὴν
812 2757 916 2784 οἰκείαν

121 2799 264 2838 ἐνέργειαν
278 2803 474 2838 ἀποθήσονται.
487 2804 544 2831 Καὶ
563 2804 590 2831 at
606 2804 685 2839 κόραι
700 2803 728 2831 δὲ
743 2802 797 2831 τῶν
813 2803 914 2839 οφθαλ-

157 2901 178 2916 ¹⁰
193 2900 280 2927 Calat.
299 2909 324 2930 γ.
340 2899 381 2927 19.

966 1610 1020 1632 tem
1035 1605 1154 1633 redacta:
1173 1604 1284 1637 fuerint,
1312 1610 1340 1632 et
1352 1604 1581 1633 obtenebrescent
1596 1614 1656 1640 quae
1684 1607 1758 1641 aspi-

964 1651 1041 1678 ciunt
1052 1659 1100 1686 per
1112 1651 1256 1683 foramina,
1267 1656 1291 1678 et
1308 1652 1452 1679 occludent
1465 1652 1564 1687 ianuas
1587 1652 1614 1679 in
1625 1653 1713 1687 platea
1729 1653 1757 1680 in

966 1697 1126 1725 infirmitate
1141 1698 1216 1725 vocis
1234 1698 1373 1725 molentis.
1394 1708 1403 1724 ι
1425 1699 1523 1727 Audivi
1539 1700 1694 1734 quempiam
1711 1701 1756 1735 qui

964 1745 1046 1772 verba
1063 1744 1114 1771 loci
1132 1745 1213 1779 hujus
1228 1749 1336 1779 putaret
1349 1745 1382 1772 ad
1399 1745 1595 1779 particularem
1626 1744 1758 1774 uniuscu-

963 1791 1062 1826 jusque
1072 1790 1214 1818 interitum
1230 1791 1389 1825 pertinere:
1407 1792 1502 1822 alium,
1533 1792 1579 1826 qui
1594 1792 1626 1819 ad
1646 1792 1757 1819 univcr-

965 1837 1048 1865 salem
1060 1837 1154 1864 mundi
1170 1838 1425 1872 consumptionem;
1457 1838 1538 1864 alium
1561 1838 1636 1871 item,
1662 1837 1707 1874 qui
1723 1839 1757 1866 ad

965 1883 1089 1910 altiorem
1100 1890 1210 1910 sensum
1226 1882 1360 1915 referret;
1381 1891 1441 1917 (μου
1450 1883 1540 1910 omnia
1555 1884 1649 1918 paucis
1667 1885 1757 1911 omni-

965 1937 1001 1957 no
1011 1930 1087 1957 vobis
1094 1930 1246 1964 explicabo.
1259 1929 1418 1956 Orationem
1429 1930 1564 1957 convertit
1578 1929 1758 1958 Ecclesiastes

964 1975 998 2002 ad
1010 1982 1073 2002 eum
1085 1983 1164 2010 quem
1185 1975 1387 2002 admonendum
1401 1975 1537 2010 suscepit;
1561 1975 1653 2010 aitque
1671 1983 1677 2000 :
1699 1974 1755 2002 lla-

967 2022 1067 2049 tionem
1079 2022 1179 2049 habeto
1192 2021 1356 2053 tuaesalutis,
1368 2029 1483 2056 eantque
1496 2026 1590 2049 curato
1602 2023 1756 2057 diligenter,

965 2067 1053 2095 donec
1067 2068 1104 2094 uti
1119 2072 1198 2103 potes
1212 2067 1297 2094 libero
1312 2067 1461 2094 voluntatis
1472 2067 1595 2101 arbitrio,
1609 2067 1758 2104 integrum-

966 2113 1078 2149 que-tibi
1092 2118 1134 2140 est
1145 2114 1178 2141 ad
1196 2113 1324 2140 virtutem
1337 2113 1477 2141 accedere.
1490 2113 1554 2141 Post
1570 2113 1641 2142 lianc
1655 2116 1757 2142 etenim

967 2162 1050 2188 vitam
1077 2159 1126 2187 tibi
1152 2159 1258 2187 accidet
1273 2167 1328 2186 non
1344 2160 1424 2187 sicuti
1449 2160 1500 2193 vis,
1519 2160 1566 2188 sed
1588 2161 1760 2195 torqueberis

968 2204 1048 2232 sicuti
1059 2212 1113 2231 non
1127 2205 1177 2232 vis.
1189 2204 1330 2231 Rationem
1339 2204 1429 2239 itaque
1439 2205 1476 2231 tni
1486 2205 1586 2232 bahcto
1598 2206 1759 2233 anteubitus

967 2250 1324 2285 diem,authuamscilieet
1348 2251 1395 2278 tibi
1422 2251 1462 2277 sol
1487 2251 1706 2283 obtenebrescat,
1732 2257 1759 2279 et

956 2297 1041 2330 .luna,
1055 2303 1083 2324 et
1096 2297 1181 2324 stella:
1197 2305 1204 2323 τ
1224 2296 1413 2331 hujuscemodi
1428 2297 1500 2324 enim
1518 2298 1637 2324 tenebras
1650 2298 1758 2324 unicui-

965 2352 1019 2379 que
1035 2344 1197 2379 contingunt
1211 2343 1238 2370 in
1248 2348 1371 2370 extremo
1386 2343 1539 2371 vita-obitu.
1554 2343 1594 2370 Tu
1606 2343 1759 2377 itaqueea-

967 2393 1026 2417 rato
1042 2390 1157 2416 Salutem
1176 2393 1261 2420 tuam,
1276 2389 1435 2424 priusquam
1452 2389 1478 2415 in
1494 2396 1590 2424 aquam
1604 2394 1760 2423 terramque

967 2436 1091 2464 solvaris.
1118 2435 1225 2470 Corpus
1249 2436 1322 2462 enim
1350 2435 1403 2462 hoc
1427 2440 1552 2462 nostrum
1581 2435 1652 2470 quod
1674 2435 1758 2463 veluti

967 2482 1055 2509 nubes
1065 2481 1188 2516 quaedam
1197 2481 1304 2508 videtur
1315 2481 1412 2507 anima:
1421 2481 1663 2515 superincurnbere
1672 2489 1703 2508 ac
1712 2489 1759 2508 su-

967 2527 1136 2563 perpositum
1150 2534 1221 2558 esse,
1235 2523 1504 2557 deftmctisnobis,'in
1518 2525 1615 2552 similia
1624 2526 1760 2554 elementa

969 2573 1125 2605 resolvitur,
1159 2579 1258 2607 aquam
1282 2572 1387 2600 scilicet
1414 2576 1495 2607 atque
1519 2580 1622 2600 aerem.
1650 2572 1679 2600 ln
1698 2573 1761 2608 ipso

970 2619 1051 2646 etiam
1069 2618 1166 2645 mortis
1182 2618 1236 2649 die,
1257 2618 1361 2650 damus,
1373 2617 1424 2644 hoc
1438 2621 1490 2651 est,
1506 2617 1616 2648 animae.
1631 2618 1761 2646 custodes

970 2668 1187 2695 commoventur,
1199 2669 1227 2692 et
1234 2663 1368 2698 obliquum
1384 2663 1523 2695 declinant
1532 2671 1564 2690 ac
1572 2663 1760 2696 remittunturI

971 2700 1031 2745 quae
1045 2710 1121 2745 prius
1137 2714 1217 2737 recta:
1234 2717 1265 2736 ac
1280 2709 1394 2736 intonsa:
1411 2707 1521 2735 fuerant
1545 2708 1662 2736 rationis
1677 2708 1761 2742 vircs,

969 2766 1030 2794 quae
1041 2758 1093 2785 hoc
1111 2757 1172 2784 loco
1186 2756 1247 2791 (viri
1272 2755 1455 2791 fortitudinis)
1468 2760 1667 2791 nuncupantur
1685 2763 1691 2781 :
1709 2755 1759 2782 do-

968 2802 1112 2832 lentenim
1127 2810 1159 2831 ac
1175 2801 1380 2830 conturbantur
1407 2801 1435 2828 in
1456 2800 1516 2836 ipso
1543 2800 1709 2829 formidabili
1743 2807 1758 2826 ο
