2044 3144
289 157 342 193 615

829 160 1091 192 OLYMPIODORI
1111 159 1377 193 ALEXANDRINI

1864 163 1919 196 616

289 225 405 255 corpore
418 222 512 247 nostro
526 217 611 246 exitu.
624 217 742 246 Possunt
751 223 778 246 et
792 220 910 246 custodes
926 219 1019 247 domus
1034 219 1075 247 in-

1132 218 1187 253 μῶν
1200 219 1229 246 αἱ
1242 219 1280 252 ὡς
1292 219 1327 247 δι’
1338 219 1413 246 ὀπῶν
1427 217 1586 255 βλέπουσαι,
1596 218 1685 255 σκότῴ
1697 219 1920 255 περιϐάλλονται,

290 265 385 301 telligi,
401 265 523 300 corporis
535 265 621 292 nostri
639 265 793 293 materiales
803 265 1076 298 oculiacsensibiles.

289 312 336 347 qui
350 312 377 338 in
387 312 482 339 mortis
492 311 616 344 articulo,
632 312 778 339 contuendi
791 312 861 340 vires
869 312 1003 347 exstingui
1014 320 1078 339 sen-

291 358 370 385 tiunt.
388 357 465 385 Tunc
483 358 566 385 etiam
594 358 719 387 molenter
741 359 820 386 otiosi
852 364 916 386 sunt
933 367 940 385 :
959 359 1012 387 hoc
1024 362 1076 392 est,

290 403 387 430 dentes
402 403 455 438 ipsi
474 411 506 431 ac
521 403 638 431 molares
648 403 694 438 qui
709 403 810 431 inditos
825 405 866 432 ori
879 403 954 431 cibos
971 404 1078 432 molunt

289 452 370 482 atque
385 448 591 482 comminuunt;
601 456 656 475 non
668 449 740 483 quod
751 456 864 484 prorsus
877 456 992 476 numero
1000 448 1077 484 pauci

291 492 366 524 ﬁant.
382 494 430 521 sed
450 494 513 528 quia
524 494 557 521 ad
573 494 738 530 paucitatem
758 495 867 523 virtutis
884 493 1021 529 ofﬁciique
1030 495 1078 522 de-

291 540 414 568 veniant.
423 539 508 576 674
521 540 634 576 Pupilla:
649 548 757 576 quoque
772 541 925 574 oculorum,
940 549 1001 576 quas
1019 541 1077 569 vel-

291 584 332 611 uti
361 591 410 620 per
435 585 568 612 foramina
601 586 726 620 quaedam
751 586 932 621 prospiciunt,
957 585 1078 614 tenebris

291 630 477 663 obducuntur,
493 638 555 658 cum
585 635 691 658 meatus
715 639 812 659 omnes
838 635 866 658 et
888 631 1081 666 operationum

293 677 342 704 viae
357 677 456 711 quibus
471 677 512 704 usi
527 685 622 705 sumus
633 677 660 704 in
676 678 742 711 vita,
762 678 873 713 penitus
887 677 1079 705 occluduntur.

293 722 391 758 Incipit
402 723 476 750 enim
489 728 554 751 tunc
566 724 649 752 homo
664 725 740 752 tenui
763 725 838 752 vocis
850 724 896 752 ﬁlo
910 731 942 752 ac
971 723 1080 751 inﬁrma

292 777 360 798 voce
382 770 426 799 vix
451 774 478 797 et
500 778 571 806 aegre
589 770 662 806 loqui
680 779 742 799 cum
757 771 784 798 in
804 775 928 799 extremo
952 771 1079 806 respirat.

292 816 445 850 Antequam
463 819 489 843 te
505 817 562 844 haec
579 817 677 844 mortis
699 817 871 845 incommoda
897 817 1081 852 comprehen-

294 862 370 894 dant,
380 869 445 889 cura
460 866 491 889 ut
509 862 536 890 in
561 862 650 890 ofﬁcio
660 863 708 896 sis,
734 863 911 898 opererisque
940 863 1079 891 virtutem.

295 907 389 940 Aliter,
402 908 436 934 ad
449 908 631 936 universalem
656 909 749 936 mundi
762 909 843 936 tidem
854 909 891 936 ita
902 908 961 936 haec
973 916 1082 936 accom-

296 954 406 981 modare
417 954 530 989 poteris.
551 954 638 982 Sicuti
662 963 712 990 per
729 955 844 983 verbum
867 954 927 987 Dei.
957 960 1082 983 creatura

295 999 389 1026 mundi
402 1004 493 1027 creata
503 1005 545 1027 est
561 1008 568 1026 :
582 1001 619 1027 ita
632 1004 660 1027 et
668 1000 762 1028 divino
771 1000 851 1036 jussu
866 1001 1029 1036 quandoque
1038 1008 1082 1027 re-

295 1045 426 1073 solvetur.
443 1045 512 1073 Cum
528 1045 601 1073 enim
616 1046 649 1074 ad
662 1047 824 1074 saeculorum
852 1046 934 1074 ﬁnem
964 1046 1084 1073 mundus

295 1091 463 1125 pervenerit,
474 1098 660 1125 supervacuus
674 1091 727 1118 erit
741 1100 806 1119 usus
821 1091 1008 1131 luminarium,
1018 1096 1084 1120 tunc

296 1137 385 1171 pluvia
404 1144 472 1171 opus
487 1145 540 1164 non
557 1137 609 1164 erit
623 1146 683 1172 quae
704 1137 798 1173 irriget
813 1142 928 1169 terram,
937 1136 984 1164 sed
997 1136 1084 1164 nubes

295 1181 519 1215 quodammodoa
535 1182 624 1216 pluvia
638 1186 711 1209 retro
730 1186 936 1214 convertentur,
961 1182 1013 1208 hoc
1029 1185 1082 1214 est,

296 1227 415 1261 pluiiam
425 1227 527 1253 nullam
542 1227 655 1259 dabunt,
668 1227 711 1254 vel
726 1235 789 1254 cum
806 1227 895 1262 pluvia
912 1227 1012 1262 pariter
1028 1227 1083 1254 sol-

297 1276 406 1302 ventur.
422 1276 449 1298 et
465 1276 640 1304 evanescent,
657 1279 719 1299 cum
740 1279 830 1307 neque
850 1272 974 1304 nubium,
994 1279 1084 1307 neque

297 1317 426 1344 imbrium
438 1325 503 1344 usus
514 1317 611 1352 aliquis
625 1318 660 1344 sit
677 1318 785 1345 futurus
798 1326 804 1343 :
828 1318 869 1346 vel
887 1323 951 1346 tunc
965 1318 991 1345 in
1010 1318 1084 1346 aliud

297 1364 477 1391 ministerium
497 1363 609 1391 Domino
628 1364 681 1391 Deo
690 1363 828 1395 obedienl.
839 1364 961 1392 vehicula
970 1364 1086 1391 fortasse

297 1410 435 1446 gest-audis
445 1410 548 1438 sanctis
567 1410 674 1437 effecta.
704 1410 781 1437 Tunc
804 1414 832 1438 et
854 1411 972 1437 custodes
993 1411 1085 1438 domas

297 1456 611 1485 comniovebnturmoc
635 1460 687 1488 est,
713 1455 812 1488 sancti,
838 1455 1006 1484 fortitudinis
1035 1456 1085 1484 viri

298 1502 351 1529 hoc
366 1502 426 1529 loco
440 1500 588 1536 nuncupati
604 1509 612 1528 :
630 1501 676 1536 qui
692 1506 757 1528 tunc
782 1501 808 1528 in
824 1501 965 1536 obliquum
983 1501 1086 1535 paulis—

298 1555 347 1582 per
375 1546 552 1575 declinabunt
567 1551 594 1573 et
607 1547 737 1574 secedent
751 1551 862 1581 propter
876 1547 1083 1578 Anticliristum,
1098 1561 1120 1590 ο

298 1602 353 1621 non
366 1593 439 1628 quod
459 1594 568 1629 penitus
590 1592 782 1620 rectitudinem
804 1593 917 1627 justitia:
945 1593 1085 1621 remissuri

297 1640 354 1668 sint
363 1637 411 1668 aut
424 1640 524 1668 casuri.
541 1640 592 1675 Ipsi
608 1640 679 1666 enim
701 1644 765 1666 sunt
780 1639 906 1666 custodes
918 1639 1046 1668 Ecclesia;
1060 1645 1088 1668 ct

298 1686 394 1713 mundi
412 1686 503 1720 hujus.
521 1693 637 1720 quorum
650 1684 776 1719 praesidio
799 1684 925 1712 consistit
935 1689 963 1712 et
975 1693 1084 1713 conser—

299 1737 388 1759 vatur.
401 1731 479 1759 Tunc
501 1736 528 1759 et
545 1731 670 1758 metentes
695 1731 846 1765 redigentur
860 1731 895 1758 ad
913 1732 1087 1766 paucitatem.

298 1777 424 1804 Maleum
441 1785 489 1812 pro
504 1777 569 1811 ipsis
580 1776 680 1803 .ludwis
704 1775 856 1810 accipiendi
870 1781 945 1810 sunt,
962 1778 1008 1812 qui
1024 1783 1084 1805 tan-

277 1831 282 1836 ’
298 1831 379 1858 quam
390 1820 416 1849 i‘n
427 1821 542 1858 pistrino
557 1822 703 1850 molentes.
719 1828 800 1856 grave
815 1821 881 1856 legis
891 1821 985 1856 iugum
1007 1822 1084 1849 labo-

300 1869 457 1903 riosumque
469 1867 643 1903 pertrahunt.
666 1866 834 1901 Rcdigentur
847 1866 881 1894 ad
910 1867 1083 1902 paucitatem,

300 1914 374 1950 quia,
390 1918 488 1949 praeter
498 1921 607 1948 paucos.
627 1912 717 1940 caeteri
731 1920 826 1940 omnes
834 1913 866 1940 ad
888 1913 967 1941 ﬁdem
983 1914 1084 1943 Christi

1128 265 1346 301 ἀποκλειομένης
1360 265 1452 301 πάσης
1466 265 1580 301 πορείας
1594 265 1624 291 ὲν
1637 265 1706 300 τῷδε
1720 265 1760 300 τῷ
1774 265 1835 302 βίῳ,
1854 267 1921 293 ὅταν

1127 308 1244 345 ἄρξηται
1270 309 1374 346 ἀσθενῆ
1396 310 1445 337 καὶ
1470 310 1581 346 ἀμυδρά
1605 309 1785 345 φθέγγεσθαι,
1801 311 1846 338 διὰ
1870 311 1920 346 τῆς

1128 356 1221 391 φωνῆς
1235 356 1285 391 τῆς
1294 356 1339 383 διὰ
1351 355 1405 384 τῶν
1418 356 1531 383 ὀδόντων
1542 355 1739 392 ὲξηχουμένης,
1752 357 1767 383 ό
1780 357 1814 384 τὰ
1828 357 1921 384 τελευ-

1127 403 1191 429 uta
1206 402 1360 430 ἀναπνέων.
1380 403 1448 439 Πρὶν
1471 401 1518 430 οὗν
1541 404 1570 429 ὲν
1591 404 1624 437 τῇ
1647 403 1761 438 τελευτῇ
1783 403 1872 430 ταῦτά
1889 412 1920 430 σε

1128 448 1304 481 καταλαϐεῖν,
1318 449 1436 484 ἐργάζου
1450 449 1501 484 τὴν
1512 448 1732 485 ἀρετήν.”Δλλως
1745 457 1751 464 ·
1767 449 1812 475 Ἐν
1823 451 1856 485 τῇ
1872 458 1921 484 γε-

1128 495 1190 529 νικῇ
1204 494 1354 530 συντελείᾳ,
1368 493 1463 529 ὥσπερ
1477 494 1521 521 διὰ
1533 493 1581 520 τοῦ
1597 493 1676 528 λόγου
1690 494 1738 521 τοῦ
1749 493 1817 521 Θεοῦ
1830 495 1847 530 ἡ
1861 495 1920 522 κτί-

1130 550 1172 572 σις
1190 541 1318 576 συνέστη,
1334 540 1405 567 οὕτω
1421 540 1471 567 καὶ
1483 540 1528 567 διὰ
1547 539 1596 567 τοῦ
1616 539 1691 567 θείου
1707 539 1920 575 προστάγματος

1129 586 1284 618 ἀναλύεται.
1298 586 1513 620 Συντελουμένου
1527 585 1581 621 γὰρ
1594 585 1642 612 τοῦ
1657 585 1788 620 αἰσθητοῦ
1803 586 1920 621 κόσμου,

1130 632 1247 668 περιττὴ
1261 632 1314 658 τῶν
1330 633 1483 668 φωστήρων
1498 633 1515 667 ή
1535 631 1631 667 χρεία·
1648 632 1708 658 τότε
1725 632 1768 668 δὴ,
1784 632 1845 658 τότε
1860 632 1921 658 sibi

1129 678 1185 704 τῶν
1200 677 1287 704 ὑετῶν
1299 678 1357 704 ἐστι
1370 677 1449 713 χρεία
1467 677 1521 704 τῶν
1542 677 1618 704 κάτω
1638 677 1770 704 δευόντων
1783 677 1831 713 τὴν
1846 678 1899 712 γῆν
1911 686 1919 693 ο

1130 722 1199 750 ἀλλά
1221 723 1320 758 τρόπον
1344 722 1404 749 τινὰ
1427 722 1646 758 ἀποστρέψουσιν
1667 723 1695 749 at
1712 722 1821 756 νεφέλαι
1834 723 1921 749 ὀπίσω

1130 769 1178 796 τοῦ
1204 768 1294 801 ὑετοῦ,
1308 768 1368 794 ἀντὶ
1390 767 1448 800 τοῦ,
1463 768 1526 794 οὔτε
1548 767 1772 803 ὁμὸροτοκοῦσιν,
1790 767 1851 794 οὔτε
1875 768 1922 794 τὸν

1132 813 1209 840 ὑετὸν
1224 812 1453 846 καταστάξουσιν,
1467 813 1486 849 ἢ
1501 814 1548 840 καὶ
1561 813 1636 848 αὐτῷ
1652 813 1863 840 συναναλύονται
1882 813 1922 849 τῷ

1133 860 1218 894 ὑετῴ-
1234 859 1296 886 οὔτε
1311 861 1365 895 γὰρ
1379 860 1466 886 ὑετῶν
1480 859 1542 886 οὕτε
1557 859 1677 894 νεφελῶν
1691 860 1780 894 χρεία.
1794 860 1825 886 Εἰ
1840 860 1868 885 δὲ
1881 860 1922 891 είς

1096 897 1117 924 Β
1133 906 1228 942 ἑτέραν
1241 906 1280 941 τῷ
1290 906 1454 941 Δημιουργῷ
1463 906 1557 941 χρείαν
1571 905 1764 941 ὑπηρετοῦσιν,
1782 907 1845 937 ἴσως
1855 906 1920 940 cm-

1135 961 1208 987 ματα
1221 953 1277 982 τοῖς
1291 952 1379 985 ἁγίοις
1392 953 1524 987 γινόμενα
1534 960 1541 966 ·
1554 951 1615 978 τότε
1635 951 1681 978 καὶ
1697 952 1880 979 σαλεύονται
1894 952 1922 978 οὶ

1133 1000 1269 1033 φύλακες
1289 997 1344 1032 τῆς
1368 998 1474 1031 οικΙας,
1491 998 1566 1031 ἅγιοι
1589 997 1685 1033 ἄνδρες
1709 997 1759 1030 τῆς
1780 998 1922 1032 δυνάμεως

1133 1043 1284 1079 λεχθέντες,
1296 1043 1523 1078 διαστρεφόμενοι
1538 1044 1586 1079 μὲν
1598 1044 1650 1070 ὑπὸ
1663 1043 1709 1070 τοῦ
1723 1043 1922 1079 Ἀντιχρίστου,

1134 1091 1164 1117 οὐ
1194 1090 1248 1125 μὴν
1265 1089 1454 1124 ἐξατονοῦντες
1478 1090 1494 1124 ῆ
1519 1090 1748 1121 καταπίπτοντες.
1762 1089 1846 1126 ᾼὺτοὶ
1868 1090 1923 1125 γὰρ

1134 1136 1202 1166 εἰσιν
1213 1136 1239 1162 οί
1251 1136 1369 1170 φύλακες
1394 1135 1443 1170 τῆς
1466 1144 1496 1162 τε
1522 1135 1695 1170 Ἑκκλησίας,
1712 1135 1759 1162 καὶ
1783 1134 1859 1162 τοῦδε
1876 1135 1923 1162 τοῦ

1135 1181 1248 1216 κόσμου,
1272 1181 1305 1207 δι’
1324 1181 1370 1213 οὒς
1396 1182 1444 1207 καὶ
1469 1181 1639 1208 συνίσταται.
1657 1181 1725 1208 Τότε
1750 1180 1924 1215 ὀλιγοῦνττιι

1135 1227 1184 1255 καὶ
1197 1229 1227 1254 αι
1240 1227 1410 1261 ἀλήθουσαι
1420 1236 1426 1242 ·
1448 1227 1625 1261 ἀληθούσας
1649 1227 1676 1254 δὲ
1703 1227 1765 1258 τοὺς
1781 1227 1924 1259 Ἰουδαίους

1135 1274 1296 1308 ὲκληπτέον,
1311 1273 1373 1305 τοὺς
1387 1274 1433 1301 τὸν
1452 1273 1538 1309 βαρὺν
1556 1273 1604 1300 καὶ
1617 1272 1766 1308 ἑπίμοχθον
1782 1273 1864 1307 ζυγὸν
1878 1273 1925 1300 ἰλ-

1135 1328 1234 1351 κοντας
1252 1319 1300 1346 τοῦ
1325 1319 1419 1354 νόμου.
1439 1320 1607 1354 Ὀλιγοῦνται
1631 1319 1670 1353 δὲ,
1685 1319 1730 1346 διὰ
1752 1319 1782 1346 τὸ
1807 1320 1924 1351 πάντας,

1135 1364 1205 1400 πλὴν
1224 1364 1333 1399 ὀλίγων,
1350 1365 1550 1401 δεδραμηκέναι
1573 1367 1606 1401 τῇ
1629 1365 1717 1392 πίστει
1734 1365 1780 1392 τοῦ
1793 1365 1924 1400 Χριστοῦ.

1136 1411 1202 1438 Τότε
1209 1411 1263 1447 γὰρ
1272 1411 1325 1442 πᾶς
1333 1411 1442 1447 Ἰσραὴλ
1451 1411 1614 1447 σωθήσεται,
1621 1412 1680 1438 ἀντὶ
1691 1410 1749 1446 τοῦ,
1758 1412 1783 1439 οἱ
1791 1411 1924 1443 πλείονες.

1136 1456 1203 1482 Τότε
1227 1456 1306 1483 αὐτοὶ
1329 1458 1353 1483 οί
1373 1457 1460 1491 ὀλίγοι
1484 1458 1509 1484 οἱ
1537 1458 1575 1492 μὴ
1602 1457 1875 1493 προσδεδραμηκότες
1890 1458 1925 1492 τῇ

1136 1502 1241 1536 πίστει,
1258 1504 1282 1529 ot
1295 1502 1343 1529 νῦν
1360 1503 1398 1535 ὡς
1409 1503 1442 1529 δι’
1454 1503 1529 1530 ὀπῶν
1544 1503 1588 1529 διὰ.
1602 1503 1650 1530 τοῦ
1668 1503 1781 1538 νομικοῦ
1797 1502 1926 1539 γράμμα-

1135 1556 1181 1579 τος
1196 1547 1352 1583 βλέποντες,
1372 1547 1483 1580 τελείως
1496 1548 1677 1581 σκοτίζονται,
1688 1550 1720 1584 τῇ
1739 1549 1865 1584 ἐνεργείᾳ
1875 1548 1927 1583 τῆς

1137 1594 1240 1628 πλάνης
1254 1594 1421 1627 πεισθέντες,
1433 1594 1480 1621 καὶ
1493 1595 1704 1627 ἀποκλείσαντες
1718 1595 1823 1626 ἑαυτοῖς
1835 1595 1864 1619 ἐν
1874 1594 1927 1628 τῷ.

1135 1640 1164 1666 δε
1187 1638 1226 1675 τῷ
1244 1639 1295 1675 βίῳ
1311 1640 1361 1675 τὴν
1377 1639 1464 1676 θύραν
1487 1640 1538 1675 τῆς
1560 1639 1818 1675 σωτηρίιξ.¹Αγορά
1841 1640 1895 1674 γὰρ
1910 1641 1926 1666 ὁ

1137 1685 1233 1721 παρὼν
1249 1685 1396 1721 ὠνομάσθη
1422 1685 1489 1721 βίος.
1507 1686 1593 1713 Τοῦτο
1618 1686 1646 1713 δὲ
1668 1686 1804 1721 πὰηουσι
1827 1685 1871 1712 διὰ
1894 1686 1927 1712 τὸ

1136 1732 1314 1766 ὲναπομεῖναι
1330 1733 1360 1759 ὲν
1380 1733 1413 1768 τῇ
1438 1732 1565 1767 ἀσθενείᾳ
1580 1733 1628 1768 τῆς
1644 1733 1736 1768 φωνῆς
1747 1733 1795 1768 τῆς
1810 1732 1928 1767 ἀληοοὺ-

1138 1786 1199 1812 σης,
1213 1777 1338 1804 τουτέστι
1354 1778 1401 1805 τοῦ
1415 1777 1529 1813 νομικοῡ
1545 1779 1720 1813 γράμματος.
1736 1778 1826 1813 Βαρϋς
1842 1778 1897 1814 γὰρ
1911 1779 1926 1804 ό

1137 1822 1218 1857 νόμος
1235 1821 1282 1848 καὶ
1296 1821 1422 1857 ἀσθενὴς,
1439 1822 1541 1858 μηδένα
1560 1822 1709 1857 δυνάμενος
1723 1822 1875 1854 τελειῶσαι,
1887 1823 1926 1854 ὡς

1138 1869 1184 1894 καὶ
1195 1868 1210 1894 ὁ
1227 1867 1386 1898 Ἀπόστολός
1401 1876 1468 1903 φησι
1477 1877 1484 1883 -
1502 1868 1535 1894 Τὸ
1546 1867 1601 1902 γὰρ
1611 1867 1740 1900 ἀσθενὲς
1755 1867 1808 1894 τοῦ
1819 1868 1925 1902 νόμου,

1138 1915 1172 1942 ἐν
1190 1911 1214 1948 ᾧ
1227 1913 1348 1947 ἠσθένει
1361 1913 1410 1940 διὰ
1422 1913 1478 1947 τῆς
1490 1913 1603 1947 σαρκός
1612 1921 1619 1928 ·
1637 1913 1683 1939 καὶ
1699 1913 1733 1940 τὰ
1751 1912 1825 1948 ἑξῆς.

299 1960 423 1988 conversi
440 1964 531 1987 erunt.
550 1959 707 1987 Tuncenitu
722 1959 812 1987 salvus
836 1959 888 1987 erit
899 1961 989 1988 omnis
1010 1961 1092 1990 Israel
1107 1972 1113 1990 :
1129 1962 1180 1989 hoc
1195 1965 1246 1994 est,
1263 1960 1372 1996 plurimi
1388 1968 1420 1987 ex
1437 1959 1531 1988 lsracl.
1559 1959 1636 1987 Tune
1662 1959 1740 1995 pauci
1758 1958 1797 1986 illi
1814 1959 1859 1994 qui
1890 1958 1926 1985 ad

301 2007 381 2034 ﬁdem
396 2005 496 2033 Christi
511 2012 566 2032 non
592 2005 767 2037 accesserint,
794 2005 841 2040 qui
870 2013 945 2034 nunc
965 2007 1017 2034 dici
1045 2011 1159 2043 possunt
1175 2007 1312 2034 modicum
1326 2006 1392 2041 quid
1420 2014 1467 2040 per
1478 2005 1612 2042 foramina
1639 2006 1737 2034 littera
1765 2006 1858 2041 legalis
1882 2014 1926 2033 as-

300 2054 401 2090 picere,
415 2054 536 2080 caecitate
559 2052 652 2079 ultima
672 2052 826 2087 caligabunt
841 2055 869 2080 et
897 2053 1096 2086 tenebrescent,
1114 2062 1176 2082 cum
1207 2054 1234 2081 in
1260 2053 1321 2088 ipso
1330 2061 1423 2081 errore
1456 2054 1566 2088 penitus
1586 2053 1686 2082 fuerint
1714 2054 1878 2085 confirmati.
1897 2058 1926 2080 et

302 2099 424 2126 viventes
440 2099 466 2125 in
497 2098 679 2126 obstinatione
707 2102 734 2124 et
756 2099 929 2125 contumacia
941 2099 1053 2134 januam
1069 2099 1166 2127 salutis
1179 2099 1228 2127 sibi
1246 2099 1312 2133 ipsis
1325 2099 1501 2126 occluserint.
1520 2098 1640 2127 Plateam
1658 2107 1723 2127 vero
1748 2100 1806 2127 sive
1823 2100 1924 2133 forum,

301 2153 352 2181 pro
366 2144 492 2180 pnesenti
505 2144 558 2170 vita
578 2143 707 2179 intelligc.
734 2143 802 2170 Illud
832 2148 922 2172 autem
946 2145 1088 2180 patiuntur
1100 2145 1186 2173 Judmi
1209 2144 1281 2179 quod
1302 2145 1428 2180 superius
1442 2144 1545 2172 dictum
1554 2149 1607 2177 est.
1623 2153 1656 2173 eo
1680 2146 1751 2180 quod
1764 2154 1925 2180 permanse-

304 2193 358 2220 rint
373 2195 548 2219 contumaces
565 2190 592 2217 in
613 2189 771 2217 infirmitate
792 2189 868 2217 vocis
896 2191 1034 2222 meientis.
1064 2191 1117 2218 hoc
1128 2196 1180 2221 est.
1197 2190 1290 2227 legalis
1314 2190 1419 2218 litteris.
1432 2191 1528 2218 Gravis
1542 2191 1616 2218 enim
1642 2191 1686 2218 lex
1696 2196 1739 2218 est
1752 2196 1833 2226 atque
1841 2191 1924 2220 etiam

302 2239 398 2267 debilis
413 2242 440 2265 et
456 2237 571 2269 inﬁrma,
592 2243 654 2264 cum
667 2236 817 2271 justiﬁearc
844 2237 980 2267 neminem
1000 2238 1087 2273 possit
1105 2247 1113 2265 :
1133 2238 1205 2266 sicut
1220 2242 1247 2265 et
1263 2237 1410 2274 Apostolus
1434 2237 1520 2273 inquit
1536 2246 1543 2264 :
1564 2237 1710 2272 lnﬁrmitas
1723 2238 1793 2264 enim
1804 2238 1879 2273 legis,
1895 2239 1924 2265 in

302 2295 354 2323 qua
371 2286 507 2320 inﬁrmata
519 2289 557 2312 est
567 2289 673 2319 propter
687 2292 793 2311 carnem
806 2286 839 2317 υ,
855 2288 883 2312 et
897 2293 957 2320 quin
967 2290 1128 2320 sequuntur.

344 2342 354 2359 ι
370 2332 403 2360 Et
414 2337 559 2368 consurget
579 2331 612 2359 ad
633 2339 727 2359 vocem
740 2331 886 2366 passereuli
907 2332 950 2358 vel
965 2332 1084 2363 aviculae.

1179 2340 1188 2357 ί
1203 2330 1259 2358 Καὶ
1279 2330 1463 2366 ἀναστήσεται
1478 2330 1518 2361 είς
1532 2329 1624 2365 φωνὴν
1641 2329 1688 2356 τοῦ
1703 2329 1861 2364 στρουθίου,
1877 2329 1926 2355 καὶ

285 2369 289 2374 Ι
303 2383 330 2406 et
348 2378 562 2406 llumiliabuntur
576 2385 672 2405 otnnes
684 2377 745 2404 filia:
758 2377 867 2408 cantici,
895 2377 988 2412 lVens.
1004 2376 1031 2413 4]
1060 2382 1084 2405 ct

1135 2375 1386 2408 ταπεινωθήσονται
1402 2375 1490 2401 πᾶσαι
1508 2375 1536 2401 αἱ
1554 2374 1704 2409 θυγατέρες
1719 2374 1766 2400 τοῦ
1781 2374 1901 2408 ᾄσματος
1914 2381 1924 2390 ·

303 2425 337 2452 ab
347 2423 488 2451 altitudine
500 2422 632 2450 videbunt
644 2425 671 2449 et
679 2427 790 2457 stupore
804 2422 831 2449 in
851 2421 903 2449 via.
920 2431 929 2448 ι
947 2421 1004 2449 Hoc
1027 2422 1084 2449 loco

1136 2420 1184 2448 καί
1197 2429 1229 2455 γε
1245 2420 1299 2447 ἀπὸ
1315 2420 1399 2455 ὕψους
1415 2420 1526 2455 ὄψονται
1545 2420 1593 2446 καὶ
1608 2419 1731 2455 θάμϐους
1745 2420 1775 2446 ὲν
1787 2421 1820 2455 τῇ
1838 2419 1901 2454 ὀδῷ.
1912 2429 1922 2445 ι

303 2470 413 2505 sapiens
426 2473 517 2496 noster
531 2467 707 2494 Ecclesiastes
727 2467 845 2502 loquitur
858 2467 891 2494 de
907 2471 1030 2494 extremo
1040 2467 1087 2502 ju~

303 2514 365 2543 dicii
380 2514 434 2545 die,
447 2512 556 2548 quando
572 2512 670 2539 mortui
687 2517 852 2548 consurgent
865 2513 974 2547 injussu
987 2517 1011 2539 et
1028 2520 1088 2539 voce

303 2562 371 2588 tubae
382 2558 535 2594 archangeli
551 2558 583 2584 “.
600 2558 680 2585 Iussu
693 2564 784 2585 autem
811 2559 939 2593 passeris.
968 2558 1019 2585 hoc
1035 2562 1088 2591 est,

302 2605 383 2633 Verbi
400 2604 472 2639 quod
483 2611 612 2631 carneum
625 2611 725 2638 corpus
741 2603 898 2638 assumpsit,
915 2603 961 2638 qui
978 2609 1088 2638 propter

301 2650 449 2679 solitariam
459 2658 535 2676 suam
554 2650 579 2676 in
594 2658 674 2677 cruce
690 2650 858 2677 mansionem
873 2650 906 2677 de
918 2650 1007 2684 seipso
1022 2650 1090 2678 dixit

303 2705 350 2733 per
360 2697 518 2732 prophetam
534 2695 617 2724 David
635 2705 642 2723 :
662 2696 758 2723 Factus
767 2698 833 2723 sicut
849 2704 939 2730 passer
951 2696 1088 2723 solitarius

301 2743 330 2769 iu
343 2747 409 2769 tecto
419 2742 451 2767 “.
470 2741 545 2768 Tuuc
557 2741 833 2775 liumiliabimlurﬁliw
841 2740 938 2767 cantici
951 2749 960 2767 :
972 2741 1022 2768 hoc
1035 2745 1087 2772 est,

301 2789 399 2815 animte
416 2787 561 2814 rationales
577 2787 732 2814 mortalium
748 2786 901 2818 hominum,
920 2795 979 2821 qua:
991 2786 1019 2813 in
1035 2787 1083 2814 de-

337 2865 359 2884 "
373 2866 452 2893 Itom.
470 2872 528 2898 viil.
541 2865 568 2892 3.

1143 2465 1273 2492 Ἐνταῦθα
1286 2465 1366 2500 σοφὸς
1381 2466 1444 2500 περὶ
1458 2465 1508 2500 τῆς
1527 2464 1642 2491 καθόλου
1655 2465 1829 2496 ἀναστάσεως
1845 2473 1925 2499 φησι,

1136 2511 1180 2537 ὅτε
1202 2510 1225 2537 ot
1243 2511 1336 2545 νεκροὶ
1350 2511 1508 2538 ἀνίστανται
1521 2511 1556 2537 ἐν
1574 2512 1774 2545 κελεύσματι,
1792 2511 1825 2537 ἐν
1840 2510 1927 2546 φωνῇ

1136 2557 1334 2591 ἀρχαγγέλου.
1353 2557 1526 2592 Κελεύσματι
1541 2557 1570 2584 δὲ
1587 2557 1633 2583 τοῦ
1649 2557 1802 2592 στρουθίου,
1817 2556 1865 2582 τοῦ
1881 2557 1926 2582 ἐν-

1137 2605 1371 2640 ανθρωπήσαντος
1389 2606 1490 2639 Λόγου,
1502 2605 1531 2637 ὃς
1549 2605 1594 2632 διὰ
1606 2605 1655 2640 τὴν
1672 2606 1700 2631 ὲν
1716 2603 1824 2639 σταυρῷ
1839 2604 1928 2639 μόνω-

1139 2659 1182 2678 σιν
1205 2651 1466 2686 ἑλεγε,“Εγενήθην
1485 2651 1523 2684 ὡς
1547 2651 1708 2685 στρουθίον
1725 2650 1856 2686 μονάζυν
1876 2649 1926 2676 ἐπὶ

1137 2697 1285 2732 δώματος.
1312 2698 1379 2724 Τότε
1402 2697 1616 2724 ταπεινοῦνται
1638 2698 1667 2723 αι
1688 2695 1848 2731 θυγατέρες
1873 2694 1928 2721 τοῦ

1136 2741 1281 2776 ᾅσματος,
1295 2742 1324 2767 αἱ
1340 2742 1368 2768 ἐν
1383 2741 1450 2777 τῷδε
1465 2741 1504 2776 τῷ
1531 2741 1581 2777 βίῳ
1597 2742 1781 2776 τρυφήσασαι,
1797 2741 1843 2767 καὶ
1858 2747 1929 2765 σπα-

1136 2787 1290 2822 ταλήσασαι
1301 2787 1348 2814 καὶ
1362 2789 1396 2823 τῇ
1411 2789 1486 2823 φωνῇ
1502 2788 1556 2815 τῶν
1568 2787 1694 2824 ὀργάνων
1707 2788 1753 2814 καὶ
1769 2785 1822 2814 τῶν
1839 2787 1929 2822 ᾀσμα-

607 2863 652 2890 "l
671 2863 767 2891 Thess.
780 2872 816 2891 iv.
837 2863 887 2894 15;
913 2862 998 2890 lCor.
1017 2872 1058 2896 xv,
1074 2863 1118 2891 52.
1156 2864 1178 2880 ’³
1195 2863 1266 2891 Psal.
1285 2871 1319 2896 cr,
1334 2864 1360 2891 8.
