2044 3144
157 170 210 203 617

155 233 211 252 των
229 222 449 259 ὲπικροτήσασαι
464 221 562 257 ψυχαὶ,
578 221 594 257 ἦ
609 222 656 248 καὶ
678 223 706 248 (αἱ
722 222 777 248 τῶν
794 223 952 257 ψευδοδιδα-

158 271 278 302 σιάλων,
286 270 314 297 αἱ
325 271 358 305 τῇ
369 268 599 305 καλιρῤημοσύνῃ
612 268 661 295 καὶ
673 269 765 305 ἀπάτῃ
778 269 856 304 δίκην
867 269 955 305 ᾀσμα-

159 326 202 350 ῐος
224 319 282 349 τοῖς
304 317 396 351 λόγοις
420 315 572 351 χρώμεναι,
589 315 686 350 ἡδονὴν
702 315 829 350 ὀλεθρίαν
845 315 955 342 ἐποίουν

158 367 212 396 τοῖς
227 363 368 392 ἀκούουσι.
380 364 435 391 Καὶ
447 364 475 389 αἱ
490 363 545 388 τῶν
565 362 701 388 Ἰουδαίων
715 362 743 388 δὲ
758 362 853 397 ψυχαὶ.
871 362 955 397 θυγα-

157 411 235 446 τέρες
249 410 329 437 οὖσαι
343 409 390 435 τοῦ
406 408 540 444 ᾄσματος,
554 408 758 440 ταπεινοῦνται,
770 409 811 434 ὃτι
825 408 862 443 μὴ
873 409 955 444 ἥκου-

157 465 208 484 σαν
220 456 342 492 ᾀδόντων
354 455 409 481 τῶν
424 454 586 490 προφητῶν·
600 455 683 489 ’ᾼσω
699 454 737 488 δὴ
752 454 792 487 τῷ
802 455 955 489 ἠγαπημέ-

155 511 199 536 rip
213 499 297 536 ᾆσμα
315 501 371 528 τοῦ
383 500 540 536 ἀγαπητοῦ
551 507 558 514 °
583 500 632 526 καὶ
654 500 706 527 ὅσα
729 500 855 527 τοιαῦτα.
869 497 955 527 Δῦται

155 550 184 576 δὲ
209 550 296 576 πᾶσαι
320 548 349 574 αἱ
374 546 575 582 προειρημέναι
600 546 655 572 τῶν
672 546 844 582 ἁμαρτωλῶν
859 546 955 581 ψυχαὶ,

155 596 228 630 τάχα
254 594 283 621 δὲ
306 595 335 620 αἱ
359 593 414 619 τῶν
439 593 554 619 δικαίων
579 592 715 627 ἔκθαμϐοι
744 592 876 626 γίνονται,
891 592 956 619 ὅταν

156 642 319 674 ἀπάγωνται
344 642 374 666 ὲν
397 641 431 674 τῇ
450 639 502 674 ὁδῷ
514 647 521 654 ·
537 639 585 665 καὶ
600 638 721 673 ὁρῶντες
738 637 794 664 ἀπὸ
807 637 853 664 τοῦ
870 637 956 672 ὕψους

156 687 306 722 ἐρχόμενον
320 686 367 712 ἐπὶ
381 685 435 711 τῶν
448 684 570 718 νεφελῶν
583 685 646 711 Υἰὸν
656 683 703 710 τοῦ
717 682 864 718 ἀνθρώπου
878 684 906 710 ὲν
919 684 952 719 τῇ

155 733 221 767 δόξα
233 731 281 757 τοῦ
295 731 400 766 [ἰατρὸς
415 730 512 758 αὐτοῦ.

683 166 915 198 FRAGMENTA
940 167 982 197 IN
1002 167 1289 199 ECCLESIASTEN.

967 225 989 252 Α
1004 222 1074 249 liciis
1082 227 1109 249 et
1121 222 1147 248 in
1163 230 1229 249 voce
1245 223 1444 258 organi,675
1465 228 1493 250 et
1525 229 1622 252 cantus
1662 227 1799 255 suavitate

1006 268 1173 303 musicisqne
1189 269 1381 296 instrumentis
1413 271 1554 298 oblectatm
1578 272 1708 300 nimirum
1734 274 1796 301 I'ue-

969 323 982 333 ·
1006 315 1073 341 rint.
1094 315 1149 342 Aut
1163 316 1269 343 animas
1285 315 1406 352 intelligo
1434 317 1501 344 falsa’
1522 319 1680 347 docentium
1712 321 1798 357 magi-

1008 365 1128 388 strorum
1149 369 1182 388 ac
1195 362 1370 389 mendacium
1396 363 1604 398 prophetarum,
1618 374 1679 400 quae
1699 374 1799 394 sonora

1005 408 1176 435 volubilitate
1202 409 1346 436 verborum
1368 410 1446 444 quasi
1462 410 1534 438 dulci
1550 412 1667 445 quodam
1680 413 1799 447 cantico,

1005 451 1161 485 perniciosa
1177 452 1318 486 voluptate
1338 453 1590 488 occuparintaures
1622 460 1649 482 et
1677 455 1798 482 animam

994 492 1175 525 auditorum.
1187 497 1240 525 Sed
1254 503 1279 526 et
1297 498 1364 534 ipsae
1377 499 1533 528 Judteorum
1546 501 1653 533 animus,
1669 510 1729 537 qua:
1738 503 1799 530 ﬁlia:

1006 547 1071 570 sunt
1083 544 1181 571 cantici
1197 545 1392 580 prophetarum
1406 567 1413 579 ,
1430 546 1657 579 humiliabuntur.
1670 549 1799 583 quoniam

1005 596 1062 616 non
1076 590 1223 618 audierunt
1235 596 1366 619 canentes
1387 592 1536 627 prophetas
1555 599 1583 622 et
1598 601 1727 623 vocantes
1751 604 1799 623 eas

1006 637 1039 664 ad
1055 637 1135 664 Iidem
1147 637 1260 669 Christi.
1278 639 1458 666 sicutcecinit
1478 639 1560 667 Isaias
1577 649 1583 666 ε
1600 642 1718 669 Cantabo
1732 643 1799 670 dile-

1007 683 1186 710 clocanticum
1201 684 1290 710 dilecti
1304 685 1344 716 ";
1358 689 1385 712 et
1396 693 1456 720 quas
1468 691 1533 713 sunt
1543 687 1650 722 generis
1665 688 1798 722 ejusdem.

1007 723 1112 756 Omnes
1141 730 1233 764 itaque
1258 730 1397 765 prmdictze
1421 736 1595 766 peccatorum
1629 733 1727 760 anima:
1753 734 1799 760 sed

156 777 273 806 fortasse
285 782 313 805 et
323 779 460 813 justorum
477 777 575 804 anima:
586 777 795 804 admirabuntur
813 781 841 804 et
860 777 1068 811 obstupesccnl,
1081 778 1191 812 quando
1201 778 1372 806 adducentur
1386 779 1412 806 in
1424 779 1494 806 viam
1508 780 1614 814 judicii,
1631 785 1658 808 et
1669 781 1803 809 videbunt

156 834 190 853 ex
219 825 275 852 alto
303 824 460 852 venientem
487 823 515 850 in
534 823 653 850 nubibus
668 822 767 850 Filium
780 822 901 850 hominis
913 823 942 849 in
957 822 1040 858 gloria
1056 823 1143 850 Patris
1154 823 1207 850 sui.

195 881 204 897 ι
228 870 357 906 ’Δνθήσει
376 869 407 896 τὸ
425 868 594 904 ἀμύγδαλον,
611 868 659 895 καὶ
677 868 801 903 παχυνθῇ
817 869 834 902 ή
856 867 947 902 ἀκρὶς,

1042 868 1123 895 Vsus.
1138 868 1165 896 5.
1184 878 1192 894 ε
1212 868 1332 896 Florebit
1353 869 1521 904 amygdalus,
1538 875 1564 898 et
1581 873 1744 907 pinguescat
1759 872 1802 899 lo-

157 919 206 945 καὶ
221 915 405 951 διασκεδασθῇ
422 917 439 950 ἡ
461 916 616 950 κάππαρις.
636 924 645 940 ο
664 914 716 940 Τὸν
735 914 872 940 ἐνεστῶτα
897 913 953 948 βίον

1006 919 1092 946 custa,
1108 919 1136 941 et
1152 914 1328 949 dissipabitur
1351 916 1488 950 capparis.
1517 925 1527 942 ›
1554 917 1622 944 Cum
1638 923 1800 952 priesentem

159 963 262 996 νοήσας
275 963 289 988 ὁ
306 959 443 996 Σολομὼν,
459 960 531 986 κατὰ
557 959 587 986 τὸ
613 959 641 985 ὲν
655 960 712 990 τοῖς
734 959 857 994 ’ᾼσμασι
873 958 953 993 φερό-

1006 961 1089 988 vitam
1111 960 1203 987 animo
1224 961 1353 988 Salomon
1372 966 1522 996 reputaret,
1541 963 1568 989 in
1582 962 1695 991 Cantico
1712 964 1802 991 canti-

159 1017 250 1044 μενον.
283 1007 311 1033 '0
331 1006 444 1041 χειμὼν
473 1005 622 1039 παρῆλθε.
647 1005 731 1040 Ἔαρ.
758 1006 815 1036 τοῖς
838 1003 953 1035 δικαίοις

1006 1014 1097 1034 corum
1110 1006 1209 1041 inquit,
1223 1006 1313 1033 Hiems
1327 1008 1478 1038 transiit”,
1492 1008 1630 1035 tristitiam
1641 1009 1704 1036 vitae
1721 1010 1803 1044 hujus

157 1055 356 1090 ἀναλάμποντα
375 1053 421 1079 τὸν
440 1051 574 1086 μέλλοντα
587 1050 646 1085 βίον
661 1049 726 1085 ἔφη,
741 1051 770 1076 ὲν
780 1047 821 1081 οἷς
841 1050 950 1082 ἐπάγει·

1006 1060 1035 1080 ac
1059 1052 1253 1080 turbulenliam
1277 1053 1422 1080 denotans.
1449 1052 1502 1081 Ver
1526 1058 1618 1081 autem
1648 1056 1802 1084 nominavit

195 1199 205 1214 ε
224 1188 266 1215 Τὰ
287 1187 356 1222 ἄνθη
374 1185 506 1222 ὤφθησαν
522 1185 552 1212 ὲν
573 1186 606 1220 τῇ
629 1186 665 1220 γῇ
687 1184 776 1220 ἡμῶν.
799 1193 809 1210 ο
827 1183 864 1210 Τὸ
887 1183 954 1210 αὐτὸ

156 1236 250 1262 τοίνυν
279 1232 421 1261 κάνταῦθα
450 1231 588 1268 ἐπορεύθη
616 1230 717 1266 ἐαυτῷ.
735 1230 782 1257 καί
805 1238 889 1265 φησιν
912 1229 954 1256 ὅτι

155 1281 220 1307 τότε
239 1279 326 1307 ἀνθεῖ
338 1278 372 1305 τὸ
383 1277 570 1313 ἀμύγδαλον,
583 1278 633 1304 καὶ
649 1276 815 1312 παχύνεται
826 1276 845 1310 ἡ
857 1275 953 1310 ἀκρὶς,

156 1327 206 1354 ml
222 1326 402 1360 διανοίγεται
416 1326 437 1359 ἡ
456 1324 619 1358 κάππαρις·
634 1323 706 1350 οὕτω
720 1323 776 1358 γὰρ
793 1323 887 1359 ἕτερος
899 1322 954 1349 τῶν

156 1372 335 1408 ἑρμηνευτῶν
351 1371 499 1398 ἐκδέδωκε.
512 1370 606 1397 Ταῦτα
622 1369 650 1396 δὲ
668 1369 777 1404 πέφυκε
796 1369 825 1395 ὲν
839 1368 879 1404 τῷ
893 1368 955 1404 ἔαρι

156 1418 312 1454 γίγνεσθαι.
339 1417 410 1453 Φησὶ
435 1415 484 1444 οὖν
508 1417 550 1443 ὅτι
567 1417 581 1443 ὀ
602 1416 708 1451 μέλλων
726 1415 783 1450 βίος
796 1415 857 1450 ἔαρι
870 1414 953 1442 ἔοικε.

159 1465 277 1496 Ἀλλως·
297 1463 381 1490 Φαπὶν
393 1465 418 1490 οἱ
432 1464 498 1499 περὶ
510 1462 599 1489 ταῦτα
607 1461 804 1497 ὴσχολημένοι,
823 1460 877 1496 πρὸ
889 1460 956 1488 πάν-

155 1519 214 1537 των
233 1510 351 1545 δένδρων
366 1509 458 1536 ἀνθεῖν
473 1509 505 1535 τὸ
527 1507 697 1544 ἀμύγδαλον,
717 1507 766 1534 καὶ
780 1506 852 1542 μετὰ
865 1506 956 1533 πάντα.

156 1556 326 1584 ἀποϐάλλειν
343 1555 379 1582 τὰ
396 1554 494 1590 φύλλα,
517 1554 556 1586 ὡς
570 1553 642 1580 εἶναι
661 1553 763 1589 τρόπον
777 1553 838 1580 τινὰ
856 1553 886 1580 τὸ
903 1562 955 1588 φυ-

157 1602 206 1628 τὸν
221 1601 361 1633 ἀειθαλὲς.
383 1602 478 1635 Ίσμεν
497 1600 526 1626 δὲ
542 1600 584 1626 ὅτι
605 1599 637 1625 τὸ
653 1599 810 1634 ἀμύγδαλον
828 1598 908 1626 τοῦτο
922 1599 954 1634 δὴ

157 1649 190 1675 τὸ
201 1649 306 1683 κάρυον
322 1646 454 1683 τριπλοῦν
470 1646 529 1672 ἐστι
539 1646 590 1680 τὴν
601 1645 695 1680 φύσιν·
709 1645 771 1671 τότε
787 1645 842 1680 γὰρ
856 1643 956 1677 ἔξωθεν

159 1695 219 1729 ἔχει
237 1694 330 1724 λέπος,
352 1693 399 1720 καὶ
414 1692 485 1728 μετὰ
502 1691 578 1718 τοῦτο
591 1691 622 1717 τὸ
639 1691 824 1726 ὀστρακῶδες.
840 1689 899 1717 εἶτα
912 1690 956 1716 ἔν-

159 1740 239 1766 δοθεν
252 1739 283 1766 τὺ
299 1739 442 1774 ἐδώδιμον.
460 1737 587 1768 Τοιοῦτος
607 1737 636 1763 δὲ
651 1737 698 1763 καὶ
719 1738 733 1763 ὁ
750 1736 905 1772 ἄνθρωπος,
925 1738 957 1763 ὲκ

160 1785 300 1821 σώματος,
317 1786 366 1812 καὶ
376 1784 542 1819 πνεύματος,
563 1784 611 1811 καὶ
629 1783 718 1819 ψυχῆς
730 1783 875 1814 συνεστώς.
890 1783 957 1809 Τότε

159 1831 219 1865 οὖν,
242 1832 322 1867 φησὶ,
351 1830 480 1858 ἀνθοῦσιν
504 1831 528 1856 οἱ
543 1830 655 1862 δίκαιοι,
677 1829 756 1864 δίκην
780 1829 956 1863 ἀμυγδάλων,

160 1878 299 1913 ὁλόκληρα
325 1876 506 1907 διασώζοντες
526 1875 575 1902 καὶ
598 1874 700 1910 ψυχὴν,
725 1873 883 1909 καὶσῶμα,
911 1874 959 1900 καὶ

161 1923 285 1959 πνεῦμα.
311 1922 429 1954 Ἄλλως
447 1922 479 1948 ‘H
494 1922 591 1957 ῥάϐδος
614 1921 720 1956 ’Λαρὼν
738 1921 754 1955 ἡ
769 1919 957 1955 βλαστήσασα,

160 1971 280 2007 καρυῖνη
297 1979 327 1997 τε
343 1967 388 2005 ἦν.
407 1970 454 1996 καὶ
469 1969 559 2005 χάρυά
576 1977 607 2003 γε
620 1968 712 2003 ἔφερε,
732 1968 782 2002 τῆς
797 1967 895 2002 ράὃδου
909 1967 958 2000 τῆς

159 2018 194 2043 ὲκ
209 2017 260 2051 τῆς
277 2016 356 2052 ῥίζης
372 2015 482 2048 Ἰεσσαὶ,
501 2014 549 2041 τοῦ
562 2014 666 2049 Κυρίου
680 2013 760 2048 ἡμῶν
783 2012 872 2047 Ἰησοῦ
889 2013 959 2047 Χρι-

161 2063 229 2090 στοῦ
243 2063 330 2089 τύπον
358 2062 505 2097 ἐπέχουσα.
525 2062 595 2095 Φησὶ
613 2059 659 2087 οὖν
673 2061 714 2087 ὅτι
734 2061 763 2086 ἐν
779 2058 817 2094 τῷ
835 2058 959 2093 μέλλοντι

160 2110 243 2136 αἰῶνι
260 2111 274 2135 ὁ
286 2109 423 2145 ἱερατικὸς
437 2108 513 2135 ἀνθΞί
532 2107 622 2141 λόγος,
643 2107 678 2133 τὰ
694 2106 786 2133 τέλεια
808 2106 959 2141 μαθήματα

161 2157 220 2187 τοῖς
234 2156 320 2188 ἀξίοις
343 2154 522 2191 παραδιδούς.
548 2154 608 2180 Τῶν
633 2153 661 2179 δὲ
677 2153 790 2179 δικαίων
811 2154 839 2178 ἐν
854 2151 960 2182 τούτοις

159 2203 260 2235 ὄντων,
277 2201 356 2237 φησὶ,
374 2202 392 2235 ἡ
406 2201 493 2235 ἀχρὶς
506 2200 681 2234 παχύνεται·
698 2199 760 2225 ἀντί
781 2197 839 2229 τοῦ,
856 2196 960 2232 τροφὴν

161 2250 179 2284 ἡ
195 2248 307 2278 κόλασις
320 2247 427 2281 δέχεται
439 2247 503 2277 τοὺς
512 2244 702 2281 ἁμαρτωλοὺς,
717 2244 765 2271 καὶ
779 2244 881 2278 τρόπον
897 2243 959 2270 τινὰ

161 2295 326 2330 παχύνεται.
348 2293 380 2319 'H
397 2292 450 2328 γὰρ
471 2292 551 2327 ἁκρὶς
564 2291 702 2322 κολάσεως
718 2290 796 2324 φέρει
813 2288 957 2324 σύμῦολον·

161 2341 206 2367 διὰ
214 2341 270 2375 γὰρ
281 2339 385 2374 ταύτης
394 2340 408 2365 ὁ
419 2339 485 2370 Θεὸς
499 2338 563 2368 τοῦς
579 2336 745 2372 Αἰγυπτιους
759 2335 884 2362 ἐκόλασε.
892 2334 960 2361 Teti—

161 2396 217 2414 των
243 2387 272 2413 δὲ
297 2385 386 2416 οὓτως
412 2384 622 2420 πραττομένων,
644 2383 692 2410 καὶ
714 2382 769 2409 τῶν
783 2382 832 2417 μὲν
845 2381 960 2408 δικαίων

162 2433 320 2460 ἀνθούντων
347 2433 420 2462 τότε,
443 2430 634 2466 κολαζομένων
653 2430 681 2456 δὲ
697 2429 752 2455 τῶν
777 2428 960 2464 ἁμαρτωλῶν,

163 2478 418 2506 διασκεδάννυται
442 2477 491 2504 καὶ
518 2475 726 2510 ἐξαφανίζὲται
749 2474 768 2508 ὴ
794 2473 959 2507 κάππαρις,

163 2526 254 2561 πικρὰ
265 2534 307 2556 τις
325 2523 403 2556 οὖσα,
419 2524 466 2550 καὶ
484 2522 620 2558 σύμϐολον
639 2521 688 2556 τῆς
710 2521 844 2556 όδυνηρᾶς
870 2520 962 2555 ἀμοιρ-

162 2573 234 2602 τῐας.
264 2571 296 2597 Ἦ
324 2571 378 2605 γὰρ
399 2569 484 2595 κακία
505 2568 680 2602 ἀνύπαρκτος
696 2565 775 2597 οὖσα,
795 2565 841 2592 καὶ
857 2566 896 2596 εὶς
913 2566 961 2592 ἀν-

164 2617 304 2652 υπαρξίαν
319 2616 429 2646 πάντως
441 2615 569 2650 χωρήσει.

1004 1098 1123 1125 futuram
1153 1098 1181 1125 in
1201 1098 1346 1133 splendore
1369 1099 1461 1135 gloriae
1484 1100 1567 1127 vitam
1590 1101 1741 1135 juslorum:
1757 1109 1802 1129 se-

1004 1145 1098 1179 quitur
1113 1145 1186 1172 enim
1208 1154 1215 1171 τ

1042 1200 1052 1216 ‹
1073 1191 1168 1218 Flores
1190 1191 1241 1218 visi
1264 1195 1330 1218 sunt
1349 1191 1376 1218 in
1398 1195 1469 1218 terra
1485 1196 1589 1219 nostra.
1611 1201 1620 1217 ι
1650 1192 1722 1219 Idem
1736 1199 1801 1227 ergo

1005 1244 1078 1264 nunc
1089 1237 1141 1264 sibi
1157 1236 1183 1263 in
1199 1241 1320 1264 mentem
1335 1236 1420 1266 venit.
1440 1242 1522 1271 atque
1537 1237 1591 1269 ait,
1606 1238 1678 1272 quod
1693 1242 1758 1265 tunc
1774 1238 1802 1265 in

1004 1283 1095 1318 gloria
1115 1283 1324 1310 resurrectionis
1339 1283 1442 1318 [lorebit
1459 1283 1629 1319 amygdatus,
1651 1284 1801 1320 pinguescat

1005 1329 1118 1361 locusta,
1138 1334 1162 1356 et
1182 1330 1318 1363 aperietur
1331 1329 1465 1363 capparis,
1487 1329 1524 1356 ita
1540 1329 1613 1356 enim
1628 1329 1698 1356 alius
1713 1329 1799 1356 inter-

1007 1382 1070 1410 pres
1093 1375 1188 1402 edidit.
1212 1375 1276 1402 llaec
1293 1379 1385 1402 autem
1411 1374 1505 1401 omnia
1539 1380 1606 1402 vere
1623 1374 1682 1409 ipso
1703 1383 1803 1410 prove-

1006 1420 1096 1447 niunt.
1112 1421 1158 1448 Ait
1178 1428 1244 1455 ergo
1274 1420 1394 1447 futuram
1410 1421 1493 1447 vitam
1514 1427 1599 1447 verno
1616 1421 1730 1456 tempori
1741 1428 1803 1448 esse

1006 1467 1125 1494 maxime
1153 1467 1376 1502 comparandam.
1411 1467 1516 1494 Aliter:
1545 1466 1596 1499 Qui
1629 1467 1803 1503 agriculturae

1007 1517 1071 1540 sunt
1092 1512 1183 1547 periti,
1206 1512 1284 1539 aiunt
1307 1516 1371 1539 ante
1394 1515 1508 1539 czeteras
1538 1511 1652 1539 arbores
1677 1511 1803 1539 eﬂlorero

1008 1559 1189 1594 amygdalum,
1205 1563 1233 1585 et
1247 1559 1412 1594 reliquarum
1427 1562 1592 1593 postremam
1613 1558 1676 1585 I'olia
1690 1566 1802 1591 exuere,

1010 1610 1040 1633 ut
1059 1606 1185 1633 videatur
1202 1605 1402 1640 quodammodo
1423 1604 1567 1632 frondibus
1590 1604 1681 1632 virere
1703 1612 1803 1640 perpe-

1009 1652 1074 1679 tuis.
1091 1651 1202 1678 Scimus‘
1212 1655 1302 1678 autem
1316 1658 1401 1678 nuces
1415 1650 1569 1686 amygdalas
1588 1650 1709 1685 triplices
1725 1657 1804 1682 esse;

1007 1705 1072 1725 nam
1088 1697 1259 1725 extrinsecus
1273 1697 1388 1725 viridem
1400 1697 1529 1724 corticem
1543 1696 1639 1732 lignea:
1656 1700 1733 1723 testa:
1746 1696 1804 1723 sive

1008 1742 1111 1770 duriori
1139 1742 1274 1776 putamini
1299 1742 1456 1776 impositum
1479 1741 1593 1772 habent,
1620 1740 1664 1767 cui
1691 1740 1806 1767 nucleus

1009 1789 1081 1815 inest
1092 1796 1173 1822 quem
1189 1788 1366 1815 comedimus.
1386 1787 1459 1815 Talis
1477 1795 1542 1814 vero
1561 1793 1602 1814 cst
1618 1787 1700 1814 homo
1713 1794 1728 1813 e
1742 1794 1804 1813 eor-

1009 1843 1086 1870 porc,
1110 1835 1201 1862 anima
1225 1835 1379 1870 spirituque
1406 1834 1586 1870 compositus.
1611 1833 1701 1868 Inquit
1718 1841 1804 1868 ergo:

1009 1881 1087 1908 Tunc
1106 1881 1244 1909 ﬂorebunt
1260 1881 1324 1915 jIISll
1347 1881 1419 1908 sicut
1445 1880 1589 1916 amygdali,
1620 1880 1752 1907 habentes
1778 1881 1804 1906 in

1009 1928 1103 1963 vigore
1119 1933 1145 1955 et
1162 1928 1246 1963 gloria
1283 1935 1394 1962 corpus,
1411 1927 1530 1954 animam
1553 1931 1580 1953 et
1598 1927 1733 1961 spiritum.
1747 1925 1804 1952 Ali-

1010 1977 1070 2000 ter:
1087 1972 1171 2009 Virga
1181 1973 1285 2006 Aaron,
1304 1980 1386 2008 quam
1402 1972 1570 2007 germinasse
1585 1971 1733 2003 credimus,
1752 1978 1804 1996 nu-

1009 2025 1057 2045 cea
1070 2021 1139 2048 erat,
1153 2022 1273 2044 etnuces
1284 2016 1405 2051 protulit,
1419 2023 1517 2051 gerens
1532 2016 1639 2050 signum
1655 2014 1804 2042 Salvator-is

1011 2063 1118 2090 Domini
1134 2063 1198 2090 .Iesu
1212 2062 1314 2090 Christi
1329 2062 1375 2097 qui
1391 2062 1464 2098 virga
1476 2062 1526 2089 fuit
1537 2069 1663 2097 egressus
1680 2067 1695 2087 e
1711 2061 1804 2088 radice

1010 2109 1096 2137 Iesse.
1114 2109 1159 2136 Ait
1173 2116 1237 2144 ergo
1249 2109 1322 2144 quod
1338 2109 1365 2135 in
1382 2108 1474 2135 futuro
1487 2107 1588 2135 saeculo
1604 2115 1682 2135 sacer
1697 2106 1806 2134 Ilorcbit

1011 2162 1111 2184 sermo,
1122 2154 1211 2189 dignis
1222 2154 1393 2182 auditoribus
1404 2154 1551 2189 perfectam
1565 2154 1690 2181 tribuens
1702 2153 1806 2181 doctri-

1012 2208 1086 2228 nam.
1100 2199 1187 2227 Juslis
1202 2200 1284 2236 igitur
1296 2201 1323 2227 in
1333 2200 1431 2235 gaudio
1444 2200 1612 2232 constitutis,
1636 2200 1736 2227 locusta
1747 2201 1807 2236 pin-

976 2255 997 2282 D
1011 2250 1124 2281 guescet,
1137 2246 1189 2273 hoc
1204 2251 1256 2280 est,
1272 2250 1446 2281 peccatorum
1462 2253 1576 2281 corpora
1587 2246 1750 2280 depaseetur
1762 2246 1807 2272 in-

1011 2293 1116 2324 fernus,
1147 2293 1234 2320 itaut
1249 2293 1428 2328 pinguescere
1446 2292 1579 2319 videatur.
1600 2291 1716 2319 Locusta
1731 2292 1806 2318 enim

1011 2339 1064 2366 hoc
1076 2339 1136 2365 loco
1149 2339 1313 2374 supplicium
1331 2339 1428 2375 ﬁgurat
1439 2343 1467 2366 et
1479 2345 1599 2374 pmnam,
1615 2337 1679 2374 quia
1694 2337 1808 2364 locustis

1011 2385 1084 2412 Deus
1098 2384 1239 2420 Egyptios
1254 2385 1406 2421 castigavit.
1422 2385 1450 2412 In
1467 2385 1519 2412 hoc
1535 2384 1625 2419 itaque
1638 2388 1709 2412 statu
1724 2384 1808 2411 rebus

1011 2431 1178 2462 constitutis.
1195 2431 1365 2461 ﬂorentibus,
1382 2431 1503 2465 inquam,
1515 2430 1607 2465 iustis,
1618 2429 1808 2464 peccatoribus

1013 2480 1104 2502 autem
1136 2476 1244 2503 traditis
1257 2477 1290 2503 ad
1306 2482 1440 2503 :eternum
1467 2476 1640 2511 supplicium,
1664 2475 1809 2510 dissipatur

1015 2521 1138 2556 capparis
1148 2526 1172 2548 et
1187 2523 1316 2549 euanesrit
1331 2531 1340 2550 :
1353 2530 1412 2557 qua:
1425 2530 1487 2549 cum
1500 2530 1652 2549 amarorem
1664 2521 1809 2557 quemdam

1015 2571 1044 2594 et
1059 2567 1220 2594 salsedinem
1235 2567 1342 2600 habeat,
1366 2568 1530 2595 anxietatem
1555 2567 1655 2603 ﬁgurat
1677 2567 1821 2602 sollicitu-‘

1017 2613 1164 2648 (linemque
1183 2614 1298 2648 peccati.
1324 2614 1413 2648 Ipsum
1435 2621 1500 2640 vero
1525 2618 1678 2648 peccatum,
1694 2613 1810 2648 privatio

165 2663 289 2698 quaedam
304 2670 365 2689 cum
379 2662 425 2694 sit,
449 2668 539 2695 neque
559 2667 654 2687 revera
677 2659 820 2690 subsistat,
837 2658 864 2685 in
882 2658 997 2686 nihilum
1020 2660 1169 2695 redigetur,
1185 2665 1266 2696 atque
1278 2661 1406 2693 cessabit,
1429 2668 1492 2688 eum
1521 2661 1646 2688 homines
1657 2664 1752 2688 exacto
1765 2659 1821 2694 ju-'

165 2712 249 2743 dicio.
266 2712 385 2746 amplius
405 2711 432 2737 in
449 2711 502 2737 hoc
514 2708 617 2737 mundo
635 2708 775 2744 peccaturi
794 2716 849 2735 non
864 2708 930 2735 sint.
945 2707 955 2737 )

205 2771 214 2786 ι
236 2760 298 2786 Ὀτι
319 2758 456 2794 ἐπορεύθη
472 2758 486 2784 ὁ
500 2757 645 2792 ἄνθρωπος
661 2758 701 2788 εἰς
714 2755 789 2783 οἶκον
802 2756 900 2787 αἰῶνος
915 2756 964 2781 αὺ-

167 2806 228 2834 τοῦ.
245 2815 256 2831 ι
273 2805 368 2840 Οιμοι,
384 2804 468 2840 φησὶν
484 2804 499 2830 ὁ
513 2803 607 2835 Δαυῖδ,
632 2803 676 2830 ὅτι
707 2803 725 2837 ἠ
751 2803 892 2837 παροικιά
906 2811 966 2837 μου

205 2885 228 2901 ’⁸
242 2890 296 2918 Isa.
314 2898 342 2922 v,
367 2890 394 2916 I.
431 2890 453 2904 "
468 2888 547 2916 Cant.
565 2897 596 2921 ιι,
618 2888 658 2914 II.

291 2937 427 2966 PATROL.
448 2936 504 2965 Gn.
522 2934 624 2964 XCIII.

1053 2755 1137 2790 676
1151 2763 1161 2780 ι
1184 2754 1317 2787 Quoniam
1342 2754 1482 2790 profectus
1495 2758 1538 2782 est
1557 2754 1640 2782 homo
1656 2753 1682 2780 in
1699 2753 1810 2780 domum

1021 2801 1181 2829 aeternitatis
1193 2809 1259 2830 suae.
1280 2811 1288 2827 ι
1306 2801 1395 2836 lnquit
1413 2801 1546 2836 propheta
1561 2801 1643 2828 David
1657 2808 1664 2827 :
1684 2800 1733 2826 "ei
1748 2799 1811 2826 mihi

1613 2929 1649 2959 20
