2044 3144
234 156 286 190 619
782 151 1042 183 OLYMPIODORI
1061 151 1329 184 ALEXANDRINI
1828 150 1880 182 620

235 212 299 249 quia
322 210 453 238 incolam:
477 218 550 237 meus
571 209 743 246 prolongulus
763 216 802 238 est
811 212 844 245 ",
864 220 919 239 non
932 220 1030 247 perpe-

1093 214 1266 247 ἓμακρύνθη,
1275 214 1326 240 οὐκ
1333 211 1522 248 οἴκησιν,ἁλλὰ
1532 210 1677 246 παροικίαν
1689 211 1733 237 τὸν
1742 211 1880 238 ἐνεστῶτα

237 263 311 284 tuam
331 255 538 286 habitationem.
550 256 598 282 sed
618 255 767 283 incolatum
791 264 892 284 vocans
910 264 1031 292 praisen-

1093 261 1144 287 Ξίον
1159 261 1257 295 λέγων.
1277 260 1344 286 Τότε
1357 257 1415 293 οὖν,
1426 259 1505 295 φησὶ,
1525 259 1664 295 μεταστὰς
1678 258 1711 285 ὲκ
1723 258 1806 294 τῆσδε
1830 259 1880 293 τῆς

236 307 291 330 tem
306 303 399 330 vitam.
415 301 493 328 Tunc
509 308 574 335 ergo
591 301 702 338 (inquit)
718 303 904 338 commigrans
919 304 1001 330 homo
1017 311 1032 331 e

1093 305 1234 340 παροικίας
1255 305 1269 331 ὁ
1281 301 1435 340 ἄνθρωπος’,
1452 305 1491 337 είς
1509 305 1555 331 τὸν
1570 303 1680 331 αἰώνιον
1691 303 1777 331 αὑτοῦ
1795 301 1880 337 οἷκον,

236 347 362 383 pncsenti
386 347 516 379 incolatu,
532 346 560 374 in
584 351 716 376 aeternam
732 356 809 376 suam
825 349 938 377 domum
951 369 959 379 .
980 349 1033 377 hoc

1093 352 1131 379 ιδν
1143 351 1231 379 αἰῶνα
1248 351 1294 378 τὺν
1311 351 1454 386 μέλλοντα,
1471 350 1629 386 πορεύεται.

236 398 288 425 est,
304 393 425 419 futurum
438 393 578 426 saeculum,
595 395 751 428 perveniet.

274 446 283 462 ι
303 436 335 464 Et
354 437 551 465 circumierunt
567 438 594 465 in
615 438 675 466 foro
694 439 868 475 plangentcs.
887 449 896 466 ι
912 441 990 469 Tunc
1003 446 1032 469 et

236 483 282 517 qui
295 482 407 510 fuerunt
423 483 450 510 in
472 483 523 511 hac
539 484 593 511 vita
607 489 778 519 peccatores,
800 485 947 521 plorabunt
960 491 988 514 et
1003 493 1034 514 se

236 530 402 564 percutient.
421 529 520 557 Forum
542 537 609 557 vero
627 531 685 557 sive
703 531 802 565 platea,
829 539 948 567 prtesens
964 533 1034 560 dici-

238 580 282 602 tur
308 575 373 607 vita,
400 579 510 610 propter
534 576 645 604 crebras
669 575 698 603 in
721 584 753 603 ea
778 577 981 611 negotiationes
1007 583 1035 606 et

237 621 413 648 commercia.

275 665 356 695 Vens.
380 667 406 694 6.
433 675 442 691 ι
462 666 611 702 Quousque
637 675 692 695 non
722 672 861 696 evertatur
898 669 1036 698 funiculus

237 713 352 748 argenti.
374 722 382 738 ι
404 711 562 741 Orationem
574 714 710 741 convertit
724 715 759 741 ad
774 714 939 748 auditorem,
955 724 1035 751 quem

239 758 440 786 admonendum
456 759 594 794 suscepit,
609 759 718 794 aitque:
732 759 812 793 Cura,
825 761 997 795 adolescens,
1008 768 1038 791 ut

1126 451 1135 468 ι
1156 441 1213 468 Καὶ
1226 441 1389 468 ἐκύκλωσαν
1406 443 1435 468 ὲν
1450 441 1539 476 ἀγορᾷ
1552 441 1577 467 οἱ
1594 440 1772 476 κοπτόμενοι.
1791 450 1800 466 ι
1814 440 1882 467 Τότε

1088 489 1136 516 καὶ
1150 490 1175 516 οἰ
1191 489 1219 515 ὲν
1237 488 1306 524 τῷδε
1322 487 1360 523 τῷ
1376 488 1426 523 βίῳ
1444 485 1604 522 ἁμαρτωλοὶ
1623 487 1749 513 κλαίουσι
1769 487 1817 513 καὶ
1836 487 1883 513 xo-

1088 543 1214 562 πτονται.
1237 534 1339 570 Ἀγορά
1352 534 1381 561 δὲ
1395 534 1439 561 ὅδε
1457 534 1472 559 ὸ
1490 533 1546 568 βίος
1560 533 1670 568 ἐλέχθη,
1686 532 1729 560 διὰ
1742 533 1776 560 τὰ
1792 533 1821 559 ὲν
1835 533 1884 559 αὑ-

1088 582 1128 618 τῷ
1140 581 1363 617 συναλλάγματα.

1128 681 1138 698 ι
1154 670 1229 703 Ἕως
1250 667 1281 698 οὗ
1301 670 1340 706 μὴ
1352 670 1499 706 ἀνατραπῇ
1516 669 1633 705 σχοινίον
1650 668 1699 696 τοῦ
1719 668 1880 704 ἀργυρίου.»

1090 718 1163 755 Πρὸς
1178 718 1224 745 τὸν
1242 717 1465 753 παραινούμενον
1486 718 1500 743 ὁ
1521 716 1612 750 λόγος.
1639 715 1806 746 Σπούδασον,
1830 724 1885 750 φη-

1091 765 1130 797 σὶ,
1144 762 1167 792 ὦ
1177 765 1315 797 νεανίσκε,
1333 763 1507 799 ἀγαθοεργίᾳ.
1527 761 1700 798 μειλίξασθαι
1715 762 1760 788 τδν
1775 761 1884 797 κριτὴν,

238 804 291 839 piis
308 804 439 839 operibus
460 809 560 839 tuaque
583 805 720 840 probitate
741 813 868 834 severum
889 811 1037 836 venturum

1093 809 1157 846 πρὶν
1177 809 1371 844 ἀνατραπῆναι
1392 808 1439 834 τὸν
1459 808 1585 841 πλοῦτον,
1602 808 1650 834 καὶ
1666 807 1698 833 τὸ
1714 807 1764 842 τῆς
1788 806 1886 841 φιλαρ-

237 849 359 885 judicem
383 850 431 877 tibi
455 850 616 884 placabilem
640 851 739 879 reddas
761 855 844 887 atque
870 852 1037 887 demulceas,

1093 855 1190 891 γυρίας
1202 855 1331 891 σχοινίον,
1343 855 1374 881 τὺ
1389 854 1493 889 πάσαις
1503 853 1654 889 ἁμαρτίαις
1665 851 1883 887 καταδεσμεῦον·

238 901 385 931 antequam
410 904 459 930 per
474 904 631 931 supremam
650 897 751 933 judicis
765 897 902 927 ﬂammam
920 899 1035 928 delean-

1093 901 1153 938 ῥίζα
1170 902 1225 937 γὰρ
1254 901 1365 928 πάντων
1389 900 1444 927 τῶν
1469 899 1563 927 κακῶν
1579 900 1595 934 ἡ
1611 897 1791 934 φιλαργυρία.
1817 898 1885 933 Πρὶν

241 949 284 970 tur
309 944 390 978 hujus
416 943 510 970 mundi
548 943 660 977 divitiae,
687 944 882 980 funiculusque
918 947 1039 975 avaritiae

1093 945 1140 974 οὖν
1162 947 1239 974 τόνδε
1253 946 1299 973 τὸν
1320 946 1376 982 βίον
1392 945 1549 981 παρελθεῖν,
1567 946 1596 972 ὲν
1611 941 1633 979 ᾧ
1648 945 1799 980 χρημάτων
1815 943 1886 970 ἁπά-

239 989 389 1021 scindatur,
409 990 455 1024 qui
477 990 621 1017 materiam
638 991 743 1026 praebet
763 992 892 1020 omnibus
916 993 1038 1028 peccatis

1093 1000 1137 1026 τη,
1153 991 1202 1018 καὶ
1227 989 1412 1026 φιλαργυρίας
1428 990 1511 1025 ἔρως,
1531 989 1694 1024 εὐτρέπισόν
1711 997 1757 1020 σου
1769 988 1803 1014 τὰ
1816 987 1886 1023 ἔργα

238 1035 273 1062 ad
286 1035 410 1062 homines
422 1034 619 1070 implicandos;
638 1036 714 1064 radix
730 1037 806 1064 enim
826 1038 962 1067 malorum
976 1046 1037 1066 0m-

1093 1039 1160 1074 πρὸς
1170 1038 1220 1075 τὴν
1235 1037 1335 1070 ἔξοδον.

238 1077 314 1109 nium
332 1081 443 1108 avaritia
463 1081 664 1116 perhibetur.".
679 1083 835 1118 Antequam
859 1083 941 1119 igitur
955 1085 1073 1112 excedas
1086 1085 1121 1112 ab
1138 1085 1188 1112 hac
1216 1084 1271 1111 vita
1301 1083 1329 1110 in
1342 1089 1397 1118 qua
1422 1082 1494 1117 viget
1513 1081 1608 1109 dolosa
1631 1080 1749 1116 pecunia
1764 1084 1792 1107 et
1819 1087 1885 1107 ava-

239 1129 309 1156 ritiae
329 1128 460 1161 studium,
486 1129 602 1164 dispone
624 1137 720 1158 omnes
740 1131 916 1166 operationes
933 1136 994 1160 tuas
1006 1138 1036 1160 ut
1049 1132 1270 1168 securusjudicii
1284 1131 1368 1158 l‘uturi
1382 1130 1474 1166 egredi
1488 1129 1586 1165 possis.

278 1184 287 1201 ι
307 1175 342 1202 Et
365 1179 512 1210 antequam
539 1180 700 1204 conteratur
720 1176 771 1204 llos
797 1177 868 1204 auri.
892 1187 902 1204 ι
930 1178 1039 1205 Florem

240 1222 310 1255 auri,
326 1223 560 1258 pulchritudinem
586 1223 707 1259 intellige
728 1224 772 1252 vel
795 1232 887 1252 arcam
905 1225 1040 1260 reposito-

240 1270 365 1304 riumque
388 1269 415 1296 in
433 1277 488 1304 quo
506 1277 603 1296 aurum
621 1270 773 1304 repositum
795 1278 980 1299 asservamus.
996 1272 1042 1300 Ait

240 1321 324 1350 ergo:
346 1314 499 1349 Antequam
525 1314 646 1349 pretiosa
671 1315 767 1342 mundi
794 1315 876 1351 hujus
915 1317 1040 1352 supellex

240 1360 387 1396 dispereat,
405 1360 507 1388 accede
530 1361 564 1388 ad
587 1361 728 1389 virtutem.
754 1361 863 1390 Aliter:
887 1362 1039 1399 Argentum

240 1406 364 1442 plurimis
389 1407 417 1434 in
439 1406 589 1441 Scriptura:
618 1407 686 1435 locis
708 1415 757 1443 pro
784 1408 878 1436 divino
913 1417 1041 1437 sermone

241 1453 385 1488 accipitur,
410 1460 509 1480 aurum
535 1460 602 1481 vero
631 1461 682 1488 pro
710 1453 851 1482 intellectu
875 1462 907 1482 ac
935 1459 1039 1483 mente.

240 1497 348 1526 Florem
363 1506 427 1527 vero
441 1499 512 1532 auri,
536 1499 716 1536 intelligimus
730 1500 828 1528 anima:
842 1506 944 1529 nostra;
962 1501 1040 1536 prin-

1131 1189 1140 1205 ι
1162 1179 1217 1206 Καὶ
1238 1177 1369 1213 συντριΰῇ
1386 1178 1416 1203 τὸ
1440 1176 1570 1211 ἀνθεμιον
1587 1175 1636 1202 τοῦ
1651 1174 1776 1210 χρυσίου.
1793 1183 1802 1199 ι
1826 1173 1886 1200 'Av-

1093 1225 1197 1260 θέμιον,
1214 1224 1231 1259 ἢ
1243 1224 1274 1250 τὸ
1294 1223 1387 1257 ἄνθος,
1399 1223 1446 1249 ’καὶ
1462 1223 1479 1257 ἠ
1496 1221 1634 1257 ὡραιότης
1649 1221 1696 1248 τοῦ
1718 1220 1841 1259 χρυσίου,
1867 1220 1884 1256 ἢ

1092 1270 1140 1298 καὶ
1154 1271 1171 1306 ἡ
1186 1270 1272 1306 θήκη,
1293 1269 1323 1296 ὲν
1347 1266 1364 1305 ᾖ
1389 1267 1553 1303 πεφύκαμεν
1576 1266 1755 1294 ἀποτίθεσθαι
1770 1265 1802 1292 τὸ
1819 1275 1886 1301 χρυ-

1092 1316 1161 1343 σίον.
1175 1315 1243 1351 Πρὶν
1259 1314 1317 1348 οὖν,
1341 1314 1420 1349 φησὶ,
1441 1313 1475 1341 τὰ
1491 1314 1556 1349 τῇδε
1573 1312 1697 1349 παρέλθῃ
1722 1313 1885 1348 πράγματα,

1094 1361 1209 1398 μέτελθε
1235 1360 1283 1396 τὴν
1307 1360 1422 1395 ἀρετήν.
1446 1358 1562 1390 ’Λλλωςν
1584 1357 1730 1393 Ἀργύριον
1750 1356 1886 1392 πολλαχοῦ

1093 1406 1144 1442 τῆς
1158 1407 1272 1442 Γραφῆς
1286 1406 1300 1432 ὁ
1314 1405 1384 1436 θεῖος
1399 1405 1508 1440 εἴρηται
1519 1404 1598 1438 λόγος
1610 1412 1616 1419 ·
1630 1403 1731 1439 χρυσὸν
1744 1403 1773 1429 δὲ
1784 1402 1887 1437 ἐκλαμ-

1093 1453 1212 1489 ϐάνομεν
1227 1452 1273 1479 τὸν
1297 1452 1372 1479 νοῦν·
1393 1450 1569 1487 ἀνοὲμιονιδὲ
1587 1450 1699 1486 χρυσίου
1715 1449 1746 1476 τὸ
1770 1450 1800 1475 ὲν
1821 1450 1888 1484 ἡμῖν

1094 1499 1269 1535 ἡγεμονικόν.
1284 1498 1353 1534 Πρὶν
1367 1495 1425 1530 οὖν,
1443 1497 1521 1533 φησὶ,
1546 1496 1684 1531 παύσηται
1698 1496 1713 1522 ὁ
1727 1495 1806 1530 λόγος
1822 1496 1836 1522 ὁ
1846 1495 1888 1521 δι-

246 1545 344 1580 cipale.
356 1545 396 1572 lta
419 1545 502 1580 igitur
516 1546 599 1574 verba
615 1547 672 1574 haec
689 1547 852 1581 exponenda
866 1557 871 1575 :
887 1547 1040 1582 Antequam

1093 1545 1269 1578 δασκαλικὸς,
1281 1544 1295 1570 ὀ
1314 1544 1394 1578 δίκην
1413 1542 1562 1578 τριπλόκου
1588 1541 1717 1577 σχοινίου,
1736 1541 1796 1576 ἦτοι
1816 1548 1889 1575 φρα-

241 1595 364 1618 transeat
382 1591 430 1618 tibi
451 1591 576 1619 doctrina
596 1600 680 1620 sacra:
700 1591 859 1628 Scriptum,
879 1601 941 1628 quae
958 1593 1044 1621 instar

242 1635 358 1671 triplicis
370 1635 485 1664 funiculi
500 1644 533 1665 ac
553 1636 652 1673 ﬂagelli
667 1637 753 1665 malas
764 1642 873 1665 nostras
882 1637 1043 1666 all‘ectiones

241 1682 362 1716 vitiaque
383 1682 505 1717 depellit,
529 1683 594 1711 dum
620 1690 699 1719 potes
723 1683 868 1711 cerebrum
883 1687 960 1711 tuum
975 1692 1041 1720 pur-

242 1736 317 1764 gare,
341 1729 483 1764 donccque
506 1737 536 1758 es
560 1730 588 1757 in
612 1731 679 1763 vita,
709 1729 822 1757 multam
848 1729 888 1757 tui
908 1730 1042 1759 rationem

244 1774 354 1802 habeto.

282 1830 292 1846 ‹
310 1819 343 1848 Et
355 1825 503 1857 antequam
514 1826 672 1848 conteratur
682 1821 777 1856 hydria
793 1829 875 1856 super
891 1821 1006 1849 fontem.
1026 1833 1034 1848 ι

244 1865 301 1894 lloc
315 1866 374 1894 loco
389 1866 570 1894 Ecclesiastes
585 1871 679 1894 noster
694 1865 904 1901 philosophatur
920 1867 954 1894 de
967 1874 1042 1894 mas-

244 1919 273 1940 sa
288 1920 321 1940 ac
333 1912 413 1948 globo
429 1911 542 1940 humani
558 1912 691 1947 corporis.
714 1911 752 1939 Ne
767 1911 828 1947 quis
845 1912 917 1939 enim
936 1916 1044 1947 putaret

244 1959 298 1987 hoc
316 1967 416 1995 corpus
438 1963 564 1987 nostrum
585 1958 658 1993 quod
680 1958 708 1985 in
732 1962 819 1986 morte
841 1958 998 1991 resolvitur,
1014 1958 1042 1986 in

244 2004 361 2032 nihilum
379 2009 516 2040 perpetuo
539 2004 678 2031 abiturum
695 2010 772 2036 esse,
792 2003 941 2039 symbolice
964 2003 1043 2031 nobis

244 2050 364 2078 ostendit
390 2057 467 2078 suam
499 2049 680 2085 reparabilem
715 2049 928 2084 perennitatem.
965 2049 1043 2078 Sicut

243 2096 319 2124 enim
341 2095 437 2131 hydria
460 2095 540 2131 juxta
559 2095 663 2122 fontem
683 2095 787 2126 attrita.
808 2103 878 2130 aqua
895 2103 951 2122 non
972 2096 1044 2130 perit

245 2151 296 2170 nec
308 2142 460 2175 evanescit,
476 2141 524 2169 sed
540 2142 568 2170 in
581 2142 683 2169 fontem
704 2149 782 2169 suum
798 2142 954 2175 revertitur,
981 2151 1043 2170 rur—

244 2196 345 2223 susque
366 2195 428 2215 cum
456 2188 518 2222 quis
535 2187 661 2220 voluerit,
685 2195 782 2222 aquam
806 2188 907 2222 poterit
933 2188 1043 2215 haurire

246 2234 280 2262 de
301 2233 393 2261 fonte:
412 2233 448 2260 itu
462 2238 490 2260 et
512 2241 611 2268 corpus
627 2233 699 2268 quod
718 2233 745 2260 in
770 2233 906 2260 elementa
929 2234 1043 2260 resolvi~

247 2285 302 2314 tur,
317 2280 345 2307 in
363 2280 467 2308 fontem
483 2288 564 2308 suum
581 2280 692 2315 (terram
716 2280 843 2307 videlicet
856 2281 953 2315 ipsam)
974 2281 1044 2307 redit

246 2331 367 2362 paratum
399 2327 498 2354 iterum
537 2327 565 2354 in
600 2327 722 2355 membra
753 2327 899 2362 componi,
933 2328 1044 2362 quando

245 2374 348 2401 Auctor
371 2373 416 2401 ille
451 2373 569 2401 voluerit
595 2374 641 2408 qui
662 2374 696 2402 ab
713 2373 791 2401 initio
809 2373 873 2401 illud
889 2373 1044 2408 plasmavit.

245 2419 331 2447 Aliter
353 2428 360 2446 :
382 2420 458 2454 Aqua
492 2418 595 2455 hydria:
609 2419 644 2453 .in
678 2419 754 2447 fonte
787 2426 843 2446 non
880 2420 967 2454 perit,
995 2421 1045 2448 scd

247 2464 281 2492 ad
328 2471 406 2491 suam
447 2463 645 2499 plenitudinem
692 2464 932 2500 integritatemque
966 2473 1046 2493 accc-

247 2511 287 2539 dit
315 2510 342 2537 in
383 2510 459 2537 fonte
488 2510 550 2545 ipso
584 2510 772 2538 exsistcntem.
812 2509 927 2543 Quando
964 2511 1047 2546 igitur

248 2557 320 2592 quod
341 2565 373 2584 ex
391 2561 478 2592 parte.
507 2561 671 2584 evacuatum
696 2556 788 2590 fuerit,
805 2557 900 2592 .juxta
928 2557 1046 2592 Aposto-

247 2602 344 2636 lum",
382 2607 446 2630 tunc
482 2602 575 2630 veniet
616 2602 691 2638 quod
722 2603 873 2637 perfectum
897 2607 950 2630 est.
979 2602 1047 2631 Par-

1094 1591 1200 1626 γελλίου
1229 1591 1263 1618 τὰ
1289 1591 1319 1617 ὲν
1343 1591 1410 1625 ἡμῖν
1435 1588 1596 1616 ἀπελαύνων
1612 1587 1698 1622 πάθη,
1723 1587 1758 1614 δι’
1771 1584 1801 1613 οὗ
1820 1585 1889 1622 δύνῃ

1094 1637 1215 1673 καθᾶραι
1231 1636 1261 1663 τὸ
1277 1637 1306 1663 ἐν
1326 1636 1368 1662 σο)⁸
1394 1635 1571 1671 ἡγεμονικόν
1596 1633 1658 1660 ἀντ)⁵
1681 1633 1739 1666 τοῦ,
1751 1633 1805 1665 ἓως
1820 1630 1845 1659 εἷ
1858 1632 1889 1659 ἐν

1093 1682 1162 1720 τῷδε
1175 1683 1215 1718 τῷ
1230 1683 1292 1718 βίῳ,
1309 1681 1411 1718 πολλὴν
1425 1679 1526 1708 σαυτοῦ
1543 1680 1657 1716 ποίησον
1676 1679 1847 1715 ἐπιμέλειαν.

1131 1825 1142 1842 ι
1159 1817 1213 1843 Καὶ
1227 1816 1358 1852 συντριϐῇ
1369 1817 1386 1852 ἡ
1402 1816 1481 1852 ὑδρία
1493 1816 1540 1843 ἐπὶ
1554 1816 1604 1851 τῆς
1620 1816 1721 1850 πηγῆς.
1744 1825 1754 1842 ι
1778 1815 1888 1842 Ἑνταῦ-

1094 1863 1129 1891 θα
1142 1863 1284 1898 φιλοσοφεῖ
1298 1863 1364 1898 περὶ
1378 1862 1426 1889 τοῦ
1448 1862 1622 1899 ἀνθρωπίνου
1638 1862 1813 1898 φυράματος.
1829 1863 1888 1888 "lu

1093 1910 1149 1945 γὰρ
1167 1910 1204 1946 μή
1225 1918 1267 1941 τις
1285 1909 1384 1945 νομίσῃ
1399 1910 1439 1942 είς
1460 1908 1632 1944 ἀνυπαρξίαν
1648 1909 1748 1944 χωρεῖν
1763 1908 1793 1935 τὸ
1809 1908 1889 1944 σῶμα

1093 1956 1283 1992 διαλυόμενον,
1301 1956 1346 1983 διὰ
1372 1955 1510 1991 συμδόλου
1533 1955 1654 1982 διδάσκει
1669 1955 1718 1991 τὴν
1734 1955 1819 1982 αὐτοῦ
1835 1964 1888 1982 πα-

1095 2003 1226 2038 ραμονήν.
1247 2003 1354 2037 Ὥσπερ
1367 2002 1421 2038 γὰρ
1434 2002 1528 2038 ὑδρίας
1548 2002 1618 2038 πρὸς
1633 2003 1667 2038 τῇ
1685 2003 1761 2038 πηγῇ
1779 2009 1888 2037 συντρι-

1093 2049 1223 2085 6ομένης,
1241 2049 1271 2076 τὺ
1291 2048 1364 2083 ὕδωρ
1379 2048 1430 2075 οὐκ
1445 2048 1608 2080 ἀπόλλυται,
1632 2048 1690 2075 ἀλλ’
1708 2049 1748 2080 εἰς
1763 2048 1813 2084 τὴν
1826 2048 1889 2074 ἑαυ-

1093 2095 1141 2122 τοῦ
1155 2095 1247 2131 πηγὴν
1264 2094 1383 2131 ἔρχεται·
1405 2095 1453 2122 καὶ
1471 2095 1554 2122 πάλιν
1565 2096 1629 2122 ὅταν
1645 2104 1689 2126 τις
1701 2095 1792 2130 ἐθέλῃ,
1808 2093 1889 2121 τοῦτο

1094 2141 1226 2175 ὲξαντλεῖ⁴
1248 2140 1323 2168 οὕτω
1345 2141 1392 2167 καὶ
1413 2140 1443 2167 τὺ
1469 2140 1549 2176 σῶμα
1571 2140 1748 2176 διαλυόμενον
1767 2140 1820 2170 ,ἐπὶ
1839 2139 1888 2175 τὴν

1095 2187 1191 2214 ἑαυτοῦ
1207 2187 1297 2222 πηγὴν
1318 2186 1377 2223 (τὴν
1394 2186 1457 2222 γῆν)
1473 2187 1625 2219 ἐπάνεισιν,
1637 2187 1748 2221 ἕτοιμον
1760 2185 1790 2212 ὃν
1806 2186 1888 2212 πάλιν

1097 2234 1239 2269 συστῆναι,
1263 2234 1327 2260 ὅταν
1344 2234 1358 2260 ὁ
1374 2233 1424 2268 τὴν
1436 2233 1527 2268 ’ἀρχὴν
1542 2233 1609 2260 αὐτὸ
1627 2232 1778 2263 διαπλάσας
1791 2231 1887 2267 βούλη-

1093 2289 1149 2308 ται.
1168 2280 1274 2312 Ἀλλως
1300 2280 1329 2306 τὸ
1349 2280 1399 2315 τῆς
1416 2279 1510 2315 ὑδρίας
1526 2279 1599 2315 ὕδωρ
1614 2280 1654 2311 είς
1668 2280 1717 2314 τὴν
1735 2279 1828 2314 πηγὴν
1841 2279 1887 2304 ὲκ-

1093 2327 1223 2362 χεόμενον
1246 2327 1298 2353 οὐκ
1323 2325 1484 2358 ἀπόλλυται,
1502 2325 1571 2352 ἀλλὰ
1586 2326 1658 2361 μετὰ
1671 2326 1718 2352 τοῦ
1734 2325 1888 2360 πληρώμα-

1094 2373 1138 2404 τός
1151 2374 1209 2399 ἐστι
1223 2372 1270 2399 τοῦ
1287 2373 1316 2399 ὲν
1330 2374 1364 2408 τῇ
1384 2374 1470 2408 amvi}.
1483 2373 1574 2399 "'Otuv
1597 2370 1645 2399 οὖν
1667 2373 1699 2399 ὲκ
1714 2371 1762 2399 τοῦ
1786 2372 1887 2407 μέρους

1095 2420 1269 2455 καταργηθῇ,
1287 2419 1358 2446 κατὰ
1378 2419 1424 2445 τὸν
1446 2418 1620 2449 ’Λπόστολον,
1645 2418 1706 2444 τότε
1728 2417 1757 2444 τὸ
1783 2417 1887 2444 τέλειον

1095 2466 1216 2500 ἔρχεται.
1238 2466 1269 2492 'H
1287 2463 1333 2492 οὖν
1350 2465 1451 2501 μερικὴ
1470 2465 1573 2500 γνῶσις
1588 2465 1606 2500 ἡ
1619 2464 1667 2491 νῦν
1682 2465 1711 2491 ὲν
1725 2465 1789 2499 ἡμῖν
1806 2462 1886 2494 οὖσα,

1095 2512 1156 2539 τότε
1177 2512 1227 2547 τὴν
1251 2511 1410 2546 τελειότητα
1439 2510 1644 2547 προσλαϐοῦσα,
1673 2510 1710 2543 ὡς
1739 2510 1812 2545 ὕδωρ
1829 2510 1889 2536 ἐστὶ

1096 2558 1190 2594 ὑδρίας
1205 2558 1232 2584 ἐν
1248 2557 1296 2593 ὅλῃ
1319 2559 1406 2593 πηγῇ,
1426 2557 1457 2583 τὸ
1477 2557 1560 2592 μέρος
1581 2556 1785 2592 προσλαϐοῦσα,
1803 2556 1888 2591 ἣγουν

1095 2604 1145 2639 τὴν
1157 2603 1324 2638 τελειότητα.

248 2649 367 2678 licularis
395 2649 485 2685 itaque
500 2650 558 2677 haec
584 2654 678 2677 nostra
710 2649 832 2685 cognitio
849 2657 909 2684 quae
932 2657 1006 2678 nunc
1037 2650 1117 2678 nobis
1142 2651 1224 2683 inest,
1255 2654 1323 2677 tunc
1347 2649 1544 2685 perfectionem
1568 2657 1645 2678 suam
1665 2649 1814 2686 accipiens,
1835 2649 1888 2677 erit

248 2697 322 2724 velut
337 2706 405 2732 aqua
417 2698 519 2733 hydria:
529 2698 564 2725 ad
577 2697 775 2733 plenitudinem
789 2697 870 2725 fontis
882 2698 1042 2731 dcvcniens,
1062 2698 1127 2726 fonti
1143 2702 1218 2733 parte
1230 2702 1295 2725 tunc
1308 2697 1398 2725 addita
1412 2705 1464 2732 qua
1479 2698 1540 2725 l'ons
1551 2697 1626 2732 prius
1642 2697 1761 2724 carebat.

280 2743 362 2779 677
378 2753 387 2769 ι
409 2744 444 2770 Ει
456 2744 634 2771 convolvatur
649 2749 708 2771 rota
721 2752 805 2779 super
820 2744 920 2772 lacum.
942 2754 950 2770 ι
969 2745 1037 2772 Aliis

246 2789 369 2816 eamdem
383 2788 546 2815 sententiam
559 2789 649 2816 verbis
661 2789 804 2824 expressit.
823 2789 952 2818 Couvnlvi
966 2789 1040 2817 enim

1129 2753 1138 2770 ι
1155 2746 1208 2772 Καὶ
1225 2743 1397 2780 συντροχάσῃ
1412 2745 1426 2771 ό
1437 2745 1534 2780 τροχὸς
1549 2744 1596 2771 ἐπὶ
1609 2744 1655 2771 τὸν
1669 2744 1780 2772 λάκκον.
1798 2753 1808 2771 t
1830 2745 1889 2770 Κα-

1096 2790 1128 2817 τὰ
1148 2789 1320 2826 ἐτερολεξίαν
1336 2790 1366 2817 τὸ
1383 2790 1449 2817 αὐτὸ
1471 2791 1561 2826 νόημα
1580 2790 1677 2826 ἔφησε.
1702 2790 1889 2825 Συντροχάσαῑ

283 2875 308 2892 ³⁸
320 2876 390 2904 Psal.
406 2884 478 2910 cxtx,
498 2877 524 2904 5.
575 2860 614 2904 ᾧ⁷1
631 2877 701 2905 Tim.
719 2887 757 2912 vi,
775 2878 817 2906 10.
865 2879 889 2896 ’⁸
906 2878 1063 2912 lCor._xnl,
1078 2878 1121 2905 10.
