2044 3144
264 197 316 228 607

807 199 1066 230 OLYMPIODORI
1093 200 1358 231 ALEXANDRINI

1840 207 1894 238 608

265 257 368 286 partem
385 251 450 286 ipsis
464 255 567 286 septem
588 252 660 286 dato,
677 257 704 280 et
716 253 780 288 ipsis
797 258 869 281 octo.
886 254 988 281 Aliter:
1000 254 1050 281 Se-

1119 256 1144 282 ιὰ
1169 257 1199 283 τὸ
1225 258 1258 292 τῇ
1285 257 1366 292 ὀγδόῃ
1385 257 1477 293 ἡμέρᾳ.
1494 258 1722 293 περιτέμνεσθαι.
1740 259 1816 285 ῐΙοῐει
1835 267 1894 286 τοι-

266 302 337 328 ptem
348 297 420 324 dona
436 297 555 332 Spiritus
568 305 695 327 numerat
709 300 792 327 Isaias
806 300 837 328 ".
865 300 957 327 Potest
969 300 1050 336 igitur

264 343 437 371 Christianus
453 346 569 380 populus
579 347 702 381 apposita
713 347 829 382 quadam
841 347 987 375 collatione
1003 356 1052 383 per

265 390 448 424 septenarium
458 400 601 419 numerum
618 392 766 427 designari,
779 401 841 420 cum
858 398 962 428 septem
971 394 1051 428 spiri-

266 435 384 462 tualibus
396 436 475 464 donis
490 437 591 465 ditatus
605 437 695 465 fuerit.
713 437 860 465 Octonario
884 443 974 465 autem
1001 447 1052 466 nu-

268 488 344 507 mero
361 481 546 517 designabitur
564 484 680 518 populus
700 483 868 515 Iudaeorum,
890 485 936 519 qui
954 489 1052 513 octavo

267 526 311 553 die
334 526 558 557 Circumcisionis
585 530 690 565 accepit
716 530 835 565 signum.
859 531 950 565 lnquit
966 539 1052 566 ergo:

267 571 367 600 Confer
377 574 575 610 eli'emosynam
596 577 623 602 in
640 584 736 603 omnes
760 576 894 603 homines.
907 576 985 609 Quod
1003 585 1055 605 au-

268 623 322 646 tem
337 619 433 654 inquit.
448 622 510 655 quia
522 630 573 648 non
584 623 716 657 cognoscis
740 623 803 657 quid
815 623 877 650 mali
888 624 1007 658 futurum
1020 625 1054 652 sit

270 673 347 699 super
362 671 472 700 terram,
483 668 515 695 ad
531 676 628 695 omnes
648 673 736 704 potest
746 670 946 697 accommodari
974 678 1057 705 expo.

270 710 384 738 sitiones
399 719 467 746 quas
484 713 564 740 modo
575 714 664 746 attuli,
681 714 717 741 ita
735 714 860 742 videlicet
873 724 878 741 :
891 715 991 750 Recipe
1002 716 1057 743 duo

271 755 454 789 Testamenta,
465 763 494 785 ut
507 758 666 794 ignorantia:
680 760 780 794 pariter
796 769 828 788 ac
840 762 967 796 nequitiae
979 766 1056 788 tene-

272 801 334 828 bras
349 803 444 836 procul
462 804 511 831 abs
528 809 553 831 te
565 806 689 840 repellas.
717 806 775 839 νυι,
798 807 920 834 modeste
936 815 985 842 age
996 815 1057 842 qum

272 846 305 872 ad
323 847 403 881 hujus
411 849 549 882 pertinent
558 850 618 877 vine
627 850 724 883 oliicia,
738 852 860 887 cogitans
870 852 980 880 assidue
988 853 1057 880 etde

1104 301 1216 337 γαροῦν,
1233 302 1311 337 φησι,
1329 303 1378 338 τὴν
1394 303 1580 339 ἐλεημοσύνην
1593 304 1661 339 πρὸς
1677 304 1782 336 πάντας
1792 303 1896 340 ἀνθρώ-

1105 355 1183 379 πους.
1202 347 1239 374 Τὸ
1258 348 1297 380 δὲ,
1314 347 1358 374 ὅτι
1372 349 1407 375 οὐ
1423 348 1580 383 γινώσκεις
1593 349 1622 375 τί
1647 349 1734 376 ἔσται
1759 349 1896 383 πονηρὸν

1105 391 1154 418 ἐπὶ
1180 392 1237 426 τὴν
1259 392 1327 427 γῆν,
1353 392 1425 419 κατὰ
1450 394 1540 425 πάσας
1564 395 1672 429 νοήσεις
1699 393 1750 425 τὰς
1771 393 1896 428 ὲκδοχάς.

1106 439 1189 473 Δέχου
1214 439 1264 471 τὰς
1285 439 1332 466 δύο
1353 440 1502 475 Διαθήκας,
1525 440 1568 466 ἶνα
1588 439 1619 466 τὸ
1645 440 1694 475 τῆς
1715 439 1827 473 ἀγνοίας
1849 438 1897 465 καὶ

1107 483 1241 519 πονηρίας
1274 484 1417 519 unum“;
1450 484 1556 516 σκότος.
1588 484 1772 520 Εὑσχημόνως
1808 483 1898 518 πράτ-

1107 538 1136 556 τε
1150 530 1185 556 τὰ
1197 531 1225 556 ἐν
1247 528 1315 564 τῷδε
1330 529 1368 565 τῷ
1381 529 1431 564 βίῳ
1449 530 1617 566 καθήκοντα,
1640 531 1669 556 ἐν
1688 529 1809 565 φροντίδι
1823 529 1897 556 τιθέ-

1110 585 1189 610 μενος
1212 576 1260 603 καὶ
1277 575 1322 602 τὸν
1337 575 1469 611 μέλλοντα
1479 576 1567 603 αἰῶνα
1585 584 1593 591 ·
1608 576 1639 603 οὐ
1652 577 1707 612 γὰρ
1719 574 1798 602 οἶσθα
1821 576 1898 601 ποῖαι

1109 622 1232 649 ὲπῐπονοι
1257 621 1382 654 κολάσεις
1409 621 1572 648 ἀπόκεινται
1601 623 1659 654 τοῖς
1684 622 1722 657 μὴ
1745 620 1899 656 παρέχουσι

1111 666 1208 701 μερίδα
1228 667 1284 698 τοῖς
1308 666 1389 697 ἑπτὰ,
1418 666 1465 692 καί
1477 674 1509 700 γε
1524 667 1581 698 τοῖς
1595 667 1679 694 ὀκτώ,
1693 666 1769 693 Ποίει
1783 666 1900 700 ἐλεημοο

1111 713 1192 745 σὺνας
1206 713 1274 749 πρῖς
1286 713 1390 744 πάντας
1400 713 1562 748 ἀνθρώπους
1576 713 1645 747 μετὰ
1658 712 1810 748 ἁπλότητος
1829 719 1900 746 καρ-

1110 760 1169 791 δίας
1182 768 1189 774 ·
1213 759 1244 786 οὺ
1260 759 1315 794 γὰρ
1330 759 1477 785 ἐπίστασαι
1489 759 1531 791 τίς
1542 760 1556 785 ὁ
1566 759 1673 794 ἀληθῶς
1681 759 1802 795 χρῄζων,
1820 757 1837 793 ἦ
1857 756 1900 789 τίς

1111 809 1125 833 ὀ
1137 807 1208 833 κατὰ
1227 805 1359 841 πονηρίαν
1375 805 1420 832 καὶ
1433 805 1594 837 πλεονεξίαν
1609 805 1704 832 αίτῶν.

273 892 363 919 futuro
374 894 493 921 smculo:
510 903 598 930 neque
615 896 688 923 enim
700 897 770 924 nosti
780 905 861 931 quam
871 897 962 931 gravia
981 897 1099 932 reposita
1126 900 1191 923 sunt
1203 899 1338 922 tormenta
1365 894 1399 922 iis
1426 894 1470 929 qui
1495 902 1584 930 neque
1609 893 1772 930 septenariis
1796 898 1900 929 partem

273 945 349 965 suam
362 938 505 971 dederunt.
528 948 616 975 neque
634 943 791 969 octonariis.
809 943 892 977 670
916 942 974 975 Vel,
1002 943 1201 977 eleeinosynam
1221 940 1349 968 omnibus
1375 940 1470 967 conl'er
1485 940 1513 966 in
1527 940 1619 967 cordis
1645 939 1684 967 tui
1706 939 1900 974 simplicitate:

272 991 361 1018 neque
374 985 446 1012 enim
459 985 532 1013 nosti
544 987 605 1021 quis
632 987 774 1015 hominum
795 996 859 1015 vere
885 989 1015 1024 indigeat,
1034 989 1128 1023 quisve
1156 986 1282 1014 simulata
1293 991 1453 1021 paupertate
1465 994 1513 1021 per
1521 986 1663 1013 avaritiam
1678 988 1763 1020 petat.

308 1030 391 1058 Vens.
406 1032 433 1059 5.
453 1041 462 1057 ι
501 1032 528 1059 Si
548 1033 658 1068 repletze
674 1033 775 1061 fuerint
798 1035 885 1062 nubes
906 1035 1007 1070 pluvia,
1032 1035 1059 1061 in

1149 1043 1158 1060 ι
1188 1033 1252 1060 Ἐὰν
1274 1032 1441 1068 πληρωθῶσι
1465 1033 1500 1059 τὰ
1518 1032 1585 1068 νέφη
1605 1032 1695 1064 ὑετοῦ,
1714 1032 1760 1058 ἐπὶ
1773 1032 1823 1066 τὴν
1849 1031 1903 1066 γῆν

272 1080 372 1104 terram
383 1077 528 1105 ell‘undunt
547 1083 591 1105 :et
608 1079 630 1106 si
649 1079 756 1106 decidat
771 1080 871 1115 lignum
892 1081 926 1108 ad
936 1084 1060 1108 austrum

272 1123 329 1150 sive
339 1123 373 1150 ad
383 1123 504 1156 boream.
519 1124 547 1151 in
561 1124 620 1152 loco
637 1125 682 1152 ubi
693 1126 833 1154 ceciderit.
847 1126 882 1153 ibi
898 1126 1058 1154 desidebit.)

273 1165 362 1194 Prima
373 1167 480 1202 quidem
494 1168 625 1202 particula
656 1169 738 1203 hujus
764 1169 815 1196 loci
838 1169 946 1196 litterati
977 1177 1061 1197 sensu

273 1217 364 1248 potest
381 1213 413 1240 ad
426 1214 627 1250 eleemosynam
650 1214 745 1242 referri
763 1224 769 1241 :
795 1215 857 1250 quia
873 1215 945 1243 sicut
975 1216 1063 1243 nubes

272 1261 351 1296 jussu
377 1261 471 1289 divino
500 1261 614 1289 imbrem
638 1270 721 1297 super
742 1270 838 1290 omnes
850 1267 980 1298 spargunt
999 1283 1006 1296 ,
1025 1263 1061 1290 ita

275 1307 404 1348 convenit
419 1307 619 1343 elecmosynam
649 1309 757 1336 cunctis
782 1309 940 1337 hominibus
960 1310 1062 1345 impar-

275 1351 330 1380 tiri.
343 1352 455 1388 Mystico
468 1358 559 1381 autem
572 1357 600 1381 et
616 1353 766 1381 sublimiori
795 1362 890 1387 sensu.
909 1355 989 1382 nubes
1014 1363 1063 1390 pro

275 1400 376 1427 sanctis
385 1399 449 1427 viris
459 1400 631 1435 accipiuntur
647 1408 655 1426 :
672 1408 789 1435 quorum
813 1408 885 1428 unus
898 1400 950 1428 fuit
963 1400 1061 1434 Moses,

275 1444 320 1479 qui
339 1444 404 1472 dicit
418 1454 425 1471 :
443 1444 615 1480 Exspectatur
635 1450 662 1473 ut
677 1445 767 1481 pluvia
781 1446 913 1481 eloquium
929 1453 1016 1473 meum
1029 1446 1061 1473 ¹³.

277 1490 368 1518 Sancti
384 1499 448 1526 ergo
464 1491 559 1526 repleti
574 1491 668 1519 divino
681 1492 774 1524 verbo,
787 1491 867 1527 quale
886 1491 991 1519 scilicet
1021 1491 1063 1519 fa-

275 1542 349 1565 ctum
365 1542 406 1565 est
421 1537 455 1565 ad
469 1538 538 1565 Osee
548 1544 711 1573 sanctosque
725 1539 803 1570 alios,
814 1538 957 1566 elIundunt
970 1538 1065 1566 fecun-

276 1582 341 1610 dum
351 1583 465 1610 imbrem
476 1591 530 1610 non
548 1591 630 1618 super
649 1584 733 1610 solam
746 1583 879 1615 Judaeam,
902 1584 950 1611 sed
981 1589 1009 1611 et
1036 1583 1064 1611 in

277 1634 386 1654 omnem
402 1632 499 1654 terram
512 1629 539 1655 in
552 1636 632 1663 quam
647 1628 732 1656 exivit
758 1636 843 1656 sonus
866 1636 960 1656 eorum
974 1629 1006 1656 ‘°.
1031 1628 1066 1657 Et

278 1673 337 1700 lues
355 1673 463 1708 quidem
483 1674 516 1701 de
541 1675 626 1708 prima
638 1675 769 1709 particula
782 1675 832 1702 loci
851 1675 933 1710 hujus
946 1684 1007 1710 qua:
1031 1676 1065 1703 ad

278 1706 397 1753 pluviam
414 1706 549 1753 pertinet;
559 1706 754 1755 Ligna-veroin
768 1706 916 1755 Scripturis
931 1706 1015 1749 sacris
1027 1722 1065 1749 si—
1079 1706 1100 1735 ο

279 1763 496 1799 gniﬁcantmodo
508 1765 597 1799 justos
612 1765 695 1797 viros,
708 1766 789 1794 modo
799 1767 880 1794 etiam
891 1772 1065 1801 peccatores;

277 1814 373 1837 auster
382 1815 472 1838 autem
482 1810 617 1846 accipitur
639 1819 689 1846 pro
712 1811 811 1839 illustri
828 1812 888 1840 loco
916 1820 949 1840 ac
965 1813 1067 1847 lucido,

280 1855 324 1882 vel
341 1863 390 1890 pro
403 1855 542 1884 verissima
560 1856 605 1883 illa
617 1856 678 1883 luce
693 1864 753 1891 qtue
764 1861 808 1884 est
834 1857 914 1884 Jesus
943 1857 1069 1886 Christus

280 1899 412 1928 Dominus
431 1901 501 1929 Deus
515 1906 624 1936 noster;
640 1908 736 1930 contra
761 1911 836 1936 vero,
848 1903 945 1931 boreas
961 1912 1011 1939 pro
1024 1912 1070 1932 ca-

281 1946 395 1981 liginoso
407 1954 438 1973 ac
451 1948 624 1975 tenebrarum
642 1948 722 1982 pleno
737 1949 871 1984 accipitur
884 1944 1069 1984 loco,proque

280 1992 340 2027 ipso
352 1992 460 2020 diabolo
468 1993 514 2028 qui
544 1994 572 2020 in
594 1994 714 2021 tenebris
734 1994 846 2021 habitat.
864 1995 892 2022 lu
907 2003 1070 2030 quocunque

281 2037 365 2073 igitur
379 2038 439 2065 loco
454 2046 503 2066 seu
516 2038 613 2066 illustri
640 2047 690 2066 seu
709 2039 866 2072 tenebroso,
887 2040 939 2067 hoc
952 2044 1003 2072 est,
1013 2040 1070 2068 sive

282 2081 310 2108 in
336 2083 408 2117 turpi
425 2083 557 2111 scelerum
571 2084 698 2117 statione,
716 2084 774 2111 sive
797 2084 825 2111 in
852 2084 966 2112 honesta
983 2086 1070 2112 virtu-

283 2132 350 2161 tum,
361 2121 582 2163 deprehendatur
598 2129 680 2157 homo
691 2137 754 2156 cum
763 2129 886 2162 moritur,
903 2130 930 2156 in
942 2136 975 2156 eo
982 2129 1068 2165 gradu

1111 1079 1236 1115 ἐκχέουσι
1249 1087 1258 1095 ο
1283 1079 1331 1105 καὶ
1345 1078 1394 1105 ὲὰν
1415 1079 1488 1114 πέτῃ
1506 1078 1584 1111 ξύλον
1602 1079 1630 1105 ὲν
1645 1077 1684 1113 τῷ
1699 1078 1777 1112 νότῳ.
1792 1077 1839 1103 καὶ
1855 1078 1903 1104 ἐὰν

1111 1126 1157 1152 ἐπὶ
1186 1125 1225 1161 τῷ
1251 1125 1351 1160 Βορῤᾷ,
1380 1124 1455 1159 τόπῳ
1478 1122 1509 1151 οὗ
1538 1125 1663 1150 πεσεῖται
1682 1123 1712 1150 τὸ
1733 1123 1822 1155 ξύλον,
1844 1123 1910 1149 ἐκεῖ

1111 1171 1197 1206 ἔσται.
1214 1180 1222 1197 ι
1240 1171 1311 1205 Πρὸς
1328 1170 1378 1205 μὲν
1395 1169 1487 1205 ῥητὸν,
1505 1170 1522 1205 ἡ
1534 1169 1629 1204 πρώτη
1645 1168 1719 1201 λέξις
1732 1168 1844 1195 δύναται
1855 1167 1905 1194 καὶ

1112 1217 1177 1252 περὶ
1192 1215 1377 1251 ὲλεημοσὺνης
1391 1215 1511 1241 νοεῖσθαι
1528 1222 1535 1230 ”
1552 1215 1593 1241 ὃτι
1613 1213 1708 1249 ὥσπερ
1721 1214 1756 1240 τὰ
1770 1214 1839 1250 νέφη
1856 1222 1905 1241 κε-

1111 1262 1203 1289 λεύσει
1222 1262 1284 1296 θείᾳ
1305 1262 1350 1289 τὸν
1363 1261 1466 1297 δμὸρον
1482 1261 1526 1287 ἐπὶ
1548 1261 1652 1293 πάντας
1664 1260 1824 1296 ἀνθρώπους
1841 1259 1905 1296 ραι-

1111 1316 1199 1339 νουσι,
1214 1307 1258 1334 τὺν
1266 1306 1346 1333 αὑτὸν
1358 1306 1458 1340 τρόπον
1467 1306 1507 1332 δεῖ
1517 1307 1564 1332 καὶ
1579 1306 1629 1341 τὴν
1638 1305 1822 1341 ἐλεημοσύνην
1830 1305 1906 1339 γίνεα-

1113 1353 1186 1380 σθαι.
1198 1352 1270 1387 Πρὸς
1284 1352 1312 1378 δὲ
1336 1352 1467 1383 διάνοιαν,
1479 1351 1605 1386 νεφέλαι
1617 1352 1640 1378 οἱ
1659 1351 1730 1386 ἅγιοι
1756 1351 1853 1385 ἄνδρες
1868 1350 1906 1377 ετ-

1114 1407 1220 1434 ρηνται,
1235 1394 1273 1425 ὧν
1283 1395 1322 1429 εἷς
1338 1396 1371 1433 ἦν
1382 1397 1484 1432 Μωσῆς
1493 1399 1506 1424 ὸ
1521 1397 1618 1431 λέγων,
1632 1396 1855 1431 Προσδοκάσθω
1865 1395 1907 1428 ὡς

1112 1445 1201 1478 ὑετὸς
1218 1445 1253 1471 τὸ
1269 1443 1446 1478 ἀπόφθεγκμά
1462 1452 1533 1478 μου.
1553 1441 1632 1471 Οὗτοι
1647 1442 1840 1478 πληρωθέντες
1857 1441 1906 1468 τοῦ

1114 1490 1186 1517 θείου
1197 1490 1288 1523 λόγου,
1297 1489 1343 1516 τοῦ
1358 1489 1502 1525 γινομένου
1516 1490 1585 1525 πρὸς
1603 1488 1693 1524 Ὠσηὲ,
1711 1488 1759 1515 καὶ
1772 1488 1836 1519 τἰὺς
1848 1488 1907 1514 λοι-

1114 1537 1183 1567 ποὺς
1202 1536 1296 1569 ἁγίους
1316 1535 1498 1571 ἐκχέουσι-τὸν
1519 1535 1661 1570 κάρπιμον
1680 1535 1768 1564 ὑετόν,
1784 1534 1834 1560 οὒκ
1857 1533 1907 1559 ἐπὶ

1114 1582 1163 1616 τὴν
1184 1581 1315 1608 Ἰουδαίαν
1339 1581 1433 1617 μόνην,
1448 1580 1515 1608 ἀλλὰ
1535 1582 1583 1607 καὶ
1605 1580 1651 1606 ἐπὶ
1675 1581 1766 1606 πᾶσαν
1777 1579 1827 1614 τὴν
1843 1579 1906 1612 γῆν,

1115 1628 1156 1659 είς
1175 1627 1209 1663 ἢν
1237 1627 1348 1661 ἐξῆλθεν
1364 1628 1377 1653 ό
1401 1627 1521 1661 φθόγγος
1543 1626 1643 1653 αὐτῶν.
1665 1625 1719 1652 Καὶ
1746 1624 1833 1652 ταῦτα
1856 1624 1908 1659 μὲν

1117 1673 1179 1709 περὶ
1199 1673 1246 1699 τοῦ
1270 1672 1360 1700 ὑετοῦ.
1382 1671 1456 1699 Ξύλα
1467 1672 1496 1698 δὲ
1523 1672 1647 1707 εἴρηνται
1666 1670 1743 1706 παρὰ
1763 1672 1795 1705 τῇ
1810 1670 1908 1705 Γραφῇ

1116 1720 1164 1747 καὶ
1175 1720 1200 1747 ot
1208 1719 1283 1754 ἅγιοι
1295 1719 1340 1746 καὶ
1350 1719 1374 1746 οι
1388 1717 1546 1754 ἁμαρτω).οί
1560 1727 1566 1734 ·
1577 1718 1653 1749 νότος
1663 1717 1690 1744 δὲ
1702 1716 1909 1751 ὲκλαμΰὰνεται

1115 1766 1130 1792 ὸ
1147 1766 1277 1801 φωτεινὸς
1299 1765 1391 1798 τόπος,
1405 1765 1452 1791 καὶ
1467 1764 1532 1791 αὐτὸ
1557 1765 1587 1790 τὸ
1605 1763 1661 1798 φῶς
1684 1763 1714 1790 τὸ
1734 1762 1872 1802 ἀληθινὸν,
1894 1762 1910 1789 ὁ

1117 1813 1220 1848 Κύριος
1237 1812 1316 1848 ἡμῶν
1340 1812 1444 1846 Ἰησοῦς
1458 1809 1576 1845 Χριστός
1592 1818 1599 1825 ο
1626 1809 1727 1845 βορρᾶς
1746 1808 1774 1834 δὲ
1790 1809 1803 1834 ό
1820 1806 1912 1841 ζοφώ-

1117 1859 1165 1894 δης
1178 1859 1226 1885 καὶ
1241 1858 1353 1889 σκότους
1365 1857 1471 1892 πλήρης
1482 1855 1615 1887 διάϐολος.
1633 1855 1676 1881 Ἐν
1687 1852 1710 1888 ᾧ
1722 1854 1743 1881 δ’
1755 1854 1787 1880 ἂν
1799 1861 1912 1887 τοιγαρνι

1118 1903 1168 1930 οὖν
1184 1904 1259 1938 τόπῳ
1270 1923 1278 1935 ,
1291 1903 1349 1929 εἴτε
1377 1903 1424 1929 τοῦ
1440 1902 1528 1937 φωτὸς
1541 1921 1548 1932 ,
1563 1902 1618 1928 εἶτε
1646 1901 1694 1927 τοῦ
1707 1900 1830 1932 σκότους,
1855 1898 1913 1925 εἴτε

1120 1949 1159 1984 τῷ
1177 1950 1227 1984 τῆς
1241 1948 1340 1980 κακίας
1353 1948 1426 1983 ἔργῳ
1438 1968 1446 1979 ,
1464 1947 1519 1973 εἴτε
1546 1947 1586 1982 τῷ
1602 1947 1651 1982 τῆς
1663 1947 1774 1982 ἀρετῆς,
1794 1944 1914 1979 καταλη-

1121 1994 1175 2030 φθῇ
1192 1995 1220 2020 ὲν
1240 1995 1272 2030 τῇ
1287 1993 1401 2029 τελευτῇ
1414 1995 1427 2020 ὁ
1440 1993 1582 2028 ἄνθρωπος
1595 2012 1603 2024 ,
1619 1993 1647 2019 ὲν
1661 1992 1758 2026 ἐκείνῳ
1785 1990 1860 2026 μένει
1872 1989 1914 2025 τῷ

1122 2039 1220 2076 βαθμῷ
1240 2039 1333 2074 καὶττῇ
1349 2039 1444 2072 τάξει,
1462 2039 1478 2074 ἢ
1495 2040 1523 2065 ὲν
1541 2039 1611 2073 φωτὶ
1625 2038 1693 2072 μετὰ
1710 2037 1764 2063 τῶν
1789 2036 1913 2067 δικαίων,

1121 2087 1169 2113 καὶ
1182 2085 1230 2113 τοῦ
1247 2084 1444 2120 παμϐασιλέως
1458 2084 1589 2119 Χριστοῦ,
1605 2083 1622 2120 ἢ
1640 2084 1669 2110 ὲν
1683 2082 1722 2118 τῷ
1736 2082 1829 2109 σκότει
1843 2080 1916 2117 μετὰ

1119 2131 1174 2158 τῶν
1191 2130 1292 2158 ἀδίκων
1309 2129 1415 2157 καὶτοῦ
1428 2129 1661 2165 κοσμοκράτορος.

281 2178 364 2209 atque
382 2173 477 2202 ordine
485 2178 627 2209 permanet
637 2175 666 2202 in
680 2175 902 2202 aaternum.Nam
915 2175 957 2203 vel
969 2177 1151 2211 requiescitin
1164 2177 1268 2204 lumine
1284 2176 1421 2204 felicitatis
1442 2181 1552 2203 aeternae
1574 2182 1636 2202 cum
1656 2173 1739 2209 justis
1756 2171 1918 2205 et_Christo

283 2219 356 2255 Rege
378 2220 578 2252 universorum,
608 2219 650 2247 vel
662 2219 688 2247 in
706 2219 832 2247 tenebris
857 2220 995 2248 cruciatur
1010 2229 1074 2248 cum
1092 2221 1193 2256 iniquis
1201 2225 1228 2249 et
1236 2221 1360 2257 principe
1369 2220 1465 2248 mundi
1480 2219 1562 2254 hujus
1578 2218 1697 2252 diabolo.

319 2266 402 2293 Vsus.
417 2266 443 2298 Δ,
457 2265 483 2293 5.
499 2274 509 2291 ι
528 2265 579 2298 Qui
598 2265 725 2293 observat
741 2270 852 2293 ventum
871 2273 927 2293 non
943 2266 1072 2300 seminat,

283 2316 312 2340 et
324 2312 371 2348 qui
388 2311 544 2340 considerat
561 2312 648 2338 nubes
660 2319 714 2338 non
741 2314 836 2338 metet.
861 2310 937 2338 Sicut
961 2319 1016 2338 non
1031 2315 1074 2340 est

283 2358 330 2395 qui
345 2358 413 2386 sciat
428 2364 488 2393 qua:
497 2358 542 2386 via
558 2357 592 2384 sit
605 2357 727 2392 spiritus,
749 2364 838 2391 neque
851 2358 987 2391 quomodo
996 2365 1073 2385 com-

1165 2277 1174 2294 ι
1191 2262 1289 2303 Τηρῶν
1304 2268 1406 2302 ἄνεμον
1431 2266 1461 2293 οὑ
1487 2265 1607 2301 σπείρει,
1624 2265 1672 2292 καὶ
1686 2263 1795 2299 βλέπων
1811 2262 1840 2289 ὲν
1855 2261 1919 2293 ταῖς

1126 2314 1253 2348 νεφέλαις
1271 2314 1302 2340 οὑ
1325 2312 1439 2348 θερίσει.
1463 2312 1507 2339 Ἐν
1524 2309 1565 2343 οἷς
1583 2311 1633 2338 οὐκ
1644 2309 1702 2337 ἐστι
1717 2307 1919 2343 γινώσκωντὶς

1127 2362 1144 2396 ἡ
1159 2360 1218 2398 ὁδὸς
1232 2358 1280 2385 τοῦ
1292 2357 1459 2393 πνεύματος,
1469 2356 1506 2388 ὡς
1518 2356 1584 2382 ὀστᾶ
1597 2356 1626 2382 ὲν
1638 2354 1739 2390 γαστρὶ
1749 2353 1800 2388 τῆς
1815 2360 1921 2386 κυοφο-

284 2405 431 2441 pingantur
445 2411 508 2432 ossa
521 2403 548 2430 in
560 2407 656 2431 ventre
678 2403 844 2438 praegnantis
867 2410 874 2429 :
898 2403 935 2430 ita
952 2411 1008 2430 non
1024 2411 1064 2430 co-

1126 2405 1242 2442 ρούσης·
1258 2403 1345 2435 οὕτως
1357 2403 1388 2429 οὐ
1405 2401 1498 2438 γνώσῃ
1510 2401 1545 2428 τὰ
1562 2401 1704 2436 ποιήματα
1716 2399 1764 2426 τοῦ
1781 2398 1850 2426 Θεοῦ
1865 2398 1921 2426 ὅσα

284 2462 401 2490 gnosces
413 2462 496 2488 opera
507 2453 555 2480 Dei
570 2452 753 2488 quodcunque
776 2451 898 2479 facturus
921 2455 972 2479 est.
994 2461 1004 2477 ι
1022 2451 1074 2484 Qui

285 2504 382 2528 ventos
400 2500 558 2532 observant,
574 2498 674 2526 sationi
702 2498 793 2525 minus
807 2498 978 2525 incumbunt.
1011 2498 1073 2525 Ple-

285 2553 402 2580 rumque
416 2545 489 2573 enitn
509 2545 641 2580 contingit
655 2549 685 2572 ut
699 2545 744 2580 qui
758 2544 839 2572 hodie
851 2543 947 2578 perﬂat
964 2547 1073 2576 ventus,

287 2592 407 2620 crastina
419 2591 464 2619 die
480 2591 517 2618 sit
531 2591 688 2626 quieturus;
709 2595 756 2618 aut
768 2595 863 2618 contra
891 2590 1075 2617 bacchaturus

287 2638 324 2665 sit
335 2637 380 2664 die
401 2627 531 2670 crastina,
552 2636 598 2671 qui
625 2636 707 2664 hodie
724 2635 917 2670 conquiescit:
946 2635 1028 2662 hodie
1051 2634 1075 2661 si

287 2683 436 2718 compluat,
451 2690 511 2710 cras
526 2682 578 2710 erit
596 2690 643 2710 aer
665 2689 788 2710 serenus.
802 2681 863 2708 Non
884 2684 993 2716 oportet
1013 2687 1078 2715 ergo

289 2733 386 2758 ventos
404 2729 561 2761 observare,
587 2728 635 2756 sed
651 2736 698 2763 spe
717 2729 788 2755 bona
809 2727 943 2755 sationem
976 2726 1076 2758 facere,

1124 2452 1237 2489 ποιήσει
1245 2449 1280 2476 τὰ
1291 2443 1447 2487 σύμπαντα.
1467 2457 1476 2473 ι
1493 2448 1524 2473 01.
1537 2446 1601 2478 τοὺς
1619 2445 1738 2481 ἀνέμους
1753 2443 1921 2489 ἐπιτηροῦν-

1122 2503 1168 2529 τες
1191 2488 1236 2521 οὖν
1251 2493 1404 2528 σπείρουσι.
1424 2491 1558 2522 Πολλάκις
1583 2492 1661 2526 γὰρὸ
1684 2490 1804 2525 σήμερον
1827 2488 1922 2514 πνέων

1123 2539 1218 2576 αὔριον
1237 2539 1267 2566 οὺ
1284 2539 1361 2565 πνεῖ·
1376 2538 1424 2564 καὶ
1438 2537 1470 2564 τὺ
1491 2536 1614 2564 ἐναντίον
1629 2544 1637 2551 ·
1652 2536 1699 2573 καὶ
1723 2534 1854 2564 πολλάκις
1871 2533 1923 2569 σή-

1125 2594 1208 2622 μερον
1224 2585 1272 2621 μὲν
1287 2584 1340 2616 ὕει,
1355 2584 1451 2619 αὔριον
1469 2583 1499 2610 δὲ
1513 2581 1607 2618 ἀνέχει
1637 2581 1683 2608 τὸν
1695 2580 1798 2616 όμὸρον
1809 2580 1824 2607 ὁ
1839 2579 1921 2609 Θεός.

1126 2633 1208 2658 Ὥστε
1218 2631 1249 2658 οὐ
1261 2630 1302 2657 δεῖ
1312 2629 1543 2665 παρατηρεῖσθαι,
1556 2628 1614 2654 ἀλλ’
1627 2627 1670 2654 ἐπ’
1681 2626 1771 2653 ἐλπίδι
1783 2625 1921 2660 σπείρειν.

1126 2679 1158 2712 τῇ
1179 2676 1226 2703 τοῦ
1243 2675 1312 2702 Θεοῦ
1330 2675 1480 2710 ἀγαθότητι
1494 2668 1681 2710 θαρροῦντας(
1700 2672 1763 2698 Ἐὰν
1781 2671 1810 2697 δὲ
1828 2677 1923 2705 παρα-

1125 2723 1292 2758 τηρούμενοι
1307 2720 1493 2757 ὑπερθώμεθα
1507 2720 1553 2746 τὸν
1571 2719 1667 2754 καιρὸν
1681 2717 1729 2745 τοῦ
1745 2716 1850 2752 σπόρου
1863 2736 1872 2748 ,
1887 2715 1922 2742 οὐ

291 2776 347 2803 Deo
358 2775 528 2804 conﬁdentes
543 2773 647 2801 auctori
661 2774 795 2801 honorum
812 2773 935 2801 omnium
961 2772 1029 2799 Nam
1054 2779 1064 2799 ε

1128 2769 1286 2805 θερίζομεν.
1313 2767 1470 2802 Ἐπιτηρεῖν
1483 2766 1513 2794 δὲ
1534 2760 1658 2801 ἀκριϐῶς
1674 2765 1705 2791 οὺ
1720 2761 1861 2814 δυνάμεθα
1871 2760 1923 2815 τοῦ

293 2819 550 2857 praeobscrvatione
569 2819 683 2846 nubium
698 2826 730 2846 ac
757 2823 901 2846 ventorum
919 2817 1063 2845 differamu

1130 2816 1210 2852 ἀέρος
1231 2815 1279 2851 τὴν
1296 2814 1475 2848 κατάστασιν,
1491 2812 1588 2849 ἐπειδὴ
1608 2811 1762 2847 ἀγνοοῦμεν
1775 2811 1925 2838 106,1:st—

332 2907 353 2925 “
368 2907 422 2936 lsa.
433 2915 471 2943 ιι,
485 2907 514 2936 2.
553 2907 574 2924 ⁸⁵
588 2906 668 2937 Deut.
686 2915 771 2940 χχχιι,
782 2906 809 2933 2.
849 2905 950 2934 “Psal.
967 2913 1043 2938 xviu,
1056 2904 1082 2932 5.
