2044 3144
128 184 179 216 ὕθῦ

778 181 819 212 ΙΝ
837 181 1125 212 ECCLESIASTEN.

1716 182 1770 223 κιο

129 250 214 278 ματος
225 240 275 276 τὴν
287 240 357 272 ὁδὸν,
372 239 462 275 σοφῶς
475 239 525 267 καὶ
536 239 667 272 ποικίλως
679 239 727 267 τοῦ
739 240 807 267 Θεοῦ
818 241 852 267 si
864 240 926 267 καθ’

977 240 1091 268 sationis
1109 244 1226 276 tempus,
1237 239 1343 268 irritam
1372 239 1471 269 deinde
1491 248 1609 269 messem
1642 242 1768 277 experie-

125 289 202 324 ὴμᾶς
233 287 324 314 πάντα
346 287 496 318 διέποντος.
524 286 619 318 Οὕτως
644 295 675 313 τε
697 287 849 322 ἀγνοοῦμεν
873 287 923 318 τὰς

126 334 193 369 περὶ
209 333 284 369 ἡμᾶς
298 332 346 359 τοῦ
360 332 428 359 θεοῦ
444 332 603 368 διοικήσεις,
618 331 655 364 ὥς
670 333 703 359 τὰ
716 333 923 368 κυοφορούμενα

126 380 197 406 ὀστᾶ
216 379 267 414 τῆς
280 379 310 405 ἐν
338 378 437 413 γαστρὶ
457 377 585 413 ἐχούσης.
600 379 649 410 Τίς
668 379 722 413 γὰρ
734 376 788 405 οἵδε
808 380 924 414 πότερον

125 426 214 461 ἇρῤεν
230 425 246 459 ἢ
261 424 329 460 θῆλυ
342 424 372 450 τὸ
386 424 608 460 κυοφορούμενον
618 445 625 456 ,
640 424 656 460 ἢ
669 425 763 459 ἄρτιον
778 425 794 459 ἢ
810 425 883 451 κατά
896 433 924 451 τι

127 472 213 506 μέρος
227 463 341 497 κολοϐόν
353 478 360 502 ;
375 471 407 497 Εἰ
417 469 446 496 δὲ
456 469 488 496 τὸ
504 469 648 506 μορφωθὲν
661 471 711 496 οὐκ
725 471 803 504 ἴσμεν
818 470 844 496 τί
857 470 923 497 ποτέ

124 519 197 549 ἐστι,
218 518 308 553 πολλῷ
328 517 409 544 πλέον
426 517 580 552 ἀγνοοῦμεν
596 517 656 549 πῶς
678 518 709 543 τὸ
726 517 846 553 ἔμϐρυον
860 526 923 543 συν-

127 564 250 596 ίσταται,
262 565 322 596 πῶς
335 564 369 590 τὰ
391 564 458 590 ὀστᾶ
473 563 654 596 συντίθενται,
672 563 732 595 πῶς
755 563 923 596 εὐθετίζεται

124 611 173 637 τοῦ
188 611 292 643 παντὸς
303 610 429 646 σώματος
440 611 456 646 ἡ
469 611 599 646 ἁρμονία.
611 611 666 637 Καὶ
684 611 716 637 σὺ
730 609 829 642 τοίνυν,
844 610 922 645 φησι,

126 657 167 692 μὴ
193 657 434 692 πολυπραγμονῶν
459 656 505 682 καὶ
525 656 669 689 ἀναζητῶν
690 656 743 683 τῖνι
764 656 877 688 δοῦναι,
906 655 923 692 ἢ

124 701 180 728 τίνι
195 702 234 737 μὴ
246 701 340 728 δοῦναι
354 701 485 736 ὀφείλεις,
499 701 545 727 καὶ
562 701 678 738 πότερον
700 701 808 733 πιστὸς,
825 701 841 737 ἢ
860 701 925 728 ἄπι-

126 755 204 779 στος,
218 747 235 782 ἦ
250 747 368 779 δίκαιος,
383 747 400 782 ἢ
417 747 522 779 ἄδικος,
537 747 676 783 ἁπολέτῃς
688 747 735 773 τοῦ
752 748 862 782 σπεῖραι
878 748 925 773 τὸν

124 794 234 828 καιρὸν,
266 795 314 820 καὶ
340 794 390 828 οὐχ
415 794 537 829 εὑρήςῃς
562 795 590 820 ἐν
609 793 698 829 καιρῷ
717 794 847 829 θερίσαι·
863 793 924 820 ἀλλ’

124 833 323 874 ἀνυπερθέτως
339 842 386 866 καὶ
411 840 441 865 ὲν
456 840 590 874 ἁπλότητι
612 840 726 875 καρδίας
740 840 789 876 τὴν
809 840 925 876 ἐλεημο-

126 884 212 920 σύνην
225 886 345 921 ἐργάζου
364 893 372 900 ·
393 886 424 912 οὐ
443 885 498 920 γὰρ
512 884 586 917 οἶδας
606 886 630 911 εἰ
644 885 674 912 ὃν
688 886 720 912 σὺ
732 885 854 921 νομίζεις
865 885 925 913 ἄδι-

127 940 186 962 κον,
201 934 232 958 τὸ
250 932 362 967 πνεῦμα
377 933 488 959 δικαιοῖ.
504 932 558 959 Καὶ
571 934 600 958 to
615 932 762 960 ἀνάπαλιν.

975 295 1048 314 mur.
1063 287 1117 314 Sed
1129 287 1233 314 etiamsi
1258 287 1375 315 maxime
1395 288 1522 320 velimus,
1551 287 1699 316 observare
1712 297 1767 316 non

975 341 1122 368 possumus
1131 333 1202 360 acris
1216 333 1363 368 qualitates
1374 341 1382 366 ;
1396 341 1485 368 neque
1492 334 1565 361 enim
1583 335 1686 363 scimus
1694 335 1766 363 viam

976 378 1062 414 ipsius
1076 378 1199 413 spiritus.
1214 378 1359 413 Sapienter
1371 387 1490 414 namque
1504 387 1536 407 ac
1548 381 1622 408 varie
1633 381 1706 408 Deus
1718 381 1769 408 ltu-

975 423 1065 451 manis
1084 423 1202 451 consulit
1218 424 1316 457 rebus;
1341 431 1430 458 neque
1445 423 1525 451 aliter
1543 425 1700 460 ignoramus
1720 425 1767 453 Dci

975 477 1038 506 erga
1058 478 1109 497 nos
1124 469 1241 497 consilia
1257 475 1284 497 et
1298 470 1526 505 dispensationcs.
1556 480 1637 506 quam
1657 469 1689 500 et
1705 481 1766 500 ossa

975 523 1036 551 quae
1049 515 1262 551 compinguntur
1277 520 1305 543 et
1312 520 1455 551 gestantur
1464 516 1490 543 in
1516 521 1610 544 ventre
1623 526 1767 554 przngnan-

976 562 1021 590 tis.
1037 561 1103 595 Quis
1116 562 1188 589 enim
1203 562 1288 594 novit,
1304 562 1481 590 maseulusne
1502 563 1537 590 ibi
1568 564 1710 592 delitescat
1733 573 1768 592 an

976 606 1094 634 femina?
1107 606 1281 642 integrumne
1293 607 1429 642 gignatur,
1442 615 1476 634 an
1492 612 1568 642 parte
1586 608 1676 643 aliqua
1705 617 1769 636 cor-

975 653 1049 690 poris
1067 652 1275 688 imperfectum?
1291 653 1369 685 Quod
1400 653 1422 681 si
1435 654 1593 689 ignoramus
1622 655 1766 689 quaicnam

975 700 1010 728 sit
1022 700 1093 735 quod
1105 701 1131 727 in
1150 705 1227 727 utero
1238 700 1377 735 genitricis
1387 700 1581 735 compingitur,
1593 702 1678 728 multo
1693 702 1769 737 igno-

977 747 1097 774 rabimus
1112 747 1198 782 magis
1213 754 1331 781 quanam
1343 746 1448 773 ratione
1461 747 1542 774 oll‘ula
1555 748 1598 774 illa
1614 755 1695 782 quam
1708 756 1767 775 em-

975 791 1107 827 bryonem
1116 797 1226 823 vocant,
1240 792 1265 818 in
1277 799 1377 827 corpus
1385 792 1510 819 animalis
1522 794 1656 821 coalescat
1668 804 1671 819 ι
1684 799 1768 822 tcon-

976 838 1125 871 formetur;
1137 846 1190 873 quo
1200 838 1282 865 etiam
1293 843 1371 873 pacto
1383 846 1444 866 ossa
1458 845 1668 874 componantur,
1679 848 1768 875 quove

977 884 1060 912 totius
1076 884 1200 920 corporis
1217 884 1266 911 sibi
1291 889 1424 919 congruat
1444 885 1599 913 harmonia.
1624 886 1703 921 671
1722 886 1768 913 ln-

979 931 1040 966 quit
1068 938 1133 966 ergo
1151 938 1158 957 :
1186 929 1226 957 Tu
1245 938 1353 965 quoque
1366 935 1551 966 netantopere
1575 932 1613 959 sis
1634 933 1767 960 sollicitus

125 980 236 1007 curiose
251 981 400 1015 querendo
414 981 457 1008 cui
473 981 512 1008 sis
530 980 732 1015 cleemosynam
749 980 873 1012 daturus,
883 978 926 1006 cui
941 986 996 1005 non
1006 978 1136 1010 daturus;
1161 981 1191 1004 ut
1206 982 1282 1011 puta,
1303 977 1426 1004 [idelisne
1451 978 1486 1004 sit
1509 978 1553 1005 ille
1573 986 1607 1005 an
1639 978 1767 1013 inﬁdelis,

123 1025 252 1060 justus-ne
263 1035 296 1054 an
307 1027 436 1061 iniustus.
454 1027 562 1054 Etenim
574 1028 595 1054 si
608 1027 740 1063 pendebis
757 1027 849 1053 animo
866 1026 917 1053 ista
933 1025 1102 1060 disquirens,
1119 1025 1228 1052 amittes
1252 1024 1365 1051 sationis
1397 1029 1513 1059 tempus,
1537 1032 1626 1059 neque
1643 1025 1767 1054 invenies

125 1073 153 1100 in
171 1077 296 1108 tempore
312 1075 410 1101 messis
425 1074 501 1108 quod
521 1079 618 1101 melas.
643 1073 708 1101 Sine
727 1074 780 1100 ulla
799 1073 890 1108 itaque
912 1071 1043 1100 dilatione
1060 1070 1201 1106 temporis,
1231 1070 1259 1097 in
1278 1070 1453 1104 simplicitate
1476 1071 1568 1098 cordis
1596 1072 1622 1098 ui
1643 1073 1767 1100 eiecmo-

125 1118 222 1154 synam
245 1119 356 1152 confer;
388 1127 478 1154 neque
494 1120 567 1147 enim
592 1120 646 1147 scis
663 1128 697 1146 an
714 1119 829 1155 spiritus
860 1126 923 1146 eum
941 1117 1063 1145 viviﬁcct
1090 1124 1172 1152 quem
1201 1121 1229 1143 tu
1258 1115 1373 1144 fortasse
1405 1120 1485 1151 putas
1517 1116 1648 1151 inﬁtsum
1665 1138 1673 1151 ,
1699 1126 1767 1145 ton-

127 1169 223 1198 traque
237 1165 312 1192 illum
328 1173 344 1192 a
360 1173 389 1192 se
403 1166 516 1200 repellat
528 1174 610 1200 quem
625 1170 653 1193 tu
669 1166 773 1201 justum
789 1165 941 1193 existimas.

163 1221 173 1237 ‹
185 1212 230 1237 Ἐν
245 1211 338 1247 πρωῖᾳ
353 1212 465 1247 σπεῖρον
477 1211 508 1238 τὸ
520 1212 632 1247 σπέρμα
642 1220 688 1238 σου
700 1222 707 1228 ·
721 1213 768 1238 καὶ¹
780 1212 808 1238 ἐν
819 1205 925 1246 ἑσπέρᾳ

1010 1209 1091 1237 Vens.
1104 1209 1130 1236 6.
1147 1218 1156 1236 ι
1173 1209 1252 1236 Mane
1262 1209 1367 1236 semina
1382 1216 1476 1236 semen
1507 1212 1595 1242 tuum,
1609 1214 1637 1237 et
1652 1217 1766 1245 vespere

128 1257 166 1292 μὴ
182 1257 290 1292 ﬁgis-tot
302 1258 319 1292 ἡ
336 1257 398 1292 χείρ
416 1266 476 1291 σου,
494 1258 535 1284 ὅτι
552 1258 581 1284 οὐ
599 1258 743 1292 γινώσκεις
762 1259 837 1284 ποῖον
852 1265 924 1284 στοι-

127 1304 218 1337 χήσει,
236 1301 318 1328 τοῦτο
340 1302 356 1337 ἦ
372 1301 453 1329 τοῦτο
464 1311 470 1318 ·
494 1303 542 1329 καὶ
557 1303 605 1330 ἐὰν
620 1303 654 1330 τὰ
676 1302 724 1329 δύο
738 1303 785 1329 ἐπὶ
798 1303 828 1329 τὸ
845 1302 922 1335 αὐτὸ,

126 1347 242 1381 ἀγαθόν.
259 1357 270 1373 ι
289 1348 318 1374 ’θ
332 1348 362 1375 τὸ
378 1349 475 1380 σκότος
490 1350 541 1384 τῆς
554 1349 668 1383 ἀγνοίας
682 1349 732 1385 τῆς
744 1348 844 1375 ἑαυτοῦ
865 1348 924 1375 δια-

127 1393 203 1425 vota;
219 1393 372 1425 ἀπελάσας,
388 1395 573 1430 ἐναρχόμενος
588 1394 642 1421 τῶν
660 1395 767 1430 ἀρετῶν
788 1395 817 1420 ὲν
832 1393 924 1429 πρωῖᾳ.

129 1439 250 1473 σπείρει,
266 1439 338 1466 κατὰ
352 1440 474 1473 tofm»;-
488 1440 584 1475 ἡμέρα
596 1440 673 1474 ἐστὶ,
684 1440 851 1475 ἐργάζεσθε.
860 1440 924 1466 Ἐὰν

126 1485 155 1512 δὲ
170 1486 220 1511 καὶ
236 1486 355 1522 διαμένῃ
372 1487 453 1521 μέχρι
469 1485 564 1518 τέλους
583 1485 632 1521 τὴν
648 1486 804 1522 πρακτικὴν
822 1484 925 1521 μετιὼν

127 1531 241 1566 ἀρετὴν,
257 1531 310 1562 ἓως
329 1531 449 1566 ἑσπέρας
469 1531 520 1558 οὐκ
545 1532 648 1566 ἀφῆκε,
661 1531 723 1558 οὐδὲ
745 1532 925 1566 ὴπράκτησεν

127 1577 144 1612 ἡ
158 1577 223 1612 χεὶρ
244 1576 329 1603 αὐτοῦ
346 1576 567 1612 ἀγαθοεργοῦσα.
577 1578 605 1603 ’Λ
612 1578 745 1613 ρχόμενος
760 1575 808 1603 οὖν
821 1576 925 1611 ἀρετῆς

128 1623 213 1658 μέχρι
225 1623 321 1654 τέλους
333 1623 444 1658 διάμενε
454 1632 461 1639 ’
473 1624 522 1650 οὐκ
535 1622 608 1655 οἶδας
620 1624 686 1650 ποῖά
699 1632 745 1650 σου
754 1623 823 1658 ἔργα
833 1623 924 1658 ἀγαθὰ

126 1668 223 1702 ἁρέσξι
238 1668 277 1703 τῷ
292 1668 426 1704 κριτῇ,τᾶ
443 1669 472 1695 ἐν
488 1669 598 1704 ἀρχῇ,ἧ
615 1669 648 1694 τὰ
664 1669 732 1704 πρδς
746 1668 785 1704 τῷ
797 1668 879 1695 τέλει.
894 1668 924 1695 Εἰ

127 1713 155 1739 δὲ
171 1714 294 1749 ἑκάτερα
307 1715 353 1740 ἐπὶ
368 1714 398 1740 τδ
411 1714 475 1741 αὐτὸ
490 1715 596 1749 ἀρέσοι,
608 1715 716 1750 πλήρης
726 1715 897 1749 ἁγαοότητος
907 1715 924 1750 ὴ

126 1760 243 1795 τοιαύτη
259 1759 428 1794 ὲργασία.Ἣ
445 1761 493 1787 καὶ.
505 1760 592 1792 οὕτως
602 1767 609 1775 ·
627 1761 675 1786 Ἐκ
690 1759 802 1795 πρώτης
816 1759 925 1795 ἡλικίας

127 1802 248 1838 ἐργάζου
258 1803 307 1838 τὴν
323 1804 436 1839 ἀρετὴν,
452 1805 500 1831 καὶ
513 1804 552 1841 μὴ
566 1805 641 1839 λέγε,
653 1804 710 1832 Νῦν
727 1805 776 1840 μὲν
793 1804 925 1839 νεώτερος

128 1849 167 1876 ὢν
178 1850 329 1877 ἀπολαύσω
345 1850 400 1877 τῶν
419 1851 467 1878 τοῦ
484 1851 544 1887 βίου
556 1852 692 1887 τερπνῶν,
708 1852 738 1878 έν
753 1852 782 1878 δὲ
795 1851 834 1887 τῷ
851 1853 925 1888 γήρᾳ

130 1896 255 1931 μετανοῶ
267 1904 275 1911 ”
292 1897 344 1923 οὐκ
359 1894 435 1929 οἶδας
449 1897 476 1924 τί
489 1906 530 1925 σοι
544 1897 737 1933 ἀκολουθήσει,
753 1898 769 1934 ἦ
787 1899 851 1925 πότε
867 1899 925 1926 ὲπι-
938 1890 960 1919 C

129 1941 262 1977 στήσεταί
278 1950 320 1968 σοι
335 1943 352 1977 ἡ
367 1942 493 1978 τελευτή·
514 1943 584 1970 ὥστε
601 1943 684 1970 καλὸν
700 1944 743 1970 ἀεὶ
756 1944 924 1979 ἐργάζεσθαι

127 1987 179 2022 τὴν
192 1987 306 2022 ἀρετήν,
326 1988 375 2014 καὶ
397 1987 446 2024 τὴν
468 1989 560 2024 ἑαυτῷ
581 1990 672 2016 πᾶσαν
686 1989 801 2024 δύναμιν
815 1991 903 2016 ποιεῖν
916 1998 924 2004 ·

127 2032 197 2059 Θεὸν
212 2033 240 2060 δὲ
257 2034 442 2069 παρακαλεῖν,
460 2035 504 2070 ὲφ*
514 2031 536 2069 ᾦ
549 2035 583 2062 τὰ
599 2035 665 2070 παρ’
677 2035 756 2070 ἡμῶν
772 2036 925 2071 ταττόμενα

128 2079 235 2114 ἀρεστὰ
247 2080 280 2115 τῇ
298 2080 382 2106 αὑτοῦ
396 2080 547 2117 ἁγαθὸτητι
564 2081 767 2116 καταφανῆναι.

975 1263 1010 1284 ne
1021 1260 1110 1284 cesset
1120 1263 1219 1283 manus
1239 1259 1294 1288 tua,
1304 1255 1368 1290 quia
1385 1255 1476 1282 nescis
1502 1255 1587 1290 magis
1603 1263 1636 1282 ne
1647 1263 1766 1290 proven-

973 1305 1066 1329 turum
1079 1301 1114 1329 sit
1129 1301 1181 1328 hoc
1193 1309 1227 1328 an
1245 1300 1311 1328 illud
1328 1309 1335 1328 :
1361 1300 1435 1336 quod
1467 1300 1490 1328 si
1512 1304 1626 1335 utraque
1647 1301 1674 1328 in
1695 1301 1767 1329 idem

974 1347 1100 1381 tendant,
1121 1347 1223 1375 bonum
1240 1347 1292 1374 hoc
1312 1346 1374 1374 erit.
1391 1355 1400 1372 ι
1425 1345 1476 1379 Qui
1498 1346 1626 1374 tenebras
1637 1346 1767 1382 ignoran-

975 1393 1019 1421 tize
1030 1393 1064 1420 ab
1077 1393 1215 1420 intellectu
1231 1400 1281 1419 suo
1297 1392 1393 1427 proeul
1407 1392 1528 1426 expellit,
1539 1399 1601 1419 cum
1617 1392 1651 1419 sit
1670 1393 1696 1419 in
1708 1393 1767 1427 ipso

974 1439 1111 1475 principio
1135 1439 1278 1471 virtutum,
1306 1445 1386 1465 mane
1415 1438 1503 1472 primo
1528 1438 1662 1465 sationem
1691 1438 1766 1470 facit.

972 1485 1049 1521 juxta
1066 1476 1151 1512 illud:
1176 1485 1261 1511 Donec
1276 1485 1331 1511 dies
1360 1489 1397 1511 est
1421 1484 1569 1518 operamini
1584 1484 1615 1511 '7.
1643 1484 1720 1516 Quod
1745 1484 1767 1511 si

976 1531 1020 1558 hie
1037 1531 1070 1558 ad
1087 1531 1168 1558 ﬁnem
1183 1534 1343 1564 permaneat
1356 1529 1476 1556 oﬂit'iosc
1491 1529 1587 1555 vivens
1614 1529 1765 1556 secundum

975 1577 1116 1608 virtutem,
1133 1575 1320 1610 operatusdiei
1336 1579 1425 1610 potest
1443 1582 1528 1609 usque
1550 1575 1583 1601 ad
1612 1582 1766 1609 vesperam,

976 1622 1014 1649 ita
1029 1625 1057 1648 ut
1069 1629 1180 1648 manum
1193 1628 1270 1648 suam
1282 1619 1316 1647 ab
1336 1627 1419 1655 opere
1436 1627 1489 1647 non
1518 1619 1655 1646 remiserit
1679 1628 1768 1654 neque

976 1668 1100 1695 cessarit.
1117 1667 1205 1702 lnquit
1221 1674 1284 1701 ergo
1302 1675 1309 1693 :
1334 1666 1466 1693 Virtutem
1494 1673 1648 1701 aggressus,
1675 1673 1769 1700 persc-

977 1721 1040 1741 vera
1056 1721 1142 1748 usque
1158 1713 1184 1740 in
1205 1714 1285 1740 tinent
1299 1722 1306 1745 ;
1325 1720 1413 1747 neque
1439 1712 1511 1739 enim
1524 1712 1623 1738 novisti
1642 1719 1767 1747 qu:euam

977 1768 1008 1788 ex
1019 1760 1074 1787 tuis
1091 1760 1171 1787 bonis
1188 1759 1316 1794 operibus
1337 1758 1468 1794 placitura
1485 1757 1638 1785 sintJudici
1653 1767 1658 1783 :
1688 1757 1770 1784 illanc

977 1816 1037 1844 qtne
1047 1808 1122 1843 juxta
1139 1814 1263 1834 carceres
1278 1805 1416 1841 peregisti,
1429 1813 1463 1832 an
1475 1812 1505 1831 ea
1522 1813 1582 1839 quae
1592 1804 1649 1839 jam
1667 1804 1768 1839 perdu-

977 1859 1038 1882 ctus
1052 1853 1084 1881 ad
1100 1858 1211 1880 metam.
1226 1850 1304 1885 Quod
1321 1851 1342 1878 si
1355 1857 1469 1886 utraque
1486 1851 1582 1877 eodem
1599 1850 1699 1884 pariter
1709 1857 1768 1877 m0-

977 1901 1012 1928 do
1023 1899 1218 1935 approbentur,
1233 1896 1363 1925 bonitatis
1378 1901 1406 1924 et
1425 1895 1600 1930 perfectionis
1615 1895 1692 1930 plu-tm
1702 1903 1768 1922 cen-

978 1945 1084 1973 sebitur
1103 1942 1259 1979 huiusmodi
1274 1942 1405 1976 operatio.
1422 1941 1475 1968 Aut
1490 1941 1569 1968 aliter
1585 1940 1620 1967 ita
1637 1940 1768 1976 intelligo:

978 1991 1020 2018 Ab
1036 1991 1148 2017 ineunte
1162 1989 1277 2024 pueritia
1290 1995 1405 2022 operare
1427 1987 1567 2019 virtutem,
1579 1994 1669 2025 neque
1692 1987 1771 2014 dixe—

978 2035 1027 2066 ris,
1044 2034 1123 2061 Nunc
1136 2033 1338 2061 adolescentior
1347 2040 1409 2060 cum
1426 2033 1488 2066 sim,
1503 2032 1578 2060 fruar
1590 2032 1695 2060 deliciis
1703 2040 1771 2067 quas

981 2081 1064 2108 habet
1078 2079 1150 2113 vita;
1168 2083 1262 2114 postea
1277 2086 1352 2109 vero.
1366 2086 1428 2106 cum
1443 2078 1476 2106 ad
1487 2082 1658 2106 Senectutem
1675 2086 1771 2114 pervc-

129 2132 208 2158 nero,
227 2126 259 2153 ad
278 2126 467 2161 pcenitentiam
484 2135 528 2154 me
547 2132 707 2155 convertam
730 2135 737 2154 :
753 2135 925 2163 nequaquam
945 2128 1019 2155 enim
1031 2127 1101 2153 nosti
1115 2124 1240 2160 quidtibi
1258 2129 1422 2152 eventurum
1442 2124 1486 2156 sit,
1516 2129 1563 2152 aut
1588 2125 1697 2159 quando
1721 2123 1769 2151 tibi

130 2171 219 2199 aderit
237 2171 299 2199 linis
312 2171 384 2199 vitae.
400 2170 445 2200 Est
456 2172 548 2208 itaque
575 2180 665 2208 operae
681 2173 800 2208 pretium
815 2174 922 2209 operari
937 2181 1046 2209 semper
1069 2173 1209 2203 virtutem,
1226 2178 1387 2205 summaque
1401 2169 1578 2206 contentione
1593 2171 1626 2198 ad
1643 2171 1712 2197 hanc
1725 2178 1770 2197 as-

129 2217 298 2252 sequendam
312 2216 417 2245 conari.
430 2216 546 2252 Oportet
562 2217 644 2245 etiam
663 2225 734 2253 saepe
753 2217 838 2245 Deum
852 2218 1010 2253 precari,ut
1025 2224 1085 2252 qua-
1099 2216 1152 2251 ipsi
1173 2222 1331 2250 operamur,
1356 2214 1417 2249 ejus
1440 2214 1496 2242 sint
1510 2214 1645 2250 maiestati
1670 2215 1770 2250 placita

130 2269 158 2291 et
173 2263 300 2290 bonitati.

169 2321 179 2337 ι
194 2310 250 2337 Καὶ
263 2309 350 2344 γλυκῦ
361 2309 391 2336 τὸ
406 2309 475 2345 φῶς,
490 2310 539 2336 καὶ
553 2309 656 2344 ἀγαθὸν
667 2310 724 2342 τοῖς
736 2309 888 2345 ὀφθαλμοῖς
897 2310 928 2337 τὸ

132 2357 244 2392 βλέπειν
258 2356 307 2382 σὺν
320 2355 366 2382 τὸν
380 2356 457 2390 ἥλιον
468 2363 475 2371 ·
493 2356 535 2382 ὃτι
554 2355 601 2382 καὶ
615 2356 664 2382 ἐὰν
681 2355 727 2391 ἔτη
744 2356 830 2383 πολλὰ
845 2356 928 2392 ζήσε-

131 2412 176 2430 ιται
189 2401 352 2437 ἄνθρωπος,
370 2402 399 2428 ὲν
415 2403 499 2437 πᾶσιν
517 2402 611 2433 αὐτοῖς
628 2399 862 2437 εὐφρανθήσεται,
880 2402 929 2428 καὶ

133 2449 321 2485 μνησθήσεται
342 2448 377 2475 τὰ
393 2448 462 2484 ἔργα
476 2447 524 2475 τοῦ
541 2448 665 2480 σκότους,
679 2449 721 2475 ὅτι
743 2448 830 2475 πολλὰ
853 2448 930 2474 ἔσον-

131 2503 191 2522 ται·
218 2495 268 2521 καὶ
285 2495 341 2521 πᾶν
367 2494 397 2521 τὸ
417 2494 568 2529 ἐρχόμενον
594 2494 756 2530 ματαιότης.
774 2504 782 2520 ι
803 2494 929 2521 Διδάσκει

132 2541 215 2567 ποίαν
227 2539 336 2574 πρωταν
350 2539 437 2574 ἔφησε
453 2539 587 2575 σπείρειν,
606 2540 705 2575 ἡγουν,’
714 2540 765 2575 τὴν
780 2539 872 2575 ἡδεῖαν
882 2539 928 2566 καὶ

131 2585 265 2620 γλυκεῖαν
278 2586 336 2616 τοῖς
350 2587 457 2621 νοητοῖς
469 2585 630 2621 ὀφθαλμοῖς,
645 2586 677 2621 ἢν
691 2585 838 2620 ἐργάζεται
853 2587 866 2612 ὁ
879 2585 927 2620 τῆς

132 2630 310 2664 δικαιοσύνης
332 2630 420 2665 ἥλιος,
443 2631 629 2665 καταυγάζων
653 2630 732 2666 ἡμῶν
756 2630 806 2661 τὰς
830 2630 931 2665 ψυχάς.

134 2676 244 2710 Ὠσπερ
257 2676 314 2711 γὰρ
327 2677 352 2702 οἱ
365 2676 411 2702 τὸν
425 2675 555 2712 αἰσθητὸν
569 2676 647 2711 ἥλιον
663 2676 820 2710 βλέποντες,
836 2675 869 2701 δι’
882 2676 932 2702 αὐ-

132 2721 182 2749 τοῦ
199 2721 333 2757 βλέπουσι
354 2722 402 2748 καὶ
421 2721 456 2748 τὰ
472 2722 569 2758 ὁρατὰ,
588 2723 636 2749 καὶ
654 2721 726 2749 οὕτω
740 2721 790 2753 τὰς
804 2721 934 2756 αἰσθητὰς

133 2767 270 2802 ἐργασίας
285 2768 481 2803 μετέρχονται·
496 2768 521 2794 οἱ
536 2768 565 2794 δὲ
579 2768 616 2804 μὴ
630 2767 775 2803 βλέποντες
788 2766 834 2794 τὸν
846 2767 933 2802 ἥλιον,

133 2812 196 2840 οὐδὲ
219 2812 346 2848 ἐνεργεῖν
372 2813 512 2847 δύνανται,
526 2813 566 2850 τῷ
590 2813 627 2850 μὴ
652 2814 718 2850 ὀρᾷν
735 2813 769 2841 τὰ
784 2813 829 2839 ὑπ’
847 2810 930 2839 αὐτοῦ

190 2904 211 2920 "
225 2902 308 2932 Joan.
320 2910 358 2936 ιχ,
374 2901 401 2930 4.

1047 2305 1131 2332 Vens.
1147 2304 1209 2336 7,8.
1225 2313 1234 2330 ι
1248 2303 1331 2331 Dulce
1339 2303 1449 2335 lumen,
1472 2307 1500 2330 et
1511 2303 1612 2331 bonum
1629 2309 1670 2331 est
1683 2306 1770 2333 oculis

977 2351 1071 2380 videre
1084 2350 1179 2378 solem.
1193 2349 1222 2376 Si
1234 2349 1313 2376 annis
1324 2349 1417 2376 multis
1430 2349 1526 2376 vixerit
1540 2348 1620 2376 homo
1637 2349 1664 2376 in
1682 2351 1771 2378 omni-

978 2400 1029 2427 bus
1043 2398 1084 2425 his
1096 2397 1242 2428 la-tabitur,
1255 2401 1283 2423 et
1294 2396 1481 2424 recordabitur
1492 2403 1574 2430 opera
1584 2396 1769 2430 tenebrarum,

978 2445 1107 2481 quoniam
1123 2444 1216 2471 multm
1232 2443 1350 2470 tenebrae
1361 2434 1460 2474 erunt,
1487 2447 1515 2470 et
1525 2450 1606 2469 omne
1632 2443 1705 2477 quod
1719 2444 1770 2470 ad-

980 2491 1065 2520 venit,
1078 2489 1196 2517 vanitas.
1216 2498 1226 2514 »
1242 2489 1328 2516 Docet
1349 2495 1400 2515 nos
1430 2488 1482 2515 hoc
1508 2489 1568 2515 loro
1593 2487 1771 2518 Ecclesiastes

982 2537 1062 2572 quale
1076 2537 1110 2564 sit
1129 2536 1193 2564 illud
1207 2543 1286 2563 mane
1300 2543 1353 2570 quo
1368 2542 1418 2562 nos
1431 2535 1556 2562 hortatus
1582 2539 1624 2561 est
1639 2534 1772 2562 sationem

982 2583 1082 2614 facere.
1099 2583 1150 2610 hoc
1165 2586 1217 2616 est,
1233 2590 1317 2609 suave
1328 2589 1440 2616 prorsus
1457 2588 1489 2608 ac
1500 2581 1579 2608 dulce
1594 2581 1774 2616 orulisipsius

981 2629 1152 2662 intellectus;
1167 2627 1390 2662 mane,inquam,
1402 2626 1466 2653 illud
1476 2626 1547 2661 quod
1562 2626 1774 2662 producitjusti-

983 2665 1027 2702 tisi:
1052 2674 1110 2706 Sol,
1137 2673 1242 2700 animas
1268 2677 1375 2700 nostras
1401 2672 1509 2711 interno
1534 2671 1680 2707 splendore
1711 2673 1774 2700 illu-

983 2726 1084 2748 strans.
1095 2719 1171 2746 Sicut
1185 2719 1231 2753 qui
1247 2718 1331 2746 solem
1348 2718 1421 2745 hunc
1436 2717 1594 2745 sensibilem
1607 2717 1710 2750 vident,
1725 2727 1775 2753 per

983 2766 1071 2802 ipsius
1083 2765 1176 2792 lumen
1187 2765 1306 2792 visibilia
1320 2763 1474 2804 intuentur,
1505 2766 1588 2798 atque
1613 2763 1650 2790 ita
1676 2771 1774 2790 senats

986 2813 1060 2848 ipsos
1074 2810 1157 2838 variis
1171 2809 1265 2838 otliciis
1283 2809 1432 2839 intendunt
1447 2817 1454 2836 :
1472 2809 1518 2844 qui
1531 2816 1595 2837 vero
1608 2808 1694 2838 solem
1719 2816 1773 2836 non
