2044 3144
274 160 323 194 6H

810 158 1071 190 OLYHPIODORI
1091 158 1355 189 ALEXANDRINI

1847 158 1898 190 6ίὲ

271 216 376 250 vident,
390 217 417 244 in
431 217 552 245 tenebris
566 216 690 244 desident
707 215 787 243 otiosi
806 223 839 242 eo
850 223 885 250 qu
897 216 922 242 ιᾱ
946 223 1001 242 non
1016 215 1056 242 ri-

1112 213 1297 249 φωτιζόμενα·
1314 213 1407 244 οὕτως,
1419 213 1464 239 καὶ
1481 213 1504 240 οἱ
1520 213 1565 240 τὸν
1583 214 1677 248 νοητὸν
1689 214 1764 249 ἥλιον
1775 216 1900 250 ὲνοπτρι-

269 263 353 290 deant
363 271 422 297 qua:
436 263 500 289 solis
513 263 615 289 lumine
625 262 811 289 illustrantur:
829 262 864 287 ita
881 261 937 296 pari
952 261 1057 288 ratione.

271 313 298 336 et
316 309 362 343 qui
378 308 574 343 intelligibilem
607 312 772 335 eontuentur
796 307 891 339 solent,
918 307 1010 333 lumen
1031 307 1058 333 in

271 358 361 381 mente
373 361 422 381 sua
441 353 585 388 recipiunt,
598 362 646 389 per
662 354 735 388 quod
757 353 836 388 plane
864 352 956 379 vident
978 357 1058 386 atque

271 403 442 434 cognoscunt
454 407 515 433 quae
530 399 563 426 ad
575 399 697 433 ejusdem
725 398 792 425 Solis
818 397 984 424 voluntatem
1007 397 1057 424 sibi

270 444 374 479 agenda
389 449 461 476 sunt,
478 452 574 479 quaeve
585 445 667 472 etiam
680 443 850 471 dimittenda.
865 443 889 470 ls
905 447 995 470 autem
1012 442 1057 477 qui

271 490 304 517 ad
323 490 408 517 divini
422 490 502 518 Verbi
515 491 679 518 sententiam
707 490 852 517 vivendum
875 489 925 516 sibi
955 488 1059 516 consti-

273 540 338 567 tuat,
357 536 463 562 tametsi
480 535 580 562 multos
593 543 680 562 annos
691 540 814 562 versetur
826 535 852 561 in
866 535 919 562 vita
933 534 983 561 hac
998 541 1058 568 qua:

271 581 386 608 difﬁcilis
397 581 482 609 ferme
492 581 525 608 ab
537 581 663 608 omnibus
672 581 852 612 existimatur,
865 580 955 607 anima
967 584 1058 606 tamen

271 634 320 654 sua
329 627 467 661 voluptate
479 627 624 661 ltctitiaque
638 626 821 661 perfunditur.
835 634 896 653 eum
906 633 959 652 non
969 625 1057 652 solum

272 672 469 706 complectatur
487 672 578 699 animo
600 677 628 699 et
646 672 777 706 intelligat
800 679 860 706 qua:
874 671 977 706 agentia
1005 670 1056 697 sibi

271 708 336 743 sunt
353 717 378 743 in
393 718 510 752 practico
524 718 584 745 vitae
598 725 691 749 cursu,
706 725 800 745 verum
814 717 895 744 etiam
910 721 1001 744 mente
1012 724 1058 751 pa-

272 762 409 790 eatissima
423 764 622 798 contempletur
642 763 840 798 pulcherrimas
868 763 926 790 illas
951 762 1057 797 species

1106 260 1216 293 ζὸμενηι
1233 259 1267 285 δι’
1280 258 1364 285 αὐτοῦ
1382 257 1631 292 καταφωτίζονται,
1643 259 1712 293 πρὸς
1730 260 1761 286 τὸ
1774 261 1840 296 ὸρᾷν
1852 262 1900 287 καὶ

1107 305 1216 340 βλέπειν
1231 304 1249 331 ἃ
1263 304 1305 330 δεῖ
1319 303 1451 338 πράττειν
1472 305 1543 330 κατὰ
1565 303 1596 330 τὸ
1618 303 1702 331 αὑτοῦ
1718 305 1838 340 θέλημα,
1851 307 1899 333 καὶ

1106 347 1144 377 ὧν
1157 349 1358 384 ἅπέχεσϐαι.’0
1372 349 1400 375 δὲ
1415 350 1486 376 κατὰ
1500 349 1530 375 τδ
1542 349 1589 376 τοῦ
1603 349 1683 383 λόγου
1700 349 1823 386 βούλημα
1833 351 1898 384 ζῶν,

1108 395 1321 423 κᾶνιπολυετίαν
1336 395 1493 430 διαγένηται
1515 395 1544 421 έν
1565 394 1633 429 τῷδε
1650 395 1689 430 τῷ
1708 396 1758 431 βίῳ
1778 397 1818 432 τῷ
1840 398 1899 424 ὲπι-

1110 441 1202 477 μόχθῳ
1216 439 1286 467 εἶναι
1301 441 1434 473 δοκοῦντι,
1447 441 1679 476 κατευφραίνεται
1692 441 1742 476 τὴν
1753 435 1855 477 dtu-xiv,
1864 443 1900 469 τά

1106 496 1137 514 τε
1154 487 1281 523 πρακτέα
1297 488 1344 514 καὶ
1355 487 1389 514 τὰ
1403 487 1484 523 νοητὰ
1499 487 1584 523 κάλλη
1602 487 1771 522 περιαθρῶν,
1789 488 1834 515 διὰ
1845 490 1900 516 τῶν

1107 534 1247 569 φωτεινῶν
1255 534 1302 561 τοῦ
1312 534 1497 570 προρηῢέντος
1507 533 1583 568 ἡλίου
1595 533 1787 569 μαρμαρυγῶν
1795 535 1900 570 ἐκλαμ-

1107 579 1236 614 πόμενος.
1246 580 1451 614 ’Λναλογίζεται
1467 579 1494 606 δὲ
1510 580 1524 606 ό
1538 579 1658 610 τοιοῦτος
1671 580 1719 606 καὶ
1730 581 1780 612 τὰς
1794 581 1902 616 ἡμέρας

1109 626 1156 652 τοῦ
1171 625 1282 657 σκότους
1295 625 1343 653 τοῦ
1357 625 1502 660 μέλλοντος
1513 625 1577 657 τοὺς
1594 626 1703 657 ἀσεϐεῖς
1719 626 1900 661 διαδέχεσθαι,

1111 671 1159 698 καὶ
1180 670 1359 707 μνημονεύων
1383 672 1424 698 ὅτι
1451 671 1628 706 ἀτελεύτητον.
1652 673 1835 707 τυγχάνουσι·
1855 674 1902 699 καὶ

1110 718 1150 744 ὅτι
1169 718 1319 752 ματαιότης
1334 718 1474 752 ἐκδέχεται
1490 718 1553 749 τοὺς
1572 718 1762 753 ἁμαρτωλοὺς,
1775 719 1902 746 τουτέστι

1110 761 1231 794 κόλασις,
1251 763 1321 789 κατὰ
1339 761 1440 796 κράτος
1459 762 1621 796 ἐκτρέπεται
1637 762 1687 797 τὴν
1702 763 1813 789 κακίαν.

272 810 486 844 quaaamatcria
498 810 638 844 seiunctae,
662 809 719 837 solo
748 809 887 836 intellectu
916 808 1114 844 percipiuntur.
1140 807 1222 843 6'72
1252 808 1414 842 Speculatur
1443 812 1534 835 autent
1563 808 1631 841 haec,
1655 808 1831 836 lueidissimis
1856 808 1902 842 ju-

272 856 353 884 stitite
377 856 447 883 Solis
473 856 622 892 fulgoribus
646 856 805 883 illustratus.
827 855 921 890 Neque
954 863 1018 882 vero
1037 858 1140 881 tantum
1174 855 1232 882 lnec
1257 854 1316 890 ipsa
1328 859 1483 886 contuetur,
1506 862 1602 882 verum
1627 859 1738 890 reputat
1752 855 1844 882 animo
1875 859 1904 882 et

273 902 446 929 tenebrarum
464 902 523 929 dies
536 902 582 938 qui
603 902 630 929 in
648 902 739 930 futuro
753 903 852 930 saeculo
869 906 932 930 sunt
959 901 1057 936 impios
1081 901 1372 936 comprehensuri..Et
1392 909 1454 928 cum
1478 902 1633 929 meminerit
1652 901 1712 930 dies
1729 902 1789 929 illos
1802 909 1903 937 peren-

272 955 322 975 ues
349 947 417 978 fore.
444 952 659 983 peeeatoresque
674 948 748 983 ipsos
768 948 917 975 vanitatem
940 947 1076 982 excipere,
1094 946 1146 975 hoc
1169 951 1223 979 est,
1241 950 1342 974 a‘terna
1361 947 1505 982 supplicia,
1525 948 1600 975 omni
1621 948 1714 975 studio
1737 952 1764 974 et
1789 953 1902 974 conten-

274 994 347 1021 tione
365 993 509 1020 declinata
525 994 607 1026 malo,
618 994 776 1028 bonumque
792 998 928 1028 operatur.

308 1038 389 1065 Vens.
404 1039 430 1072 9,
450 1039 492 1065 10.
510 1049 519 1065 ‹
540 1039 653 1072 Laetare,
674 1039 792 1074 iuvenis,
824 1040 850 1067 in
878 1038 1060 1067 adolescentia
1076 1042 1097 1070 Β

274 1087 330 1115 tua,
341 1087 369 1110 et
381 1083 460 1110 bonis
479 1083 584 1111 fruatur
594 1092 641 1111 cor
655 1089 731 1112 tuum
747 1085 773 1112 in
791 1085 889 1112 diebus
900 1085 1059 1112 adolescen-

274 1128 318 1156 tia:
333 1136 395 1161 tuae,
412 1130 635 1157 ctimmaculatus
645 1130 789 1157 deambula
803 1130 828 1157 in
843 1131 950 1157 semitis
968 1130 1060 1157 cordis

274 1173 324 1206 tui,
336 1179 364 1202 et
379 1174 406 1200 in
417 1174 523 1202 visione
538 1176 677 1203 oculorum
701 1179 822 1203 tuorum.
843 1185 853 1201 ι
882 1176 950 1203 Cum
971 1175 1036 1202 dicit
1051 1183 1058 1202 :

274 1219 388 1246 Ambula
405 1220 593 1247 immaculata:
607 1221 636 1247 in
658 1221 758 1248 semitis
786 1221 872 1248 cordis
899 1222 958 1254 tui;
980 1222 1060 1256 plane

274 1265 394 1292 ostendit
409 1265 481 1301 quod
496 1265 529 1292 ad
545 1265 712 1301 spiritualem
728 1266 850 1293 laetitiam
865 1266 917 1294 hoc
944 1267 1060 1301 locoju-

275 1317 375 1337 venem
391 1311 559 1338 cohortatur.
575 1311 709 1339 Juvencm
721 1319 787 1339 vero
814 1311 949 1347 intelligit,
960 1312 1004 1347 qui
1027 1312 1062 1339 sit

275 1357 368 1383 animo
379 1356 506 1384 robustus
519 1364 551 1384 ac
569 1356 657 1390 fortis,
674 1361 701 1384 et
725 1357 771 1392 qui
798 1361 856 1385 tuto
875 1358 962 1392 possit
981 1362 1062 1392 atque

276 1402 410 1436 intrepide
431 1406 526 1429 contra
553 1402 654 1430 diaboli
673 1403 879 1434 colluctationes
889 1403 915 1430 in
934 1411 1061 1438 campum

275 1446 452 1479 descendere,
470 1455 572 1475 exuere
590 1448 732 1483 antiquum
748 1449 888 1476 hominem
904 1457 936 1477 ac
949 1450 1063 1478 induere

276 1499 339 1520 eum
357 1493 489 1528 quisitad
506 1493 652 1529 imaginem
671 1494 718 1522 Dei
734 1495 832 1530 factus.
851 1495 900 1522 llic
911 1499 1002 1523 autem
1017 1495 1063 1530 qui

277 1539 398 1566 ambulat
412 1539 599 1566 immaculatus
616 1540 643 1566 in
654 1540 759 1568 semitis
772 1541 862 1568 cordis
878 1540 929 1573 sui,
947 1541 999 1567 hoc
1010 1545 1063 1573 cst,

277 1584 396 1615 animam
424 1584 451 1610 in
473 1589 532 1611 tuto
545 1585 605 1613 loco
631 1585 812 1618 constituens,
827 1591 1002 1621 mentemque
1016 1594 1066 1621 pu-

278 1629 396 1661 riticans,
419 1630 500 1658 habet
515 1631 608 1665 utique
618 1635 645 1658 et
661 1639 745 1666 puros
765 1631 805 1658 sui
821 1632 943 1666 corporis
957 1639 1064 1665 sensus,

279 1674 456 1709 redditurquc
471 1676 629 1710 aptissimus
651 1677 684 1704 ad
701 1677 873 1704 admirabiles
884 1678 1065 1712 pulchritudi-

279 1723 329 1742 nes
343 1717 576 1751 conlemplaudas,
596 1718 717 1746 ltetitiam
746 1727 879 1755 summam
910 1719 1065 1754 percipiens

280 1761 305 1788 in
319 1761 452 1796 spirituali
474 1763 658 1791 adolescentia
691 1765 852 1799 internaque
876 1766 975 1792 mentis
1001 1773 1065 1800 per-

279 1806 374 1840 spicua
398 1806 514 1834 visione.
542 1807 610 1840 Quia
626 1817 690 1836 vero
713 1811 833 1836 mascula
863 1811 1067 1838 nomenclatura

279 1859 401 1886 persmpe
416 1852 555 1887 Scriptura
570 1855 655 1882 utitur
676 1855 703 1881 in
719 1855 760 1882 his
775 1855 842 1883 locis
871 1856 898 1882 in
915 1857 1014 1890 quibus
1028 1857 1067 1883 fe-

281 1897 450 1932 minasaequc
465 1906 496 1926 ac
509 1899 582 1926 viros
591 1900 624 1927 ad
634 1900 761 1927 virtutem
775 1901 908 1934 hortatur,
927 1902 1067 1929 sciendum

280 1948 322 1970 est
335 1944 407 1978 quod
425 1952 439 1971 a
453 1944 640 1979 principaliori
659 1951 736 1980 parte
767 1954 800 1974 ac
826 1955 891 1974 sexu
914 1938 1067 1975 orationem

280 1990 451 2024 aggreditur:
468 1991 585 2018 mulieris
600 1999 718 2026 namque
742 1998 821 2027 caput
831 1998 869 2020 est
890 1994 983 2027 uir“;
1013 2001 1067 2020 una

280 2044 344 2063 vero
360 2036 466 2071 utrique
488 2037 585 2064 animae
604 2042 645 2065 est
661 2038 823 2072 substantia,
835 2043 863 2066 et
877 2047 960 2067 unum
973 2047 1068 2066 sumus

281 2089 376 2108 omnes
389 2081 416 2108 iu
429 2081 554 2114 Domino,
568 2090 630 2109 cum
642 2083 751 2110 feminei
765 2092 846 2111 sexus
861 2084 999 2119 virilisque
1013 2085 1067 2112 dif-

282 2126 395 2154 ferentia
411 2128 444 2154 ad
457 2135 556 2164 corpus
569 2129 655 2156 solum
676 2130 821 2164 pertineat.
835 2130 925 2163 Quare
951 2132 1002 2159 etsi
1014 2132 1066 2159 hoc

282 2172 341 2199 loco
355 2172 555 2200 adolescentem
571 2174 658 2202 solum
685 2175 778 2203 videas
793 2176 1011 2210 adhortationem
1021 2185 1067 2204 ac-

281 2217 384 2250 cipere,
402 2217 452 2244 sub
473 2217 554 2252 hujus
565 2223 654 2246 tamen
669 2219 868 2247 adhortationis
882 2221 940 2256 lege
954 2221 1068 2249 feminas

282 2265 376 2296 putato
390 2270 465 2297 atque
491 2270 524 2290 ac
549 2264 622 2292 viros
645 2265 718 2300 ipsos
747 2267 953 2301 comprehendi.
981 2266 1069 2294 Verba

1150 1046 1159 1063 α
1175 1037 1342 1072 Εὐφραίνου,
1355 1037 1493 1070 νεανίσκε,
1507 1038 1535 1064 ἐν
1550 1038 1657 1073 νεότητι
1669 1046 1725 1070 σου,
1738 1039 1784 1065 καὶ
1798 1040 1903 1074 ἁγαοτο-

1110 1083 1182 1110 νάτω
1198 1091 1228 1109 σε
1246 1083 1263 1118 ἡ
1279 1083 1377 1118 καρδία
1394 1091 1440 1109 σου
1456 1083 1485 1109 έν
1502 1083 1619 1118 ἡμέραις
1635 1083 1762 1118 νεότητός
1777 1093 1843 1117 σου,
1857 1087 1904 1113 καὶ

1111 1128 1256 1164 περιπάτει
1270 1127 1299 1154 ἐν
1315 1127 1385 1159 ὁδοῖς
1401 1127 1515 1163 καρδίας
1533 1135 1580 1154 σου
1597 1127 1725 1163 ἄμωμος,
1735 1128 1783 1154 καὶ
1796 1129 1825 1154 ἐν
1837 1129 1905 1163 ὁρά-

1111 1181 1153 1200 σει
1171 1173 1320 1208 ὀφθαλμῶν
1337 1181 1394 1200 σου.
1411 1182 1420 1199 ι
1438 1173 1483 1208 Τῷ
1502 1174 1602 1205 εἰπεῖν,
1623 1173 1679 1200 Καὶ
1699 1174 1854 1207 περιπάτει
1870 1176 1904 1202 ἐν

1111 1219 1192 1252 ὁδοῖς
1202 1219 1327 1253 καρδίας
1340 1225 1399 1246 σου
1414 1219 1544 1254 ἄμωμος,
1557 1218 1642 1251 ἔδειξε
1658 1220 1699 1246 ὅτι
1712 1220 1761 1255 τὴν
1778 1229 1904 1256 πνευμα-

1111 1266 1192 1302 τικὴν
1205 1265 1375 1301 εὐφροσύνην
1390 1266 1519 1300 παραινεῖ
1533 1264 1573 1300 τῷ
1594 1265 1730 1302 νεανίσκῳ
1753 1267 1904 1302 εὐφραίνε-

1112 1311 1185 1337 σθαι.
1199 1309 1351 1337 Νεανίσκον
1365 1309 1393 1336 δὲ
1410 1309 1456 1336 τὸν
1471 1309 1544 1336 κατὰ
1560 1310 1650 1346 ψυχὴν
1667 1311 1785 1345 ἀκμαῖον
1795 1311 1844 1338 καὶ
1857 1311 1904 1337 δυ-

1112 1357 1227 1392 νάμενον
1240 1355 1443 1383 ἐπαποδύεσθαι
1461 1356 1531 1382 κατὰ
1547 1356 1594 1383 τοῦ
1610 1357 1730 1392 πονηροῦ
1759 1365 1842 1392 φησι,
1859 1357 1905 1384 τὸν

1112 1402 1335 1438 ἀπεκδυσάμενον
1360 1402 1407 1429 τὸν
1431 1402 1545 1429 παλαιὸν
1561 1402 1715 1437 ἄνθρωπον,
1732 1404 1779 1430 καὶ
1795 1403 1905 1430 ἐνδυσά-

1115 1456 1196 1484 μενον
1212 1448 1259 1474 τδν
1271 1448 1345 1481 νέον,
1360 1447 1405 1474 τὸν
1427 1447 1487 1474 κατ’
1500 1447 1593 1474 εἰκόνα
1610 1448 1689 1475 Θεοῦ.
1699 1449 1727 1475 'O
1741 1449 1769 1475 δὲ
1783 1448 1905 1480 τοιοῦτος

1115 1495 1144 1521 ἐν
1159 1494 1228 1526 ὁδοῖς
1240 1494 1352 1530 καρδίας
1365 1494 1525 1530 περιπατῶν
1540 1494 1666 1530 ἄμωμος,
1683 1495 1807 1522 τουτέστι
1820 1496 1905 1530 αὐτὴν

1114 1540 1164 1576 τὴν
1177 1540 1266 1575 ψυχὴν
1283 1540 1512 1575 ἀσφαλιζόμενος,
1531 1540 1578 1566 καὶ
1598 1540 1760 1575 καθαρεύων
1782 1540 1832 1575 τὴν
1846 1541 1905 1567 διά-

1115 1595 1200 1618 νοιαν,
1211 1585 1267 1622 ἔχει
1283 1586 1332 1621 μὲν
1347 1585 1503 1620 ἀναγκαίως
1516 1586 1627 1621 καθαρὰ
1640 1586 1687 1621 καὶ
1701 1585 1734 1613 τὰ
1749 1585 1797 1612 τοῦ
1813 1586 1906 1621 σώμα-

1114 1639 1160 1662 τος
1172 1631 1348 1665 αἰσθητήρια.
1364 1630 1438 1665 Πλὴν
1451 1631 1557 1665 γίνεται
1566 1631 1731 1666 διορατικὺς,
1746 1631 1793 1657 καὶ
1808 1630 1907 1666 θεωρεῖ

1116 1675 1202 1710 κάλλη
1220 1675 1371 1710 θαυμάσια,
1389 1675 1603 1711 εὐφραινόμενος
1618 1676 1648 1702 ὲν
1663 1677 1697 1711 τῇ
1717 1675 1801 1702 αὐτοῦ
1825 1683 1907 1702 πνευ-

1117 1722 1217 1756 ματικῇ
1231 1721 1405 1756 νεότητι,καὶ
1415 1722 1448 1756 τῇ
1460 1721 1514 1747 τῶν
1524 1722 1629 1756 νοητῶν
1642 1721 1775 1757 ὀμμάτων
1789 1721 1904 1756 θεωρίᾳ.

1121 1767 1232 1802 Ἐπειδὴ
1242 1767 1269 1795 δὲ
1280 1767 1319 1802 τῷ
1329 1767 1376 1794 τοῦ
1387 1767 1504 1803 ἆρῤενος
1520 1767 1635 1802 ὀνόματι
1650 1767 1770 1801 συνεχῶς
1781 1767 1800 1801 ἡ
1811 1767 1906 1802 Γραφὴ

1117 1813 1272 1848 μέμνηται,
1288 1812 1354 1839 ἔνθα
1377 1812 1471 1844 κοινὰς
1493 1813 1611 1839 ποιεῖται
1634 1811 1684 1843 τὰς
1710 1812 1904 1847 παραινέσεις·

1117 1858 1206 1885 ίστέον
1222 1858 1259 1889 ὡς
1277 1858 1309 1884 ὲκ
1330 1858 1377 1884 τοῦ
1393 1858 1563 1894 κυριωτέρου
1580 1857 1681 1893 μέρους
1698 1857 1832 1893 (Kay-ali;
1853 1857 1908 1891 γὰρ

1117 1904 1263 1943 γυναικὸς
1277 1906 1294 1931 ό
1307 1904 1396 1939 ἀνὴρ)
1418 1905 1535 1931 ποιεῖται
1555 1903 1601 1930 τὸν
1621 1903 1709 1937 λόγον.
1738 1903 1814 1929 Ἐπεὶ
1829 1903 1845 1937 ἡ
1858 1902 1908 1936 τῆς

1115 1948 1203 1983 ψυχῆς
1218 1948 1297 1975 οὐσία
1313 1948 1372 1983 μία,
1389 1948 1436 1975 καὶ
1453 1946 1493 1980 εἷς
1505 1949 1588 1984 ἐσμεν
1600 1948 1700 1979 ξεάντες
1712 1948 1741 1974 ἐν
1757 1947 1867 1982 Κυρίῳο
1877 1947 1908 1973 τὸ

1115 1994 1170 2028 γὰρ
1186 1994 1236 2028 τῆς
1252 1994 1362 2029 θηλείας
1389 1994 1437 2021 καὶ
1459 1994 1506 2021 τοῦ
1531 1994 1655 2030 ἄρῤενος,
1672 1994 1809 2028 σωμάτων
1828 1993 1908 2027 μόνον

1115 2040 1174 2066 ἐστὶ
1198 2040 1411 2075 διαφορά.¹¹Ωστε
1433 2039 1485 2066 κᾶν
1511 2040 1654 2067 νεανίσκον
1669 2039 1791 2074 ἀκούσῃς
1807 2048 1909 2074 παραι-

1115 2085 1263 2117 νούμενον,
1281 2085 1380 2120 ἄνδρας
1405 2084 1472 2120 ὁμοῦ
1496 2085 1542 2111 καὶ
1568 2085 1702 2119 γυναῖκας
1726 2084 1791 2111 νόει.
1817 2084 1876 2110 Κᾶν
1895 2084 1910 2110 ό

1121 2130 1228 2162 Παῦλος
1244 2130 1319 2164 εἴπη,
1329 2130 1519 2165 Ἠρμοσάμην
1532 2129 1610 2164 ὑμᾶς
1622 2130 1667 2157 ἐνὶ
1687 2129 1786 2164 ἀνδρὶ,
1800 2129 1908 2162 παρθέ-

1119 2185 1175 2203 ’νον
1188 2176 1286 2211 ἁγνὴν
1303 2176 1493 2211 παραστῆσαι
1510 2176 1550 2208 τῷ
1567 2175 1694 2210 Χριστῷ,
1714 2175 1795 2202 πάλιν
1810 2175 1910 2209 ὁμοίως

1098 2216 1101 2219 ’
1121 2222 1222 2257 ἄνδρας
1245 2230 1275 2248 τε
1297 2222 1345 2248 καὶ
1360 2223 1493 2256 γυναῖκας
1506 2221 1674 2257 ὲκλάμὸανε.
1690 2221 1744 2248 Καὶ
1758 2220 1847 2254 γνῶθι
1862 2220 1911 2246 ἐπὶ

1123 2266 1197 2293 πᾶσι
1213 2267 1338 2299 τούτοις,
1353 2266 1396 2293 ὅτι
1412 2266 1477 2298 ἆξει
1494 2275 1531 2293 σε
1546 2268 1562 2294 ὀ
1578 2266 1650 2299 Θεὸς
1668 2266 1703 2292 ἐν
1714 2266 1821 2298 κρίσει.

282 2315 389 2343 quoque
405 2308 478 2336 Pauli
490 2311 615 2344 apostoli.
632 2311 732 2345 quibus
752 2311 840 2346 inquit
854 2322 862 2339 :
877 2312 1009 2348 Despondi
1027 2321 1070 2341 vos
1085 2313 1132 2340 uni
1150 2314 1205 2340 viro
1221 2314 1350 2349 virginem
1368 2318 1469 2340 castam
1485 2314 1604 2340 exhibere
1627 2312 1727 2340 Christo
1738 2312 1773 2343 '°;
1799 2315 1854 2337 tam
1878 2313 1911 2336 att

281 2355 355 2386 viros
369 2353 505 2389 pertinere
514 2363 598 2390 quam
622 2356 655 2383 ad
678 2356 808 2384 mulieres
837 2357 1003 2386 existimato.
1031 2359 1066 2385 Et
1081 2355 1204 2394 cognosce
1232 2359 1260 2385 iu
1283 2359 1322 2396 Itis
1339 2359 1458 2385 omnibus
1482 2358 1550 2393 quod
1571 2359 1648 2385 ducet
1675 2363 1699 2384 te
1715 2357 1784 2383 Deus
1809 2357 1837 2383 in
1864 2355 1912 2389 ju-

282 2400 361 2427 dicio.

580 2444 694 2474 CAPUT
720 2447 780 2474 ΧΠ.

1418 2447 1545 2474 ΚΕΦΑΑ.
1566 2447 1617 2474 ΙΒ’.

322 2498 331 2515 ι
345 2489 379 2517 Et
392 2497 501 2518 remove
516 2491 583 2518 iram
599 2499 614 2518 a
637 2492 718 2519 corde
731 2497 786 2525 tuo,
797 2497 825 2520 et
847 2493 975 2522 abducito
995 2492 1063 2522 malit

1158 2502 1167 2518 ι
1184 2493 1238 2519 Καὶ
1250 2493 1406 2528 ἀπόστησον
1417 2493 1504 2528 ουμδν
1518 2492 1572 2520 ἀπὸ
1583 2492 1697 2528 καρδίας
1711 2500 1769 2523 σου,
1783 2490 1831 2517 καὶ
1843 2499 1911 2525 παρ-

284 2535 413 2571 gnitatem
427 2543 441 2562 a
451 2543 533 2564 carne
548 2540 604 2568 tua,
621 2537 749 2572 quoniam
760 2538 890 2573 juventus
900 2544 927 2566 et
937 2540 1063 2568 amentia.

1118 2537 1205 2572 άγαγε
1226 2537 1360 2574 πονηρίαν
1375 2539 1428 2565 ἀπὸ
1448 2538 1549 2574 σαρκός
1573 2547 1620 2564 σου
1634 2558 1641 2570 ,
1662 2537 1704 2564 ὃτι
1722 2537 1799 2571 καὶὴ
1817 2536 1913 2569 νεότης

285 2581 420 2608 vanitas‘.
437 2581 530 2617 [Vsns.
546 2582 584 2618 1.]
602 2583 636 2609 Et
662 2589 800 2612 memento
828 2584 965 2613 Creatoris
981 2587 1018 2613 tui
1041 2587 1063 2614 in

1117 2585 1190 2619 καὶὴ
1207 2585 1283 2612 ἄνοια
1301 2585 1462 2620 ματαιότης.
1477 2585 1532 2610 Καὶ
1548 2584 1683 2620 μνήσθητι
1698 2583 1746 2609 τοῦ
1764 2581 1914 2612 Κτίσαντός

286 2624 383 2652 diebus
396 2625 664 2659 adolescentimtum,
698 2632 844 2663 antequam
874 2629 983 2656 veniant
1010 2630 1063 2658 dics

1118 2638 1159 2663 σε,
1173 2631 1202 2656 ὲν
1216 2631 1335 2667 ἡμέραις
1351 2631 1477 2667 νεότητός
1497 2639 1544 2658 σου
1554 2651 1562 2664 ,
1583 2631 1635 2662 ἕως
1654 2626 1685 2656 οὗ
1701 2630 1738 2665 μὴ
1754 2628 1869 2655 ἔλθωσιν
1885 2627 1912 2653 αι

286 2671 450 2704 alliictionis,
465 2675 493 2698 ct
510 2671 573 2698 anni
587 2672 612 2698 in
625 2672 723 2706 quibus
732 2673 823 2700 dices:
840 2674 901 2701 Non
911 2679 953 2702 est
970 2675 1063 2703 volun-

1116 2676 1218 2711 ἡμέραι
1235 2677 1283 2712 τῆς
1298 2677 1409 2710 κακίας,
1423 2677 1471 2704 καὶ
1492 2677 1632 2711 φθάσωσιν
1649 2675 1708 2711 ἐτη,
1724 2676 1752 2701 ὲν
1771 2671 1813 2706 οἷς
1828 2673 1913 2708 ἐρεῖς,

318 2770 338 2785 ’⁸
356 2770 456 2806 Ephes.
471 2778 498 2801 v,
513 2770 557 2797 ‘25.
597 2770 617 2785 ¹⁹
635 2770 655 2796 ll
669 2769 730 2796 Cor.
745 2777 782 2801 ιιι,
796 2771 823 2797 2.

321 2862 331 2872 ‘
346 2859 395 2887 llic
415 2866 511 2886 versus
523 2859 556 2887 ad
579 2865 659 2894 caput
677 2860 848 2888 undecimum
865 2861 992 2896 pertinet.
