2044 3144
127 177 181 209 613

778 169 820 200 ΙΝ
837 167 1013 199 ECCLESIA
1018 169 1123 203 STEN.

1718 181 1770 214 614

127 234 187 262 Οὐκ
203 231 264 259 ἔστι
280 240 326 268 μοι
339 231 368 258 ἐν
385 229 481 262 αὐτοῖς
497 228 631 264 θέλημα.)
650 226 708 254 Νῦν
722 225 924 262 ἀναμιμνήσκει

982 228 1023 252 las
1041 234 1100 253 mea
1113 227 1139 255 in
1157 228 1206 256 eis.
1226 238 1235 255 ι
1254 230 1311 259 lloc
1323 231 1384 260 loco
1403 232 1430 260 in
1449 236 1609 264 memoriam
1622 238 1701 266 nobis
1728 248 1771 267 re—

126 280 174 306 τοὺ
201 278 276 306 θείου
303 276 460 313 κριτηρίου,
486 275 535 302 καί
558 282 652 310 φησιν,
670 271 721 301 Οἷα
740 272 926 305 αὑτεξούσιος,

125 325 310 357 ἁπόστησον
323 322 420 357 θυμὸν
435 321 496 349 ἀπὸ
509 321 633 355 καρδίας
648 327 706 346 σου
717 327 723 333 ·
745 318 858 345 δύνασαι
874 317 928 352 γὰρ

125 371 166 406 τῷ
190 369 296 405 λογικῷ
320 368 463 404 χρώμενος
476 367 604 403 χαλινοῦν
619 366 665 393 τὸν
680 365 778 401 θυμόν.
791 364 928 400 Πονηρίαν

125 415 157 442 δὲ
182 415 286 450 σαρκός
310 422 377 449 φησι
392 413 483 440 πᾶσαν
505 412 555 447 μὲν
569 411 719 447 ἁμαρτίαν.
735 410 776 437 Τὰ
798 410 853 445 γὰρ
877 409 927 444 τῆς

127 461 266 497 ἁμαρτίας
282 460 362 496 ἔργα,
377 459 446 494 ἔργα
457 459 525 494 φησὶ
538 458 640 493 σαρκὸς
653 459 666 484 ὁ
680 455 852 488 ’Δπόστολος.
864 457 927 482 Δια-

126 508 269 542 φερὸντως
281 506 310 532 δὲ
326 505 445 540 πονηρία
462 504 564 539 σαρκὸς
580 505 596 539 ή
612 503 726 538 πορνεία
737 511 743 518 ·
758 502 793 529 τὰ
807 502 836 528 δὲ
853 501 926 538 πάθη

126 554 267 588 νεωτέρας
290 552 344 579 εἰσὶ
369 551 489 581 διανοίας
509 550 557 577 καὶ
581 549 698 576 ἀστάτου
722 550 869 584 κινήματα.
886 548 925 583 Τῇ

125 601 157 627 δὲ
172 600 222 635 νέα
234 599 321 635 ταύτῃ
339 598 443 633 διανοίᾳ
457 597 506 624 καὶ
518 598 534 631 ἡ
549 596 625 623 ἄνοια
640 595 839 631 παρέζευκται,
849 594 926 621 οὐδὲν

125 646 222 680 ἕτερον
235 642 304 671 οὖσα
327 644 343 679 ἢ
369 643 530 678 ματαιότης.
544 643 576 668 Εἰ
590 642 618 669 δὲ
635 641 733 672 θέλεις,
747 641 825 676 φησὶ,
840 641 926 667 ἐκϐα-

125 692 185 718 λεῖν
199 691 304 725 ταύτην
318 690 370 723 τὴν
382 690 514 720 διάνοιαν,
527 688 574 714 καὶ
588 687 692 723 χαλινῷ
705 687 787 722 δῆσαι
797 687 848 721 τῆς
860 695 926 714 νεω-

125 737 242 771 τερικῆς
258 735 419 770 φρονήσεως
432 734 481 769 τὴν
493 734 594 769 ὁρμὴν,
612 733 729 767 ἄληστον
745 733 789 768 ἔχε
799 733 846 760 τοῦ
857 733 925 760 Θεοῦ

125 783 178 819 τὴν
191 783 312 817 μνήμην.
322 781 444 816 Ἡμέρας
456 781 485 806 δὲ
498 780 635 815 νεότητος,
645 780 691 806 τὸν
704 779 828 814 παρόντα
839 779 926 806 αἰῶνά.

127 838 207 864 φησι,
221 829 261 860 ὡς
282 828 350 864 πρὸς
376 827 425 863 τὴν
447 826 494 853 τοῦ
520 827 666 861 μέλλοντος
688 827 853 862 τελειότητα,
862 827 925 853 Ἐὰν

125 876 183 909 γὰρ
206 875 235 901 ὲν
258 873 297 908 τῷ
319 873 434 908 παρόντι
449 872 570 908 ἐκϐάλῃς
588 873 637 908 τὴν
652 873 763 907 μνήμην
778 871 826 899 τοῦ
844 871 922 902 Θεοῦ,

126 919 176 946 καὶ
190 919 224 945 τὰ
240 918 303 945 καθ’
315 918 412 953 ἡδονὴν
435 917 551 953 πράξῃς,
569 917 714 952 ἐφίσταται
734 917 748 942 ὁ
765 917 860 951 καιρὸς
875 916 924 952 τῆς

126 966 278 997 κολάσεως,
291 964 321 990 ὃν
341 964 373 999 δὴ
395 963 442 990 καὶ
465 964 573 998 ἡμέραν
589 963 690 994 κακίας
704 963 780 998 φησὶ,
796 963 846 998 τῆς
869 963 924 989 τιῖω

125 1012 301 1047 ἁμαρτωλῶν
309 1011 458 1042 κολάσεως.
473 1011 528 1037 Καὶ
538 1011 599 1037 τότε
608 1009 718 1043 λέξεις,
731 1010 772 1036 ὅτι
784 1010 845 1037 Οὐκ
857 1009 924 1036 ἐστι

122 1068 176 1093 μοι
196 1058 312 1093 θέλημα
333 1058 370 1084 ἐν
388 1057 500 1090 αὐτοῖς.
515 1057 610 1088 Οὐδεὶς
625 1056 681 1092 γὰρ
695 1057 724 1082 ἐν
743 1056 870 1091 βασάνοις
886 1055 924 1082 ὢν

126 1105 235 1140 θέλημα
255 1105 311 1139 ἔχει
326 1104 375 1130 τοῦ
395 1102 599 1138 βασανίζεσθαι.
609 1102 710 1129 ’ἰστέον
726 1101 871 1137 τοιγαροῦν
886 1102 924 1133 ὼς

125 1154 140 1179 ὁ
154 1151 202 1178 νῦν
224 1152 281 1183 τοῖς
306 1151 382 1182 ἰδίοις
396 1150 546 1185 θελήμασιν
564 1148 750 1183 ὲξακολουθῶν
762 1147 815 1174 ὑπὸ
831 1147 924 1179 ἀνοίας

125 1199 175 1225 καὶ
189 1198 304 1229 ἀτελοῦς
317 1197 448 1229 διανοίας,
465 1197 511 1222 καὶ
531 1196 561 1222 οὗ
577 1196 637 1227 ταῖς
655 1195 702 1222 τοῦ
724 1194 828 1230 Κυρίου
851 1194 925 1220 ἐντο-

125 1245 198 1276 λαῖς,
212 1246 241 1271 ὲν
252 1244 292 1279 τῷ
307 1243 397 1279 καιρῷ
415 1244 464 1278 τῆς
479 1242 629 1274 κολάσεως,
644 1241 683 1274 ὡς
693 1241 722 1268 οὐ
740 1241 823 1274 θέλει,
839 1239 924 1275 βασα-

126 1292 244 1324 νίζεται,

167 1386 256 1417 ιἝως
270 1385 300 1412 οὐ
316 1384 354 1420 μὴ
373 1384 503 1420 σκοτισθῇ
520 1383 534 1410 ὁ
548 1383 634 1419 ἥλιος,
652 1383 701 1409 καὶ
715 1381 745 1409 τὺ
760 1381 828 1416 φῶς,
842 1381 922 1415 καὶ-ἠ

126 1432 240 1467 σελήνη,
256 1432 304 1458 καὶ
326 1432 351 1458 οἱ
369 1431 493 1467 ἀστέρες,
511 1431 559 1457 καὶ
583 1429 772 1464 ὲπιστρέψωσι
794 1427 828 1454 τὰ
854 1427 922 1462 νέφη

125 1478 216 1504 ὀπίσω
231 1477 278 1504 τοῦ
292 1477 382 1509 ὑετοῦ,
398 1478 426 1503 ὲν
442 1477 533 1512 ἡμέρᾳ
586 1476 619 1503 ἂν
636 1474 787 1502 σαλευοῶσι
802 1473 923 1508 φύλακες

125 1524 178 1557 τῆς
193 1524 294 1555 οἰκίας,
313 1523 359 1551 καὶ
375 1522 582 1558 διαστραφῶσιν
594 1521 691 1556 ἄνδρες
703 1521 753 1555 τῆς
767 1520 921 1554 δυνάμεως,

983 278 1062 299 vocat
1078 273 1357 310 divinumjudicium,
1373 283 1400 306 et
1423 280 1470 313 ait,
1491 285 1618 317 tanquam
1631 284 1718 312 libero
1732 293 1771 312 ar-

979 317 1062 345 bitrio
1078 320 1208 354 praeditus
1227 331 1234 349 :
1253 322 1365 351 Remove
1391 325 1460 352 iram
1479 335 1495 353 a
1511 329 1588 355 corde
1604 334 1649 356 tua
1659 338 1669 362 ;
1692 336 1771 366 potes

978 364 1061 397 enim,
1071 373 1134 393 cum
1144 366 1182 394 sis
1196 369 1328 402 prmditus
1338 371 1454 405 ratione,
1471 373 1639 403 iracundiam
1652 364 1769 406 frenare.

977 410 1171 447 Malignitatem
1187 422 1253 442 vero
1266 415 1356 443 carnis
1365 418 1465 452 accipit
1484 427 1533 453 pro
1558 422 1632 448 omni
1647 427 1769 457 peccato.

977 457 1046 484 Nam
1064 463 1091 485 et
1105 459 1263 494 Apostolus,
1279 469 1362 496 opera
1381 465 1471 491 carnis
1485 470 1595 500 peccata
1606 468 1723 502 appellat
1735 468 1769 496 '°.

976 503 1058 539 673
1076 504 1216 544 Prmcipua
1232 514 1297 535 vero
1317 509 1474 545 malignitas
1488 514 1579 540 carnis
1600 519 1644 540 est
1661 514 1720 549 ipsa
1736 515 1769 542 li~

977 550 1056 583 hido;
1075 553 1214 586 passiones
1230 561 1295 581 vero
1306 563 1374 589 quas
1400 556 1526 589 dicimus,
1543 564 1708 588 suntmotus
1729 561 1772 588 in-

977 600 1130 625 constantis
1148 599 1232 627 animi
1249 608 1281 627 ac
1294 601 1434 635 juvenilis.
1459 603 1558 631 Animo
1577 611 1668 633 autem
1691 608 1770 642 jure-

965 643 1035 673 -nili.
1056 645 1174 672 amentia
1186 645 1243 673 fere
1257 647 1417 682 plerumque.
1433 656 1539 676 annexa
1558 656 1610 683 est,
1624 660 1684 686 qnze
1703 653 1770 680 nihil

976 693 1018 716 est
1034 690 1106 716 aliud
1121 698 1201 725 quam
1217 699 1291 719 mera
1315 694 1431 721 vanitas.
1454 694 1544 729 lnquit
1557 703 1621 732 ergo
1637 707 1643 723 :
1659 697 1686 725 Si
1704 699 1771 727 \'el.s

976 741 1077 762 exuere
1096 735 1169 763 hunc
1181 737 1330 771 juvenilem
1346 739 1479 773 animum,
1496 744 1524 768 et
1555 742 1705 776 petulantis
1722 751 1770 771 su-

977 781 1078 815 perbize
1089 786 1193 809 motum
1208 782 1286 811 freno
1312 792 1496 820 compescere,
1524 787 1696 816 indeiebilem
1722 789 1768 817 Dei

976 828 1139 855 memoriam
1167 834 1339 857 conservato.
1371 830 1435 858 Dies
1460 837 1551 860 autem
1579 834 1770 863 adolescentiae

978 874 1119 905 praascntis
1137 875 1199 901 vita:
1209 875 1267 902 dies
1279 875 1432 911 significant
1447 885 1454 903 :
1473 886 1547 910 vere,
1565 879 1686 907 stultitiae
1697 881 1768 914 dies,

978 917 1000 944 si
1020 918 1052 944 ad
1069 919 1266 954 perfectionem
1292 929 1486 957 comparentur
1515 924 1613 953 futura:
1639 926 1710 954 vitae.
1741 927 1768 954 Si

976 964 1050 991 enim
1068 965 1094 991 in
1110 967 1238 1000 prresenti
1253 968 1307 995 vita
1320 969 1479 997 memoriam
1497 970 1543 998 Dei
1558 972 1701 1006 abjeceris,
1723 973 1766 999 in—

976 1011 1080 1038 cumbit
1094 1011 1141 1039 tibi
1155 1016 1263 1048 tempus
1279 1014 1441 1048 punitionis,
1461 1017 1534 1051 quod
1554 1017 1626 1044 diem
1642 1023 1719 1045 vocat
1730 1018 1770 1045 af—

976 1057 1116 1090 ﬂictionis,
1145 1066 1208 1085 eum
1230 1065 1387 1094 peccatores
1410 1066 1474 1088 tunc
1497 1059 1627 1096 p'uniendi
1644 1063 1715 1096 sint;
1742 1068 1769 1090 et

978 1106 1042 1130 tunc
1053 1102 1139 1130 dices:
1149 1104 1209 1131 Non
1221 1109 1258 1131 est
1270 1105 1392 1133 voluntas
1401 1114 1458 1133 mea
1470 1107 1496 1133 in
1505 1108 1578 1141 ipsis.
1589 1107 1686 1134 Nullus
1695 1107 1769 1135 enim

976 1157 1037 1176 cum
1056 1154 1199 1184 torquetur
1215 1152 1360 1178 tormentis
1373 1159 1466 1179 carere
1488 1153 1583 1180 nollet.
1599 1153 1650 1186 Qui
1664 1160 1727 1189 ergo
1740 1154 1769 1181 in

977 1194 1026 1222 hac
1043 1195 1097 1222 vita
1110 1204 1164 1223 non
1180 1202 1291 1224 secutus
1310 1190 1417 1224 Domini
1433 1204 1568 1233 prateepta
1583 1199 1630 1226 scd
1647 1207 1710 1226 suas
1719 1208 1766 1226 cu-

977 1241 1114 1276 piditates,
1130 1250 1163 1269 ex
1180 1244 1300 1271 amentia
1314 1248 1341 1272 et
1357 1245 1441 1272 animi
1469 1245 1679 1280 imperfectionc
1707 1246 1771 1273 facit

975 1295 1006 1315 ea
1020 1296 1080 1323 qua:
1092 1289 1149 1315 vult
1163 1296 1169 1314 :
1184 1289 1211 1316 in
1244 1294 1366 1324 tempore.
1393 1290 1546 1325 punitionis
1565 1295 1716 1326 torquetur,
1733 1291 1769 1318 ita

975 1340 1004 1361 ut
1023 1340 1077 1361 non
1095 1335 1162 1362 vult.

1010 1379 1092 1407 Vens.
1110 1380 1173 1407 2-4.
1194 1390 1202 1406 ι
1218 1382 1371 1415 Antequam
1391 1381 1603 1410 obtenebrescat
1616 1382 1668 1415 sol,
1688 1387 1716 1411 et
1728 1383 1770 1410 lu-

975 1433 1048 1456 men,
1061 1431 1088 1452 ct
1101 1425 1174 1458 luna,
1190 1431 1217 1453 ct
1232 1427 1362 1460 stellm,et
1379 1432 1551 1454 revertantur
1565 1433 1640 1456 retro
1655 1429 1741 1456 nubes
1754 1438 1769 1457 a

975 1471 1077 1505 pluvia,
1092 1471 1119 1497 in
1133 1472 1176 1498 die
1192 1472 1218 1498 in
1232 1480 1286 1506 quo
1301 1473 1547 1500 commovebuntur
1573 1475 1702 1501 custodes
1718 1474 1768 1502 do-

974 1525 1045 1548 mus,
1060 1521 1087 1544 et
1102 1517 1129 1544 in
1146 1518 1286 1552 obliquum
1301 1518 1440 1553 depravati
1468 1519 1571 1546 fuerint
1585 1520 1634 1546 viri
1662 1519 1769 1547 fortitu-

126 1570 175 1595 καὶ
192 1569 320 1604 ἧργησαν
337 1569 364 1594 αἱ
377 1567 526 1602 ἀλήθουσαι
539 1568 580 1593 ὅτι
591 1565 782 1601 ὡλιγώθησαν,
797 1564 846 1591 καὶ
859 1572 922 1590 σκο-

976 1562 1058 1595 dinis,
1071 1568 1098 1590 et
1111 1563 1280 1590 cessaverint
1293 1564 1437 1596 molentes,
1449 1566 1578 1599 quoniam
1596 1565 1629 1592 ad
1645 1565 1769 1600 paucita-

124 1615 258 1641 τάττουσιν
277 1613 305 1639 αι
324 1612 474 1648 βλέπουσαι
493 1612 522 1637 ὲν
540 1612 599 1642 ταῖς
613 1611 705 1644 ὀπαῖς,
720 1611 766 1637 καὶ
783 1610 921 1636 κλείσουσι

125 1660 216 1695 θύραν
234 1660 263 1685 ὲν
277 1659 366 1694 ἀγορᾷ
380 1659 409 1684 ἐν
423 1658 551 1693 ἀσθενείᾳ
564 1657 657 1692 φωνῆς
672 1657 721 1692 τῆς
740 1656 919 1692 ἀληθοὺσης.»

127 1705 256 1732 Ἰἰκουσά
272 1713 344 1736 τινος
363 1705 411 1731 xvi.
424 1704 490 1739 περὶ
505 1704 555 1738 τῆς
571 1703 686 1738 μερικῆς
699 1702 815 1729 ἑκάστου
831 1709 923 1728 συντε-

126 1751 203 1783 λείας
215 1750 396 1786 διηγουμένου
411 1751 444 1776 τὰ
456 1751 496 1782 είς
508 1749 554 1776 τὸν
566 1749 664 1776 τόπον·
676 1748 724 1775 καὶ
743 1748 836 1782 ἑτέρου
857 1755 891 1773 πε
897 1746 923 1782 ρ).

125 1799 178 1833 τῆς
192 1797 308 1824 καθόλου
321 1796 477 1828 συντελείας
489 1804 496 1812 ·
513 1796 560 1823 καὶ
576 1795 656 1822 ἄλλου
673 1795 741 1828 πρὸς
754 1793 923 1829 ὑψηλοτέραν

127 1842 248 1877 θεωρίαν
265 1842 412 1876 ἀνάγοντος
427 1841 462 1868 τὰ
475 1839 798 1876 γεγραμμένα.”Λπαντα
813 1839 840 1865 δὲ
856 1839 923 1873 ὑμῖν

128 1889 272 1924 συντόμως
297 1887 462 1923 ἐκθήσομαι.
489 1887 636 1922 Φρόντισον
648 1906 655 1918 ,
677 1886 771 1921 φησὶν,
787 1883 810 1912 ὧ
826 1886 922 1913 νουθε-

126 1935 327 1969 tectius/ago):
347 1935 419 1969 ἔχεις
443 1933 618 1966 αὐτεξούσιον
641 1933 759 1968 θέλημα,
785 1933 832 1959 καὶ
857 1933 922 1970 δύνῃ

125 1982 198 2015 πρὸς
214 1981 316 2015 ἀρετὴν
334 1980 417 2014 ῥέψαι
431 1979 480 2014 τῆς
495 1979 594 2006 σαυτοῦ
611 1979 759 2014 σωτηρίας.
775 1978 854 2005 Μετὰ
868 1980 923 2014 γὰρ

125 2028 174 2053 τον
194 2027 318 2061 παρόντα
338 2025 395 2061 βίον
414 2026 464 2061 οὐχ
478 2025 515 2057 ὡς
533 2025 637 2057 θέλεις,
653 2025 711 2052 ἀλλ’
724 2025 761 2057 ὡς
774 2025 804 2052 οὐ
822 2025 922 2060 βούλει,

125 2073 244 2107 κολάζῃ,
255 2073 402 2109 Φρόντισον
417 2070 463 2099 οὖν
479 2071 577 2098 σαυτοῦ
590 2072 643 2107 πρὸ
657 2071 772 2111 τῆς-σῆς
785 2072 922 2107 τελευτῆς,

125 2119 195 2154 πρὶν
211 2118 246 2144 ἂν
260 2118 384 2153 σκοτωθῇ
399 2127 440 2144 σοι
453 2119 467 2144 ὁ
480 2118 557 2153 ἣλιος
568 2138 574 2149 ,
591 2118 640 2144 καὶ
654 2118 670 2152 ἡ
687 2117 785 2152 σελήνη
796 2137 802 2149 ,
819 2119 866 2144 καὶ
889 2118 924 2145 τὰ

125 2166 229 2200 ἄστρα.
244 2165 317 2199 ἅπερ
329 2165 357 2191 ὲν
369 2165 402 2199 τῇ
418 2164 534 2200 ἑκάστου
549 2163 662 2198 τελευτῇ
675 2163 829 2198 συμϐαίνει,
843 2165 925 2200 ἀορα-

126 2211 174 2246 σία.
187 2210 385 2244 κατεχομένου,
398 2209 446 2235 καὶ
461 2209 525 2244 πρὶν
537 2209 576 2240 εἰς
591 2208 621 2234 τὸ
642 2209 772 2242 συγγενὲς
787 2208 859 2244 ὕδωρ
877 2209 924 2236 καὶ

125 2258 168 2288 εις
180 2256 231 2290 τὴν
245 2256 297 2289 γῆν
314 2254 459 2290 ὰναλυθῇς.
477 2255 514 2281 Τὸ
532 2255 585 2290 γὰρ
602 2254 649 2281 νῦν
662 2252 706 2281 οἶα
718 2255 797 2289 νέφος
816 2256 923 2282 ἐπικεί-

127 2310 211 2337 μενον
231 2302 265 2336 τῇ
283 2300 356 2336 ψυχῇ
373 2300 452 2335 σῶμα
473 2301 513 2331 εἰς
528 2300 562 2326 τὰ
581 2301 700 2335 συγγενῆ
724 2302 842 2336 στοιχεῖα
856 2302 923 2328 ἀνα-

125 2348 235 2378 λύεται,
251 2348 301 2382 τὴν
325 2347 376 2381 γῆν
391 2347 439 2373 καὶ
464 2347 495 2373 τὺ
513 2346 652 2381 ὒόωρ.”Εν
671 2347 699 2373 δὲ
715 2349 748 2382 τῇ
763 2348 856 2383 ἡμέρα
874 2349 925 2384 τῆς

126 2394 270 2428 τελευτῆς,
289 2393 336 2419 καὶ
350 2392 405 2426 τῆς
417 2393 513 2426 οἰκίας
537 2394 561 2420 οί
580 2393 712 2427 φύλακες,
726 2394 850 2420 τουτέστι
874 2393 925 2428 τῆς

125 2439 230 2474 ψυχῆς,
252 2438 421 2469 σαλεύονται,
444 2440 492 2465 καὶ
517 2438 747 2473 διαστρέφονται
773 2439 797 2465 ot
822 2438 925 2466 εὔτονοι

126 2483 273 2519 λογισμοί·
293 2484 389 2519 ἄνδρες
410 2484 460 2519 τῆς
474 2484 616 2519 δυνάμεως
631 2485 838 2519 ὀνομασθέντες,
854 2486 927 2520 ἀγω-

127 2531 243 2561 νιῶντες
256 2530 307 2565 τὴν
320 2529 439 2565 φοϐερὰν
452 2529 498 2556 τοῦ
514 2529 640 2564 σώματος
656 2530 754 2562 ἔξοδον.
768 2532 886 2558 Δυνατὺν
899 2532 928 2558 δὲ

127 2574 177 2601 καὶ
194 2575 338 2609 φύλακας
352 2575 449 2607 οἰκίας
458 2574 521 2606 τοὺς
533 2575 680 2610 αἰσθητοὺς
694 2576 853 2611 ὀφθαλμοὺς
865 2576 929 2612 νοῆ-

127 2630 186 2654 σαι,
203 2621 421 2657 ἀποτιθεμένους
443 2621 493 2656 τὴν
516 2621 631 2656 ὀπτικὴν
648 2621 763 2657 δύναμιν
788 2623 817 2648 ὲν
838 2623 928 2658 καιρῷ

127 2668 270 2703 τελευτῆς.
283 2668 352 2694 Τότε
371 2668 420 2694 καὶ
432 2668 460 2694 αἱ
477 2668 649 2702 ἀλήθουσαι
666 2668 808 2704 ἀργοῦσιν,
819 2669 843 2695 οἱ
854 2668 926 2695 ὀδόν-

127 2722 175 2745 τες
190 2714 215 2740 οι
234 2713 460 2746 καταλεαίνοντες
473 2715 524 2750 τὴν
545 2715 664 2750 τροφήν
687 2714 736 2750 οὐχ
756 2715 798 2741 ὅτι
817 2714 927 2747 πάντως

128 2760 201 2786 κατὰ
215 2760 336 2795 ἀριθμὸν
349 2760 504 2795 ὸλιγοῦνται
515 2780 522 2792 ,
536 2760 596 2788 ἀλλ’
607 2761 668 2787 ἀντὶ
683 2760 742 2793 τοῦ,
756 2761 807 2796 τὴν
821 2761 926 2788 οίκείαν

129 2802 273 2841 ἐνέργειαν
287 2806 483 2842 ἁποθήσονται.
496 2807 554 2834 Καὶ
572 2807 600 2834 αἱ
615 2807 694 2842 κόραι
709 2807 736 2834 δὲ
752 2806 806 2835 τῶν
823 2807 923 2842 ὀφθαλ-

165 2904 188 2920 ³⁸
202 2903 288 2931 Galat.
307 2913 333 2935 ι’,
349 2903 390 2931 19.

976 1614 1030 1636 tem
1045 1610 1163 1638 redacta:
1182 1609 1294 1642 fuerint,
1322 1614 1350 1636 et
1362 1608 1591 1638 obtenebrescent
1606 1618 1666 1646 quas
1694 1612 1768 1646 aspi-

974 1656 1051 1682 ciunt
1062 1663 1109 1690 per
1122 1655 1266 1687 foramina,
1276 1660 1301 1683 et
1317 1656 1462 1684 occludent
1474 1657 1574 1692 januas
1596 1657 1624 1684 in
1634 1658 1722 1692 platea
1739 1658 1767 1684 in

975 1701 1135 1729 infirmitate
1150 1703 1226 1729 vocis
1243 1703 1383 1730 molentis.
1405 1713 1413 1728 ι
1434 1704 1532 1731 Audivi
1549 1705 1704 1739 quempiam
1720 1705 1766 1740 qui

973 1749 1056 1776 verba
1073 1749 1124 1775 loci
1141 1748 1222 1783 hujus
1238 1754 1346 1783 putaret
1358 1749 1391 1776 ad
1409 1750 1604 1784 particularem
1635 1749 1767 1778 uniuscu-

973 1794 1224 1830 jusqneinteritum
1240 1795 1398 1830 pertinere:
1416 1796 1511 1827 alium,
1542 1796 1589 1831 qui
1604 1797 1636 1824 ad
1655 1797 1767 1824 univer-

974 1841 1058 1869 salem
1070 1841 1163 1868 mundi
1179 1842 1434 1876 consumptionem;
1466 1842 1548 1869 alium
1571 1842 1646 1876 item,
1671 1843 1717 1878 qui
1733 1843 1766 1870 ad

974 1887 1098 1914 altiorem
1109 1894 1220 1914 sensum
1236 1887 1369 1920 referret;
1391 1895 1450 1922 ane
1459 1888 1550 1915 omnia
1565 1889 1659 1923 paucis
1676 1889 1766 1915 omni-

974 1941 1011 1961 no
1019 1934 1096 1961 vobis
1104 1934 1255 1969 explicabo.
1269 1934 1428 1961 Orationem
1439 1935 1574 1962 convertit
1588 1935 1767 1962 Ecclesiastes

974 1980 1007 2006 ad
1020 1987 1082 2006 eum
1094 1987 1174 2014 quem
1194 1979 1397 2006 admonendum
1411 1980 1546 2014 suscepit;
1571 1980 1663 2014 aitque
1680 1987 1687 2005 :
1709 1979 1764 2006 Ra-

976 2027 1077 2053 tionem
1088 2026 1189 2053 habeto
1202 2026 1365 2057 tuzesalutis,
1377 2034 1493 2060 eamque
1505 2031 1599 2053 curato
1611 2027 1766 2062 diligenter,

975 2072 1062 2099 donec
1075 2072 1113 2098 uti
1128 2077 1207 2107 potes
1221 2071 1306 2099 libero
1321 2072 1470 2099 voluntatis
1482 2072 1605 2105 arbitrio,
1618 2072 1767 2108 integrum-

975 2118 1087 2153 quetibi
1101 2123 1144 2145 est
1154 2118 1186 2145 ad
1205 2118 1334 2145 virtutem
1347 2118 1486 2145 accedere.
1500 2118 1563 2146 l‘ost
1580 2118 1650 2146 hanc
1665 2121 1766 2146 ctenim

976 2166 1059 2192 vitam
1087 2163 1135 2191 tibi
1161 2163 1267 2191 aceidet
1282 2172 1338 2191 non
1353 2165 1434 2192 sicuti
1459 2165 1509 2198 vis,
1528 2165 1575 2192 sed
1597 2166 1769 2200 torqueberis

978 2209 1057 2236 sicuti
1069 2217 1122 2235 non
1136 2209 1187 2236 vis.
1198 2208 1339 2236 Rationem
1348 2209 1438 2244 itaque
1448 2209 1485 2236 tui
1495 2210 1595 2237 habeto
1607 2215 1670 2238 ante
1677 2211 1769 2238 obitus

938 2239 1060 2287 Dilicm,
1073 2259 1219 2289 antequam
1229 2255 1333 2281 scilicet
1357 2255 1404 2282 tibi
1431 2255 1471 2282 sol
1496 2255 1715 2288 obtcnebreseat.
1741 2262 1768 2284 et

964 2301 1050 2334 Juna,
1065 2307 1093 2328 et
1105 2301 1191 2328 slella‘:
1207 2309 1213 2327 :
1233 2301 1421 2336 hujuscemodi
1437 2301 1510 2328 enim
1527 2303 1647 2329 tenebrae
1659 2303 1767 2330 unicui-

974 2356 1028 2383 que
1044 2348 1207 2383 conti-ngunt
1221 2347 1248 2374 in
1257 2353 1380 2375 extremo
1395 2347 1548 2374 vita-obitu.
1563 2347 1603 2374 Tu
1616 2347 1711 2382 itaque
1719 2356 1769 2374 cu-

975 2397 1035 2421 rato
1051 2394 1167 2420 salutem
1185 2398 1271 2425 tuam,
1286 2393 1444 2428 priusquam
1462 2393 1488 2420 in
1502 2401 1599 2428 aquam
1614 2398 1769 2428 terramque

976 2440 1100 2467 solvaris.
1127 2439 1235 2474 Corpus
1258 2440 1331 2466 enim
1360 2439 1412 2466 hoc
1436 2445 1561 2466 nostrum
1590 2439 1661 2474 quod
1682 2439 1768 2467 veluti

976 2486 1064 2513 nubes
1074 2485 1197 2520 quaedam
1206 2485 1313 2512 videtur
1324 2485 1421 2512 anima:
1430 2485 1672 2520 superincumbere
1681 2493 1712 2513 ac
1721 2493 1769 2513 su-

977 2531 1145 2567 perpositum
1159 2538 1230 2562 esse,
1244 2528 1513 2562 deftmctisnobis,in
1527 2530 1624 2557 similia
1633 2530 1769 2558 elementa

978 2577 1135 2609 resolvitur,
1168 2584 1266 2612 aquam
1291 2576 1396 2604 scilicet
1423 2581 1504 2612 atque
1528 2585 1631 2604 aerem.
1660 2576 1688 2604 In
1707 2578 1770 2613 ipso

979 2623 1060 2651 etiam
1079 2622 1175 2650 mortis
1191 2622 1245 2653 die,
1267 2622 1369 2655 domus,
1382 2621 1432 2649 hoc
1448 2626 1499 2655 est,
1515 2621 1625 2653 animae,
1640 2622 1770 2650 custodes

979 2672 1196 2700 commoventur,
1209 2672 1236 2696 et
1243 2667 1377 2703 obliquum
1393 2667 1532 2699 declinant
1541 2675 1573 2695 ac
1581 2668 1769 2700 remittuntur,

980 2704 1040 2749 qua:
1053 2715 1130 2749 prius
1146 2718 1226 2741 rectae
1243 2721 1274 2740 ac
1289 2713 1403 2740 intensa:
1420 2712 1529 2740 fuerant
1555 2713 1671 2740 rationis
1687 2713 1770 2746 vires,

977 2762 1102 2797 quaehoc
1120 2761 1181 2788 loco
1195 2760 1256 2796 (viri
1282 2759 1464 2796 fortitudinis)
1477 2764 1676 2795 nuncupantur
1694 2768 1701 2786 :
1718 2760 1769 2787 do-

977 2808 1035 2836 lcnt
1046 2807 1121 2835 enim
1136 2815 1168 2835 ac
1184 2805 1390 2834 conturbantur
1416 2806 1443 2833 in
1465 2805 1525 2841 ipso
1553 2805 1718 2834 formidabili
1753 2811 1768 2830 ο
