  <div class='ocr_page' id='page_1' title='image "/cluster/home/n/w/nwhite01/storage/ocr_20150623/93/njp.32101077772836/347.png"; bbox 0 0 2044 3144; ppageno 0'>
   <div class='ocr_carea' id='block_1_1' title="bbox 290 156 344 192">
    <p class='ocr_par' dir='ltr' id='par_1_1' title="bbox 290 156 344 192">
     <span class='ocr_line' id='line_1_1' title="bbox 290 156 344 192; baseline 0 0"><span class='ocrx_word' id='word_1_1' title='bbox 290 156 344 192; x_wconf 78' lang='grc'><strong>615</strong></span> 
     </span>
    </p>
   </div>
   <div class='ocr_carea' id='block_1_2' title="bbox 831 160 1379 193">
    <p class='ocr_par' dir='ltr' id='par_1_2' title="bbox 831 160 1379 193">
     <span class='ocr_line' id='line_1_2' title="bbox 831 160 1379 193; baseline 0.004 -2"><span class='ocrx_word' id='word_1_2' title='bbox 831 160 1093 192; x_wconf 82' lang='lat' dir='ltr'><strong>OLYMPIODORI</strong></span> <span class='ocrx_word' id='word_1_3' title='bbox 1113 160 1379 193; x_wconf 69' lang='lat' dir='ltr'><strong>ALEXANDRINI</strong></span> 
     </span>
    </p>
   </div>
   <div class='ocr_carea' id='block_1_3' title="bbox 1865 163 1921 196">
    <p class='ocr_par' dir='ltr' id='par_1_3' title="bbox 1865 163 1921 196">
     <span class='ocr_line' id='line_1_3' title="bbox 1865 163 1921 196; baseline 0 0"><span class='ocrx_word' id='word_1_4' title='bbox 1865 163 1921 196; x_wconf 78' lang='lat'><strong>616</strong></span> 
     </span>
    </p>
   </div>
   <div class='ocr_carea' id='block_1_4' title="bbox 290 216 1086 255">
    <p class='ocr_par' dir='ltr' id='par_1_4' title="bbox 290 216 1078 254">
     <span class='ocr_line' id='line_1_4' title="bbox 290 216 1078 254; baseline 0 -7"><span class='ocrx_word' id='word_1_5' title='bbox 290 225 406 254; x_wconf 86' lang='lat' dir='ltr'><strong>corpore</strong></span> <span class='ocrx_word' id='word_1_6' title='bbox 419 222 514 246; x_wconf 89' lang='lat' dir='ltr'><strong>nostro</strong></span> <span class='ocrx_word' id='word_1_7' title='bbox 528 216 613 245; x_wconf 75' lang='lat' dir='ltr'><strong>exitu.</strong></span> <span class='ocrx_word' id='word_1_8' title='bbox 626 216 744 246; x_wconf 84' lang='lat' dir='ltr'><strong>Possunt</strong></span> <span class='ocrx_word' id='word_1_9' title='bbox 754 222 780 246; x_wconf 85' lang='lat' dir='ltr'><strong>et</strong></span> <span class='ocrx_word' id='word_1_10' title='bbox 794 219 912 246; x_wconf 72' lang='lat' dir='ltr'><strong>custodes</strong></span> <span class='ocrx_word' id='word_1_11' title='bbox 928 220 1021 246; x_wconf 73' lang='lat' dir='ltr'><strong>domus</strong></span> <span class='ocrx_word' id='word_1_12' title='bbox 1036 219 1078 247; x_wconf 91' lang='lat' dir='ltr'><strong>in-</strong></span> 
     </span>
    </p>
   </div>
   <div class='ocr_carea' id='block_1_5' title="bbox 1135 216 1922 255">
    <p class='ocr_par' dir='ltr' id='par_1_5' title="bbox 1135 218 1922 255">
     <span class='ocr_line' id='line_1_5' title="bbox 1135 218 1922 255; baseline 0 -9"><span class='ocrx_word' id='word_1_13' title='bbox 1135 219 1189 246; x_wconf 78' lang='grc' dir='ltr'><strong>ιῶν</strong></span> <span class='ocrx_word' id='word_1_14' title='bbox 1201 219 1230 246; x_wconf 76' lang='lat' dir='ltr'><strong>al</strong></span> <span class='ocrx_word' id='word_1_15' title='bbox 1243 219 1281 252; x_wconf 82' lang='grc' dir='ltr'><strong>ὡς</strong></span> <span class='ocrx_word' id='word_1_16' title='bbox 1294 219 1329 247; x_wconf 77' lang='grc' dir='ltr'><strong>δι’</strong></span> <span class='ocrx_word' id='word_1_17' title='bbox 1339 219 1414 247; x_wconf 82' lang='grc' dir='ltr'>ὀπῶν</span> <span class='ocrx_word' id='word_1_18' title='bbox 1429 218 1587 254; x_wconf 83' lang='grc' dir='ltr'><strong>βλέπουσαι,</strong></span> <span class='ocrx_word' id='word_1_19' title='bbox 1597 219 1686 255; x_wconf 75' lang='grc' dir='ltr'><strong>σκότῴ</strong></span> <span class='ocrx_word' id='word_1_20' title='bbox 1698 219 1922 255; x_wconf 70' lang='grc' dir='ltr'><strong>περιϐάλλονται,</strong></span> 
     </span>
    </p>
   </div>
   <div class='ocr_carea' id='block_1_6' title="bbox 292 264 1078 301">
    <p class='ocr_par' dir='ltr' id='par_1_6' title="bbox 292 264 1078 301">
     <span class='ocr_line' id='line_1_6' title="bbox 292 264 1078 301; baseline 0.003 -9"><span class='ocrx_word' id='word_1_21' title='bbox 292 264 386 301; x_wconf 72' lang='lat' dir='ltr'><strong>telligi,</strong></span> <span class='ocrx_word' id='word_1_22' title='bbox 403 265 525 300; x_wconf 90' lang='lat' dir='ltr'><strong>corporis</strong></span> <span class='ocrx_word' id='word_1_23' title='bbox 537 265 624 292; x_wconf 91' lang='lat' dir='ltr'><strong>nostri</strong></span> <span class='ocrx_word' id='word_1_24' title='bbox 641 265 796 293; x_wconf 82' lang='lat' dir='ltr'><strong>materiales</strong></span> <span class='ocrx_word' id='word_1_25' title='bbox 806 265 1078 298; x_wconf 81' lang='lat' dir='ltr'><strong>oculiacsensibiles,</strong></span> 
     </span>
    </p>
   </div>
   <div class='ocr_carea' id='block_1_7' title="bbox 290 311 1080 348">
    <p class='ocr_par' dir='ltr' id='par_1_7' title="bbox 290 311 1080 348">
     <span class='ocr_line' id='line_1_7' title="bbox 290 311 1080 348; baseline 0.003 -10"><span class='ocrx_word' id='word_1_26' title='bbox 290 311 338 346; x_wconf 94' lang='lat' dir='ltr'><strong>qui</strong></span> <span class='ocrx_word' id='word_1_27' title='bbox 352 311 379 338; x_wconf 91' lang='lat' dir='ltr'><strong>in</strong></span> <span class='ocrx_word' id='word_1_28' title='bbox 389 312 484 339; x_wconf 91' lang='lat' dir='ltr'><strong>mortis</strong></span> <span class='ocrx_word' id='word_1_29' title='bbox 494 311 619 345; x_wconf 87' lang='lat' dir='ltr'><strong>articulo,</strong></span> <span class='ocrx_word' id='word_1_30' title='bbox 634 312 781 339; x_wconf 90' lang='lat' dir='ltr'><strong>contuendi</strong></span> <span class='ocrx_word' id='word_1_31' title='bbox 793 312 863 339; x_wconf 80' lang='lat' dir='ltr'><strong>vires</strong></span> <span class='ocrx_word' id='word_1_32' title='bbox 869 312 1006 348; x_wconf 78' lang='lat' dir='ltr'><strong>exstingui</strong></span> <span class='ocrx_word' id='word_1_33' title='bbox 1017 320 1080 340; x_wconf 86' lang='lat' dir='ltr'><strong>sen-</strong></span> 
     </span>
    </p>
   </div>
   <div class='ocr_carea' id='block_1_8' title="bbox 293 356 1078 392">
    <p class='ocr_par' dir='ltr' id='par_1_8' title="bbox 293 356 1078 392">
     <span class='ocr_line' id='line_1_8' title="bbox 293 356 1078 392; baseline 0.004 -8"><span class='ocrx_word' id='word_1_34' title='bbox 293 357 372 385; x_wconf 91' lang='lat' dir='ltr'><strong>tiunt.</strong></span> <span class='ocrx_word' id='word_1_35' title='bbox 390 356 466 385; x_wconf 89' lang='lat' dir='ltr'><strong>Tunc</strong></span> <span class='ocrx_word' id='word_1_36' title='bbox 485 358 568 385; x_wconf 90' lang='lat' dir='ltr'><strong>etiam</strong></span> <span class='ocrx_word' id='word_1_37' title='bbox 596 358 721 386; x_wconf 73' lang='lat' dir='ltr'><strong>metentes</strong></span> <span class='ocrx_word' id='word_1_38' title='bbox 743 359 823 386; x_wconf 84' lang='lat' dir='ltr'><strong>otiosi</strong></span> <span class='ocrx_word' id='word_1_39' title='bbox 854 365 919 386; x_wconf 73' lang='lat' dir='ltr'><strong>sunt</strong></span> <span class='ocrx_word' id='word_1_40' title='bbox 935 367 942 385; x_wconf 89' lang='lat'><strong>:</strong></span> <span class='ocrx_word' id='word_1_41' title='bbox 961 359 1013 387; x_wconf 88' lang='lat' dir='ltr'><strong>hoc</strong></span> <span class='ocrx_word' id='word_1_42' title='bbox 1026 363 1078 392; x_wconf 85' lang='lat' dir='ltr'><strong>est,</strong></span> 
     </span>
    </p>
   </div>
   <div class='ocr_carea' id='block_1_9' title="bbox 291 402 1080 438">
    <p class='ocr_par' dir='ltr' id='par_1_9' title="bbox 291 402 1080 438">
     <span class='ocr_line' id='line_1_9' title="bbox 291 402 1080 438; baseline 0.001 -8"><span class='ocrx_word' id='word_1_43' title='bbox 291 402 388 430; x_wconf 81' lang='lat' dir='ltr'><strong>dentes</strong></span> <span class='ocrx_word' id='word_1_44' title='bbox 403 403 457 438; x_wconf 89' lang='lat' dir='ltr'><strong>ipsi</strong></span> <span class='ocrx_word' id='word_1_45' title='bbox 476 411 508 431; x_wconf 87' lang='lat' dir='ltr'><strong>ac</strong></span> <span class='ocrx_word' id='word_1_46' title='bbox 523 403 640 431; x_wconf 87' lang='lat' dir='ltr'><strong>molares</strong></span> <span class='ocrx_word' id='word_1_47' title='bbox 650 403 697 438; x_wconf 88' lang='lat' dir='ltr'><strong>qui</strong></span> <span class='ocrx_word' id='word_1_48' title='bbox 711 403 813 431; x_wconf 89' lang='lat' dir='ltr'><strong>inditos</strong></span> <span class='ocrx_word' id='word_1_49' title='bbox 828 405 869 432; x_wconf 84' lang='lat' dir='ltr'><strong>ori</strong></span> <span class='ocrx_word' id='word_1_50' title='bbox 881 403 956 432; x_wconf 88' lang='lat' dir='ltr'><strong>cibos</strong></span> <span class='ocrx_word' id='word_1_51' title='bbox 974 404 1080 432; x_wconf 91' lang='lat' dir='ltr'><strong>molunt</strong></span> 
     </span>
    </p>
   </div>
   <div class='ocr_carea' id='block_1_10' title="bbox 291 448 1079 484">
    <p class='ocr_par' dir='ltr' id='par_1_10' title="bbox 291 448 1079 484">
     <span class='ocr_line' id='line_1_10' title="bbox 291 448 1079 484; baseline 0.003 -10"><span class='ocrx_word' id='word_1_52' title='bbox 291 452 372 482; x_wconf 90' lang='lat' dir='ltr'><strong>atque</strong></span> <span class='ocrx_word' id='word_1_53' title='bbox 387 448 593 482; x_wconf 88' lang='lat' dir='ltr'><strong>comminuunt;</strong></span> <span class='ocrx_word' id='word_1_54' title='bbox 604 456 658 475; x_wconf 91' lang='lat' dir='ltr'><strong>non</strong></span> <span class='ocrx_word' id='word_1_55' title='bbox 670 449 742 483; x_wconf 91' lang='lat' dir='ltr'><strong>quod</strong></span> <span class='ocrx_word' id='word_1_56' title='bbox 754 456 867 484; x_wconf 82' lang='lat' dir='ltr'><strong>prorsus</strong></span> <span class='ocrx_word' id='word_1_57' title='bbox 879 457 994 476; x_wconf 88' lang='lat' dir='ltr'><strong>numero</strong></span> <span class='ocrx_word' id='word_1_58' title='bbox 1002 449 1079 484; x_wconf 80' lang='lat' dir='ltr'><strong>pauci</strong></span> 
     </span>
    </p>
   </div>
   <div class='ocr_carea' id='block_1_11' title="bbox 293 492 1079 530">
    <p class='ocr_par' dir='ltr' id='par_1_11' title="bbox 293 492 1079 530">
     <span class='ocr_line' id='line_1_11' title="bbox 293 492 1079 530; baseline 0.003 -10"><span class='ocrx_word' id='word_1_59' title='bbox 293 492 368 525; x_wconf 81' lang='lat' dir='ltr'><strong>(iant,</strong></span> <span class='ocrx_word' id='word_1_60' title='bbox 384 494 431 521; x_wconf 89' lang='lat' dir='ltr'><strong>sed</strong></span> <span class='ocrx_word' id='word_1_61' title='bbox 452 494 516 528; x_wconf 90' lang='lat' dir='ltr'><strong>quia</strong></span> <span class='ocrx_word' id='word_1_62' title='bbox 526 493 560 521; x_wconf 85' lang='lat' dir='ltr'><strong>ad</strong></span> <span class='ocrx_word' id='word_1_63' title='bbox 575 494 740 529; x_wconf 79' lang='lat' dir='ltr'><strong>paucitatem</strong></span> <span class='ocrx_word' id='word_1_64' title='bbox 761 494 869 522; x_wconf 88' lang='lat' dir='ltr'><strong>virtutis</strong></span> <span class='ocrx_word' id='word_1_65' title='bbox 886 494 1022 530; x_wconf 86' lang='lat' dir='ltr'><strong>olliciique</strong></span> <span class='ocrx_word' id='word_1_66' title='bbox 1032 495 1079 523; x_wconf 88' lang='lat' dir='ltr'><strong>de-</strong></span> 
     </span>
    </p>
   </div>
   <div class='ocr_carea' id='block_1_12' title="bbox 293 539 1079 577">
    <p class='ocr_par' dir='ltr' id='par_1_12' title="bbox 293 539 1079 577">
     <span class='ocr_line' id='line_1_12' title="bbox 293 539 1079 577; baseline 0.004 -11"><span class='ocrx_word' id='word_1_67' title='bbox 293 540 415 568; x_wconf 86' lang='lat' dir='ltr'><strong>veniant.</strong></span> <span class='ocrx_word' id='word_1_68' title='bbox 425 539 510 577; x_wconf 67' lang='grc'><strong>674</strong></span> <span class='ocrx_word' id='word_1_69' title='bbox 523 540 636 576; x_wconf 76' lang='lat' dir='ltr'><strong>Papillae</strong></span> <span class='ocrx_word' id='word_1_70' title='bbox 651 547 759 576; x_wconf 87' lang='lat' dir='ltr'><strong>quoque</strong></span> <span class='ocrx_word' id='word_1_71' title='bbox 774 541 927 574; x_wconf 86' lang='lat' dir='ltr'><strong>oculorum,</strong></span> <span class='ocrx_word' id='word_1_72' title='bbox 942 549 1003 576; x_wconf 64' lang='lat' dir='ltr'><strong>quae</strong></span> <span class='ocrx_word' id='word_1_73' title='bbox 1020 541 1079 569; x_wconf 84' lang='lat' dir='ltr'><strong>vel-</strong></span> 
     </span>
    </p>
   </div>
   <div class='ocr_carea' id='block_1_13' title="bbox 293 585 1080 621">
    <p class='ocr_par' dir='ltr' id='par_1_13' title="bbox 293 585 1080 621">
     <span class='ocr_line' id='line_1_13' title="bbox 293 585 1080 621; baseline 0.001 -9"><span class='ocrx_word' id='word_1_74' title='bbox 293 585 333 612; x_wconf 92' lang='lat' dir='ltr'><strong>uti</strong></span> <span class='ocrx_word' id='word_1_75' title='bbox 362 592 412 620; x_wconf 88' lang='lat' dir='ltr'><strong>per</strong></span> <span class='ocrx_word' id='word_1_76' title='bbox 437 585 570 612; x_wconf 79' lang='lat' dir='ltr'><strong>foramina</strong></span> <span class='ocrx_word' id='word_1_77' title='bbox 603 585 728 620; x_wconf 66' lang='lat' dir='ltr'><strong>quaedam</strong></span> <span class='ocrx_word' id='word_1_78' title='bbox 753 585 933 621; x_wconf 87' lang='lat' dir='ltr'><strong>prospiciunt,</strong></span> <span class='ocrx_word' id='word_1_79' title='bbox 959 585 1080 613; x_wconf 82' lang='lat' dir='ltr'><strong>tenebris</strong></span> 
     </span>
    </p>
   </div>
   <div class='ocr_carea' id='block_1_14' title="bbox 293 630 1083 666">
    <p class='ocr_par' dir='ltr' id='par_1_14' title="bbox 293 630 1083 666">
     <span class='ocr_line' id='line_1_14' title="bbox 293 630 1083 666; baseline 0.004 -9"><span class='ocrx_word' id='word_1_80' title='bbox 293 630 478 663; x_wconf 77' lang='lat' dir='ltr'><strong>abducuntur,</strong></span> <span class='ocrx_word' id='word_1_81' title='bbox 495 638 557 658; x_wconf 87' lang='lat' dir='ltr'><strong>cum</strong></span> <span class='ocrx_word' id='word_1_82' title='bbox 587 635 693 658; x_wconf 87' lang='lat' dir='ltr'><strong>meatus</strong></span> <span class='ocrx_word' id='word_1_83' title='bbox 717 638 813 659; x_wconf 91' lang='lat' dir='ltr'><strong>omnes</strong></span> <span class='ocrx_word' id='word_1_84' title='bbox 840 634 868 658; x_wconf 88' lang='lat' dir='ltr'><strong>et</strong></span> <span class='ocrx_word' id='word_1_85' title='bbox 890 631 1083 666; x_wconf 88' lang='lat' dir='ltr'><strong>operationum</strong></span> 
     </span>
    </p>
   </div>
   <div class='ocr_carea' id='block_1_15' title="bbox 294 677 1080 713">
    <p class='ocr_par' dir='ltr' id='par_1_15' title="bbox 294 677 1080 713">
     <span class='ocr_line' id='line_1_15' title="bbox 294 677 1080 713; baseline 0 -9"><span class='ocrx_word' id='word_1_86' title='bbox 294 677 344 704; x_wconf 76' lang='lat' dir='ltr'><strong>vite</strong></span> <span class='ocrx_word' id='word_1_87' title='bbox 359 677 458 712; x_wconf 88' lang='lat' dir='ltr'><strong>quibus</strong></span> <span class='ocrx_word' id='word_1_88' title='bbox 473 677 513 704; x_wconf 90' lang='lat' dir='ltr'><strong>usi</strong></span> <span class='ocrx_word' id='word_1_89' title='bbox 529 685 624 705; x_wconf 87' lang='lat' dir='ltr'><strong>sumus</strong></span> <span class='ocrx_word' id='word_1_90' title='bbox 635 677 662 704; x_wconf 93' lang='lat' dir='ltr'><strong>in</strong></span> <span class='ocrx_word' id='word_1_91' title='bbox 677 678 743 711; x_wconf 85' lang='lat' dir='ltr'><strong>vita,</strong></span> <span class='ocrx_word' id='word_1_92' title='bbox 764 678 874 713; x_wconf 92' lang='lat' dir='ltr'><strong>penitus</strong></span> <span class='ocrx_word' id='word_1_93' title='bbox 889 677 1080 705; x_wconf 87' lang='lat' dir='ltr'><strong>occluduntur.</strong></span> 
     </span>
    </p>
   </div>
   <div class='ocr_carea' id='block_1_16' title="bbox 295 723 1081 757">
    <p class='ocr_par' dir='ltr' id='par_1_16' title="bbox 295 723 1081 757">
     <span class='ocr_line' id='line_1_16' title="bbox 295 723 1081 757; baseline 0.001 -7"><span class='ocrx_word' id='word_1_94' title='bbox 295 723 393 757; x_wconf 91' lang='lat' dir='ltr'><strong>Incipit</strong></span> <span class='ocrx_word' id='word_1_95' title='bbox 404 723 477 751; x_wconf 87' lang='lat' dir='ltr'><strong>enim</strong></span> <span class='ocrx_word' id='word_1_96' title='bbox 491 728 556 751; x_wconf 91' lang='lat' dir='ltr'><strong>tunc</strong></span> <span class='ocrx_word' id='word_1_97' title='bbox 568 724 651 752; x_wconf 91' lang='lat' dir='ltr'><strong>homo</strong></span> <span class='ocrx_word' id='word_1_98' title='bbox 666 724 743 752; x_wconf 88' lang='lat' dir='ltr'><strong>tenui</strong></span> <span class='ocrx_word' id='word_1_99' title='bbox 765 724 840 752; x_wconf 87' lang='lat' dir='ltr'><strong>vocis</strong></span> <span class='ocrx_word' id='word_1_100' title='bbox 853 724 897 752; x_wconf 88' lang='lat' dir='ltr'><strong>tilo</strong></span> <span class='ocrx_word' id='word_1_101' title='bbox 912 731 944 752; x_wconf 89' lang='lat' dir='ltr'><strong>ac</strong></span> <span class='ocrx_word' id='word_1_102' title='bbox 973 723 1081 751; x_wconf 81' lang='lat' dir='ltr'><strong>infirma</strong></span> 
     </span>
    </p>
   </div>
   <div class='ocr_carea' id='block_1_17' title="bbox 294 770 1081 806">
    <p class='ocr_par' dir='ltr' id='par_1_17' title="bbox 294 770 1081 806">
     <span class='ocr_line' id='line_1_17' title="bbox 294 770 1081 806; baseline 0.001 -9"><span class='ocrx_word' id='word_1_103' title='bbox 294 777 362 798; x_wconf 89' lang='lat' dir='ltr'><strong>voce</strong></span> <span class='ocrx_word' id='word_1_104' title='bbox 383 770 427 798; x_wconf 77' lang='lat' dir='ltr'><strong>vix</strong></span> <span class='ocrx_word' id='word_1_105' title='bbox 453 775 480 797; x_wconf 90' lang='lat' dir='ltr'><strong>et</strong></span> <span class='ocrx_word' id='word_1_106' title='bbox 502 778 573 806; x_wconf 70' lang='lat' dir='ltr'><strong>aegre</strong></span> <span class='ocrx_word' id='word_1_107' title='bbox 591 770 664 805; x_wconf 86' lang='lat' dir='ltr'><strong>loqui</strong></span> <span class='ocrx_word' id='word_1_108' title='bbox 682 779 743 799; x_wconf 91' lang='lat' dir='ltr'><strong>cum</strong></span> <span class='ocrx_word' id='word_1_109' title='bbox 758 771 786 798; x_wconf 94' lang='lat' dir='ltr'><strong>in</strong></span> <span class='ocrx_word' id='word_1_110' title='bbox 805 775 930 799; x_wconf 76' lang='lat' dir='ltr'><strong>extremo</strong></span> <span class='ocrx_word' id='word_1_111' title='bbox 953 771 1081 806; x_wconf 86' lang='lat' dir='ltr'><strong>respirat.</strong></span> 
     </span>
    </p>
   </div>
   <div class='ocr_carea' id='block_1_18' title="bbox 294 816 1082 852">
    <p class='ocr_par' dir='ltr' id='par_1_18' title="bbox 294 816 1082 852">
     <span class='ocr_line' id='line_1_18' title="bbox 294 816 1082 852; baseline 0.003 -10"><span class='ocrx_word' id='word_1_112' title='bbox 294 816 448 851; x_wconf 82' lang='lat' dir='ltr'><strong>Antequam</strong></span> <span class='ocrx_word' id='word_1_113' title='bbox 464 819 490 843; x_wconf 88' lang='lat' dir='ltr'><strong>te</strong></span> <span class='ocrx_word' id='word_1_114' title='bbox 506 817 564 844; x_wconf 62' lang='lat' dir='ltr'><strong>haec</strong></span> <span class='ocrx_word' id='word_1_115' title='bbox 581 817 678 844; x_wconf 88' lang='lat' dir='ltr'><strong>mortis</strong></span> <span class='ocrx_word' id='word_1_116' title='bbox 700 817 873 845; x_wconf 92' lang='lat' dir='ltr'><strong>incommoda</strong></span> <span class='ocrx_word' id='word_1_117' title='bbox 899 817 1082 852; x_wconf 84' lang='lat' dir='ltr'><strong>comprehen-</strong></span> 
     </span>
    </p>
   </div>
   <div class='ocr_carea' id='block_1_19' title="bbox 296 861 1081 898">
    <p class='ocr_par' dir='ltr' id='par_1_19' title="bbox 296 861 1081 898">
     <span class='ocr_line' id='line_1_19' title="bbox 296 861 1081 898; baseline 0.003 -10"><span class='ocrx_word' id='word_1_118' title='bbox 296 862 372 895; x_wconf 85' lang='lat' dir='ltr'><strong>dant,</strong></span> <span class='ocrx_word' id='word_1_119' title='bbox 382 869 446 889; x_wconf 90' lang='lat' dir='ltr'><strong>cura</strong></span> <span class='ocrx_word' id='word_1_120' title='bbox 462 866 492 889; x_wconf 92' lang='lat' dir='ltr'><strong>ut</strong></span> <span class='ocrx_word' id='word_1_121' title='bbox 510 862 537 890; x_wconf 91' lang='lat' dir='ltr'><strong>in</strong></span> <span class='ocrx_word' id='word_1_122' title='bbox 563 861 652 890; x_wconf 80' lang='lat' dir='ltr'><strong>otticio</strong></span> <span class='ocrx_word' id='word_1_123' title='bbox 662 863 710 895; x_wconf 88' lang='lat' dir='ltr'><strong>sis,</strong></span> <span class='ocrx_word' id='word_1_124' title='bbox 736 863 912 898; x_wconf 88' lang='lat' dir='ltr'><strong>opererisque</strong></span> <span class='ocrx_word' id='word_1_125' title='bbox 941 863 1081 890; x_wconf 78' lang='lat' dir='ltr'><strong>virtutem.</strong></span> 
     </span>
    </p>
   </div>
   <div class='ocr_carea' id='block_1_20' title="bbox 1130 265 1922 302">
    <p class='ocr_par' dir='ltr' id='par_1_20' title="bbox 1130 265 1922 302">
     <span class='ocr_line' id='line_1_20' title="bbox 1130 265 1922 302; baseline 0.001 -10"><span class='ocrx_word' id='word_1_126' title='bbox 1130 265 1348 301; x_wconf 77' lang='grc' dir='ltr'><strong>ἀποκλειομένης</strong></span> <span class='ocrx_word' id='word_1_127' title='bbox 1362 265 1453 301; x_wconf 68' lang='grc' dir='ltr'><strong>πάσης</strong></span> <span class='ocrx_word' id='word_1_128' title='bbox 1468 265 1581 301; x_wconf 80' lang='grc' dir='ltr'><strong>πορείας</strong></span> <span class='ocrx_word' id='word_1_129' title='bbox 1595 265 1625 291; x_wconf 75' lang='grc' dir='ltr'><strong>ἐν</strong></span> <span class='ocrx_word' id='word_1_130' title='bbox 1638 265 1707 301; x_wconf 82' lang='grc' dir='ltr'><strong>τῷδε</strong></span> <span class='ocrx_word' id='word_1_131' title='bbox 1722 265 1761 301; x_wconf 82' lang='grc' dir='ltr'><strong>τῷ</strong></span> <span class='ocrx_word' id='word_1_132' title='bbox 1776 265 1837 302; x_wconf 81' lang='grc' dir='ltr'><strong>βίῳ,</strong></span> <span class='ocrx_word' id='word_1_133' title='bbox 1855 267 1922 293; x_wconf 83' lang='grc' dir='ltr'><strong>ὅταν</strong></span> 
     </span>
    </p>
   </div>
   <div class='ocr_carea' id='block_1_21' title="bbox 1129 309 1922 346">
    <p class='ocr_par' dir='ltr' id='par_1_21' title="bbox 1129 309 1922 346">
     <span class='ocr_line' id='line_1_21' title="bbox 1129 309 1922 346; baseline 0.001 -9"><span class='ocrx_word' id='word_1_134' title='bbox 1129 309 1245 346; x_wconf 78' lang='grc' dir='ltr'><strong>ἄρξηται</strong></span> <span class='ocrx_word' id='word_1_135' title='bbox 1271 310 1375 346; x_wconf 84' lang='grc' dir='ltr'><strong>ἀσθενῆ</strong></span> <span class='ocrx_word' id='word_1_136' title='bbox 1398 310 1446 337; x_wconf 66' lang='grc' dir='ltr'><strong>καὶ⁸</strong></span> <span class='ocrx_word' id='word_1_137' title='bbox 1471 310 1583 346; x_wconf 81' lang='grc' dir='ltr'><strong>ἀμυδρά</strong></span> <span class='ocrx_word' id='word_1_138' title='bbox 1606 310 1786 345; x_wconf 83' lang='grc' dir='ltr'><strong>φθέγγεσθαι,</strong></span> <span class='ocrx_word' id='word_1_139' title='bbox 1802 311 1847 338; x_wconf 81' lang='grc' dir='ltr'><strong>διὰ</strong></span> <span class='ocrx_word' id='word_1_140' title='bbox 1871 311 1922 346; x_wconf 81' lang='grc' dir='ltr'><strong>τῆς</strong></span> 
     </span>
    </p>
   </div>
   <div class='ocr_carea' id='block_1_22' title="bbox 1129 355 1923 392">
    <p class='ocr_par' dir='ltr' id='par_1_22' title="bbox 1129 355 1923 392">
     <span class='ocr_line' id='line_1_22' title="bbox 1129 355 1923 392; baseline 0 -9"><span class='ocrx_word' id='word_1_141' title='bbox 1129 357 1221 391; x_wconf 80' lang='grc' dir='ltr'>φωνῆς</span> <span class='ocrx_word' id='word_1_142' title='bbox 1236 357 1286 392; x_wconf 89' lang='grc' dir='ltr'><strong>τῆς</strong></span> <span class='ocrx_word' id='word_1_143' title='bbox 1296 356 1340 384; x_wconf 81' lang='grc' dir='ltr'><strong>διὰ</strong></span> <span class='ocrx_word' id='word_1_144' title='bbox 1351 356 1406 384; x_wconf 84' lang='grc' dir='ltr'><strong>τῶν</strong></span> <span class='ocrx_word' id='word_1_145' title='bbox 1419 357 1532 383; x_wconf 80' lang='grc' dir='ltr'><strong>ὀδόντων</strong></span> <span class='ocrx_word' id='word_1_146' title='bbox 1544 355 1741 392; x_wconf 77' lang='grc' dir='ltr'><strong>ὲξηχουμένης,</strong></span> <span class='ocrx_word' id='word_1_147' title='bbox 1753 358 1768 383; x_wconf 80' lang='grc' dir='ltr'><strong><em>ὁ</em></strong></span> <span class='ocrx_word' id='word_1_148' title='bbox 1781 357 1816 383; x_wconf 89' lang='grc' dir='ltr'><strong>τά</strong></span> <span class='ocrx_word' id='word_1_149' title='bbox 1828 357 1923 384; x_wconf 83' lang='grc' dir='ltr'><strong>τελευ-</strong></span> 
     </span>
    </p>
   </div>
   <div class='ocr_carea' id='block_1_23' title="bbox 1129 402 1922 439">
    <p class='ocr_par' dir='ltr' id='par_1_23' title="bbox 1129 402 1922 439">
     <span class='ocr_line' id='line_1_23' title="bbox 1129 402 1922 439; baseline 0 -9"><span class='ocrx_word' id='word_1_150' title='bbox 1129 403 1193 430; x_wconf 62' lang='grc' dir='ltr'><strong>ταῖα</strong></span> <span class='ocrx_word' id='word_1_151' title='bbox 1207 403 1362 430; x_wconf 81' lang='grc' dir='ltr'><strong>ἀναπνέων.</strong></span> <span class='ocrx_word' id='word_1_152' title='bbox 1382 404 1449 439; x_wconf 80' lang='grc' dir='ltr'><strong>Πρὶν</strong></span> <span class='ocrx_word' id='word_1_153' title='bbox 1472 402 1519 430; x_wconf 87' lang='grc' dir='ltr'><strong>οὖν</strong></span> <span class='ocrx_word' id='word_1_154' title='bbox 1542 404 1572 430; x_wconf 78' lang='grc' dir='ltr'><strong>ὲν</strong></span> <span class='ocrx_word' id='word_1_155' title='bbox 1592 404 1626 438; x_wconf 78' lang='grc' dir='ltr'><strong>τῇ</strong></span> <span class='ocrx_word' id='word_1_156' title='bbox 1649 403 1762 438; x_wconf 78' lang='grc' dir='ltr'><strong>τελευτῇ</strong></span> <span class='ocrx_word' id='word_1_157' title='bbox 1784 403 1874 431; x_wconf 82' lang='grc' dir='ltr'><strong>ταῦτά</strong></span> <span class='ocrx_word' id='word_1_158' title='bbox 1890 412 1922 430; x_wconf 72' lang='grc' dir='ltr'><strong>σε</strong></span> 
     </span>
    </p>
   </div>
   <div class='ocr_carea' id='block_1_24' title="bbox 1130 448 1922 485">
    <p class='ocr_par' dir='ltr' id='par_1_24' title="bbox 1130 448 1922 485">
     <span class='ocr_line' id='line_1_24' title="bbox 1130 448 1922 485; baseline 0.001 -10"><span class='ocrx_word' id='word_1_159' title='bbox 1130 448 1305 482; x_wconf 78' lang='grc' dir='ltr'><strong>καταλαϐεῖν,</strong></span> <span class='ocrx_word' id='word_1_160' title='bbox 1319 449 1437 485; x_wconf 75' lang='grc' dir='ltr'><strong>ἐργάζου</strong></span> <span class='ocrx_word' id='word_1_161' title='bbox 1451 449 1502 484; x_wconf 78' lang='grc' dir='ltr'><strong>τὴν</strong></span> <span class='ocrx_word' id='word_1_162' title='bbox 1513 449 1733 485; x_wconf 77' lang='grc' dir='ltr'><strong>ἀρετήν.¹Δλλως</strong></span> <span class='ocrx_word' id='word_1_163' title='bbox 1746 457 1753 464; x_wconf 79' lang='grc'><strong><em>⁸</em></strong></span> <span class='ocrx_word' id='word_1_164' title='bbox 1768 449 1813 476; x_wconf 80' lang='grc' dir='ltr'><strong>Ἐν</strong></span> <span class='ocrx_word' id='word_1_165' title='bbox 1824 451 1857 485; x_wconf 83' lang='grc' dir='ltr'><strong>τῇ</strong></span> <span class='ocrx_word' id='word_1_166' title='bbox 1873 458 1922 484; x_wconf 83' lang='grc' dir='ltr'><strong>γε-</strong></span> 
     </span>
    </p>
   </div>
   <div class='ocr_carea' id='block_1_25' title="bbox 1130 493 1922 530">
    <p class='ocr_par' dir='ltr' id='par_1_25' title="bbox 1130 493 1922 530">
     <span class='ocr_line' id='line_1_25' title="bbox 1130 493 1922 530; baseline 0.001 -10"><span class='ocrx_word' id='word_1_167' title='bbox 1130 495 1191 529; x_wconf 79' lang='grc' dir='ltr'><strong>νικῇ</strong></span> <span class='ocrx_word' id='word_1_168' title='bbox 1205 494 1355 530; x_wconf 77' lang='grc' dir='ltr'><strong>συντελείᾳ,</strong></span> <span class='ocrx_word' id='word_1_169' title='bbox 1369 494 1465 529; x_wconf 87' lang='grc' dir='ltr'><strong>ὥσπερ</strong></span> <span class='ocrx_word' id='word_1_170' title='bbox 1479 494 1523 521; x_wconf 80' lang='grc' dir='ltr'><strong>διὰ</strong></span> <span class='ocrx_word' id='word_1_171' title='bbox 1535 493 1582 521; x_wconf 79' lang='grc' dir='ltr'><strong>τοῦ</strong></span> <span class='ocrx_word' id='word_1_172' title='bbox 1597 494 1678 529; x_wconf 82' lang='grc' dir='ltr'>λόγου</span> <span class='ocrx_word' id='word_1_173' title='bbox 1691 494 1739 521; x_wconf 84' lang='grc' dir='ltr'><strong>τοῦ</strong></span> <span class='ocrx_word' id='word_1_174' title='bbox 1749 493 1818 521; x_wconf 83' lang='grc' dir='ltr'><strong>Θεοῦ</strong></span> <span class='ocrx_word' id='word_1_175' title='bbox 1832 496 1849 530; x_wconf 79' lang='grc' dir='ltr'>ἡ</span> <span class='ocrx_word' id='word_1_176' title='bbox 1862 495 1922 522; x_wconf 77' lang='grc' dir='ltr'><strong>κτι-</strong></span> 
     </span>
    </p>
   </div>
   <div class='ocr_carea' id='block_1_26' title="bbox 1131 539 1921 576">
    <p class='ocr_par' dir='ltr' id='par_1_26' title="bbox 1131 539 1921 576">
     <span class='ocr_line' id='line_1_26' title="bbox 1131 539 1921 576; baseline -0.003 -8"><span class='ocrx_word' id='word_1_177' title='bbox 1131 550 1174 573; x_wconf 90' lang='grc' dir='ltr'><strong>σις</strong></span> <span class='ocrx_word' id='word_1_178' title='bbox 1191 541 1319 576; x_wconf 81' lang='grc' dir='ltr'><strong>συνέστη,</strong></span> <span class='ocrx_word' id='word_1_179' title='bbox 1335 540 1407 567; x_wconf 80' lang='grc' dir='ltr'><strong>οὕτω</strong></span> <span class='ocrx_word' id='word_1_180' title='bbox 1423 540 1472 568; x_wconf 79' lang='grc' dir='ltr'><strong>καὶ</strong></span> <span class='ocrx_word' id='word_1_181' title='bbox 1485 540 1529 567; x_wconf 86' lang='grc' dir='ltr'><strong>διὰ</strong></span> <span class='ocrx_word' id='word_1_182' title='bbox 1549 539 1597 567; x_wconf 79' lang='grc' dir='ltr'><strong>τοῦ</strong></span> <span class='ocrx_word' id='word_1_183' title='bbox 1618 539 1692 566; x_wconf 77' lang='grc' dir='ltr'><strong>θείου</strong></span> <span class='ocrx_word' id='word_1_184' title='bbox 1708 540 1921 576; x_wconf 79' lang='grc' dir='ltr'><strong>προστάγματος</strong></span> 
     </span>
    </p>
   </div>
   <div class='ocr_carea' id='block_1_27' title="bbox 1130 585 1921 621">
    <p class='ocr_par' dir='ltr' id='par_1_27' title="bbox 1130 585 1921 621">
     <span class='ocr_line' id='line_1_27' title="bbox 1130 585 1921 621; baseline -0.003 -7"><span class='ocrx_word' id='word_1_185' title='bbox 1130 586 1285 617; x_wconf 80' lang='grc' dir='ltr'><strong>ἀναλύεται.</strong></span> <span class='ocrx_word' id='word_1_186' title='bbox 1300 586 1515 621; x_wconf 82' lang='grc' dir='ltr'><strong>Συντελουμένου</strong></span> <span class='ocrx_word' id='word_1_187' title='bbox 1529 586 1582 621; x_wconf 82' lang='grc' dir='ltr'><strong>γὰρ</strong></span> <span class='ocrx_word' id='word_1_188' title='bbox 1595 585 1643 612; x_wconf 81' lang='grc' dir='ltr'><strong>τοῦ</strong></span> <span class='ocrx_word' id='word_1_189' title='bbox 1658 585 1790 620; x_wconf 79' lang='grc' dir='ltr'><strong>αἰσθητοῦ</strong></span> <span class='ocrx_word' id='word_1_190' title='bbox 1805 586 1921 621; x_wconf 74' lang='grc' dir='ltr'><strong>κόσμου.</strong></span> 
     </span>
    </p>
   </div>
   <div class='ocr_carea' id='block_1_28' title="bbox 1131 631 1922 668">
    <p class='ocr_par' dir='ltr' id='par_1_28' title="bbox 1131 631 1922 668">
     <span class='ocr_line' id='line_1_28' title="bbox 1131 631 1922 668; baseline 0 -10"><span class='ocrx_word' id='word_1_191' title='bbox 1131 632 1248 668; x_wconf 84' lang='grc' dir='ltr'><strong>περιττὴ</strong></span> <span class='ocrx_word' id='word_1_192' title='bbox 1262 632 1316 659; x_wconf 86' lang='grc' dir='ltr'><strong>τῶν</strong></span> <span class='ocrx_word' id='word_1_193' title='bbox 1332 633 1485 668; x_wconf 74' lang='grc' dir='ltr'><strong>φωπήριυν</strong></span> <span class='ocrx_word' id='word_1_194' title='bbox 1499 633 1516 667; x_wconf 90' lang='grc' dir='ltr'>ἡ</span> <span class='ocrx_word' id='word_1_195' title='bbox 1537 631 1633 667; x_wconf 76' lang='grc' dir='ltr'><strong>χρείαο</strong></span> <span class='ocrx_word' id='word_1_196' title='bbox 1649 632 1710 658; x_wconf 83' lang='grc' dir='ltr'><strong>τότε</strong></span> <span class='ocrx_word' id='word_1_197' title='bbox 1726 632 1769 667; x_wconf 82' lang='grc' dir='ltr'><strong>δὴ,</strong></span> <span class='ocrx_word' id='word_1_198' title='bbox 1785 632 1846 658; x_wconf 87' lang='grc' dir='ltr'><strong>τότε</strong></span> <span class='ocrx_word' id='word_1_199' title='bbox 1861 632 1922 658; x_wconf 63' lang='grc' dir='ltr'><strong>οὐδὲ</strong></span> 
     </span>
    </p>
   </div>
   <div class='ocr_carea' id='block_1_29' title="bbox 1131 677 1920 713">
    <p class='ocr_par' dir='ltr' id='par_1_29' title="bbox 1131 677 1920 713">
     <span class='ocr_line' id='line_1_29' title="bbox 1131 677 1920 713; baseline -0.001 -9"><span class='ocrx_word' id='word_1_200' title='bbox 1131 677 1186 704; x_wconf 77' lang='grc' dir='ltr'><strong>τῶν</strong></span> <span class='ocrx_word' id='word_1_201' title='bbox 1202 678 1288 704; x_wconf 82' lang='grc' dir='ltr'><strong>ὑετῶν</strong></span> <span class='ocrx_word' id='word_1_202' title='bbox 1301 678 1359 704; x_wconf 82' lang='grc' dir='ltr'><strong>ἐστι</strong></span> <span class='ocrx_word' id='word_1_203' title='bbox 1372 678 1451 713; x_wconf 75' lang='grc' dir='ltr'><strong>χρεία</strong></span> <span class='ocrx_word' id='word_1_204' title='bbox 1468 677 1523 704; x_wconf 83' lang='grc' dir='ltr'><strong>τῶν</strong></span> <span class='ocrx_word' id='word_1_205' title='bbox 1544 677 1619 704; x_wconf 80' lang='grc' dir='ltr'><strong>κάτω</strong></span> <span class='ocrx_word' id='word_1_206' title='bbox 1640 677 1772 704; x_wconf 81' lang='grc' dir='ltr'><strong>δευόντων</strong></span> <span class='ocrx_word' id='word_1_207' title='bbox 1783 677 1832 713; x_wconf 82' lang='grc' dir='ltr'><strong>τὴν</strong></span> <span class='ocrx_word' id='word_1_208' title='bbox 1847 677 1900 712; x_wconf 83' lang='grc' dir='ltr'><strong>γῆν</strong></span> <span class='ocrx_word' id='word_1_209' title='bbox 1913 686 1920 692; x_wconf 95' lang='grc'><strong>·</strong></span> 
     </span>
    </p>
   </div>
   <div class='ocr_carea' id='block_1_30' title="bbox 1132 722 1923 758">
    <p class='ocr_par' dir='ltr' id='par_1_30' title="bbox 1132 722 1923 758">
     <span class='ocr_line' id='line_1_30' title="bbox 1132 722 1923 758; baseline 0 -9"><span class='ocrx_word' id='word_1_210' title='bbox 1132 722 1200 750; x_wconf 79' lang='grc' dir='ltr'><strong>ἀλλά</strong></span> <span class='ocrx_word' id='word_1_211' title='bbox 1222 723 1322 758; x_wconf 80' lang='grc' dir='ltr'><strong>τρόπον</strong></span> <span class='ocrx_word' id='word_1_212' title='bbox 1345 722 1406 749; x_wconf 86' lang='grc' dir='ltr'><strong>τινὰ</strong></span> <span class='ocrx_word' id='word_1_213' title='bbox 1428 722 1648 758; x_wconf 72' lang='grc' dir='ltr'><strong>ἀποστρέψουσιν</strong></span> <span class='ocrx_word' id='word_1_214' title='bbox 1669 723 1696 749; x_wconf 82' lang='grc' dir='ltr'><strong>αί</strong></span> <span class='ocrx_word' id='word_1_215' title='bbox 1713 722 1822 756; x_wconf 81' lang='grc' dir='ltr'>νεφέλαι</span> <span class='ocrx_word' id='word_1_216' title='bbox 1835 723 1923 749; x_wconf 81' lang='grc' dir='ltr'><strong>ὀπίσω</strong></span> 
     </span>
    </p>
   </div>
   <div class='ocr_carea' id='block_1_31' title="bbox 1132 767 1924 803">
    <p class='ocr_par' dir='ltr' id='par_1_31' title="bbox 1132 767 1924 803">
     <span class='ocr_line' id='line_1_31' title="bbox 1132 767 1924 803; baseline -0.003 -7"><span class='ocrx_word' id='word_1_217' title='bbox 1132 769 1180 796; x_wconf 82' lang='grc' dir='ltr'><strong>τοῦ</strong></span> <span class='ocrx_word' id='word_1_218' title='bbox 1205 768 1295 802; x_wconf 83' lang='grc' dir='ltr'><strong>ὑετοῦ,</strong></span> <span class='ocrx_word' id='word_1_219' title='bbox 1309 768 1369 794; x_wconf 73' lang='grc' dir='ltr'><strong>ἀντὶ</strong></span> <span class='ocrx_word' id='word_1_220' title='bbox 1391 767 1449 801; x_wconf 80' lang='grc' dir='ltr'><strong>τοῦ,</strong></span> <span class='ocrx_word' id='word_1_221' title='bbox 1465 768 1527 794; x_wconf 71' lang='grc' dir='ltr'><strong>οὔτε</strong></span> <span class='ocrx_word' id='word_1_222' title='bbox 1549 767 1773 803; x_wconf 78' lang='grc' dir='ltr'><strong>ὸμὸροτοκοῦσιν,</strong></span> <span class='ocrx_word' id='word_1_223' title='bbox 1791 767 1853 794; x_wconf 75' lang='grc' dir='ltr'><strong>οὔτε</strong></span> <span class='ocrx_word' id='word_1_224' title='bbox 1876 767 1924 794; x_wconf 71' lang='grc' dir='ltr'><strong>τὸν</strong></span> 
     </span>
    </p>
   </div>
   <div class='ocr_carea' id='block_1_32' title="bbox 1133 813 1923 849">
    <p class='ocr_par' dir='ltr' id='par_1_32' title="bbox 1133 813 1923 849">
     <span class='ocr_line' id='line_1_32' title="bbox 1133 813 1923 849; baseline 0 -10"><span class='ocrx_word' id='word_1_225' title='bbox 1133 813 1211 840; x_wconf 82' lang='grc' dir='ltr'><strong>ὑετὸν</strong></span> <span class='ocrx_word' id='word_1_226' title='bbox 1225 813 1454 846; x_wconf 78' lang='grc' dir='ltr'><strong>καταστάζουσιν,</strong></span> <span class='ocrx_word' id='word_1_227' title='bbox 1469 814 1487 849; x_wconf 79' lang='grc' dir='ltr'><strong>ἢ</strong></span> <span class='ocrx_word' id='word_1_228' title='bbox 1503 814 1549 841; x_wconf 81' lang='grc' dir='ltr'><strong>καὶ</strong></span> <span class='ocrx_word' id='word_1_229' title='bbox 1562 813 1638 849; x_wconf 83' lang='grc' dir='ltr'><strong>αὐτῷ</strong></span> <span class='ocrx_word' id='word_1_230' title='bbox 1653 813 1865 840; x_wconf 78' lang='grc' dir='ltr'><strong>συναναλύονται</strong></span> <span class='ocrx_word' id='word_1_231' title='bbox 1883 814 1923 848; x_wconf 79' lang='grc' dir='ltr'><strong>τῷ</strong></span> 
     </span>
    </p>
   </div>
   <div class='ocr_carea' id='block_1_33' title="bbox 1134 859 1923 895">
    <p class='ocr_par' dir='ltr' id='par_1_33' title="bbox 1134 859 1923 895">
     <span class='ocr_line' id='line_1_33' title="bbox 1134 859 1923 895; baseline -0.001 -9"><span class='ocrx_word' id='word_1_232' title='bbox 1134 859 1219 894; x_wconf 82' lang='grc' dir='ltr'><strong>ὑετῷ·</strong></span> <span class='ocrx_word' id='word_1_233' title='bbox 1235 859 1297 886; x_wconf 75' lang='grc' dir='ltr'><strong>οὔτε</strong></span> <span class='ocrx_word' id='word_1_234' title='bbox 1313 860 1367 895; x_wconf 83' lang='grc' dir='ltr'><strong>γὰρ</strong></span> <span class='ocrx_word' id='word_1_235' title='bbox 1381 860 1467 887; x_wconf 85' lang='grc' dir='ltr'><strong>ὑετῶν</strong></span> <span class='ocrx_word' id='word_1_236' title='bbox 1481 860 1543 886; x_wconf 71' lang='grc' dir='ltr'><strong>οὔτε</strong></span> <span class='ocrx_word' id='word_1_237' title='bbox 1558 859 1678 894; x_wconf 70' lang='grc' dir='ltr'><strong>νεφελῶν</strong></span> <span class='ocrx_word' id='word_1_238' title='bbox 1692 859 1782 894; x_wconf 82' lang='grc' dir='ltr'><strong>χρεία.</strong></span> <span class='ocrx_word' id='word_1_239' title='bbox 1796 859 1827 885; x_wconf 74' lang='grc' dir='ltr'><strong>Εἰ</strong></span> <span class='ocrx_word' id='word_1_240' title='bbox 1841 860 1869 885; x_wconf 73' lang='grc' dir='ltr'><strong>δὲ</strong></span> <span class='ocrx_word' id='word_1_241' title='bbox 1882 860 1923 890; x_wconf 83' lang='grc' dir='ltr'><strong>είς</strong></span> 
     </span>
    </p>
   </div>
   <div class='ocr_carea' id='block_1_34' title="bbox 296 896 1086 942">
    <p class='ocr_par' dir='ltr' id='par_1_34' title="bbox 296 896 1083 940">
     <span class='ocr_line' id='line_1_34' title="bbox 296 896 1083 940; baseline 0.003 -6"><span class='ocrx_word' id='word_1_242' title='bbox 296 907 391 940; x_wconf 81' lang='lat' dir='ltr'><strong>Aliter,</strong></span> <span class='ocrx_word' id='word_1_243' title='bbox 404 908 437 935; x_wconf 92' lang='lat' dir='ltr'><strong>ad</strong></span> <span class='ocrx_word' id='word_1_244' title='bbox 451 908 633 936; x_wconf 87' lang='lat' dir='ltr'><strong>universalem</strong></span> <span class='ocrx_word' id='word_1_245' title='bbox 658 896 844 936; x_wconf 46' lang='lat' dir='ltr'><strong>mundi-tidem</strong></span> <span class='ocrx_word' id='word_1_246' title='bbox 855 896 892 936; x_wconf 72' lang='lat' dir='ltr'><strong>ita</strong></span> <span class='ocrx_word' id='word_1_247' title='bbox 904 908 963 936; x_wconf 73' lang='lat' dir='ltr'><strong>haec</strong></span> <span class='ocrx_word' id='word_1_248' title='bbox 975 915 1083 936; x_wconf 87' lang='lat' dir='ltr'><strong>accom-</strong></span> 
     </span>
    </p>
   </div>
   <div class='ocr_carea' id='block_1_35' title="bbox 1135 896 1922 942">
    <p class='ocr_par' dir='ltr' id='par_1_35' title="bbox 1135 905 1922 942">
     <span class='ocr_line' id='line_1_35' title="bbox 1135 905 1922 942; baseline -0.001 -10"><span class='ocrx_word' id='word_1_249' title='bbox 1135 906 1230 942; x_wconf 78' lang='grc' dir='ltr'><strong>ἑτέραν</strong></span> <span class='ocrx_word' id='word_1_250' title='bbox 1242 906 1281 941; x_wconf 83' lang='grc' dir='ltr'><strong>τῷ</strong></span> <span class='ocrx_word' id='word_1_251' title='bbox 1292 906 1455 941; x_wconf 74' lang='grc' dir='ltr'><strong>Δημιουργῷ</strong></span> <span class='ocrx_word' id='word_1_252' title='bbox 1464 906 1558 941; x_wconf 73' lang='grc' dir='ltr'><strong>χρείαν</strong></span> <span class='ocrx_word' id='word_1_253' title='bbox 1572 905 1765 941; x_wconf 73' lang='grc' dir='ltr'><strong>ὑπηρετοῦσιν,</strong></span> <span class='ocrx_word' id='word_1_254' title='bbox 1783 906 1846 936; x_wconf 77' lang='grc' dir='ltr'><strong>ἴσως</strong></span> <span class='ocrx_word' id='word_1_255' title='bbox 1857 906 1922 940; x_wconf 68' lang='grc' dir='ltr'><strong>ἐχή-</strong></span> 
     </span>
    </p>
   </div>
   <div class='ocr_carea' id='block_1_36' title="bbox 297 954 1083 990">
    <p class='ocr_par' dir='ltr' id='par_1_36' title="bbox 297 954 1083 990">
     <span class='ocr_line' id='line_1_36' title="bbox 297 954 1083 990; baseline 0 -9"><span class='ocrx_word' id='word_1_256' title='bbox 297 954 408 981; x_wconf 85' lang='lat' dir='ltr'><strong>modare</strong></span> <span class='ocrx_word' id='word_1_257' title='bbox 419 954 531 989; x_wconf 86' lang='lat' dir='ltr'><strong>poteris.</strong></span> <span class='ocrx_word' id='word_1_258' title='bbox 553 954 639 982; x_wconf 86' lang='lat' dir='ltr'><strong>Sicuti</strong></span> <span class='ocrx_word' id='word_1_259' title='bbox 663 963 713 990; x_wconf 88' lang='lat' dir='ltr'><strong>per</strong></span> <span class='ocrx_word' id='word_1_260' title='bbox 731 955 845 982; x_wconf 84' lang='lat' dir='ltr'><strong>verbum</strong></span> <span class='ocrx_word' id='word_1_261' title='bbox 869 954 928 986; x_wconf 85' lang='lat' dir='ltr'><strong>Dei,</strong></span> <span class='ocrx_word' id='word_1_262' title='bbox 959 959 1083 983; x_wconf 86' lang='lat' dir='ltr'><strong>creatura</strong></span> 
     </span>
    </p>
   </div>
   <div class='ocr_carea' id='block_1_37' title="bbox 297 999 1083 1035">
    <p class='ocr_par' dir='ltr' id='par_1_37' title="bbox 297 999 1083 1035">
     <span class='ocr_line' id='line_1_37' title="bbox 297 999 1083 1035; baseline 0.003 -9"><span class='ocrx_word' id='word_1_263' title='bbox 297 999 390 1027; x_wconf 86' lang='lat' dir='ltr'><strong>mundi</strong></span> <span class='ocrx_word' id='word_1_264' title='bbox 404 1003 494 1027; x_wconf 84' lang='lat' dir='ltr'><strong>creata</strong></span> <span class='ocrx_word' id='word_1_265' title='bbox 505 1004 547 1027; x_wconf 89' lang='lat' dir='ltr'><strong>est</strong></span> <span class='ocrx_word' id='word_1_266' title='bbox 563 1008 570 1026; x_wconf 90' lang='lat'><strong>:</strong></span> <span class='ocrx_word' id='word_1_267' title='bbox 584 1000 620 1027; x_wconf 87' lang='lat' dir='ltr'><strong>ita</strong></span> <span class='ocrx_word' id='word_1_268' title='bbox 633 1000 763 1027; x_wconf 89' lang='lat' dir='ltr'><strong>etdiviuo</strong></span> <span class='ocrx_word' id='word_1_269' title='bbox 772 1000 852 1035; x_wconf 86' lang='lat' dir='ltr'><strong>jussu</strong></span> <span class='ocrx_word' id='word_1_270' title='bbox 867 1000 1031 1035; x_wconf 90' lang='lat' dir='ltr'><strong>quandoque</strong></span> <span class='ocrx_word' id='word_1_271' title='bbox 1039 1008 1083 1028; x_wconf 92' lang='lat' dir='ltr'><strong>re-</strong></span> 
     </span>
    </p>
   </div>
   <div class='ocr_carea' id='block_1_38' title="bbox 297 1045 1085 1074">
    <p class='ocr_par' dir='ltr' id='par_1_38' title="bbox 297 1045 1085 1074">
     <span class='ocr_line' id='line_1_38' title="bbox 297 1045 1085 1074; baseline -0.001 0"><span class='ocrx_word' id='word_1_272' title='bbox 297 1046 427 1074; x_wconf 78' lang='lat' dir='ltr'><strong>solvetur.</strong></span> <span class='ocrx_word' id='word_1_273' title='bbox 445 1045 513 1073; x_wconf 89' lang='lat' dir='ltr'><strong>Cum</strong></span> <span class='ocrx_word' id='word_1_274' title='bbox 529 1045 603 1073; x_wconf 85' lang='lat' dir='ltr'><strong>enim</strong></span> <span class='ocrx_word' id='word_1_275' title='bbox 617 1046 650 1073; x_wconf 90' lang='lat' dir='ltr'><strong>ad</strong></span> <span class='ocrx_word' id='word_1_276' title='bbox 664 1046 825 1074; x_wconf 63' lang='lat' dir='ltr'><strong>saeculorum</strong></span> <span class='ocrx_word' id='word_1_277' title='bbox 854 1046 936 1073; x_wconf 82' lang='lat' dir='ltr'><strong>ﬁnem</strong></span> <span class='ocrx_word' id='word_1_278' title='bbox 966 1046 1085 1073; x_wconf 88' lang='lat' dir='ltr'><strong>mundus</strong></span> 
     </span>
    </p>
   </div>
   <div class='ocr_carea' id='block_1_39' title="bbox 297 1091 1085 1131">
    <p class='ocr_par' dir='ltr' id='par_1_39' title="bbox 297 1091 1085 1131">
     <span class='ocr_line' id='line_1_39' title="bbox 297 1091 1085 1131; baseline 0.004 -15"><span class='ocrx_word' id='word_1_279' title='bbox 297 1091 464 1125; x_wconf 84' lang='lat' dir='ltr'><strong>pervenerit,</strong></span> <span class='ocrx_word' id='word_1_280' title='bbox 476 1098 661 1125; x_wconf 88' lang='lat' dir='ltr'><strong>supervacuus</strong></span> <span class='ocrx_word' id='word_1_281' title='bbox 676 1091 728 1118; x_wconf 90' lang='lat' dir='ltr'><strong>crit</strong></span> <span class='ocrx_word' id='word_1_282' title='bbox 742 1099 807 1118; x_wconf 88' lang='lat' dir='ltr'><strong>usus</strong></span> <span class='ocrx_word' id='word_1_283' title='bbox 822 1091 1009 1131; x_wconf 74' lang='lat' dir='ltr'><strong>luminarium,</strong></span> <span class='ocrx_word' id='word_1_284' title='bbox 1020 1096 1085 1119; x_wconf 89' lang='lat' dir='ltr'><strong>tunc</strong></span> 
     </span>
    </p>
   </div>
   <div class='ocr_carea' id='block_1_40' title="bbox 297 1136 1085 1173">
    <p class='ocr_par' dir='ltr' id='par_1_40' title="bbox 297 1136 1085 1173">
     <span class='ocr_line' id='line_1_40' title="bbox 297 1136 1085 1173; baseline 0 -10"><span class='ocrx_word' id='word_1_285' title='bbox 297 1137 387 1171; x_wconf 86' lang='lat' dir='ltr'><strong>pluvia</strong></span> <span class='ocrx_word' id='word_1_286' title='bbox 406 1144 474 1171; x_wconf 89' lang='lat' dir='ltr'><strong>opus</strong></span> <span class='ocrx_word' id='word_1_287' title='bbox 488 1145 541 1163; x_wconf 89' lang='lat' dir='ltr'><strong>non</strong></span> <span class='ocrx_word' id='word_1_288' title='bbox 558 1137 610 1164; x_wconf 89' lang='lat' dir='ltr'><strong>erit</strong></span> <span class='ocrx_word' id='word_1_289' title='bbox 624 1145 685 1172; x_wconf 73' lang='lat' dir='ltr'><strong>quae</strong></span> <span class='ocrx_word' id='word_1_290' title='bbox 705 1137 799 1173; x_wconf 76' lang='lat' dir='ltr'><strong>irriget</strong></span> <span class='ocrx_word' id='word_1_291' title='bbox 815 1136 985 1168; x_wconf 71' lang='lat' dir='ltr'><strong>terraIu.-scd</strong></span> <span class='ocrx_word' id='word_1_292' title='bbox 999 1136 1085 1164; x_wconf 91' lang='lat' dir='ltr'><strong>nubes</strong></span> 
     </span>
    </p>
   </div>
   <div class='ocr_carea' id='block_1_41' title="bbox 296 1181 1083 1216">
    <p class='ocr_par' dir='ltr' id='par_1_41' title="bbox 296 1181 1083 1216">
     <span class='ocr_line' id='line_1_41' title="bbox 296 1181 1083 1216; baseline 0 -8"><span class='ocrx_word' id='word_1_293' title='bbox 296 1181 520 1216; x_wconf 87' lang='lat' dir='ltr'><strong>quodammodoa</strong></span> <span class='ocrx_word' id='word_1_294' title='bbox 537 1181 624 1216; x_wconf 82' lang='lat' dir='ltr'><strong>pluvia</strong></span> <span class='ocrx_word' id='word_1_295' title='bbox 639 1186 712 1209; x_wconf 91' lang='lat' dir='ltr'><strong>retro</strong></span> <span class='ocrx_word' id='word_1_296' title='bbox 731 1186 937 1214; x_wconf 84' lang='lat' dir='ltr'><strong>convertentur,</strong></span> <span class='ocrx_word' id='word_1_297' title='bbox 962 1181 1014 1208; x_wconf 88' lang='lat' dir='ltr'><strong>hoc</strong></span> <span class='ocrx_word' id='word_1_298' title='bbox 1030 1185 1083 1214; x_wconf 85' lang='lat' dir='ltr'><strong>est,</strong></span> 
     </span>
    </p>
   </div>
   <div class='ocr_carea' id='block_1_42' title="bbox 298 1227 1085 1262">
    <p class='ocr_par' dir='ltr' id='par_1_42' title="bbox 298 1227 1085 1262">
     <span class='ocr_line' id='line_1_42' title="bbox 298 1227 1085 1262; baseline 0.001 -9"><span class='ocrx_word' id='word_1_299' title='bbox 298 1227 416 1262; x_wconf 70' lang='lat' dir='ltr'><strong>plutiam</strong></span> <span class='ocrx_word' id='word_1_300' title='bbox 427 1227 528 1254; x_wconf 86' lang='lat' dir='ltr'><strong>nullam</strong></span> <span class='ocrx_word' id='word_1_301' title='bbox 543 1227 656 1259; x_wconf 85' lang='lat' dir='ltr'><strong>dabunt,</strong></span> <span class='ocrx_word' id='word_1_302' title='bbox 669 1227 711 1255; x_wconf 90' lang='lat' dir='ltr'><strong>vel</strong></span> <span class='ocrx_word' id='word_1_303' title='bbox 727 1235 790 1254; x_wconf 88' lang='lat' dir='ltr'><strong>cum</strong></span> <span class='ocrx_word' id='word_1_304' title='bbox 806 1228 897 1262; x_wconf 90' lang='lat' dir='ltr'><strong>pluvia</strong></span> <span class='ocrx_word' id='word_1_305' title='bbox 913 1228 1013 1262; x_wconf 89' lang='lat' dir='ltr'><strong>pariter</strong></span> <span class='ocrx_word' id='word_1_306' title='bbox 1029 1227 1085 1255; x_wconf 89' lang='lat' dir='ltr'><strong>sol-</strong></span> 
     </span>
    </p>
   </div>
   <div class='ocr_carea' id='block_1_43' title="bbox 299 1272 1085 1307">
    <p class='ocr_par' dir='ltr' id='par_1_43' title="bbox 299 1272 1085 1307">
     <span class='ocr_line' id='line_1_43' title="bbox 299 1272 1085 1307; baseline 0.001 -9"><span class='ocrx_word' id='word_1_307' title='bbox 299 1277 408 1303; x_wconf 88' lang='lat' dir='ltr'><strong>ventur,</strong></span> <span class='ocrx_word' id='word_1_308' title='bbox 424 1276 451 1299; x_wconf 89' lang='lat' dir='ltr'><strong>et</strong></span> <span class='ocrx_word' id='word_1_309' title='bbox 466 1276 641 1305; x_wconf 81' lang='lat' dir='ltr'><strong>evanescent,</strong></span> <span class='ocrx_word' id='word_1_310' title='bbox 658 1280 720 1299; x_wconf 86' lang='lat' dir='ltr'><strong>cum</strong></span> <span class='ocrx_word' id='word_1_311' title='bbox 741 1280 830 1307; x_wconf 88' lang='lat' dir='ltr'><strong>neque</strong></span> <span class='ocrx_word' id='word_1_312' title='bbox 851 1272 975 1304; x_wconf 88' lang='lat' dir='ltr'><strong>nubium,</strong></span> <span class='ocrx_word' id='word_1_313' title='bbox 996 1279 1085 1307; x_wconf 87' lang='lat' dir='ltr'><strong>neque</strong></span> 
     </span>
    </p>
   </div>
   <div class='ocr_carea' id='block_1_44' title="bbox 299 1318 1086 1353">
    <p class='ocr_par' dir='ltr' id='par_1_44' title="bbox 299 1318 1086 1353">
     <span class='ocr_line' id='line_1_44' title="bbox 299 1318 1086 1353; baseline 0.003 -9"><span class='ocrx_word' id='word_1_314' title='bbox 299 1318 427 1345; x_wconf 85' lang='lat' dir='ltr'><strong>imbrium</strong></span> <span class='ocrx_word' id='word_1_315' title='bbox 439 1326 504 1345; x_wconf 86' lang='lat' dir='ltr'><strong>usus</strong></span> <span class='ocrx_word' id='word_1_316' title='bbox 515 1319 612 1353; x_wconf 82' lang='lat' dir='ltr'><strong>aliquis</strong></span> <span class='ocrx_word' id='word_1_317' title='bbox 625 1318 661 1345; x_wconf 86' lang='lat' dir='ltr'><strong>sit</strong></span> <span class='ocrx_word' id='word_1_318' title='bbox 678 1318 805 1346; x_wconf 84' lang='lat' dir='ltr'><strong>futurus:</strong></span> <span class='ocrx_word' id='word_1_319' title='bbox 828 1318 871 1346; x_wconf 86' lang='lat' dir='ltr'><strong>vel</strong></span> <span class='ocrx_word' id='word_1_320' title='bbox 888 1323 952 1346; x_wconf 92' lang='lat' dir='ltr'><strong>tunc</strong></span> <span class='ocrx_word' id='word_1_321' title='bbox 965 1318 993 1345; x_wconf 92' lang='lat' dir='ltr'><strong>in</strong></span> <span class='ocrx_word' id='word_1_322' title='bbox 1011 1318 1086 1346; x_wconf 81' lang='lat' dir='ltr'><strong>aliud</strong></span> 
     </span>
    </p>
   </div>
   <div class='ocr_carea' id='block_1_45' title="bbox 299 1364 1087 1396">
    <p class='ocr_par' dir='ltr' id='par_1_45' title="bbox 299 1364 1087 1396">
     <span class='ocr_line' id='line_1_45' title="bbox 299 1364 1087 1396; baseline 0 -4"><span class='ocrx_word' id='word_1_323' title='bbox 299 1365 479 1392; x_wconf 67' lang='lat' dir='ltr'><strong>ministerium</strong></span> <span class='ocrx_word' id='word_1_324' title='bbox 498 1364 610 1391; x_wconf 87' lang='lat' dir='ltr'><strong>Domino</strong></span> <span class='ocrx_word' id='word_1_325' title='bbox 628 1364 829 1396; x_wconf 82' lang='lat' dir='ltr'><strong>Deoobedient,</strong></span> <span class='ocrx_word' id='word_1_326' title='bbox 841 1364 962 1392; x_wconf 88' lang='lat' dir='ltr'><strong>vehicula</strong></span> <span class='ocrx_word' id='word_1_327' title='bbox 971 1365 1087 1392; x_wconf 87' lang='lat' dir='ltr'><strong>fortasse</strong></span> 
     </span>
    </p>
   </div>
   <div class='ocr_carea' id='block_1_46' title="bbox 298 1410 1087 1448">
    <p class='ocr_par' dir='ltr' id='par_1_46' title="bbox 298 1410 1087 1448">
     <span class='ocr_line' id='line_1_46' title="bbox 298 1410 1087 1448; baseline -0.001 -9"><span class='ocrx_word' id='word_1_328' title='bbox 298 1411 436 1448; x_wconf 77' lang='lat' dir='ltr'><strong>gestandis</strong></span> <span class='ocrx_word' id='word_1_329' title='bbox 447 1411 550 1438; x_wconf 74' lang='lat' dir='ltr'><strong>sanctis</strong></span> <span class='ocrx_word' id='word_1_330' title='bbox 568 1410 676 1438; x_wconf 75' lang='lat' dir='ltr'><strong>effecta.</strong></span> <span class='ocrx_word' id='word_1_331' title='bbox 705 1411 783 1438; x_wconf 91' lang='lat' dir='ltr'><strong>Tunc</strong></span> <span class='ocrx_word' id='word_1_332' title='bbox 805 1415 834 1439; x_wconf 85' lang='lat' dir='ltr'><strong>et</strong></span> <span class='ocrx_word' id='word_1_333' title='bbox 856 1411 973 1438; x_wconf 74' lang='lat' dir='ltr'><strong>custodes</strong></span> <span class='ocrx_word' id='word_1_334' title='bbox 994 1412 1087 1438; x_wconf 75' lang='lat' dir='ltr'><strong>domus</strong></span> 
     </span>
    </p>
   </div>
   <div class='ocr_carea' id='block_1_47' title="bbox 299 1456 1086 1489">
    <p class='ocr_par' dir='ltr' id='par_1_47' title="bbox 299 1456 1086 1489">
     <span class='ocr_line' id='line_1_47' title="bbox 299 1456 1086 1489; baseline -0.001 -5"><span class='ocrx_word' id='word_1_335' title='bbox 299 1457 613 1486; x_wconf 76' lang='lat' dir='ltr'><strong>comnwaebuutur;hoc</strong></span> <span class='ocrx_word' id='word_1_336' title='bbox 637 1461 689 1489; x_wconf 91' lang='lat' dir='ltr'><strong>est,</strong></span> <span class='ocrx_word' id='word_1_337' title='bbox 715 1456 813 1489; x_wconf 83' lang='lat' dir='ltr'><strong>sancti,</strong></span> <span class='ocrx_word' id='word_1_338' title='bbox 840 1456 1008 1484; x_wconf 84' lang='lat' dir='ltr'><strong>fortitudinis</strong></span> <span class='ocrx_word' id='word_1_339' title='bbox 1036 1457 1086 1484; x_wconf 86' lang='lat' dir='ltr'><strong>viri</strong></span> 
     </span>
    </p>
   </div>
   <div class='ocr_carea' id='block_1_48' title="bbox 300 1501 1087 1537">
    <p class='ocr_par' dir='ltr' id='par_1_48' title="bbox 300 1501 1087 1537">
     <span class='ocr_line' id='line_1_48' title="bbox 300 1501 1087 1537; baseline -0.001 -7"><span class='ocrx_word' id='word_1_340' title='bbox 300 1504 353 1530; x_wconf 86' lang='lat' dir='ltr'><strong>hoc</strong></span> <span class='ocrx_word' id='word_1_341' title='bbox 368 1503 428 1530; x_wconf 90' lang='lat' dir='ltr'><strong>loco</strong></span> <span class='ocrx_word' id='word_1_342' title='bbox 441 1501 589 1537; x_wconf 89' lang='lat' dir='ltr'><strong>nuncupati</strong></span> <span class='ocrx_word' id='word_1_343' title='bbox 606 1510 613 1529; x_wconf 90' lang='lat'>:</span> <span class='ocrx_word' id='word_1_344' title='bbox 631 1502 678 1537; x_wconf 88' lang='lat' dir='ltr'><strong>qui</strong></span> <span class='ocrx_word' id='word_1_345' title='bbox 694 1506 758 1529; x_wconf 90' lang='lat' dir='ltr'><strong>tunc</strong></span> <span class='ocrx_word' id='word_1_346' title='bbox 783 1502 810 1528; x_wconf 90' lang='lat' dir='ltr'><strong>in</strong></span> <span class='ocrx_word' id='word_1_347' title='bbox 826 1502 966 1537; x_wconf 88' lang='lat' dir='ltr'><strong>obliquum</strong></span> <span class='ocrx_word' id='word_1_348' title='bbox 985 1502 1087 1536; x_wconf 83' lang='lat' dir='ltr'><strong>paulis-</strong></span> 
     </span>
    </p>
   </div>
   <div class='ocr_carea' id='block_1_49' title="bbox 300 1547 1121 1591">
    <p class='ocr_par' dir='ltr' id='par_1_49' title="bbox 300 1547 1121 1591">
     <span class='ocr_line' id='line_1_49' title="bbox 300 1547 1121 1591; baseline -0.002 -15"><span class='ocrx_word' id='word_1_349' title='bbox 300 1556 348 1584; x_wconf 90' lang='lat' dir='ltr'><strong>per</strong></span> <span class='ocrx_word' id='word_1_350' title='bbox 377 1548 554 1576; x_wconf 89' lang='lat' dir='ltr'><strong>declinabunt</strong></span> <span class='ocrx_word' id='word_1_351' title='bbox 568 1551 596 1574; x_wconf 89' lang='lat' dir='ltr'><strong>et</strong></span> <span class='ocrx_word' id='word_1_352' title='bbox 609 1547 739 1575; x_wconf 87' lang='lat' dir='ltr'><strong>secedent</strong></span> <span class='ocrx_word' id='word_1_353' title='bbox 753 1552 863 1582; x_wconf 80' lang='lat' dir='ltr'><strong>propter</strong></span> <span class='ocrx_word' id='word_1_354' title='bbox 877 1548 1084 1579; x_wconf 79' lang='lat' dir='ltr'><strong>Anticltristutn,</strong></span> <span class='ocrx_word' id='word_1_355' title='bbox 1099 1561 1121 1591; x_wconf 68' lang='grc' dir='ltr'>ο</span> 
     </span>
    </p>
   </div>
   <div class='ocr_carea' id='block_1_50' title="bbox 300 1593 1087 1630">
    <p class='ocr_par' dir='ltr' id='par_1_50' title="bbox 300 1593 1087 1630">
     <span class='ocr_line' id='line_1_50' title="bbox 300 1593 1087 1630; baseline 0 -8"><span class='ocrx_word' id='word_1_356' title='bbox 300 1603 355 1622; x_wconf 88' lang='lat' dir='ltr'><strong>non</strong></span> <span class='ocrx_word' id='word_1_357' title='bbox 367 1595 441 1630; x_wconf 88' lang='lat' dir='ltr'><strong>quod</strong></span> <span class='ocrx_word' id='word_1_358' title='bbox 461 1595 570 1630; x_wconf 89' lang='lat' dir='ltr'><strong>penitus</strong></span> <span class='ocrx_word' id='word_1_359' title='bbox 592 1593 784 1621; x_wconf 85' lang='lat' dir='ltr'><strong>rectitudinem</strong></span> <span class='ocrx_word' id='word_1_360' title='bbox 806 1593 919 1628; x_wconf 79' lang='lat' dir='ltr'><strong>justitiae</strong></span> <span class='ocrx_word' id='word_1_361' title='bbox 947 1594 1087 1622; x_wconf 86' lang='lat' dir='ltr'><strong>rcmissuri</strong></span> 
     </span>
    </p>
   </div>
   <div class='ocr_carea' id='block_1_51' title="bbox 299 1637 1090 1675">
    <p class='ocr_par' dir='ltr' id='par_1_51' title="bbox 299 1637 1090 1675">
     <span class='ocr_line' id='line_1_51' title="bbox 299 1637 1090 1675; baseline 0.001 -7"><span class='ocrx_word' id='word_1_362' title='bbox 299 1641 356 1668; x_wconf 87' lang='lat' dir='ltr'><strong>siut</strong></span> <span class='ocrx_word' id='word_1_363' title='bbox 365 1637 413 1668; x_wconf 83' lang='lat' dir='ltr'><strong>aut</strong></span> <span class='ocrx_word' id='word_1_364' title='bbox 426 1641 526 1668; x_wconf 86' lang='lat' dir='ltr'><strong>casuri.</strong></span> <span class='ocrx_word' id='word_1_365' title='bbox 543 1640 594 1675; x_wconf 88' lang='lat' dir='ltr'><strong>Ipsi</strong></span> <span class='ocrx_word' id='word_1_366' title='bbox 609 1640 682 1667; x_wconf 88' lang='lat' dir='ltr'><strong>enim</strong></span> <span class='ocrx_word' id='word_1_367' title='bbox 703 1644 767 1666; x_wconf 91' lang='lat' dir='ltr'><strong>sunt</strong></span> <span class='ocrx_word' id='word_1_368' title='bbox 782 1640 908 1667; x_wconf 82' lang='lat' dir='ltr'><strong>custodes</strong></span> <span class='ocrx_word' id='word_1_369' title='bbox 920 1640 1048 1669; x_wconf 82' lang='lat' dir='ltr'><strong>Ecclesiae</strong></span> <span class='ocrx_word' id='word_1_370' title='bbox 1062 1645 1090 1669; x_wconf 88' lang='lat' dir='ltr'><strong>ct</strong></span> 
     </span>
    </p>
   </div>
   <div class='ocr_carea' id='block_1_52' title="bbox 301 1685 1086 1721">
    <p class='ocr_par' dir='ltr' id='par_1_52' title="bbox 301 1685 1086 1721">
     <span class='ocr_line' id='line_1_52' title="bbox 301 1685 1086 1721; baseline 0.001 -8"><span class='ocrx_word' id='word_1_371' title='bbox 301 1687 396 1713; x_wconf 89' lang='lat' dir='ltr'><strong>mundi</strong></span> <span class='ocrx_word' id='word_1_372' title='bbox 414 1686 505 1721; x_wconf 86' lang='lat' dir='ltr'><strong>hujus,</strong></span> <span class='ocrx_word' id='word_1_373' title='bbox 523 1693 639 1720; x_wconf 90' lang='lat' dir='ltr'><strong>quorum</strong></span> <span class='ocrx_word' id='word_1_374' title='bbox 652 1685 778 1720; x_wconf 66' lang='lat' dir='ltr'><strong>praesidio</strong></span> <span class='ocrx_word' id='word_1_375' title='bbox 801 1685 927 1712; x_wconf 85' lang='lat' dir='ltr'><strong>consistit</strong></span> <span class='ocrx_word' id='word_1_376' title='bbox 937 1690 965 1713; x_wconf 90' lang='lat' dir='ltr'><strong>et</strong></span> <span class='ocrx_word' id='word_1_377' title='bbox 977 1694 1086 1714; x_wconf 87' lang='lat' dir='ltr'><strong>conser-</strong></span> 
     </span>
    </p>
   </div>
   <div class='ocr_carea' id='block_1_53' title="bbox 301 1731 1089 1767">
    <p class='ocr_par' dir='ltr' id='par_1_53' title="bbox 301 1731 1089 1767">
     <span class='ocr_line' id='line_1_53' title="bbox 301 1731 1089 1767; baseline 0.001 -8"><span class='ocrx_word' id='word_1_378' title='bbox 301 1737 390 1759; x_wconf 82' lang='lat' dir='ltr'><strong>vatur.</strong></span> <span class='ocrx_word' id='word_1_379' title='bbox 403 1732 481 1759; x_wconf 85' lang='lat' dir='ltr'><strong>Tunc</strong></span> <span class='ocrx_word' id='word_1_380' title='bbox 502 1736 530 1759; x_wconf 89' lang='lat' dir='ltr'><strong>et</strong></span> <span class='ocrx_word' id='word_1_381' title='bbox 546 1731 672 1759; x_wconf 68' lang='lat' dir='ltr'><strong>molentt’s</strong></span> <span class='ocrx_word' id='word_1_382' title='bbox 697 1731 848 1766; x_wconf 80' lang='lat' dir='ltr'><strong>redigentur</strong></span> <span class='ocrx_word' id='word_1_383' title='bbox 862 1731 897 1758; x_wconf 82' lang='lat' dir='ltr'><strong>ad</strong></span> <span class='ocrx_word' id='word_1_384' title='bbox 915 1732 1089 1767; x_wconf 81' lang='lat' dir='ltr'><strong>paucitatem.</strong></span> 
     </span>
    </p>
   </div>
   <div class='ocr_carea' id='block_1_54' title="bbox 301 1777 1086 1813">
    <p class='ocr_par' dir='ltr' id='par_1_54' title="bbox 301 1777 1086 1813">
     <span class='ocr_line' id='line_1_54' title="bbox 301 1777 1086 1813; baseline 0.001 -9"><span class='ocrx_word' id='word_1_385' title='bbox 301 1777 426 1804; x_wconf 78' lang='lat' dir='ltr'><strong>Maleum</strong></span> <span class='ocrx_word' id='word_1_386' title='bbox 443 1785 492 1812; x_wconf 90' lang='lat' dir='ltr'><strong>pro</strong></span> <span class='ocrx_word' id='word_1_387' title='bbox 507 1777 571 1812; x_wconf 87' lang='lat' dir='ltr'><strong>ipsis</strong></span> <span class='ocrx_word' id='word_1_388' title='bbox 582 1777 682 1804; x_wconf 74' lang='lat' dir='ltr'><strong>Judzeis</strong></span> <span class='ocrx_word' id='word_1_389' title='bbox 706 1777 858 1811; x_wconf 76' lang='lat' dir='ltr'><strong>accipiendi</strong></span> <span class='ocrx_word' id='word_1_390' title='bbox 872 1782 947 1810; x_wconf 85' lang='lat' dir='ltr'><strong>sunt,</strong></span> <span class='ocrx_word' id='word_1_391' title='bbox 963 1778 1009 1813; x_wconf 88' lang='lat' dir='ltr'><strong>qui</strong></span> <span class='ocrx_word' id='word_1_392' title='bbox 1026 1783 1086 1806; x_wconf 89' lang='lat' dir='ltr'><strong>tan-</strong></span> 
     </span>
    </p>
   </div>
   <div class='ocr_carea' id='block_1_55' title="bbox 280 1820 1086 1858">
    <p class='ocr_par' dir='ltr' id='par_1_55' title="bbox 280 1820 1086 1858">
     <span class='ocr_line' id='line_1_55' title="bbox 280 1820 1086 1858; baseline 0.001 -9"><span class='ocrx_word' id='word_1_393' title='bbox 280 1831 284 1836; x_wconf 76' lang='grc'><em>’</em></span> <span class='ocrx_word' id='word_1_394' title='bbox 301 1830 382 1858; x_wconf 89' lang='lat' dir='ltr'><strong>quam</strong></span> <span class='ocrx_word' id='word_1_395' title='bbox 392 1820 418 1849; x_wconf 82' lang='lat' dir='ltr'><strong>in</strong></span> <span class='ocrx_word' id='word_1_396' title='bbox 429 1821 545 1857; x_wconf 90' lang='lat' dir='ltr'><strong>pistrino</strong></span> <span class='ocrx_word' id='word_1_397' title='bbox 559 1823 705 1851; x_wconf 87' lang='lat' dir='ltr'><strong>molentes.</strong></span> <span class='ocrx_word' id='word_1_398' title='bbox 720 1829 802 1857; x_wconf 72' lang='lat' dir='ltr'><strong>grave</strong></span> <span class='ocrx_word' id='word_1_399' title='bbox 816 1821 883 1857; x_wconf 73' lang='lat' dir='ltr'><strong>legis</strong></span> <span class='ocrx_word' id='word_1_400' title='bbox 892 1822 987 1857; x_wconf 68' lang='lat' dir='ltr'><strong>iugum</strong></span> <span class='ocrx_word' id='word_1_401' title='bbox 1010 1823 1086 1850; x_wconf 90' lang='lat' dir='ltr'><strong>labo-</strong></span> 
     </span>
    </p>
   </div>
   <div class='ocr_carea' id='block_1_56' title="bbox 302 1867 1086 1904">
    <p class='ocr_par' dir='ltr' id='par_1_56' title="bbox 302 1867 1086 1904">
     <span class='ocr_line' id='line_1_56' title="bbox 302 1867 1086 1904; baseline 0 -8"><span class='ocrx_word' id='word_1_402' title='bbox 302 1869 459 1903; x_wconf 84' lang='lat' dir='ltr'><strong>riosumque</strong></span> <span class='ocrx_word' id='word_1_403' title='bbox 472 1868 645 1904; x_wconf 84' lang='lat' dir='ltr'><strong>pertrahunt.</strong></span> <span class='ocrx_word' id='word_1_404' title='bbox 669 1867 835 1902; x_wconf 70' lang='lat' dir='ltr'><strong>Rcdigentur</strong></span> <span class='ocrx_word' id='word_1_405' title='bbox 849 1867 883 1895; x_wconf 90' lang='lat' dir='ltr'><strong>ad</strong></span> <span class='ocrx_word' id='word_1_406' title='bbox 911 1868 1086 1902; x_wconf 85' lang='lat' dir='ltr'><strong>paucitatem,</strong></span> 
     </span>
    </p>
   </div>
   <div class='ocr_carea' id='block_1_57' title="bbox 301 1913 1086 1949">
    <p class='ocr_par' dir='ltr' id='par_1_57' title="bbox 301 1913 1086 1949">
     <span class='ocr_line' id='line_1_57' title="bbox 301 1913 1086 1949; baseline 0.003 -8"><span class='ocrx_word' id='word_1_407' title='bbox 301 1914 376 1949; x_wconf 83' lang='lat' dir='ltr'><strong>quia,</strong></span> <span class='ocrx_word' id='word_1_408' title='bbox 392 1919 490 1949; x_wconf 70' lang='lat' dir='ltr'><strong>praeter</strong></span> <span class='ocrx_word' id='word_1_409' title='bbox 499 1921 609 1949; x_wconf 81' lang='lat' dir='ltr'><strong>paucos.</strong></span> <span class='ocrx_word' id='word_1_410' title='bbox 629 1913 719 1941; x_wconf 65' lang='lat' dir='ltr'><strong>caeteri</strong></span> <span class='ocrx_word' id='word_1_411' title='bbox 734 1921 828 1941; x_wconf 87' lang='lat' dir='ltr'><strong>omnes</strong></span> <span class='ocrx_word' id='word_1_412' title='bbox 836 1913 868 1941; x_wconf 91' lang='lat' dir='ltr'><strong>ad</strong></span> <span class='ocrx_word' id='word_1_413' title='bbox 889 1914 969 1942; x_wconf 86' lang='lat' dir='ltr'><strong>fidem</strong></span> <span class='ocrx_word' id='word_1_414' title='bbox 986 1914 1086 1943; x_wconf 90' lang='lat' dir='ltr'><strong>Christi</strong></span> 
     </span>
    </p>
   </div>
   <div class='ocr_carea' id='block_1_58' title="bbox 1136 951 1923 988">
    <p class='ocr_par' dir='ltr' id='par_1_58' title="bbox 1136 951 1923 988">
     <span class='ocr_line' id='line_1_58' title="bbox 1136 951 1923 988; baseline -0.001 -10"><span class='ocrx_word' id='word_1_415' title='bbox 1136 961 1209 988; x_wconf 85' lang='grc' dir='ltr'><strong>ματα</strong></span> <span class='ocrx_word' id='word_1_416' title='bbox 1222 953 1279 982; x_wconf 83' lang='grc' dir='ltr'><strong>τοῖς</strong></span> <span class='ocrx_word' id='word_1_417' title='bbox 1292 952 1380 986; x_wconf 87' lang='grc' dir='ltr'><strong>ἁγίοις</strong></span> <span class='ocrx_word' id='word_1_418' title='bbox 1393 953 1525 987; x_wconf 81' lang='grc' dir='ltr'><strong>γινόμενα</strong></span> <span class='ocrx_word' id='word_1_419' title='bbox 1535 960 1542 967; x_wconf 85' lang='grc'><strong><em>“</em></strong></span> <span class='ocrx_word' id='word_1_420' title='bbox 1555 951 1616 978; x_wconf 80' lang='grc' dir='ltr'><strong>τότε</strong></span> <span class='ocrx_word' id='word_1_421' title='bbox 1637 952 1683 978; x_wconf 73' lang='grc' dir='ltr'><strong>καὶ</strong></span> <span class='ocrx_word' id='word_1_422' title='bbox 1697 952 1882 979; x_wconf 60' lang='grc' dir='ltr'><strong>σαλεύονται</strong></span> <span class='ocrx_word' id='word_1_423' title='bbox 1896 952 1923 978; x_wconf 82' lang='grc' dir='ltr'><strong>οι</strong></span> 
     </span>
    </p>
   </div>
   <div class='ocr_carea' id='block_1_59' title="bbox 1134 997 1924 1033">
    <p class='ocr_par' dir='ltr' id='par_1_59' title="bbox 1134 997 1924 1033">
     <span class='ocr_line' id='line_1_59' title="bbox 1134 997 1924 1033; baseline -0.001 -8"><span class='ocrx_word' id='word_1_424' title='bbox 1134 999 1270 1032; x_wconf 76' lang='grc' dir='ltr'><strong>φύλακες</strong></span> <span class='ocrx_word' id='word_1_425' title='bbox 1290 997 1346 1032; x_wconf 83' lang='grc' dir='ltr'><strong>τῆς</strong></span> <span class='ocrx_word' id='word_1_426' title='bbox 1369 998 1476 1031; x_wconf 68' lang='grc' dir='ltr'><strong>οἰκίας,</strong></span> <span class='ocrx_word' id='word_1_427' title='bbox 1493 998 1567 1032; x_wconf 77' lang='grc' dir='ltr'><strong>ἅγιοι</strong></span> <span class='ocrx_word' id='word_1_428' title='bbox 1590 997 1686 1033; x_wconf 75' lang='grc' dir='ltr'><strong>ἄνδρες</strong></span> <span class='ocrx_word' id='word_1_429' title='bbox 1711 997 1760 1029; x_wconf 66' lang='grc' dir='ltr'><strong>τῆς</strong></span> <span class='ocrx_word' id='word_1_430' title='bbox 1782 998 1924 1032; x_wconf 68' lang='grc' dir='ltr'><strong>δυνάμεως</strong></span> 
     </span>
    </p>
   </div>
   <div class='ocr_carea' id='block_1_60' title="bbox 1135 1043 1923 1079">
    <p class='ocr_par' dir='ltr' id='par_1_60' title="bbox 1135 1043 1923 1079">
     <span class='ocr_line' id='line_1_60' title="bbox 1135 1043 1923 1079; baseline -0.001 -9"><span class='ocrx_word' id='word_1_431' title='bbox 1135 1043 1285 1079; x_wconf 77' lang='grc' dir='ltr'><strong>λεχθέντες,</strong></span> <span class='ocrx_word' id='word_1_432' title='bbox 1298 1043 1523 1079; x_wconf 59' lang='grc' dir='ltr'><strong>διατρεφόμενοι</strong></span> <span class='ocrx_word' id='word_1_433' title='bbox 1539 1044 1587 1079; x_wconf 78' lang='grc' dir='ltr'><strong>μὲν</strong></span> <span class='ocrx_word' id='word_1_434' title='bbox 1600 1044 1652 1070; x_wconf 79' lang='grc' dir='ltr'><strong>ὑπὸ</strong></span> <span class='ocrx_word' id='word_1_435' title='bbox 1665 1043 1711 1070; x_wconf 80' lang='grc' dir='ltr'><strong>τοῦ</strong></span> <span class='ocrx_word' id='word_1_436' title='bbox 1725 1044 1923 1079; x_wconf 78' lang='grc' dir='ltr'><strong>Ἀντιχριστου,</strong></span> 
     </span>
    </p>
   </div>
   <div class='ocr_carea' id='block_1_61' title="bbox 1135 1089 1924 1126">
    <p class='ocr_par' dir='ltr' id='par_1_61' title="bbox 1135 1089 1924 1126">
     <span class='ocr_line' id='line_1_61' title="bbox 1135 1089 1924 1126; baseline -0.001 -10"><span class='ocrx_word' id='word_1_437' title='bbox 1135 1090 1165 1117; x_wconf 79' lang='grc' dir='ltr'><strong>οὐ</strong></span> <span class='ocrx_word' id='word_1_438' title='bbox 1196 1090 1249 1125; x_wconf 86' lang='grc' dir='ltr'><strong>μὴν</strong></span> <span class='ocrx_word' id='word_1_439' title='bbox 1267 1090 1456 1124; x_wconf 76' lang='grc' dir='ltr'><strong>ἑξατονοῦντες</strong></span> <span class='ocrx_word' id='word_1_440' title='bbox 1479 1090 1495 1125; x_wconf 89' lang='grc' dir='ltr'>ἢ</span> <span class='ocrx_word' id='word_1_441' title='bbox 1520 1090 1749 1121; x_wconf 80' lang='grc' dir='ltr'><strong>καταπίπτοντες.</strong></span> <span class='ocrx_word' id='word_1_442' title='bbox 1764 1089 1848 1126; x_wconf 72' lang='grc' dir='ltr'><strong>ᾼὺτοὶ</strong></span> <span class='ocrx_word' id='word_1_443' title='bbox 1870 1090 1924 1125; x_wconf 78' lang='grc' dir='ltr'><strong>γάρ</strong></span> 
     </span>
    </p>
   </div>
   <div class='ocr_carea' id='block_1_62' title="bbox 1135 1135 1924 1171">
    <p class='ocr_par' dir='ltr' id='par_1_62' title="bbox 1135 1135 1924 1171">
     <span class='ocr_line' id='line_1_62' title="bbox 1135 1135 1924 1171; baseline -0.001 -9"><span class='ocrx_word' id='word_1_444' title='bbox 1135 1136 1204 1166; x_wconf 75' lang='grc' dir='ltr'><strong>εἰσιν</strong></span> <span class='ocrx_word' id='word_1_445' title='bbox 1215 1137 1239 1162; x_wconf 78' lang='grc' dir='ltr'><strong>οἱ</strong></span> <span class='ocrx_word' id='word_1_446' title='bbox 1253 1135 1370 1170; x_wconf 79' lang='grc' dir='ltr'><strong>φύλακες</strong></span> <span class='ocrx_word' id='word_1_447' title='bbox 1395 1136 1444 1170; x_wconf 85' lang='grc' dir='ltr'><strong>τῆς</strong></span> <span class='ocrx_word' id='word_1_448' title='bbox 1467 1144 1496 1162; x_wconf 84' lang='grc' dir='ltr'><strong>τε</strong></span> <span class='ocrx_word' id='word_1_449' title='bbox 1523 1135 1696 1171; x_wconf 82' lang='grc' dir='ltr'><strong>Ἐκκλησίας,</strong></span> <span class='ocrx_word' id='word_1_450' title='bbox 1713 1136 1760 1162; x_wconf 81' lang='grc' dir='ltr'><strong>καὶ</strong></span> <span class='ocrx_word' id='word_1_451' title='bbox 1785 1135 1861 1162; x_wconf 71' lang='grc' dir='ltr'><strong>τοῦδε</strong></span> <span class='ocrx_word' id='word_1_452' title='bbox 1877 1135 1924 1161; x_wconf 69' lang='grc' dir='ltr'><strong>τοῦ</strong></span> 
     </span>
    </p>
   </div>
   <div class='ocr_carea' id='block_1_63' title="bbox 1136 1181 1926 1216">
    <p class='ocr_par' dir='ltr' id='par_1_63' title="bbox 1136 1181 1926 1216">
     <span class='ocr_line' id='line_1_63' title="bbox 1136 1181 1926 1216; baseline 0.001 -9"><span class='ocrx_word' id='word_1_453' title='bbox 1136 1181 1250 1216; x_wconf 78' lang='grc' dir='ltr'><strong>κόσμου,</strong></span> <span class='ocrx_word' id='word_1_454' title='bbox 1274 1182 1306 1208; x_wconf 84' lang='grc' dir='ltr'><strong>δι’</strong></span> <span class='ocrx_word' id='word_1_455' title='bbox 1325 1181 1372 1213; x_wconf 79' lang='grc' dir='ltr'><strong>οὓς</strong></span> <span class='ocrx_word' id='word_1_456' title='bbox 1397 1182 1445 1207; x_wconf 68' lang='grc' dir='ltr'><strong>καὶ</strong></span> <span class='ocrx_word' id='word_1_457' title='bbox 1470 1182 1641 1208; x_wconf 81' lang='grc' dir='ltr'><strong>συνίσταται.</strong></span> <span class='ocrx_word' id='word_1_458' title='bbox 1658 1181 1726 1208; x_wconf 81' lang='grc' dir='ltr'><strong>Τότε</strong></span> <span class='ocrx_word' id='word_1_459' title='bbox 1752 1181 1926 1216; x_wconf 50' lang='lat' dir='ltr'><strong>dhrein-ua</strong></span> 
     </span>
    </p>
   </div>
   <div class='ocr_carea' id='block_1_64' title="bbox 1136 1227 1926 1262">
    <p class='ocr_par' dir='ltr' id='par_1_64' title="bbox 1136 1227 1926 1262">
     <span class='ocr_line' id='line_1_64' title="bbox 1136 1227 1926 1262; baseline -0.003 -7"><span class='ocrx_word' id='word_1_460' title='bbox 1136 1228 1186 1255; x_wconf 76' lang='grc' dir='ltr'><strong>καὶ</strong></span> <span class='ocrx_word' id='word_1_461' title='bbox 1199 1229 1228 1254; x_wconf 81' lang='grc' dir='ltr'><strong>αι</strong></span> <span class='ocrx_word' id='word_1_462' title='bbox 1241 1227 1411 1261; x_wconf 73' lang='grc' dir='ltr'><strong>ἀλήθουσαι</strong></span> <span class='ocrx_word' id='word_1_463' title='bbox 1422 1236 1428 1243; x_wconf 81' lang='grc'><em>’</em></span> <span class='ocrx_word' id='word_1_464' title='bbox 1450 1227 1627 1262; x_wconf 76' lang='grc' dir='ltr'><strong>ἀληθούσας</strong></span> <span class='ocrx_word' id='word_1_465' title='bbox 1650 1227 1678 1254; x_wconf 79' lang='grc' dir='ltr'><strong>δὲ</strong></span> <span class='ocrx_word' id='word_1_466' title='bbox 1704 1227 1766 1258; x_wconf 66' lang='grc' dir='ltr'><strong>τοὺς</strong></span> <span class='ocrx_word' id='word_1_467' title='bbox 1783 1227 1926 1259; x_wconf 72' lang='grc' dir='ltr'><strong>Ἰουδαίους</strong></span> 
     </span>
    </p>
   </div>
   <div class='ocr_carea' id='block_1_65' title="bbox 1136 1273 1926 1309">
    <p class='ocr_par' dir='ltr' id='par_1_65' title="bbox 1136 1273 1926 1309">
     <span class='ocr_line' id='line_1_65' title="bbox 1136 1273 1926 1309; baseline -0.003 -8"><span class='ocrx_word' id='word_1_468' title='bbox 1136 1274 1298 1309; x_wconf 71' lang='grc' dir='ltr'><strong>ὲχληπτέον,</strong></span> <span class='ocrx_word' id='word_1_469' title='bbox 1312 1274 1374 1306; x_wconf 80' lang='grc' dir='ltr'><strong>τοὺς</strong></span> <span class='ocrx_word' id='word_1_470' title='bbox 1389 1274 1434 1301; x_wconf 79' lang='grc' dir='ltr'><strong>τὸν</strong></span> <span class='ocrx_word' id='word_1_471' title='bbox 1454 1273 1539 1309; x_wconf 65' lang='grc' dir='ltr'><strong>βαρὺν</strong></span> <span class='ocrx_word' id='word_1_472' title='bbox 1558 1274 1604 1300; x_wconf 76' lang='grc' dir='ltr'>καὶ</span> <span class='ocrx_word' id='word_1_473' title='bbox 1618 1273 1767 1309; x_wconf 79' lang='grc' dir='ltr'><strong>ὲπίμοχθον</strong></span> <span class='ocrx_word' id='word_1_474' title='bbox 1783 1273 1866 1307; x_wconf 79' lang='grc' dir='ltr'><strong>ζυγὸν</strong></span> <span class='ocrx_word' id='word_1_475' title='bbox 1880 1274 1926 1300; x_wconf 84' lang='grc' dir='ltr'><strong>’ἑλ-</strong></span> 
     </span>
    </p>
   </div>
   <div class='ocr_carea' id='block_1_66' title="bbox 1137 1319 1926 1355">
    <p class='ocr_par' dir='ltr' id='par_1_66' title="bbox 1137 1319 1926 1355">
     <span class='ocr_line' id='line_1_66' title="bbox 1137 1319 1926 1355; baseline -0.001 -8"><span class='ocrx_word' id='word_1_476' title='bbox 1137 1328 1235 1352; x_wconf 79' lang='grc' dir='ltr'><strong>κοντας</strong></span> <span class='ocrx_word' id='word_1_477' title='bbox 1254 1320 1302 1347; x_wconf 77' lang='grc' dir='ltr'><strong>τοῦ</strong></span> <span class='ocrx_word' id='word_1_478' title='bbox 1327 1320 1420 1355; x_wconf 82' lang='grc' dir='ltr'><strong>νόμου.</strong></span> <span class='ocrx_word' id='word_1_479' title='bbox 1440 1320 1608 1354; x_wconf 82' lang='grc' dir='ltr'><strong>Ὀλιγοῦνται</strong></span> <span class='ocrx_word' id='word_1_480' title='bbox 1633 1320 1671 1353; x_wconf 84' lang='grc' dir='ltr'><strong>δὲ,</strong></span> <span class='ocrx_word' id='word_1_481' title='bbox 1686 1319 1731 1346; x_wconf 76' lang='grc' dir='ltr'><strong>διὰ</strong></span> <span class='ocrx_word' id='word_1_482' title='bbox 1754 1320 1784 1346; x_wconf 76' lang='grc' dir='ltr'><strong>τὸ</strong></span> <span class='ocrx_word' id='word_1_483' title='bbox 1809 1320 1926 1352; x_wconf 79' lang='grc' dir='ltr'><strong>πάντας,</strong></span> 
     </span>
    </p>
   </div>
   <div class='ocr_carea' id='block_1_67' title="bbox 1137 1364 1925 1401">
    <p class='ocr_par' dir='ltr' id='par_1_67' title="bbox 1137 1364 1925 1401">
     <span class='ocr_line' id='line_1_67' title="bbox 1137 1364 1925 1401; baseline 0 -9"><span class='ocrx_word' id='word_1_484' title='bbox 1137 1365 1206 1401; x_wconf 77' lang='grc' dir='ltr'><strong>πλὴν</strong></span> <span class='ocrx_word' id='word_1_485' title='bbox 1226 1364 1335 1400; x_wconf 81' lang='grc' dir='ltr'><strong>ὀλίγων,</strong></span> <span class='ocrx_word' id='word_1_486' title='bbox 1351 1365 1552 1401; x_wconf 82' lang='grc' dir='ltr'><strong>δεδραμηκέναι</strong></span> <span class='ocrx_word' id='word_1_487' title='bbox 1574 1367 1607 1401; x_wconf 81' lang='grc' dir='ltr'><strong>τῇ</strong></span> <span class='ocrx_word' id='word_1_488' title='bbox 1630 1365 1720 1392; x_wconf 87' lang='grc' dir='ltr'><strong>πίστει</strong></span> <span class='ocrx_word' id='word_1_489' title='bbox 1735 1365 1781 1392; x_wconf 84' lang='grc' dir='ltr'><strong>τοῦ</strong></span> <span class='ocrx_word' id='word_1_490' title='bbox 1794 1365 1925 1401; x_wconf 80' lang='grc' dir='ltr'><strong>Χριστοῦ.</strong></span> 
     </span>
    </p>
   </div>
   <div class='ocr_carea' id='block_1_68' title="bbox 1137 1410 1925 1447">
    <p class='ocr_par' dir='ltr' id='par_1_68' title="bbox 1137 1410 1925 1447">
     <span class='ocr_line' id='line_1_68' title="bbox 1137 1410 1925 1447; baseline 0.003 -9"><span class='ocrx_word' id='word_1_491' title='bbox 1137 1412 1204 1438; x_wconf 82' lang='grc' dir='ltr'><strong>Τότε</strong></span> <span class='ocrx_word' id='word_1_492' title='bbox 1211 1411 1265 1447; x_wconf 88' lang='grc' dir='ltr'><strong>γάρ</strong></span> <span class='ocrx_word' id='word_1_493' title='bbox 1273 1411 1327 1443; x_wconf 82' lang='grc' dir='ltr'><strong>πᾶς</strong></span> <span class='ocrx_word' id='word_1_494' title='bbox 1335 1411 1444 1447; x_wconf 82' lang='grc' dir='ltr'><strong>Ἰσραὴλ</strong></span> <span class='ocrx_word' id='word_1_495' title='bbox 1452 1412 1615 1447; x_wconf 80' lang='grc' dir='ltr'><strong>σωθήσεται,</strong></span> <span class='ocrx_word' id='word_1_496' title='bbox 1623 1412 1682 1438; x_wconf 81' lang='grc' dir='ltr'><strong>ἀντὶ</strong></span> <span class='ocrx_word' id='word_1_497' title='bbox 1692 1410 1750 1446; x_wconf 80' lang='grc' dir='ltr'><strong>τοῦ,</strong></span> <span class='ocrx_word' id='word_1_498' title='bbox 1759 1412 1785 1438; x_wconf 70' lang='grc' dir='ltr'><strong>οἱ</strong></span> <span class='ocrx_word' id='word_1_499' title='bbox 1793 1411 1925 1443; x_wconf 80' lang='grc' dir='ltr'><strong>πλείονες.</strong></span> 
     </span>
    </p>
   </div>
   <div class='ocr_carea' id='block_1_69' title="bbox 1137 1456 1926 1493">
    <p class='ocr_par' dir='ltr' id='par_1_69' title="bbox 1137 1456 1926 1493">
     <span class='ocr_line' id='line_1_69' title="bbox 1137 1456 1926 1493; baseline 0 -10"><span class='ocrx_word' id='word_1_500' title='bbox 1137 1457 1205 1483; x_wconf 85' lang='grc' dir='ltr'><strong>Τότε</strong></span> <span class='ocrx_word' id='word_1_501' title='bbox 1229 1456 1308 1484; x_wconf 78' lang='grc' dir='ltr'><strong>αὐτοὶ</strong></span> <span class='ocrx_word' id='word_1_502' title='bbox 1331 1458 1355 1484; x_wconf 79' lang='grc' dir='ltr'><strong>οἱ</strong></span> <span class='ocrx_word' id='word_1_503' title='bbox 1375 1457 1461 1491; x_wconf 77' lang='grc' dir='ltr'><strong>ὀλίγοι</strong></span> <span class='ocrx_word' id='word_1_504' title='bbox 1486 1458 1510 1484; x_wconf 84' lang='grc' dir='ltr'><strong>οἱ</strong></span> <span class='ocrx_word' id='word_1_505' title='bbox 1539 1457 1576 1492; x_wconf 86' lang='grc' dir='ltr'><strong>μὴ</strong></span> <span class='ocrx_word' id='word_1_506' title='bbox 1604 1457 1877 1493; x_wconf 81' lang='grc' dir='ltr'><strong>προσδεδραμηκότες</strong></span> <span class='ocrx_word' id='word_1_507' title='bbox 1892 1458 1926 1493; x_wconf 82' lang='grc' dir='ltr'><strong>τῇ</strong></span> 
     </span>
    </p>
   </div>
   <div class='ocr_carea' id='block_1_70' title="bbox 1138 1502 1928 1538">
    <p class='ocr_par' dir='ltr' id='par_1_70' title="bbox 1138 1502 1928 1538">
     <span class='ocr_line' id='line_1_70' title="bbox 1138 1502 1928 1538; baseline 0 -8"><span class='ocrx_word' id='word_1_508' title='bbox 1138 1503 1242 1536; x_wconf 84' lang='grc' dir='ltr'><strong>πίστει,</strong></span> <span class='ocrx_word' id='word_1_509' title='bbox 1260 1504 1284 1530; x_wconf 80' lang='grc' dir='ltr'><strong>οἱ</strong></span> <span class='ocrx_word' id='word_1_510' title='bbox 1297 1503 1345 1530; x_wconf 83' lang='grc' dir='ltr'><strong>νῦν</strong></span> <span class='ocrx_word' id='word_1_511' title='bbox 1361 1503 1400 1535; x_wconf 84' lang='grc' dir='ltr'><strong>ὡς</strong></span> <span class='ocrx_word' id='word_1_512' title='bbox 1411 1503 1444 1529; x_wconf 80' lang='grc' dir='ltr'><strong>δι’</strong></span> <span class='ocrx_word' id='word_1_513' title='bbox 1456 1503 1531 1530; x_wconf 85' lang='grc' dir='ltr'><strong>ὀπῶν</strong></span> <span class='ocrx_word' id='word_1_514' title='bbox 1545 1503 1590 1530; x_wconf 81' lang='grc' dir='ltr'><strong>διὰ</strong></span> <span class='ocrx_word' id='word_1_515' title='bbox 1603 1503 1652 1530; x_wconf 81' lang='grc' dir='ltr'><strong>τοῦ</strong></span> <span class='ocrx_word' id='word_1_516' title='bbox 1670 1503 1783 1538; x_wconf 85' lang='grc' dir='ltr'><strong>νομικοῦ</strong></span> <span class='ocrx_word' id='word_1_517' title='bbox 1798 1502 1928 1538; x_wconf 80' lang='grc' dir='ltr'><strong>γράμμα-</strong></span> 
     </span>
    </p>
   </div>
   <div class='ocr_carea' id='block_1_71' title="bbox 1137 1548 1929 1584">
    <p class='ocr_par' dir='ltr' id='par_1_71' title="bbox 1137 1548 1929 1584">
     <span class='ocr_line' id='line_1_71' title="bbox 1137 1548 1929 1584; baseline 0.001 -10"><span class='ocrx_word' id='word_1_518' title='bbox 1137 1556 1183 1580; x_wconf 91' lang='grc' dir='ltr'><strong>τος</strong></span> <span class='ocrx_word' id='word_1_519' title='bbox 1198 1548 1354 1583; x_wconf 76' lang='grc' dir='ltr'><strong>βλέποντες,</strong></span> <span class='ocrx_word' id='word_1_520' title='bbox 1374 1548 1485 1580; x_wconf 80' lang='grc' dir='ltr'><strong>τελείως</strong></span> <span class='ocrx_word' id='word_1_521' title='bbox 1498 1548 1679 1581; x_wconf 79' lang='grc' dir='ltr'><strong>σκοτίζονται,</strong></span> <span class='ocrx_word' id='word_1_522' title='bbox 1690 1550 1722 1584; x_wconf 81' lang='grc' dir='ltr'><strong>τῇ</strong></span> <span class='ocrx_word' id='word_1_523' title='bbox 1740 1548 1868 1584; x_wconf 74' lang='grc' dir='ltr'><strong>ἐνεργείᾳ</strong></span> <span class='ocrx_word' id='word_1_524' title='bbox 1877 1548 1929 1583; x_wconf 73' lang='grc' dir='ltr'><strong>τῆς</strong></span> 
     </span>
    </p>
   </div>
   <div class='ocr_carea' id='block_1_72' title="bbox 1139 1594 1929 1629">
    <p class='ocr_par' dir='ltr' id='par_1_72' title="bbox 1139 1594 1929 1629">
     <span class='ocr_line' id='line_1_72' title="bbox 1139 1594 1929 1629; baseline -0.003 -8"><span class='ocrx_word' id='word_1_525' title='bbox 1139 1594 1242 1629; x_wconf 82' lang='grc' dir='ltr'>πλάνης</span> <span class='ocrx_word' id='word_1_526' title='bbox 1256 1594 1422 1627; x_wconf 77' lang='grc' dir='ltr'><strong>πεισθέντες,</strong></span> <span class='ocrx_word' id='word_1_527' title='bbox 1435 1595 1482 1622; x_wconf 79' lang='grc' dir='ltr'><strong>καὶ</strong></span> <span class='ocrx_word' id='word_1_528' title='bbox 1495 1595 1705 1626; x_wconf 70' lang='grc' dir='ltr'><strong>ἀποκλείσαντες</strong></span> <span class='ocrx_word' id='word_1_529' title='bbox 1719 1595 1825 1625; x_wconf 79' lang='grc' dir='ltr'><strong>ἑαυτοῖς</strong></span> <span class='ocrx_word' id='word_1_530' title='bbox 1837 1594 1865 1620; x_wconf 84' lang='grc' dir='ltr'><strong>ὲν</strong></span> <span class='ocrx_word' id='word_1_531' title='bbox 1875 1594 1929 1628; x_wconf 74' lang='grc' dir='ltr'><strong>τῴ-</strong></span> 
     </span>
    </p>
   </div>
   <div class='ocr_carea' id='block_1_73' title="bbox 1137 1639 1928 1676">
    <p class='ocr_par' dir='ltr' id='par_1_73' title="bbox 1137 1639 1928 1676">
     <span class='ocr_line' id='line_1_73' title="bbox 1137 1639 1928 1676; baseline -0.001 -9"><span class='ocrx_word' id='word_1_532' title='bbox 1137 1640 1166 1667; x_wconf 83' lang='grc' dir='ltr'><strong>δε</strong></span> <span class='ocrx_word' id='word_1_533' title='bbox 1189 1639 1227 1675; x_wconf 82' lang='grc' dir='ltr'><strong>τῷ</strong></span> <span class='ocrx_word' id='word_1_534' title='bbox 1246 1640 1297 1675; x_wconf 85' lang='grc' dir='ltr'><strong>βίῳ</strong></span> <span class='ocrx_word' id='word_1_535' title='bbox 1313 1640 1363 1676; x_wconf 80' lang='grc' dir='ltr'><strong>τὴν</strong></span> <span class='ocrx_word' id='word_1_536' title='bbox 1379 1639 1465 1676; x_wconf 82' lang='grc' dir='ltr'><strong>θύραν</strong></span> <span class='ocrx_word' id='word_1_537' title='bbox 1490 1641 1540 1675; x_wconf 84' lang='grc' dir='ltr'><strong>τῆς</strong></span> <span class='ocrx_word' id='word_1_538' title='bbox 1562 1639 1820 1675; x_wconf 62' lang='grc' dir='ltr'><strong>σωτηρίαζ.“Αγορά</strong></span> <span class='ocrx_word' id='word_1_539' title='bbox 1843 1640 1897 1674; x_wconf 74' lang='grc' dir='ltr'><strong>γὰρ</strong></span> <span class='ocrx_word' id='word_1_540' title='bbox 1913 1641 1928 1666; x_wconf 84' lang='grc' dir='ltr'><strong>ὀ</strong></span> 
     </span>
    </p>
   </div>
   <div class='ocr_carea' id='block_1_74' title="bbox 1139 1685 1929 1722">
    <p class='ocr_par' dir='ltr' id='par_1_74' title="bbox 1139 1685 1929 1722">
     <span class='ocr_line' id='line_1_74' title="bbox 1139 1685 1929 1722; baseline 0 -10"><span class='ocrx_word' id='word_1_541' title='bbox 1139 1685 1235 1722; x_wconf 88' lang='grc' dir='ltr'><strong>παρὼν</strong></span> <span class='ocrx_word' id='word_1_542' title='bbox 1251 1685 1397 1722; x_wconf 81' lang='grc' dir='ltr'><strong>ὠνομάσθη</strong></span> <span class='ocrx_word' id='word_1_543' title='bbox 1424 1685 1492 1721; x_wconf 76' lang='grc' dir='ltr'><strong>βίος.</strong></span> <span class='ocrx_word' id='word_1_544' title='bbox 1509 1686 1595 1713; x_wconf 83' lang='grc' dir='ltr'><strong>Τοῦτο</strong></span> <span class='ocrx_word' id='word_1_545' title='bbox 1619 1687 1648 1713; x_wconf 74' lang='grc' dir='ltr'><strong>δὲ</strong></span> <span class='ocrx_word' id='word_1_546' title='bbox 1670 1687 1805 1722; x_wconf 76' lang='grc' dir='ltr'><strong>πάσχουσι</strong></span> <span class='ocrx_word' id='word_1_547' title='bbox 1829 1685 1874 1712; x_wconf 70' lang='grc' dir='ltr'><strong>διὰ</strong></span> <span class='ocrx_word' id='word_1_548' title='bbox 1896 1685 1929 1712; x_wconf 78' lang='grc' dir='ltr'><strong>τὸ</strong></span> 
     </span>
    </p>
   </div>
   <div class='ocr_carea' id='block_1_75' title="bbox 1138 1731 1929 1768">
    <p class='ocr_par' dir='ltr' id='par_1_75' title="bbox 1138 1731 1929 1768">
     <span class='ocr_line' id='line_1_75' title="bbox 1138 1731 1929 1768; baseline 0 -10"><span class='ocrx_word' id='word_1_549' title='bbox 1138 1732 1316 1767; x_wconf 72' lang='grc' dir='ltr'><strong>ἑναπομείναι</strong></span> <span class='ocrx_word' id='word_1_550' title='bbox 1331 1733 1361 1759; x_wconf 78' lang='grc' dir='ltr'><strong>ἐν</strong></span> <span class='ocrx_word' id='word_1_551' title='bbox 1382 1733 1416 1768; x_wconf 83' lang='grc' dir='ltr'><strong>τῇ</strong></span> <span class='ocrx_word' id='word_1_552' title='bbox 1440 1732 1568 1768; x_wconf 66' lang='grc' dir='ltr'><strong>ἀσθενείᾳ.</strong></span> <span class='ocrx_word' id='word_1_553' title='bbox 1581 1732 1630 1768; x_wconf 84' lang='grc' dir='ltr'><strong>τῆς</strong></span> <span class='ocrx_word' id='word_1_554' title='bbox 1645 1733 1737 1768; x_wconf 68' lang='grc' dir='ltr'><strong>φωνῆς</strong></span> <span class='ocrx_word' id='word_1_555' title='bbox 1749 1733 1797 1768; x_wconf 82' lang='grc' dir='ltr'><strong>τῆς</strong></span> <span class='ocrx_word' id='word_1_556' title='bbox 1812 1731 1929 1767; x_wconf 60' lang='grc' dir='ltr'><strong>ἁλι]θοὺ-</strong></span> 
     </span>
    </p>
   </div>
   <div class='ocr_carea' id='block_1_76' title="bbox 1140 1777 1928 1814">
    <p class='ocr_par' dir='ltr' id='par_1_76' title="bbox 1140 1777 1928 1814">
     <span class='ocr_line' id='line_1_76' title="bbox 1140 1777 1928 1814; baseline 0 -10"><span class='ocrx_word' id='word_1_557' title='bbox 1140 1786 1201 1812; x_wconf 82' lang='grc' dir='ltr'><strong>σης,</strong></span> <span class='ocrx_word' id='word_1_558' title='bbox 1215 1777 1339 1804; x_wconf 85' lang='grc' dir='ltr'><strong>τουτέστι</strong></span> <span class='ocrx_word' id='word_1_559' title='bbox 1355 1778 1403 1805; x_wconf 79' lang='grc' dir='ltr'><strong>τοῦ</strong></span> <span class='ocrx_word' id='word_1_560' title='bbox 1417 1777 1531 1813; x_wconf 77' lang='grc' dir='ltr'><strong>νομικοῦ</strong></span> <span class='ocrx_word' id='word_1_561' title='bbox 1547 1779 1722 1814; x_wconf 82' lang='grc' dir='ltr'><strong>γράμματος.</strong></span> <span class='ocrx_word' id='word_1_562' title='bbox 1738 1778 1828 1813; x_wconf 82' lang='grc' dir='ltr'><strong>Βαρῦς</strong></span> <span class='ocrx_word' id='word_1_563' title='bbox 1844 1778 1899 1814; x_wconf 74' lang='grc' dir='ltr'><strong>γὰρ</strong></span> <span class='ocrx_word' id='word_1_564' title='bbox 1913 1779 1928 1804; x_wconf 77' lang='grc' dir='ltr'><em>ὁ</em></span> 
     </span>
    </p>
   </div>
   <div class='ocr_carea' id='block_1_77' title="bbox 1139 1822 1928 1858">
    <p class='ocr_par' dir='ltr' id='par_1_77' title="bbox 1139 1822 1928 1858">
     <span class='ocr_line' id='line_1_77' title="bbox 1139 1822 1928 1858; baseline -0.001 -9"><span class='ocrx_word' id='word_1_565' title='bbox 1139 1822 1221 1858; x_wconf 82' lang='grc' dir='ltr'><strong>νόμος</strong></span> <span class='ocrx_word' id='word_1_566' title='bbox 1237 1822 1284 1848; x_wconf 79' lang='grc' dir='ltr'><strong>καὶ</strong></span> <span class='ocrx_word' id='word_1_567' title='bbox 1298 1822 1424 1858; x_wconf 80' lang='grc' dir='ltr'><strong>ἀσθενὴς,</strong></span> <span class='ocrx_word' id='word_1_568' title='bbox 1441 1822 1543 1858; x_wconf 76' lang='grc' dir='ltr'><strong>μηδένα</strong></span> <span class='ocrx_word' id='word_1_569' title='bbox 1562 1822 1711 1857; x_wconf 79' lang='grc' dir='ltr'><strong>δυνάμενος</strong></span> <span class='ocrx_word' id='word_1_570' title='bbox 1725 1822 1878 1854; x_wconf 78' lang='grc' dir='ltr'><strong>τελειῶσαι,</strong></span> <span class='ocrx_word' id='word_1_571' title='bbox 1889 1823 1928 1854; x_wconf 85' lang='grc' dir='ltr'><strong>ὡς</strong></span> 
     </span>
    </p>
   </div>
   <div class='ocr_carea' id='block_1_78' title="bbox 1141 1866 1926 1903">
    <p class='ocr_par' dir='ltr' id='par_1_78' title="bbox 1141 1866 1926 1903">
     <span class='ocr_line' id='line_1_78' title="bbox 1141 1866 1926 1903; baseline -0.001 -8"><span class='ocrx_word' id='word_1_572' title='bbox 1141 1869 1187 1895; x_wconf 73' lang='grc' dir='ltr'><strong>καὶ</strong></span> <span class='ocrx_word' id='word_1_573' title='bbox 1198 1869 1212 1895; x_wconf 89' lang='grc' dir='ltr'><strong>ὸ</strong></span> <span class='ocrx_word' id='word_1_574' title='bbox 1229 1867 1388 1899; x_wconf 78' lang='grc' dir='ltr'><strong>’Δπόστολός</strong></span> <span class='ocrx_word' id='word_1_575' title='bbox 1403 1876 1470 1903; x_wconf 80' lang='grc' dir='ltr'><strong>φησι</strong></span> <span class='ocrx_word' id='word_1_576' title='bbox 1479 1877 1486 1883; x_wconf 88' lang='grc'><strong>·</strong></span> <span class='ocrx_word' id='word_1_577' title='bbox 1504 1868 1538 1894; x_wconf 85' lang='grc' dir='ltr'><em>Τὸ</em></span> <span class='ocrx_word' id='word_1_578' title='bbox 1548 1867 1603 1902; x_wconf 81' lang='grc' dir='ltr'><strong>γὰρ</strong></span> <span class='ocrx_word' id='word_1_579' title='bbox 1613 1867 1742 1900; x_wconf 71' lang='grc' dir='ltr'><strong>ἀσθενὲς</strong></span> <span class='ocrx_word' id='word_1_580' title='bbox 1758 1866 1810 1894; x_wconf 84' lang='grc' dir='ltr'><strong>τοῦ</strong></span> <span class='ocrx_word' id='word_1_581' title='bbox 1821 1868 1926 1901; x_wconf 83' lang='grc' dir='ltr'><strong>νόμου,</strong></span> 
     </span>
    </p>
   </div>
   <div class='ocr_carea' id='block_1_79' title="bbox 1140 1911 1828 1948">
    <p class='ocr_par' dir='ltr' id='par_1_79' title="bbox 1140 1911 1828 1948">
     <span class='ocr_line' id='line_1_79' title="bbox 1140 1911 1828 1948; baseline -0.001 -8"><span class='ocrx_word' id='word_1_582' title='bbox 1140 1916 1174 1942; x_wconf 76' lang='grc' dir='ltr'><strong>ἐν</strong></span> <span class='ocrx_word' id='word_1_583' title='bbox 1192 1911 1216 1948; x_wconf 83' lang='grc' dir='ltr'><strong>ᾧ</strong></span> <span class='ocrx_word' id='word_1_584' title='bbox 1230 1913 1351 1948; x_wconf 75' lang='grc' dir='ltr'><strong>ἠσθένει</strong></span> <span class='ocrx_word' id='word_1_585' title='bbox 1363 1913 1413 1940; x_wconf 83' lang='grc' dir='ltr'><strong>διὰ</strong></span> <span class='ocrx_word' id='word_1_586' title='bbox 1424 1913 1480 1947; x_wconf 79' lang='grc' dir='ltr'><strong>τῆς</strong></span> <span class='ocrx_word' id='word_1_587' title='bbox 1492 1914 1621 1947; x_wconf 80' lang='grc' dir='ltr'><strong>σαρκός’</strong></span> <span class='ocrx_word' id='word_1_588' title='bbox 1639 1913 1685 1939; x_wconf 76' lang='grc' dir='ltr'><strong>καὶ</strong></span> <span class='ocrx_word' id='word_1_589' title='bbox 1701 1913 1735 1940; x_wconf 82' lang='grc' dir='ltr'><strong>τὰ</strong></span> <span class='ocrx_word' id='word_1_590' title='bbox 1753 1912 1828 1947; x_wconf 77' lang='grc' dir='ltr'><strong>ἑξῆς.</strong></span> 
     </span>
    </p>
   </div>
   <div class='ocr_carea' id='block_1_80' title="bbox 301 1958 1927 1996">
    <p class='ocr_par' dir='ltr' id='par_1_80' title="bbox 301 1958 1927 1996">
     <span class='ocr_line' id='line_1_80' title="bbox 301 1958 1927 1996; baseline -0.001 -9"><span class='ocrx_word' id='word_1_591' title='bbox 301 1960 425 1988; x_wconf 88' lang='lat' dir='ltr'><strong>conversi</strong></span> <span class='ocrx_word' id='word_1_592' title='bbox 442 1964 533 1988; x_wconf 88' lang='lat' dir='ltr'><strong>erunt.</strong></span> <span class='ocrx_word' id='word_1_593' title='bbox 552 1959 628 1988; x_wconf 85' lang='lat' dir='ltr'><strong>Tunc</strong></span> <span class='ocrx_word' id='word_1_594' title='bbox 636 1960 708 1987; x_wconf 90' lang='lat' dir='ltr'><strong>enim</strong></span> <span class='ocrx_word' id='word_1_595' title='bbox 723 1960 814 1988; x_wconf 88' lang='lat' dir='ltr'><strong>salvus</strong></span> <span class='ocrx_word' id='word_1_596' title='bbox 838 1960 890 1988; x_wconf 86' lang='lat' dir='ltr'><strong>erit</strong></span> <span class='ocrx_word' id='word_1_597' title='bbox 901 1961 991 1989; x_wconf 91' lang='lat' dir='ltr'><strong>omnis</strong></span> <span class='ocrx_word' id='word_1_598' title='bbox 1012 1962 1094 1990; x_wconf 84' lang='lat' dir='ltr'><strong>Israel</strong></span> <span class='ocrx_word' id='word_1_599' title='bbox 1109 1972 1116 1991; x_wconf 86' lang='lat'><strong>:</strong></span> <span class='ocrx_word' id='word_1_600' title='bbox 1131 1962 1182 1989; x_wconf 91' lang='lat' dir='ltr'><strong>hoc</strong></span> <span class='ocrx_word' id='word_1_601' title='bbox 1197 1966 1249 1995; x_wconf 85' lang='lat' dir='ltr'><strong>est,</strong></span> <span class='ocrx_word' id='word_1_602' title='bbox 1265 1961 1374 1996; x_wconf 88' lang='lat' dir='ltr'><strong>plurimi</strong></span> <span class='ocrx_word' id='word_1_603' title='bbox 1390 1968 1422 1988; x_wconf 81' lang='lat' dir='ltr'><strong>ex</strong></span> <span class='ocrx_word' id='word_1_604' title='bbox 1439 1959 1533 1987; x_wconf 81' lang='lat' dir='ltr'><strong>Israel.</strong></span> <span class='ocrx_word' id='word_1_605' title='bbox 1561 1959 1638 1986; x_wconf 89' lang='lat' dir='ltr'><strong>Tunc</strong></span> <span class='ocrx_word' id='word_1_606' title='bbox 1664 1959 1742 1994; x_wconf 83' lang='lat' dir='ltr'><strong>pauci</strong></span> <span class='ocrx_word' id='word_1_607' title='bbox 1760 1959 1799 1986; x_wconf 90' lang='lat' dir='ltr'><strong>illi</strong></span> <span class='ocrx_word' id='word_1_608' title='bbox 1816 1958 1861 1993; x_wconf 88' lang='lat' dir='ltr'><strong>qui</strong></span> <span class='ocrx_word' id='word_1_609' title='bbox 1892 1958 1927 1985; x_wconf 86' lang='lat' dir='ltr'><strong>ad</strong></span> 
     </span>
    </p>
   </div>
   <div class='ocr_carea' id='block_1_81' title="bbox 302 2005 1928 2043">
    <p class='ocr_par' dir='ltr' id='par_1_81' title="bbox 302 2005 1928 2043">
     <span class='ocr_line' id='line_1_81' title="bbox 302 2005 1928 2043; baseline -0.001 -9"><span class='ocrx_word' id='word_1_610' title='bbox 302 2006 382 2034; x_wconf 78' lang='lat' dir='ltr'><strong>[idem</strong></span> <span class='ocrx_word' id='word_1_611' title='bbox 397 2005 498 2033; x_wconf 90' lang='lat' dir='ltr'><strong>Christi</strong></span> <span class='ocrx_word' id='word_1_612' title='bbox 514 2013 569 2032; x_wconf 94' lang='lat' dir='ltr'><strong>non</strong></span> <span class='ocrx_word' id='word_1_613' title='bbox 593 2006 769 2037; x_wconf 84' lang='lat' dir='ltr'><strong>accesserint,</strong></span> <span class='ocrx_word' id='word_1_614' title='bbox 796 2006 843 2040; x_wconf 89' lang='lat' dir='ltr'><strong>qui</strong></span> <span class='ocrx_word' id='word_1_615' title='bbox 873 2014 946 2034; x_wconf 91' lang='lat' dir='ltr'><strong>nunc</strong></span> <span class='ocrx_word' id='word_1_616' title='bbox 967 2007 1020 2035; x_wconf 89' lang='lat' dir='ltr'><strong>dici</strong></span> <span class='ocrx_word' id='word_1_617' title='bbox 1048 2011 1162 2043; x_wconf 85' lang='lat' dir='ltr'><strong>possunt</strong></span> <span class='ocrx_word' id='word_1_618' title='bbox 1176 2007 1314 2035; x_wconf 89' lang='lat' dir='ltr'><strong>modicum</strong></span> <span class='ocrx_word' id='word_1_619' title='bbox 1328 2006 1394 2041; x_wconf 92' lang='lat' dir='ltr'><strong>quid</strong></span> <span class='ocrx_word' id='word_1_620' title='bbox 1423 2014 1469 2041; x_wconf 83' lang='lat' dir='ltr'><strong>per</strong></span> <span class='ocrx_word' id='word_1_621' title='bbox 1480 2005 1615 2042; x_wconf 80' lang='lat' dir='ltr'><strong>foramina</strong></span> <span class='ocrx_word' id='word_1_622' title='bbox 1641 2006 1740 2034; x_wconf 70' lang='lat' dir='ltr'><strong>littera:</strong></span> <span class='ocrx_word' id='word_1_623' title='bbox 1767 2005 1860 2041; x_wconf 61' lang='lat' dir='ltr'><strong>legalis</strong></span> <span class='ocrx_word' id='word_1_624' title='bbox 1884 2014 1928 2033; x_wconf 81' lang='lat' dir='ltr'><strong>as-</strong></span> 
     </span>
    </p>
   </div>
   <div class='ocr_carea' id='block_1_82' title="bbox 302 2052 1928 2090">
    <p class='ocr_par' dir='ltr' id='par_1_82' title="bbox 302 2052 1928 2090">
     <span class='ocr_line' id='line_1_82' title="bbox 302 2052 1928 2090; baseline -0.001 -9"><span class='ocrx_word' id='word_1_625' title='bbox 302 2054 402 2090; x_wconf 80' lang='lat' dir='ltr'><strong>picere,</strong></span> <span class='ocrx_word' id='word_1_626' title='bbox 417 2054 538 2081; x_wconf 68' lang='lat' dir='ltr'><strong>erecitate</strong></span> <span class='ocrx_word' id='word_1_627' title='bbox 561 2052 654 2080; x_wconf 81' lang='lat' dir='ltr'><strong>ultima</strong></span> <span class='ocrx_word' id='word_1_628' title='bbox 674 2053 829 2088; x_wconf 77' lang='lat' dir='ltr'><strong>caligabunt</strong></span> <span class='ocrx_word' id='word_1_629' title='bbox 843 2056 871 2080; x_wconf 86' lang='lat' dir='ltr'><strong>et</strong></span> <span class='ocrx_word' id='word_1_630' title='bbox 899 2054 1098 2087; x_wconf 86' lang='lat' dir='ltr'><strong>tenebrescent,</strong></span> <span class='ocrx_word' id='word_1_631' title='bbox 1117 2062 1178 2082; x_wconf 91' lang='lat' dir='ltr'><strong>eum</strong></span> <span class='ocrx_word' id='word_1_632' title='bbox 1210 2055 1237 2082; x_wconf 87' lang='lat' dir='ltr'><strong>in</strong></span> <span class='ocrx_word' id='word_1_633' title='bbox 1263 2053 1323 2088; x_wconf 88' lang='lat' dir='ltr'><strong>ipso</strong></span> <span class='ocrx_word' id='word_1_634' title='bbox 1332 2061 1425 2081; x_wconf 82' lang='lat' dir='ltr'><strong>errOre</strong></span> <span class='ocrx_word' id='word_1_635' title='bbox 1458 2054 1568 2088; x_wconf 85' lang='lat' dir='ltr'><strong>penitus</strong></span> <span class='ocrx_word' id='word_1_636' title='bbox 1588 2053 1688 2081; x_wconf 84' lang='lat' dir='ltr'><strong>fuerint</strong></span> <span class='ocrx_word' id='word_1_637' title='bbox 1717 2053 1880 2084; x_wconf 82' lang='lat' dir='ltr'><strong>confirmati,</strong></span> <span class='ocrx_word' id='word_1_638' title='bbox 1899 2057 1928 2080; x_wconf 90' lang='lat' dir='ltr'><strong>et</strong></span> 
     </span>
    </p>
   </div>
   <div class='ocr_carea' id='block_1_83' title="bbox 303 2098 1926 2134">
    <p class='ocr_par' dir='ltr' id='par_1_83' title="bbox 303 2098 1926 2134">
     <span class='ocr_line' id='line_1_83' title="bbox 303 2098 1926 2134; baseline 0.001 -8"><span class='ocrx_word' id='word_1_639' title='bbox 303 2099 425 2127; x_wconf 80' lang='lat' dir='ltr'><strong>viventes</strong></span> <span class='ocrx_word' id='word_1_640' title='bbox 442 2099 468 2126; x_wconf 93' lang='lat' dir='ltr'><strong>in</strong></span> <span class='ocrx_word' id='word_1_641' title='bbox 499 2098 680 2126; x_wconf 89' lang='lat' dir='ltr'><strong>obstinatione</strong></span> <span class='ocrx_word' id='word_1_642' title='bbox 709 2103 736 2125; x_wconf 89' lang='lat' dir='ltr'><strong>et</strong></span> <span class='ocrx_word' id='word_1_643' title='bbox 758 2099 931 2126; x_wconf 89' lang='lat' dir='ltr'><strong>contumacia</strong></span> <span class='ocrx_word' id='word_1_644' title='bbox 943 2099 1056 2134; x_wconf 87' lang='lat' dir='ltr'><strong>januam</strong></span> <span class='ocrx_word' id='word_1_645' title='bbox 1072 2100 1168 2128; x_wconf 84' lang='lat' dir='ltr'><strong>salutis</strong></span> <span class='ocrx_word' id='word_1_646' title='bbox 1182 2099 1231 2127; x_wconf 87' lang='lat' dir='ltr'><strong>sibi</strong></span> <span class='ocrx_word' id='word_1_647' title='bbox 1248 2099 1314 2134; x_wconf 86' lang='lat' dir='ltr'><strong>ipsis</strong></span> <span class='ocrx_word' id='word_1_648' title='bbox 1328 2099 1503 2126; x_wconf 89' lang='lat' dir='ltr'><strong>oceluserint.</strong></span> <span class='ocrx_word' id='word_1_649' title='bbox 1523 2098 1642 2127; x_wconf 82' lang='lat' dir='ltr'><strong>Plateam</strong></span> <span class='ocrx_word' id='word_1_650' title='bbox 1660 2107 1724 2127; x_wconf 87' lang='lat' dir='ltr'><strong>vero</strong></span> <span class='ocrx_word' id='word_1_651' title='bbox 1751 2100 1808 2127; x_wconf 84' lang='lat' dir='ltr'><strong>sive</strong></span> <span class='ocrx_word' id='word_1_652' title='bbox 1825 2100 1926 2133; x_wconf 81' lang='lat' dir='ltr'><strong>forum,</strong></span> 
     </span>
    </p>
   </div>
   <div class='ocr_carea' id='block_1_84' title="bbox 304 2144 1927 2181">
    <p class='ocr_par' dir='ltr' id='par_1_84' title="bbox 304 2144 1927 2181">
     <span class='ocr_line' id='line_1_84' title="bbox 304 2144 1927 2181; baseline 0.001 -9"><span class='ocrx_word' id='word_1_653' title='bbox 304 2153 354 2181; x_wconf 88' lang='lat' dir='ltr'><strong>pro</strong></span> <span class='ocrx_word' id='word_1_654' title='bbox 368 2144 494 2180; x_wconf 64' lang='lat' dir='ltr'><strong>prazsenti</strong></span> <span class='ocrx_word' id='word_1_655' title='bbox 506 2145 560 2171; x_wconf 88' lang='lat' dir='ltr'><strong>vita</strong></span> <span class='ocrx_word' id='word_1_656' title='bbox 579 2144 709 2179; x_wconf 74' lang='lat' dir='ltr'><strong>intellige.</strong></span> <span class='ocrx_word' id='word_1_657' title='bbox 736 2144 804 2171; x_wconf 94' lang='lat' dir='ltr'><strong>lllud</strong></span> <span class='ocrx_word' id='word_1_658' title='bbox 834 2149 925 2172; x_wconf 88' lang='lat' dir='ltr'><strong>autem</strong></span> <span class='ocrx_word' id='word_1_659' title='bbox 948 2146 1090 2180; x_wconf 86' lang='lat' dir='ltr'><strong>patiuntur</strong></span> <span class='ocrx_word' id='word_1_660' title='bbox 1102 2145 1188 2173; x_wconf 65' lang='lat' dir='ltr'><strong>Judaei</strong></span> <span class='ocrx_word' id='word_1_661' title='bbox 1211 2145 1284 2180; x_wconf 91' lang='lat' dir='ltr'><strong>quod</strong></span> <span class='ocrx_word' id='word_1_662' title='bbox 1304 2144 1430 2180; x_wconf 88' lang='lat' dir='ltr'><strong>superius</strong></span> <span class='ocrx_word' id='word_1_663' title='bbox 1445 2144 1548 2172; x_wconf 87' lang='lat' dir='ltr'><strong>dictum</strong></span> <span class='ocrx_word' id='word_1_664' title='bbox 1557 2148 1609 2177; x_wconf 85' lang='lat' dir='ltr'><strong>est,</strong></span> <span class='ocrx_word' id='word_1_665' title='bbox 1625 2152 1658 2172; x_wconf 91' lang='lat' dir='ltr'><strong>eo</strong></span> <span class='ocrx_word' id='word_1_666' title='bbox 1681 2145 1754 2180; x_wconf 91' lang='lat' dir='ltr'><strong>quod</strong></span> <span class='ocrx_word' id='word_1_667' title='bbox 1767 2153 1927 2180; x_wconf 87' lang='lat' dir='ltr'><strong>permanse-</strong></span> 
     </span>
    </p>
   </div>
   <div class='ocr_carea' id='block_1_85' title="bbox 305 2189 1926 2227">
    <p class='ocr_par' dir='ltr' id='par_1_85' title="bbox 305 2189 1926 2227">
     <span class='ocr_line' id='line_1_85' title="bbox 305 2189 1926 2227; baseline 0 -8"><span class='ocrx_word' id='word_1_668' title='bbox 305 2193 360 2219; x_wconf 88' lang='lat' dir='ltr'><strong>rint</strong></span> <span class='ocrx_word' id='word_1_669' title='bbox 375 2196 550 2219; x_wconf 87' lang='lat' dir='ltr'><strong>contumaces</strong></span> <span class='ocrx_word' id='word_1_670' title='bbox 567 2190 594 2217; x_wconf 90' lang='lat' dir='ltr'><strong>in</strong></span> <span class='ocrx_word' id='word_1_671' title='bbox 615 2189 774 2217; x_wconf 80' lang='lat' dir='ltr'><strong>infirmitate</strong></span> <span class='ocrx_word' id='word_1_672' title='bbox 794 2190 870 2217; x_wconf 88' lang='lat' dir='ltr'><strong>vocis</strong></span> <span class='ocrx_word' id='word_1_673' title='bbox 899 2191 1036 2223; x_wconf 82' lang='lat' dir='ltr'><strong>malenlis,</strong></span> <span class='ocrx_word' id='word_1_674' title='bbox 1067 2191 1120 2219; x_wconf 90' lang='lat' dir='ltr'><strong>hoc</strong></span> <span class='ocrx_word' id='word_1_675' title='bbox 1131 2196 1182 2222; x_wconf 84' lang='lat' dir='ltr'><strong>est,</strong></span> <span class='ocrx_word' id='word_1_676' title='bbox 1199 2191 1293 2227; x_wconf 71' lang='lat' dir='ltr'><strong>legalis</strong></span> <span class='ocrx_word' id='word_1_677' title='bbox 1316 2191 1421 2219; x_wconf 58' lang='lat' dir='ltr'><strong>littera.</strong></span> <span class='ocrx_word' id='word_1_678' title='bbox 1434 2190 1530 2218; x_wconf 86' lang='lat' dir='ltr'><strong>Gravis</strong></span> <span class='ocrx_word' id='word_1_679' title='bbox 1544 2191 1618 2218; x_wconf 87' lang='lat' dir='ltr'><strong>enim</strong></span> <span class='ocrx_word' id='word_1_680' title='bbox 1645 2190 1687 2218; x_wconf 82' lang='lat' dir='ltr'><strong>lex</strong></span> <span class='ocrx_word' id='word_1_681' title='bbox 1698 2195 1741 2218; x_wconf 86' lang='lat' dir='ltr'><strong>est</strong></span> <span class='ocrx_word' id='word_1_682' title='bbox 1754 2191 1926 2226; x_wconf 85' lang='lat' dir='ltr'><strong>atqueetiam</strong></span> 
     </span>
    </p>
   </div>
   <div class='ocr_carea' id='block_1_86' title="bbox 304 2236 1926 2273">
    <p class='ocr_par' dir='ltr' id='par_1_86' title="bbox 304 2236 1926 2273">
     <span class='ocr_line' id='line_1_86' title="bbox 304 2236 1926 2273; baseline -0.001 -7"><span class='ocrx_word' id='word_1_683' title='bbox 304 2238 400 2266; x_wconf 91' lang='lat' dir='ltr'><strong>debilis</strong></span> <span class='ocrx_word' id='word_1_684' title='bbox 415 2241 443 2265; x_wconf 81' lang='lat' dir='ltr'><strong>et</strong></span> <span class='ocrx_word' id='word_1_685' title='bbox 458 2237 573 2268; x_wconf 82' lang='lat' dir='ltr'><strong>infirma,</strong></span> <span class='ocrx_word' id='word_1_686' title='bbox 595 2244 656 2264; x_wconf 86' lang='lat' dir='ltr'><strong>eum</strong></span> <span class='ocrx_word' id='word_1_687' title='bbox 669 2237 820 2272; x_wconf 80' lang='lat' dir='ltr'><strong>justiticare</strong></span> <span class='ocrx_word' id='word_1_688' title='bbox 846 2238 983 2267; x_wconf 83' lang='lat' dir='ltr'><strong>neminem</strong></span> <span class='ocrx_word' id='word_1_689' title='bbox 1003 2238 1089 2273; x_wconf 82' lang='lat' dir='ltr'><strong>possit</strong></span> <span class='ocrx_word' id='word_1_690' title='bbox 1107 2247 1116 2265; x_wconf 68' lang='grc' dir='ltr'><strong>ε</strong></span> <span class='ocrx_word' id='word_1_691' title='bbox 1136 2238 1208 2266; x_wconf 85' lang='lat' dir='ltr'><strong>sicut</strong></span> <span class='ocrx_word' id='word_1_692' title='bbox 1223 2242 1250 2266; x_wconf 87' lang='lat' dir='ltr'><strong>et</strong></span> <span class='ocrx_word' id='word_1_693' title='bbox 1266 2237 1412 2273; x_wconf 83' lang='lat' dir='ltr'><strong>Apostolus</strong></span> <span class='ocrx_word' id='word_1_694' title='bbox 1436 2237 1523 2273; x_wconf 89' lang='lat' dir='ltr'><strong>inquit</strong></span> <span class='ocrx_word' id='word_1_695' title='bbox 1539 2246 1545 2264; x_wconf 89' lang='lat'><strong>:</strong></span> <span class='ocrx_word' id='word_1_696' title='bbox 1566 2236 1711 2272; x_wconf 72' lang='lat' dir='ltr'><strong>Inﬁrmitaa</strong></span> <span class='ocrx_word' id='word_1_697' title='bbox 1725 2238 1795 2264; x_wconf 75' lang='lat' dir='ltr'><strong>enim</strong></span> <span class='ocrx_word' id='word_1_698' title='bbox 1807 2237 1881 2272; x_wconf 71' lang='lat' dir='ltr'><strong>legis,</strong></span> <span class='ocrx_word' id='word_1_699' title='bbox 1898 2238 1926 2264; x_wconf 78' lang='lat' dir='ltr'><strong>iu</strong></span> 
     </span>
    </p>
   </div>
   <div class='ocr_carea' id='block_1_87' title="bbox 304 2285 1131 2323">
    <p class='ocr_par' dir='ltr' id='par_1_87' title="bbox 304 2285 1131 2323">
     <span class='ocr_line' id='line_1_87' title="bbox 304 2285 1131 2323; baseline 0 -10"><span class='ocrx_word' id='word_1_700' title='bbox 304 2294 356 2323; x_wconf 84' lang='lat' dir='ltr'><strong>qua</strong></span> <span class='ocrx_word' id='word_1_701' title='bbox 373 2285 510 2319; x_wconf 80' lang='lat' dir='ltr'><strong>inﬁrmata</strong></span> <span class='ocrx_word' id='word_1_702' title='bbox 522 2289 559 2312; x_wconf 77' lang='lat' dir='ltr'><strong>est</strong></span> <span class='ocrx_word' id='word_1_703' title='bbox 570 2289 675 2319; x_wconf 80' lang='lat' dir='ltr'><strong>propter</strong></span> <span class='ocrx_word' id='word_1_704' title='bbox 690 2292 796 2311; x_wconf 81' lang='lat' dir='ltr'><strong>carnem</strong></span> <span class='ocrx_word' id='word_1_705' title='bbox 809 2286 842 2317; x_wconf 89' lang='lat'><strong>&quot;,</strong></span> <span class='ocrx_word' id='word_1_706' title='bbox 858 2289 885 2312; x_wconf 90' lang='lat' dir='ltr'><strong>et</strong></span> <span class='ocrx_word' id='word_1_707' title='bbox 899 2293 959 2320; x_wconf 59' lang='lat' dir='ltr'><strong>quae</strong></span> <span class='ocrx_word' id='word_1_708' title='bbox 969 2290 1131 2321; x_wconf 85' lang='lat' dir='ltr'><strong>sequuntur.</strong></span> 
     </span>
    </p>
   </div>
   <div class='ocr_carea' id='block_1_88' title="bbox 346 2329 1086 2368">
    <p class='ocr_par' dir='ltr' id='par_1_88' title="bbox 346 2331 1086 2368">
     <span class='ocr_line' id='line_1_88' title="bbox 346 2331 1086 2368; baseline 0 -8"><span class='ocrx_word' id='word_1_709' title='bbox 346 2342 356 2359; x_wconf 75' lang='grc' dir='ltr'><strong>ι</strong></span> <span class='ocrx_word' id='word_1_710' title='bbox 372 2332 405 2360; x_wconf 84' lang='lat' dir='ltr'><strong>Et</strong></span> <span class='ocrx_word' id='word_1_711' title='bbox 416 2337 562 2368; x_wconf 75' lang='lat' dir='ltr'><strong>consurget</strong></span> <span class='ocrx_word' id='word_1_712' title='bbox 582 2331 615 2359; x_wconf 87' lang='lat' dir='ltr'><strong>ad</strong></span> <span class='ocrx_word' id='word_1_713' title='bbox 635 2339 729 2360; x_wconf 88' lang='lat' dir='ltr'><strong>vocem</strong></span> <span class='ocrx_word' id='word_1_714' title='bbox 743 2332 888 2367; x_wconf 81' lang='lat' dir='ltr'><strong>passerculi</strong></span> <span class='ocrx_word' id='word_1_715' title='bbox 909 2332 952 2359; x_wconf 87' lang='lat' dir='ltr'><strong>vel</strong></span> <span class='ocrx_word' id='word_1_716' title='bbox 967 2332 1086 2363; x_wconf 65' lang='lat' dir='ltr'><strong>aviculaa.</strong></span> 
     </span>
    </p>
   </div>
   <div class='ocr_carea' id='block_1_89' title="bbox 1135 2329 1929 2368">
    <p class='ocr_par' dir='ltr' id='par_1_89' title="bbox 1182 2329 1929 2365">
     <span class='ocr_line' id='line_1_89' title="bbox 1182 2329 1929 2365; baseline -0.001 -8"><span class='ocrx_word' id='word_1_717' title='bbox 1182 2340 1191 2357; x_wconf 77' lang='grc' dir='ltr'>ί</span> <span class='ocrx_word' id='word_1_718' title='bbox 1206 2330 1262 2358; x_wconf 77' lang='grc' dir='ltr'><strong>Καὶ</strong></span> <span class='ocrx_word' id='word_1_719' title='bbox 1282 2330 1466 2365; x_wconf 79' lang='grc' dir='ltr'><strong>ἀναστήσεται</strong></span> <span class='ocrx_word' id='word_1_720' title='bbox 1480 2330 1520 2362; x_wconf 82' lang='grc' dir='ltr'><strong>εἰς</strong></span> <span class='ocrx_word' id='word_1_721' title='bbox 1534 2329 1627 2365; x_wconf 76' lang='grc' dir='ltr'><strong>φωνὴν</strong></span> <span class='ocrx_word' id='word_1_722' title='bbox 1643 2329 1690 2356; x_wconf 70' lang='grc' dir='ltr'><strong>τοῦ</strong></span> <span class='ocrx_word' id='word_1_723' title='bbox 1706 2329 1847 2364; x_wconf 89' lang='grc' dir='ltr'><strong>στρουθίου</strong></span> <span class='ocrx_word' id='word_1_724' title='bbox 1857 2349 1863 2361; x_wconf 83' lang='grc'>,</span> <span class='ocrx_word' id='word_1_725' title='bbox 1879 2329 1929 2356; x_wconf 79' lang='grc' dir='ltr'><strong>καὶ</strong></span> 
     </span>
    </p>
   </div>
   <div class='ocr_carea' id='block_1_90' title="bbox 286 2369 1086 2414">
    <p class='ocr_par' dir='ltr' id='par_1_90' title="bbox 286 2369 1086 2414">
     <span class='ocr_line' id='line_1_90' title="bbox 286 2369 1086 2414; baseline -0.001 -8"><span class='ocrx_word' id='word_1_726' title='bbox 286 2369 291 2374; x_wconf 56' lang='grc'><em>’</em></span> <span class='ocrx_word' id='word_1_727' title='bbox 305 2383 332 2407; x_wconf 85' lang='lat' dir='ltr'><strong>et</strong></span> <span class='ocrx_word' id='word_1_728' title='bbox 350 2378 565 2406; x_wconf 88' lang='lat' dir='ltr'><strong>butniliabuntur</strong></span> <span class='ocrx_word' id='word_1_729' title='bbox 579 2385 675 2405; x_wconf 86' lang='lat' dir='ltr'><strong>omnes</strong></span> <span class='ocrx_word' id='word_1_730' title='bbox 686 2378 747 2404; x_wconf 75' lang='lat' dir='ltr'><strong>filia:</strong></span> <span class='ocrx_word' id='word_1_731' title='bbox 760 2377 870 2408; x_wconf 79' lang='lat' dir='ltr'><strong>cantici,</strong></span> <span class='ocrx_word' id='word_1_732' title='bbox 898 2377 990 2413; x_wconf 52' lang='lat' dir='ltr'><strong>[Vsus</strong></span> <span class='ocrx_word' id='word_1_733' title='bbox 1006 2377 1034 2414; x_wconf 68' lang='grc'><strong>4]</strong></span> <span class='ocrx_word' id='word_1_734' title='bbox 1063 2382 1086 2405; x_wconf 91' lang='lat' dir='ltr'><strong>el</strong></span> 
     </span>
    </p>
   </div>
   <div class='ocr_carea' id='block_1_91' title="bbox 1135 2369 1927 2414">
    <p class='ocr_par' dir='ltr' id='par_1_91' title="bbox 1138 2374 1927 2410">
     <span class='ocr_line' id='line_1_91' title="bbox 1138 2374 1927 2410; baseline -0.003 -8"><span class='ocrx_word' id='word_1_735' title='bbox 1138 2375 1389 2408; x_wconf 77' lang='grc' dir='ltr'><strong>ταπεινωθήσονται</strong></span> <span class='ocrx_word' id='word_1_736' title='bbox 1405 2375 1492 2401; x_wconf 83' lang='grc' dir='ltr'><strong>πᾶσαι</strong></span> <span class='ocrx_word' id='word_1_737' title='bbox 1510 2375 1538 2402; x_wconf 86' lang='grc' dir='ltr'><strong>αἱ</strong></span> <span class='ocrx_word' id='word_1_738' title='bbox 1557 2374 1707 2410; x_wconf 78' lang='grc' dir='ltr'><strong>θυγατέρες</strong></span> <span class='ocrx_word' id='word_1_739' title='bbox 1721 2374 1768 2400; x_wconf 82' lang='grc' dir='ltr'><strong>τοῦ</strong></span> <span class='ocrx_word' id='word_1_740' title='bbox 1783 2374 1904 2408; x_wconf 73' lang='grc' dir='ltr'><strong>ἆσματος</strong></span> <span class='ocrx_word' id='word_1_741' title='bbox 1917 2382 1927 2390; x_wconf 77' lang='grc' dir='ltr'><strong>ο</strong></span> 
     </span>
    </p>
   </div>
   <div class='ocr_carea' id='block_1_92' title="bbox 305 2419 1086 2458">
    <p class='ocr_par' dir='ltr' id='par_1_92' title="bbox 305 2421 1086 2458">
     <span class='ocr_line' id='line_1_92' title="bbox 305 2421 1086 2458; baseline -0.005 -6"><span class='ocrx_word' id='word_1_742' title='bbox 305 2426 339 2452; x_wconf 88' lang='lat' dir='ltr'><strong>ab</strong></span> <span class='ocrx_word' id='word_1_743' title='bbox 349 2424 491 2451; x_wconf 87' lang='lat' dir='ltr'><strong>altitudine</strong></span> <span class='ocrx_word' id='word_1_744' title='bbox 503 2423 635 2450; x_wconf 89' lang='lat' dir='ltr'><strong>videbunt</strong></span> <span class='ocrx_word' id='word_1_745' title='bbox 647 2425 674 2449; x_wconf 79' lang='lat' dir='ltr'><strong>et</strong></span> <span class='ocrx_word' id='word_1_746' title='bbox 682 2427 792 2458; x_wconf 85' lang='lat' dir='ltr'><strong>stupore</strong></span> <span class='ocrx_word' id='word_1_747' title='bbox 806 2421 833 2449; x_wconf 90' lang='lat' dir='ltr'><strong>in</strong></span> <span class='ocrx_word' id='word_1_748' title='bbox 853 2421 906 2449; x_wconf 90' lang='lat' dir='ltr'><strong>via.</strong></span> <span class='ocrx_word' id='word_1_749' title='bbox 923 2431 931 2448; x_wconf 75' lang='grc' dir='ltr'><strong>ι</strong></span> <span class='ocrx_word' id='word_1_750' title='bbox 950 2422 1006 2449; x_wconf 83' lang='lat' dir='ltr'><strong>Hoc</strong></span> <span class='ocrx_word' id='word_1_751' title='bbox 1030 2422 1086 2449; x_wconf 86' lang='lat' dir='ltr'><strong>loco</strong></span> 
     </span>
    </p>
   </div>
   <div class='ocr_carea' id='block_1_93' title="bbox 1135 2419 1926 2458">
    <p class='ocr_par' dir='ltr' id='par_1_93' title="bbox 1139 2419 1926 2455">
     <span class='ocr_line' id='line_1_93' title="bbox 1139 2419 1926 2455; baseline -0.003 -8"><span class='ocrx_word' id='word_1_752' title='bbox 1139 2421 1186 2448; x_wconf 85' lang='grc' dir='ltr'><strong>καί</strong></span> <span class='ocrx_word' id='word_1_753' title='bbox 1199 2429 1231 2455; x_wconf 86' lang='grc' dir='ltr'><strong>γε</strong></span> <span class='ocrx_word' id='word_1_754' title='bbox 1247 2420 1302 2447; x_wconf 82' lang='grc' dir='ltr'><strong>ἀπὸ</strong></span> <span class='ocrx_word' id='word_1_755' title='bbox 1317 2420 1401 2455; x_wconf 59' lang='grc' dir='ltr'><strong>ὕψους</strong></span> <span class='ocrx_word' id='word_1_756' title='bbox 1418 2420 1529 2455; x_wconf 75' lang='grc' dir='ltr'><strong>ὄψονται</strong></span> <span class='ocrx_word' id='word_1_757' title='bbox 1548 2420 1595 2446; x_wconf 81' lang='grc' dir='ltr'><strong>καὶ</strong></span> <span class='ocrx_word' id='word_1_758' title='bbox 1610 2420 1733 2455; x_wconf 77' lang='grc' dir='ltr'><strong>θάμϐους</strong></span> <span class='ocrx_word' id='word_1_759' title='bbox 1748 2421 1778 2446; x_wconf 86' lang='grc' dir='ltr'><strong>ὲν</strong></span> <span class='ocrx_word' id='word_1_760' title='bbox 1789 2421 1822 2455; x_wconf 78' lang='grc' dir='ltr'><strong>τῇ</strong></span> <span class='ocrx_word' id='word_1_761' title='bbox 1841 2419 1904 2454; x_wconf 83' lang='grc' dir='ltr'><strong>ὁδῷ.</strong></span> <span class='ocrx_word' id='word_1_762' title='bbox 1915 2429 1926 2445; x_wconf 73' lang='grc' dir='ltr'><strong>ι</strong></span> 
     </span>
    </p>
   </div>
   <div class='ocr_carea' id='block_1_94' title="bbox 306 2467 1090 2505">
    <p class='ocr_par' dir='ltr' id='par_1_94' title="bbox 306 2467 1090 2505">
     <span class='ocr_line' id='line_1_94' title="bbox 306 2467 1090 2505; baseline -0.004 -8"><span class='ocrx_word' id='word_1_763' title='bbox 306 2470 416 2505; x_wconf 87' lang='lat' dir='ltr'><strong>sapiens</strong></span> <span class='ocrx_word' id='word_1_764' title='bbox 429 2473 520 2496; x_wconf 90' lang='lat' dir='ltr'><strong>noster</strong></span> <span class='ocrx_word' id='word_1_765' title='bbox 535 2467 710 2496; x_wconf 83' lang='lat' dir='ltr'><strong>Ecclesiastes</strong></span> <span class='ocrx_word' id='word_1_766' title='bbox 729 2467 848 2502; x_wconf 88' lang='lat' dir='ltr'><strong>loquitur</strong></span> <span class='ocrx_word' id='word_1_767' title='bbox 860 2467 894 2494; x_wconf 87' lang='lat' dir='ltr'><strong>de</strong></span> <span class='ocrx_word' id='word_1_768' title='bbox 909 2471 1032 2494; x_wconf 73' lang='lat' dir='ltr'><strong>extremo</strong></span> <span class='ocrx_word' id='word_1_769' title='bbox 1043 2468 1090 2502; x_wconf 78' lang='lat' dir='ltr'><strong>ju-</strong></span> 
     </span>
    </p>
   </div>
   <div class='ocr_carea' id='block_1_95' title="bbox 306 2513 1090 2548">
    <p class='ocr_par' dir='ltr' id='par_1_95' title="bbox 306 2513 1090 2548">
     <span class='ocr_line' id='line_1_95' title="bbox 306 2513 1090 2548; baseline -0.003 -7"><span class='ocrx_word' id='word_1_770' title='bbox 306 2515 368 2542; x_wconf 86' lang='lat' dir='ltr'><strong>dicii</strong></span> <span class='ocrx_word' id='word_1_771' title='bbox 383 2514 437 2546; x_wconf 84' lang='lat' dir='ltr'><strong>die,</strong></span> <span class='ocrx_word' id='word_1_772' title='bbox 450 2513 558 2548; x_wconf 89' lang='lat' dir='ltr'><strong>quando</strong></span> <span class='ocrx_word' id='word_1_773' title='bbox 573 2513 673 2540; x_wconf 90' lang='lat' dir='ltr'><strong>mortui</strong></span> <span class='ocrx_word' id='word_1_774' title='bbox 689 2517 855 2548; x_wconf 80' lang='lat' dir='ltr'><strong>consurgent</strong></span> <span class='ocrx_word' id='word_1_775' title='bbox 868 2513 977 2547; x_wconf 80' lang='lat' dir='ltr'><strong>injussu</strong></span> <span class='ocrx_word' id='word_1_776' title='bbox 990 2517 1013 2539; x_wconf 84' lang='lat' dir='ltr'><strong>et</strong></span> <span class='ocrx_word' id='word_1_777' title='bbox 1031 2520 1090 2540; x_wconf 78' lang='lat' dir='ltr'><strong>voce</strong></span> 
     </span>
    </p>
   </div>
   <div class='ocr_carea' id='block_1_96' title="bbox 307 2559 1090 2594">
    <p class='ocr_par' dir='ltr' id='par_1_96' title="bbox 307 2559 1090 2594">
     <span class='ocr_line' id='line_1_96' title="bbox 307 2559 1090 2594; baseline -0.004 -7"><span class='ocrx_word' id='word_1_778' title='bbox 307 2562 374 2587; x_wconf 76' lang='lat' dir='ltr'><strong>tubw</strong></span> <span class='ocrx_word' id='word_1_779' title='bbox 385 2559 537 2594; x_wconf 75' lang='lat' dir='ltr'><strong>archangeli</strong></span> <span class='ocrx_word' id='word_1_780' title='bbox 553 2560 586 2586; x_wconf 82' lang='lat'><strong>“.</strong></span> <span class='ocrx_word' id='word_1_781' title='bbox 602 2559 682 2587; x_wconf 75' lang='lat' dir='ltr'><strong>Jnssu</strong></span> <span class='ocrx_word' id='word_1_782' title='bbox 696 2564 787 2586; x_wconf 86' lang='lat' dir='ltr'><strong>autem</strong></span> <span class='ocrx_word' id='word_1_783' title='bbox 814 2559 942 2594; x_wconf 85' lang='lat' dir='ltr'><strong>passeris,</strong></span> <span class='ocrx_word' id='word_1_784' title='bbox 971 2559 1022 2586; x_wconf 90' lang='lat' dir='ltr'><strong>hoc</strong></span> <span class='ocrx_word' id='word_1_785' title='bbox 1038 2563 1090 2591; x_wconf 67' lang='lat' dir='ltr'><strong>est,</strong></span> 
     </span>
    </p>
   </div>
   <div class='ocr_carea' id='block_1_97' title="bbox 304 2604 1091 2639">
    <p class='ocr_par' dir='ltr' id='par_1_97' title="bbox 304 2604 1091 2639">
     <span class='ocr_line' id='line_1_97' title="bbox 304 2604 1091 2639; baseline -0.003 -7"><span class='ocrx_word' id='word_1_786' title='bbox 304 2605 385 2633; x_wconf 83' lang='lat' dir='ltr'><strong>Verbi</strong></span> <span class='ocrx_word' id='word_1_787' title='bbox 403 2605 474 2639; x_wconf 90' lang='lat' dir='ltr'><strong>quod</strong></span> <span class='ocrx_word' id='word_1_788' title='bbox 486 2612 614 2632; x_wconf 85' lang='lat' dir='ltr'><strong>carneum</strong></span> <span class='ocrx_word' id='word_1_789' title='bbox 628 2612 727 2639; x_wconf 80' lang='lat' dir='ltr'><strong>corpus</strong></span> <span class='ocrx_word' id='word_1_790' title='bbox 744 2604 901 2638; x_wconf 84' lang='lat' dir='ltr'><strong>assumpsit,</strong></span> <span class='ocrx_word' id='word_1_791' title='bbox 918 2604 964 2638; x_wconf 92' lang='lat' dir='ltr'><strong>qui</strong></span> <span class='ocrx_word' id='word_1_792' title='bbox 981 2610 1091 2639; x_wconf 83' lang='lat' dir='ltr'><strong>propter</strong></span> 
     </span>
    </p>
   </div>
   <div class='ocr_carea' id='block_1_98' title="bbox 304 2650 1092 2685">
    <p class='ocr_par' dir='ltr' id='par_1_98' title="bbox 304 2650 1092 2685">
     <span class='ocr_line' id='line_1_98' title="bbox 304 2650 1092 2685; baseline -0.003 -6"><span class='ocrx_word' id='word_1_793' title='bbox 304 2651 451 2680; x_wconf 82' lang='lat' dir='ltr'><strong>solitariam</strong></span> <span class='ocrx_word' id='word_1_794' title='bbox 462 2659 537 2678; x_wconf 87' lang='lat' dir='ltr'><strong>suam</strong></span> <span class='ocrx_word' id='word_1_795' title='bbox 556 2651 582 2678; x_wconf 89' lang='lat' dir='ltr'><strong>in</strong></span> <span class='ocrx_word' id='word_1_796' title='bbox 597 2658 678 2678; x_wconf 89' lang='lat' dir='ltr'><strong>cruce</strong></span> <span class='ocrx_word' id='word_1_797' title='bbox 693 2650 861 2677; x_wconf 78' lang='lat' dir='ltr'><strong>mansionem</strong></span> <span class='ocrx_word' id='word_1_798' title='bbox 876 2651 909 2677; x_wconf 90' lang='lat' dir='ltr'><strong>de</strong></span> <span class='ocrx_word' id='word_1_799' title='bbox 921 2650 1010 2685; x_wconf 83' lang='lat' dir='ltr'><strong>seipso</strong></span> <span class='ocrx_word' id='word_1_800' title='bbox 1024 2650 1092 2679; x_wconf 83' lang='lat' dir='ltr'><strong>dixit</strong></span> 
     </span>
    </p>
   </div>
   <div class='ocr_carea' id='block_1_99' title="bbox 305 2696 1090 2735">
    <p class='ocr_par' dir='ltr' id='par_1_99' title="bbox 305 2696 1090 2735">
     <span class='ocr_line' id='line_1_99' title="bbox 305 2696 1090 2735; baseline -0.005 -9"><span class='ocrx_word' id='word_1_801' title='bbox 305 2707 352 2735; x_wconf 87' lang='lat' dir='ltr'><strong>per</strong></span> <span class='ocrx_word' id='word_1_802' title='bbox 361 2698 520 2734; x_wconf 85' lang='lat' dir='ltr'><strong>prophetam</strong></span> <span class='ocrx_word' id='word_1_803' title='bbox 536 2697 620 2724; x_wconf 85' lang='lat' dir='ltr'><strong>David</strong></span> <span class='ocrx_word' id='word_1_804' title='bbox 638 2705 645 2723; x_wconf 90' lang='lat'><strong>:</strong></span> <span class='ocrx_word' id='word_1_805' title='bbox 666 2697 761 2724; x_wconf 76' lang='lat' dir='ltr'><strong>Factus</strong></span> <span class='ocrx_word' id='word_1_806' title='bbox 770 2698 836 2723; x_wconf 70' lang='lat' dir='ltr'><strong>sicut</strong></span> <span class='ocrx_word' id='word_1_807' title='bbox 852 2704 942 2731; x_wconf 80' lang='lat' dir='ltr'><strong>passer</strong></span> <span class='ocrx_word' id='word_1_808' title='bbox 954 2696 1090 2723; x_wconf 73' lang='lat' dir='ltr'><strong>solitarius</strong></span> 
     </span>
    </p>
   </div>
   <div class='ocr_carea' id='block_1_100' title="bbox 304 2741 1090 2774">
    <p class='ocr_par' dir='ltr' id='par_1_100' title="bbox 304 2741 1090 2774">
     <span class='ocr_line' id='line_1_100' title="bbox 304 2741 1090 2774; baseline -0.004 -3"><span class='ocrx_word' id='word_1_809' title='bbox 304 2745 332 2771; x_wconf 80' lang='lat' dir='ltr'><strong>in</strong></span> <span class='ocrx_word' id='word_1_810' title='bbox 345 2749 411 2771; x_wconf 78' lang='lat' dir='ltr'><strong>tecto</strong></span> <span class='ocrx_word' id='word_1_811' title='bbox 421 2744 452 2769; x_wconf 81' lang='lat'><strong>“.</strong></span> <span class='ocrx_word' id='word_1_812' title='bbox 472 2743 547 2770; x_wconf 87' lang='lat' dir='ltr'><strong>Tunc</strong></span> <span class='ocrx_word' id='word_1_813' title='bbox 560 2741 837 2774; x_wconf 70' lang='lat' dir='ltr'><strong>humiliabunturﬁlia’</strong></span> <span class='ocrx_word' id='word_1_814' title='bbox 844 2741 940 2767; x_wconf 82' lang='lat' dir='ltr'><strong>cantici</strong></span> <span class='ocrx_word' id='word_1_815' title='bbox 954 2749 963 2767; x_wconf 92' lang='lat'><strong><em>:</em></strong></span> <span class='ocrx_word' id='word_1_816' title='bbox 974 2741 1025 2768; x_wconf 87' lang='lat' dir='ltr'><strong>hoc</strong></span> <span class='ocrx_word' id='word_1_817' title='bbox 1038 2746 1090 2773; x_wconf 83' lang='lat' dir='ltr'><strong>est,</strong></span> 
     </span>
    </p>
   </div>
   <div class='ocr_carea' id='block_1_101' title="bbox 303 2787 1086 2822">
    <p class='ocr_par' dir='ltr' id='par_1_101' title="bbox 303 2787 1086 2822">
     <span class='ocr_line' id='line_1_101' title="bbox 303 2787 1086 2822; baseline -0.004 -6"><span class='ocrx_word' id='word_1_818' title='bbox 303 2790 401 2817; x_wconf 76' lang='lat' dir='ltr'><strong>anima:</strong></span> <span class='ocrx_word' id='word_1_819' title='bbox 418 2788 564 2816; x_wconf 84' lang='lat' dir='ltr'><strong>rationales</strong></span> <span class='ocrx_word' id='word_1_820' title='bbox 580 2787 735 2814; x_wconf 85' lang='lat' dir='ltr'><strong>mortalium</strong></span> <span class='ocrx_word' id='word_1_821' title='bbox 751 2787 904 2818; x_wconf 81' lang='lat' dir='ltr'><strong>hominum,</strong></span> <span class='ocrx_word' id='word_1_822' title='bbox 923 2795 983 2822; x_wconf 76' lang='lat' dir='ltr'><strong>qua:</strong></span> <span class='ocrx_word' id='word_1_823' title='bbox 994 2787 1022 2813; x_wconf 89' lang='lat' dir='ltr'><strong>iu</strong></span> <span class='ocrx_word' id='word_1_824' title='bbox 1038 2787 1086 2814; x_wconf 86' lang='lat' dir='ltr'><strong>dc-</strong></span> 
     </span>
    </p>
   </div>
   <div class='ocr_carea' id='block_1_102' title="bbox 1146 2464 1928 2500">
    <p class='ocr_par' dir='ltr' id='par_1_102' title="bbox 1146 2464 1928 2500">
     <span class='ocr_line' id='line_1_102' title="bbox 1146 2464 1928 2500; baseline -0.003 -8"><span class='ocrx_word' id='word_1_825' title='bbox 1146 2465 1276 2492; x_wconf 81' lang='grc' dir='ltr'><strong>Ἐνταῦθα</strong></span> <span class='ocrx_word' id='word_1_826' title='bbox 1289 2465 1368 2500; x_wconf 72' lang='grc' dir='ltr'><strong>σοφὸς</strong></span> <span class='ocrx_word' id='word_1_827' title='bbox 1383 2466 1447 2500; x_wconf 73' lang='grc' dir='ltr'><strong>περὶ</strong></span> <span class='ocrx_word' id='word_1_828' title='bbox 1461 2465 1510 2500; x_wconf 78' lang='grc' dir='ltr'><strong>τῆς</strong></span> <span class='ocrx_word' id='word_1_829' title='bbox 1530 2464 1644 2492; x_wconf 72' lang='grc' dir='ltr'><strong>καθόλου</strong></span> <span class='ocrx_word' id='word_1_830' title='bbox 1658 2465 1831 2496; x_wconf 74' lang='grc' dir='ltr'><strong>ἀναστάσεὼς</strong></span> <span class='ocrx_word' id='word_1_831' title='bbox 1848 2473 1928 2500; x_wconf 70' lang='grc' dir='ltr'><strong>φησι,</strong></span> 
     </span>
    </p>
   </div>
   <div class='ocr_carea' id='block_1_103' title="bbox 1139 2510 1929 2546">
    <p class='ocr_par' dir='ltr' id='par_1_103' title="bbox 1139 2510 1929 2546">
     <span class='ocr_line' id='line_1_103' title="bbox 1139 2510 1929 2546; baseline 0 -9"><span class='ocrx_word' id='word_1_832' title='bbox 1139 2511 1184 2537; x_wconf 82' lang='grc' dir='ltr'><strong>ὅτε</strong></span> <span class='ocrx_word' id='word_1_833' title='bbox 1205 2511 1228 2537; x_wconf 78' lang='grc' dir='ltr'><strong>οἱ</strong></span> <span class='ocrx_word' id='word_1_834' title='bbox 1246 2511 1339 2546; x_wconf 74' lang='grc' dir='ltr'><strong>νεκροὶ</strong></span> <span class='ocrx_word' id='word_1_835' title='bbox 1352 2511 1510 2538; x_wconf 85' lang='grc' dir='ltr'><strong>ἀνίστανται</strong></span> <span class='ocrx_word' id='word_1_836' title='bbox 1524 2512 1559 2538; x_wconf 80' lang='grc' dir='ltr'><strong>ἐν</strong></span> <span class='ocrx_word' id='word_1_837' title='bbox 1576 2512 1777 2546; x_wconf 76' lang='grc' dir='ltr'><strong>κελεύσματι,</strong></span> <span class='ocrx_word' id='word_1_838' title='bbox 1795 2512 1828 2538; x_wconf 82' lang='grc' dir='ltr'><strong>ὲν</strong></span> <span class='ocrx_word' id='word_1_839' title='bbox 1842 2510 1929 2546; x_wconf 62' lang='grc' dir='ltr'><strong>φωνῇ</strong></span> 
     </span>
    </p>
   </div>
   <div class='ocr_carea' id='block_1_104' title="bbox 1139 2557 1928 2593">
    <p class='ocr_par' dir='ltr' id='par_1_104' title="bbox 1139 2557 1928 2593">
     <span class='ocr_line' id='line_1_104' title="bbox 1139 2557 1928 2593; baseline 0 -10"><span class='ocrx_word' id='word_1_840' title='bbox 1139 2557 1337 2591; x_wconf 62' lang='grc' dir='ltr'><strong>ἀρχαγγέλου.</strong></span> <span class='ocrx_word' id='word_1_841' title='bbox 1356 2557 1528 2593; x_wconf 84' lang='grc' dir='ltr'><strong>Κελεύσματι</strong></span> <span class='ocrx_word' id='word_1_842' title='bbox 1544 2558 1573 2584; x_wconf 81' lang='grc' dir='ltr'><strong>δὲ</strong></span> <span class='ocrx_word' id='word_1_843' title='bbox 1590 2558 1636 2584; x_wconf 80' lang='grc' dir='ltr'><strong>τοῦ</strong></span> <span class='ocrx_word' id='word_1_844' title='bbox 1652 2557 1804 2592; x_wconf 83' lang='grc' dir='ltr'><strong>στρουθίου,</strong></span> <span class='ocrx_word' id='word_1_845' title='bbox 1820 2557 1868 2583; x_wconf 79' lang='grc' dir='ltr'><strong>τοῦ</strong></span> <span class='ocrx_word' id='word_1_846' title='bbox 1883 2558 1928 2583; x_wconf 81' lang='grc' dir='ltr'><strong>ἐν-</strong></span> 
     </span>
    </p>
   </div>
   <div class='ocr_carea' id='block_1_105' title="bbox 1140 2604 1930 2641">
    <p class='ocr_par' dir='ltr' id='par_1_105' title="bbox 1140 2604 1930 2641">
     <span class='ocr_line' id='line_1_105' title="bbox 1140 2604 1930 2641; baseline -0.004 -9"><span class='ocrx_word' id='word_1_847' title='bbox 1140 2606 1374 2641; x_wconf 81' lang='grc' dir='ltr'><strong>ανθρωπήσαντος</strong></span> <span class='ocrx_word' id='word_1_848' title='bbox 1392 2606 1492 2639; x_wconf 79' lang='grc' dir='ltr'><strong>Λόγου,</strong></span> <span class='ocrx_word' id='word_1_849' title='bbox 1504 2605 1533 2637; x_wconf 80' lang='grc' dir='ltr'><strong>ὃς</strong></span> <span class='ocrx_word' id='word_1_850' title='bbox 1552 2606 1596 2632; x_wconf 79' lang='grc' dir='ltr'><strong>διὰ</strong></span> <span class='ocrx_word' id='word_1_851' title='bbox 1609 2606 1658 2640; x_wconf 85' lang='grc' dir='ltr'><strong>τὴν</strong></span> <span class='ocrx_word' id='word_1_852' title='bbox 1674 2606 1702 2631; x_wconf 85' lang='grc' dir='ltr'><strong>ὲν</strong></span> <span class='ocrx_word' id='word_1_853' title='bbox 1718 2604 1826 2639; x_wconf 83' lang='grc' dir='ltr'><strong>σταυρῷ</strong></span> <span class='ocrx_word' id='word_1_854' title='bbox 1842 2604 1930 2639; x_wconf 71' lang='grc' dir='ltr'><strong>μόνω-</strong></span> 
     </span>
    </p>
   </div>
   <div class='ocr_carea' id='block_1_106' title="bbox 1142 2649 1928 2686">
    <p class='ocr_par' dir='ltr' id='par_1_106' title="bbox 1142 2649 1928 2686">
     <span class='ocr_line' id='line_1_106' title="bbox 1142 2649 1928 2686; baseline -0.003 -9"><span class='ocrx_word' id='word_1_855' title='bbox 1142 2660 1185 2678; x_wconf 86' lang='grc' dir='ltr'><strong>σιν</strong></span> <span class='ocrx_word' id='word_1_856' title='bbox 1208 2651 1469 2686; x_wconf 70' lang='grc' dir='ltr'><strong>ἔλεγε,Ἑγενιὶθην</strong></span> <span class='ocrx_word' id='word_1_857' title='bbox 1488 2651 1525 2684; x_wconf 81' lang='grc' dir='ltr'><strong>ὡς</strong></span> <span class='ocrx_word' id='word_1_858' title='bbox 1549 2651 1710 2685; x_wconf 75' lang='grc' dir='ltr'><strong>στρουθίον</strong></span> <span class='ocrx_word' id='word_1_859' title='bbox 1728 2650 1858 2685; x_wconf 80' lang='grc' dir='ltr'><strong>μονάζον</strong></span> <span class='ocrx_word' id='word_1_860' title='bbox 1878 2649 1928 2675; x_wconf 75' lang='grc' dir='ltr'><strong>ἐπὶ</strong></span> 
     </span>
    </p>
   </div>
   <div class='ocr_carea' id='block_1_107' title="bbox 1140 2694 1930 2732">
    <p class='ocr_par' dir='ltr' id='par_1_107' title="bbox 1140 2694 1930 2732">
     <span class='ocr_line' id='line_1_107' title="bbox 1140 2694 1930 2732; baseline -0.004 -8"><span class='ocrx_word' id='word_1_861' title='bbox 1140 2698 1287 2732; x_wconf 79' lang='grc' dir='ltr'><strong>δώματος.</strong></span> <span class='ocrx_word' id='word_1_862' title='bbox 1315 2698 1382 2724; x_wconf 86' lang='grc' dir='ltr'><strong>Τότε</strong></span> <span class='ocrx_word' id='word_1_863' title='bbox 1405 2697 1619 2724; x_wconf 77' lang='grc' dir='ltr'><strong>ταπεινοῦνται</strong></span> <span class='ocrx_word' id='word_1_864' title='bbox 1641 2698 1670 2723; x_wconf 77' lang='lat' dir='ltr'><strong>a1</strong></span> <span class='ocrx_word' id='word_1_865' title='bbox 1691 2695 1851 2731; x_wconf 74' lang='grc' dir='ltr'><strong>θυγατέρες</strong></span> <span class='ocrx_word' id='word_1_866' title='bbox 1875 2694 1930 2721; x_wconf 81' lang='grc' dir='ltr'><strong>τοῦ</strong></span> 
     </span>
    </p>
   </div>
   <div class='ocr_carea' id='block_1_108' title="bbox 1139 2740 1931 2777">
    <p class='ocr_par' dir='ltr' id='par_1_108' title="bbox 1139 2740 1931 2777">
     <span class='ocr_line' id='line_1_108' title="bbox 1139 2740 1931 2777; baseline -0.004 -9"><span class='ocrx_word' id='word_1_867' title='bbox 1139 2742 1284 2776; x_wconf 79' lang='grc' dir='ltr'><strong>ᾄσματος,</strong></span> <span class='ocrx_word' id='word_1_868' title='bbox 1298 2741 1327 2767; x_wconf 79' lang='grc' dir='ltr'><strong>αἱ</strong></span> <span class='ocrx_word' id='word_1_869' title='bbox 1343 2743 1371 2768; x_wconf 78' lang='grc' dir='ltr'><strong>ὲν</strong></span> <span class='ocrx_word' id='word_1_870' title='bbox 1386 2741 1454 2777; x_wconf 84' lang='grc' dir='ltr'><strong>τῷδε</strong></span> <span class='ocrx_word' id='word_1_871' title='bbox 1469 2741 1507 2776; x_wconf 85' lang='grc' dir='ltr'><strong>τῷ</strong></span> <span class='ocrx_word' id='word_1_872' title='bbox 1534 2741 1584 2776; x_wconf 79' lang='grc' dir='ltr'><strong>βίῳ</strong></span> <span class='ocrx_word' id='word_1_873' title='bbox 1600 2742 1784 2776; x_wconf 76' lang='grc' dir='ltr'><strong>τρυφήσασαι,</strong></span> <span class='ocrx_word' id='word_1_874' title='bbox 1800 2740 1846 2767; x_wconf 74' lang='grc' dir='ltr'><strong>καὶ</strong></span> <span class='ocrx_word' id='word_1_875' title='bbox 1860 2747 1931 2765; x_wconf 77' lang='grc' dir='ltr'><strong>σπα-</strong></span> 
     </span>
    </p>
   </div>
   <div class='ocr_carea' id='block_1_109' title="bbox 1139 2785 1931 2823">
    <p class='ocr_par' dir='ltr' id='par_1_109' title="bbox 1139 2785 1931 2823">
     <span class='ocr_line' id='line_1_109' title="bbox 1139 2785 1931 2823; baseline -0.003 -10"><span class='ocrx_word' id='word_1_876' title='bbox 1139 2787 1292 2822; x_wconf 70' lang='grc' dir='ltr'><strong>ταλήσασαι</strong></span> <span class='ocrx_word' id='word_1_877' title='bbox 1304 2787 1350 2814; x_wconf 75' lang='grc' dir='ltr'><strong>καὶ</strong></span> <span class='ocrx_word' id='word_1_878' title='bbox 1365 2789 1399 2823; x_wconf 77' lang='grc' dir='ltr'><strong>τῇ</strong></span> <span class='ocrx_word' id='word_1_879' title='bbox 1414 2789 1489 2823; x_wconf 68' lang='grc' dir='ltr'><strong>φωνῇ</strong></span> <span class='ocrx_word' id='word_1_880' title='bbox 1505 2788 1559 2815; x_wconf 82' lang='grc' dir='ltr'><strong>τῶν</strong></span> <span class='ocrx_word' id='word_1_881' title='bbox 1571 2788 1697 2823; x_wconf 77' lang='grc' dir='ltr'><strong>ὀργάνων</strong></span> <span class='ocrx_word' id='word_1_882' title='bbox 1710 2788 1756 2814; x_wconf 71' lang='grc' dir='ltr'><strong>καὶ</strong></span> <span class='ocrx_word' id='word_1_883' title='bbox 1772 2785 1825 2814; x_wconf 79' lang='grc' dir='ltr'><strong>τῶν</strong></span> <span class='ocrx_word' id='word_1_884' title='bbox 1842 2786 1931 2822; x_wconf 55' lang='lat' dir='ltr'><strong>{nua-</strong></span> 
     </span>
    </p>
   </div>
   <div class='ocr_carea' id='block_1_110' title="bbox 339 2863 1086 2897">
    <p class='ocr_par' dir='ltr' id='par_1_110' title="bbox 339 2863 1086 2897">
     <span class='ocr_line' id='line_1_110' title="bbox 339 2863 1086 2897; baseline -0.003 -4"><span class='ocrx_word' id='word_1_885' title='bbox 339 2867 361 2884; x_wconf 70' lang='grc' dir='ltr'><strong>εί</strong></span> <span class='ocrx_word' id='word_1_886' title='bbox 376 2867 456 2893; x_wconf 79' lang='lat' dir='ltr'><strong>Rom.</strong></span> <span class='ocrx_word' id='word_1_887' title='bbox 474 2872 532 2897; x_wconf 80' lang='lat' dir='ltr'><strong>\‘lll,</strong></span> <span class='ocrx_word' id='word_1_888' title='bbox 544 2865 572 2891; x_wconf 79' lang='lat'><strong>5.</strong></span> <span class='ocrx_word' id='word_1_889' title='bbox 610 2864 632 2879; x_wconf 83' lang='lat'><strong>&quot;</strong></span> <span class='ocrx_word' id='word_1_890' title='bbox 647 2863 655 2889; x_wconf 98' lang='lat'>|</span> <span class='ocrx_word' id='word_1_891' title='bbox 674 2863 771 2891; x_wconf 86' lang='lat' dir='ltr'><strong>Thess.</strong></span> <span class='ocrx_word' id='word_1_892' title='bbox 783 2872 820 2891; x_wconf 72' lang='grc' dir='ltr'><strong>ιν.</strong></span> <span class='ocrx_word' id='word_1_893' title='bbox 840 2863 890 2895; x_wconf 73' lang='grc' dir='ltr'><strong>Ιός</strong></span> <span class='ocrx_word' id='word_1_894' title='bbox 916 2863 924 2890; x_wconf 95' lang='lat' dir='ltr'><strong>l</strong></span> <span class='ocrx_word' id='word_1_895' title='bbox 939 2863 1001 2891; x_wconf 89' lang='lat' dir='ltr'><strong>Cor.</strong></span> <span class='ocrx_word' id='word_1_896' title='bbox 1020 2872 1061 2897; x_wconf 74' lang='lat' dir='ltr'><strong>xv,</strong></span> <span class='ocrx_word' id='word_1_897' title='bbox 1077 2865 1086 2891; x_wconf 71' lang='grc' dir='ltr'>Ξ</span> 
     </span>
    </p>
   </div>
   <div class='ocr_carea' id='block_1_111' title="bbox 1135 2863 1362 2897">
    <p class='ocr_par' dir='ltr' id='par_1_111' title="bbox 1159 2863 1362 2896">
     <span class='ocr_line' id='line_1_111' title="bbox 1159 2863 1362 2896; baseline 0 -6"><span class='ocrx_word' id='word_1_898' title='bbox 1159 2865 1182 2880; x_wconf 72' lang='grc'><strong>’³</strong></span> <span class='ocrx_word' id='word_1_899' title='bbox 1197 2863 1268 2891; x_wconf 74' lang='lat' dir='ltr'><strong>Psal.</strong></span> <span class='ocrx_word' id='word_1_900' title='bbox 1287 2871 1322 2896; x_wconf 78' lang='lat' dir='ltr'><strong>cn,</strong></span> <span class='ocrx_word' id='word_1_901' title='bbox 1337 2864 1362 2891; x_wconf 89' lang='lat'><strong>8.</strong></span> 
     </span>
    </p>
   </div>
  </div>
