2044 3144
156 169 210 201 617

154 232 210 250 των
229 221 447 258 ὲπικροτήσασαι
464 220 561 256 ψυχαὶ,
577 220 594 256 ἢ
609 221 655 247 καὶ
677 222 705 247 ei
721 221 776 248 τῶν
793 222 950 256 ψευδοδιδα-

157 269 314 301 ﬂammai
324 270 357 304 τῇ
368 267 598 304 καλιρῤημοσύνῃ
611 267 660 294 καὶ
672 268 765 304 ἀπάτη
777 268 856 303 δίκην
866 269 954 304 ᾀσμα-

159 325 202 348 ῐος
224 318 283 348 τοῖς
303 316 395 350 λόγοις
419 313 571 350 χρώμεναι,
588 314 685 349 ἡδονὴν
702 315 828 349 ὀλεθρίαν
844 315 954 341 ἐποίουν

158 365 212 395 τοῖς
226 362 367 390 ἀκούουσι.
379 363 434 390 Καὶ
446 363 474 388 αι
490 362 544 388 τῶν
564 361 701 388 Ἰουδαίων
714 361 742 387 δὲ
757 361 852 396 ψυχαὶ,
870 361 954 395 θυγα-

157 411 234 444 τέρες
249 409 328 435 οὖσαι
342 408 388 434 τοῦ
405 407 540 443 ᾄσματος,
554 407 758 439 ταπεινοῦνται,
770 407 811 433 ὅτι
824 407 861 442 μὴ
873 408 954 443 ἤκου-

158 464 207 482 σαν
219 455 340 491 ᾀδόντων
353 453 408 480 τῶν
423 453 585 488 προφητῶν·
600 453 682 488 ᾋσω
698 453 736 487 δὴ
751 453 791 486 τῷ
801 453 954 488 ἠγαπημέ-

156 510 198 535 νῳ
212 498 296 535 ᾆσμα
315 500 370 527 τοῦ
382 499 540 534 ἀγαπητοῦ
551 506 557 512 ·
582 499 632 525 καὶ
653 499 705 525 ὅσα
729 498 854 526 τοιαῦτα.
868 496 955 526 Αὖται

155 549 184 575 δὲ
208 549 296 574 πᾶσαι
319 547 348 573 αἱ
373 545 575 581 προειρημέναι
599 545 654 571 τῶν
672 545 843 581 ἁμαρτωλῶν
858 545 954 580 ψυχαὶ,

155 595 228 629 τάχα
254 593 282 620 δὲ
306 594 334 619 αἱ
358 592 413 618 τῶν
438 592 554 618 δικαίων
579 591 714 626 ἔκθαμϐοι
743 591 875 625 γίνονται,
891 591 956 618 ὅταν

155 641 319 673 ἀπάγωνται
343 641 373 665 ὲν
397 640 430 673 τῇ
449 638 502 673 ὁδῷ
513 646 520 653 ·
537 637 584 664 καὶ
600 637 720 672 ὁρῶντες
737 636 793 663 ἀπὸ
806 636 852 662 τοῦ
869 636 955 671 ὕψους

156 686 305 720 ἐρχόμενον
320 685 367 711 ἐπὶ
380 684 434 710 τῶν
448 683 570 717 νεφελῶν
582 684 645 710 Υξὸν
656 682 702 709 τοῦ
717 681 863 716 ἀνθρώπου
877 683 905 708 ὲν
918 683 952 717 τῇ

155 732 220 766 δόξᾳ.
233 730 281 756 τοῦ
294 730 400 765 Πατρδς
415 728 510 756 αὐτοῦ.

682 165 915 197 FRAGMENTA
939 166 981 196 IN
1001 166 1287 198 ECCLESiASTEN.

966 224 987 251 Α
1003 221 1108 248 Iiciiset
1120 221 1146 248 in
1161 229 1228 248 voce
1244 221 1443 257 organi.675
1464 227 1492 250 et
1524 228 1621 251 cantus
1661 226 1798 254 suavitate

1005 267 1172 302 musicisquc
1187 268 1379 295 instrumentis
1411 269 1553 297 oblectata:
1576 271 1707 298 nimirum
1732 273 1795 300 fue-

968 322 981 332 ~
1005 313 1072 340 rint.
1093 314 1148 341 Aut
1162 315 1269 341 animas
1284 314 1405 350 intelligo
1433 316 1499 343 falsa
1521 318 1679 346 docentium
1711 319 1798 355 magi-

1007 364 1128 387 strorum
1148 368 1180 387 ac
1194 361 1368 388 mendacium
1394 362 1603 397 prophetarum.
1617 372 1677 399 qua:
1699 373 1798 392 sonora

1005 406 1175 434 volubilitate
1201 408 1345 435 verborum
1367 409 1445 443 quasi
1461 409 1533 437 dulci
1549 411 1666 444 quodam
1679 411 1798 446 cantico,

1005 449 1160 484 perniciosa
1175 451 1317 485 voluptate
1337 452 1589 487 occuparintaures
1620 459 1648 480 et
1676 454 1797 481 animam

994 491 1174 524 auditorum.
1186 497 1238 524 Sed
1253 502 1278 524 et
1295 497 1362 532 ipsa:
1377 497 1532 526 Judteorum
1545 500 1652 532 animm,
1668 509 1728 536 qua:
1737 502 1798 528 tilia:

1005 545 1070 569 sunt
1081 543 1181 570 cantici
1196 545 1392 578 prophetarum
1405 565 1412 578 ,
1429 545 1656 578 humiliabuntur,
1669 548 1798 582 quoniam

1004 595 1061 615 non
1075 589 1222 617 audierunt
1234 595 1365 618 canentes
1386 591 1538 626 prophetas
1554 598 1582 620 et
1598 599 1726 622 vocantes
1751 603 1798 622 eas

1005 636 1038 663 ad
1055 636 1134 663 Iidem
1146 636 1259 668 Christi.
1277 638 1457 665 sieuteeeinit
1477 638 1560 666 Isaias
1576 647 1582 665 :
1599 641 1717 667 Cantabo
1731 642 1799 669 dile-

1006 683 1186 726 ctocanlicum
1201 683 1289 709 dilecti
1303 685 1325 699 “
1337 692 1343 715 ;
1357 688 1384 710 et.
1395 692 1456 719 qum
1467 689 1532 712 sunt
1542 687 1650 720 generis
1664 687 1797 722 ejusdem.

1007 727 1111 755 Omnes
1139 729 1232 763 itaque
1257 729 1396 764 praedictae
1420 734 1594 764 peccatorum
1629 732 1726 759 anima:
1751 733 1799 759 sed

156 776 273 804 fortasse
285 782 312 804 et
323 778 459 811 justorum
477 776 574 803 animm
585 776 794 803 admirabuntur
812 780 841 803 et
859 775 1067 810 obstupescenl,
1081 777 1190 811 quando
1201 777 1370 804 adducentur
1385 777 1411 804 in
1423 778 1493 805 viam
1507 778 1614 814 judicii,
1630 778 1802 808 ct'vidcbunt

156 833 190 852 cx
219 824 275 851 alto
302 823 459 850 venientem
487 822 514 849 in
533 822 652 849 nubibus
668 821 766 848 Filium
780 821 900 848 hominis
913 822 941 848 in
956 820 1039 857 gloria
1055 821 1143 849 Patris
1154 822 1206 849 sui.

194 879 204 896 ι
228 869 356 904 Ἀνθήσει
375 868 406 894 τδ
424 867 593 902 ἀμύγδαλον,
611 867 658 894 καὶ
676 867 800 902 παχυνθῇ
816 867 834 901 ὴ
855 866 946 901 ἀκρὶς,

157 918 206 944 καὶ
221 914 405 950 διασκεδασθῇ
421 915 438 950 ἡ
460 915 615 948 κάππαρις.
635 923 644 939 ι
663 913 716 939 Τὸν
734 913 872 939 ἐνεστῶτα
896 911 952 947 βίον

158 963 261 995 νοήσας
275 962 288 987 ὁ
305 959 443 994 Σολομὼν,
459 959 530 985 κατὰ
556 959 586 985 τὸ
612 958 641 984 ὲν
655 959 711 989 τοῖς
733 957 856 993 ’ᾼσμασι
872 957 953 992 φερό-

158 1015 250 1043 μενον.
283 1006 311 1032 '0
331 1005 443 1040 χειμὼν
472 1004 621 1038 παρῆλθε.
646 1004 730 1039 Ἔαρ,
757 1004 814 1035 τοῖς
837 1003 953 1034 δικαίοις

157 1054 356 1089 ἁναλὰμποντα
374 1052 421 1078 τὸν
439 1050 573 1085 μέλλοντα
586 1049 645 1084 βίον
661 1048 725 1083 ἔφη,
741 1049 770 1075 ὲν
779 1045 820 1080 οἷς
841 1048 950 1081 ἐπάγει·

195 1198 205 1214 ‹
224 1187 266 1214 Τὰ
287 1186 356 1221 ἄνθη
374 1184 506 1220 ὤφθησαν
522 1184 552 1211 ἐν
572 1185 606 1219 τῇ
629 1184 664 1219 γῇ
686 1183 776 1219 ἡμῶν.
799 1193 808 1209 ι
826 1182 863 1209 Τὸ
886 1182 953 1209 αὐτὸ

156 1235 249 1261 τοίνυν
278 1232 420 1260 κάνταῦθα
450 1230 588 1266 ἐπορεύθη
616 1229 717 1265 ἑαυτῷ,
734 1229 782 1256 καί
804 1237 888 1264 φησιν
912 1229 953 1254 ὅτι

155 1280 219 1306 τότε
238 1278 326 1306 ἀνθεῖ
337 1277 372 1304 τὸ
382 1276 569 1312 ἀμύγδαλον,
582 1277 632 1303 καὶ
648 1275 814 1310 παχύνεται
825 1275 844 1309 ή
856 1274 952 1308 ἁκρὶς,

156 1326 206 1353 ’καὶ
220 1325 402 1360 διανοίῃ-παι
416 1325 436 1358 ἡ
455 1323 618 1357 κάππαριςσ
633 1321 706 1349 οὕτω
720 1322 776 1357 γὰρ
793 1322 886 1358 ἕτερος
899 1321 954 1348 τῶν

156 1370 335 1407 ἑρμηνευτῶν
351 1370 499 1396 ἐκδέδωκε.
512 1369 606 1396 Ταῦτα
622 1368 650 1395 δὲ
668 1368 776 1403 πέφυκε
795 1369 824 1394 ὲν
839 1367 878 1402 τῷ
893 1367 954 1403 ἐαρι

156 1417 311 1452 γίγνεσθαι.
338 1416 410 1452 Φησὶ
434 1413 483 1443 οὖν
507 1416 549 1442 ὅτι
566 1416 580 1442 ὁ
602 1414 708 1450 μέλλων
726 1414 783 1450 βίος
795 1414 857 1449 ἔαρι
870 1413 952 1441 ἔοικε.

159 1464 277 1495 Ἀλλωςο
297 1463 380 1489 diu)»
393 1463 418 1489 οἱ
431 1463 497 1498 περὶ
510 1461 598 1488 ταῦτα
607 1460 804 1496 ὴσχολημένοι,
823 1459 877 1494 πρὸ
888 1459 955 1487 πάν-

156 1518 213 1536 των
232 1509 350 1544 δένδρων
365 1507 457 1535 ἀνθεῖν
473 1508 505 1534 τὸ
527 1506 696 1542 ἀμύγδαλον,
717 1506 765 1532 καὶ
780 1505 852 1540 μετὰ
865 1505 955 1532 πάντα

156 1555 326 1582 ἀποϐάλλειν
343 1553 379 1581 τὰ
396 1553 494 1589 φύλλα,
516 1553 556 1584 ὡς
570 1551 642 1579 εἶναι
661 1552 762 1588 τρόπον
777 1553 838 1579 τινὰ
855 1552 886 1578 τὸ
903 1561 954 1587 φυ-

156 1601 205 1627 τὸν
221 1600 360 1631 ἀειθαλὲς.
382 1600 477 1634 Ἰσμεν
496 1599 526 1625 δὲ
542 1599 583 1625 ὅτι
605 1598 636 1623 τὸ
652 1597 809 1633 ἀμύγδαλον
828 1597 908 1624 τοῦτο
921 1598 954 1632 δὴ

157 1647 190 1674 τὸ
201 1647 305 1682 κάρυον
322 1645 453 1681 τριπλοῦν
470 1645 529 1670 ἐστι
539 1644 588 1679 τὴν
600 1643 695 1678 φύσιν·
709 1644 771 1670 τότε
786 1643 841 1678 γὰρ
856 1642 956 1675 ἔξωθεν

159 1694 219 1728 ἔχει
235 1693 330 1723 λέπος,
351 1692 399 1718 καὶ
414 1691 484 1726 μετὰ
501 1690 578 1717 τοῦτο
591 1690 622 1716 τδ
638 1689 823 1725 ὀστρακῶδες.
839 1687 898 1716 εἶτα
912 1689 956 1715 ἕν-

158 1739 239 1765 ᾱθεν
251 1739 282 1765 τὸ
299 1738 441 1772 ἐδώδιμον.
459 1736 586 1767 Τοιοῦτος
607 1736 635 1762 δὲ
650 1736 698 1762 καὶ
718 1737 733 1762 ὁ
749 1735 905 1770 ἄνθρωπος,
925 1737 957 1762 ὲκ

161 1785 299 1820 σώματος,
317 1784 366 1811 καὶ
375 1783 541 1818 πνεύματος,
562 1783 610 1809 καὶ
629 1782 718 1817 ψυχῆς
729 1781 875 1813 συνεστώς.
889 1781 956 1808 Τότε

160 1830 219 1863 οὖν,
242 1831 321 1865 φησὶ,
352 1829 479 1857 ἀνθοῦσιν
504 1830 528 1855 οἱ
542 1828 654 1861 δίκαιοι,
677 1827 756 1863 δίκην
780 1827 956 1862 ἀμυγδάλων,

160 1877 299 1912 ὁλοκληρσ.
325 1875 506 1906 διασώζοντες
526 1874 574 1901 καὶ
598 1873 699 1909 ψυχὴν,
725 1872 883 1908 καὶσῶμα,
911 1872 958 1899 καὶ

161 1922 284 1958 πνεῦμα.
311 1921 429 1953 Ἀλλως-
447 1921 479 1947 'H
493 1921 590 1956 ῥάϐδος
613 1919 720 1955 Ἀαρὼν
738 1920 753 1954 ἡ
769 1918 957 1954 βλαστήσασα,

160 1970 279 2006 καρυῖνη
297 1977 327 1995 τε
342 1966 388 2004 ἦν,
406 1969 454 1994 καὶ
468 1969 559 2003 κάρυά
576 1976 607 2001 γε
620 1967 712 2002 ἔφερε,
732 1967 782 2001 τῆς
796 1966 895 2001 ῥάϐδου
909 1966 957 1999 τῆς

160 2016 194 2042 ὲκ
209 2015 259 2050 τῆς
277 2015 355 2051 ῥίζης
371 2014 482 2046 Ἰεσσαὶ,
501 2013 549 2040 τοῦ
562 2012 665 2048 Κυρίου
680 2012 761 2047 ἡμῶν
782 2012 871 2046 Ὶησοῦ
889 2011 958 2046 Χρι-

161 2062 228 2088 στοῦ
243 2062 330 2088 τύπον
357 2061 505 2095 ἐπέχουσα.
525 2061 595 2094 Φησὶ
612 2058 658 2086 οὖν
672 2060 713 2085 ὅτι
733 2059 762 2085 ὲν
778 2058 816 2093 τῷ
834 2057 959 2092 μέλλοντι

161 2109 243 2135 αἰῶνι
259 2109 274 2134 ὁ
286 2108 424 2144 ἱερατικος
437 2107 513 2134 ἀνθεῖ
531 2106 622 2140 λόγος,
643 2105 678 2132 τὰ
693 2105 785 2132 τέλεια
808 2104 959 2140 μαθήματα

161 2156 220 2186 τοῖς
233 2155 321 2187 ἀξίοις
343 2153 521 2189 παραδιξούς.
547 2153 608 2179 Τῶν
632 2152 661 2178 δὲ
676 2151 790 2178 δικαίων
810 2153 839 2177 ἐν
854 2149 959 2181 τούτοις

160 2201 260 2234 ὄντων,
277 2200 356 2235 φησὶ,
374 2201 392 2233 ἠ
405 2199 492 2233 ἀκρὶς
505 2198 681 2232 παχύνεται·
698 2197 759 2224 ἀντὶ
781 2196 838 2228 τοῦ,
855 2195 960 2231 τροφὴν

161 2248 179 2282 ἡ
195 2247 307 2277 κὸλασις
320 2246 427 2280 δέχεται
439 2245 503 2275 τοὺς
512 2243 702 2280 ἁμαρτωλοὺς,
717 2243 765 2269 καὶ
779 2242 880 2277 τρόπον
896 2241 958 2268 τινὰ

161 2293 326 2328 παχύνεται.
347 2292 379 2317 'II
397 2291 449 2326 γὰρ
470 2291 551 2326 ἀκρὶς
564 2289 702 2320 κολάσεως
717 2289 796 2323 φέρει
813 2287 956 2322 σύμϐολον·

160 2339 206 2366 διὰ
214 2339 270 2374 γὰρ
281 2337 385 2372 ταύτης
395 2339 408 2364 ὁ
419 2337 485 2368 Θεὸς
499 2337 564 2367 τοὺς
578 2335 744 2370 Αἰγυπτιους
759 2334 883 2361 ἐκόλασε.
892 2333 959 2359 Τού-

161 2395 216 2412 των
243 2385 272 2411 δὲ
297 2384 386 2415 οὕτως
412 2383 621 2419 πραττομένων,
644 2382 692 2408 καὶ
714 2381 769 2408 τῶν
783 2381 832 2419 μὲν
845 2380 960 2406 δικαίων

162 2432 321 2459 ἀνθούντων
346 2431 419 2461 τότε.
443 2429 634 2465 κολαζομένων
653 2428 681 2455 δὲ
697 2428 751 2454 τῶν
777 2427 959 2462 ἁμαρτωλῶν,

162 2478 418 2505 διασκεδάννυται
442 2476 490 2503 καὶ
518 2473 725 2510 ἐξαφανίζετιιι
748 2473 767 2506 ή
794 2472 958 2505 κάππαρις,

163 2524 254 2560 πικρά
265 2533 306 2555 τις
325 2521 402 2555 οὖσα,
418 2523 465 2549 καὶ
483 2521 620 2556 σύμϐολον
638 2521 688 2555 τῆς
710 2519 844 2554 ὀδυνηρᾶς
870 2519 961 2553 ἀμαρ-

162 2571 234 2601 τίας.
263 2570 296 2595 Ἥ
324 2569 377 2603 γὰρ
398 2568 484 2594 κακία
505 2566 679 2601 ἀνύπαρκτος
696 2564 774 2596 οὖσα,
795 2564 840 2590 καὶ
857 2564 896 2595 εἰς
913 2564 961 2590 ἁν-

164 2616 304 2651 υπαρξίαν
319 2615 428 2645 πάντως
440 2614 569 2648 χωρήσει.

1041 867 1122 894 Vsus.
1138 867 1164 894 5.
1183 877 1191 892 ι
1211 867 1331 895 Florcbit
1353 868 1520 903 amygdalus,
1537 874 1563 897 ct
1580 871 1744 906 pinguescet
1759 871 1800 898 lo-

968 905 989 933 Β
1003 918 1092 946 custa,
1108 917 1135 940 et
1151 913 1327 948 dissipabitur
1350 914 1487 949 capparis.
1516 924 1526 941 ι
1553 915 1620 943 Cum
1637 922 1800 951 praesentem

1003 960 1088 987 vitam
1110 959 1203 986 animo
1223 959 1352 987 Salomon
1371 965 1521 994 reputaret,
1541 961 1567 988 in
1581 961 1694 989 Cantico
1711 963 1801 990 cauti-

1003 1013 1097 1032 corum
1109 1005 1209 1039 inquit,
1222 1005 1313 1032 Hiems
1327 1007 1477 1037 transiit",
1491 1006 1630 1034 tristitiam
1640 1008 1703 1035 vitae
1720 1009 1802 1043 hujus

1003 1059 1034 1078 ae
1059 1051 1252 1078 turbulentiam
1277 1051 1421 1079 denotans.
1448 1051 1502 1080 Ver
1525 1057 1617 1080 autem
1647 1054 1801 1083 nominavit

1003 1097 1123 1124 futuram
1153 1097 1180 1124 in
1201 1097 1345 1132 splendore
1368 1098 1460 1133 gloria:
1483 1099 1566 1126 vitam
1589 1099 1741 1134 justorum;
1756 1108 1801 1128 se-

1003 1144 1097 1178 quitur
1112 1143 1185 1171 enim
1208 1153 1214 1170 :

1042 1199 1052 1215 ι
1072 1189 1166 1217 Flores
1190 1189 1241 1217 visi
1264 1195 1329 1217 sunt
1348 1190 1375 1216 in
1397 1194 1469 1217 terra
1485 1195 1588 1218 nostra.
1611 1200 1619 1216 ι
1649 1191 1721 1218 Idem
1735 1198 1800 1226 ergo

1004 1243 1078 1262 nunc
1089 1235 1140 1263 sibi
1156 1235 1184 1262 in
1199 1240 1319 1262 mentem
1335 1235 1419 1264 venit.
1439 1240 1521 1270 atque
1536 1236 1590 1268 ait,
1605 1237 1677 1271 quod
1693 1241 1757 1264 tunc
1773 1237 1801 1263 in

1003 1282 1094 1317 gloria-
1114 1282 1324 1310 resurrectionis
1339 1282 1442 1316 ﬂor-sbi!
1459 1282 1628 1318 amygdatus,
1650 1283 1800 1318 pinguescat

1005 1328 1118 1360 locusta,
1138 1332 1162 1355 et
1181 1329 1318 1362 aperietur
1330 1328 1464 1363 capparis,
1486 1327 1524 1354 ita
1539 1327 1612 1354 enim
1627 1327 1697 1355 alius
1713 1328 1798 1355 inter-

1006 1381 1069 1409 pres
1092 1373 1187 1401 edidit.
1211 1373 1275 1401 Haec
1293 1378 1384 1400 autem
1410 1373 1504 1400 omnia
1539 1379 1605 1400 verc
1622 1373 1681 1408 ipso
1702 1381 1802 1408 prove-

1005 1419 1095 1446 niunt.
1111 1419 1157 1446 Ait
1177 1427 1244 1454 ergo
1274 1418 1394 1446 futuram
1410 1419 1492 1446 vitam
1513 1427 1598 1446 verno
1615 1420 1729 1454 tempori
1741 1427 1803 1447 esse

1005 1466 1125 1493 maxime
1152 1465 1375 1500 comparandam.
1411 1465 1515 1492 Aliter:
1544 1465 1596 1498 Qui
1629 1466 1803 1501 agriculturae

1006 1516 1071 1539 sunt
1092 1511 1183 1546 periti,
1206 1511 1284 1538 aiunt
1307 1515 1371 1538 ante
1394 1514 1507 1538 caeteras
1538 1510 1651 1538 arbores
1676 1509 1802 1537 eﬂlorerc

1008 1558 1189 1593 amygdalum,
1205 1561 1232 1584 et
1246 1557 1411 1592 reliquarum
1426 1561 1592 1591 postremam
1613 1556 1675 1584 folia
1689 1564 1801 1589 exuere,

1009 1609 1040 1632 ut
1060 1605 1184 1631 videatur
1201 1603 1402 1639 quodammodo
1423 1603 1566 1630 frondibus
1590 1603 1680 1631 virere
1702 1610 1802 1638 perpe-

1008 1651 1073 1678 tuis.
1090 1650 1202 1677 Scimus‘
1211 1653 1302 1676 autem
1315 1657 1401 1677 nuces
1414 1649 1569 1685 amygdalas
1587 1649 1708 1684 triplices
1724 1656 1803 1681 esse;

1006 1704 1071 1723 nam
1087 1696 1258 1723 extrinsecus
1272 1696 1387 1723 viridem
1399 1696 1529 1723 corticem
1543 1695 1639 1730 lignea:
1656 1699 1732 1722 testa:
1746 1695 1804 1721 sive

1008 1740 1110 1768 duriori
1138 1740 1274 1775 putamini
1298 1740 1456 1774 impositum
1479 1739 1593 1769 habent,
1620 1738 1662 1766 cui
1690 1739 1805 1766 nucleus

1009 1787 1080 1814 inest
1092 1794 1173 1821 quem
1189 1787 1365 1814 comedimus.
1385 1786 1458 1814 Talis
1476 1794 1542 1813 vero
1560 1791 1601 1813 est
1618 1785 1700 1812 homo
1712 1793 1727 1812 e
1742 1792 1803 1812 cor-

1008 1841 1086 1869 pore,
1110 1833 1201 1860 anima
1224 1833 1378 1868 spirituque
1406 1833 1585 1868 compositus.
1610 1832 1700 1867 Inquit
1717 1839 1803 1867 ergo:

1009 1880 1087 1907 Tunc
1106 1879 1243 1907 ﬂorebunt
1259 1880 1323 1914 justi
1347 1880 1418 1906 sicut
1445 1879 1589 1914 amygdali,
1620 1879 1751 1905 habentes
1777 1879 1804 1904 in

1009 1927 1103 1962 vigore
1118 1931 1145 1954 ct
1162 1926 1245 1962 gloria
1283 1933 1394 1960 corpus,
1410 1926 1529 1952 animam
1553 1929 1580 1951 et
1597 1925 1732 1959 spiritum.
1747 1924 1804 1950 Ali-

1009 1976 1069 1999 ter:
1087 1971 1170 2007 Virga
1180 1971 1284 2004 Aaron,
1304 1979 1385 2006 quam
1401 1970 1570 2006 germinasse
1585 1970 1732 2001 credimus,
1752 1976 1804 1995 nu-

1009 2023 1057 2043 cea
1070 2020 1138 2046 erat,
1153 2021 1273 2042 etnuces
1284 2015 1406 2050 protulit,
1419 2022 1516 2050 gerens
1531 2014 1638 2049 signum
1654 2012 1803 2040 Salvator-is

1011 2061 1118 2088 Domini
1134 2061 1197 2089 Jesu
1211 2061 1313 2088 Christi
1328 2061 1375 2095 qui
1391 2061 1464 2096 virga
1476 2060 1526 2087 I‘uit
1537 2067 1662 2095 egressus
1679 2065 1695 2085 e
1710 2059 1803 2085 radice

1010 2108 1096 2136 Iesse.
1113 2108 1159 2134 Ait
1173 2115 1237 2142 ergo
1249 2107 1321 2142 quod
1338 2107 1365 2134 in
1382 2106 1474 2134 futuro
1487 2106 1587 2134 saecqu
1604 2113 1681 2134 sacer
1696 2104 1805 2132 ﬂorcbit

1011 2160 1111 2183 sermo,
1122 2153 1211 2188 dignis
1222 2153 1392 2180 auditoribus
1404 2152 1551 2187 perfectam
1565 2152 1689 2179 tribuens
1702 2151 1806 2179 doctri-

1011 2206 1086 2226 nam.
1100 2198 1186 2225 Justis
1201 2198 1284 2234 igitur
1296 2199 1322 2225 in
1332 2199 1431 2234 gaudio
1443 2199 1612 2230 constitutis,
1636 2199 1735 2226 locusta
1747 2199 1807 2234 pin-

976 2253 996 2280 ι)
1011 2248 1124 2280 guescet.
1136 2244 1188 2271 hoc
1204 2249 1256 2278 est,
1271 2249 1446 2279 peccatorum
1462 2252 1575 2279 corpora
1587 2244 1750 2279 depascetur
1762 2245 1807 2270 in-

1010 2291 1115 2322 fernus,
1147 2291 1233 2318 itaut
1249 2291 1427 2327 pinguescere
1446 2290 1578 2318 videatur.
1599 2290 1716 2317 Locusta
1731 2290 1805 2316 enim

1011 2337 1063 2364 boc
1075 2337 1135 2364 loco
1149 2337 1313 2372 supplicium
1331 2338 1428 2373 ﬁgurat
1439 2341 1467 2364 et
1479 2343 1599 2372 pmnam,
1615 2336 1679 2371 quia
1694 2335 1808 2362 locustis

1011 2383 1084 2411 Deus
1097 2383 1239 2419 [Egyptios
1254 2384 1406 2419 castigavit.
1421 2384 1450 2410 In
1466 2383 1519 2411 hoc
1534 2382 1625 2417 itaque
1637 2386 1709 2409 statu
1724 2382 1807 2408 rebus

1011 2429 1178 2460 constitutis,
1195 2429 1365 2460 ﬂorentibus,
1382 2429 1502 2463 inquam,
1515 2428 1607 2463 justis,
1618 2427 1808 2462 peccatoribus

1013 2479 1104 2501 autent
1136 2475 1243 2502 traditis
1257 2475 1290 2502 ad
1306 2480 1439 2502 internum
1466 2474 1640 2509 supplicium,
1664 2473 1809 2508 dissipatur

1015 2520 1137 2554 capparis
1148 2525 1172 2547 ct
1187 2521 1317 2547 cuatzesril
1330 2529 1339 2548 :
1352 2529 1412 2556 qua:
1425 2528 1486 2548 cum
1500 2527 1652 2547 amarorem
1664 2519 1808 2555 quemdam

1016 2569 1043 2592 et
1058 2565 1220 2592 salsedincm
1235 2566 1342 2598 habeat,
1365 2566 1530 2593 anxietatem
1550 2566 1654 2601 ‘ﬁgurat
1677 2565 1820 2592 sollicitu-‘

1017 2611 1164 2646 dinemque
1183 2613 1298 2647 peccati.
1323 2612 1413 2647 Ipsum
1435 2620 1500 2639 vero
1525 2616 1678 2647 peceatum,
1695 2611 1810 2646 privatio

164 2662 289 2697 quadam
303 2668 365 2688 cum
379 2660 424 2693 sit,
449 2667 538 2694 neque
559 2666 654 2686 revera
677 2658 819 2689 subsistat,
836 2657 864 2684 in
881 2657 997 2684 nihilum
1019 2659 1169 2694 redigetur,
1185 2664 1265 2694 atque
1278 2659 1406 2691 cessabit,
1429 2667 1491 2686 cum
1521 2659 1646 2686 homines
1657 2662 1752 2686 exacto
1765 2657 1820 2698 ju-j

165 2711 248 2742 dicio.
266 2711 385 2745 amplius
405 2710 432 2736 in
448 2709 501 2737 hoc
513 2707 617 2736 mundo
635 2707 774 2743 peccaturi
794 2714 849 2733 non
864 2706 929 2733 sint.
945 2706 955 2736 )

205 2769 214 2784 ι
235 2757 298 2785 Ὀτι
319 2757 455 2793 ἐπορεύθη
471 2757 486 2783 ὁ
499 2755 644 2791 ἄνθρωπος
661 2756 701 2787 εἰς
714 2754 788 2782 οἷκον
802 2755 900 2786 αἰῶνος
914 2754 964 2780 αὺ-

167 2805 227 2833 τοῦ.
245 2814 255 2830 )
273 2804 368 2838 Οῐμοι,
384 2804 468 2839 φησιν
484 2804 498 2829 ὁ
513 2802 607 2834 Δαυῖδ,
631 2802 676 2829 ὅτι
706 2803 725 2836 ἠ
750 2801 892 2836 παροικιά
906 2809 965 2835 μου

205 2884 228 2899 ’⁸
242 2889 296 2916 Isa.
314 2897 341 2920 ν,
366 2889 393 2915 1.
430 2889 452 2904 ’³
467 2887 547 2914 Cant.
565 2896 595 2920 ιι,
616 2887 657 2914 II.

291 2935 427 2965 Parnm"
447 2935 504 2964 Gn.
521 2934 623 2963 XCIII.

1053 2753 1137 2788 676
1152 2762 1161 2778 ι
1184 2752 1317 2786 Quoniam
1342 2752 1481 2788 profectus
1495 2755 1538 2780 est
1557 2753 1640 2780 homo
1656 2751 1682 2778 in
1699 2751 1810 2779 domum

1021 2800 1181 2828 teteruitatis
1193 2808 1259 2828 suae.
1279 2810 1288 2826 ι
1306 2800 1395 2835 Inquit
1413 2800 1545 2835 propheta
1561 2799 1643 2827 David
1657 2806 1664 2824 :
1684 2798 1733 2825 "ei
1748 2797 1811 2824 mihi

1612 2927 1649 2957 20
