  <div class='ocr_page' id='page_1' title='image "/cluster/home/n/w/nwhite01/storage/ocr_20150623/93/njp.32101077772836/349.png"; bbox 0 0 2044 3144; ppageno 0'>
   <div class='ocr_carea' id='block_1_1' title="bbox 236 166 288 200">
    <p class='ocr_par' dir='ltr' id='par_1_1' title="bbox 236 166 288 200">
     <span class='ocr_line' id='line_1_1' title="bbox 236 166 288 200; baseline 0.019 -2"><span class='ocrx_word' id='word_1_1' title='bbox 236 166 288 200; x_wconf 74' lang='grc' dir='ltr'>ωθ</span> 
     </span>
    </p>
   </div>
   <div class='ocr_carea' id='block_1_2' title="bbox 783 161 1330 194">
    <p class='ocr_par' dir='ltr' id='par_1_2' title="bbox 783 161 1330 194">
     <span class='ocr_line' id='line_1_2' title="bbox 783 161 1330 194; baseline -0.004 -2"><span class='ocrx_word' id='word_1_2' title='bbox 783 162 1044 193; x_wconf 79' lang='lat' dir='ltr'><strong>OLYMPIODORI</strong></span> <span class='ocrx_word' id='word_1_3' title='bbox 1062 161 1330 194; x_wconf 80' lang='lat' dir='ltr'><strong>ALEXANDRINI</strong></span> 
     </span>
    </p>
   </div>
   <div class='ocr_carea' id='block_1_3' title="bbox 1829 159 1881 191">
    <p class='ocr_par' dir='ltr' id='par_1_3' title="bbox 1829 159 1881 191">
     <span class='ocr_line' id='line_1_3' title="bbox 1829 159 1881 191; baseline 0.019 -1"><span class='ocrx_word' id='word_1_4' title='bbox 1829 159 1881 191; x_wconf 76' lang='lat'><strong>6‘20</strong></span> 
     </span>
    </p>
   </div>
   <div class='ocr_carea' id='block_1_4' title="bbox 236 219 1043 259">
    <p class='ocr_par' dir='ltr' id='par_1_4' title="bbox 236 219 1032 259">
     <span class='ocr_line' id='line_1_4' title="bbox 236 219 1032 259; baseline 0 -10"><span class='ocrx_word' id='word_1_5' title='bbox 236 222 300 259; x_wconf 77' lang='lat' dir='ltr'><strong>quia</strong></span> <span class='ocrx_word' id='word_1_6' title='bbox 323 220 455 248; x_wconf 63' lang='lat' dir='ltr'><strong>incolam;</strong></span> <span class='ocrx_word' id='word_1_7' title='bbox 479 228 552 247; x_wconf 76' lang='lat' dir='ltr'><strong>meus</strong></span> <span class='ocrx_word' id='word_1_8' title='bbox 573 219 745 256; x_wconf 68' lang='lat' dir='ltr'><strong>prolongata;</strong></span> <span class='ocrx_word' id='word_1_9' title='bbox 765 226 803 248; x_wconf 83' lang='lat' dir='ltr'><strong>est</strong></span> <span class='ocrx_word' id='word_1_10' title='bbox 812 222 846 254; x_wconf 78' lang='lat'><strong>&quot;,</strong></span> <span class='ocrx_word' id='word_1_11' title='bbox 866 230 920 249; x_wconf 91' lang='lat' dir='ltr'><strong>non</strong></span> <span class='ocrx_word' id='word_1_12' title='bbox 933 229 1032 257; x_wconf 82' lang='lat' dir='ltr'><strong>perpe-</strong></span> 
     </span>
    </p>
   </div>
   <div class='ocr_carea' id='block_1_5' title="bbox 1095 219 1882 259">
    <p class='ocr_par' dir='ltr' id='par_1_5' title="bbox 1095 219 1882 258">
     <span class='ocr_line' id='line_1_5' title="bbox 1095 219 1882 258; baseline -0.001 -11"><span class='ocrx_word' id='word_1_13' title='bbox 1095 223 1267 257; x_wconf 72' lang='grc' dir='ltr'>τμακρύνθη,</span> <span class='ocrx_word' id='word_1_14' title='bbox 1276 223 1327 249; x_wconf 81' lang='grc' dir='ltr'>οὐκ</span> <span class='ocrx_word' id='word_1_15' title='bbox 1334 220 1523 258; x_wconf 70' lang='grc' dir='ltr'>οἴκησιν,ἁλλὰ</span> <span class='ocrx_word' id='word_1_16' title='bbox 1533 219 1679 255; x_wconf 76' lang='grc' dir='ltr'>παροικίαν</span> <span class='ocrx_word' id='word_1_17' title='bbox 1690 219 1735 246; x_wconf 84' lang='grc' dir='ltr'>τὸν</span> <span class='ocrx_word' id='word_1_18' title='bbox 1744 219 1882 246; x_wconf 74' lang='grc' dir='ltr'>ἐνεστῶτα</span> 
     </span>
    </p>
   </div>
   <div class='ocr_carea' id='block_1_6' title="bbox 237 265 1032 301">
    <p class='ocr_par' dir='ltr' id='par_1_6' title="bbox 237 265 1032 301">
     <span class='ocr_line' id='line_1_6' title="bbox 237 265 1032 301; baseline 0 -7"><span class='ocrx_word' id='word_1_19' title='bbox 237 272 312 294; x_wconf 86' lang='lat' dir='ltr'><strong>tuam</strong></span> <span class='ocrx_word' id='word_1_20' title='bbox 333 265 540 296; x_wconf 69' lang='lat' dir='ltr'><strong>habitationem,</strong></span> <span class='ocrx_word' id='word_1_21' title='bbox 552 265 600 292; x_wconf 81' lang='lat' dir='ltr'><strong>sed</strong></span> <span class='ocrx_word' id='word_1_22' title='bbox 619 265 769 294; x_wconf 84' lang='lat' dir='ltr'><strong>incolatum</strong></span> <span class='ocrx_word' id='word_1_23' title='bbox 792 275 893 294; x_wconf 88' lang='lat' dir='ltr'><strong>vocans</strong></span> <span class='ocrx_word' id='word_1_24' title='bbox 911 274 1032 301; x_wconf 51' lang='lat' dir='ltr'><strong>praesen-</strong></span> 
     </span>
    </p>
   </div>
   <div class='ocr_carea' id='block_1_7' title="bbox 237 311 1034 348">
    <p class='ocr_par' dir='ltr' id='par_1_7' title="bbox 237 311 1034 348">
     <span class='ocr_line' id='line_1_7' title="bbox 237 311 1034 348; baseline 0.001 -8"><span class='ocrx_word' id='word_1_25' title='bbox 237 317 293 340; x_wconf 82' lang='lat' dir='ltr'><strong>tem</strong></span> <span class='ocrx_word' id='word_1_26' title='bbox 308 313 400 340; x_wconf 86' lang='lat' dir='ltr'><strong>vitam.</strong></span> <span class='ocrx_word' id='word_1_27' title='bbox 417 311 495 338; x_wconf 85' lang='lat' dir='ltr'><strong>Tune</strong></span> <span class='ocrx_word' id='word_1_28' title='bbox 511 318 576 345; x_wconf 80' lang='lat' dir='ltr'><strong>ergo</strong></span> <span class='ocrx_word' id='word_1_29' title='bbox 593 311 704 347; x_wconf 87' lang='lat' dir='ltr'><strong>(inquit)</strong></span> <span class='ocrx_word' id='word_1_30' title='bbox 720 313 905 348; x_wconf 78' lang='lat' dir='ltr'><strong>eommigrans</strong></span> <span class='ocrx_word' id='word_1_31' title='bbox 921 313 1003 340; x_wconf 91' lang='lat' dir='ltr'><strong>homo</strong></span> <span class='ocrx_word' id='word_1_32' title='bbox 1019 321 1034 341; x_wconf 87' lang='lat' dir='ltr'><strong>e</strong></span> 
     </span>
    </p>
   </div>
   <div class='ocr_carea' id='block_1_8' title="bbox 237 357 1035 392">
    <p class='ocr_par' dir='ltr' id='par_1_8' title="bbox 237 357 1035 392">
     <span class='ocr_line' id='line_1_8' title="bbox 237 357 1035 392; baseline 0.003 -8"><span class='ocrx_word' id='word_1_33' title='bbox 237 357 364 392; x_wconf 74' lang='lat' dir='ltr'><strong>pncsenti</strong></span> <span class='ocrx_word' id='word_1_34' title='bbox 387 357 518 389; x_wconf 82' lang='lat' dir='ltr'><strong>incolatu,</strong></span> <span class='ocrx_word' id='word_1_35' title='bbox 535 357 562 384; x_wconf 92' lang='lat' dir='ltr'><strong>in</strong></span> <span class='ocrx_word' id='word_1_36' title='bbox 586 361 717 385; x_wconf 77' lang='lat' dir='ltr'><strong>aeternam</strong></span> <span class='ocrx_word' id='word_1_37' title='bbox 733 366 811 386; x_wconf 86' lang='lat' dir='ltr'><strong>suam</strong></span> <span class='ocrx_word' id='word_1_38' title='bbox 827 359 939 386; x_wconf 90' lang='lat' dir='ltr'><strong>domum</strong></span> <span class='ocrx_word' id='word_1_39' title='bbox 953 379 960 388; x_wconf 94' lang='lat'><strong>.</strong></span> <span class='ocrx_word' id='word_1_40' title='bbox 982 359 1035 387; x_wconf 90' lang='lat' dir='ltr'><strong>hoc</strong></span> 
     </span>
    </p>
   </div>
   <div class='ocr_carea' id='block_1_9' title="bbox 237 402 752 438">
    <p class='ocr_par' dir='ltr' id='par_1_9' title="bbox 237 402 752 438">
     <span class='ocr_line' id='line_1_9' title="bbox 237 402 752 438; baseline 0.004 -9"><span class='ocrx_word' id='word_1_41' title='bbox 237 407 289 435; x_wconf 85' lang='lat' dir='ltr'><strong>est,</strong></span> <span class='ocrx_word' id='word_1_42' title='bbox 305 403 426 429; x_wconf 79' lang='lat' dir='ltr'><strong>futurum</strong></span> <span class='ocrx_word' id='word_1_43' title='bbox 440 402 580 436; x_wconf 58' lang='lat' dir='ltr'><strong>saeculum,</strong></span> <span class='ocrx_word' id='word_1_44' title='bbox 597 404 752 438; x_wconf 83' lang='lat' dir='ltr'><strong>perveniet.</strong></span> 
     </span>
    </p>
   </div>
   <div class='ocr_carea' id='block_1_10' title="bbox 275 447 1033 485">
    <p class='ocr_par' dir='ltr' id='par_1_10' title="bbox 275 447 1033 485">
     <span class='ocr_line' id='line_1_10' title="bbox 275 447 1033 485; baseline 0.008 -12"><span class='ocrx_word' id='word_1_45' title='bbox 275 456 284 472; x_wconf 71' lang='grc' dir='ltr'><strong>ε</strong></span> <span class='ocrx_word' id='word_1_46' title='bbox 305 447 337 474; x_wconf 85' lang='lat' dir='ltr'><strong>Et</strong></span> <span class='ocrx_word' id='word_1_47' title='bbox 356 447 553 475; x_wconf 86' lang='lat' dir='ltr'><strong>circumierunt</strong></span> <span class='ocrx_word' id='word_1_48' title='bbox 569 448 596 475; x_wconf 93' lang='lat' dir='ltr'><strong>in</strong></span> <span class='ocrx_word' id='word_1_49' title='bbox 617 448 677 476; x_wconf 84' lang='lat' dir='ltr'><strong>foro</strong></span> <span class='ocrx_word' id='word_1_50' title='bbox 697 449 870 485; x_wconf 79' lang='lat' dir='ltr'><strong>plangentcs.</strong></span> <span class='ocrx_word' id='word_1_51' title='bbox 889 459 898 475; x_wconf 76' lang='grc' dir='ltr'><strong>ι</strong></span> <span class='ocrx_word' id='word_1_52' title='bbox 913 450 992 478; x_wconf 86' lang='lat' dir='ltr'><strong>Thuc</strong></span> <span class='ocrx_word' id='word_1_53' title='bbox 1005 456 1033 479; x_wconf 89' lang='lat' dir='ltr'><strong>et</strong></span> 
     </span>
    </p>
   </div>
   <div class='ocr_carea' id='block_1_11' title="bbox 238 492 1035 530">
    <p class='ocr_par' dir='ltr' id='par_1_11' title="bbox 238 492 1035 530">
     <span class='ocr_line' id='line_1_11' title="bbox 238 492 1035 530; baseline 0.006 -11"><span class='ocrx_word' id='word_1_54' title='bbox 238 492 284 528; x_wconf 87' lang='lat' dir='ltr'><strong>qui</strong></span> <span class='ocrx_word' id='word_1_55' title='bbox 297 492 409 520; x_wconf 79' lang='lat' dir='ltr'><strong>fuerunt</strong></span> <span class='ocrx_word' id='word_1_56' title='bbox 425 493 452 520; x_wconf 90' lang='lat' dir='ltr'><strong>in</strong></span> <span class='ocrx_word' id='word_1_57' title='bbox 475 493 526 521; x_wconf 91' lang='lat' dir='ltr'><strong>hac</strong></span> <span class='ocrx_word' id='word_1_58' title='bbox 541 494 595 521; x_wconf 82' lang='lat' dir='ltr'><strong>vita</strong></span> <span class='ocrx_word' id='word_1_59' title='bbox 609 499 779 529; x_wconf 79' lang='lat' dir='ltr'><strong>peccatores.</strong></span> <span class='ocrx_word' id='word_1_60' title='bbox 801 495 949 530; x_wconf 88' lang='lat' dir='ltr'><strong>plorabunt</strong></span> <span class='ocrx_word' id='word_1_61' title='bbox 962 500 990 523; x_wconf 90' lang='lat' dir='ltr'><strong>et</strong></span> <span class='ocrx_word' id='word_1_62' title='bbox 1005 503 1035 524; x_wconf 89' lang='lat' dir='ltr'><strong>se</strong></span> 
     </span>
    </p>
   </div>
   <div class='ocr_carea' id='block_1_12' title="bbox 238 539 1036 576">
    <p class='ocr_par' dir='ltr' id='par_1_12' title="bbox 238 539 1036 576">
     <span class='ocr_line' id='line_1_12' title="bbox 238 539 1036 576; baseline 0.004 -10"><span class='ocrx_word' id='word_1_63' title='bbox 238 540 404 575; x_wconf 88' lang='lat' dir='ltr'><strong>percutient.</strong></span> <span class='ocrx_word' id='word_1_64' title='bbox 423 539 522 567; x_wconf 87' lang='lat' dir='ltr'><strong>Forum</strong></span> <span class='ocrx_word' id='word_1_65' title='bbox 545 547 611 567; x_wconf 90' lang='lat' dir='ltr'><strong>vero</strong></span> <span class='ocrx_word' id='word_1_66' title='bbox 630 540 687 567; x_wconf 87' lang='lat' dir='ltr'><strong>sive</strong></span> <span class='ocrx_word' id='word_1_67' title='bbox 705 540 805 575; x_wconf 80' lang='lat' dir='ltr'><strong>platea,</strong></span> <span class='ocrx_word' id='word_1_68' title='bbox 830 549 950 576; x_wconf 69' lang='lat' dir='ltr'><strong>praesens</strong></span> <span class='ocrx_word' id='word_1_69' title='bbox 966 542 1036 569; x_wconf 90' lang='lat' dir='ltr'><strong>dici-</strong></span> 
     </span>
    </p>
   </div>
   <div class='ocr_carea' id='block_1_13' title="bbox 240 585 1037 622">
    <p class='ocr_par' dir='ltr' id='par_1_13' title="bbox 240 585 1037 622">
     <span class='ocr_line' id='line_1_13' title="bbox 240 585 1037 622; baseline 0.005 -11"><span class='ocrx_word' id='word_1_70' title='bbox 240 590 284 612; x_wconf 87' lang='lat' dir='ltr'><strong>tur</strong></span> <span class='ocrx_word' id='word_1_71' title='bbox 311 585 375 617; x_wconf 88' lang='lat' dir='ltr'><strong>vita,</strong></span> <span class='ocrx_word' id='word_1_72' title='bbox 402 589 513 620; x_wconf 85' lang='lat' dir='ltr'><strong>propter</strong></span> <span class='ocrx_word' id='word_1_73' title='bbox 536 586 648 614; x_wconf 87' lang='lat' dir='ltr'><strong>crebras</strong></span> <span class='ocrx_word' id='word_1_74' title='bbox 671 585 699 613; x_wconf 90' lang='lat' dir='ltr'><strong>in</strong></span> <span class='ocrx_word' id='word_1_75' title='bbox 723 594 755 613; x_wconf 88' lang='lat' dir='ltr'><strong>ea</strong></span> <span class='ocrx_word' id='word_1_76' title='bbox 779 587 982 622; x_wconf 81' lang='lat' dir='ltr'><strong>negotiationes</strong></span> <span class='ocrx_word' id='word_1_77' title='bbox 1008 592 1037 615; x_wconf 85' lang='lat' dir='ltr'><strong>et</strong></span> 
     </span>
    </p>
   </div>
   <div class='ocr_carea' id='block_1_14' title="bbox 239 631 415 658">
    <p class='ocr_par' dir='ltr' id='par_1_14' title="bbox 239 631 415 658">
     <span class='ocr_line' id='line_1_14' title="bbox 239 631 415 658; baseline 0.006 -1"><span class='ocrx_word' id='word_1_78' title='bbox 239 631 415 658; x_wconf 86' lang='lat' dir='ltr'><strong>commercia.</strong></span> 
     </span>
    </p>
   </div>
   <div class='ocr_carea' id='block_1_15' title="bbox 277 676 1038 712">
    <p class='ocr_par' dir='ltr' id='par_1_15' title="bbox 277 676 1038 712">
     <span class='ocr_line' id='line_1_15' title="bbox 277 676 1038 712; baseline 0.008 -10"><span class='ocrx_word' id='word_1_79' title='bbox 277 676 358 705; x_wconf 74' lang='lat' dir='ltr'><strong>Vens.</strong></span> <span class='ocrx_word' id='word_1_80' title='bbox 382 677 408 704; x_wconf 89' lang='lat'><strong>6.</strong></span> <span class='ocrx_word' id='word_1_81' title='bbox 435 685 444 702; x_wconf 78' lang='grc' dir='ltr'><strong>ι</strong></span> <span class='ocrx_word' id='word_1_82' title='bbox 464 676 614 712; x_wconf 83' lang='lat' dir='ltr'><strong>Quousque</strong></span> <span class='ocrx_word' id='word_1_83' title='bbox 639 685 695 705; x_wconf 90' lang='lat' dir='ltr'><strong>non</strong></span> <span class='ocrx_word' id='word_1_84' title='bbox 724 682 863 705; x_wconf 84' lang='lat' dir='ltr'><strong>evertatur</strong></span> <span class='ocrx_word' id='word_1_85' title='bbox 901 678 1038 708; x_wconf 79' lang='lat' dir='ltr'><strong>funiculus</strong></span> 
     </span>
    </p>
   </div>
   <div class='ocr_carea' id='block_1_16' title="bbox 240 722 1038 761">
    <p class='ocr_par' dir='ltr' id='par_1_16' title="bbox 240 722 1038 761">
     <span class='ocr_line' id='line_1_16' title="bbox 240 722 1038 761; baseline 0.006 -12"><span class='ocrx_word' id='word_1_86' title='bbox 240 723 354 758; x_wconf 78' lang='lat' dir='ltr'><strong>argenti.</strong></span> <span class='ocrx_word' id='word_1_87' title='bbox 375 732 384 748; x_wconf 76' lang='grc' dir='ltr'><strong>ι</strong></span> <span class='ocrx_word' id='word_1_88' title='bbox 406 722 564 750; x_wconf 84' lang='lat' dir='ltr'><strong>Orationem</strong></span> <span class='ocrx_word' id='word_1_89' title='bbox 576 724 712 751; x_wconf 83' lang='lat' dir='ltr'><strong>convertit</strong></span> <span class='ocrx_word' id='word_1_90' title='bbox 726 725 761 751; x_wconf 87' lang='lat' dir='ltr'><strong>ad</strong></span> <span class='ocrx_word' id='word_1_91' title='bbox 777 724 941 757; x_wconf 83' lang='lat' dir='ltr'><strong>auditorem,</strong></span> <span class='ocrx_word' id='word_1_92' title='bbox 957 733 1038 761; x_wconf 86' lang='lat' dir='ltr'><strong>quem</strong></span> 
     </span>
    </p>
   </div>
   <div class='ocr_carea' id='block_1_17' title="bbox 241 768 1040 804">
    <p class='ocr_par' dir='ltr' id='par_1_17' title="bbox 241 768 1040 804">
     <span class='ocr_line' id='line_1_17' title="bbox 241 768 1040 804; baseline 0.006 -9"><span class='ocrx_word' id='word_1_93' title='bbox 241 768 442 796; x_wconf 81' lang='lat' dir='ltr'><strong>admonendum</strong></span> <span class='ocrx_word' id='word_1_94' title='bbox 457 769 596 803; x_wconf 84' lang='lat' dir='ltr'><strong>suscepit,</strong></span> <span class='ocrx_word' id='word_1_95' title='bbox 612 769 720 804; x_wconf 85' lang='lat' dir='ltr'><strong>aitque:</strong></span> <span class='ocrx_word' id='word_1_96' title='bbox 734 769 814 803; x_wconf 89' lang='lat' dir='ltr'><strong>Cura,</strong></span> <span class='ocrx_word' id='word_1_97' title='bbox 827 770 1040 804; x_wconf 27' lang='lat' dir='ltr'><strong>adolescensput</strong></span> 
     </span>
    </p>
   </div>
   <div class='ocr_carea' id='block_1_18' title="bbox 240 814 1040 849">
    <p class='ocr_par' dir='ltr' id='par_1_18' title="bbox 240 814 1040 849">
     <span class='ocr_line' id='line_1_18' title="bbox 240 814 1040 849; baseline 0.006 -9"><span class='ocrx_word' id='word_1_98' title='bbox 240 814 294 849; x_wconf 89' lang='lat' dir='ltr'><strong>piis</strong></span> <span class='ocrx_word' id='word_1_99' title='bbox 311 814 441 849; x_wconf 80' lang='lat' dir='ltr'><strong>operibus</strong></span> <span class='ocrx_word' id='word_1_100' title='bbox 462 819 563 849; x_wconf 88' lang='lat' dir='ltr'><strong>tuaque</strong></span> <span class='ocrx_word' id='word_1_101' title='bbox 585 815 722 849; x_wconf 83' lang='lat' dir='ltr'><strong>probitate</strong></span> <span class='ocrx_word' id='word_1_102' title='bbox 743 822 871 843; x_wconf 89' lang='lat' dir='ltr'><strong>severum</strong></span> <span class='ocrx_word' id='word_1_103' title='bbox 892 821 1040 845; x_wconf 86' lang='lat' dir='ltr'><strong>venturum</strong></span> 
     </span>
    </p>
   </div>
   <div class='ocr_carea' id='block_1_19' title="bbox 239 859 1039 896">
    <p class='ocr_par' dir='ltr' id='par_1_19' title="bbox 239 859 1039 896">
     <span class='ocr_line' id='line_1_19' title="bbox 239 859 1039 896; baseline 0.005 -10"><span class='ocrx_word' id='word_1_104' title='bbox 239 859 362 895; x_wconf 88' lang='lat' dir='ltr'><strong>judicem</strong></span> <span class='ocrx_word' id='word_1_105' title='bbox 385 860 433 887; x_wconf 84' lang='lat' dir='ltr'><strong>tibi</strong></span> <span class='ocrx_word' id='word_1_106' title='bbox 457 860 618 894; x_wconf 80' lang='lat' dir='ltr'><strong>placabilem</strong></span> <span class='ocrx_word' id='word_1_107' title='bbox 642 861 741 888; x_wconf 84' lang='lat' dir='ltr'><strong>reddas</strong></span> <span class='ocrx_word' id='word_1_108' title='bbox 763 864 846 896; x_wconf 85' lang='lat' dir='ltr'><strong>atque</strong></span> <span class='ocrx_word' id='word_1_109' title='bbox 872 862 1039 896; x_wconf 87' lang='lat' dir='ltr'><strong>dcmulceas,</strong></span> 
     </span>
    </p>
   </div>
   <div class='ocr_carea' id='block_1_20' title="bbox 1088 267 1881 306">
    <p class='ocr_par' dir='ltr' id='par_1_20' title="bbox 1088 267 1881 306">
     <span class='ocr_line' id='line_1_20' title="bbox 1088 267 1881 306; baseline -0.004 -10"><span class='ocrx_word' id='word_1_110' title='bbox 1088 271 1146 306; x_wconf 84' lang='grc' dir='ltr'>βίον</span> <span class='ocrx_word' id='word_1_111' title='bbox 1160 271 1258 305; x_wconf 77' lang='grc' dir='ltr'>λέγων.</span> <span class='ocrx_word' id='word_1_112' title='bbox 1278 269 1345 296; x_wconf 84' lang='grc' dir='ltr'>Τότε</span> <span class='ocrx_word' id='word_1_113' title='bbox 1359 267 1416 301; x_wconf 76' lang='grc' dir='ltr'>οὖν,</span> <span class='ocrx_word' id='word_1_114' title='bbox 1427 268 1506 304; x_wconf 75' lang='grc' dir='ltr'>φησὶ,</span> <span class='ocrx_word' id='word_1_115' title='bbox 1527 267 1665 304; x_wconf 78' lang='grc' dir='ltr'>μεταστὰς</span> <span class='ocrx_word' id='word_1_116' title='bbox 1680 267 1713 294; x_wconf 83' lang='grc' dir='ltr'>ὲκ</span> <span class='ocrx_word' id='word_1_117' title='bbox 1725 268 1808 302; x_wconf 73' lang='grc' dir='ltr'>τῆσδε</span> <span class='ocrx_word' id='word_1_118' title='bbox 1832 268 1881 303; x_wconf 84' lang='grc' dir='ltr'>τῆς</span> 
     </span>
    </p>
   </div>
   <div class='ocr_carea' id='block_1_21' title="bbox 1088 310 1881 350">
    <p class='ocr_par' dir='ltr' id='par_1_21' title="bbox 1088 310 1881 350">
     <span class='ocr_line' id='line_1_21' title="bbox 1088 310 1881 350; baseline -0.003 -9"><span class='ocrx_word' id='word_1_119' title='bbox 1088 315 1235 350; x_wconf 83' lang='grc' dir='ltr'><strong>παροικίας</strong></span> <span class='ocrx_word' id='word_1_120' title='bbox 1256 314 1270 340; x_wconf 84' lang='grc' dir='ltr'>ὁ</span> <span class='ocrx_word' id='word_1_121' title='bbox 1282 311 1437 349; x_wconf 75' lang='grc' dir='ltr'>ἄνθρωπος’,</span> <span class='ocrx_word' id='word_1_122' title='bbox 1454 314 1493 346; x_wconf 85' lang='grc' dir='ltr'><strong>είς</strong></span> <span class='ocrx_word' id='word_1_123' title='bbox 1510 313 1557 340; x_wconf 80' lang='grc' dir='ltr'>τὸν</span> <span class='ocrx_word' id='word_1_124' title='bbox 1572 312 1682 340; x_wconf 74' lang='grc' dir='ltr'>αἰώνιον</span> <span class='ocrx_word' id='word_1_125' title='bbox 1694 312 1778 340; x_wconf 81' lang='grc' dir='ltr'>αὐτοῦ</span> <span class='ocrx_word' id='word_1_126' title='bbox 1797 310 1881 346; x_wconf 78' lang='grc' dir='ltr'>οἷκον,</span> 
     </span>
    </p>
   </div>
   <div class='ocr_carea' id='block_1_22' title="bbox 1087 359 1631 396">
    <p class='ocr_par' dir='ltr' id='par_1_22' title="bbox 1087 359 1631 396">
     <span class='ocr_line' id='line_1_22' title="bbox 1087 359 1631 396; baseline -0.004 -8"><span class='ocrx_word' id='word_1_127' title='bbox 1087 362 1133 388; x_wconf 80' lang='grc' dir='ltr'>τὸν</span> <span class='ocrx_word' id='word_1_128' title='bbox 1145 361 1232 388; x_wconf 83' lang='grc' dir='ltr'>αἰῶνα</span> <span class='ocrx_word' id='word_1_129' title='bbox 1249 360 1296 388; x_wconf 84' lang='grc' dir='ltr'>τὸν</span> <span class='ocrx_word' id='word_1_130' title='bbox 1313 360 1456 396; x_wconf 83' lang='grc' dir='ltr'>μέλλοντα,</span> <span class='ocrx_word' id='word_1_131' title='bbox 1473 359 1631 395; x_wconf 84' lang='grc' dir='ltr'>πορεύεται.</span> 
     </span>
    </p>
   </div>
   <div class='ocr_carea' id='block_1_23' title="bbox 1127 449 1884 486">
    <p class='ocr_par' dir='ltr' id='par_1_23' title="bbox 1127 449 1884 486">
     <span class='ocr_line' id='line_1_23' title="bbox 1127 449 1884 486; baseline -0.003 -8"><span class='ocrx_word' id='word_1_132' title='bbox 1127 460 1137 478; x_wconf 74' lang='grc' dir='ltr'>ί</span> <span class='ocrx_word' id='word_1_133' title='bbox 1158 451 1214 478; x_wconf 79' lang='grc' dir='ltr'><strong>Καὶ</strong></span> <span class='ocrx_word' id='word_1_134' title='bbox 1228 450 1391 478; x_wconf 69' lang='grc' dir='ltr'>ἐκύκλωσαν</span> <span class='ocrx_word' id='word_1_135' title='bbox 1408 452 1437 477; x_wconf 77' lang='grc' dir='ltr'>ὲν</span> <span class='ocrx_word' id='word_1_136' title='bbox 1452 450 1540 486; x_wconf 80' lang='grc' dir='ltr'><strong>ἀγορᾷ</strong></span> <span class='ocrx_word' id='word_1_137' title='bbox 1554 450 1579 476; x_wconf 83' lang='grc' dir='ltr'>οἱ</span> <span class='ocrx_word' id='word_1_138' title='bbox 1597 449 1773 485; x_wconf 79' lang='grc' dir='ltr'><strong>κοπτόμενοι.</strong></span> <span class='ocrx_word' id='word_1_139' title='bbox 1793 459 1802 475; x_wconf 76' lang='grc' dir='ltr'><strong>ι</strong></span> <span class='ocrx_word' id='word_1_140' title='bbox 1816 449 1884 476; x_wconf 82' lang='grc' dir='ltr'>Τότε</span> 
     </span>
    </p>
   </div>
   <div class='ocr_carea' id='block_1_24' title="bbox 1089 495 1885 532">
    <p class='ocr_par' dir='ltr' id='par_1_24' title="bbox 1089 495 1885 532">
     <span class='ocr_line' id='line_1_24' title="bbox 1089 495 1885 532; baseline -0.004 -7"><span class='ocrx_word' id='word_1_141' title='bbox 1089 498 1177 525; x_wconf 82' lang='grc' dir='ltr'>κα.ὶοὶ</span> <span class='ocrx_word' id='word_1_142' title='bbox 1192 498 1221 525; x_wconf 78' lang='grc' dir='ltr'>ὲν</span> <span class='ocrx_word' id='word_1_143' title='bbox 1239 497 1308 532; x_wconf 76' lang='grc' dir='ltr'>τῷδε</span> <span class='ocrx_word' id='word_1_144' title='bbox 1323 497 1362 532; x_wconf 83' lang='grc' dir='ltr'>τῷ</span> <span class='ocrx_word' id='word_1_145' title='bbox 1378 497 1428 532; x_wconf 82' lang='grc' dir='ltr'>βίῳ</span> <span class='ocrx_word' id='word_1_146' title='bbox 1447 495 1607 532; x_wconf 76' lang='grc' dir='ltr'>ἁμαρτωλοὶ</span> <span class='ocrx_word' id='word_1_147' title='bbox 1625 496 1750 522; x_wconf 76' lang='grc' dir='ltr'><strong>κλαίουσι</strong></span> <span class='ocrx_word' id='word_1_148' title='bbox 1771 495 1818 523; x_wconf 77' lang='grc' dir='ltr'>καὶ</span> <span class='ocrx_word' id='word_1_149' title='bbox 1837 496 1885 522; x_wconf 80' lang='grc' dir='ltr'>κό-</span> 
     </span>
    </p>
   </div>
   <div class='ocr_carea' id='block_1_25' title="bbox 1090 541 1885 579">
    <p class='ocr_par' dir='ltr' id='par_1_25' title="bbox 1090 541 1885 579">
     <span class='ocr_line' id='line_1_25' title="bbox 1090 541 1885 579; baseline -0.004 -8"><span class='ocrx_word' id='word_1_150' title='bbox 1090 553 1216 572; x_wconf 86' lang='grc' dir='ltr'>πτονται.</span> <span class='ocrx_word' id='word_1_151' title='bbox 1238 543 1341 579; x_wconf 76' lang='grc' dir='ltr'>’Λγορὰ</span> <span class='ocrx_word' id='word_1_152' title='bbox 1353 543 1382 570; x_wconf 81' lang='grc' dir='ltr'>δὲ</span> <span class='ocrx_word' id='word_1_153' title='bbox 1397 543 1441 570; x_wconf 76' lang='grc' dir='ltr'>ὅδε</span> <span class='ocrx_word' id='word_1_154' title='bbox 1460 543 1474 568; x_wconf 88' lang='grc' dir='ltr'><strong>ὸ</strong></span> <span class='ocrx_word' id='word_1_155' title='bbox 1492 542 1548 578; x_wconf 83' lang='grc' dir='ltr'>βίος</span> <span class='ocrx_word' id='word_1_156' title='bbox 1563 541 1672 577; x_wconf 72' lang='grc' dir='ltr'>ἐλέχθη,</span> <span class='ocrx_word' id='word_1_157' title='bbox 1687 541 1731 569; x_wconf 83' lang='grc' dir='ltr'><strong>διὰ</strong></span> <span class='ocrx_word' id='word_1_158' title='bbox 1743 542 1778 569; x_wconf 83' lang='grc' dir='ltr'>τὰ</span> <span class='ocrx_word' id='word_1_159' title='bbox 1794 542 1823 568; x_wconf 79' lang='grc' dir='ltr'>ὲν</span> <span class='ocrx_word' id='word_1_160' title='bbox 1837 542 1885 568; x_wconf 86' lang='grc' dir='ltr'><strong>αὺ-</strong></span> 
     </span>
    </p>
   </div>
   <div class='ocr_carea' id='block_1_26' title="bbox 1090 585 1780 626">
    <p class='ocr_par' dir='ltr' id='par_1_26' title="bbox 1090 585 1780 626">
     <span class='ocr_line' id='line_1_26' title="bbox 1090 585 1780 626; baseline -0.007 -8"><span class='ocrx_word' id='word_1_161' title='bbox 1090 591 1130 626; x_wconf 86' lang='grc' dir='ltr'>τῷ</span> <span class='ocrx_word' id='word_1_162' title='bbox 1141 591 1365 626; x_wconf 79' lang='grc' dir='ltr'><strong>συναλλάγματα.</strong></span> <span class='ocrx_word' id='word_1_163' title='bbox 1767 585 1780 591; x_wconf 57' lang='grc'>³</span> 
     </span>
    </p>
   </div>
   <div class='ocr_carea' id='block_1_27' title="bbox 1130 676 1882 715">
    <p class='ocr_par' dir='ltr' id='par_1_27' title="bbox 1130 676 1882 715">
     <span class='ocr_line' id='line_1_27' title="bbox 1130 676 1882 715; baseline -0.005 -7"><span class='ocrx_word' id='word_1_164' title='bbox 1130 691 1140 707; x_wconf 83' lang='grc' dir='ltr'><strong>ι</strong></span> <span class='ocrx_word' id='word_1_165' title='bbox 1156 679 1231 713; x_wconf 80' lang='grc' dir='ltr'>Ἕως</span> <span class='ocrx_word' id='word_1_166' title='bbox 1251 676 1284 708; x_wconf 70' lang='grc' dir='ltr'><strong>οὗ</strong></span> <span class='ocrx_word' id='word_1_167' title='bbox 1303 679 1342 715; x_wconf 83' lang='grc' dir='ltr'>μὴ</span> <span class='ocrx_word' id='word_1_168' title='bbox 1354 680 1501 715; x_wconf 78' lang='grc' dir='ltr'><strong>ἀνατραπῇ</strong></span> <span class='ocrx_word' id='word_1_169' title='bbox 1517 678 1635 714; x_wconf 85' lang='grc' dir='ltr'>σχοινῖον</span> <span class='ocrx_word' id='word_1_170' title='bbox 1652 678 1701 705; x_wconf 75' lang='grc' dir='ltr'>τοῦ</span> <span class='ocrx_word' id='word_1_171' title='bbox 1721 678 1882 713; x_wconf 75' lang='grc' dir='ltr'>ἀργυρίου.»</span> 
     </span>
    </p>
   </div>
   <div class='ocr_carea' id='block_1_28' title="bbox 1093 724 1886 764">
    <p class='ocr_par' dir='ltr' id='par_1_28' title="bbox 1093 724 1886 764">
     <span class='ocr_line' id='line_1_28' title="bbox 1093 724 1886 764; baseline -0.006 -10"><span class='ocrx_word' id='word_1_172' title='bbox 1093 727 1165 764; x_wconf 77' lang='grc' dir='ltr'>Πρὸς</span> <span class='ocrx_word' id='word_1_173' title='bbox 1180 727 1226 754; x_wconf 77' lang='grc' dir='ltr'><strong>τὸν</strong></span> <span class='ocrx_word' id='word_1_174' title='bbox 1244 726 1467 762; x_wconf 79' lang='grc' dir='ltr'>παραινοῦμενον</span> <span class='ocrx_word' id='word_1_175' title='bbox 1488 727 1502 753; x_wconf 87' lang='grc' dir='ltr'><strong>ὁ</strong></span> <span class='ocrx_word' id='word_1_176' title='bbox 1523 726 1614 759; x_wconf 86' lang='grc' dir='ltr'>λόγος.</span> <span class='ocrx_word' id='word_1_177' title='bbox 1641 724 1808 755; x_wconf 78' lang='grc' dir='ltr'><strong>Σπούδασον,</strong></span> <span class='ocrx_word' id='word_1_178' title='bbox 1833 733 1886 759; x_wconf 72' lang='grc' dir='ltr'><strong>φη-</strong></span> 
     </span>
    </p>
   </div>
   <div class='ocr_carea' id='block_1_29' title="bbox 1093 770 1886 808">
    <p class='ocr_par' dir='ltr' id='par_1_29' title="bbox 1093 770 1886 808">
     <span class='ocr_line' id='line_1_29' title="bbox 1093 770 1886 808; baseline -0.008 -6"><span class='ocrx_word' id='word_1_179' title='bbox 1093 775 1132 807; x_wconf 73' lang='grc' dir='ltr'>σὶ,</span> <span class='ocrx_word' id='word_1_180' title='bbox 1146 772 1169 802; x_wconf 84' lang='grc' dir='ltr'>ὧ</span> <span class='ocrx_word' id='word_1_181' title='bbox 1179 774 1317 806; x_wconf 85' lang='grc' dir='ltr'>νεανίσκε,</span> <span class='ocrx_word' id='word_1_182' title='bbox 1335 772 1509 808; x_wconf 77' lang='grc' dir='ltr'>ἀγαθοεργίᾳ</span> <span class='ocrx_word' id='word_1_183' title='bbox 1529 771 1702 807; x_wconf 78' lang='grc' dir='ltr'>μειλίξασθαι</span> <span class='ocrx_word' id='word_1_184' title='bbox 1717 771 1762 798; x_wconf 77' lang='grc' dir='ltr'>τὸν</span> <span class='ocrx_word' id='word_1_185' title='bbox 1777 770 1886 806; x_wconf 76' lang='grc' dir='ltr'>κριτὴν,</span> 
     </span>
    </p>
   </div>
   <div class='ocr_carea' id='block_1_30' title="bbox 1093 815 1889 855">
    <p class='ocr_par' dir='ltr' id='par_1_30' title="bbox 1093 815 1889 855">
     <span class='ocr_line' id='line_1_30' title="bbox 1093 815 1889 855; baseline -0.006 -9"><span class='ocrx_word' id='word_1_186' title='bbox 1093 819 1159 855; x_wconf 77' lang='grc' dir='ltr'>πρὶν</span> <span class='ocrx_word' id='word_1_187' title='bbox 1179 818 1374 854; x_wconf 81' lang='grc' dir='ltr'>ἀνατραπῆναι</span> <span class='ocrx_word' id='word_1_188' title='bbox 1394 817 1441 844; x_wconf 83' lang='grc' dir='ltr'>τὸν</span> <span class='ocrx_word' id='word_1_189' title='bbox 1461 817 1587 850; x_wconf 81' lang='grc' dir='ltr'>πλοῦτον,</span> <span class='ocrx_word' id='word_1_190' title='bbox 1604 817 1652 843; x_wconf 82' lang='grc' dir='ltr'>καὶ</span> <span class='ocrx_word' id='word_1_191' title='bbox 1668 816 1700 843; x_wconf 77' lang='grc' dir='ltr'>τὸ</span> <span class='ocrx_word' id='word_1_192' title='bbox 1716 816 1767 851; x_wconf 76' lang='grc' dir='ltr'>τῆς</span> <span class='ocrx_word' id='word_1_193' title='bbox 1790 815 1889 850; x_wconf 81' lang='grc' dir='ltr'>φιλαρ-</span> 
     </span>
    </p>
   </div>
   <div class='ocr_carea' id='block_1_31' title="bbox 1094 859 1886 901">
    <p class='ocr_par' dir='ltr' id='par_1_31' title="bbox 1094 859 1886 901">
     <span class='ocr_line' id='line_1_31' title="bbox 1094 859 1886 901; baseline -0.008 -9"><span class='ocrx_word' id='word_1_194' title='bbox 1094 865 1192 901; x_wconf 83' lang='grc' dir='ltr'>γυρίας</span> <span class='ocrx_word' id='word_1_195' title='bbox 1205 864 1333 900; x_wconf 82' lang='grc' dir='ltr'>σχοινίον,</span> <span class='ocrx_word' id='word_1_196' title='bbox 1345 864 1376 890; x_wconf 76' lang='grc' dir='ltr'>τὸ</span> <span class='ocrx_word' id='word_1_197' title='bbox 1391 864 1495 895; x_wconf 81' lang='grc' dir='ltr'>πάσαις</span> <span class='ocrx_word' id='word_1_198' title='bbox 1505 862 1655 898; x_wconf 86' lang='grc' dir='ltr'>ἁμαρτίαις</span> <span class='ocrx_word' id='word_1_199' title='bbox 1667 859 1886 896; x_wconf 69' lang='grc' dir='ltr'>καταδεσμεῦοψ</span> 
     </span>
    </p>
   </div>
   <div class='ocr_carea' id='block_1_32' title="bbox 241 906 1043 948">
    <p class='ocr_par' dir='ltr' id='par_1_32' title="bbox 241 906 1037 942">
     <span class='ocr_line' id='line_1_32' title="bbox 241 906 1037 942; baseline 0.008 -10"><span class='ocrx_word' id='word_1_200' title='bbox 241 911 387 941; x_wconf 83' lang='lat' dir='ltr'><strong>antequam</strong></span> <span class='ocrx_word' id='word_1_201' title='bbox 412 913 461 940; x_wconf 83' lang='lat' dir='ltr'><strong>per</strong></span> <span class='ocrx_word' id='word_1_202' title='bbox 476 913 633 941; x_wconf 85' lang='lat' dir='ltr'><strong>supremam</strong></span> <span class='ocrx_word' id='word_1_203' title='bbox 653 906 753 942; x_wconf 90' lang='lat' dir='ltr'><strong>judicis</strong></span> <span class='ocrx_word' id='word_1_204' title='bbox 767 907 905 936; x_wconf 83' lang='lat' dir='ltr'><strong>ﬂammam</strong></span> <span class='ocrx_word' id='word_1_205' title='bbox 923 909 1037 937; x_wconf 87' lang='lat' dir='ltr'><strong>delean-</strong></span> 
     </span>
    </p>
   </div>
   <div class='ocr_carea' id='block_1_33' title="bbox 1095 906 1888 948">
    <p class='ocr_par' dir='ltr' id='par_1_33' title="bbox 1095 907 1888 948">
     <span class='ocr_line' id='line_1_33' title="bbox 1095 907 1888 948; baseline -0.006 -10"><span class='ocrx_word' id='word_1_206' title='bbox 1095 911 1155 948; x_wconf 78' lang='grc' dir='ltr'>ῥίζα</span> <span class='ocrx_word' id='word_1_207' title='bbox 1172 911 1227 946; x_wconf 84' lang='grc' dir='ltr'><strong>γὰρ</strong></span> <span class='ocrx_word' id='word_1_208' title='bbox 1257 910 1368 937; x_wconf 81' lang='grc' dir='ltr'>πάντων</span> <span class='ocrx_word' id='word_1_209' title='bbox 1391 909 1446 936; x_wconf 85' lang='grc' dir='ltr'><strong>τῶν</strong></span> <span class='ocrx_word' id='word_1_210' title='bbox 1471 908 1565 936; x_wconf 82' lang='grc' dir='ltr'>κακῶν</span> <span class='ocrx_word' id='word_1_211' title='bbox 1581 909 1597 944; x_wconf 84' lang='grc' dir='ltr'>ὴ</span> <span class='ocrx_word' id='word_1_212' title='bbox 1613 907 1793 943; x_wconf 82' lang='grc' dir='ltr'>φιλαργυρία.</span> <span class='ocrx_word' id='word_1_213' title='bbox 1819 907 1888 942; x_wconf 73' lang='grc' dir='ltr'>Πρὶν</span> 
     </span>
    </p>
   </div>
   <div class='ocr_carea' id='block_1_34' title="bbox 244 951 1043 991">
    <p class='ocr_par' dir='ltr' id='par_1_34' title="bbox 244 953 1041 990">
     <span class='ocr_line' id='line_1_34' title="bbox 244 953 1041 990; baseline 0.005 -10"><span class='ocrx_word' id='word_1_214' title='bbox 244 959 286 981; x_wconf 90' lang='lat' dir='ltr'><strong>lul&#39;</strong></span> <span class='ocrx_word' id='word_1_215' title='bbox 312 953 393 988; x_wconf 86' lang='lat' dir='ltr'><strong>hujus</strong></span> <span class='ocrx_word' id='word_1_216' title='bbox 419 953 513 980; x_wconf 90' lang='lat' dir='ltr'><strong>mundi</strong></span> <span class='ocrx_word' id='word_1_217' title='bbox 550 953 662 986; x_wconf 70' lang='lat' dir='ltr'><strong>divitiae,</strong></span> <span class='ocrx_word' id='word_1_218' title='bbox 689 954 884 990; x_wconf 80' lang='lat' dir='ltr'><strong>funiculusque</strong></span> <span class='ocrx_word' id='word_1_219' title='bbox 920 956 1041 984; x_wconf 72' lang='lat' dir='ltr'><strong>avaritia:</strong></span> 
     </span>
    </p>
   </div>
   <div class='ocr_carea' id='block_1_35' title="bbox 1095 951 1888 991">
    <p class='ocr_par' dir='ltr' id='par_1_35' title="bbox 1095 951 1888 991">
     <span class='ocr_line' id='line_1_35' title="bbox 1095 951 1888 991; baseline -0.006 -8"><span class='ocrx_word' id='word_1_220' title='bbox 1095 955 1142 983; x_wconf 76' lang='grc' dir='ltr'>οὖν</span> <span class='ocrx_word' id='word_1_221' title='bbox 1164 956 1241 983; x_wconf 83' lang='grc' dir='ltr'>τόνδε</span> <span class='ocrx_word' id='word_1_222' title='bbox 1255 955 1302 982; x_wconf 75' lang='grc' dir='ltr'><strong>τὸν</strong></span> <span class='ocrx_word' id='word_1_223' title='bbox 1322 955 1379 991; x_wconf 79' lang='grc' dir='ltr'>βίον</span> <span class='ocrx_word' id='word_1_224' title='bbox 1394 955 1551 990; x_wconf 78' lang='grc' dir='ltr'>παρελθεῖν,</span> <span class='ocrx_word' id='word_1_225' title='bbox 1569 955 1598 980; x_wconf 77' lang='grc' dir='ltr'>ὲν</span> <span class='ocrx_word' id='word_1_226' title='bbox 1613 951 1636 988; x_wconf 88' lang='grc' dir='ltr'><strong>ᾧ</strong></span> <span class='ocrx_word' id='word_1_227' title='bbox 1650 954 1800 989; x_wconf 81' lang='grc' dir='ltr'>χρημάτων</span> <span class='ocrx_word' id='word_1_228' title='bbox 1816 952 1888 979; x_wconf 81' lang='grc' dir='ltr'><strong>ἀπά-</strong></span> 
     </span>
    </p>
   </div>
   <div class='ocr_carea' id='block_1_36' title="bbox 242 996 1043 1037">
    <p class='ocr_par' dir='ltr' id='par_1_36' title="bbox 242 999 1041 1037">
     <span class='ocr_line' id='line_1_36' title="bbox 242 999 1041 1037; baseline 0.004 -10"><span class='ocrx_word' id='word_1_229' title='bbox 242 999 392 1031; x_wconf 88' lang='lat' dir='ltr'><strong>scindatur,</strong></span> <span class='ocrx_word' id='word_1_230' title='bbox 411 999 457 1034; x_wconf 90' lang='lat' dir='ltr'><strong>qui</strong></span> <span class='ocrx_word' id='word_1_231' title='bbox 480 999 623 1027; x_wconf 83' lang='lat' dir='ltr'><strong>materiam</strong></span> <span class='ocrx_word' id='word_1_232' title='bbox 641 1000 745 1035; x_wconf 73' lang='lat' dir='ltr'><strong>praebet</strong></span> <span class='ocrx_word' id='word_1_233' title='bbox 765 1001 895 1029; x_wconf 86' lang='lat' dir='ltr'><strong>omnibus</strong></span> <span class='ocrx_word' id='word_1_234' title='bbox 918 1002 1041 1037; x_wconf 82' lang='lat' dir='ltr'><strong>peccatis</strong></span> 
     </span>
    </p>
   </div>
   <div class='ocr_carea' id='block_1_37' title="bbox 1095 996 1888 1037">
    <p class='ocr_par' dir='ltr' id='par_1_37' title="bbox 1095 996 1888 1036">
     <span class='ocr_line' id='line_1_37' title="bbox 1095 996 1888 1036; baseline -0.005 -10"><span class='ocrx_word' id='word_1_235' title='bbox 1095 1009 1140 1035; x_wconf 82' lang='grc' dir='ltr'>τη,</span> <span class='ocrx_word' id='word_1_236' title='bbox 1156 999 1204 1026; x_wconf 74' lang='grc' dir='ltr'>καὶ</span> <span class='ocrx_word' id='word_1_237' title='bbox 1229 999 1414 1036; x_wconf 78' lang='grc' dir='ltr'>φιλαργυρίας</span> <span class='ocrx_word' id='word_1_238' title='bbox 1430 999 1513 1034; x_wconf 76' lang='grc' dir='ltr'>ἔρως,</span> <span class='ocrx_word' id='word_1_239' title='bbox 1533 997 1697 1033; x_wconf 77' lang='grc' dir='ltr'>εὐτρέπισόν</span> <span class='ocrx_word' id='word_1_240' title='bbox 1712 1005 1759 1024; x_wconf 85' lang='grc' dir='ltr'><strong>σου</strong></span> <span class='ocrx_word' id='word_1_241' title='bbox 1770 997 1804 1023; x_wconf 76' lang='grc' dir='ltr'>τὰ</span> <span class='ocrx_word' id='word_1_242' title='bbox 1819 996 1888 1032; x_wconf 71' lang='grc' dir='ltr'>ἔργα</span> 
     </span>
    </p>
   </div>
   <div class='ocr_carea' id='block_1_38' title="bbox 241 1045 1039 1080">
    <p class='ocr_par' dir='ltr' id='par_1_38' title="bbox 241 1045 1039 1080">
     <span class='ocr_line' id='line_1_38' title="bbox 241 1045 1039 1080; baseline 0.004 -8"><span class='ocrx_word' id='word_1_243' title='bbox 241 1046 275 1073; x_wconf 89' lang='lat' dir='ltr'><strong>ad</strong></span> <span class='ocrx_word' id='word_1_244' title='bbox 288 1045 412 1073; x_wconf 85' lang='lat' dir='ltr'><strong>homines</strong></span> <span class='ocrx_word' id='word_1_245' title='bbox 425 1045 622 1080; x_wconf 87' lang='lat' dir='ltr'><strong>implicandos;</strong></span> <span class='ocrx_word' id='word_1_246' title='bbox 640 1046 717 1073; x_wconf 76' lang='lat' dir='ltr'><strong>radix</strong></span> <span class='ocrx_word' id='word_1_247' title='bbox 733 1046 808 1074; x_wconf 89' lang='lat' dir='ltr'><strong>enim</strong></span> <span class='ocrx_word' id='word_1_248' title='bbox 828 1047 964 1075; x_wconf 85' lang='lat' dir='ltr'><strong>malorum</strong></span> <span class='ocrx_word' id='word_1_249' title='bbox 978 1055 1039 1075; x_wconf 83' lang='lat' dir='ltr'><strong>om-</strong></span> 
     </span>
    </p>
   </div>
   <div class='ocr_carea' id='block_1_39' title="bbox 1092 1047 1337 1084">
    <p class='ocr_par' dir='ltr' id='par_1_39' title="bbox 1092 1047 1337 1084">
     <span class='ocr_line' id='line_1_39' title="bbox 1092 1047 1337 1084; baseline -0.008 -9"><span class='ocrx_word' id='word_1_250' title='bbox 1092 1048 1162 1083; x_wconf 75' lang='grc' dir='ltr'>πρὸς</span> <span class='ocrx_word' id='word_1_251' title='bbox 1172 1047 1222 1084; x_wconf 80' lang='grc' dir='ltr'><strong>τὴν</strong></span> <span class='ocrx_word' id='word_1_252' title='bbox 1237 1047 1337 1079; x_wconf 72' lang='grc' dir='ltr'>ἔξοδον.</span> 
     </span>
    </p>
   </div>
   <div class='ocr_carea' id='block_1_40' title="bbox 241 1087 1888 1128">
    <p class='ocr_par' dir='ltr' id='par_1_40' title="bbox 241 1087 1888 1128">
     <span class='ocr_line' id='line_1_40' title="bbox 241 1087 1888 1128; baseline -0.002 -9"><span class='ocrx_word' id='word_1_253' title='bbox 241 1087 316 1119; x_wconf 87' lang='lat' dir='ltr'><strong>nium</strong></span> <span class='ocrx_word' id='word_1_254' title='bbox 334 1091 446 1119; x_wconf 86' lang='lat' dir='ltr'><strong>avaritia</strong></span> <span class='ocrx_word' id='word_1_255' title='bbox 465 1091 667 1126; x_wconf 85' lang='lat' dir='ltr'><strong>perhibetur.&quot;.</strong></span> <span class='ocrx_word' id='word_1_256' title='bbox 681 1093 837 1128; x_wconf 81' lang='lat' dir='ltr'><strong>Antequam</strong></span> <span class='ocrx_word' id='word_1_257' title='bbox 862 1093 944 1128; x_wconf 66' lang='lat' dir='ltr'><strong>igitur</strong></span> <span class='ocrx_word' id='word_1_258' title='bbox 957 1094 1075 1122; x_wconf 78' lang='lat' dir='ltr'><strong>excedas</strong></span> <span class='ocrx_word' id='word_1_259' title='bbox 1089 1094 1123 1121; x_wconf 89' lang='lat' dir='ltr'><strong>ab</strong></span> <span class='ocrx_word' id='word_1_260' title='bbox 1140 1094 1191 1122; x_wconf 90' lang='lat' dir='ltr'><strong>hac</strong></span> <span class='ocrx_word' id='word_1_261' title='bbox 1219 1093 1273 1120; x_wconf 86' lang='lat' dir='ltr'><strong>vita</strong></span> <span class='ocrx_word' id='word_1_262' title='bbox 1304 1092 1332 1119; x_wconf 92' lang='lat' dir='ltr'><strong>in</strong></span> <span class='ocrx_word' id='word_1_263' title='bbox 1345 1098 1399 1127; x_wconf 83' lang='lat' dir='ltr'><strong>qua</strong></span> <span class='ocrx_word' id='word_1_264' title='bbox 1425 1091 1496 1126; x_wconf 80' lang='lat' dir='ltr'><strong>viget</strong></span> <span class='ocrx_word' id='word_1_265' title='bbox 1515 1090 1610 1118; x_wconf 88' lang='lat' dir='ltr'><strong>dolosa</strong></span> <span class='ocrx_word' id='word_1_266' title='bbox 1633 1088 1751 1124; x_wconf 82' lang='lat' dir='ltr'><strong>pecunia</strong></span> <span class='ocrx_word' id='word_1_267' title='bbox 1766 1093 1794 1116; x_wconf 88' lang='lat' dir='ltr'><strong>et</strong></span> <span class='ocrx_word' id='word_1_268' title='bbox 1821 1096 1888 1116; x_wconf 84' lang='lat' dir='ltr'><strong>ava-</strong></span> 
     </span>
    </p>
   </div>
   <div class='ocr_carea' id='block_1_41' title="bbox 242 1138 1588 1177">
    <p class='ocr_par' dir='ltr' id='par_1_41' title="bbox 242 1138 1588 1177">
     <span class='ocr_line' id='line_1_41' title="bbox 242 1138 1588 1177; baseline 0 -12"><span class='ocrx_word' id='word_1_269' title='bbox 242 1139 311 1167; x_wconf 76' lang='lat' dir='ltr'><strong>ritiae</strong></span> <span class='ocrx_word' id='word_1_270' title='bbox 332 1139 463 1171; x_wconf 81' lang='lat' dir='ltr'><strong>studium,</strong></span> <span class='ocrx_word' id='word_1_271' title='bbox 489 1139 605 1174; x_wconf 88' lang='lat' dir='ltr'><strong>dispone</strong></span> <span class='ocrx_word' id='word_1_272' title='bbox 626 1147 723 1168; x_wconf 88' lang='lat' dir='ltr'><strong>omnes</strong></span> <span class='ocrx_word' id='word_1_273' title='bbox 742 1141 919 1175; x_wconf 86' lang='lat' dir='ltr'><strong>operationes</strong></span> <span class='ocrx_word' id='word_1_274' title='bbox 936 1145 996 1169; x_wconf 83' lang='lat' dir='ltr'><strong>tuas</strong></span> <span class='ocrx_word' id='word_1_275' title='bbox 1008 1146 1038 1169; x_wconf 88' lang='lat' dir='ltr'><strong>ut</strong></span> <span class='ocrx_word' id='word_1_276' title='bbox 1052 1141 1272 1177; x_wconf 81' lang='lat' dir='ltr'><strong>securusjudicii</strong></span> <span class='ocrx_word' id='word_1_277' title='bbox 1287 1140 1371 1168; x_wconf 77' lang='lat' dir='ltr'><strong>futuri</strong></span> <span class='ocrx_word' id='word_1_278' title='bbox 1385 1139 1476 1175; x_wconf 81' lang='lat' dir='ltr'><strong>egredi</strong></span> <span class='ocrx_word' id='word_1_279' title='bbox 1490 1138 1588 1174; x_wconf 84' lang='lat' dir='ltr'><strong>possis.</strong></span> 
     </span>
    </p>
   </div>
   <div class='ocr_carea' id='block_1_42' title="bbox 280 1185 1041 1220">
    <p class='ocr_par' dir='ltr' id='par_1_42' title="bbox 280 1185 1041 1220">
     <span class='ocr_line' id='line_1_42' title="bbox 280 1185 1041 1220; baseline 0.004 -9"><span class='ocrx_word' id='word_1_280' title='bbox 280 1194 289 1211; x_wconf 75' lang='grc' dir='ltr'><strong>ι</strong></span> <span class='ocrx_word' id='word_1_281' title='bbox 310 1185 344 1212; x_wconf 85' lang='lat' dir='ltr'><strong>Et</strong></span> <span class='ocrx_word' id='word_1_282' title='bbox 368 1189 515 1220; x_wconf 81' lang='lat' dir='ltr'><strong>antequam</strong></span> <span class='ocrx_word' id='word_1_283' title='bbox 541 1190 702 1214; x_wconf 87' lang='lat' dir='ltr'><strong>conteratur</strong></span> <span class='ocrx_word' id='word_1_284' title='bbox 723 1185 774 1214; x_wconf 83' lang='lat' dir='ltr'><strong>ﬂos</strong></span> <span class='ocrx_word' id='word_1_285' title='bbox 799 1187 870 1214; x_wconf 90' lang='lat' dir='ltr'><strong>auri.</strong></span> <span class='ocrx_word' id='word_1_286' title='bbox 895 1196 904 1213; x_wconf 76' lang='grc' dir='ltr'><strong>ι</strong></span> <span class='ocrx_word' id='word_1_287' title='bbox 932 1187 1041 1214; x_wconf 81' lang='lat' dir='ltr'><strong>Florem</strong></span> 
     </span>
    </p>
   </div>
   <div class='ocr_carea' id='block_1_43' title="bbox 242 1232 1043 1269">
    <p class='ocr_par' dir='ltr' id='par_1_43' title="bbox 242 1232 1043 1269">
     <span class='ocr_line' id='line_1_43' title="bbox 242 1232 1043 1269; baseline 0.002 -9"><span class='ocrx_word' id='word_1_288' title='bbox 242 1233 312 1265; x_wconf 86' lang='lat' dir='ltr'><strong>auri,</strong></span> <span class='ocrx_word' id='word_1_289' title='bbox 329 1232 562 1267; x_wconf 85' lang='lat' dir='ltr'><strong>pulchritudinem</strong></span> <span class='ocrx_word' id='word_1_290' title='bbox 589 1232 710 1269; x_wconf 84' lang='lat' dir='ltr'><strong>intellige</strong></span> <span class='ocrx_word' id='word_1_291' title='bbox 731 1233 775 1261; x_wconf 87' lang='lat' dir='ltr'><strong>vel</strong></span> <span class='ocrx_word' id='word_1_292' title='bbox 797 1241 890 1262; x_wconf 89' lang='lat' dir='ltr'><strong>aream</strong></span> <span class='ocrx_word' id='word_1_293' title='bbox 908 1234 1043 1269; x_wconf 85' lang='lat' dir='ltr'><strong>reposito—</strong></span> 
     </span>
    </p>
   </div>
   <div class='ocr_carea' id='block_1_44' title="bbox 243 1278 1045 1314">
    <p class='ocr_par' dir='ltr' id='par_1_44' title="bbox 243 1278 1045 1314">
     <span class='ocr_line' id='line_1_44' title="bbox 243 1278 1045 1314; baseline 0.004 -9"><span class='ocrx_word' id='word_1_294' title='bbox 243 1279 368 1313; x_wconf 84' lang='lat' dir='ltr'><strong>riumque</strong></span> <span class='ocrx_word' id='word_1_295' title='bbox 391 1278 418 1305; x_wconf 93' lang='lat' dir='ltr'><strong>in</strong></span> <span class='ocrx_word' id='word_1_296' title='bbox 436 1286 491 1314; x_wconf 89' lang='lat' dir='ltr'><strong>quo</strong></span> <span class='ocrx_word' id='word_1_297' title='bbox 509 1286 607 1306; x_wconf 89' lang='lat' dir='ltr'><strong>aurum</strong></span> <span class='ocrx_word' id='word_1_298' title='bbox 624 1279 776 1314; x_wconf 89' lang='lat' dir='ltr'><strong>repositum</strong></span> <span class='ocrx_word' id='word_1_299' title='bbox 797 1287 982 1308; x_wconf 86' lang='lat' dir='ltr'><strong>asservamus.</strong></span> <span class='ocrx_word' id='word_1_300' title='bbox 999 1281 1045 1309; x_wconf 79' lang='lat' dir='ltr'><strong>Ait</strong></span> 
     </span>
    </p>
   </div>
   <div class='ocr_carea' id='block_1_45' title="bbox 244 1323 1042 1362">
    <p class='ocr_par' dir='ltr' id='par_1_45' title="bbox 244 1323 1042 1362">
     <span class='ocr_line' id='line_1_45' title="bbox 244 1323 1042 1362; baseline 0.006 -13"><span class='ocrx_word' id='word_1_301' title='bbox 244 1331 327 1359; x_wconf 75' lang='lat' dir='ltr'><strong>ergo:</strong></span> <span class='ocrx_word' id='word_1_302' title='bbox 349 1323 503 1358; x_wconf 80' lang='lat' dir='ltr'><strong>Antequam</strong></span> <span class='ocrx_word' id='word_1_303' title='bbox 528 1324 649 1359; x_wconf 88' lang='lat' dir='ltr'><strong>pretiosa</strong></span> <span class='ocrx_word' id='word_1_304' title='bbox 674 1324 770 1352; x_wconf 89' lang='lat' dir='ltr'><strong>mundi</strong></span> <span class='ocrx_word' id='word_1_305' title='bbox 797 1325 879 1361; x_wconf 83' lang='lat' dir='ltr'><strong>hujus</strong></span> <span class='ocrx_word' id='word_1_306' title='bbox 918 1326 1042 1362; x_wconf 71' lang='lat' dir='ltr'><strong>supellex</strong></span> 
     </span>
    </p>
   </div>
   <div class='ocr_carea' id='block_1_46' title="bbox 243 1369 1042 1408">
    <p class='ocr_par' dir='ltr' id='par_1_46' title="bbox 243 1369 1042 1408">
     <span class='ocr_line' id='line_1_46' title="bbox 243 1369 1042 1408; baseline 0.005 -12"><span class='ocrx_word' id='word_1_307' title='bbox 243 1369 390 1405; x_wconf 89' lang='lat' dir='ltr'><strong>dispereat,</strong></span> <span class='ocrx_word' id='word_1_308' title='bbox 409 1370 510 1398; x_wconf 87' lang='lat' dir='ltr'><strong>accede</strong></span> <span class='ocrx_word' id='word_1_309' title='bbox 533 1371 568 1397; x_wconf 88' lang='lat' dir='ltr'><strong>ad</strong></span> <span class='ocrx_word' id='word_1_310' title='bbox 590 1371 731 1399; x_wconf 84' lang='lat' dir='ltr'><strong>virtutem.</strong></span> <span class='ocrx_word' id='word_1_311' title='bbox 757 1371 866 1400; x_wconf 86' lang='lat' dir='ltr'><strong>Aliter:</strong></span> <span class='ocrx_word' id='word_1_312' title='bbox 890 1372 1042 1408; x_wconf 75' lang='lat' dir='ltr'><strong>Argentum</strong></span> 
     </span>
    </p>
   </div>
   <div class='ocr_carea' id='block_1_47' title="bbox 243 1415 1043 1452">
    <p class='ocr_par' dir='ltr' id='par_1_47' title="bbox 243 1415 1043 1452">
     <span class='ocr_line' id='line_1_47' title="bbox 243 1415 1043 1452; baseline 0.005 -10"><span class='ocrx_word' id='word_1_313' title='bbox 243 1415 368 1450; x_wconf 83' lang='lat' dir='ltr'><strong>plurimis</strong></span> <span class='ocrx_word' id='word_1_314' title='bbox 391 1416 420 1443; x_wconf 89' lang='lat' dir='ltr'><strong>in</strong></span> <span class='ocrx_word' id='word_1_315' title='bbox 443 1415 592 1451; x_wconf 76' lang='lat' dir='ltr'><strong>Scripturae</strong></span> <span class='ocrx_word' id='word_1_316' title='bbox 621 1417 688 1445; x_wconf 84' lang='lat' dir='ltr'><strong>locis</strong></span> <span class='ocrx_word' id='word_1_317' title='bbox 710 1425 760 1452; x_wconf 91' lang='lat' dir='ltr'><strong>pro</strong></span> <span class='ocrx_word' id='word_1_318' title='bbox 787 1417 880 1445; x_wconf 90' lang='lat' dir='ltr'><strong>divino</strong></span> <span class='ocrx_word' id='word_1_319' title='bbox 916 1426 1043 1446; x_wconf 86' lang='lat' dir='ltr'><strong>sermone</strong></span> 
     </span>
    </p>
   </div>
   <div class='ocr_carea' id='block_1_48' title="bbox 244 1462 1042 1498">
    <p class='ocr_par' dir='ltr' id='par_1_48' title="bbox 244 1462 1042 1498">
     <span class='ocr_line' id='line_1_48' title="bbox 244 1462 1042 1498; baseline 0.005 -10"><span class='ocrx_word' id='word_1_320' title='bbox 244 1462 388 1497; x_wconf 83' lang='lat' dir='ltr'><strong>accipitur,</strong></span> <span class='ocrx_word' id='word_1_321' title='bbox 413 1470 511 1490; x_wconf 89' lang='lat' dir='ltr'><strong>aurum</strong></span> <span class='ocrx_word' id='word_1_322' title='bbox 538 1470 604 1490; x_wconf 90' lang='lat' dir='ltr'><strong>vero</strong></span> <span class='ocrx_word' id='word_1_323' title='bbox 633 1470 685 1498; x_wconf 91' lang='lat' dir='ltr'><strong>pro</strong></span> <span class='ocrx_word' id='word_1_324' title='bbox 713 1463 854 1491; x_wconf 86' lang='lat' dir='ltr'><strong>intellectu</strong></span> <span class='ocrx_word' id='word_1_325' title='bbox 878 1471 910 1491; x_wconf 84' lang='lat' dir='ltr'><strong>ac</strong></span> <span class='ocrx_word' id='word_1_326' title='bbox 938 1468 1042 1492; x_wconf 87' lang='lat' dir='ltr'><strong>mente.</strong></span> 
     </span>
    </p>
   </div>
   <div class='ocr_carea' id='block_1_49' title="bbox 243 1507 1042 1546">
    <p class='ocr_par' dir='ltr' id='par_1_49' title="bbox 243 1507 1042 1546">
     <span class='ocr_line' id='line_1_49' title="bbox 243 1507 1042 1546; baseline 0.004 -11"><span class='ocrx_word' id='word_1_327' title='bbox 243 1507 351 1535; x_wconf 82' lang='lat' dir='ltr'><strong>Florem</strong></span> <span class='ocrx_word' id='word_1_328' title='bbox 365 1516 430 1536; x_wconf 80' lang='lat' dir='ltr'><strong>vero</strong></span> <span class='ocrx_word' id='word_1_329' title='bbox 444 1509 515 1542; x_wconf 86' lang='lat' dir='ltr'><strong>auri,</strong></span> <span class='ocrx_word' id='word_1_330' title='bbox 539 1509 718 1545; x_wconf 76' lang='lat' dir='ltr'><strong>intelligimus</strong></span> <span class='ocrx_word' id='word_1_331' title='bbox 732 1509 831 1537; x_wconf 65' lang='lat' dir='ltr'><strong>animae</strong></span> <span class='ocrx_word' id='word_1_332' title='bbox 845 1515 947 1538; x_wconf 65' lang='lat' dir='ltr'><strong>nostra:</strong></span> <span class='ocrx_word' id='word_1_333' title='bbox 964 1511 1042 1546; x_wconf 89' lang='lat' dir='ltr'><strong>prin-</strong></span> 
     </span>
    </p>
   </div>
   <div class='ocr_carea' id='block_1_50' title="bbox 1134 1183 1888 1222">
    <p class='ocr_par' dir='ltr' id='par_1_50' title="bbox 1134 1183 1888 1222">
     <span class='ocr_line' id='line_1_50' title="bbox 1134 1183 1888 1222; baseline -0.009 -7"><span class='ocrx_word' id='word_1_334' title='bbox 1134 1198 1143 1214; x_wconf 76' lang='grc' dir='ltr'><strong>ι</strong></span> <span class='ocrx_word' id='word_1_335' title='bbox 1164 1188 1220 1215; x_wconf 75' lang='grc' dir='ltr'><strong>Καὶ</strong></span> <span class='ocrx_word' id='word_1_336' title='bbox 1240 1186 1372 1222; x_wconf 76' lang='grc' dir='ltr'>συντριΰῇ</span> <span class='ocrx_word' id='word_1_337' title='bbox 1388 1186 1419 1212; x_wconf 82' lang='grc' dir='ltr'>τὸ</span> <span class='ocrx_word' id='word_1_338' title='bbox 1443 1185 1573 1220; x_wconf 76' lang='grc' dir='ltr'>ἀνθεμιον</span> <span class='ocrx_word' id='word_1_339' title='bbox 1590 1184 1638 1211; x_wconf 83' lang='grc' dir='ltr'>τοῦ</span> <span class='ocrx_word' id='word_1_340' title='bbox 1654 1183 1778 1219; x_wconf 83' lang='grc' dir='ltr'>χρυσίου.</span> <span class='ocrx_word' id='word_1_341' title='bbox 1795 1192 1804 1208; x_wconf 70' lang='grc' dir='ltr'><strong>ι</strong></span> <span class='ocrx_word' id='word_1_342' title='bbox 1829 1183 1888 1209; x_wconf 75' lang='grc' dir='ltr'><strong>’Λν-</strong></span> 
     </span>
    </p>
   </div>
   <div class='ocr_carea' id='block_1_51' title="bbox 1096 1229 1887 1269">
    <p class='ocr_par' dir='ltr' id='par_1_51' title="bbox 1096 1229 1887 1269">
     <span class='ocr_line' id='line_1_51' title="bbox 1096 1229 1887 1269; baseline -0.008 -8"><span class='ocrx_word' id='word_1_343' title='bbox 1096 1234 1200 1269; x_wconf 82' lang='grc' dir='ltr'>θέμιον,</span> <span class='ocrx_word' id='word_1_344' title='bbox 1217 1233 1277 1269; x_wconf 74' lang='grc' dir='ltr'>ἢτδ</span> <span class='ocrx_word' id='word_1_345' title='bbox 1297 1232 1390 1266; x_wconf 77' lang='grc' dir='ltr'>ἄνθος,</span> <span class='ocrx_word' id='word_1_346' title='bbox 1402 1232 1449 1258; x_wconf 73' lang='grc' dir='ltr'>καὶ</span> <span class='ocrx_word' id='word_1_347' title='bbox 1465 1232 1482 1266; x_wconf 80' lang='grc' dir='ltr'><strong>ἡ</strong></span> <span class='ocrx_word' id='word_1_348' title='bbox 1499 1231 1636 1266; x_wconf 80' lang='grc' dir='ltr'>ὡραιότης</span> <span class='ocrx_word' id='word_1_349' title='bbox 1651 1230 1698 1257; x_wconf 81' lang='grc' dir='ltr'>τοῦ</span> <span class='ocrx_word' id='word_1_350' title='bbox 1719 1229 1843 1265; x_wconf 80' lang='grc' dir='ltr'>χρυσίου,</span> <span class='ocrx_word' id='word_1_351' title='bbox 1870 1230 1887 1264; x_wconf 86' lang='grc' dir='ltr'><strong>ἢ</strong></span> 
     </span>
    </p>
   </div>
   <div class='ocr_carea' id='block_1_52' title="bbox 1095 1275 1889 1315">
    <p class='ocr_par' dir='ltr' id='par_1_52' title="bbox 1095 1275 1889 1315">
     <span class='ocr_line' id='line_1_52' title="bbox 1095 1275 1889 1315; baseline -0.008 -8"><span class='ocrx_word' id='word_1_352' title='bbox 1095 1279 1143 1307; x_wconf 76' lang='grc' dir='ltr'>καὶ</span> <span class='ocrx_word' id='word_1_353' title='bbox 1157 1280 1174 1315; x_wconf 84' lang='grc' dir='ltr'>ὴ</span> <span class='ocrx_word' id='word_1_354' title='bbox 1189 1279 1274 1315; x_wconf 84' lang='grc' dir='ltr'>θήκη,</span> <span class='ocrx_word' id='word_1_355' title='bbox 1295 1278 1326 1305; x_wconf 84' lang='grc' dir='ltr'>ὲν</span> <span class='ocrx_word' id='word_1_356' title='bbox 1391 1276 1556 1312; x_wconf 79' lang='grc' dir='ltr'>πεφύκαμεν</span> <span class='ocrx_word' id='word_1_357' title='bbox 1578 1275 1757 1303; x_wconf 79' lang='grc' dir='ltr'>ἀποτίθεσθαι</span> <span class='ocrx_word' id='word_1_358' title='bbox 1773 1275 1804 1301; x_wconf 81' lang='grc' dir='ltr'><strong>τὸ</strong></span> <span class='ocrx_word' id='word_1_359' title='bbox 1822 1284 1889 1310; x_wconf 83' lang='grc' dir='ltr'>χρυ-</span> 
     </span>
    </p>
   </div>
   <div class='ocr_carea' id='block_1_53' title="bbox 1095 1321 1887 1360">
    <p class='ocr_par' dir='ltr' id='par_1_53' title="bbox 1095 1321 1887 1360">
     <span class='ocr_line' id='line_1_53' title="bbox 1095 1321 1887 1360; baseline -0.008 -8"><span class='ocrx_word' id='word_1_360' title='bbox 1095 1326 1164 1352; x_wconf 86' lang='grc' dir='ltr'>σίον.</span> <span class='ocrx_word' id='word_1_361' title='bbox 1177 1325 1246 1360; x_wconf 82' lang='grc' dir='ltr'>Πρὶν</span> <span class='ocrx_word' id='word_1_362' title='bbox 1262 1324 1320 1357; x_wconf 80' lang='grc' dir='ltr'>οὖν,</span> <span class='ocrx_word' id='word_1_363' title='bbox 1344 1323 1423 1358; x_wconf 71' lang='grc' dir='ltr'>φησὶ,</span> <span class='ocrx_word' id='word_1_364' title='bbox 1443 1322 1478 1350; x_wconf 85' lang='grc' dir='ltr'><strong>τὰ</strong></span> <span class='ocrx_word' id='word_1_365' title='bbox 1494 1323 1559 1358; x_wconf 80' lang='grc' dir='ltr'>τῇδε</span> <span class='ocrx_word' id='word_1_366' title='bbox 1575 1322 1700 1358; x_wconf 81' lang='grc' dir='ltr'>παρέλθῃ</span> <span class='ocrx_word' id='word_1_367' title='bbox 1725 1321 1887 1357; x_wconf 83' lang='grc' dir='ltr'>πράγματα,</span> 
     </span>
    </p>
   </div>
   <div class='ocr_carea' id='block_1_54' title="bbox 1097 1365 1889 1407">
    <p class='ocr_par' dir='ltr' id='par_1_54' title="bbox 1097 1365 1889 1407">
     <span class='ocr_line' id='line_1_54' title="bbox 1097 1365 1889 1407; baseline -0.006 -10"><span class='ocrx_word' id='word_1_368' title='bbox 1097 1369 1211 1407; x_wconf 78' lang='grc' dir='ltr'><strong>μέτελθε</strong></span> <span class='ocrx_word' id='word_1_369' title='bbox 1238 1369 1286 1406; x_wconf 82' lang='grc' dir='ltr'>τὴν</span> <span class='ocrx_word' id='word_1_370' title='bbox 1310 1369 1425 1404; x_wconf 80' lang='grc' dir='ltr'>ἀρετήν,</span> <span class='ocrx_word' id='word_1_371' title='bbox 1448 1367 1564 1399; x_wconf 56' lang='lat' dir='ltr'><strong>unm;-</strong></span> <span class='ocrx_word' id='word_1_372' title='bbox 1587 1366 1733 1402; x_wconf 87' lang='grc' dir='ltr'>Ἀργύριον</span> <span class='ocrx_word' id='word_1_373' title='bbox 1752 1365 1889 1401; x_wconf 81' lang='grc' dir='ltr'>πολλαχοῦ</span> 
     </span>
    </p>
   </div>
   <div class='ocr_carea' id='block_1_55' title="bbox 1096 1411 1890 1451">
    <p class='ocr_par' dir='ltr' id='par_1_55' title="bbox 1096 1411 1890 1451">
     <span class='ocr_line' id='line_1_55' title="bbox 1096 1411 1890 1451; baseline -0.008 -8"><span class='ocrx_word' id='word_1_374' title='bbox 1096 1416 1147 1450; x_wconf 81' lang='grc' dir='ltr'>τῆς</span> <span class='ocrx_word' id='word_1_375' title='bbox 1161 1416 1275 1451; x_wconf 83' lang='grc' dir='ltr'>Γραφῆς</span> <span class='ocrx_word' id='word_1_376' title='bbox 1289 1415 1303 1441; x_wconf 85' lang='grc' dir='ltr'><strong><em>ὸ</em></strong></span> <span class='ocrx_word' id='word_1_377' title='bbox 1317 1414 1387 1446; x_wconf 79' lang='grc' dir='ltr'>θεῖος</span> <span class='ocrx_word' id='word_1_378' title='bbox 1402 1414 1511 1449; x_wconf 73' lang='grc' dir='ltr'>εἴρηται</span> <span class='ocrx_word' id='word_1_379' title='bbox 1522 1413 1600 1447; x_wconf 85' lang='grc' dir='ltr'>λόγος</span> <span class='ocrx_word' id='word_1_380' title='bbox 1613 1421 1619 1427; x_wconf 93' lang='grc'><strong>·</strong></span> <span class='ocrx_word' id='word_1_381' title='bbox 1633 1412 1734 1448; x_wconf 81' lang='grc' dir='ltr'>χρυσὸν</span> <span class='ocrx_word' id='word_1_382' title='bbox 1746 1411 1774 1438; x_wconf 82' lang='grc' dir='ltr'>δὲ</span> <span class='ocrx_word' id='word_1_383' title='bbox 1787 1411 1890 1446; x_wconf 79' lang='grc' dir='ltr'>ὲκλαμ-</span> 
     </span>
    </p>
   </div>
   <div class='ocr_carea' id='block_1_56' title="bbox 1097 1458 1891 1498">
    <p class='ocr_par' dir='ltr' id='par_1_56' title="bbox 1097 1458 1891 1498">
     <span class='ocr_line' id='line_1_56' title="bbox 1097 1458 1891 1498; baseline -0.008 -9"><span class='ocrx_word' id='word_1_384' title='bbox 1097 1462 1215 1498; x_wconf 74' lang='grc' dir='ltr'>ϐάνομεν</span> <span class='ocrx_word' id='word_1_385' title='bbox 1230 1462 1276 1489; x_wconf 80' lang='grc' dir='ltr'><strong>τὸν</strong></span> <span class='ocrx_word' id='word_1_386' title='bbox 1300 1461 1375 1488; x_wconf 83' lang='grc' dir='ltr'>νοῦν·</span> <span class='ocrx_word' id='word_1_387' title='bbox 1396 1459 1572 1495; x_wconf 74' lang='grc' dir='ltr'>ἀνθέμιονδὲ</span> <span class='ocrx_word' id='word_1_388' title='bbox 1589 1459 1701 1495; x_wconf 83' lang='grc' dir='ltr'>χρυσίου</span> <span class='ocrx_word' id='word_1_389' title='bbox 1717 1458 1749 1485; x_wconf 79' lang='grc' dir='ltr'>τὸ</span> <span class='ocrx_word' id='word_1_390' title='bbox 1772 1459 1802 1484; x_wconf 80' lang='grc' dir='ltr'>ὲν</span> <span class='ocrx_word' id='word_1_391' title='bbox 1822 1458 1891 1493; x_wconf 76' lang='grc' dir='ltr'>ἡμῖν</span> 
     </span>
    </p>
   </div>
   <div class='ocr_carea' id='block_1_57' title="bbox 1097 1504 1890 1544">
    <p class='ocr_par' dir='ltr' id='par_1_57' title="bbox 1097 1504 1890 1544">
     <span class='ocr_line' id='line_1_57' title="bbox 1097 1504 1890 1544; baseline -0.006 -9"><span class='ocrx_word' id='word_1_392' title='bbox 1097 1507 1272 1544; x_wconf 80' lang='grc' dir='ltr'>ἡγεμονικόν.</span> <span class='ocrx_word' id='word_1_393' title='bbox 1287 1507 1356 1543; x_wconf 80' lang='grc' dir='ltr'>Πρὶν</span> <span class='ocrx_word' id='word_1_394' title='bbox 1369 1504 1427 1539; x_wconf 76' lang='grc' dir='ltr'>οὖν,</span> <span class='ocrx_word' id='word_1_395' title='bbox 1446 1506 1524 1542; x_wconf 77' lang='grc' dir='ltr'>φησὶ,</span> <span class='ocrx_word' id='word_1_396' title='bbox 1548 1505 1686 1540; x_wconf 84' lang='grc' dir='ltr'>παύσηται</span> <span class='ocrx_word' id='word_1_397' title='bbox 1701 1505 1715 1531; x_wconf 80' lang='grc' dir='ltr'><strong>δ</strong></span> <span class='ocrx_word' id='word_1_398' title='bbox 1729 1504 1808 1539; x_wconf 81' lang='grc' dir='ltr'>λόγος</span> <span class='ocrx_word' id='word_1_399' title='bbox 1825 1506 1838 1530; x_wconf 82' lang='grc' dir='ltr'>ὁ</span> <span class='ocrx_word' id='word_1_400' title='bbox 1848 1504 1890 1530; x_wconf 85' lang='grc' dir='ltr'>δι-</span> 
     </span>
    </p>
   </div>
   <div class='ocr_carea' id='block_1_58' title="bbox 248 1550 1043 1592">
    <p class='ocr_par' dir='ltr' id='par_1_58' title="bbox 248 1555 1043 1592">
     <span class='ocr_line' id='line_1_58' title="bbox 248 1555 1043 1592; baseline 0.003 -10"><span class='ocrx_word' id='word_1_401' title='bbox 248 1555 346 1590; x_wconf 86' lang='lat' dir='ltr'><strong>cipale.</strong></span> <span class='ocrx_word' id='word_1_402' title='bbox 358 1555 399 1582; x_wconf 86' lang='lat' dir='ltr'><strong>Ita</strong></span> <span class='ocrx_word' id='word_1_403' title='bbox 422 1555 505 1590; x_wconf 75' lang='lat' dir='ltr'><strong>igitur</strong></span> <span class='ocrx_word' id='word_1_404' title='bbox 519 1555 602 1583; x_wconf 86' lang='lat' dir='ltr'><strong>verba</strong></span> <span class='ocrx_word' id='word_1_405' title='bbox 618 1556 675 1583; x_wconf 62' lang='lat' dir='ltr'><strong>haec</strong></span> <span class='ocrx_word' id='word_1_406' title='bbox 693 1556 854 1591; x_wconf 83' lang='lat' dir='ltr'><strong>exponenda</strong></span> <span class='ocrx_word' id='word_1_407' title='bbox 869 1567 874 1583; x_wconf 96' lang='lat'>:</span> <span class='ocrx_word' id='word_1_408' title='bbox 890 1557 1043 1592; x_wconf 84' lang='lat' dir='ltr'><strong>Antequam</strong></span> 
     </span>
    </p>
   </div>
   <div class='ocr_carea' id='block_1_59' title="bbox 1095 1550 1891 1592">
    <p class='ocr_par' dir='ltr' id='par_1_59' title="bbox 1095 1550 1891 1588">
     <span class='ocr_line' id='line_1_59' title="bbox 1095 1550 1891 1588; baseline -0.009 -7"><span class='ocrx_word' id='word_1_409' title='bbox 1095 1553 1272 1586; x_wconf 81' lang='grc' dir='ltr'>δασκαλικὺς,</span> <span class='ocrx_word' id='word_1_410' title='bbox 1284 1553 1299 1579; x_wconf 80' lang='grc' dir='ltr'>ὁ</span> <span class='ocrx_word' id='word_1_411' title='bbox 1317 1553 1396 1588; x_wconf 84' lang='grc' dir='ltr'>δίκην</span> <span class='ocrx_word' id='word_1_412' title='bbox 1416 1551 1565 1587; x_wconf 73' lang='grc' dir='ltr'>τριπλόκςου</span> <span class='ocrx_word' id='word_1_413' title='bbox 1591 1551 1720 1586; x_wconf 84' lang='grc' dir='ltr'>σχοινίου,</span> <span class='ocrx_word' id='word_1_414' title='bbox 1738 1550 1799 1585; x_wconf 75' lang='grc' dir='ltr'>ἦτοι</span> <span class='ocrx_word' id='word_1_415' title='bbox 1819 1557 1891 1584; x_wconf 84' lang='grc' dir='ltr'>φρα-</span> 
     </span>
    </p>
   </div>
   <div class='ocr_carea' id='block_1_60' title="bbox 244 1601 1046 1638">
    <p class='ocr_par' dir='ltr' id='par_1_60' title="bbox 244 1601 1046 1638">
     <span class='ocr_line' id='line_1_60' title="bbox 244 1601 1046 1638; baseline 0.002 -10"><span class='ocrx_word' id='word_1_416' title='bbox 244 1605 367 1628; x_wconf 86' lang='lat' dir='ltr'><strong>transeat</strong></span> <span class='ocrx_word' id='word_1_417' title='bbox 385 1601 433 1628; x_wconf 88' lang='lat' dir='ltr'><strong>tibi</strong></span> <span class='ocrx_word' id='word_1_418' title='bbox 454 1601 579 1629; x_wconf 86' lang='lat' dir='ltr'><strong>doctrina</strong></span> <span class='ocrx_word' id='word_1_419' title='bbox 598 1609 683 1628; x_wconf 77' lang='lat' dir='ltr'><strong>sacra:</strong></span> <span class='ocrx_word' id='word_1_420' title='bbox 702 1601 862 1637; x_wconf 75' lang='lat' dir='ltr'><strong>Scripturze,</strong></span> <span class='ocrx_word' id='word_1_421' title='bbox 882 1610 943 1638; x_wconf 72' lang='lat' dir='ltr'><strong>qua:</strong></span> <span class='ocrx_word' id='word_1_422' title='bbox 961 1602 1046 1630; x_wconf 84' lang='lat' dir='ltr'><strong>instar</strong></span> 
     </span>
    </p>
   </div>
   <div class='ocr_carea' id='block_1_61' title="bbox 245 1644 1046 1682">
    <p class='ocr_par' dir='ltr' id='par_1_61' title="bbox 245 1644 1046 1682">
     <span class='ocr_line' id='line_1_61' title="bbox 245 1644 1046 1682; baseline 0.006 -11"><span class='ocrx_word' id='word_1_423' title='bbox 245 1645 360 1680; x_wconf 83' lang='lat' dir='ltr'><strong>triplicis</strong></span> <span class='ocrx_word' id='word_1_424' title='bbox 373 1644 487 1673; x_wconf 83' lang='lat' dir='ltr'><strong>funiculi</strong></span> <span class='ocrx_word' id='word_1_425' title='bbox 503 1653 535 1674; x_wconf 84' lang='lat' dir='ltr'><strong>ac</strong></span> <span class='ocrx_word' id='word_1_426' title='bbox 555 1645 654 1682; x_wconf 75' lang='lat' dir='ltr'><strong>ﬂagelli</strong></span> <span class='ocrx_word' id='word_1_427' title='bbox 670 1647 756 1674; x_wconf 83' lang='lat' dir='ltr'><strong>malas</strong></span> <span class='ocrx_word' id='word_1_428' title='bbox 767 1651 876 1674; x_wconf 86' lang='lat' dir='ltr'><strong>nostras</strong></span> <span class='ocrx_word' id='word_1_429' title='bbox 885 1646 1046 1676; x_wconf 69' lang='lat' dir='ltr'><strong>adfectiones</strong></span> 
     </span>
    </p>
   </div>
   <div class='ocr_carea' id='block_1_62' title="bbox 244 1691 1044 1729">
    <p class='ocr_par' dir='ltr' id='par_1_62' title="bbox 244 1691 1044 1729">
     <span class='ocr_line' id='line_1_62' title="bbox 244 1691 1044 1729; baseline 0.005 -11"><span class='ocrx_word' id='word_1_430' title='bbox 244 1691 365 1726; x_wconf 77' lang='lat' dir='ltr'><strong>vitiaqne</strong></span> <span class='ocrx_word' id='word_1_431' title='bbox 386 1691 508 1726; x_wconf 84' lang='lat' dir='ltr'><strong>depellit,</strong></span> <span class='ocrx_word' id='word_1_432' title='bbox 532 1692 597 1720; x_wconf 93' lang='lat' dir='ltr'><strong>dum</strong></span> <span class='ocrx_word' id='word_1_433' title='bbox 623 1699 701 1728; x_wconf 88' lang='lat' dir='ltr'><strong>potes</strong></span> <span class='ocrx_word' id='word_1_434' title='bbox 726 1693 870 1721; x_wconf 81' lang='lat' dir='ltr'><strong>cerebrum</strong></span> <span class='ocrx_word' id='word_1_435' title='bbox 886 1697 963 1721; x_wconf 87' lang='lat' dir='ltr'><strong>tuum</strong></span> <span class='ocrx_word' id='word_1_436' title='bbox 978 1702 1044 1729; x_wconf 86' lang='lat' dir='ltr'><strong>pur-</strong></span> 
     </span>
    </p>
   </div>
   <div class='ocr_carea' id='block_1_63' title="bbox 246 1738 1044 1773">
    <p class='ocr_par' dir='ltr' id='par_1_63' title="bbox 246 1738 1044 1773">
     <span class='ocr_line' id='line_1_63' title="bbox 246 1738 1044 1773; baseline 0.003 -8"><span class='ocrx_word' id='word_1_437' title='bbox 246 1745 320 1773; x_wconf 79' lang='lat' dir='ltr'><strong>gare,</strong></span> <span class='ocrx_word' id='word_1_438' title='bbox 344 1738 485 1773; x_wconf 87' lang='lat' dir='ltr'><strong>donecque</strong></span> <span class='ocrx_word' id='word_1_439' title='bbox 509 1745 540 1766; x_wconf 90' lang='lat' dir='ltr'><strong>es</strong></span> <span class='ocrx_word' id='word_1_440' title='bbox 563 1739 591 1766; x_wconf 92' lang='lat' dir='ltr'><strong>in</strong></span> <span class='ocrx_word' id='word_1_441' title='bbox 615 1739 681 1772; x_wconf 83' lang='lat' dir='ltr'><strong>vita,</strong></span> <span class='ocrx_word' id='word_1_442' title='bbox 711 1739 825 1766; x_wconf 90' lang='lat' dir='ltr'><strong>multam</strong></span> <span class='ocrx_word' id='word_1_443' title='bbox 851 1739 890 1766; x_wconf 89' lang='lat' dir='ltr'><strong>tui</strong></span> <span class='ocrx_word' id='word_1_444' title='bbox 911 1739 1044 1768; x_wconf 87' lang='lat' dir='ltr'><strong>rationem</strong></span> 
     </span>
    </p>
   </div>
   <div class='ocr_carea' id='block_1_64' title="bbox 247 1783 358 1810">
    <p class='ocr_par' dir='ltr' id='par_1_64' title="bbox 247 1783 358 1810">
     <span class='ocr_line' id='line_1_64' title="bbox 247 1783 358 1810; baseline -0.009 0"><span class='ocrx_word' id='word_1_445' title='bbox 247 1783 358 1810; x_wconf 87' lang='lat' dir='ltr'><strong>habeto.</strong></span> 
     </span>
    </p>
   </div>
   <div class='ocr_carea' id='block_1_65' title="bbox 285 1828 1037 1865">
    <p class='ocr_par' dir='ltr' id='par_1_65' title="bbox 285 1828 1037 1865">
     <span class='ocr_line' id='line_1_65' title="bbox 285 1828 1037 1865; baseline 0.003 -9"><span class='ocrx_word' id='word_1_446' title='bbox 285 1839 294 1855; x_wconf 78' lang='grc' dir='ltr'><strong>ι</strong></span> <span class='ocrx_word' id='word_1_447' title='bbox 312 1828 346 1856; x_wconf 77' lang='lat' dir='ltr'><strong>Et</strong></span> <span class='ocrx_word' id='word_1_448' title='bbox 359 1834 505 1865; x_wconf 80' lang='lat' dir='ltr'><strong>antequam</strong></span> <span class='ocrx_word' id='word_1_449' title='bbox 517 1835 674 1857; x_wconf 84' lang='lat' dir='ltr'><strong>conteratur</strong></span> <span class='ocrx_word' id='word_1_450' title='bbox 685 1830 780 1865; x_wconf 83' lang='lat' dir='ltr'><strong>hydria</strong></span> <span class='ocrx_word' id='word_1_451' title='bbox 796 1838 878 1865; x_wconf 85' lang='lat' dir='ltr'><strong>super</strong></span> <span class='ocrx_word' id='word_1_452' title='bbox 894 1830 1009 1858; x_wconf 82' lang='lat' dir='ltr'><strong>fontem.</strong></span> <span class='ocrx_word' id='word_1_453' title='bbox 1029 1841 1037 1858; x_wconf 72' lang='grc' dir='ltr'><strong>ι</strong></span> 
     </span>
    </p>
   </div>
   <div class='ocr_carea' id='block_1_66' title="bbox 247 1873 1044 1910">
    <p class='ocr_par' dir='ltr' id='par_1_66' title="bbox 247 1873 1044 1910">
     <span class='ocr_line' id='line_1_66' title="bbox 247 1873 1044 1910; baseline 0.003 -9"><span class='ocrx_word' id='word_1_454' title='bbox 247 1873 304 1903; x_wconf 91' lang='lat' dir='ltr'><strong>lloc</strong></span> <span class='ocrx_word' id='word_1_455' title='bbox 318 1875 377 1903; x_wconf 89' lang='lat' dir='ltr'><strong>loco</strong></span> <span class='ocrx_word' id='word_1_456' title='bbox 393 1874 573 1903; x_wconf 82' lang='lat' dir='ltr'><strong>Ecclesiastes</strong></span> <span class='ocrx_word' id='word_1_457' title='bbox 587 1879 682 1902; x_wconf 88' lang='lat' dir='ltr'><strong>noster</strong></span> <span class='ocrx_word' id='word_1_458' title='bbox 696 1875 907 1910; x_wconf 83' lang='lat' dir='ltr'><strong>philosophatur</strong></span> <span class='ocrx_word' id='word_1_459' title='bbox 922 1876 957 1904; x_wconf 83' lang='lat' dir='ltr'><strong>de</strong></span> <span class='ocrx_word' id='word_1_460' title='bbox 969 1883 1044 1903; x_wconf 86' lang='lat' dir='ltr'><strong>mas-</strong></span> 
     </span>
    </p>
   </div>
   <div class='ocr_carea' id='block_1_67' title="bbox 247 1920 1047 1956">
    <p class='ocr_par' dir='ltr' id='par_1_67' title="bbox 247 1920 1047 1956">
     <span class='ocr_line' id='line_1_67' title="bbox 247 1920 1047 1956; baseline 0 -7"><span class='ocrx_word' id='word_1_461' title='bbox 247 1928 277 1948; x_wconf 85' lang='lat' dir='ltr'><strong>sa</strong></span> <span class='ocrx_word' id='word_1_462' title='bbox 291 1928 324 1949; x_wconf 82' lang='lat' dir='ltr'><strong>ac</strong></span> <span class='ocrx_word' id='word_1_463' title='bbox 336 1921 416 1956; x_wconf 76' lang='lat' dir='ltr'><strong>globo</strong></span> <span class='ocrx_word' id='word_1_464' title='bbox 432 1920 545 1949; x_wconf 91' lang='lat' dir='ltr'><strong>humani</strong></span> <span class='ocrx_word' id='word_1_465' title='bbox 561 1920 694 1956; x_wconf 90' lang='lat' dir='ltr'><strong>corporis.</strong></span> <span class='ocrx_word' id='word_1_466' title='bbox 716 1920 755 1948; x_wconf 86' lang='lat' dir='ltr'><strong>Ne</strong></span> <span class='ocrx_word' id='word_1_467' title='bbox 769 1921 831 1956; x_wconf 90' lang='lat' dir='ltr'><strong>quis</strong></span> <span class='ocrx_word' id='word_1_468' title='bbox 847 1921 920 1949; x_wconf 89' lang='lat' dir='ltr'><strong>enim</strong></span> <span class='ocrx_word' id='word_1_469' title='bbox 938 1925 1047 1956; x_wconf 86' lang='lat' dir='ltr'><strong>putaret</strong></span> 
     </span>
    </p>
   </div>
   <div class='ocr_carea' id='block_1_68' title="bbox 247 1966 1045 2003">
    <p class='ocr_par' dir='ltr' id='par_1_68' title="bbox 247 1966 1045 2003">
     <span class='ocr_line' id='line_1_68' title="bbox 247 1966 1045 2003; baseline 0 -9"><span class='ocrx_word' id='word_1_470' title='bbox 247 1968 300 1996; x_wconf 93' lang='lat' dir='ltr'><strong>hoc</strong></span> <span class='ocrx_word' id='word_1_471' title='bbox 319 1975 419 2003; x_wconf 88' lang='lat' dir='ltr'><strong>corpus</strong></span> <span class='ocrx_word' id='word_1_472' title='bbox 441 1971 567 1995; x_wconf 87' lang='lat' dir='ltr'><strong>nostrum</strong></span> <span class='ocrx_word' id='word_1_473' title='bbox 587 1967 661 2002; x_wconf 90' lang='lat' dir='ltr'><strong>quod</strong></span> <span class='ocrx_word' id='word_1_474' title='bbox 682 1966 711 1994; x_wconf 93' lang='lat' dir='ltr'><strong>in</strong></span> <span class='ocrx_word' id='word_1_475' title='bbox 734 1972 821 1995; x_wconf 88' lang='lat' dir='ltr'><strong>morte</strong></span> <span class='ocrx_word' id='word_1_476' title='bbox 843 1967 1001 2000; x_wconf 80' lang='lat' dir='ltr'><strong>resolvitur,</strong></span> <span class='ocrx_word' id='word_1_477' title='bbox 1017 1967 1045 1995; x_wconf 92' lang='lat' dir='ltr'><strong>in</strong></span> 
     </span>
    </p>
   </div>
   <div class='ocr_carea' id='block_1_69' title="bbox 247 2012 1045 2048">
    <p class='ocr_par' dir='ltr' id='par_1_69' title="bbox 247 2012 1045 2048">
     <span class='ocr_line' id='line_1_69' title="bbox 247 2012 1045 2048; baseline 0.001 -9"><span class='ocrx_word' id='word_1_478' title='bbox 247 2012 363 2040; x_wconf 83' lang='lat' dir='ltr'><strong>nihilum</strong></span> <span class='ocrx_word' id='word_1_479' title='bbox 381 2017 518 2048; x_wconf 88' lang='lat' dir='ltr'><strong>perpetuo</strong></span> <span class='ocrx_word' id='word_1_480' title='bbox 541 2012 681 2040; x_wconf 84' lang='lat' dir='ltr'><strong>abiturum</strong></span> <span class='ocrx_word' id='word_1_481' title='bbox 697 2020 775 2046; x_wconf 89' lang='lat' dir='ltr'><strong>esse,</strong></span> <span class='ocrx_word' id='word_1_482' title='bbox 795 2013 944 2048; x_wconf 80' lang='lat' dir='ltr'><strong>symbolice</strong></span> <span class='ocrx_word' id='word_1_483' title='bbox 966 2013 1045 2040; x_wconf 88' lang='lat' dir='ltr'><strong>nobis</strong></span> 
     </span>
    </p>
   </div>
   <div class='ocr_carea' id='block_1_70' title="bbox 246 2057 1045 2094">
    <p class='ocr_par' dir='ltr' id='par_1_70' title="bbox 246 2057 1045 2094">
     <span class='ocr_line' id='line_1_70' title="bbox 246 2057 1045 2094; baseline 0 -8"><span class='ocrx_word' id='word_1_484' title='bbox 246 2057 366 2086; x_wconf 84' lang='lat' dir='ltr'><strong>ostendit</strong></span> <span class='ocrx_word' id='word_1_485' title='bbox 391 2065 469 2086; x_wconf 88' lang='lat' dir='ltr'><strong>suam</strong></span> <span class='ocrx_word' id='word_1_486' title='bbox 501 2058 682 2094; x_wconf 86' lang='lat' dir='ltr'><strong>reparabilem</strong></span> <span class='ocrx_word' id='word_1_487' title='bbox 717 2059 931 2093; x_wconf 82' lang='lat' dir='ltr'><strong>perennitatem.</strong></span> <span class='ocrx_word' id='word_1_488' title='bbox 968 2058 1045 2087; x_wconf 90' lang='lat' dir='ltr'><strong>Sicut</strong></span> 
     </span>
    </p>
   </div>
   <div class='ocr_carea' id='block_1_71' title="bbox 245 2103 1046 2140">
    <p class='ocr_par' dir='ltr' id='par_1_71' title="bbox 245 2103 1046 2140">
     <span class='ocr_line' id='line_1_71' title="bbox 245 2103 1046 2140; baseline 0 -8"><span class='ocrx_word' id='word_1_489' title='bbox 245 2105 321 2132; x_wconf 88' lang='lat' dir='ltr'><strong>enim</strong></span> <span class='ocrx_word' id='word_1_490' title='bbox 344 2104 439 2140; x_wconf 83' lang='lat' dir='ltr'><strong>hydria</strong></span> <span class='ocrx_word' id='word_1_491' title='bbox 462 2104 543 2139; x_wconf 77' lang='lat' dir='ltr'><strong>juxta</strong></span> <span class='ocrx_word' id='word_1_492' title='bbox 561 2103 665 2131; x_wconf 81' lang='lat' dir='ltr'><strong>fontem</strong></span> <span class='ocrx_word' id='word_1_493' title='bbox 686 2104 790 2135; x_wconf 86' lang='lat' dir='ltr'><strong>attrita,</strong></span> <span class='ocrx_word' id='word_1_494' title='bbox 811 2112 881 2139; x_wconf 87' lang='lat' dir='ltr'><strong>aqua</strong></span> <span class='ocrx_word' id='word_1_495' title='bbox 898 2112 954 2132; x_wconf 85' lang='lat' dir='ltr'><strong>non</strong></span> <span class='ocrx_word' id='word_1_496' title='bbox 975 2105 1046 2140; x_wconf 88' lang='lat' dir='ltr'><strong>perit</strong></span> 
     </span>
    </p>
   </div>
   <div class='ocr_carea' id='block_1_72' title="bbox 247 2151 1046 2185">
    <p class='ocr_par' dir='ltr' id='par_1_72' title="bbox 247 2151 1046 2185">
     <span class='ocr_line' id='line_1_72' title="bbox 247 2151 1046 2185; baseline 0 -6"><span class='ocrx_word' id='word_1_497' title='bbox 247 2159 298 2179; x_wconf 90' lang='lat' dir='ltr'><strong>nec</strong></span> <span class='ocrx_word' id='word_1_498' title='bbox 310 2151 462 2183; x_wconf 84' lang='lat' dir='ltr'><strong>evanescit,</strong></span> <span class='ocrx_word' id='word_1_499' title='bbox 478 2151 526 2178; x_wconf 87' lang='lat' dir='ltr'><strong>sed</strong></span> <span class='ocrx_word' id='word_1_500' title='bbox 543 2151 570 2179; x_wconf 88' lang='lat' dir='ltr'><strong>in</strong></span> <span class='ocrx_word' id='word_1_501' title='bbox 583 2151 685 2178; x_wconf 81' lang='lat' dir='ltr'><strong>fontem</strong></span> <span class='ocrx_word' id='word_1_502' title='bbox 706 2158 785 2178; x_wconf 86' lang='lat' dir='ltr'><strong>suum</strong></span> <span class='ocrx_word' id='word_1_503' title='bbox 801 2151 957 2185; x_wconf 81' lang='lat' dir='ltr'><strong>revertitur,</strong></span> <span class='ocrx_word' id='word_1_504' title='bbox 983 2160 1046 2179; x_wconf 86' lang='lat' dir='ltr'><strong>rur-</strong></span> 
     </span>
    </p>
   </div>
   <div class='ocr_carea' id='block_1_73' title="bbox 247 2196 1045 2231">
    <p class='ocr_par' dir='ltr' id='par_1_73' title="bbox 247 2196 1045 2231">
     <span class='ocr_line' id='line_1_73' title="bbox 247 2196 1045 2231; baseline 0 -7"><span class='ocrx_word' id='word_1_505' title='bbox 247 2204 347 2231; x_wconf 87' lang='lat' dir='ltr'><strong>susque</strong></span> <span class='ocrx_word' id='word_1_506' title='bbox 368 2203 430 2223; x_wconf 88' lang='lat' dir='ltr'><strong>cum</strong></span> <span class='ocrx_word' id='word_1_507' title='bbox 459 2196 521 2230; x_wconf 88' lang='lat' dir='ltr'><strong>quis</strong></span> <span class='ocrx_word' id='word_1_508' title='bbox 537 2196 663 2228; x_wconf 79' lang='lat' dir='ltr'><strong>voluerit,</strong></span> <span class='ocrx_word' id='word_1_509' title='bbox 688 2203 785 2231; x_wconf 81' lang='lat' dir='ltr'><strong>aquam</strong></span> <span class='ocrx_word' id='word_1_510' title='bbox 809 2198 910 2231; x_wconf 84' lang='lat' dir='ltr'><strong>poterit</strong></span> <span class='ocrx_word' id='word_1_511' title='bbox 936 2197 1045 2224; x_wconf 85' lang='lat' dir='ltr'><strong>haurire</strong></span> 
     </span>
    </p>
   </div>
   <div class='ocr_carea' id='block_1_74' title="bbox 248 2227 1083 2277">
    <p class='ocr_par' dir='ltr' id='par_1_74' title="bbox 248 2227 1083 2277">
     <span class='ocr_line' id='line_1_74' title="bbox 248 2227 1083 2277; baseline -0.001 -7"><span class='ocrx_word' id='word_1_512' title='bbox 248 2242 283 2270; x_wconf 84' lang='lat' dir='ltr'><strong>de</strong></span> <span class='ocrx_word' id='word_1_513' title='bbox 303 2227 396 2269; x_wconf 64' lang='lat' dir='ltr'><strong>ionte:</strong></span> <span class='ocrx_word' id='word_1_514' title='bbox 415 2242 451 2268; x_wconf 86' lang='lat' dir='ltr'><strong>ita</strong></span> <span class='ocrx_word' id='word_1_515' title='bbox 465 2227 493 2268; x_wconf 74' lang='lat' dir='ltr'><strong>et</strong></span> <span class='ocrx_word' id='word_1_516' title='bbox 515 2249 614 2277; x_wconf 87' lang='lat' dir='ltr'><strong>corpus</strong></span> <span class='ocrx_word' id='word_1_517' title='bbox 630 2227 702 2276; x_wconf 85' lang='lat' dir='ltr'><strong>quod</strong></span> <span class='ocrx_word' id='word_1_518' title='bbox 715 2227 748 2268; x_wconf 76' lang='lat' dir='ltr'><strong>in</strong></span> <span class='ocrx_word' id='word_1_519' title='bbox 773 2227 909 2269; x_wconf 77' lang='lat' dir='ltr'><strong>elementa</strong></span> <span class='ocrx_word' id='word_1_520' title='bbox 931 2243 1046 2270; x_wconf 87' lang='lat' dir='ltr'><strong>rcsolvi--</strong></span> <span class='ocrx_word' id='word_1_521' title='bbox 1063 2227 1083 2254; x_wconf 69' lang='grc' dir='ltr'><strong>θ</strong></span> 
     </span>
    </p>
   </div>
   <div class='ocr_carea' id='block_1_75' title="bbox 250 2280 1047 2325">
    <p class='ocr_par' dir='ltr' id='par_1_75' title="bbox 250 2280 1047 2325">
     <span class='ocr_line' id='line_1_75' title="bbox 250 2280 1047 2325; baseline 0.001 -10"><span class='ocrx_word' id='word_1_522' title='bbox 250 2293 304 2322; x_wconf 89' lang='lat' dir='ltr'><strong>tur,</strong></span> <span class='ocrx_word' id='word_1_523' title='bbox 319 2288 348 2315; x_wconf 91' lang='lat' dir='ltr'><strong>in</strong></span> <span class='ocrx_word' id='word_1_524' title='bbox 365 2287 470 2316; x_wconf 84' lang='lat' dir='ltr'><strong>fontem</strong></span> <span class='ocrx_word' id='word_1_525' title='bbox 486 2296 567 2316; x_wconf 91' lang='lat' dir='ltr'><strong>suum</strong></span> <span class='ocrx_word' id='word_1_526' title='bbox 584 2288 695 2324; x_wconf 88' lang='lat' dir='ltr'><strong>(terram</strong></span> <span class='ocrx_word' id='word_1_527' title='bbox 719 2280 846 2316; x_wconf 83' lang='lat' dir='ltr'><strong>videlicet</strong></span> <span class='ocrx_word' id='word_1_528' title='bbox 859 2289 956 2325; x_wconf 85' lang='lat' dir='ltr'><strong>ipsam)</strong></span> <span class='ocrx_word' id='word_1_529' title='bbox 977 2290 1047 2317; x_wconf 87' lang='lat' dir='ltr'><strong>redit</strong></span> 
     </span>
    </p>
   </div>
   <div class='ocr_carea' id='block_1_76' title="bbox 249 2334 1047 2371">
    <p class='ocr_par' dir='ltr' id='par_1_76' title="bbox 249 2334 1047 2371">
     <span class='ocr_line' id='line_1_76' title="bbox 249 2334 1047 2371; baseline 0.001 -9"><span class='ocrx_word' id='word_1_530' title='bbox 249 2339 370 2370; x_wconf 89' lang='lat' dir='ltr'><strong>paratum</strong></span> <span class='ocrx_word' id='word_1_531' title='bbox 402 2334 501 2363; x_wconf 89' lang='lat' dir='ltr'><strong>iterum</strong></span> <span class='ocrx_word' id='word_1_532' title='bbox 540 2335 568 2362; x_wconf 93' lang='lat' dir='ltr'><strong>in</strong></span> <span class='ocrx_word' id='word_1_533' title='bbox 603 2335 725 2363; x_wconf 85' lang='lat' dir='ltr'><strong>membra</strong></span> <span class='ocrx_word' id='word_1_534' title='bbox 757 2336 902 2370; x_wconf 81' lang='lat' dir='ltr'><strong>componi,</strong></span> <span class='ocrx_word' id='word_1_535' title='bbox 936 2337 1047 2371; x_wconf 86' lang='lat' dir='ltr'><strong>quando</strong></span> 
     </span>
    </p>
   </div>
   <div class='ocr_carea' id='block_1_77' title="bbox 248 2381 1047 2417">
    <p class='ocr_par' dir='ltr' id='par_1_77' title="bbox 248 2381 1047 2417">
     <span class='ocr_line' id='line_1_77' title="bbox 248 2381 1047 2417; baseline 0.003 -8"><span class='ocrx_word' id='word_1_536' title='bbox 248 2382 351 2410; x_wconf 89' lang='lat' dir='ltr'><strong>Auctor</strong></span> <span class='ocrx_word' id='word_1_537' title='bbox 374 2381 419 2409; x_wconf 87' lang='lat' dir='ltr'><strong>ille</strong></span> <span class='ocrx_word' id='word_1_538' title='bbox 454 2381 572 2409; x_wconf 81' lang='lat' dir='ltr'><strong>voluerit</strong></span> <span class='ocrx_word' id='word_1_539' title='bbox 597 2382 644 2417; x_wconf 87' lang='lat' dir='ltr'><strong>qui</strong></span> <span class='ocrx_word' id='word_1_540' title='bbox 665 2382 700 2410; x_wconf 86' lang='lat' dir='ltr'><strong>ab</strong></span> <span class='ocrx_word' id='word_1_541' title='bbox 716 2381 794 2409; x_wconf 87' lang='lat' dir='ltr'><strong>initio</strong></span> <span class='ocrx_word' id='word_1_542' title='bbox 812 2381 876 2409; x_wconf 92' lang='lat' dir='ltr'><strong>illud</strong></span> <span class='ocrx_word' id='word_1_543' title='bbox 891 2382 1047 2417; x_wconf 81' lang='lat' dir='ltr'><strong>plasmavit.</strong></span> 
     </span>
    </p>
   </div>
   <div class='ocr_carea' id='block_1_78' title="bbox 247 2427 1048 2463">
    <p class='ocr_par' dir='ltr' id='par_1_78' title="bbox 247 2427 1048 2463">
     <span class='ocr_line' id='line_1_78' title="bbox 247 2427 1048 2463; baseline 0.001 -7"><span class='ocrx_word' id='word_1_544' title='bbox 247 2427 334 2456; x_wconf 83' lang='lat' dir='ltr'><strong>Aliter</strong></span> <span class='ocrx_word' id='word_1_545' title='bbox 357 2437 363 2454; x_wconf 93' lang='lat'><strong>:</strong></span> <span class='ocrx_word' id='word_1_546' title='bbox 385 2429 462 2462; x_wconf 80' lang='lat' dir='ltr'><strong>Aqua</strong></span> <span class='ocrx_word' id='word_1_547' title='bbox 495 2427 647 2463; x_wconf 74' lang='lat' dir='ltr'><strong>hydriaejn</strong></span> <span class='ocrx_word' id='word_1_548' title='bbox 681 2427 757 2455; x_wconf 81' lang='lat' dir='ltr'><strong>fonte</strong></span> <span class='ocrx_word' id='word_1_549' title='bbox 790 2435 846 2455; x_wconf 92' lang='lat' dir='ltr'><strong>non</strong></span> <span class='ocrx_word' id='word_1_550' title='bbox 883 2428 970 2463; x_wconf 86' lang='lat' dir='ltr'><strong>perit,</strong></span> <span class='ocrx_word' id='word_1_551' title='bbox 998 2430 1048 2457; x_wconf 89' lang='lat' dir='ltr'><strong>sed</strong></span> 
     </span>
    </p>
   </div>
   <div class='ocr_carea' id='block_1_79' title="bbox 250 2472 1048 2509">
    <p class='ocr_par' dir='ltr' id='par_1_79' title="bbox 250 2472 1048 2509">
     <span class='ocr_line' id='line_1_79' title="bbox 250 2472 1048 2509; baseline 0.004 -10"><span class='ocrx_word' id='word_1_552' title='bbox 250 2473 283 2500; x_wconf 89' lang='lat' dir='ltr'><strong>ad</strong></span> <span class='ocrx_word' id='word_1_553' title='bbox 331 2480 408 2500; x_wconf 89' lang='lat' dir='ltr'><strong>suam</strong></span> <span class='ocrx_word' id='word_1_554' title='bbox 449 2472 647 2507; x_wconf 81' lang='lat' dir='ltr'><strong>plenitudinem</strong></span> <span class='ocrx_word' id='word_1_555' title='bbox 695 2473 935 2509; x_wconf 78' lang='lat' dir='ltr'><strong>integritatemque</strong></span> <span class='ocrx_word' id='word_1_556' title='bbox 968 2482 1048 2502; x_wconf 86' lang='lat' dir='ltr'><strong>acce-</strong></span> 
     </span>
    </p>
   </div>
   <div class='ocr_carea' id='block_1_80' title="bbox 250 2518 1049 2555">
    <p class='ocr_par' dir='ltr' id='par_1_80' title="bbox 250 2518 1049 2555">
     <span class='ocr_line' id='line_1_80' title="bbox 250 2518 1049 2555; baseline 0.001 -9"><span class='ocrx_word' id='word_1_557' title='bbox 250 2519 290 2547; x_wconf 89' lang='lat' dir='ltr'><strong>dit</strong></span> <span class='ocrx_word' id='word_1_558' title='bbox 318 2519 345 2546; x_wconf 91' lang='lat' dir='ltr'><strong>in</strong></span> <span class='ocrx_word' id='word_1_559' title='bbox 386 2518 462 2546; x_wconf 72' lang='lat' dir='ltr'><strong>fonte</strong></span> <span class='ocrx_word' id='word_1_560' title='bbox 492 2518 553 2553; x_wconf 86' lang='lat' dir='ltr'><strong>ipso</strong></span> <span class='ocrx_word' id='word_1_561' title='bbox 587 2519 775 2546; x_wconf 76' lang='lat' dir='ltr'><strong>exsistentem.</strong></span> <span class='ocrx_word' id='word_1_562' title='bbox 815 2518 930 2552; x_wconf 86' lang='lat' dir='ltr'><strong>Quando</strong></span> <span class='ocrx_word' id='word_1_563' title='bbox 967 2520 1049 2555; x_wconf 77' lang='lat' dir='ltr'><strong>igitur</strong></span> 
     </span>
    </p>
   </div>
   <div class='ocr_carea' id='block_1_81' title="bbox 250 2564 1049 2601">
    <p class='ocr_par' dir='ltr' id='par_1_81' title="bbox 250 2564 1049 2601">
     <span class='ocr_line' id='line_1_81' title="bbox 250 2564 1049 2601; baseline 0.001 -8"><span class='ocrx_word' id='word_1_564' title='bbox 250 2565 323 2601; x_wconf 88' lang='lat' dir='ltr'><strong>quod</strong></span> <span class='ocrx_word' id='word_1_565' title='bbox 344 2573 377 2593; x_wconf 79' lang='lat' dir='ltr'><strong>ex</strong></span> <span class='ocrx_word' id='word_1_566' title='bbox 394 2569 482 2600; x_wconf 82' lang='lat' dir='ltr'><strong>parte.</strong></span> <span class='ocrx_word' id='word_1_567' title='bbox 511 2570 674 2592; x_wconf 84' lang='lat' dir='ltr'><strong>evacuatum</strong></span> <span class='ocrx_word' id='word_1_568' title='bbox 699 2564 791 2599; x_wconf 81' lang='lat' dir='ltr'><strong>fuerit,</strong></span> <span class='ocrx_word' id='word_1_569' title='bbox 808 2566 902 2601; x_wconf 81' lang='lat' dir='ltr'><strong>.juxta</strong></span> <span class='ocrx_word' id='word_1_570' title='bbox 930 2567 1049 2601; x_wconf 81' lang='lat' dir='ltr'><strong>Apesto-</strong></span> 
     </span>
    </p>
   </div>
   <div class='ocr_carea' id='block_1_82' title="bbox 250 2610 1050 2645">
    <p class='ocr_par' dir='ltr' id='par_1_82' title="bbox 250 2610 1050 2645">
     <span class='ocr_line' id='line_1_82' title="bbox 250 2610 1050 2645; baseline 0.001 -6"><span class='ocrx_word' id='word_1_571' title='bbox 250 2610 348 2644; x_wconf 80' lang='lat' dir='ltr'><strong>lum“,</strong></span> <span class='ocrx_word' id='word_1_572' title='bbox 385 2614 450 2638; x_wconf 90' lang='lat' dir='ltr'><strong>tunc</strong></span> <span class='ocrx_word' id='word_1_573' title='bbox 486 2610 578 2638; x_wconf 85' lang='lat' dir='ltr'><strong>veniet</strong></span> <span class='ocrx_word' id='word_1_574' title='bbox 619 2611 695 2645; x_wconf 87' lang='lat' dir='ltr'><strong>quod</strong></span> <span class='ocrx_word' id='word_1_575' title='bbox 725 2611 875 2645; x_wconf 76' lang='lat' dir='ltr'><strong>perfectum</strong></span> <span class='ocrx_word' id='word_1_576' title='bbox 900 2617 953 2640; x_wconf 87' lang='lat' dir='ltr'><strong>est.</strong></span> <span class='ocrx_word' id='word_1_577' title='bbox 982 2611 1050 2640; x_wconf 82' lang='lat' dir='ltr'><strong>Par-</strong></span> 
     </span>
    </p>
   </div>
   <div class='ocr_carea' id='block_1_83' title="bbox 1097 1593 1891 1635">
    <p class='ocr_par' dir='ltr' id='par_1_83' title="bbox 1097 1593 1891 1635">
     <span class='ocr_line' id='line_1_83' title="bbox 1097 1593 1891 1635; baseline -0.008 -8"><span class='ocrx_word' id='word_1_578' title='bbox 1097 1600 1203 1635; x_wconf 83' lang='grc' dir='ltr'>γελλίου</span> <span class='ocrx_word' id='word_1_579' title='bbox 1232 1599 1267 1626; x_wconf 79' lang='grc' dir='ltr'><strong>τὰ</strong></span> <span class='ocrx_word' id='word_1_580' title='bbox 1292 1600 1321 1626; x_wconf 80' lang='grc' dir='ltr'>ὲν</span> <span class='ocrx_word' id='word_1_581' title='bbox 1346 1599 1413 1634; x_wconf 81' lang='grc' dir='ltr'>ἡμῖν</span> <span class='ocrx_word' id='word_1_582' title='bbox 1438 1597 1598 1625; x_wconf 76' lang='grc' dir='ltr'>ἀπελαύνων</span> <span class='ocrx_word' id='word_1_583' title='bbox 1615 1596 1701 1631; x_wconf 73' lang='grc' dir='ltr'>πάθη,</span> <span class='ocrx_word' id='word_1_584' title='bbox 1726 1596 1760 1622; x_wconf 85' lang='grc' dir='ltr'>δι’</span> <span class='ocrx_word' id='word_1_585' title='bbox 1773 1593 1804 1622; x_wconf 79' lang='grc' dir='ltr'><strong>οὒ</strong></span> <span class='ocrx_word' id='word_1_586' title='bbox 1823 1594 1891 1631; x_wconf 76' lang='grc' dir='ltr'>δύνῃ</span> 
     </span>
    </p>
   </div>
   <div class='ocr_carea' id='block_1_84' title="bbox 1097 1639 1891 1683">
    <p class='ocr_par' dir='ltr' id='par_1_84' title="bbox 1097 1639 1891 1683">
     <span class='ocr_line' id='line_1_84' title="bbox 1097 1639 1891 1683; baseline -0.009 -9"><span class='ocrx_word' id='word_1_587' title='bbox 1097 1646 1218 1683; x_wconf 84' lang='grc' dir='ltr'>καθᾶραι</span> <span class='ocrx_word' id='word_1_588' title='bbox 1234 1646 1264 1672; x_wconf 80' lang='grc' dir='ltr'>τὸ</span> <span class='ocrx_word' id='word_1_589' title='bbox 1280 1646 1308 1672; x_wconf 71' lang='grc' dir='ltr'>ἐν</span> <span class='ocrx_word' id='word_1_590' title='bbox 1329 1645 1371 1671; x_wconf 70' lang='grc' dir='ltr'>σοὶ</span> <span class='ocrx_word' id='word_1_591' title='bbox 1397 1643 1574 1680; x_wconf 67' lang='grc' dir='ltr'>ὴγεμονικόνυ</span> <span class='ocrx_word' id='word_1_592' title='bbox 1599 1643 1661 1670; x_wconf 82' lang='grc' dir='ltr'>ἀντὶ</span> <span class='ocrx_word' id='word_1_593' title='bbox 1683 1642 1742 1674; x_wconf 76' lang='grc' dir='ltr'>τοῦ,</span> <span class='ocrx_word' id='word_1_594' title='bbox 1754 1642 1806 1673; x_wconf 76' lang='grc' dir='ltr'><strong>ἓως</strong></span> <span class='ocrx_word' id='word_1_595' title='bbox 1822 1639 1848 1668; x_wconf 67' lang='lat' dir='ltr'><strong>ei</strong></span> <span class='ocrx_word' id='word_1_596' title='bbox 1861 1641 1891 1668; x_wconf 78' lang='grc' dir='ltr'>ἐν</span> 
     </span>
    </p>
   </div>
   <div class='ocr_carea' id='block_1_85' title="bbox 1096 1688 1849 1728">
    <p class='ocr_par' dir='ltr' id='par_1_85' title="bbox 1096 1688 1849 1728">
     <span class='ocr_line' id='line_1_85' title="bbox 1096 1688 1849 1728; baseline -0.008 -8"><span class='ocrx_word' id='word_1_597' title='bbox 1096 1691 1165 1728; x_wconf 78' lang='grc' dir='ltr'>τῷδε</span> <span class='ocrx_word' id='word_1_598' title='bbox 1178 1692 1218 1728; x_wconf 84' lang='grc' dir='ltr'>τῷ</span> <span class='ocrx_word' id='word_1_599' title='bbox 1233 1692 1295 1728; x_wconf 84' lang='grc' dir='ltr'>βίῳ,</span> <span class='ocrx_word' id='word_1_600' title='bbox 1313 1690 1414 1727; x_wconf 78' lang='grc' dir='ltr'>πολλὴν</span> <span class='ocrx_word' id='word_1_601' title='bbox 1428 1689 1528 1718; x_wconf 80' lang='grc' dir='ltr'>σαυτοῦ</span> <span class='ocrx_word' id='word_1_602' title='bbox 1545 1689 1660 1724; x_wconf 84' lang='grc' dir='ltr'>ποίησον</span> <span class='ocrx_word' id='word_1_603' title='bbox 1678 1688 1849 1724; x_wconf 77' lang='grc' dir='ltr'>ἐπιμέλειαν.</span> 
     </span>
    </p>
   </div>
   <div class='ocr_carea' id='block_1_86' title="bbox 1133 1824 1891 1861">
    <p class='ocr_par' dir='ltr' id='par_1_86' title="bbox 1133 1824 1891 1861">
     <span class='ocr_line' id='line_1_86' title="bbox 1133 1824 1891 1861; baseline -0.003 -9"><span class='ocrx_word' id='word_1_604' title='bbox 1133 1835 1144 1852; x_wconf 76' lang='grc'><strong>1</strong></span> <span class='ocrx_word' id='word_1_605' title='bbox 1162 1826 1216 1852; x_wconf 76' lang='grc' dir='ltr'><strong>Καὶ</strong></span> <span class='ocrx_word' id='word_1_606' title='bbox 1230 1825 1361 1861; x_wconf 80' lang='grc' dir='ltr'>συντριϐῇ</span> <span class='ocrx_word' id='word_1_607' title='bbox 1372 1826 1389 1861; x_wconf 87' lang='grc' dir='ltr'>ὴ</span> <span class='ocrx_word' id='word_1_608' title='bbox 1404 1825 1484 1861; x_wconf 78' lang='grc' dir='ltr'>ὑδρία</span> <span class='ocrx_word' id='word_1_609' title='bbox 1496 1824 1543 1852; x_wconf 72' lang='grc' dir='ltr'><strong>ἐπὶ</strong></span> <span class='ocrx_word' id='word_1_610' title='bbox 1557 1824 1607 1860; x_wconf 85' lang='grc' dir='ltr'><strong>τῆς</strong></span> <span class='ocrx_word' id='word_1_611' title='bbox 1623 1825 1724 1860; x_wconf 83' lang='grc' dir='ltr'>πηγῆς.</span> <span class='ocrx_word' id='word_1_612' title='bbox 1746 1834 1756 1851; x_wconf 71' lang='grc' dir='ltr'><strong>ι</strong></span> <span class='ocrx_word' id='word_1_613' title='bbox 1780 1824 1891 1851; x_wconf 71' lang='grc' dir='ltr'>Ἐνταῖμ</span> 
     </span>
    </p>
   </div>
   <div class='ocr_carea' id='block_1_87' title="bbox 1097 1871 1891 1908">
    <p class='ocr_par' dir='ltr' id='par_1_87' title="bbox 1097 1871 1891 1908">
     <span class='ocr_line' id='line_1_87' title="bbox 1097 1871 1891 1908; baseline -0.004 -8"><span class='ocrx_word' id='word_1_614' title='bbox 1097 1872 1132 1900; x_wconf 88' lang='grc' dir='ltr'><strong>θα</strong></span> <span class='ocrx_word' id='word_1_615' title='bbox 1145 1872 1287 1907; x_wconf 76' lang='grc' dir='ltr'>φιλοσοφεῖ</span> <span class='ocrx_word' id='word_1_616' title='bbox 1301 1871 1367 1907; x_wconf 75' lang='grc' dir='ltr'>περὶ</span> <span class='ocrx_word' id='word_1_617' title='bbox 1381 1871 1429 1898; x_wconf 79' lang='grc' dir='ltr'><strong>τοῦ</strong></span> <span class='ocrx_word' id='word_1_618' title='bbox 1451 1871 1624 1908; x_wconf 84' lang='grc' dir='ltr'>ἀνθρωπίνου</span> <span class='ocrx_word' id='word_1_619' title='bbox 1641 1871 1815 1907; x_wconf 79' lang='grc' dir='ltr'>φυράματος.</span> <span class='ocrx_word' id='word_1_620' title='bbox 1831 1872 1891 1898; x_wconf 75' lang='grc' dir='ltr'>Ἰνα</span> 
     </span>
    </p>
   </div>
   <div class='ocr_carea' id='block_1_88' title="bbox 1096 1917 1891 1954">
    <p class='ocr_par' dir='ltr' id='par_1_88' title="bbox 1096 1917 1891 1954">
     <span class='ocr_line' id='line_1_88' title="bbox 1096 1917 1891 1954; baseline -0.001 -9"><span class='ocrx_word' id='word_1_621' title='bbox 1096 1919 1152 1954; x_wconf 87' lang='grc' dir='ltr'><strong>γὰρ</strong></span> <span class='ocrx_word' id='word_1_622' title='bbox 1170 1919 1207 1954; x_wconf 85' lang='grc' dir='ltr'>μή</span> <span class='ocrx_word' id='word_1_623' title='bbox 1227 1927 1270 1951; x_wconf 81' lang='grc' dir='ltr'><strong>τις</strong></span> <span class='ocrx_word' id='word_1_624' title='bbox 1289 1918 1387 1954; x_wconf 78' lang='grc' dir='ltr'>νομίσῃ</span> <span class='ocrx_word' id='word_1_625' title='bbox 1402 1919 1442 1951; x_wconf 82' lang='grc' dir='ltr'><strong>είς</strong></span> <span class='ocrx_word' id='word_1_626' title='bbox 1462 1917 1635 1953; x_wconf 78' lang='grc' dir='ltr'>ἀνυπαρξίαν</span> <span class='ocrx_word' id='word_1_627' title='bbox 1651 1918 1751 1953; x_wconf 80' lang='grc' dir='ltr'>χωρεῖν</span> <span class='ocrx_word' id='word_1_628' title='bbox 1765 1917 1796 1944; x_wconf 83' lang='grc' dir='ltr'><strong>τὺ</strong></span> <span class='ocrx_word' id='word_1_629' title='bbox 1811 1917 1891 1953; x_wconf 83' lang='grc' dir='ltr'>σῶμα</span> 
     </span>
    </p>
   </div>
   <div class='ocr_carea' id='block_1_89' title="bbox 1096 1964 1891 2001">
    <p class='ocr_par' dir='ltr' id='par_1_89' title="bbox 1096 1964 1891 2001">
     <span class='ocr_line' id='line_1_89' title="bbox 1096 1964 1891 2001; baseline -0.003 -9"><span class='ocrx_word' id='word_1_630' title='bbox 1096 1966 1286 2001; x_wconf 83' lang='grc' dir='ltr'>διαλυόμενον,</span> <span class='ocrx_word' id='word_1_631' title='bbox 1304 1965 1349 1992; x_wconf 74' lang='grc' dir='ltr'><strong>διὰ</strong></span> <span class='ocrx_word' id='word_1_632' title='bbox 1375 1964 1513 2000; x_wconf 76' lang='grc' dir='ltr'>συμϐόλου</span> <span class='ocrx_word' id='word_1_633' title='bbox 1536 1964 1656 1992; x_wconf 79' lang='grc' dir='ltr'>διδάσκει</span> <span class='ocrx_word' id='word_1_634' title='bbox 1671 1964 1720 2000; x_wconf 84' lang='grc' dir='ltr'>τὴν</span> <span class='ocrx_word' id='word_1_635' title='bbox 1736 1964 1822 1991; x_wconf 73' lang='grc' dir='ltr'>αὐτοῦ</span> <span class='ocrx_word' id='word_1_636' title='bbox 1837 1973 1891 1990; x_wconf 80' lang='grc' dir='ltr'>πα-</span> 
     </span>
    </p>
   </div>
   <div class='ocr_carea' id='block_1_90' title="bbox 1098 2011 1891 2048">
    <p class='ocr_par' dir='ltr' id='par_1_90' title="bbox 1098 2011 1891 2048">
     <span class='ocr_line' id='line_1_90' title="bbox 1098 2011 1891 2048; baseline -0.004 -9"><span class='ocrx_word' id='word_1_637' title='bbox 1098 2012 1230 2048; x_wconf 83' lang='grc' dir='ltr'>ραμονήν.</span> <span class='ocrx_word' id='word_1_638' title='bbox 1251 2012 1356 2047; x_wconf 83' lang='grc' dir='ltr'>Ὠσπερ</span> <span class='ocrx_word' id='word_1_639' title='bbox 1370 2011 1424 2047; x_wconf 80' lang='grc' dir='ltr'>γὰρ</span> <span class='ocrx_word' id='word_1_640' title='bbox 1436 2011 1532 2047; x_wconf 78' lang='grc' dir='ltr'>ὑδρίας</span> <span class='ocrx_word' id='word_1_641' title='bbox 1551 2011 1620 2047; x_wconf 77' lang='grc' dir='ltr'>πρὸς</span> <span class='ocrx_word' id='word_1_642' title='bbox 1636 2012 1670 2047; x_wconf 82' lang='grc' dir='ltr'>τῇ</span> <span class='ocrx_word' id='word_1_643' title='bbox 1688 2011 1764 2047; x_wconf 80' lang='grc' dir='ltr'>πηγῇ</span> <span class='ocrx_word' id='word_1_644' title='bbox 1782 2018 1891 2046; x_wconf 84' lang='grc' dir='ltr'>συντρι-</span> 
     </span>
    </p>
   </div>
   <div class='ocr_carea' id='block_1_91' title="bbox 1096 2057 1891 2094">
    <p class='ocr_par' dir='ltr' id='par_1_91' title="bbox 1096 2057 1891 2094">
     <span class='ocr_line' id='line_1_91' title="bbox 1096 2057 1891 2094; baseline -0.004 -9"><span class='ocrx_word' id='word_1_645' title='bbox 1096 2058 1226 2094; x_wconf 73' lang='grc' dir='ltr'>ϐομένης,</span> <span class='ocrx_word' id='word_1_646' title='bbox 1244 2058 1274 2084; x_wconf 81' lang='grc' dir='ltr'>τὸ</span> <span class='ocrx_word' id='word_1_647' title='bbox 1294 2057 1367 2093; x_wconf 80' lang='grc' dir='ltr'>ὕδωρ</span> <span class='ocrx_word' id='word_1_648' title='bbox 1381 2058 1432 2084; x_wconf 83' lang='grc' dir='ltr'>οὐκ</span> <span class='ocrx_word' id='word_1_649' title='bbox 1448 2057 1610 2089; x_wconf 82' lang='grc' dir='ltr'>ἀπόλλυται,</span> <span class='ocrx_word' id='word_1_650' title='bbox 1634 2057 1692 2084; x_wconf 83' lang='grc' dir='ltr'>ἀλλ’</span> <span class='ocrx_word' id='word_1_651' title='bbox 1711 2058 1751 2089; x_wconf 80' lang='grc' dir='ltr'><strong>είς</strong></span> <span class='ocrx_word' id='word_1_652' title='bbox 1766 2057 1815 2093; x_wconf 78' lang='grc' dir='ltr'>τὴν</span> <span class='ocrx_word' id='word_1_653' title='bbox 1828 2057 1891 2082; x_wconf 87' lang='grc' dir='ltr'>ὲαυ-</span> 
     </span>
    </p>
   </div>
   <div class='ocr_carea' id='block_1_92' title="bbox 1096 2102 1891 2140">
    <p class='ocr_par' dir='ltr' id='par_1_92' title="bbox 1096 2102 1891 2140">
     <span class='ocr_line' id='line_1_92' title="bbox 1096 2102 1891 2140; baseline -0.004 -8"><span class='ocrx_word' id='word_1_654' title='bbox 1096 2105 1144 2132; x_wconf 78' lang='grc' dir='ltr'>τοῦ</span> <span class='ocrx_word' id='word_1_655' title='bbox 1157 2105 1250 2140; x_wconf 82' lang='grc' dir='ltr'>πηγὴν</span> <span class='ocrx_word' id='word_1_656' title='bbox 1267 2104 1386 2140; x_wconf 79' lang='grc' dir='ltr'>ἔρχεται·</span> <span class='ocrx_word' id='word_1_657' title='bbox 1408 2104 1456 2132; x_wconf 72' lang='grc' dir='ltr'>καὶ</span> <span class='ocrx_word' id='word_1_658' title='bbox 1474 2104 1556 2132; x_wconf 78' lang='grc' dir='ltr'>πάλιν</span> <span class='ocrx_word' id='word_1_659' title='bbox 1568 2104 1632 2131; x_wconf 79' lang='grc' dir='ltr'>ὅταν</span> <span class='ocrx_word' id='word_1_660' title='bbox 1648 2112 1692 2135; x_wconf 85' lang='grc' dir='ltr'><strong>τις</strong></span> <span class='ocrx_word' id='word_1_661' title='bbox 1704 2103 1795 2139; x_wconf 73' lang='grc' dir='ltr'>ἐθέλῃ,</span> <span class='ocrx_word' id='word_1_662' title='bbox 1810 2102 1891 2130; x_wconf 75' lang='grc' dir='ltr'>τοῦτο</span> 
     </span>
    </p>
   </div>
   <div class='ocr_carea' id='block_1_93' title="bbox 1096 2148 1890 2185">
    <p class='ocr_par' dir='ltr' id='par_1_93' title="bbox 1096 2148 1890 2185">
     <span class='ocr_line' id='line_1_93' title="bbox 1096 2148 1890 2185; baseline -0.004 -8"><span class='ocrx_word' id='word_1_663' title='bbox 1096 2150 1229 2184; x_wconf 80' lang='grc' dir='ltr'>ὲξαντλεῖ·</span> <span class='ocrx_word' id='word_1_664' title='bbox 1251 2150 1326 2177; x_wconf 78' lang='grc' dir='ltr'>οὕτω</span> <span class='ocrx_word' id='word_1_665' title='bbox 1348 2150 1395 2177; x_wconf 79' lang='grc' dir='ltr'><strong>καὶ</strong></span> <span class='ocrx_word' id='word_1_666' title='bbox 1416 2149 1446 2177; x_wconf 81' lang='grc' dir='ltr'>τὸ</span> <span class='ocrx_word' id='word_1_667' title='bbox 1472 2149 1552 2185; x_wconf 84' lang='grc' dir='ltr'>σῶμα</span> <span class='ocrx_word' id='word_1_668' title='bbox 1574 2149 1751 2184; x_wconf 78' lang='grc' dir='ltr'>διαλυόμενον</span> <span class='ocrx_word' id='word_1_669' title='bbox 1770 2149 1822 2179; x_wconf 77' lang='grc' dir='ltr'>,ἐπὶ</span> <span class='ocrx_word' id='word_1_670' title='bbox 1841 2148 1890 2184; x_wconf 83' lang='grc' dir='ltr'>τὴν</span> 
     </span>
    </p>
   </div>
   <div class='ocr_carea' id='block_1_94' title="bbox 1097 2194 1891 2233">
    <p class='ocr_par' dir='ltr' id='par_1_94' title="bbox 1097 2194 1891 2233">
     <span class='ocr_line' id='line_1_94' title="bbox 1097 2194 1891 2233; baseline -0.005 -9"><span class='ocrx_word' id='word_1_671' title='bbox 1097 2196 1194 2224; x_wconf 78' lang='grc' dir='ltr'>ἑαυτοῦ</span> <span class='ocrx_word' id='word_1_672' title='bbox 1209 2196 1300 2232; x_wconf 78' lang='grc' dir='ltr'>πηγὴν</span> <span class='ocrx_word' id='word_1_673' title='bbox 1320 2196 1381 2233; x_wconf 78' lang='grc' dir='ltr'>(τὴν</span> <span class='ocrx_word' id='word_1_674' title='bbox 1397 2195 1460 2231; x_wconf 80' lang='grc' dir='ltr'>γῆν)</span> <span class='ocrx_word' id='word_1_675' title='bbox 1476 2196 1628 2228; x_wconf 72' lang='grc' dir='ltr'>ἐπάνεισιν,</span> <span class='ocrx_word' id='word_1_676' title='bbox 1640 2196 1750 2231; x_wconf 72' lang='grc' dir='ltr'>ἕτοιμον</span> <span class='ocrx_word' id='word_1_677' title='bbox 1763 2195 1792 2222; x_wconf 83' lang='grc' dir='ltr'>ὃν</span> <span class='ocrx_word' id='word_1_678' title='bbox 1808 2194 1891 2221; x_wconf 80' lang='grc' dir='ltr'>πάλιν</span> 
     </span>
    </p>
   </div>
   <div class='ocr_carea' id='block_1_95' title="bbox 1099 2240 1890 2278">
    <p class='ocr_par' dir='ltr' id='par_1_95' title="bbox 1099 2240 1890 2278">
     <span class='ocr_line' id='line_1_95' title="bbox 1099 2240 1890 2278; baseline -0.003 -9"><span class='ocrx_word' id='word_1_679' title='bbox 1099 2243 1241 2278; x_wconf 78' lang='grc' dir='ltr'>συστῆναι,</span> <span class='ocrx_word' id='word_1_680' title='bbox 1266 2243 1330 2270; x_wconf 81' lang='grc' dir='ltr'>ὃταν</span> <span class='ocrx_word' id='word_1_681' title='bbox 1347 2244 1361 2269; x_wconf 83' lang='grc' dir='ltr'>ὁ</span> <span class='ocrx_word' id='word_1_682' title='bbox 1377 2242 1427 2277; x_wconf 84' lang='grc' dir='ltr'>τὴν</span> <span class='ocrx_word' id='word_1_683' title='bbox 1439 2242 1530 2277; x_wconf 72' lang='grc' dir='ltr'>’ἀρχὴν</span> <span class='ocrx_word' id='word_1_684' title='bbox 1544 2242 1612 2269; x_wconf 79' lang='grc' dir='ltr'>αὐτὸ</span> <span class='ocrx_word' id='word_1_685' title='bbox 1630 2241 1781 2272; x_wconf 79' lang='grc' dir='ltr'>διαπλάσας</span> <span class='ocrx_word' id='word_1_686' title='bbox 1794 2240 1890 2276; x_wconf 80' lang='grc' dir='ltr'>βούλη-</span> 
     </span>
    </p>
   </div>
   <div class='ocr_carea' id='block_1_96' title="bbox 1096 2288 1890 2324">
    <p class='ocr_par' dir='ltr' id='par_1_96' title="bbox 1096 2288 1890 2324">
     <span class='ocr_line' id='line_1_96' title="bbox 1096 2288 1890 2324; baseline -0.004 -8"><span class='ocrx_word' id='word_1_687' title='bbox 1096 2299 1151 2317; x_wconf 91' lang='grc' dir='ltr'>ται.</span> <span class='ocrx_word' id='word_1_688' title='bbox 1170 2289 1277 2321; x_wconf 79' lang='grc' dir='ltr'>’Δλλως</span> <span class='ocrx_word' id='word_1_689' title='bbox 1303 2290 1332 2316; x_wconf 84' lang='grc' dir='ltr'>τὸ</span> <span class='ocrx_word' id='word_1_690' title='bbox 1351 2290 1401 2324; x_wconf 79' lang='grc' dir='ltr'>τῆς</span> <span class='ocrx_word' id='word_1_691' title='bbox 1418 2289 1514 2324; x_wconf 77' lang='grc' dir='ltr'>ὑδρίας</span> <span class='ocrx_word' id='word_1_692' title='bbox 1529 2288 1601 2324; x_wconf 80' lang='grc' dir='ltr'>ὕδωρ</span> <span class='ocrx_word' id='word_1_693' title='bbox 1617 2289 1657 2320; x_wconf 85' lang='grc' dir='ltr'><strong>είς</strong></span> <span class='ocrx_word' id='word_1_694' title='bbox 1670 2288 1720 2324; x_wconf 77' lang='grc' dir='ltr'>τὴν</span> <span class='ocrx_word' id='word_1_695' title='bbox 1737 2288 1830 2323; x_wconf 76' lang='grc' dir='ltr'>πηγὴν</span> <span class='ocrx_word' id='word_1_696' title='bbox 1844 2288 1890 2314; x_wconf 78' lang='grc' dir='ltr'><strong>ὲκ-</strong></span> 
     </span>
    </p>
   </div>
   <div class='ocr_carea' id='block_1_97' title="bbox 1096 2334 1891 2371">
    <p class='ocr_par' dir='ltr' id='par_1_97' title="bbox 1096 2334 1891 2371">
     <span class='ocr_line' id='line_1_97' title="bbox 1096 2334 1891 2371; baseline -0.003 -9"><span class='ocrx_word' id='word_1_697' title='bbox 1096 2336 1226 2371; x_wconf 79' lang='grc' dir='ltr'>χεόμενον</span> <span class='ocrx_word' id='word_1_698' title='bbox 1249 2336 1300 2362; x_wconf 82' lang='grc' dir='ltr'>οὐκ</span> <span class='ocrx_word' id='word_1_699' title='bbox 1326 2335 1487 2367; x_wconf 79' lang='grc' dir='ltr'>ἀπόλλυται,</span> <span class='ocrx_word' id='word_1_700' title='bbox 1505 2335 1573 2362; x_wconf 78' lang='grc' dir='ltr'>ἀλλὰ</span> <span class='ocrx_word' id='word_1_701' title='bbox 1589 2335 1660 2370; x_wconf 83' lang='grc' dir='ltr'>μετὰ</span> <span class='ocrx_word' id='word_1_702' title='bbox 1673 2335 1720 2362; x_wconf 83' lang='grc' dir='ltr'>τοῦ</span> <span class='ocrx_word' id='word_1_703' title='bbox 1737 2334 1891 2369; x_wconf 81' lang='grc' dir='ltr'>πληρώμα-</span> 
     </span>
    </p>
   </div>
   <div class='ocr_carea' id='block_1_98' title="bbox 1096 2379 1890 2417">
    <p class='ocr_par' dir='ltr' id='par_1_98' title="bbox 1096 2379 1890 2417">
     <span class='ocr_line' id='line_1_98' title="bbox 1096 2379 1890 2417; baseline -0.003 -8"><span class='ocrx_word' id='word_1_704' title='bbox 1096 2382 1141 2414; x_wconf 78' lang='grc' dir='ltr'><strong>τος</strong></span> <span class='ocrx_word' id='word_1_705' title='bbox 1154 2383 1212 2408; x_wconf 80' lang='grc' dir='ltr'>ἐστι</span> <span class='ocrx_word' id='word_1_706' title='bbox 1225 2382 1273 2409; x_wconf 78' lang='grc' dir='ltr'>τοῦ</span> <span class='ocrx_word' id='word_1_707' title='bbox 1291 2382 1319 2409; x_wconf 78' lang='grc' dir='ltr'>ὲν</span> <span class='ocrx_word' id='word_1_708' title='bbox 1333 2383 1366 2417; x_wconf 83' lang='grc' dir='ltr'><strong>τῇ</strong></span> <span class='ocrx_word' id='word_1_709' title='bbox 1387 2383 1473 2417; x_wconf 76' lang='grc' dir='ltr'>πηγῆ.</span> <span class='ocrx_word' id='word_1_710' title='bbox 1492 2383 1577 2408; x_wconf 77' lang='grc' dir='ltr'>Ὅταν</span> <span class='ocrx_word' id='word_1_711' title='bbox 1600 2379 1648 2408; x_wconf 76' lang='grc' dir='ltr'>οὖν</span> <span class='ocrx_word' id='word_1_712' title='bbox 1669 2382 1702 2408; x_wconf 83' lang='grc' dir='ltr'>ὲκ</span> <span class='ocrx_word' id='word_1_713' title='bbox 1717 2381 1765 2408; x_wconf 75' lang='grc' dir='ltr'><strong>τοῦ</strong></span> <span class='ocrx_word' id='word_1_714' title='bbox 1788 2381 1890 2416; x_wconf 82' lang='grc' dir='ltr'>μέρους</span> 
     </span>
    </p>
   </div>
   <div class='ocr_carea' id='block_1_99' title="bbox 1098 2426 1890 2464">
    <p class='ocr_par' dir='ltr' id='par_1_99' title="bbox 1098 2426 1890 2464">
     <span class='ocr_line' id='line_1_99' title="bbox 1098 2426 1890 2464; baseline -0.004 -9"><span class='ocrx_word' id='word_1_715' title='bbox 1098 2428 1272 2464; x_wconf 83' lang='grc' dir='ltr'>καταργηθῇ,</span> <span class='ocrx_word' id='word_1_716' title='bbox 1289 2428 1361 2455; x_wconf 79' lang='grc' dir='ltr'>κατὰ</span> <span class='ocrx_word' id='word_1_717' title='bbox 1381 2428 1427 2455; x_wconf 84' lang='grc' dir='ltr'>τὸν</span> <span class='ocrx_word' id='word_1_718' title='bbox 1449 2428 1624 2459; x_wconf 76' lang='grc' dir='ltr'>’Δπόστολον,</span> <span class='ocrx_word' id='word_1_719' title='bbox 1648 2427 1708 2454; x_wconf 81' lang='grc' dir='ltr'>τότε</span> <span class='ocrx_word' id='word_1_720' title='bbox 1730 2426 1760 2453; x_wconf 80' lang='grc' dir='ltr'><strong>τὺ</strong></span> <span class='ocrx_word' id='word_1_721' title='bbox 1785 2427 1890 2453; x_wconf 79' lang='grc' dir='ltr'>τέλειον</span> 
     </span>
    </p>
   </div>
   <div class='ocr_carea' id='block_1_100' title="bbox 1098 2471 1889 2511">
    <p class='ocr_par' dir='ltr' id='par_1_100' title="bbox 1098 2471 1889 2511">
     <span class='ocr_line' id='line_1_100' title="bbox 1098 2471 1889 2511; baseline -0.003 -10"><span class='ocrx_word' id='word_1_722' title='bbox 1098 2475 1218 2510; x_wconf 74' lang='grc' dir='ltr'>ἔρχεται.</span> <span class='ocrx_word' id='word_1_723' title='bbox 1241 2475 1272 2501; x_wconf 88' lang='lat' dir='ltr'><strong>&#39;H</strong></span> <span class='ocrx_word' id='word_1_724' title='bbox 1290 2473 1336 2501; x_wconf 84' lang='grc' dir='ltr'>οὖν</span> <span class='ocrx_word' id='word_1_725' title='bbox 1353 2474 1453 2511; x_wconf 86' lang='grc' dir='ltr'>μερικὴ</span> <span class='ocrx_word' id='word_1_726' title='bbox 1473 2475 1575 2509; x_wconf 83' lang='grc' dir='ltr'>γνῶσις</span> <span class='ocrx_word' id='word_1_727' title='bbox 1591 2475 1608 2509; x_wconf 87' lang='grc' dir='ltr'><strong>ἡ</strong></span> <span class='ocrx_word' id='word_1_728' title='bbox 1622 2474 1670 2500; x_wconf 81' lang='grc' dir='ltr'>νῦν</span> <span class='ocrx_word' id='word_1_729' title='bbox 1685 2475 1714 2501; x_wconf 74' lang='grc' dir='ltr'>ὲν</span> <span class='ocrx_word' id='word_1_730' title='bbox 1728 2474 1792 2509; x_wconf 79' lang='grc' dir='ltr'>ἡμῖν</span> <span class='ocrx_word' id='word_1_731' title='bbox 1809 2471 1889 2503; x_wconf 78' lang='grc' dir='ltr'>οὖσα,</span> 
     </span>
    </p>
   </div>
   <div class='ocr_carea' id='block_1_101' title="bbox 1098 2519 1892 2557">
    <p class='ocr_par' dir='ltr' id='par_1_101' title="bbox 1098 2519 1892 2557">
     <span class='ocr_line' id='line_1_101' title="bbox 1098 2519 1892 2557; baseline -0.003 -10"><span class='ocrx_word' id='word_1_732' title='bbox 1098 2521 1158 2548; x_wconf 79' lang='grc' dir='ltr'>τότε</span> <span class='ocrx_word' id='word_1_733' title='bbox 1180 2522 1230 2556; x_wconf 78' lang='grc' dir='ltr'>τὴν</span> <span class='ocrx_word' id='word_1_734' title='bbox 1254 2521 1413 2556; x_wconf 77' lang='grc' dir='ltr'><strong>τελειότητα</strong></span> <span class='ocrx_word' id='word_1_735' title='bbox 1442 2519 1646 2557; x_wconf 75' lang='grc' dir='ltr'>προσλαόοὖσα,</span> <span class='ocrx_word' id='word_1_736' title='bbox 1675 2519 1712 2552; x_wconf 82' lang='grc' dir='ltr'>ὡς</span> <span class='ocrx_word' id='word_1_737' title='bbox 1741 2519 1814 2554; x_wconf 72' lang='grc' dir='ltr'>ὕδωρ</span> <span class='ocrx_word' id='word_1_738' title='bbox 1831 2519 1892 2545; x_wconf 70' lang='grc' dir='ltr'>ἐστὶ</span> 
     </span>
    </p>
   </div>
   <div class='ocr_carea' id='block_1_102' title="bbox 1098 2565 1891 2603">
    <p class='ocr_par' dir='ltr' id='par_1_102' title="bbox 1098 2565 1891 2603">
     <span class='ocr_line' id='line_1_102' title="bbox 1098 2565 1891 2603; baseline -0.001 -10"><span class='ocrx_word' id='word_1_739' title='bbox 1098 2567 1193 2603; x_wconf 71' lang='grc' dir='ltr'>ὑδρίας</span> <span class='ocrx_word' id='word_1_740' title='bbox 1207 2568 1235 2593; x_wconf 74' lang='grc' dir='ltr'>ὲν</span> <span class='ocrx_word' id='word_1_741' title='bbox 1250 2567 1299 2603; x_wconf 80' lang='grc' dir='ltr'><strong>ὅλῃ</strong></span> <span class='ocrx_word' id='word_1_742' title='bbox 1322 2568 1409 2603; x_wconf 77' lang='grc' dir='ltr'>πηγῇ,</span> <span class='ocrx_word' id='word_1_743' title='bbox 1429 2566 1460 2593; x_wconf 83' lang='grc' dir='ltr'>τὸ</span> <span class='ocrx_word' id='word_1_744' title='bbox 1479 2567 1563 2602; x_wconf 81' lang='grc' dir='ltr'>μέρος</span> <span class='ocrx_word' id='word_1_745' title='bbox 1583 2565 1787 2601; x_wconf 77' lang='grc' dir='ltr'>προσλαϐοῦσα,</span> <span class='ocrx_word' id='word_1_746' title='bbox 1806 2566 1891 2600; x_wconf 80' lang='grc' dir='ltr'>ἤγουν</span> 
     </span>
    </p>
   </div>
   <div class='ocr_carea' id='block_1_103' title="bbox 1097 2613 1327 2648">
    <p class='ocr_par' dir='ltr' id='par_1_103' title="bbox 1097 2613 1327 2648">
     <span class='ocr_line' id='line_1_103' title="bbox 1097 2613 1327 2648; baseline 0.004 -9"><span class='ocrx_word' id='word_1_747' title='bbox 1097 2613 1147 2648; x_wconf 77' lang='grc' dir='ltr'><strong>τὴν</strong></span> <span class='ocrx_word' id='word_1_748' title='bbox 1160 2613 1327 2648; x_wconf 78' lang='grc' dir='ltr'>τελειότητα.</span> 
     </span>
    </p>
   </div>
   <div class='ocr_carea' id='block_1_104' title="bbox 251 2657 1891 2694">
    <p class='ocr_par' dir='ltr' id='par_1_104' title="bbox 251 2657 1891 2694">
     <span class='ocr_line' id='line_1_104' title="bbox 251 2657 1891 2694; baseline 0.001 -11"><span class='ocrx_word' id='word_1_749' title='bbox 251 2657 371 2686; x_wconf 81' lang='lat' dir='ltr'><strong>licularis</strong></span> <span class='ocrx_word' id='word_1_750' title='bbox 398 2657 488 2692; x_wconf 89' lang='lat' dir='ltr'><strong>itaque</strong></span> <span class='ocrx_word' id='word_1_751' title='bbox 503 2657 561 2685; x_wconf 69' lang='lat' dir='ltr'><strong>haec</strong></span> <span class='ocrx_word' id='word_1_752' title='bbox 587 2662 681 2685; x_wconf 87' lang='lat' dir='ltr'><strong>nostra</strong></span> <span class='ocrx_word' id='word_1_753' title='bbox 713 2658 834 2694; x_wconf 80' lang='lat' dir='ltr'><strong>cognitio</strong></span> <span class='ocrx_word' id='word_1_754' title='bbox 852 2667 912 2694; x_wconf 81' lang='lat' dir='ltr'><strong>qua:</strong></span> <span class='ocrx_word' id='word_1_755' title='bbox 935 2667 1009 2687; x_wconf 92' lang='lat' dir='ltr'><strong>nunc</strong></span> <span class='ocrx_word' id='word_1_756' title='bbox 1040 2659 1120 2687; x_wconf 81' lang='lat' dir='ltr'><strong>nobis</strong></span> <span class='ocrx_word' id='word_1_757' title='bbox 1145 2660 1226 2692; x_wconf 80' lang='lat' dir='ltr'><strong>inest,</strong></span> <span class='ocrx_word' id='word_1_758' title='bbox 1258 2663 1325 2687; x_wconf 85' lang='lat' dir='ltr'><strong>tunc</strong></span> <span class='ocrx_word' id='word_1_759' title='bbox 1350 2659 1547 2694; x_wconf 79' lang='lat' dir='ltr'><strong>perfectionem</strong></span> <span class='ocrx_word' id='word_1_760' title='bbox 1571 2666 1648 2687; x_wconf 85' lang='lat' dir='ltr'><strong>suam</strong></span> <span class='ocrx_word' id='word_1_761' title='bbox 1667 2659 1817 2694; x_wconf 85' lang='lat' dir='ltr'><strong>accipiens,</strong></span> <span class='ocrx_word' id='word_1_762' title='bbox 1837 2659 1891 2686; x_wconf 88' lang='lat' dir='ltr'><strong>erit</strong></span> 
     </span>
    </p>
   </div>
   <div class='ocr_carea' id='block_1_105' title="bbox 251 2705 1764 2742">
    <p class='ocr_par' dir='ltr' id='par_1_105' title="bbox 251 2705 1764 2742">
     <span class='ocr_line' id='line_1_105' title="bbox 251 2705 1764 2742; baseline 0.001 -11"><span class='ocrx_word' id='word_1_763' title='bbox 251 2705 326 2732; x_wconf 80' lang='lat' dir='ltr'><strong>velut</strong></span> <span class='ocrx_word' id='word_1_764' title='bbox 340 2713 408 2740; x_wconf 84' lang='lat' dir='ltr'><strong>aqua</strong></span> <span class='ocrx_word' id='word_1_765' title='bbox 420 2705 522 2741; x_wconf 65' lang='lat' dir='ltr'><strong>hydria:</strong></span> <span class='ocrx_word' id='word_1_766' title='bbox 532 2706 566 2734; x_wconf 82' lang='lat' dir='ltr'><strong>ad</strong></span> <span class='ocrx_word' id='word_1_767' title='bbox 579 2706 777 2741; x_wconf 88' lang='lat' dir='ltr'><strong>plenitudinem</strong></span> <span class='ocrx_word' id='word_1_768' title='bbox 791 2707 873 2735; x_wconf 78' lang='lat' dir='ltr'><strong>fontis</strong></span> <span class='ocrx_word' id='word_1_769' title='bbox 885 2707 1045 2740; x_wconf 83' lang='lat' dir='ltr'><strong>devenicns,</strong></span> <span class='ocrx_word' id='word_1_770' title='bbox 1064 2707 1130 2735; x_wconf 78' lang='lat' dir='ltr'><strong>fonti</strong></span> <span class='ocrx_word' id='word_1_771' title='bbox 1145 2711 1220 2742; x_wconf 87' lang='lat' dir='ltr'><strong>parte</strong></span> <span class='ocrx_word' id='word_1_772' title='bbox 1233 2711 1297 2734; x_wconf 91' lang='lat' dir='ltr'><strong>tunc</strong></span> <span class='ocrx_word' id='word_1_773' title='bbox 1311 2707 1401 2734; x_wconf 87' lang='lat' dir='ltr'><strong>addita</strong></span> <span class='ocrx_word' id='word_1_774' title='bbox 1414 2715 1468 2742; x_wconf 90' lang='lat' dir='ltr'><strong>qua</strong></span> <span class='ocrx_word' id='word_1_775' title='bbox 1482 2707 1543 2734; x_wconf 80' lang='lat' dir='ltr'><strong>fons</strong></span> <span class='ocrx_word' id='word_1_776' title='bbox 1554 2706 1630 2741; x_wconf 87' lang='lat' dir='ltr'><strong>prius</strong></span> <span class='ocrx_word' id='word_1_777' title='bbox 1644 2706 1764 2734; x_wconf 79' lang='lat' dir='ltr'><strong>carebat.</strong></span> 
     </span>
    </p>
   </div>
   <div class='ocr_carea' id='block_1_106' title="bbox 283 2751 1040 2788">
    <p class='ocr_par' dir='ltr' id='par_1_106' title="bbox 283 2751 1040 2788">
     <span class='ocr_line' id='line_1_106' title="bbox 283 2751 1040 2788; baseline 0.004 -10"><span class='ocrx_word' id='word_1_778' title='bbox 283 2751 366 2787; x_wconf 79' lang='lat'><strong>677</strong></span> <span class='ocrx_word' id='word_1_779' title='bbox 380 2761 389 2777; x_wconf 74' lang='grc' dir='ltr'><strong>ι</strong></span> <span class='ocrx_word' id='word_1_780' title='bbox 412 2752 446 2779; x_wconf 88' lang='lat' dir='ltr'><strong>Et</strong></span> <span class='ocrx_word' id='word_1_781' title='bbox 458 2753 636 2780; x_wconf 82' lang='lat' dir='ltr'><strong>convolvatur</strong></span> <span class='ocrx_word' id='word_1_782' title='bbox 652 2758 710 2781; x_wconf 87' lang='lat' dir='ltr'><strong>rota</strong></span> <span class='ocrx_word' id='word_1_783' title='bbox 724 2761 807 2788; x_wconf 88' lang='lat' dir='ltr'><strong>super</strong></span> <span class='ocrx_word' id='word_1_784' title='bbox 823 2753 923 2781; x_wconf 87' lang='lat' dir='ltr'><strong>lacum.</strong></span> <span class='ocrx_word' id='word_1_785' title='bbox 945 2763 953 2779; x_wconf 72' lang='grc' dir='ltr'><strong>ι</strong></span> <span class='ocrx_word' id='word_1_786' title='bbox 971 2754 1040 2781; x_wconf 80' lang='lat' dir='ltr'><strong>Aliis</strong></span> 
     </span>
    </p>
   </div>
   <div class='ocr_carea' id='block_1_107' title="bbox 249 2797 1042 2833">
    <p class='ocr_par' dir='ltr' id='par_1_107' title="bbox 249 2797 1042 2833">
     <span class='ocr_line' id='line_1_107' title="bbox 249 2797 1042 2833; baseline 0.001 -9"><span class='ocrx_word' id='word_1_787' title='bbox 249 2797 371 2824; x_wconf 87' lang='lat' dir='ltr'><strong>eamdem</strong></span> <span class='ocrx_word' id='word_1_788' title='bbox 384 2797 548 2825; x_wconf 82' lang='lat' dir='ltr'><strong>sententiam</strong></span> <span class='ocrx_word' id='word_1_789' title='bbox 561 2799 651 2826; x_wconf 83' lang='lat' dir='ltr'><strong>verbis</strong></span> <span class='ocrx_word' id='word_1_790' title='bbox 663 2798 807 2833; x_wconf 80' lang='lat' dir='ltr'><strong>expressit.</strong></span> <span class='ocrx_word' id='word_1_791' title='bbox 825 2798 954 2827; x_wconf 84' lang='lat' dir='ltr'><strong>Convolvi</strong></span> <span class='ocrx_word' id='word_1_792' title='bbox 969 2798 1042 2826; x_wconf 76' lang='lat' dir='ltr'><strong>enim</strong></span> 
     </span>
    </p>
   </div>
   <div class='ocr_carea' id='block_1_108' title="bbox 285 2885 526 2919">
    <p class='ocr_par' dir='ltr' id='par_1_108' title="bbox 285 2885 526 2919">
     <span class='ocr_line' id='line_1_108' title="bbox 285 2885 526 2919; baseline 0 -7"><span class='ocrx_word' id='word_1_793' title='bbox 285 2885 309 2902; x_wconf 81' lang='grc'><strong>³⁸</strong></span> <span class='ocrx_word' id='word_1_794' title='bbox 322 2885 392 2914; x_wconf 85' lang='lat' dir='ltr'><strong>Psal.</strong></span> <span class='ocrx_word' id='word_1_795' title='bbox 408 2893 480 2919; x_wconf 72' lang='lat' dir='ltr'><strong>cxrx,</strong></span> <span class='ocrx_word' id='word_1_796' title='bbox 500 2886 526 2913; x_wconf 77' lang='lat'><strong>5.</strong></span> 
     </span>
    </p>
   </div>
   <div class='ocr_carea' id='block_1_109' title="bbox 1132 2753 1892 2790">
    <p class='ocr_par' dir='ltr' id='par_1_109' title="bbox 1132 2753 1892 2790">
     <span class='ocr_line' id='line_1_109' title="bbox 1132 2753 1892 2790; baseline 0.001 -11"><span class='ocrx_word' id='word_1_797' title='bbox 1132 2763 1141 2779; x_wconf 75' lang='grc' dir='ltr'><strong>ι</strong></span> <span class='ocrx_word' id='word_1_798' title='bbox 1156 2755 1210 2781; x_wconf 68' lang='grc' dir='ltr'><strong>Καὶ</strong></span> <span class='ocrx_word' id='word_1_799' title='bbox 1228 2753 1400 2790; x_wconf 83' lang='grc' dir='ltr'>συντροχάσῃ</span> <span class='ocrx_word' id='word_1_800' title='bbox 1414 2754 1428 2780; x_wconf 84' lang='grc' dir='ltr'>ὁ</span> <span class='ocrx_word' id='word_1_801' title='bbox 1439 2754 1536 2789; x_wconf 74' lang='grc' dir='ltr'>τροχὸς</span> <span class='ocrx_word' id='word_1_802' title='bbox 1552 2753 1598 2780; x_wconf 74' lang='grc' dir='ltr'><strong>ἐπὶ</strong></span> <span class='ocrx_word' id='word_1_803' title='bbox 1612 2753 1658 2780; x_wconf 75' lang='grc' dir='ltr'>τὸν</span> <span class='ocrx_word' id='word_1_804' title='bbox 1671 2753 1782 2781; x_wconf 82' lang='grc' dir='ltr'>λάκκον.</span> <span class='ocrx_word' id='word_1_805' title='bbox 1800 2762 1810 2780; x_wconf 79' lang='grc' dir='ltr'><strong>ι</strong></span> <span class='ocrx_word' id='word_1_806' title='bbox 1833 2754 1892 2780; x_wconf 80' lang='grc' dir='ltr'><strong>Κα-</strong></span> 
     </span>
    </p>
   </div>
   <div class='ocr_carea' id='block_1_110' title="bbox 1099 2799 1892 2836">
    <p class='ocr_par' dir='ltr' id='par_1_110' title="bbox 1099 2799 1892 2836">
     <span class='ocr_line' id='line_1_110' title="bbox 1099 2799 1892 2836; baseline 0.001 -10"><span class='ocrx_word' id='word_1_807' title='bbox 1099 2799 1131 2826; x_wconf 76' lang='grc' dir='ltr'><strong>τὰ</strong></span> <span class='ocrx_word' id='word_1_808' title='bbox 1151 2799 1323 2835; x_wconf 74' lang='grc' dir='ltr'>ἑτερολεξέαν</span> <span class='ocrx_word' id='word_1_809' title='bbox 1339 2799 1369 2826; x_wconf 78' lang='grc' dir='ltr'><strong>τὸ</strong></span> <span class='ocrx_word' id='word_1_810' title='bbox 1386 2799 1452 2826; x_wconf 81' lang='grc' dir='ltr'>αὐτὸ</span> <span class='ocrx_word' id='word_1_811' title='bbox 1473 2800 1564 2836; x_wconf 83' lang='grc' dir='ltr'>νόημα.</span> <span class='ocrx_word' id='word_1_812' title='bbox 1583 2799 1679 2836; x_wconf 77' lang='grc' dir='ltr'>ἔφησε.</span> <span class='ocrx_word' id='word_1_813' title='bbox 1704 2799 1892 2834; x_wconf 75' lang='grc' dir='ltr'>Συντροχάσσι</span> 
     </span>
    </p>
   </div>
   <div class='ocr_carea' id='block_1_111' title="bbox 577 2869 1124 2922">
    <p class='ocr_par' dir='ltr' id='par_1_111' title="bbox 577 2869 1124 2922">
     <span class='ocr_line' id='line_1_111' title="bbox 577 2869 1124 2922; baseline 0.004 -10"><span class='ocrx_word' id='word_1_814' title='bbox 577 2869 616 2912; x_wconf 48' lang='grc' dir='ltr'><strong>ἆ⁷1</strong></span> <span class='ocrx_word' id='word_1_815' title='bbox 633 2885 704 2913; x_wconf 87' lang='lat' dir='ltr'><strong>Tim.</strong></span> <span class='ocrx_word' id='word_1_816' title='bbox 722 2894 760 2920; x_wconf 78' lang='lat' dir='ltr'><strong>vi,</strong></span> <span class='ocrx_word' id='word_1_817' title='bbox 778 2886 820 2913; x_wconf 85' lang='lat' dir='ltr'><strong>l0.</strong></span> <span class='ocrx_word' id='word_1_818' title='bbox 868 2887 891 2904; x_wconf 76' lang='grc'><strong>’⁸</strong></span> <span class='ocrx_word' id='word_1_819' title='bbox 908 2887 1066 2922; x_wconf 44' lang='grc' dir='ltr'>Ηῖοιηιίιιι,</span> <span class='ocrx_word' id='word_1_820' title='bbox 1080 2886 1124 2914; x_wconf 81' lang='grc'>10.</span> 
     </span>
    </p>
   </div>
  </div>
