2044 3144
157 168 206 202 621

684 165 917 197 FRAGMENTA
937 167 979 197 IN
993 167 1144 197 ECCLESl
1150 168 1280 198 ASTEN.

1740 172 1794 204 6'29.

156 224 210 259 γάρ
223 223 283 250 ἐστι
296 222 343 250 τὸν
363 222 459 258 τροχὸν
475 221 522 248 ἐπὶ
545 221 591 249 τὸν
611 222 723 254 λάκκον,
743 222 775 249 τὸ
796 223 948 258 κλασθῆναι

1005 228 1086 250 rotam
1103 230 1185 258 super
1197 223 1295 255 lacum,
1308 229 1360 254 cst.
1378 227 1463 251 rotant
1476 226 1663 254 convolvcndo
1683 227 1795 264 infringi

155 270 201 297 τὸν
213 269 321 306 τροχὸν,
344 269 393 296 καὶ
414 268 508 295 πεσεῖν
525 268 554 294 ὲν
575 268 614 303 τῷ
631 268 736 304 λάκκῳ.
753 268 823 304 μετὰ
839 269 887 295 τοῦ
901 277 948 295 κε-

157 316 256 351 ραμίου
273 315 322 342 τοῦ
336 315 443 347 ὕδατος.
457 315 560 351 Τροχὸν
576 315 605 341 δὲ
623 314 700 348 λέγει
714 314 760 341 τὸν
774 315 950 350 ἐπικείμενον

156 361 196 397 τῷ
211 361 317 396 λάκκῳ,
329 361 364 387 δι’
376 356 407 388 οὗ
432 360 574 388 ποιοῦνται
589 360 639 396 τὴν
661 360 803 395 ἀνίμησιν.
833 360 950 396 Ὁμοίως

156 408 184 434 δὲ
199 406 340 434 κάνταῦθα
353 406 383 433 τὸ
400 407 472 443 ὕδωρ
488 406 535 434 ἐπὶ
548 406 594 433 τὸν
605 406 708 435 λάκκον
737 408 868 442 ἐκχεῖται.
885 407 950 434 ’Λλ-

156 453 226 485 λως·
242 453 346 489 τροχὸς
371 453 416 480 ὁδε
430 453 444 480 ὁ
463 453 520 488 βίος
532 453 668 485 καλεῖται,
684 453 729 480 διὰ
755 453 786 480 τὸ
803 454 949 485 κινεῖσθαι.

157 500 203 527 καὶ
217 499 370 532 κυλίεσθαι,
393 499 465 526 κατὰ
481 500 521 526 τό·
539 500 626 533 Φωνὴ
644 498 699 534 τῆς
718 498 854 534 ,βροντῆς
866 500 901 525 ἐν
911 499 951 533 τῷ

156 544 265 580 τρογῷ.
288 545 357 580 Πρὶν
373 543 432 579 οὖν,
453 545 532 580 φησὶ,
550 545 711 580 κυλιόμενος
722 544 800 577 οὗτος
817 547 831 572 ὀ
844 545 950 580 τροχὸς,

157 592 220 617 ἀντὶ
239 591 297 623 τοῦ,
312 592 326 617 ό
344 591 412 626 βίος,
439 591 596 627 ἁποχυλίσῃ
615 592 691 626 ἡμᾶς
715 593 756 622 εἰς
771 591 817 617 τὸν
838 591 951 622 λάκκον.

156 637 205 672 τῆς
220 636 325 663 ἑαυτῶν
334 636 471 672 σωτηρίας
485 637 687 671 φροντίσωμεν.
703 636 811 669 Λάκκος
818 636 848 662 δὲ
861 637 875 662 ὁ
885 636 952 671 ᾅδης

156 682 316 717 ὠνομάσθη,
332 683 404 709 κατὰ
414 682 454 709 τό·
474 682 613 714 Ἕσωσάς
626 690 664 717 με
682 683 717 709 ἐκ
731 683 847 710 λάκκου
857 691 953 719 κατω-

157 730 260 760 τάτου,
286 729 336 755 καὶ
349 729 409 756 ἀπὸ
426 727 488 755 τῶν
503 729 745 756 καταϐαινόντων
757 730 801 762 εἰς
825 728 951 755 λάκκον.

195 829 206 844 ‹
224 819 280 846 Καὶ
309 818 464 855 ἐπιστρέψῃ
484 819 499 845 ό
521 818 586 854 χοῦς
600 820 640 850 είς
664 819 714 854 τὴν
738 818 804 854 γῆν,
823 819 861 849 ὡς
880 817 925 854 ἦν.
940 828 950 843 ι

157 865 230 901 Πρδς
254 865 308 900 γὰρ
318 865 348 891 τὺ
366 865 498 899 συγγενὲς
513 867 644 900 στοιχεῖον
656 865 805 892 ἀναλύεται
819 864 849 891 τὺ
860 865 951 900 σῶμα,

157 912 231 939 κατὰ
243 911 283 944 τὺ,
299 910 344 945 Γῆ
362 909 399 944 εἷ,
413 910 462 938 καί
478 912 521 944 εις
531 910 591 945 τῆν
602 911 770 945 ἀπελεύσῃ.

195 1008 206 1025 ι
223 999 280 1025 Καὶ
304 998 335 1025 τὸ
359 996 472 1033 πνεῦμα
497 998 652 1035 ἐπιστρέψῃ
671 996 739 1033 πρὸς
762 997 808 1024 τὸν
825 997 902 1030 Θεὸν,
924 997 953 1030 ὃς

158 1044 260 1072 ἔδωκεν
272 1044 348 1071 αὐτό.
367 1054 376 1070 ι
405 1044 443 1071 Τὸ
459 1044 569 1080 πνεῦμα
581 1046 606 1071 εἰ
623 1045 673 1080 μὲν
692 1045 798 1078 λέγοιτο
815 1044 884 1080 μετὰ
901 1044 954 1080 ψυ-

157 1090 220 1124 χῆς,
232 1090 263 1116 τὸ
275 1089 490 1124 συνεζευγμένον
509 1090 543 1125 τῇ
564 1089 637 1125 ψυχῇ
655 1089 686 1116 τὸ
701 1089 811 1125 πνεῦμα
823 1089 953 1124 νοοῦμενο

158 1137 182 1163 ει
204 1136 234 1162 δὲ
253 1126 348 1167 ἀτέλῶς
369 1135 457 1168 οὕτως
485 1136 580 1171 ὥσπερ
603 1136 663 1169 νῦν,
689 1136 775 1172 αὐτὴν
793 1135 844 1172 τὴν
863 1136 954 1173 ψυχὴν

157 1182 274 1217 νοοῦμεν
287 1181 318 1208 τὸ
335 1181 452 1217 πνεῦμα.
469 1182 522 1209 Τοῠ
537 1180 584 1209 οὖν
598 1183 734 1218 σώματος,
756 1184 834 1218 φησὶ,
851 1184 891 1216 είς
906 1183 954 1219 τὴν

158 1229 210 1263 γῆν
223 1227 422 1262 ἀναλυομὲνου,
441 1228 458 1262 ἡ
475 1228 548 1263 ψυχὴ
567 1228 636 1264 πρὸς
653 1229 700 1255 τὸν
721 1229 788 1256 Θεὸν
802 1230 953 1266 ἐπανέρχε-

157 1283 216 1306 ται,
241 1274 295 1301 τῶν
316 1274 493 1309 βεόιωμένων
512 1275 577 1307 τοὺς
597 1275 695 1310 λόγους
714 1275 903 1309 ἀποδώσουσα,
924 1278 954 1310 ὃς

157 1321 288 1356 ἐποίησεν
314 1321 409 1356 αὐτήν.
428 1320 467 1348 Ού
482 1321 539 1357 γὰρ
554 1321 608 1348 ἀπὸ
631 1321 684 1356 γῆς
698 1323 715 1358 ὴ
737 1321 785 1348 τοῦ
806 1322 953 1358 ἀνθρώπου

156 1366 252 1402 ψυχή·
271 1365 329 1394 ἀλλ’
346 1366 384 1398 ὡς
403 1357 485 1399 αὐτὸς
499 1364 555 1393 οἶδε
571 1367 653 1402 μόνος
666 1368 680 1394 ὁ
695 1367 800 1403 ταύτης
815 1357 954 1405 Δημιουρ-

157 1413 218 1446 τὺς,
241 1413 289 1439 καὶ
313 1412 485 1445 συνίσταται,
513 1413 561 1439 καὶ
588 1413 782 1448 συιιδεσμείται
806 1414 845 1449 τῷ
870 1415 956 1450 χοϊχῷ

157 1459 248 1494 τούτῳ
264 1458 382 1494 σώματι,
391 1459 534 1494 ὡσπεροῦν
545 1459 592 1486 καὶ
603 1458 730 1494 ἐξάγεται
743 1460 796 1487 ὑπὸ
808 1460 891 1495 μόνου
906 1461 954 1488 τοῦ

159 1505 354 1540 συνδήσαντος.

198 1665 208 1682 ι
225 1655 382 1690 Ματαιότης
399 1654 600 1690 ματαιοτήτων,
615 1652 692 1680 εἶπεν
702 1653 952 1690 όἚκκλησιαστὴς,

159 1702 196 1729 τὰ
210 1701 300 1728 πάντα
313 1700 473 1736 ματαιότης·
490 1700 538 1727 καὶ
554 1699 686 1733 περισσὸν
702 1700 744 1727 ὅτι
757 1700 868 1734 ἐγένετο
890 1701 953 1728 Ἐκ-

161 1746 331 1781 κλησιαστὴς
347 1745 437 1780 σοφὸς,
461 1745 508 1772 καὶ
523 1746 565 1772 ὅτι
579 1745 703 1772 ἐδίδασκε
721 1744 821 1779 γνῶσιν
840 1745 890 1772 σὺν
908 1745 954 1772 τὸν

160 1793 210 1820 avo
215 1800 318 1828 ρωπον.
328 1792 382 1818 Καὶ
388 1791 435 1823 οὓς
446 1791 629 1826 ὲξιχνιάσεται
637 1791 750 1826 κόσμιον
755 1791 931 1827 παρασολῶν.
943 1801 951 1817 ι

161 1839 214 1866 Τδν
229 1838 362 1870 πολλάκις
378 1838 509 1873 ἀνωτέρω
523 1837 602 1872 λόγον
620 1837 818 1872 ἀναλαμϐάνει,
833 1839 882 1865 καὶ
892 1838 955 1865 ἀπο-

162 1886 289 1920 φαίνεται
303 1884 338 1912 τὰ
361 1885 390 1911 ἐν
413 1884 511 1919 κόσμῳ
525 1884 614 1911 πάντα
632 1884 815 1920 ματαιότητα·
833 1884 880 1911 καί
901 1893 955 1920 φη-

162 1942 216 1964 σιν⁹
235 1933 276 1959 ὅτι
288 1931 368 1959 τοῦτο
385 1931 516 1967 περισσὸν
528 1930 607 1966 ἔσχεν
618 1931 632 1957 ὁ
653 1930 881 1966 Ἐκκλησιαστὴς,
895 1931 956 1957 ἀντὶ

161 1979 221 2012 τοῦ,
237 1978 432 2014 κατεξαίρετον
440 1978 490 2004 καὶ
508 1977 585 2009 ῐδιον,
599 1977 698 2012 κτῆμα
708 1978 758 2012 τῆς
773 1977 880 2011 σοφίας
893 1977 956 2011 κτῆ-

162 2033 201 2060 μα
218 2025 274 2060 γὰρ
289 2024 374 2055 ὅντως
391 2023 472 2059 μόνου
497 2023 545 2049 τοῦ
572 2022 654 2057 σοφοῦ
691 2022 709 2057 ή
725 2021 816 2055 σοφία.
837 2021 892 2048 Καὶ
914 2021 955 2047 ὅτι

160 2070 288 2106 ἐσχηκὼς
301 2069 403 2104 ταύτην
428 2069 563 2104 ἐφθόνησε
590 2069 646 2100 τοῖς
663 2068 770 2099 λοιποῖς
788 2067 954 2102 ἀνθρὼποις’

160 2117 220 2145 ἀλλ’
241 2118 313 2152 imp
340 2116 426 2152 ἔμειοε
442 2116 472 2149 ἐξ
500 2116 596 2151 αὐτῆς,
612 2115 701 2142 ταῦτα
719 2116 778 2146 τοῖς
799 2113 958 2150 ἀνθρώποις

161 2163 317 2199 παρέδωκε·
342 2163 392 2198 τήν
405 2171 436 2188 τε
453 2162 557 2196 γνῶσιν
578 2161 680 2197 δηλαδὴ
695 2160 750 2187 τῶν
771 2169 802 2187 τε
817 2160 958 2196 αἰσθητῶν

161 2210 211 2237 καὶ
227 2209 344 2244 νοητῶν.
365 2206 432 2236 Εἶτά
447 2216 524 2244 φησι,
534 2207 614 2235 Καὶό
628 2207 699 2242 ἔχων
716 2205 764 2238 οὖς
780 2206 958 2242 κεκαθαρμέ-

1000 276 1032 296 ac
1058 269 1186 296 decidt-re
1219 270 1246 296 in
1274 269 1360 297 lacum
1391 270 1448 299 sive
1474 273 1621 300 cisternam
1658 282 1710 301 una
1730 282 1794 302 cum

1001 313 1090 349 aquati
1127 318 1257 342 testaceo.
1281 314 1379 342 Rotnm
1414 316 1487 343 enim
1516 317 1569 345 hoc
1605 318 1665 346 loco
1696 320 1798 355 accipit.

1000 359 1127 388 cisterna:
1144 360 1187 388 vel
1212 364 1295 396 puteo
1312 360 1475 395 appositam,
1490 369 1543 397 qua
1558 363 1626 391 solet
1642 372 1712 399 aqua
1726 365 1796 393 bau-

1001 405 1059 432 riri.
1079 405 1209 432 Similiter
1221 409 1313 432 autem
1327 405 1372 432 hic
1387 413 1496 441 quoque
1512 415 1611 442 aquam
1626 408 1755 446 intelligit
1767 410 1796 438 in

1000 451 1089 479 lacum
1103 451 1214 483 deferri,
1232 452 1304 479 sicut
1319 453 1445 488 superius
1465 461 1545 481 suum
1564 455 1591 482 in
1608 455 1723 483 fontem.
1736 457 1796 483 Ali-

1003 502 1053 527 ter.
1073 501 1131 525 rota
1143 498 1277 533 accipitur
1293 507 1341 533 pro
1357 504 1451 526 nostra
1463 500 1514 527 hac
1530 501 1595 532 vita,
1609 501 1644 528 ob
1660 501 1734 537 ipsas
1748 510 1794 530 re-

1003 543 1156 571 volutiones
1170 552 1201 571 ac
1216 548 1317 577 motus,
1333 544 1410 579 juxta
1425 545 1488 573 illud
1503 555 1509 573 :
1528 546 1580 573 Vna:
1593 548 1702 575 tonitrui
1714 549 1753 575 tui
1767 549 1796 575 in

1003 596 1061 618 rota
1070 592 1103 618 ¹⁹.
1122 591 1211 626 lnquit
1224 599 1289 627 ergo
1302 601 1307 618 :
1333 593 1485 627 Antequam
1502 599 1560 621 rota
1577 595 1659 630 hujus
1672 596 1733 623 vittc
1745 605 1796 625 nos

1003 646 1096 665 secum
1118 638 1272 672 prwcipilcs
1293 638 1418 665 devolvat
1432 639 1458 665 in
1483 639 1582 672 lacum,
1596 641 1735 676 propriam
1746 651 1795 669 cu-

1004 691 1096 710 remus
1118 684 1244 711 salutem.
1265 683 1352 710 Lacus
1376 692 1441 711 vero
1457 693 1506 720 pro
1530 685 1638 714 inferno
1652 687 1796 722 accipitur,

1002 731 1079 765 juxta
1097 730 1168 765 quod
1185 730 1248 757 alibi
1259 730 1357 757 dicitur
1368 739 1374 756 :
1387 729 1505 758 Str/vasti
1519 740 1559 758 me
1575 732 1606 758 de
1615 732 1674 758 [acu
1688 733 1796 768 inferiu-

1004 777 1037 808 τί,
1051 782 1076 803 et
1088 785 1103 803 η
1119 776 1331 803 descendentibus
1344 776 1371 802 in
1382 775 1470 803 larunt
1478 777 1511 803 '°.

1040 822 1121 849 Vsus.
1141 824 1167 849 7.
1190 832 1199 848 ι
1223 822 1253 848 ΕΙ
1268 827 1414 856 antequam
1429 827 1582 850 revertatur
1597 824 1686 859 pulvis
1701 824 1728 851 in
1745 829 1799 851 ter-

1005 875 1076 898 ram.
1089 869 1162 896 sicut
1175 872 1243 895 erat.
1266 877 1275 894 ›
1294 868 1400 903 Corpus
1410 876 1528 904 namque
1539 874 1663 897 nostrum
1679 870 1705 897 in
1720 870 1800 897 attine

1007 913 1058 941 sibi
1076 914 1374 947 clementum,tcrram,
1393 916 1519 949 solvitur,
1538 915 1615 950 juxta
1628 915 1704 948 illud,
1718 916 1798 943 Terra

1005 968 1041 993 es,
1058 965 1082 987 et
1099 961 1127 987 in
1138 966 1235 989 terram
1247 963 1381 989 reverteris
1389 962 1422 990 ³¹.

1043 1016 1052 1032 ι
1071 1007 1105 1034 Ει
1134 1008 1246 1042 spiritus
1271 1012 1424 1035 revertatur
1450 1008 1485 1035 ad
1509 1007 1592 1035 Deum
1610 1007 1655 1043 qui
1676 1008 1751 1036 dedit
1767 1008 1800 1034 il-

1005 1051 1072 1078 lum.
1089 1061 1098 1078 ι
1115 1051 1232 1087 Spiritus
1250 1053 1271 1080 si
1287 1060 1348 1080 cum
1373 1053 1471 1080 anima;
1489 1054 1620 1081 venabulo
1635 1053 1801 1088 coniunctus

1005 1098 1120 1133 legatur,
1147 1098 1279 1133 potiorem
1295 1099 1378 1126 animi
1395 1099 1450 1126 vim
1462 1119 1469 1130 ,
1482 1099 1545 1126 -hoc
1558 1103 1609 1132 est,
1628 1099 1799 1127 intellectum

1005 1149 1195 1180 mentemque,
1216 1145 1366 1180 signiﬁcat;
1384 1144 1425 1172 sin
1444 1153 1508 1172 vero
1531 1145 1567 1172 ita
1591 1142 1749 1180 simpliciter
1772 1150 1801 1172 et

1006 1190 1129 1218 absolute
1152 1191 1272 1226 positum
1289 1190 1415 1218 invenias
1435 1191 1494 1218 sine
1507 1191 1562 1218 ulla
1578 1192 1719 1219 mentione
1737 1193 1798 1219 ani-

1006 1244 1067 1270 mae,
1083 1237 1154 1264 sicut
1169 1237 1221 1264 hoc
1231 1237 1292 1264 loco
1303 1237 1428 1272 ponitur,
1445 1245 1494 1272 pro
1507 1237 1597 1264 anima
1619 1237 1677 1272 ipsa
1694 1238 1800 1272 positus

1006 1282 1175 1319 intelligitur.
1191 1283 1283 1318 lnquit
1294 1290 1375 1318 ergo:
1391 1282 1458 1309 Cum
1481 1283 1508 1310 in
1526 1287 1625 1310 terram
1641 1290 1741 1318 corpus
1758 1292 1799 1311 re-

1005 1329 1130 1360 solvitur,
1140 1329 1231 1356 anima
1242 1329 1387 1356 revertitur
1398 1329 1432 1356 ad
1445 1328 1540 1360 Deum,
1557 1328 1698 1356 redditura
1714 1330 1799 1356 ratio-

1005 1381 1067 1401 nem
1080 1381 1171 1401 rerum
1188 1381 1256 1408 quas
1269 1374 1352 1409 gessit
1367 1374 1394 1401 in
1410 1375 1465 1402 vita
1491 1373 1612 1402 Creatori
1625 1382 1685 1401 suo.
1705 1375 1800 1410 Neque

1006 1419 1078 1446 enim
1094 1419 1128 1446 de
1146 1423 1215 1446 terra
1232 1419 1362 1454 plasmata
1379 1424 1420 1446 cst
1433 1419 1522 1446 anima
1535 1424 1627 1446 nostra
1643 1420 1799 1451 rationalis.

1006 1464 1054 1492 scd
1068 1465 1128 1492 talis
1151 1464 1257 1491 exsistit
1276 1465 1384 1499 qualem
1409 1464 1483 1491 solus
1510 1464 1554 1491 ille
1576 1466 1652 1492 novit
1677 1467 1724 1500 qui
1739 1474 1800 1493 eam

1006 1509 1118 1542 creavit,
1132 1515 1281 1544 nostroque
1298 1510 1363 1537 huic
1383 1514 1493 1537 terreno
1511 1510 1618 1545 corpori
1634 1511 1797 1546 colligatur:

1008 1554 1078 1582 sicut
1093 1555 1174 1582 etiam
1191 1560 1220 1582 et
1234 1563 1249 1582 a
1265 1563 1379 1590 corpore
1400 1555 1525 1583 educitur
1539 1564 1601 1583 cum
1624 1556 1661 1583 illi
1676 1557 1726 1583 soli
1740 1557 1799 1592 pla-

1005 1601 1093 1628 cuerit
1102 1601 1148 1636 qui
1164 1609 1224 1628 eam
1242 1602 1351 1636 corpori
1367 1601 1513 1637 colligavit.

1041 1647 1122 1675 Vens.
1136 1648 1195 1675 8-9.
1207 1647 1336 1675 «Vanitas
1351 1648 1513 1681 vanitatum,
1524 1648 1593 1675 dixit
1608 1647 1797 1681 Ecclesiastes.

1005 1695 1095 1723 omnia
1111 1695 1231 1728 vanitas;
1246 1698 1274 1721 et.
1292 1694 1420 1730 amplius,
1435 1695 1507 1729 quod
1524 1694 1605 1722 fuerit
1625 1695 1683 1730 ipse
1703 1695 1799 1722 Eccle-

1005 1743 1101 1770 siastes
1113 1742 1232 1776 sapiens,
1245 1746 1276 1769 et
1289 1741 1413 1769 docuerit
1434 1741 1572 1769 hominem
1592 1742 1746 1770 scientiam.
1766 1740 1801 1770 Et.

1005 1789 1078 1816 auris
1095 1788 1269 1824 investigabit
1283 1787 1446 1824 elegantiam
1461 1787 1663 1822 parabolarum.
1683 1797 1693 1814 ι
1709 1788 1800 1824 Repe-

1006 1835 1037 1862 tit
1051 1835 1105 1862 hoc
1119 1834 1180 1862 loco
1193 1842 1274 1869 quem
1293 1834 1421 1869 superius
1434 1841 1557 1869 persaepe
1581 1835 1723 1869 usurpavit
1741 1843 1806 1862 sera

1006 1888 1126 1914 monem,
1141 1880 1292 1915 asseritque
1305 1879 1398 1907 omnia
1414 1887 1584 1915 quaecunque
1596 1884 1658 1907 sunt
1675 1880 1702 1907 in
1718 1889 1800 1908 mun-

1006 1927 1040 1954 do
1053 1927 1201 1955 vanitatem
1215 1933 1290 1954 esse:
1308 1931 1339 1954 se
1354 1933 1419 1953 vero
1441 1925 1531 1960 ipsum
1547 1925 1671 1952 nonnihil
1684 1926 1801 1961 amplius

1006 1980 1087 2008 quam
1111 1977 1226 2000 caeteros
1241 1971 1367 1998 homines
1382 1971 1531 2006 accepisse,
1549 1971 1600 1998 hoc
1620 1976 1672 2004 est,
1685 1972 1802 2007 egregia:

1007 2025 1038 2044 ac
1046 2017 1190 2052 singularis
1201 2016 1342 2050 sapientia!
1356 2016 1494 2051 propriam
1509 2016 1727 2051 possessionem;
1744 2017 1802 2044 sola

1007 2070 1125 2098 namque
1137 2061 1270 2098 sapientia
1281 2061 1366 2089 solius
1383 2066 1425 2090 est
1440 2061 1572 2097 sapientis
1591 2062 1739 2097 possessio.
1756 2062 1803 2090 Ait

1008 2113 1137 2145 prseterea
1157 2115 1188 2135 se
1206 2108 1277 2136 hanc
1297 2108 1438 2143 sapientiae
1454 2108 1657 2143 possessionem
1684 2108 1743 2135 sine
1758 2108 1803 2135 in-

1011 2156 1084 2183 vidia
1100 2154 1207 2182 caateris
1222 2154 1438 2182 communicasse
1454 2154 1629 2182 hominibus:
1646 2159 1700 2182 tam
1725 2155 1803 2183 vide‘

1009 2203 1073 2230 licet
1088 2209 1119 2229 ea
1141 2201 1294 2237 tradentem
1312 2208 1374 2236 quae
1397 2201 1430 2228 ad
1448 2201 1616 2229 sensibilium
1634 2209 1724 2229 rerum
1738 2209 1802 2237 spc-

161 2265 219 2288 νον,
235 2243 359 2291 δηλονότι
376 2253 433 2287 οἷος
451 2253 486 2291 ἦν
501 2256 516 2281 ὸ
527 2255 626 2289 λέγων,
650 2253 823 2288 Προσέθηκέ
834 2263 887 2288 μοι
906 2253 953 2280 ὠτ]

1010 2252 1085 2277 ctant
1104 2247 1298 2284 cognitionem,
1314 2254 1396 2282 quam
1408 2254 1439 2274 ea
1456 2255 1541 2282 qnzea
1555 2247 1668 2275 materia
1680 2248 1804 2283 seiuncta

160 2303 217 2331 τοῦ
230 2303 365 2335 ἀκούειν,
385 2302 499 2329 δύναται
515 2301 668 2337 ἀνιχνεύειν
684 2301 717 2328 τὰ
733 2301 836 2336 κόσμια
853 2301 883 2327 ὲν
901 2301 953 2327 Πα-

1007 2295 1147 2323 intellectu
1164 2294 1222 2322 solo
1247 2294 1446 2329 percipiuntur.
1466 2292 1536 2320 Tum
1558 2293 1705 2325 subinferl,
1728 2293 1804 2328 quod

163 2348 293 2385 ραϐολαῐς
304 2347 450 2384 λεγόμενα.
466 2347 502 2373 Ἦ
515 2347 563 2374 καὶ
582 2346 681 2378 οὓτως·
704 2346 734 2372 '0
757 2345 828 2381 ἔχων
842 2345 953 2381 κόσμιοι

1007 2343 1054 2378 qui
1071 2345 1211 2378 purgatam
1227 2341 1355 2368 habuerit
1371 2347 1477 2372 aurem,
1492 2338 1599 2374 qualem
1616 2339 1742 2366 videlicet
1756 2338 1803 2365 ille

161 2384 221 2426 οὖς.
240 2395 455 2430 κεχρυσωμένον
470 2393 523 2421 ὑπὸ
544 2394 592 2421 τοῦ
607 2385 699 2428 λόγου,
717 2389 774 2419 οἷον
798 2390 833 2426 ἦν
856 2392 887 2419 τὸ
908 2393 953 2427 τῆς

1007 2389 1052 2424 qui
1069 2389 1154 2416 dicit:
1172 2387 1299 2422 Apposui:
1321 2387 1384 2413 mihi
1402 2394 1492 2413 aurem
1507 2390 1534 2412 ut
1548 2384 1708 2417 audirem",
1725 2388 1802 2419 pote-

167 2441 331 2472 Ῥεϐέκκας,
349 2441 380 2467 τὸ
406 2439 553 2476 δεξάμενον
567 2439 602 2467 τὰ
616 2439 715 2467 ἐνώτια
735 2438 781 2466 τοῦ
796 2438 892 2470 παιδὸς
913 2439 957 2464 ’Λ-

161 2488 269 2523 εραὰμ,
283 2487 398 2515 δύναται
415 2487 526 2514 ἀκούειν
549 2487 583 2514 τὰ
597 2485 792 2522 παραδολικῶς
805 2484 951 2520 λεγόμενα.

1006 2435 1042 2462 rit
1062 2434 1141 2462 facile
1159 2433 1323 2468 investigare
1349 2432 1497 2467 elegantias
1522 2431 1719 2458 sententiarum
1741 2437 1804 2464 quae

1014 2483 1042 2510 in
1066 2479 1221 2509 Proverbiis
1244 2477 1427 2505 continentur.
1451 2478 1504 2504 Aut
1521 2477 1599 2504 aliter
1613 2476 1650 2504 ita
1665 2474 1804 2512 intelligo:

162 2520 215 2568 Qui
240 2520 367 2562 habuerit
397 2535 547 2570 elegantem
565 2520 659 2562 aurern
673 2538 797 2561 ornatam
819 2532 962 2560 inani-ibus
982 2529 1058 2558 verbi
1074 2527 1182 2558 divini,
1202 2525 1310 2560 qualem
1339 2524 1434 2551 habuit
1453 2523 1579 2551 Rebecca
1613 2530 1674 2558 qua:
1699 2520 1805 2556 accepit

163 2582 276 2611 inaures
294 2589 309 2609 a
330 2589 416 2618 puero
443 2569 494 2609 seu
519 2589 599 2608 servo
627 2581 785 2612 Abraham,
819 2579 862 2606 hic
894 2579 995 2614 poterit
1012 2576 1108 2604 audire
1144 2578 1226 2608 atque
1251 2571 1393 2608 percipere
1420 2578 1481 2606 quae
1507 2569 1663 2606 parabolice
1690 2569 1804 2598 tradun-

163 2634 218 2658 tur.

166 2689 177 2706 σ
194 2678 286 2706 Πολλὰ
307 2678 439 2714 ἐζήτησεν
459 2677 474 2704 ό
499 2675 716 2713 Ἐκκλησιαστὴς
731 2675 779 2702 τοῦ
797 2676 889 2711 εὑρεῖν
914 2674 958 2701 λό-

162 2733 230 2760 γους
244 2724 410 2760 Θελήματος,
422 2724 471 2751 καὶ
479 2723 691 2759 γεγραμμένους
705 2721 853 2757 εὐθύτητος
862 2720 959 2754 λόγους

163 2769 305 2806 ἀληθείας.
334 2769 417 2803 Λόγοι
443 2769 533 2803 σοφῶν
560 2769 599 2800 ὼς
613 2768 647 2795 τὰ
673 2767 834 2804 βούκεντρα,
857 2766 904 2793 καὶ
920 2765 959 2797 ὡς

162 2815 224 2853 ἧλοι
238 2816 444 2852 πεπυρωμένοι,
455 2815 480 2843 οἳ
495 2815 571 2851 παρὰ
584 2814 639 2842 τῶν
655 2814 854 2849 συνταγμάτων
871 2812 960 2847 ὲδόοη-

1047 2668 1130 2696 Vnns.
1153 2666 1197 2699 to,
1217 2665 1261 2692 tt.
1281 2673 1290 2690 ι
1314 2663 1426 2691 Multum
1441 2663 1567 2698 quaesivit
1585 2663 1763 2692 Ecclesiastes
1775 2667 1806 2692 ut

1013 2716 1149 2745 inveniret
1163 2715 1303 2742 sermones
1317 2711 1474 2744 voluntatis,
1488 2715 1516 2738 et
1529 2711 1646 2746 scriptos
1661 2711 1805 2739 rectitudi-

1014 2764 1057 2791 nis
1076 2763 1216 2790 sermoues
1229 2759 1360 2788 veritatis.
1376 2758 1460 2794 678
1469 2757 1555 2785 Verba
1575 2757 1728 2793 sapientum
1749 2757 1805 2784 sic-

1015 2814 1044 2837 ut
1064 2808 1167 2837 stimuli
1195 2807 1290 2841 boum,
1306 2810 1334 2834 et
1349 2806 1419 2844 sicut
1430 2805 1499 2832 clavi
1513 2804 1600 2840 igniti,
1615 2811 1676 2839 qua:
1688 2810 1721 2830 ex
1737 2809 1806 2830 con-

206 2910 239 2942 .“
257 2915 331 2943 Psal.
350 2923 444 2948 ant,
461 2915 504 2943 19.
544 2914 566 2930 ³ο
580 2912 651 2941 Psal.
669 2919 744 2944 χχιι,
758 2911 784 2938 Jt.
823 2910 843 2926 ³¹
856 2909 926 2938 Gen.
945 2916 951 2935 ι

1005 2908 1043 2936 l9.
1085 2908 1106 2924 "
1124 2907 1173 2935 lsa.
1191 2915 1216 2940 L,
1230 2908 1258 2935 Δ.
