2044 3144
251 180 305 212 623

805 180 1066 212 OLYMPIODORI
1083 181 1349 212 ALEXANDRINI

1840 182 1894 214 624

253 235 441 265 stitutionibus
460 235 555 263 tradita
573 240 636 263 sunt
651 243 666 263 a
688 241 796 271 pastore
813 231 886 265 uno:
905 243 931 265 et
946 246 1036 273 super-

1099 248 1158 274 σαν,
1169 240 1201 266 ἐκ
1217 239 1347 275 ποιμένος
1363 239 1434 270 ἑνός·
1451 238 1498 265 καὶ
1514 237 1646 274 περισσὶν
1659 238 1688 272 ἐξ
1701 237 1802 266 αὐτῶν.
1817 248 1827 265 ι
1839 241 1898 266 Λό-

253 283 337 312 ﬂuum
366 290 399 310 ex
421 282 499 318 ipsis.
527 291 536 308 ι
568 282 706 310 Sermones
733 283 887 317 voluntatis,
917 285 1045 320 intelligit

252 338 392 360 sermones
413 329 567 358 conformes
586 330 721 358 voluntati
745 331 855 364 divinm,
880 339 949 366 quos
974 333 1046 367 quis-

251 378 314 412 quis
327 381 437 404 secutus
449 377 532 404 homo
549 376 640 408 fuerit,
660 377 792 412 percipiet
808 377 922 412 gloriam
939 377 1001 406 vitae
1013 386 1044 406 ac

250 423 389 450 felicitatis
411 427 530 450 aeternio.
548 422 598 450 Vel
614 431 756 451 sermones
771 424 896 460 intelligit
918 425 1044 460 mysteria

251 471 433 502 continentes,
456 469 490 497 de
510 469 608 504 quibus
628 470 666 496 ait
689 469 813 497 Salvator
826 471 852 497 in
868 470 981 497 Psalmis
993 471 1044 498 Da-

249 516 294 544 vid
313 524 320 543 :
345 516 376 543 Ut
399 516 512 551 facerem
535 514 696 541 voluntatem
714 520 797 548 luam,
816 515 886 543 Deus
902 524 983 548 meus,
1001 524 1044 542 vo-

250 561 339 594 lui”;
357 561 483 589 voluntas
502 564 593 587 autem
611 559 661 587 fuit
677 560 774 593 Patris,
787 565 817 588 ut
831 561 986 596 unigenitus
1004 561 1044 588 Fi-

248 607 301 634 lius
324 607 383 635 eius
402 607 550 633 humanam
577 613 687 632 carnem
707 611 868 634 assumeret.
889 607 1043 634 Voiuntatis

248 653 339 688 itaque
363 652 462 679 divinae
486 659 637 684 sermones,
663 651 802 688 ipsiusque
824 653 1042 688 sapientize'qute

248 702 276 726 et
291 697 424 725 rectitudo
438 701 463 725 et
475 698 575 725 veritas
585 698 647 733 jure
659 699 761 733 optimo
774 703 959 733 nuncupatur,
971 707 1043 734 qua)-

248 745 299 773 sivi
320 745 418 781 (inquit
434 750 527 773 noster
543 746 737 781 Ecclesiastes)
761 754 794 774 ex
810 747 843 774 iis
856 748 1042 775 monumentis

247 799 309 826 quae
333 793 433 827 scripta
465 793 606 827 prophetae
631 792 711 820 nobis
739 793 918 828 reliquerunt.
949 793 1042 828 Neque

247 838 321 865 enim
343 838 408 866 satis
422 843 464 865 est
479 838 668 866 tantummodo
690 838 819 870 voluisse,
843 839 896 865 nisi
914 843 940 866 et
957 839 1041 867 multo

247 892 355 920 quoque
378 884 468 911 studio
485 885 684 920 perquiramus.
706 883 757 917 Qui
774 885 848 912 enim
872 886 978 920 quwrit,
999 886 1041 912 in—

246 932 325 964 venit,
347 936 370 958 et
384 931 500 967 pulsanti
515 931 688 965 aperietur“.
705 930 768 958 Ηίυο
787 931 870 966 igitur
886 938 946 958 cum
963 939 1040 966 quae-

246 975 326 1003 sisset
346 975 536 1008 Ecclesiastes,
552 975 679 1011 cognovit
695 975 768 1010 quod
785 977 867 1003 verba
890 977 1042 1010 propheta-

245 1029 304 1048 rum
318 1021 416 1056 pieque
427 1021 461 1048 de
474 1021 530 1048 Deo
543 1021 719 1048 sentientium
736 1021 855 1054 Patrum,
873 1027 937 1049 sunt
952 1022 1040 1057 persi-

244 1066 320 1094 inilia
345 1066 463 1094 stimulis
491 1067 585 1094 boum.
614 1066 692 1094 Sicut
712 1067 786 1094 enim
822 1068 924 1096 stimuli
956 1069 1040 1096 boves

243 1117 369 1148 pungunt
393 1117 546 1148 urgentque
559 1117 649 1140 aratro
669 1113 776 1141 sulcum
799 1114 986 1148 proscindere,
1003 1115 1040 1141 ita

244 1162 273 1185 ct
293 1159 480 1194 theologorum
507 1159 590 1187 verba
609 1159 730 1186 excitant
751 1167 802 1186 nos
825 1160 871 1194 qui
896 1167 945 1195 spe
966 1160 1038 1187 bona

243 1211 363 1237 aramus,
387 1204 564 1239 proscindere
584 1205 690 1232 sulcum
713 1205 899 1239 spiritualem,
924 1210 953 1232 ut
974 1213 1037 1233 cum

244 1253 376 1284 purgatus
395 1249 478 1276 fuerit
501 1257 566 1285 ager
585 1249 676 1277 cordis
700 1250 796 1282 nostri,
815 1250 945 1285 pulchros
961 1251 987 1277 in
1004 1259 1038 1278 eo

243 1294 350 1322 virtutis
376 1295 500 1322 surculos
516 1302 703 1322 conseramus.
727 1295 829 1323 Similia
847 1304 956 1331 quoque
972 1301 1037 1326 sunt

244 1340 327 1367 clavis
344 1340 435 1376 ignitis
452 1345 535 1376 atque
546 1340 728 1369 candentibus
752 1341 799 1377 qui
825 1342 905 1369 altius
922 1350 954 1370 ac
968 1342 1036 1370 faci-

243 1387 296 1415 lius
318 1387 398 1423 lignis
419 1387 568 1423 inﬁguntur
582 1397 589 1415 :
606 1388 641 1415 ita
656 1388 729 1415 enim
742 1392 768 1415 et
781 1389 937 1423 sapientum
952 1389 1035 1416 verba

243 1435 443 1470 theologorum,
460 1434 489 1462 in
508 1434 692 1470 penitissimos
711 1435 787 1462 sinus
813 1435 969 1463 intellectus
983 1443 1034 1463 no-

242 1481 292 1509 stri
307 1481 388 1508 altius
409 1480 537 1516 figuntur.
564 1480 626 1508 ΙΙωο
643 1485 734 1508 autent
749 1481 832 1509 verba
855 1482 955 1508 tradita
971 1487 1033 1509 sunt

242 1528 321 1556 nobis
342 1536 374 1555 ea:
391 1527 633 1560 constitutionibus;
651 1527 702 1555 alia
719 1535 783 1555 vero
806 1527 972 1563 exemplaria
989 1528 1035 1554 ha-

241 1573 309 1600 bent
342 1572 581 1608 compositionibus.
613 1572 830 1600 Constituliones
861 1576 951 1599 autem
976 1572 1033 1600 sive

242 1619 463 1655 compositiones,
488 1618 608 1654 intellige
633 1626 715 1653 opera
738 1619 785 1646 Dei
807 1626 868 1653 qute
882 1618 1035 1646 admirabili

241 1673 273 1692 ac
288 1659 420 1700 supremo
430 1665 527 1693 ordine
541 1669 568 1692 et
585 1665 725 1692 harmonia
741 1665 870 1700 disposita
885 1669 912 1692 et
928 1665 1034 1693 consti-

241 1714 299 1738 tuta
321 1715 401 1738 sunt:
417 1719 452 1738 ex
467 1711 567 1745 quibus
583 1712 761 1746 proportione
778 1711 896 1746 quadam
909 1719 942 1739 ac
958 1711 1036 1738 simi-

242 1755 358 1784 litudine
380 1756 507 1783 ducimur
528 1756 555 1783 in
579 1756 699 1791 aliquam
715 1757 760 1784 Dei
777 1756 882 1791 opiﬁcis
897 1758 1036 1792 cognitio-

241 1809 316 1829 nem.
339 1800 446 1829 Poteris
466 1805 493 1828 et
511 1801 720 1830 constitutiones
744 1802 796 1829 hoc
820 1801 880 1829 loco
897 1802 1034 1837 accipere,

241 1852 387 1883 utrumque
412 1848 628 1880 Testamentum,
650 1848 734 1875 Vetus
752 1848 856 1876 scilicet
873 1856 904 1876 ac
918 1848 1033 1876 Novum.

241 1893 319 1921 Unde
331 1898 422 1920 autem
435 1893 554 1928 cognitio
570 1893 631 1920 data
649 1897 693 1920 est
707 1893 787 1920 nobis
804 1897 833 1920 ut
848 1897 876 1920 et
896 1893 1035 1921 sensibiiia

241 1940 454 1976 specularemur,
479 1945 507 1967 et
530 1939 744 1975 intelligeremus
765 1948 825 1974 quae
841 1940 1035 1968 iuteilectualia

241 1986 325 2014 sunt?
340 1985 379 2013 Ex
393 1994 444 2012 uno
460 1993 558 2020 nempe
578 1992 693 2020 pastore.
710 1985 770 2019 Quo
785 1992 875 2013 autem
889 1986 900 2012 ’ἶ
914 1986 960 2021 qui
981 1986 1035 2013 sei-

240 2031 305 2059 licet
327 2037 355 2060 et
378 2032 403 2058 ill
419 2033 496 2059 caelis
511 2036 538 2059 et
554 2032 580 2058 in
594 2037 664 2059 terra
682 2032 830 2059 rationales
844 2031 932 2066 pascit
955 2040 1035 2059 crea-

240 2082 329 2111 turas;
352 2078 399 2113 qui
424 2083 451 2105 et
466 2078 551 2105 dixit:
576 2077 631 2113 Ego
653 2087 711 2105 sum
736 2083 828 2112 pastor
846 2078 926 2104 bonus
936 2078 968 2103 ³⁵.
986 2077 1035 2105 Se—

238 2125 332 2160 quitur
357 2130 466 2152 autem:
491 2124 526 2151 Et
551 2126 713 2160 superﬂuum
734 2133 766 2152 ea:
789 2126 862 2160 ipsis.
891 2124 1034 2158 Quodnam

239 2170 427 2205 superﬂuum?
452 2171 489 2197 Ex
506 2171 602 2197 harum
629 2171 732 2198 scilicet
753 2178 843 2198 rerum
862 2170 1032 2205 cognitione;

1097 294 1171 319 γους
1192 285 1360 320 θελήματος
1388 285 1457 320 φησι
1493 286 1555 317 τοὺς
1587 284 1634 311 τοῦ
1667 284 1821 320 θελήματος
1847 286 1893 312 τοῦ

1096 330 1176 362 Θεοῦ,
1194 331 1256 358 καθ’
1273 331 1320 363 οὓς
1347 331 1562 366 πολιτευόμενος
1589 331 1734 366 ἄνθρωπος
1755 331 1805 365 τῆς
1828 331 1894 357 αἰω-

1096 376 1155 403 νίου
1171 375 1244 412 ζωῆς
1258 376 1475 412 ἐπιλαμῦάνεται
1491 384 1499 393 ·
1515 377 1531 412 ἢ
1551 377 1599 403 καὶ
1613 377 1677 408 τοὺς
1694 376 1895 412 μυστηριώδεις

1095 423 1202 457 λόγους,
1226 423 1292 458 περὶ
1319 419 1356 450 ὧν
1372 423 1456 459 ἔφησε
1480 424 1510 450 ἐν
1531 423 1675 458 ψαλμοῖςὸ
1695 422 1802 458 Σωτὴρ,
1834 422 1893 449 Τοῦ

1095 467 1232 503 ποιῆσαι,
1245 466 1267 495 ὧ
1279 468 1362 501 Θεὸς,
1374 469 1406 495 τὸ
1423 468 1537 503 θέλημά
1548 477 1606 495 σου
1615 468 1794 502 ἐϐουλήθην.
1808 468 1894 503 eam-

1096 523 1134 549 μα
1151 514 1180 540 δὲ
1194 513 1228 550 ἦν
1244 515 1290 541 τοῦ
1304 515 1410 550 Πατρὺς
1425 517 1441 550 ἡ
1456 515 1502 542 τοῦ
1521 515 1694 550 Μονογενοῦς
1714 514 1894 550 ὲνανθρώπη-

1095 569 1147 592 σις.
1163 560 1217 586 Τοῦ
1241 560 1315 587 θείου
1339 560 1430 587 τοίνυν
1458 560 1632 595 βουλήματος
1644 559 1708 591 τοὺς
1722 560 1828 594 λόγους,
1845 560 1893 586 καὶ

1094 606 1181 641 αὐτῆς
1196 606 1245 641 τῆς
1261 607 1369 642 σοφίας,
1418 616 1460 639 τις
1473 607 1588 643 εὐθύτης
1600 608 1648 634 καὶ
1665 607 1781 642 ἀλήθεια
1805 607 1893 633 καλεῖ-

1093 661 1151 685 ται,
1181 654 1214 680 ἐκ
1237 653 1293 680 τῶν
1319 655 1523 690 γεγραμμένων
1549 654 1626 690 παρὰ
1650 655 1707 685 τοῖς
1723 653 1890 688 προφήταις,

1093 698 1253 734 ἀνεζήτουν,
1281 699 1373 734 φησιν·
1391 700 1421 725 οὺ
1438 699 1493 735 γὰρ
1504 699 1599 732 ἁπλῶς
1615 699 1730 734 θελῆσαι
1743 700 1784 726 δεῖ
1799 698 1890 734 μόνον,
1915 694 1922 699 ”

1093 745 1161 772 ἀλλὰ
1177 746 1223 772 καὶ
1237 746 1283 772 ἐπὶ
1299 745 1366 772 πολὺ
1381 745 1509 781 ζητῆσαι.
1526 746 1553 772 Ὀ
1565 746 1620 781 γὰρ
1637 744 1730 779 ζητῶν
1745 746 1888 779 εὑρίσκει,

1093 791 1142 818 καὶ
1156 790 1197 824 τῷ
1211 792 1351 826 κρούοντι
1370 791 1576 827 ἀνοιγήσεται.
1594 792 1687 818 Ταῦτα
1703 789 1750 819 οὖν
1767 791 1857 827 ζητῶν
1876 793 1890 818 ὁ

1099 836 1328 872 Ἐκκλησιαστὴς,
1342 837 1413 872 ἔγνω
1427 838 1467 865 ὅτι
1484 839 1508 865 οἱ
1527 838 1601 872 λόγοι
1617 837 1672 865 τῶν
1688 838 1825 865 θεοσεΰῶν
1835 838 1888 864 ἐοί-

1093 891 1157 909 κασι
1175 882 1361 919 βουκέντροις.
1378 884 1485 919 Ὥσπερ
1502 885 1556 919 γὰρ
1578 883 1613 910 τὰ
1636 884 1785 919 βούκεντρα
1801 883 1888 917 πλήτ-

1093 938 1170 956 τουσι
1199 929 1263 961 τοὺς
1290 929 1365 964 βόας,
1385 929 1431 956 ἐπὶ
1460 930 1500 964 τῷ
1520 929 1569 965 τὴν
1589 929 1698 957 αὔλακα
1717 930 1756 965 τῷ
1780 930 1889 965 ἀρότρῳ

1092 974 1300 1010 τέμνειν’”οΰτω
1327 975 1375 1002 καὶ
1391 975 1415 1002 οἱ
1438 975 1493 1002 τῶν
1515 975 1653 1010 θεοσόφων
1679 975 1783 1011 ἀνδρῶν
1815 975 1889 1008 λόγοι

1092 1020 1273 1056 διεγείρουσιν
1283 1021 1358 1056 ἡμᾶς
1367 1021 1430 1051 τοὺς
1444 1020 1488 1047 ἐπ’
1506 1021 1593 1048 ἑλπίδι
1612 1022 1811 1057 ἀροτριῶντας,
1823 1021 1890 1047 ἀνα-

1091 1067 1200 1103 τέμνειν
1216 1068 1267 1102 τῆς
1290 1066 1382 1102 ψυχῆς
1397 1067 1446 1103 τὴν
1476 1066 1593 1100 αὔλακα,
1614 1068 1662 1094 καὶ
1687 1067 1888 1102 διακαθαίρειν,

1091 1115 1139 1140 καὶ
1162 1114 1367 1148 καταφυτεύειν
1383 1115 1417 1141 τὰ
1431 1113 1502 1141 καλὰ
1521 1115 1570 1150 τῆς
1584 1114 1688 1150 ἀρετῆς
1698 1114 1887 1149 μοσχεύματα.

1097 1159 1219 1186 Ἐοίκασι
1235 1161 1263 1187 δὲ
1282 1160 1329 1187 καὶ
1345 1161 1422 1196 ἥλοις
1437 1160 1659 1196 πεπυρωμένοις,
1674 1161 1786 1192 οἵτινες
1807 1160 1889 1196 βαθύ-

1089 1214 1170 1240 τερον
1182 1207 1230 1233 καὶ
1248 1207 1452 1244 εὐμαρέστερον
1469 1208 1525 1239 τοῖς
1546 1206 1636 1240 ξύλοις
1647 1208 1885 1242 προσπήγνυνται·

1089 1252 1160 1278 οὕτω
1176 1253 1223 1279 καὶ
1239 1254 1263 1279 οἱ
1290 1253 1395 1279 τούτων
1410 1253 1484 1287 λόγοι
1508 1254 1546 1284 εἰς
1562 1252 1593 1279 τὸ
1613 1253 1682 1287 βαθὺ
1700 1253 1750 1288 τῆς
1767 1252 1887 1284 διανοίας

1088 1298 1167 1332 ἡμῶν
1192 1298 1466 1334 ἐγνκαταπήγνυνται.
1484 1296 1565 1326 Οὗτοι
1590 1298 1619 1326 δὲ
1636 1300 1660 1325 οἱ
1684 1299 1769 1332 λόγοι,
1793 1299 1886 1334 φησὶν,

1087 1342 1168 1377 παρὰ
1195 1343 1255 1370 τῶν
1285 1344 1503 1379 συνταγμάτων
1523 1344 1685 1378 ἐδόθηααν·
1709 1344 1832 1379 ἕτεραδὲ
1852 1343 1888 1378 βι-

1093 1389 1156 1415 ϐλία
1168 1390 1250 1423 παρὰ
1271 1389 1331 1416 τῶν
1351 1389 1570 1425 curvae-ydth
1585 1389 1687 1425 ἔχουσι.
1703 1389 1887 1425 Συντὰγματα

1089 1435 1118 1461 δὲ
1147 1435 1214 1469 νόει,
1240 1435 1256 1470 ἢ
1286 1435 1472 1470 συνθέσματα,
1496 1435 1530 1462 τὰ
1556 1435 1603 1462 τοῦ
1633 1435 1702 1462 Θεοῦ
1732 1437 1885 1470 ποιήματα,

1087 1480 1121 1506 τὰ
1151 1479 1299 1516 ἀκροφυῶς
1326 1480 1542 1516 συντεταγμένα,
1564 1481 1612 1508 καὶ
1634 1481 1802 1516 ἐναρμονίους
1822 1486 1886 1506 συνι

1085 1525 1209 1558 τεθέντα,
1245 1524 1276 1557 ἐξ
1310 1523 1347 1552 ὧν
1370 1526 1513 1561 ἀναλόγως
1544 1526 1590 1553 τὸν
1617 1526 1810 1562 γενεσιουργὸν
1837 1525 1887 1552 αὺ-

1087 1571 1142 1597 τῶν
1173 1571 1444 1607 καταλαμϐάνομεν·
1477 1573 1526 1600 καὶ
1547 1573 1736 1608 συντάγματα,
1765 1572 1814 1604 τὰς
1839 1571 1887 1598 δύο

1088 1617 1236 1653 Διαθήκας,
1272 1618 1395 1647 Παλαιὰν
1423 1619 1469 1645 καὶ
1494 1620 1608 1655 Καινήν.
1640 1619 1727 1646 Πόθεν
1763 1618 1792 1645 δὲ
1818 1619 1885 1654 ἡμῖν

1088 1663 1104 1697 ἠ
1126 1662 1228 1696 γνῶσις
1253 1662 1332 1698 ἐδόθη
1358 1664 1408 1697 τῆς
1433 1663 1488 1690 τῶν
1513 1664 1651 1700 αἰσθητῶν
1679 1663 1812 1700 θεωρίας,
1838 1663 1884 1689 καὶ

1087 1708 1137 1743 τῆς
1147 1708 1202 1735 τῶν
1221 1710 1325 1743 νοητῶν
1345 1708 1543 1744 mutatam;
1564 1710 1613 1736 Ἐκ
1631 1709 1773 1744 ποιμένος
1803 1709 1882 1741 ἑνός.

1087 1755 1170 1780 Ποίου
1191 1754 1338 1789 ποιμένος;
1362 1755 1409 1781 τοῦ
1425 1755 1474 1782 καὶ
1490 1755 1524 1782 τὰ
1536 1757 1564 1781 ὲν
1574 1756 1712 1790 οὐρανοῖς,
1731 1755 1777 1781 καὶ
1790 1755 1824 1781 τὰ
1839 1755 1885 1780 ἐπὶ

1087 1800 1139 1834 γῆς
1161 1800 1258 1834 λογικὰ
1278 1801 1539 1836 ποιμαίνοντος,τοῦ
1567 1802 1716 1837 φήσαντος·
1735 1801 1806 1836 Ἐγώ
1826 1802 1885 1835 εἰμι

1087 1847 1104 1872 ὁ
1118 1846 1231 1880 ποιμὴν
1245 1848 1261 1874 ὀ
1277 1848 1380 1880 καλός.
1411 1848 1501 1878 Ἀλλὰ.
1517 1847 1741 1881 Ιίιιὶπερισσὸν,
1758 1847 1836 1882 φησὶ,
1849 1847 1885 1879 ἐξ

1086 1890 1196 1918 αὐτῶν.
1210 1892 1287 1918 Ποῖον
1303 1892 1333 1918 τὺ
1349 1893 1498 1928 περισσόνι
1517 1893 1548 1919 ἐκ
1563 1893 1612 1928 τῆς
1626 1893 1729 1920 τούτων
1744 1893 1882 1927 γνώσεως,

1086 1938 1127 1964 ὃτι
1156 1937 1229 1973 ζωὴν
1255 1937 1364 1965 αἰώνιον
1391 1938 1627 1974 κ).ηρονομοῦμεν,
1656 1939 1698 1965 ὅτι
1727 1939 1775 1966 καὶ
1801 1939 1883 1965 αὑτὸν

1087 1984 1240 2019 ἀξιούμεθα
1253 1985 1298 2011 τὸν
1315 1985 1402 2012 καλὸν.
1416 1985 1538 2020 Ποιμένα
1555 1986 1629 2020 ἔχειν
1649 1985 1820 2017 διδάσκαλον,
1835 1985 1882 2011 καὶ

1084 2031 1162 2057 ὅτιοὶ
1178 2030 1282 2066 ταύτης
1306 2031 1356 2065 τῆς
1379 2031 1506 2064 γνώσεως
1532 2031 1561 2057 ὲν
1585 2031 1651 2067 τῷδε
1669 2031 1709 2066 τῷ
1727 2031 1778 2066 βίῳ
1798 2039 1883 2057 χαῖα-

1085 2077 1241 2109 ξιωθέντες,
1259 2077 1307 2103 καὶ
1321 2076 1371 2111 τῆς
1385 2077 1492 2109 τελείας
1507 2078 1638 2112 γνώσεως
1652 2079 1680 2104 ἐν
1699 2078 1738 2113 τῷ
1757 2078 1881 2114 μέλλοντι

1085 2121 1299 2154 καταξιοῦνταιί
1316 2122 1433 2158 καθαροὶ
1449 2123 1577 2158 καθαρῶς
1595 2123 1647 2150 ὑπὸ
1668 2124 1717 2159 τῆς
1730 2124 1810 2158 ἁγίας
1833 2122 1881 2150 καὶ

1084 2168 1231 2203 ὁμοουσίου
1243 2166 1359 2203 Τριάὸος
1379 2169 1593 2204 ὲλλαμπόμενοι.

238 2216 328 2251 ampla
339 2216 411 2243 enim
439 2223 467 2243 et
493 2216 686 2252 permagniiiea
717 2215 925 2250 cognoscimus,
947 2219 977 2241 ut
994 2219 1067 2248 puta,
1083 2212 1157 2248 quod
1180 2213 1323 2240 luereditas
1350 2218 1452 2246 nostra,
1487 2214 1541 2241 vita
1570 2218 1671 2242 :elerna
1701 2216 1791 2243 futura
1818 2221 1878 2243 est:

239 2263 311 2298 quod
328 2263 417 2290 bonus
432 2262 476 2290 ille
487 2263 585 2290 Pastor
596 2263 722 2298 dignatus
738 2265 780 2288 est
803 2265 896 2287 noster
926 2260 984 2287 fieri
1015 2260 1162 2295 magister;
1194 2263 1223 2286 et
1241 2259 1322 2295 (quod
1341 2259 1460 2294 denique
1480 2259 1507 2286 in
1532 2267 1659 2294 suprema
1679 2260 1808 2289 felicitate
1837 2262 1878 2289 lo-

237 2309 354 2338 candum
369 2308 420 2342 est)
433 2309 504 2344 quod
520 2308 567 2343 qui
582 2308 655 2342 (ligni
669 2307 754 2335 habiti
780 2315 875 2334 sumus
890 2306 1049 2341 imperfecta
1068 2307 1119 2334 hac
1141 2306 1296 2341 cognitione
1318 2314 1379 2341 qum
1399 2311 1442 2333 est
1455 2314 1487 2333 ex
1506 2312 1584 2342 parte
1613 2308 1678 2335 dum
1696 2308 1824 2341 vivimus.
1844 2310 1878 2337 ad

237 2354 388 2391 perfectum
411 2355 509 2383 deinde
525 2355 552 2382 in
569 2355 662 2382 futuro
682 2353 782 2382 saeculo
815 2352 983 2394 veniemus,_;
998 2352 1060 2388 puri
1079 2353 1184 2388 puriter
1215 2361 1230 2380 a
1259 2357 1352 2381 sancta
1387 2353 1612 2381 consubstantiali
1648 2354 1783 2384 Trinitate
1813 2356 1876 2384 illu-

237 2402 354 2475 suiildgls:
370 2447 413 2475 l2.
433 2456 442 2473 ι
460 2447 522 2480 Fili,
545 2454 611 2473 cave
630 2445 678 2473 tibi
701 2453 716 2472 a
741 2444 874 2472 faciendis
891 2444 983 2472 multis
997 2444 1031 2471 li—

237 2495 303 2526 bris,
326 2494 455 2529 quoniam
481 2501 536 2520 non
563 2497 605 2520 est
623 2492 685 2519 linis
701 2500 708 2524 ς
725 2496 752 2518 et
767 2491 908 2518 meditatio
934 2491 1029 2521 multa,

236 2540 327 2568 carnis
341 2539 429 2566 labor.
447 2548 456 2565 ι
483 2538 558 2565 Multi
582 2538 645 2565 libri
671 2537 805 2572 multique
826 2545 968 2564 sermones
983 2537 1029 2571 qui

236 2594 291 2614 non
313 2585 429 2613 tendunt
447 2585 481 2612 ad
511 2591 594 2611 unum
610 2583 791 2617 eumdemun
815 2582 985 2618 propositum
1001 2582 1031 2609 ii-

235 2640 309 2664 nem,
320 2630 611 2659 eonturbantanimam
621 2629 736 2664 legentis
750 2633 830 2663 atque
846 2628 1028 2656 confundunt.

234 2678 318 2715 679
328 2678 550 2711 Quotiescunque
574 2683 641 2703 vero
655 2676 688 2703 de
703 2683 767 2703 vera
782 2676 912 2711 religione
922 2683 1029 2703 sermo-

235 2731 298 2751 nem
316 2723 377 2758 quis
388 2722 478 2753 iaciat,
492 2721 600 2749 tametsi
616 2721 644 2748 in
661 2722 770 2756 longum
789 2721 908 2756 spatium
922 2725 1028 2755 lempo-

234 2769 274 2796 ris
297 2769 372 2796 illum
398 2767 540 2803 protrahat
560 2767 632 2794 sicut
654 2767 735 2795 divus
761 2766 900 2802 apestolus
916 2765 1025 2797 fecit",

234 2815 279 2850 qui
293 2815 319 2842 in
336 2814 426 2842 schola
435 2814 552 2849 tyranni,
569 2813 725 2842 trinoctium
735 2813 768 2841 de
779 2811 913 2847 mysteriis
924 2811 1027 2839 Christi

1122 2452 1131 2468 ‹
1149 2442 1206 2475 Υἱὲ,
1221 2443 1361 2477 φυλάσσου
1375 2444 1423 2470 τοῦ
1437 2445 1649 2481 ποιῆσαιβιϐλία
1664 2447 1760 2481 πολλὰ,
1776 2449 1818 2475 ὅτι
1828 2450 1877 2476 οὐκ

1082 2488 1140 2515 ἔστι
1151 2490 1308 2524 περασμός·
1321 2491 1369 2517 καὶ
1381 2491 1482 2527 μελέτη
1496 2492 1592 2527 πολλὴ,
1607 2493 1728 2526 κόπωσις
1738 2496 1849 2529 σαρκός.
1865 2504 1876 2522 ι

1082 2535 1172 2562 Πολλὰ
1199 2535 1303 2570 βιϐλία,
1325 2537 1373 2563 καὶ
1402 2537 1477 2571 λόγοι
1505 2538 1601 2565 πολλοὶ
1631 2541 1654 2565 οἱ
1678 2540 1715 2575 μὴ
1741 2541 1809 2576 πρὸς
1833 2542 1879 2569 τὸν

1081 2582 1163 2608 αὑτὸν
1198 2583 1302 2609 σκοπὸν
1328 2584 1502 2617 νενευκότες,
1531 2585 1556 2610 οἱ
1582 2585 1698 2612 τοιοῦτοι
1724 2586 1798 2620 λόγοι
1830 2587 1879 2614 καὶ

1080 2627 1193 2663 ὀχληροὶ
1207 2628 1401 2663 τυγχάνουσιν.
1419 2629 1505 2655 Ὂταν
1530 2629 1580 2664 μὲν
1604 2631 1657 2666 γάρ
1681 2640 1722 2663 τις
1744 2631 1791 2658 τὸν
1813 2632 1879 2667 περὶ

1080 2673 1197 2709 ἀληθοῦς
1220 2674 1377 2706 θεοσεσείας
1400 2674 1544 2710 ὲκτιθῆται
1562 2675 1652 2709 λόγον,
1671 2677 1724 2703 κᾶν
1741 2678 1770 2704 ὲν
1789 2678 1878 2713 πολλῷ

1079 2719 1118 2754 τῷ
1136 2720 1225 2754 χρόνῳ
1249 2719 1420 2754 διαλέγηται,
1442 2720 1480 2751 ὡς
1495 2720 1509 2745 ὀ
1534 2720 1606 2756 ἱερὸς
1627 2721 1777 2753 ἀπόστολος
1795 2723 1824 2748 ἐν
1843 2723 1876 2756 τῇ

1082 2766 1164 2801 σχολῇ
1182 2765 1317 2800 τυράννου
1335 2766 1382 2792 ὲπὶ
1402 2768 1478 2802 τρεῖς
1493 2767 1596 2799 νύκτας
1619 2767 1743 2794 ἐδίδασκε
1758 2767 1792 2794 τὰ
1813 2769 1877 2802 περὶ

1081 2811 1128 2838 τοῦ
1148 2811 1252 2846 Κυρίου
1267 2819 1273 2826 ·
1292 2809 1370 2843 οὗτος
1392 2811 1454 2839 οὔτε
1478 2812 1564 2840 πολλὰ
1582 2813 1667 2849 λέγει,
1683 2813 1746 2840 οὔτε
1762 2813 1877 2849 ὀχληρός

269 2920 292 2937 ³³
311 2919 382 2947 Psal.
402 2928 494 2954 xutx,
508 2921 536 2949 9.
583 2919 610 2958 f‘
625 2920 692 2948 Luc.
708 2927 739 2953 ιι,
755 2919 798 2947 l0.
820 2919 875 2966 ﬂ“
887 2919 966 2947 Joan.
983 2926 1009 2952 κ,
1025 2917 1068 2961 ιι,
1108 2917 1130 2934 ³⁸
1148 2916 1209 2946 Act.
1229 2925 1275 2951 xx,
1325 2924 1401 2953 seqq.
