2044 3144
157 211 210 243 625

717 211 950 241 FRAGMENTA
965 210 1006 241 ΙΝ
1026 211 1234 242 JEREMIAM.

1742 214 1794 246 626

157 271 226 300 ἐστι,
243 267 312 295 ἀλλᾶ
328 267 375 294 καὶ
395 267 542 302 ἀκόρεστος
566 267 622 298 τοῖς
640 266 797 294 ἀκούουσιν.
813 268 892 294 Οὕτω
907 267 952 294 καὶ

1005 267 1158 302 perdocuit,
1174 267 1196 293 is
1206 274 1294 301 neque
1305 271 1370 294 tunc
1384 267 1468 294 multa
1480 267 1556 300 dicit,
1568 275 1656 303 neque
1665 268 1797 298 molestus

157 315 192 342 τὰ
205 315 260 341 τῶν
276 314 356 340 θείων
370 313 486 349 Γραφῶν
503 312 596 347 βιϐλία
609 313 759 348 πολύστιχα
768 315 948 349 τυγχάνοντα,

157 361 188 387 οὐ
204 361 292 387 πολλά
311 359 447 392 λέγονται,
464 358 533 384 ἀλλὰ
550 359 631 393 νόμος
656 359 758 394 Κυρίου
773 367 779 375 ·
797 360 892 395 ἐπειδὴ
909 357 949 391 εἴς

157 407 324 442 ἀμφοτέρων
349 405 404 432 τῶν
429 405 574 438 Διαθηκῶν
595 405 609 431 ὁ
626 405 791 440 νομοθέτης,
812 406 860 432 καὶ
882 405 950 441 πρὸς

157 453 206 479 ἕνα
222 453 325 480 σκοπὸν
340 452 448 479 ᾶπαντα
467 451 622 486 βλέπουσιν,
641 451 679 483 ὡς
691 453 738 478 καὶ
752 452 833 484 αὐτὸς
845 451 924 487 ἡμῶν
935 452 950 478 ὁ

158 499 261 534 Κύριος
284 498 399 531 ἐδίδαξε,
415 499 429 524 ὁ
453 498 540 532 μέγας
568 497 795 532 Ἐκκλησιαστὴς,
824 499 840 533 ἠ
870 498 951 534 σοφία

157 546 206 571 τοῦ
216 545 334 579 Πατρὺς,
343 544 536 578 Ἀγαπήσεις.
549 544 678 578 λέγουσα,
691 545 801 578 Κύριον
813 544 865 571 τὸν
877 545 951 571 θεόν

157 598 216 617 σου
231 589 267 621 ἐξ
283 590 358 623 ὅλης
374 588 429 622 τῆς
445 589 569 623 καρδίας
583 596 652 620 σου,
673 589 721 615 καὶ
741 589 796 615 τὸν
816 588 952 622 πλησίον

137 659 140 662 .
157 645 217 663 σου
227 636 269 669 ὡς
283 635 465 662 ἐαυτόν.Ἐν
480 635 535 669 γὰρ
550 635 672 667 ταύταις
686 635 750 666 ταῖς
763 635 856 661 δυσὶν
867 635 951 662 ἐντο-

157 683 227 715 λαῖς
246 682 318 715 ὅλος
330 683 346 708 ό
360 682 463 716 νόμος,
480 681 529 708 καὶ
553 682 581 708 οἱ
604 681 754 715 προφῆται
777 682 947 715 κρέμανται.

164 729 247 763 Ὁρᾷς
265 729 293 755 ὲν
307 728 347 754 ὲνὶ
361 728 434 763 λόγῳ
447 728 481 754 τὰ
493 727 618 761 πολυεπῆ
628 727 719 762 βιϐλία
734 727 952 762 συγκεφαλαιούυ

160 783 242 810 μενα,
259 775 306 801 καὶ
320 773 364 800 διὰ
379 774 457 800 τοῦτο
476 773 592 809 μὴγῦντα
608 774 714 806 πολλά;
728 775 794 800 [Ιοῖα
805 773 952 810 τοιγαροῦν

157 823 172 848 ὁ
191 820 411 856 Ἐκκλησιαστὴς
428 820 579 855 ἀποτρέπει
607 819 697 854 βιϐλία
720 821 824 852 ποιεῖν;
843 819 883 846 Τὰ
898 819 951 845 τῶν

164 867 314 902 Ἑλλήνων,
341 865 396 892 τῶν
411 866 461 897 τὰς
485 865 610 900 ἀλλήλων
632 866 840 901 ἀνατρεπόντων
860 865 950 898 δόξας,

159 912 208 938 καὶ
227 912 385 946 ἀκήρυκτον
403 910 472 945 πρὸς
495 910 610 941 ἑαυτοὺς
628 911 745 945 ἐχόντων
764 910 882 945 πόλεμον
895 918 902 925 ο
919 910 952 937 τὰ

1004 317 1045 339 est
1061 316 1088 339 et
1101 312 1282 346 importunus,
1299 312 1352 339 imo
1368 320 1431 339 vero
1446 313 1536 346 potius
1547 312 1797 341 auditores-satiare

1003 366 1059 385 non
1090 362 1190 392 potest.
1216 358 1292 385 'l'alia
1321 358 1401 386 etiam
1425 362 1489 385 sunt
1520 363 1622 387 sancta:
1649 359 1797 394 Scriptum

1004 404 1142 432 volumina
1168 412 1227 438 qua:
1248 404 1339 431 multis
1365 404 1518 439 conscripta
1547 405 1681 438 versibus,
1712 405 1796 432 multa

1004 453 1094 477 tamen
1118 457 1289 484 nequaquam
1311 449 1453 482 dicuntur,
1470 450 1518 477 sed
1541 451 1582 478 lex
1600 451 1708 478 Domini
1724 458 1796 478 nun-

1004 500 1148 531 cupantur,
1169 495 1389 531 quandoquidem
1410 502 1483 523 unus
1504 495 1531 523 in
1560 501 1675 531 utroque
1699 496 1795 524 Testa—

1004 546 1097 569 mento
1130 542 1197 577 legis
1226 546 1268 568 est
1300 542 1380 573 lator,
1415 541 1531 576 librique
1566 550 1662 569 omnes
1693 546 1796 570 sanetae

1005 587 1152 623 Scriptum
1179 588 1208 614 in
1223 587 1349 615 eumdem
1366 587 1446 614 ﬁnem
1464 595 1632 622 scopumque
1656 587 1795 619 feruntur.

1004 635 1075 661 sicut
1092 639 1120 661 et
1133 641 1184 661 nos
1204 633 1336 661 Dominus
1352 633 1456 666 docuit,
1475 633 1522 668 qui
1538 641 1602 661 vere
1624 641 1740 668 magnus
1754 636 1796 659 est

1005 680 1194 711 Ecclesiastes,
1210 680 1352 714 Patrisque
1374 679 1519 714 sapientia,
1541 679 1585 706 his
1602 678 1719 705 maxime
1733 686 1795 705 ver-

1004 726 1046 754 bis
1060 735 1069 753 :
1085 726 1170 761 Dilige
1185 725 1328 752 Dominum
1350 724 1434 751 Deum
1448 730 1522 753 tuum
1533 733 1564 751 ea:
1577 729 1630 750 toto
1646 724 1722 750 corde
1738 727 1794 755 tuo,

1005 777 1029 799 et
1042 773 1190 806 proximum
1213 776 1286 799 tuum
1311 772 1378 798 sicut
1401 771 1512 804 teipsqu
1529 771 1574 798 :in
1588 770 1628 797 his
1643 770 1712 796 enim
1728 770 1796 796 duo—

1005 818 1052 846 bus
1069 818 1213 850 mandatis,
1230 822 1284 844 tota
1300 817 1341 844 lex
1356 822 1380 844 et
1391 817 1522 852 prop/leta:
1537 815 1796 851 pendent".Vides—

1005 871 1040 890 ne
1061 863 1142 899 igitur
1161 868 1190 890 ut
1214 863 1240 890 in
1256 870 1382 890 sermone
1399 870 1454 889 uno
1475 866 1502 888 et
1527 862 1610 889 verbo
1626 860 1794 893 abbreviato,

1005 909 1158 944 multiloqui
1182 909 1243 936 libri
1262 913 1290 935 et
1309 907 1494 943 argumentosi
1512 907 1794 942 comprehendantur,

159 957 215 982 τῶν
235 955 395 992 αἱρετικῶν,
418 955 473 981 τῶν
497 955 625 990 ἀλλήλοις
639 955 865 990 ὰντιμαχομένων
878 962 884 969 ·
900 954 949 986 τὰς

1004 964 1090 991 neque
1113 956 1174 983 ideo
1192 955 1270 982 multi
1288 955 1363 982 sint?
1384 954 1449 987 Quae
1462 958 1526 981 sunt
1550 953 1642 987 itaque
1657 952 1795 980 volumina

159 1003 216 1028 τῶν
233 1001 370 1028 Ἰουδαίων
389 1001 570 1035 δευτερώσεις
584 1001 634 1032 τὰς
646 1000 817 1035 ἀπεράντους
831 1000 880 1027 καὶ
898 1009 951 1035 μυ-

161 1047 252 1078 θικὰς.
266 1046 446 1082 Ἐρμηνεύειν
455 1046 509 1081 γὰρ
520 1055 570 1082 σχη
576 1046 752 1081 ματιζόμενοι
767 1046 816 1078 τὰς
828 1046 950 1082 Γραφὰς,

160 1094 201 1124 εἰς
217 1093 319 1128 μύθους
333 1092 381 1119 xui
393 1091 571 1126 γενεαλογίας
583 1092 784 1127 ἐξετράπησαν,
800 1092 846 1118 καὶ
863 1100 952 1126 παρα-

161 1140 250 1171 δόσεις
260 1139 337 1170 τινὰς
355 1139 387 1165 οὐ
407 1140 479 1165 κατα
493 1138 524 1165 τὸ
539 1138 586 1164 τοῦ
600 1137 747 1172 νομοθέτου
763 1137 897 1173 βούλημα.
921 1138 952 1165 Ἦ

161 1186 191 1212 ἔν
214 1186 272 1216 τοῖς
295 1184 427 1216 τοιούτοις
456 1184 570 1219 βιὸλίοις
592 1184 678 1220 πολλὴ
708 1183 808 1219 μελέτη
833 1183 953 1215 κόπωσίς

162 1233 222 1258 ὲςτι
247 1230 361 1266 σαρκὸς,
389 1231 469 1265 μόνον
491 1229 522 1256 τὸ
548 1230 629 1264 σῶμα
657 1229 881 1265 ταλαιπωροῦσα,
905 1229 954 1256 καὶ

161 1278 270 1312 καρπὸν
284 1277 386 1312 μηδένα
401 1276 534 1311 φέρουσα.
555 1275 589 1302 Ἠ
606 1275 634 1302 δὲ
654 1276 718 1310 περὶ
736 1275 772 1301 τὰ
784 1275 844 1301 θεῖα
864 1274 954 1311 βιϐλία

163 1323 266 1358 μελέτη
294 1322 359 1357 περὶ
382 1322 415 1357 ἦν
440 1322 515 1356 ἡμᾶς
542 1321 746 1356 ὲνασχολεῖσθαι
774 1321 881 1356 ἡμέρας
907 1320 954 1347 καὶ

161 1369 259 1400 νυκτὸς
268 1370 281 1395 ὁ
291 1368 367 1402 anno;
378 1367 480 1403 [Δαυῖδ]
493 1367 667 1401 ἐγκελεύεται
679 1366 766 1401 λέγων
775 1375 782 1382 ·
799 1366 853 1393 Kal
867 1365 902 1392 ἐν
915 1365 954 1399 τῷ

161 1414 344 1450 νόμῳιιὺτοῦ
355 1413 522 1454 μελετῆσαι
533 1412 646 1447 ἡμέρας
663 1412 713 1439 καὶ
725 1412 853 1444 νυκτός·
864 1411 894 1437 οὐ
909 1411 955 1437 κά-

161 1467 253 1489 πωσις
263 1458 381 1494 ὑπάρχει
395 1458 509 1494 σαρκὸς,
527 1457 596 1484 ἀλλὰ
609 1457 700 1492 ψυχῆς
709 1456 881 1491 ἀγαλλίασις.
894 1456 954 1483 Κᾶν

161 1505 217 1540 γὰρ
228 1505 257 1531 ἐν
267 1504 359 1539 ἱδρῶσι
369 1504 416 1531 καὶ
424 1503 554 1538 δάκρυσι
565 1502 733 1538 σπείρωμεν,
747 1500 956 1536 φιλοπονοῦντες

162 1551 228 1586 περὶ
240 1551 270 1577 τὺ
282 1550 375 1582 καλὸν,
392 1550 426 1577 ἐν
438 1549 619 1585 ἀγαλλιάσει
635 1548 782 1584 θερίσομεν
793 1547 838 1574 τὸν
855 1546 954 1574 εὐκλέα

160 1597 212 1632 τῆς
227 1598 327 1632 ἀρετῆς
343 1596 460 1632 καρπόν.
486 1595 612 1630 Ἀγαθῶν
627 1595 681 1630 γὰρ
704 1595 805 1621 πόνων
823 1593 953 1626 εὐκλεὴς

161 1645 178 1670 ὁ
193 1643 318 1677 καρπός.
334 1642 399 1668 Υξδν
415 1642 442 1668 δὲ
458 1640 555 1668 ἑαυτοῦ
570 1640 615 1667 τον
629 1639 846 1674 νουθετούμενον
860 1639 873 1665 ὁ
890 1639 953 1666 Ἐκο

162 1689 330 1724 κλησιαστὴς
345 1687 424 1714 καλεί
437 1695 444 1701 ·
463 1687 504 1713 διὸ
534 1687 668 1722 προσήκει
683 1686 713 1712 τὸ
731 1685 864 1720 πατρικὸν
879 1685 954 1720 ἡμᾶς

162 1734 309 1768 φυλάττειν
323 1733 443 1769 ἀξίωμα,
463 1733 502 1768 μὴ
517 1731 738 1767 παραϐαίνοντας
749 1730 798 1762 τὰς
815 1731 953 1766 πατρικὰς

161 1780 283 1810 ἐντολάς.
306 1779 343 1806 Τὸ
364 1779 403 1812 δὲ,
430 1777 491 1806 Οὐκ
517 1778 584 1805 ἐστι
613 1777 778 1812 περασμὸς,
805 1777 866 1804 ἀντὶ
894 1777 952 1809 τοῦ,

161 1825 251 1860 πέρας
270 1824 326 1851 τῶν
341 1824 432 1850 πόνων
454 1823 568 1859 περὶτὰ
591 1824 710 1859 μᾶιταιοι⁸
737 1823 753 1857 ἦ
771 1823 812 1849 ὅτι
824 1821 897 1849 ¹τινὰ
925 1823 954 1856 ἐξ

162 1870 254 1896 αὐτῶν
271 1870 379 1905 καρπον
393 1870 443 1896 οὐκ
459 1869 534 1896 ἔστιν
549 1870 640 1904 εὑρεῖν
652 1877 659 1883 ·
677 1869 693 1904 ἢ
710 1869 751 1895 ὅτι
771 1867 952 1903 ἀναρίθμητοι

160 1917 188 1943 al
204 1915 336 1951 μυριάδες
357 1915 412 1942 τῶν
433 1916 461 1941 ὲν
479 1915 519 1950 τῷ
547 1914 643 1949 κόσμῳ
661 1913 820 1950 φερομένων
841 1913 952 1948 βιϐλίων

159 1963 354 1997 τυγχάνουσιν.

1002 1009 1062 1037 qua:
1076 1010 1125 1029 nos
1138 1001 1297 1029 dehortatur
1312 1008 1477 1036 componere
1498 999 1700 1028 Ecclesiastes?
1712 998 1794 1026 Nem-

1002 1056 1037 1084 pe
1060 1048 1201 1084 gentilium
1221 1048 1360 1075 volumina
1370 1042 1402 1075 let
1417 1051 1605 1078 monumenta,
1623 1045 1669 1080 qui
1690 1043 1806 1072 scilicet

1002 1094 1112 1121 alterius
1125 1099 1251 1121 evertunt
1269 1098 1296 1121 et
1317 1094 1478 1129 impugnant
1495 1093 1656 1124 sententias,
1669 1098 1795 1126 semper-

1002 1147 1055 1174 que
1078 1139 1148 1166 inter
1164 1147 1193 1167 se
1208 1140 1397 1175 gravissimum
1418 1139 1518 1166 bellum
1535 1142 1643 1174 gerunt.
1668 1137 1724 1165 Nec
1738 1145 1794 1164 non

1003 1185 1138 1213 absterret
1159 1193 1209 1213 nos
1223 1186 1258 1213 ab
1275 1185 1466 1213 hzereticorum
1482 1185 1559 1212 libris
1579 1184 1698 1212 invicem
1712 1182 1796 1211 dissi-

1003 1231 1138 1262 dentium,
1161 1231 1371 1265 recentibusque
1384 1229 1541 1257 Judatorum
1563 1229 1746 1257 voluminibus
1761 1235 1793 1256 ac

1003 1276 1171 1304 seenndariis
1196 1284 1258 1311 qua:
1285 1276 1391 1303 inﬁnita
1418 1284 1505 1312 prope
1536 1279 1611 1308 sunt,
1638 1274 1792 1308 fabulisque

1004 1322 1136 1349 conferta.
1159 1322 1228 1349 Dum
1252 1322 1325 1349 enim
1350 1322 1505 1357 Scripturas
1529 1321 1607 1348 novis
1628 1319 1791 1355 quibusdam

1004 1368 1096 1404 ﬁguris
1109 1368 1281 1403 interpretari
1304 1368 1425 1401 student,
1447 1369 1475 1395 in
1493 1367 1619 1395 ridiculas
1642 1366 1747 1394 fabulas
1764 1371 1792 1394 et

1004 1414 1175 1450 genealogias
1191 1414 1316 1442 conversi
1332 1418 1407 1447 sunt,
1420 1414 1634 1448 traditionesque
1647 1412 1794 1440 ediderunt

1003 1468 1019 1488 a
1032 1460 1168 1488 sententia
1187 1460 1328 1495 scriptoris
1345 1459 1502 1496 longissime
1517 1459 1685 1488 aberrantes.
1707 1457 1793 1485 Multa

1004 1507 1094 1542 itaque
1120 1507 1261 1535 meditatio
1285 1515 1345 1542 quae
1368 1507 1394 1534 in
1426 1506 1582 1541 huiusmodi
1616 1504 1794 1533 conﬁciendis

1004 1553 1080 1581 libris
1093 1554 1250 1586 adhibetur,
1271 1553 1358 1581 solum
1377 1552 1455 1580 aliert
1475 1552 1595 1580 laborem
1611 1551 1710 1583 carnis,
1726 1550 1795 1578 allii-

1005 1599 1043 1635 git
1063 1607 1162 1634 corpus
1183 1599 1242 1626 sine
1268 1596 1321 1626 ulla
1342 1599 1458 1626 utilitate
1480 1606 1512 1625 ac
1536 1597 1638 1625 fructu.
1655 1596 1796 1624 Meditatio

1006 1652 1069 1672 vero
1093 1653 1175 1679 quam
1199 1645 1367 1672 intendimus
1395 1644 1466 1672 circa
1492 1643 1601 1671 divinos
1632 1642 1738 1674 Libros,
1767 1642 1796 1669 in

1004 1699 1057 1726 qua
1072 1699 1122 1718 nos
1137 1691 1239 1719 versari
1255 1691 1300 1718 die
1323 1695 1460 1726 noctuque
1474 1693 1586 1717 sanctus
1600 1688 1684 1716 David
1702 1688 1796 1715 horta-

1004 1739 1059 1766 tur,
1081 1743 1144 1762 eum
1160 1735 1247 1762 dicit:
1278 1735 1312 1762 Et
1328 1735 1355 1762 in
1370 1734 1426 1771 lege
1442 1735 1499 1769 ejus
1516 1734 1686 1762 meditabitur
1706 1733 1749 1760 die
1765 1740 1798 1759 ac

1003 1785 1077 1807 nocte
1085 1781 1121 1814 θ’,
1140 1788 1194 1807 non
1218 1781 1296 1808 labor
1315 1783 1357 1807 est
1373 1781 1473 1812 carnis,
1490 1779 1538 1807 sed
1553 1778 1699 1807 exsultatio
1713 1777 1796 1812 spiri-

1001 1829 1054 1853 tus.
1069 1825 1197 1858 Quamvis
1212 1827 1285 1854 enim
1301 1827 1327 1853 in
1339 1827 1437 1854 sudore
1453 1831 1480 1856 et
1493 1825 1617 1861 lacrymis
1629 1825 1797 1852 semincmus

1005 1871 1159 1899 laborantes
1183 1873 1255 1900 circa
1276 1873 1432 1905 honestum,
1461 1871 1490 1898 in
1506 1871 1688 1898 exsultatione
1704 1874 1794 1897 tamen

1006 1918 1167 1944 metemus“
1191 1918 1320 1953 inclytum
1347 1918 1456 1945 virtutis
1482 1917 1626 1944 fructum:
1660 1915 1797 1942 Bonorum

1006 1962 1138 1997 siquidem
1152 1963 1272 1990 laborum
1285 1963 1413 1998 gloriosus
1433 1967 1469 1990 est
1484 1964 1583 1998 [ructus
1591 1962 1625 1988 ⁸ο.
1648 1961 1797 1989 Adverten-

160 2010 226 2037 dum
239 2014 282 2036 est
294 2014 385 2036 autem
398 2008 469 2043 quod
495 2007 578 2034 ﬁlium
591 2015 672 2034 suum
695 2012 774 2046 vocat
789 2006 978 2040 Ecclesiastes,
1006 2016 1087 2042 quem
1110 2010 1312 2036 admonendum
1327 2009 1464 2044 suscepit;
1485 2008 1638 2036 cavendum
1654 2012 1696 2035 est
1715 2007 1797 2042 igitur

159 2055 240 2082 nobis
270 2060 300 2082 ut
316 2055 393 2083 omni
411 2055 501 2082 studio
520 2060 660 2090 paternam
679 2055 750 2082 hanc
768 2054 952 2090 dignationem
971 2061 1121 2087 servemus,
1137 2056 1209 2090 quod
1234 2056 1355 2090 profecto
1376 2055 1508 2083 faciemus
1535 2055 1556 2082 si
1566 2060 1685 2090 ,paterna
1716 2062 1796 2082 man-

158 2101 223 2128 data
254 2109 308 2129 non
333 2102 573 2138 transgrediamur.
602 2101 678 2133 Quod
693 2109 756 2129 vero
774 2101 820 2134 ait,
837 2100 897 2127 Non
914 2104 950 2127 est
964 2100 1035 2135 linis,
1067 2102 1187 2138 intellige
1202 2103 1260 2133 sine
1277 2103 1329 2130 ﬁne
1345 2103 1446 2131 versari
1473 2102 1545 2130 circa
1566 2110 1609 2130 res
1623 2109 1724 2134 vanas;
1752 2104 1795 2131 vel

158 2147 233 2183 quod
250 2156 294 2175 res
309 2157 395 2180 vanm,
408 2149 578 2184 propositum
595 2148 676 2175 ﬁnem
693 2147 867 2183 fructumque
894 2147 969 2175 illum
984 2156 1038 2176 non
1068 2150 1180 2183 habent,
1205 2158 1286 2185 quem
1304 2150 1434 2184 consequi
1451 2149 1598 2184 possimus,
1623 2149 1682 2176 illas
1700 2155 1795 2183 perse-

158 2199 296 2229 quentes;
319 2195 362 2222 vel
376 2196 448 2229 quod
471 2195 577 2222 inﬁnita
596 2187 724 2221 librorum
737 2198 779 2221 est
794 2194 950 2225 multitudo,
963 2195 1008 2230 qui
1026 2204 1075 2230 per
1089 2196 1182 2223 orbem
1198 2200 1332 2223 terrarum
1347 2195 1587 2223 circumferuntur.

198 2251 208 2266 ‹
229 2241 312 2272 Τέλος
323 2241 404 2275 λόγου
423 2241 453 2267 τὸ
470 2242 523 2268 πᾶν
537 2241 620 2268 ἄκουε
631 2248 638 2255 '
656 2241 700 2267 τὸν
715 2240 783 2266 Θεὸν
799 2239 896 2274 φοϐοῦ,
908 2240 952 2266 καὶ

1031 2241 1123 2279 ,κἐιις.
1139 2242 1181 2273 l3,
1197 2242 1240 2268 M.
1257 2251 1266 2267 ι
1284 2241 1354 2269 Audi
1367 2248 1525 2276 supremum
1542 2240 1623 2268 ﬁnem
1640 2240 1794 2268 sermonis:

158 2287 210 2319 τὰς
227 2286 338 2318 ἐντολὰς
351 2287 434 2313 αὑτοῦ
447 2286 580 2321 φύλασσε,
594 2287 635 2313 ὅτι
647 2286 728 2312 τοῦτο
738 2286 792 2316 mi;
800 2285 955 2320 ἄνθρωπος·

158 2333 202 2359 ὅτι
223 2331 335 2367 σύμπαν
362 2331 393 2358 τὸ
411 2331 518 2366 ποίημα
533 2331 592 2364 ἄξει
614 2332 628 2358 ὁ
653 2331 720 2362 Θεὸς
743 2331 772 2357 ὲν
796 2330 897 2365 κρίσει,
927 2330 957 2356 ὲν

159 2377 245 2402 παντὶ
261 2377 483 2412 παρεωραμένῳ,
495 2376 542 2403 ἐὰν
557 2376 719 2410 ἀγαθὸνκαὶ
735 2376 782 2402 ἐὰν
795 2375 925 2411 πονηρόν.
943 2385 953 2402 ο

166 2423 239 2456 Ἐγὼ
254 2423 283 2449 δέ
299 2431 351 2455 σοι,
377 2423 456 2458 φησι,
481 2423 654 2458 κεφαλαιώδη
673 2422 721 2449 καὶ
746 2422 956 2458 ἐπιτομωτάτην

160 2468 301 2503 σωτηρίας
315 2468 375 2495 ὁδὸν
400 2468 579 2504 ὺιποδείκνυμι
590 2477 597 2484 ·
617 2467 674 2495 Τὸν
697 2467 773 2494 Θεὸν
787 2467 892 2500 φοϐοῦ,
906 2467 955 2494 καὶ

157 2514 214 2546 τὰς
229 2514 358 2546 ἐντολὰς
378 2513 471 2541 αὑτοῦ
494 2514 638 2549 φύλασσε
654 2522 660 2528 ·
677 2513 760 2548 φόὸον
781 2513 811 2540 οὐ
827 2514 873 2540 τὸν
898 2514 956 2540 εισ-

160 2560 302 2594 αγωγικὸν
318 2561 366 2586 καὶ
390 2560 502 2594 ἐμπαοῆ
517 2560 562 2587 διὰ
584 2559 634 2591 τὰς
662 2560 798 2591 κολάσεις,
820 2559 888 2587 ἀλλὰ
910 2560 956 2586 τὸν

159 2606 244 2640 ἁγνὸν
258 2606 306 2632 καὶ
319 2606 476 2639 ἁγνοποιὺν,
492 2606 537 2632 τὸν
550 2605 594 2632 διὰ
609 2605 658 2641 τὴν
672 2605 791 2641 στοργὴν
804 2605 852 2632 τοῦ
867 2614 954 2641 προσ-

158 2653 294 2685 τάξαντος
317 2652 422 2688 πατρὸς
443 2651 633 2687 ὀφειλόμενον.
652 2652 683 2678 Et
704 2652 754 2686 μὲν
781 2652 836 2687 γὰρ
853 2652 898 2678 διὰ
923 2653 953 2679 τὸ

158 2699 220 2730 δέος
233 2699 284 2734 τῆς
302 2698 443 2730 κολάσεως
463 2698 501 2733 μὴ
524 2696 731 2733 πορνεύσωμεν,
748 2697 859 2733 εὔδηλον
877 2697 915 2730 ὡς
930 2699 954 2724 ei

161 2745 200 2780 μὴ
216 2745 362 2780 προέκειτο
377 2745 412 2772 τὰ
435 2744 487 2779 τῆς
509 2745 657 2780 τιμωρίας,
681 2744 887 2779 ὲπορνεύσαμεν
907 2744 952 2777 ἂν,

160 2791 295 2826 πορνικὴν
306 2791 414 2826 ἔχοντες
425 2791 600 2827 προαίρεσιν,
615 2791 670 2817 Καὶ
680 2791 767 2822 οὕτως
781 2791 822 2825 ἐφ’
835 2790 951 2818 ἑκάστου

159 2837 214 2864 τῶν
227 2837 467 2872 ἀπηγορευμένων
479 2837 547 2864 νόει.
569 2836 632 2863 Ἐὰν
647 2836 675 2862 δὲ
694 2835 732 2871 μὴ
745 2835 788 2863 διὰ
808 2836 858 2872 τὴν
873 2837 952 2863 ἀπει-

159 2882 211 2918 λὴν
229 2884 280 2919 τῆς
294 2884 443 2918 κολάσεως,
460 2884 519 2911 ἀλλ’
530 2883 600 2911 αὐτὰ
614 2884 781 2919 μισήσαντες
797 2883 832 2910 τὰ
850 2882 950 2918 φαῦλα,

1004 2288 1090 2315 Deum
1104 2288 1179 2320 time,
1194 2292 1222 2315 et
1237 2288 1363 2315 mandata
1381 2288 1440 2322 ejus
1459 2287 1586 2316 observa.
1602 2286 1730 2320 quoniam
1744 2286 1797 2313 hoc

1005 2335 1047 2359 est
1057 2331 1147 2359 omnis
1159 2331 1251 2359 homo.
1270 2334 1357 2358 Umne
1374 2339 1443 2366 opus
1455 2331 1571 2358 adducet
1589 2329 1660 2356 Deus
1676 2329 1702 2356 in
1721 2329 1796 2364 judi-

1005 2377 1089 2410 cium,
1106 2377 1132 2404 in
1156 2379 1229 2404 omni
1254 2378 1327 2413 quod
1350 2378 1483 2405 omissum
1506 2376 1589 2404 fuerit
1614 2376 1672 2403 sive
1692 2363 1805 2404 bonum.

1005 2423 1063 2450 sive
1091 2424 1203 2451 malum.
1223 2433 1232 2449 ι
1255 2424 1322 2458 Ego,
1339 2423 1437 2458 inquit,
1455 2423 1503 2450 tibi
1529 2421 1750 2456 compendiosam
1767 2425 1797 2448 et

1005 2469 1196 2496 brevissimam
1220 2469 1315 2496 salutis
1331 2469 1402 2506 viam
1424 2468 1540 2496 ostendo
1558 2476 1565 2495 :
1583 2467 1667 2494 Deum
1688 2467 1760 2500 time,
1770 2469 1796 2493 et

1005 2515 1133 2542 mandata
1150 2515 1206 2549 ejus
1221 2515 1338 2542 observa.
1357 2515 1496 2542 Timorem
1511 2521 1575 2542 vero
1590 2513 1721 2548 intelligo.
1738 2519 1794 2540 non

1004 2561 1050 2596 qui
1068 2565 1109 2588 est
1125 2560 1204 2588 valde
1220 2560 1442 2596 imperfectorum
1458 2560 1589 2595 quasique
1604 2559 1721 2591 servilis,
1740 2551 1806 2599 quo:

1005 2607 1167 2642 incipientes
1191 2614 1223 2634 ac
1247 2607 1334 2634 timidi
1358 2607 1571 2634 introducuntur
1592 2605 1619 2632 in
1636 2604 1746 2632 virtutis
1763 2612 1796 2632 ac

1005 2653 1114 2688 pictatis
1141 2652 1213 2679 viam
1247 2652 1303 2687 (hic
1329 2660 1447 2687 namque
1480 2656 1594 2687 propter
1619 2650 1796 2678 imminentes
1846 2664 1849 2666 -

1005 2699 1095 2726 minas
1117 2699 1316 2733 formidataque
1338 2697 1487 2733 supplicia,
1506 2696 1714 2732 perturbatione
1738 2703 1795 2723 non

1005 2745 1106 2778 caret);
1119 2745 1203 2781 680
1215 2744 1262 2772 sed
1278 2744 1398 2779 intelligo
1414 2744 1540 2771 timorem
1550 2742 1658 2770 Domini
1669 2745 1793 2769 sanctum

1006 2794 1035 2817 et
1061 2790 1294 2822 sanetilicantem,
1323 2796 1405 2823 quem
1435 2787 1567 2815 debemus
1597 2794 1631 2814 ex
1661 2784 1794 2812 charitate

1006 2836 1106 2871 pioque
1128 2835 1227 2862 aﬂ‘cctu
1245 2843 1308 2870 erga
1332 2835 1407 2862 illum
1428 2834 1474 2869 qui
1495 2833 1568 2869 leges
1590 2831 1661 2863 tulit,
1679 2830 1805 2871 manda--2

1007 2887 1087 2916 taque
1103 2881 1206 2909 servari
1225 2888 1274 2908 sua
1294 2880 1422 2908 instituit.
1441 2879 1469 2906 Si
1489 2879 1562 2907 enim
1581 2884 1691 2905 carnem
1705 2883 1720 2903 a
1736 2866 1806 2904 forr'

203 2950 226 2967 "'
241 2949 338 2979 Matth.
354 2959 419 2985 un,
437 2951 534 2979 Ξτ-ιο.
573 2951 595 2967 ³⁸
615 2951 686 2979 Psal.
700 2951 760 2985 1,2.
809 2951 831 2968 ³⁹
843 2950 913 2978 Psal.
926 2957 952 2977 cx

1019 2949 1046 2977 5.
1085 2948 1107 2964 ⁸ο
1126 2947 1189 2980 Sap.
1203 2955 1242 2980 in,
1260 2947 1302 2974 l5.
