2044 3144
246 221 300 254 027
792 216 1053 247 OLYMPIODORI
1074 216 1222 247 ALEXAN
1228 215 1340 246 DRINI
1832 212 1886 244 6%

247 275 387 305 nicatione
404 278 611 308 compescamus
628 271 754 306 supplicii
776 275 862 304 metu,
872 278 926 299 non
949 270 1041 298 chari—

1093 270 1197 297 τούτων
1214 269 1412 305 ἀποσχώμεθα,
1425 270 1502 305 φιλίᾳ.
1519 271 1552 306 τῇ
1572 269 1641 305 πρὸς
1653 269 1699 296 τὸν
1714 268 1793 295 τοῦτο
1806 278 1885 304 νομιρ

248 327 304 350 tate
330 319 469 357 iubentis,
494 318 556 354 quis
586 318 691 346 dubitet
718 317 784 353 quin
814 317 920 345 sublato
944 316 1038 352 judicii

1094 316 1257 351 θετήσαντα,
1274 315 1449 352 ἐργαζόμεθα
1466 316 1516 348 τὰς
1531 315 1651 347 ἐντολὰς,
1668 315 1715 342 καὶ
1727 314 1885 349 φοϐούμεθα

247 373 446 404 poenarumque
463 369 578 398 terrore,
596 365 623 392 in
643 363 730 392 fmdas
744 363 872 391 libidines
887 362 1039 398 prolapsuri

1095 363 1132 399 μὴ
1148 363 1367 399 παραρρυὦμεν.
1389 363 1435 390 Ἐν
1456 362 1511 398 γὰρ
1531 362 1570 398 τῷ
1585 360 1728 397 φοδεῖσθαι
1747 360 1778 387 τὸ
1801 361 1884 397 ἐργά-

247 415 343 446 simus,
360 420 423 440 cum
441 412 529 447 stupri
553 410 720 439 desiderium
748 410 776 437 in
801 414 913 445 pectore
937 409 1038 436 habea-

1093 409 1199 443 ζεσθαι,
1226 410 1273 436 καὶ
1286 411 1316 436 ἐν
1336 409 1375 445 τῷ
1399 409 1567 445 ἐργάζεσθαι
1592 408 1622 435 τὸ
1644 407 1789 443 φοϐεῖσθαι
1802 408 1839 443 μή
1856 416 1883 434 τι

247 459 329 487 mus?
344 458 423 492 Quod
449 463 477 486 et
499 458 533 485 de
554 457 661 485 caeteris
684 455 791 491 ﬂagitiis
807 463 867 490 quae
884 456 943 491 lege
958 454 1039 482 nobis

1092 455 1148 483 τῶν
1162 455 1370 491 ἐντεταγμένων
1383 456 1554 492 παρίδωμεν.
1570 451 1654 486 Οὗτος
1674 455 1689 481 ὁ
1703 453 1786 489 φόϐος
1802 453 1884 487 ἁγνὸς

246 505 438 540 prohibentur,
451 504 657 540 intelligendum
673 508 723 531 est.
751 502 779 530 Si
797 510 864 530 vero
880 509 934 528 non
951 501 1040 528 mina-

1092 503 1224 539 τυγχάνει
1239 502 1274 529 δι’
1293 502 1360 531 αὐτὸ
1372 502 1402 530 τὸ
1418 501 1501 529 καλὸν
1516 501 1674 536 γινόμενος,
1689 500 1737 527 καὶ
1759 499 1885 534 ἀφανίζει

247 558 309 578 rum
326 554 403 578 metu
425 554 508 584 atque
533 548 668 584 supplicii,
684 548 731 576 sed
748 547 810 576 odio
831 547 957 575 vitiorum
973 554 1039 582 pec-

1093 550 1142 582 τὰς
1160 550 1299 586 ἡμετέρας
1320 549 1422 585 ψυχὰς,
1448 548 1611 583 ισοδύναμος
1625 546 1663 574 ὢν
1680 547 1713 582 τῇ
1730 546 1836 581 ἀγάπῃ.
1856 545 1885 572 '0

245 604 309 624 care
324 596 462 630 nolumus,
480 600 545 624 tunc
560 595 694 623 eharitatc
710 599 906 630 prosequentes
924 594 1039 622 latorem

1093 597 1121 624 δὲ
1138 596 1234 624 τοῦτον
1254 596 1324 632 ἔχων
1347 595 1393 623 τὸν
1409 595 1505 630 φόϐον,
1527 595 1575 622 καὶ
1593 593 1644 626 τὰς
1659 593 1770 624 ἐντολὰς
1784 592 1886 626 φυλάσ-

246 643 323 679 legis,
339 643 468 670 mandata
483 642 544 677 ejus
560 649 700 669 servamus
718 646 745 668 et
758 648 888 668 cavemus
902 640 990 669 seduli
1004 648 1040 668 ne

1095 651 1160 676 σων,
1185 640 1264 675 οὗτός
1281 644 1342 670 ἐστι
1364 642 1447 677 σοφὸς
1466 643 1521 674 πᾶς
1540 641 1695 677 ἄνθρωπος,
1722 639 1784 666 ἀντὶ
1799 639 1856 671 τοῦ,
1873 640 1902 665 ὁ·

246 689 410 717 deiluamus.
426 689 528 717 Sancto
543 688 617 716 enim
639 687 731 716 timori
744 688 872 723 adjuncta
885 692 928 715 est
940 695 1039 723 opera-

1092 689 1262 723 τέλειοςκαὶ
1274 688 1435 725 ἀνελλιπὴς.
1449 687 1544 714 Ταῦτα
1560 687 1600 721 δὲ,
1619 686 1697 722 φησὶ,
1716 686 1787 712 ποίει
1799 685 1885 719 ἀσφα-

247 737 295 767 ιὶο,
313 735 384 764 sicut
409 740 437 762 et
459 734 506 769 qui
533 738 673 770 operatur,
699 733 770 761 idem
795 734 877 761 etiam
903 734 979 761 timet
1005 741 1040 761 ne

1093 735 1158 769 λῶς,
1174 735 1358 770 ἐπιστάμενος
1371 734 1413 761 ὅτι
1430 735 1486 761 πᾶν
1497 734 1527 760 τὺ
1539 733 1649 768 λογικὸν
1663 732 1781 767 ποίημα,
1797 731 1827 758 τὺ
1839 730 1886 758 καὶ

246 781 317 814 quod
351 785 518 815 praeceptum
555 783 713 807 contemnat.
753 783 835 814 atque
867 779 1038 814 posthabeat.

1093 782 1261 816 αὑτεξουσίῳ
1276 781 1439 817 προαιρέσει
1453 779 1648 816 τετιμημένον,
1662 778 1721 811 ἄξει
1734 780 1747 805 ὀ
1762 778 1829 809 Θεὸς
1846 778 1885 808 είς

246 825 341 853 Timor
364 826 409 853 hic
426 825 518 860 itaque
540 829 651 852 sanctus
666 832 727 851 cum
743 824 776 851 ab
797 825 942 852 honestate
957 825 1040 859 proli-

1093 828 1198 864 κρίσιν,
1223 827 1321 861 λόγους
1344 827 1419 862 ήμᾶς
1432 826 1560 854 ἀπαιτῶν
1575 824 1629 852 τῶν
1638 823 1852 859 πεπραγμένων,
1868 822 1884 858 ἧ

247 871 375 902 eiscatur,
404 875 513 897 nostras
540 870 693 897 sanctiﬁcat
724 869 829 897 animas
859 874 887 896 et
914 869 1040 897 cbaritati

1093 873 1142 900 καί¹
1167 873 1402 909 παρεωραμένων,
1421 872 1469 899 ἐάν
1488 879 1519 909 τε
1533 870 1655 905 ἀγαθῶν,
1680 870 1728 896 ὲάν
1749 877 1778 895 τε
1800 877 1884 903 πονη-

247 917 412 952 aequipollet.
429 916 482 950 Qui
500 924 566 943 vero
581 916 707 943 timorem
723 916 798 943 hunc
812 915 904 946 habet,
919 920 947 942 et
961 923 1040 945 nian-

1095 919 1161 954 ρών.
1184 919 1400 955 Παρεωραμέναν
1415 918 1444 945 δέ
1469 918 1524 944 sic:
1546 916 1677 948 πολλάκις
1702 915 1751 951 μὲν
1774 914 1820 942 καὶ
1850 914 1886 940 τὰ

247 964 312 991 data
332 963 379 991 Dei
403 963 532 994 custodit,
550 962 596 990 hic
618 967 659 989 est
685 962 796 996 sapiens
820 961 909 989 omnis
933 962 1017 989 homo
1031 981 1039 995 ,

1093 965 1218 998 ἑκούσια,
1232 964 1362 996 πολλάκις
1378 964 1407 991 δὲ
1424 964 1471 991 καὶ
1492 963 1527 990 τὰ
1547 963 1675 990 ἀκούσια.
1689 961 1765 988 Ἕσθ¹
1780 962 1824 988 ὅτε
1839 961 1885 986 δυ’

248 1011 301 1037 hoc
326 1015 384 1042 est,
407 1010 513 1045 integer
537 1014 566 1036 et
592 1009 775 1043 undecunque
801 1007 947 1043 perfectus.
980 1007 1042 1036 Haec

1093 1011 1210 1047 νάμενος
1223 1008 1252 1038 εὖ
1265 1013 1390 1046 ποιῆσαι,
1407 1009 1522 1046 παρορῶ
1538 1010 1586 1037 καὶ
1600 1008 1785 1044 ὑπερτίθεμαι
1795 1013 1802 1021 ·
1825 1007 1886 1033 καί-

247 1056 352 1090 itaque,
375 1056 476 1090 inquit,
491 1062 606 1083 securus
623 1061 749 1089 operare,
764 1057 857 1081 certus
871 1054 944 1088 quod
960 1061 1042 1081 omne

1092 1065 1134 1084 τοι
1154 1066 1186 1091 γε
1211 1058 1240 1084 ἐν
1261 1057 1364 1092 εἰδήσει
1387 1055 1435 1082 τοῦ
1455 1055 1541 1082 καλοῦ
1562 1054 1645 1082 τοῦτο
1665 1053 1789 1080 ἑκούσιον
1814 1061 1885 1088 παρ-

247 1111 319 1136 opus
333 1102 485 1129 humanum
501 1109 516 1129 a
530 1101 608 1128 liberi
623 1100 728 1128 arbitrii
746 1100 874 1127 facultate
889 1099 1041 1135 profectum

1092 1103 1199 1138 ὀραμα·
1216 1103 1240 1129 εί
1262 1103 1413 1137 δυνάμενος
1434 1099 1463 1128 εὖ
1480 1102 1604 1137 ποιῆσαι,
1618 1100 1691 1127 κατὰ
1708 1100 1820 1134 ἄγνοιαν
1837 1099 1887 1126 οὐκ

246 1148 365 1176 adducet
391 1147 463 1175 Deus
490 1147 518 1175 in
541 1147 686 1182 judicium,
703 1147 836 1174 rationem
854 1154 869 1173 a
883 1145 963 1173 nobis
985 1146 1042 1173 cxi-

1093 1149 1222 1184 ὲποίησα,
1238 1149 1318 1176 τοῦτο
1338 1148 1479 1176 ἀκούσιον.
1499 1147 1579 1174 Ἐαθ’
1594 1147 1639 1174 ὅτε
1655 1147 1703 1174 καὶ
1724 1147 1838 1176 ἄκοντες
1856 1142 1886 1178 εὖ

246 1202 313 1229 gens
328 1201 424 1221 eorum
443 1201 504 1228 qua
521 1193 688 1228 gesserimus
705 1193 733 1219 in
750 1192 814 1222 vita,
831 1200 945 1226 quaeque
959 1191 1042 1219 etiam

1094 1194 1236 1229 ποιοῦμεν,
1254 1194 1387 1225 πολλάκις
1407 1194 1436 1220 δὲ
1461 1193 1510 1220 καὶ
1532 1192 1654 1226 ἑκόντες,
1675 1192 1724 1219 καὶ
1751 1191 1832 1218 πάλιν
1855 1191 1887 1216 ὲκ

246 1239 338 1266 facere
352 1239 538 1271 omiserimus,
561 1238 619 1264 sive
643 1237 686 1264 illa
707 1237 779 1264 bona
800 1237 864 1269 sint,
881 1236 940 1264 sive
959 1237 1041 1263 etiam

1092 1240 1147 1266 τῶν
1163 1241 1295 1268 ἐναντίων
1309 1249 1315 1256 ·
1340 1240 1397 1267 ἔσθ’
1422 1241 1467 1267 ὅτε
1481 1239 1584 1275 φαῦλόν
1607 1248 1634 1266 τι
1660 1237 1837 1275 ἐργαζόμεθα
1858 1237 1887 1263 ὲν

246 1285 329 1311 mala.
347 1284 519 1312 Omittuutur
535 1288 626 1311 autem
645 1291 769 1318 pchpr
787 1284 872 1311 multa
900 1283 995 1310 sedulo
1011 1291 1043 1311 ac

1094 1287 1258 1322 συνειδήσει,
1284 1287 1446 1319 ἀθετοῦντες
1469 1286 1577 1313 ἑαυτῶν
1601 1286 1634 1313 τὸ
1650 1285 1770 1317 συνειδός
1783 1293 1790 1300 ·
1809 1282 1887 1310 τοῦτο

246 1330 404 1357 volentibus
428 1329 531 1357 nobis:
551 1330 692 1363 multaque
720 1337 815 1356 rursus
838 1329 917 1356 nobis
939 1329 1040 1357 invitis.

1094 1333 1220 1360 ἑκούσιον
1245 1334 1409 1370 παρόραμα.
1433 1334 1513 1361 Ἐσθ’
1534 1333 1580 1361 ὅτε
1609 1333 1656 1360 καὶ
1682 1332 1752 1359 κατά
1775 1332 1887 1365 ἄγνοιαν

247 1375 316 1403 Nam
338 1375 361 1402 si
382 1383 444 1403 cum
465 1375 567 1410 possint
582 1376 653 1402 bene
670 1375 735 1410 quid
752 1374 851 1407 facere,
868 1375 934 1402 illud
951 1379 1042 1402 tamen

1093 1380 1270 1416 ἐργαζόμεθα
1279 1389 1306 1407 τι
1320 1380 1377 1407 τῶν
1392 1380 1628 1416 ἀπηγορευμένων
1641 1387 1648 1394 ·
1664 1378 1744 1406 τοῦτο
1760 1377 1887 1405 ἀκούσιον

247 1421 339 1449 sciens
365 1421 467 1448 bonum
491 1428 552 1448 esse
577 1420 675 1448 omitto
698 1422 780 1455 atque
803 1421 965 1455 posthabeo,
984 1421 1044 1449 btec

1094 1427 1256 1462 παρόραμα.
1273 1426 1343 1461 Περὶ
1353 1426 1408 1452 τῶν
1420 1425 1552 1452 τοιούτων
1565 1424 1613 1452 καὶ
1626 1425 1639 1451 ὁ
1655 1424 1792 1460 μακάριος
1805 1421 1887 1448 Δαυῗδ

247 1467 401 1494 voluntaria
427 1471 470 1495 est
495 1467 608 1495 emissio
627 1474 634 1494 :
652 1466 674 1494 si
701 1473 767 1494 vero
790 1474 840 1501 per
862 1466 1042 1502 ignorantiam

1093 1472 1194 1508 ηῠχετο
1208 1472 1314 1507 λέγων·
1338 1468 1566 1506 Παραπτώματα
1587 1470 1633 1503 τις
1657 1468 1810 1501 a'vwiou;
1839 1466 1887 1493 ἐκ

246 1514 323 1547 boni,
350 1513 431 1541 omisi
457 1513 565 1548 operari
592 1513 695 1540 bonum
720 1513 794 1548 quod
825 1518 959 1547 poteram,
986 1513 1043 1541 haec

1094 1518 1155 1545 τῶν
1167 1518 1303 1553 κρυφίων
1313 1526 1373 1552 μου
1384 1516 1551 1550 καθάρισόν
1559 1524 1608 1551 με,
1618 1515 1673 1542 τῶν
1690 1515 1761 1542 κατὰ
1776 1515 1888 1548 ἄγνοιαν

246 1559 306 1593 ipsa
331 1559 443 1587 emissio
472 1564 574 1595 praeter
592 1559 762 1586 voluntatem
791 1559 915 1594 contigit.
937 1559 1043 1586 Accidit

1093 1564 1215 1600 δηλονότι
1226 1563 1493 1599 πλημμεληθέντων.
1505 1562 1600 1590 Ταῦτα
1610 1559 1656 1589 οὖν
1671 1561 1834 1595 ἐγνωκότες,
1842 1559 1887 1586 τὸν

247 1607 339 1631 autem
358 1611 388 1632 ut
402 1605 481 1632 Inviti
495 1605 661 1640 quandoque
678 1605 780 1632 bonum
800 1612 962 1639 operemur;
979 1612 1042 1639 per-

1094 1612 1162 1640 Θεὸν
1179 1612 1355 1647 φοϐηθῶμεν,
1370 1612 1418 1638 καὶ
1432 1611 1483 1644 τὰς
1499 1611 1609 1643 ἐντολὰς
1624 1609 1708 1637 αὑτοῦ
1722 1610 1887 1645 τηρήσωμεν

247 1656 320 1684 saepe
335 1658 410 1682 vero,
427 1651 547 1678 scientes
568 1655 649 1685 atque
664 1651 808 1684 consulto;
829 1659 957 1678 rursusve
974 1659 1042 1678 cou-

1096 1659 1167 1686 κατὰ
1182 1657 1232 1694 τὴν
1255 1658 1362 1684 ἑαυτῶν
1377 1657 1503 1692 δύναμιν.
1519 1657 1557 1684 Τὸ
1577 1657 1632 1692 γὰρ
1646 1656 1707 1682 ὅλον
1735 1655 1815 1690 ὴμῶν
1836 1654 1887 1688 τῆς

249 1695 332 1722 traria
355 1695 461 1723 ratione
485 1697 585 1724 malum
609 1704 731 1732 persaape
750 1697 922 1732 aggredimur
940 1697 1043 1724 conscii

1092 1704 1231 1739 σωτηρίας
1248 1703 1277 1730 ὲν
1301 1704 1454 1738 οίκτιρμοῐς
1480 1704 1581 1735 κεῖται,
1605 1702 1654 1729 καὶ
1672 1703 1706 1738 τῇ
1725 1702 1773 1728 τοῦ
1793 1700 1890 1736 κριτοῦ

248 1741 314 1774 quid
331 1744 483 1776 patrcmus,
506 1746 683 1777 nostramque
703 1743 899 1771 conscientiam
917 1748 1042 1771 contem-

1091 1749 1300 1785 φιλανθρωπίᾳ·
1328 1750 1361 1777 δι’
1388 1747 1431 1783 οὗ,
1450 1750 1498 1777 καὶ
1527 1745 1631 1785 μεθόὗ
1651 1748 1691 1784 τῷ
1713 1747 1802 1782 Πατρὶ
1824 1746 1888 1779 δόξα

249 1788 370 1813 nentes:
398 1786 450 1814 hoc
475 1794 541 1814 sane
565 1787 654 1822 ipsum
674 1788 856 1816 voluntarium
878 1793 921 1817 est
943 1797 1042 1824 pecca-

1092 1796 1140 1824 abv
1156 1795 1196 1831 τῷ
1219 1796 1291 1831 ἁγίῳ
1306 1796 1462 1832 Πνεύματι.
1480 1796 1529 1823 νῦν
1553 1795 1601 1823 καὶ
1621 1795 1677 1829 ἀεὶ,
1700 1794 1749 1821 καὶ
1763 1794 1803 1825 είς
1825 1793 1888 1823 τοὺς

249 1835 319 1857 tum.
340 1830 510 1867 Quandoque
532 1840 599 1861 Vero
624 1841 673 1868 per
695 1834 876 1869 ignorantiam
903 1840 1043 1870 patramus

708 1835 876 1869 ἕηοτδηιίωη
903 1840 1043 1870 Ρ³ῑ¹⁸³ωι¹8
1091 1841 1193 1874 αἰῶνας
1208 1842 1262 1869 τῶν
1278 1842 1397 1870 αίώνων.
1418 1843 1515 1877 ’Δμήν.

249 1875 351 1910 aliquid
366 1877 438 1912 quod
459 1878 518 1914 lege
534 1879 624 1906 divina
643 1879 803 1914 prohibetur
827 1888 861 1907 ne
879 1881 924 1908 ﬁat
945 1891 951 1908 :
968 1883 1040 1916 quod

249 1930 318 1951 sane
339 1930 495 1959 peccatum,
525 1931 625 1961 praeter
647 1932 767 1954 nostram
789 1928 959 1956 voluntatem
986 1930 1133 1965 contigisse
1161 1931 1313 1966 putandum
1340 1938 1392 1960 est.
1419 1932 1458 1959 De
1479 1931 1637 1967 huiusmodi
1672 1937 1738 1957 vero
1770 1928 1891 1964 peccatis

249 1973 278 1996 et
289 1969 386 1999 beatus
399 1971 484 1999 David
503 1973 600 2016 orabat
617 1973 730 2001 (licens:
749 1974 851 2002 Delicta
879 1975 938 2010 quis
953 1975 1101 2012 intelliget?
1116 1977 1153 2004 Ab
1176 1978 1284 2006 occultis
1309 1979 1373 2006 meis
1389 1979 1487 2006 munda
1505 1987 1555 2011 me,
1570 1977 1681 2015 Domine
1693 1977 1731 2008 “,
1757 1977 1810 2003 hoc
1836 1979 1888 2002 est'

250 2021 311 2065 qua:
324 2024 374 2050 per
387 2017 569 2065 ignorantiam
583 2020 695 2054 peccavi
711 2027 775 2048 cum
794 2022 863 2049 mala
881 2030 943 2051 esse
956 2024 1102 2053 nescirem.
1132 2023 1188 2052 Nos
1208 2030 1300 2054 autem
1327 2026 1398 2054 bene
1423 2025 1479 2061 jam
1498 2034 1546 2061 per
1575 2025 1760 2061 Ecclesiasten
1790 2022 1890 2055 edocti,

252 2062 398 2089 timeamus
429 2062 516 2090 Deum
544 2069 573 2092 et
603 2064 676 2092 illius
705 2066 832 2094 mandata
860 2069 1047 2097 custodiamus
1070 2071 1146 2098 omni
1162 2075 1258 2098 nostra
1285 2071 1464 2099 contentione
1493 2067 1525 2099 ac
1547 2071 1654 2104 studio;
1689 2077 1796 2097 summa
1816 2068 1892 2095 enim

251 2108 346 2155 salutis
359 2114 460 2138 nostra:
475 2110 505 2138 in
519 2111 714 2140 misericordiis
731 2114 850 2148 Domini,
876 2123 908 2143 ac
925 2117 1092 2152 benignitate
1119 2118 1223 2147 Judicis
1257 2119 1376 2154 reposita
1406 2124 1448 2148 est
1468 2128 1476 2147 :
1503 2127 1564 2148 cum
1588 2127 1654 2155 quo,
1682 2122 1709 2145 et
1738 2125 1786 2153 per
1808 2123 1890 2152 quem

251 2154 307 2184 Deo
326 2156 401 2185 Patri
425 2162 470 2186 est
491 2159 588 2195 gloria,
604 2165 756 2197 sanctoque
779 2162 907 2199 Spiritui,
923 2169 952 2192 et
973 2173 1048 2193 nunc
1058 2170 1086 2194 et
1103 2166 1131 2195 in
1152 2167 1251 2195 amula
1268 2167 1441 2197 saeculorum.
1457 2168 1556 2196 Amen.

296 2236 317 2252 “
337 2237 407 2266 I’sai.
423 2247 499 2271 xvru,
512 2239 560 2268 i3.

267 2333 1888 2359 Win-uls

689 2434 963 2481 EJUSDEM
1021 2437 1454 2486 OLYMPIODOBI

502 2552 995 2618 FRAGMENTA
1060 2556 1140 2619 IN
1196 2556 1639 2623 JEREMIAM.

751 2671 800 2709 (Ex
817 2673 918 2702 Catena
934 2674 1013 2702 Mtcn.
1029 2674 1180 2710 Cursum,
1206 2675 1292 2713 Lugd.
1312 2675 1405 2711 1625.)

515 2815 628 2844 CAPUT
648 2815 796 2844 pmnun.
1065 2822 1088 2849 υ

1065 2822 1088 2849 1)
1351 2821 1477 2848 ΚΕΦΑΛ.
1494 2821 1633 2848 ΠΡΩΤΟΝ
1642 2832 1661 2849 .·

290 2859 325 2889 ν.
346 2861 370 2888 Ι.
390 2871 398 2888 ι
417 2861 469 2895 Qui
495 2863 637 2891 habitabat
663 2863 690 2890 in
715 2862 866 2890 Anathoth.
889 2872 898 2889 ›
923 2863 1050 2898 Quinque

1143 2876 1152 2892 ι
1178 2867 1223 2898 "0;
1238 2866 1359 2902 κατῴκει
1375 2867 1404 2894 ὲν
1427 2866 1560 2894 Ἀναθὼθ.
1584 2877 1594 2894 ι
1617 2866 1682 2894 Ἀπὸ
1696 2866 1774 2894 πέντε
1790 2867 1893 2903 μυρίων

257 2907 376 2936 millibus
398 2917 525 2944 passu-Im
550 2909 630 2929 κιῖιηςιι
652 2910 685 2931 ah
705 2909 771 2932 urbe
791 2908 961 2935 Hierusalem
974 2910 1048 2936 Ana-

652 2910 685 2931 nh
705 2909 771 2932 urbe
791 2908 961 2935 Hierusalem
974 2910 1048 2936 Ana-
1110 2912 1284 2936 Ἰτο-υςμλδαεε
1315 2911 1444 2938 Ἀναθὼθ.

257 2951 352 2990 ιίιοιιιε
