2044 3144
188 179 243 212 629

727 182 961 214 FRAGMENTA
993 182 1034 213 IN
1051 173 1272 213 JEREMIAMC

1769 177 1822 211 630

228 245 238 262 ι
267 236 427 271 Επ.σταμαί
451 245 492 265 σε.
508 247 518 264 ι
541 237 621 265 Κατὰ
638 238 701 272 τοὺς
723 239 772 274 τῆς
797 239 979 275 προγνώσεως

1071 237 1103 264 ν.
1121 236 1148 264 5,
1168 245 1178 262 ι
1197 235 1264 263 Νονὶ
1291 238 1328 263 te.
1349 244 1358 262 ι
1387 233 1544 263 Secundum
1572 233 1750 270 prmnotionis
1776 242 1822 263 ra-

187 284 297 319 λόγους.

227 339 236 352 ι
264 328 418 365 Ἐκριζοῦν,
437 338 447 354 ι
468 326 612 362 Ἐκριζοῦν
630 329 680 363 τὴν
693 331 804 357 κακίαν.

227 385 236 402 ‹
255 376 288 402 Τί
304 376 338 403 σὺ
355 376 440 412 ὁρᾷς;
456 376 511 402 Καὶ
523 373 590 402 εἶπα
599 376 778 412 ἰθακτηρίαν
798 376 944 412 καρυτνην.
968 385 978 402 ι

189 422 282 450 Ταῦτα
298 423 333 448 ὲκ
355 422 566 458 διαλείμματος,
593 423 660 450 ὅταν
685 424 771 459 εἴπῃ·
791 423 848 450 Καὶ
872 423 982 458 ἐγένετο

187 468 267 502 λόγος
282 467 387 503 Κυρίου
404 467 475 502 πρός
490 476 524 503 με
543 468 647 502 λέγων·
665 468 695 497 οὐ
716 467 771 503 γὰρ
794 467 905 504 ἑφεξῆς,
923 468 981 495 ἀλλ’

187 513 276 540 ἐδίδου
291 512 408 539 συνιδεῖν
423 511 458 539 τὰ
474 511 622 548 λεγόμενα.

224 601 261 629 Τὸ
275 602 330 638 γὰρ
343 601 422 635 ξύλον
439 601 521 628 τοῦτο
535 601 660 638 στερῤδν,
675 601 723 628 καὶ
739 600 820 636 βαρὺ,
835 601 884 628 καὶ
910 609 982 637 πλη-

189 648 292 675 κτικόν.
312 648 392 680 Τίνος
403 647 498 675 ἕνεκεν
516 647 604 675 ταῦτα
618 647 748 681 ἔϐλεπον;
767 647 829 675 Ὅτι
839 648 874 675 τὰ
889 648 980 684 πράγ-

189 703 263 730 ματα
287 695 335 722 καὶ
348 695 377 721 αἱ
401 694 478 729 liti/eu;
495 694 698 731 ὲναργὲστεραι
716 692 797 731 ἦσαν,
815 696 864 722 καὶ
878 694 981 730 μᾶλλον

187 741 322 777 ἑπληττον
336 741 383 768 τὸν
397 741 547 776 ἀκροατήν.
570 740 603 767 Ἦ
616 741 670 777 γὰρ
683 740 782 777 ῥάϐδος
797 741 907 777 πληγῆς
921 741 980 769 ἐστι

188 787 335 822 σύμϐολον.
836 794 838 797 ‘

224 833 323 867 Λόγος,
331 833 363 859 τὸ
374 833 476 869 κάρυον
490 833 645 868 ἀγρυπνίας
656 831 726 862 εἶναι
740 833 882 870 ποιητικόν
890 841 897 849 ·
909 831 983 860 εῖναι

185 878 217 905 δὲ
245 879 293 905 καὶ
317 878 470 913 εὖθραστον
485 879 516 906 τὸ
535 878 623 911 ξύλον,
650 878 698 906 καὶ
716 879 844 914 σημαίνει
862 879 912 915 τὴν
929 887 979 913 με-

1031 282 1129 310 tiones.

1065 328 1098 356 ν.
1115 328 1159 356 10.
1179 337 1189 355 ι
1208 328 1244 356 Ut
1258 327 1392 355 eradices.
1411 337 1420 354 ι
1439 327 1584 356 Eradicare
1599 327 1741 355 malitiam.

1066 373 1098 402 ν.
1112 374 1155 402 Η.
1171 383 1180 400 ι
1193 373 1264 407 Quid
1274 378 1302 401 tu
1310 373 1405 402 vides?
1416 373 1449 401 Et
1456 373 1512 401 dixi
1523 373 1667 401 :Baculum
1675 380 1803 401 nuceum.
1810 382 1822 400 ι

1067 420 1120 447 Alii
1135 419 1227 456 Chrys.
1243 419 1307 448 Ilaec
1317 420 1472 455 interrupto
1483 427 1620 453 sermone,
1633 428 1695 448 cum
1720 420 1758 447 ait
1772 428 1778 446 :
1791 419 1825 446 Et

1030 466 1131 494 factum
1156 470 1199 494 est
1216 466 1331 494 verbum
1359 466 1466 494 Domini
1494 466 1527 493 ad
1552 473 1596 493 me
1624 465 1737 497 dicens;
1767 473 1823 493 non

1030 512 1106 539 enim
1124 511 1311 540 narrationem
1334 511 1487 545 continuat,
1507 512 1608 547 quippe
1621 512 1681 539 vult
1699 510 1824 539 conside-

1032 557 1085 585 rari
1101 565 1144 592 ea,
1158 565 1220 594 quin
1236 558 1376 586 dicuntur.

1064 603 1182 640 Lignum
1196 604 1270 632 enim
1290 604 1342 631 hoc
1351 604 1448 631 durum
1464 611 1495 631 ac
1513 610 1609 639 grave,
1624 608 1652 631 et
1662 602 1824 631 verberibus

1030 654 1135 685 aptum.
1151 650 1241 683 Quare
1257 650 1314 677 haec
1333 649 1480 677 videbant?
1500 649 1568 682 Quia
1588 656 1643 682 res,
1661 654 1690 676 et
1705 648 1825 676 visiones

1031 695 1241 730 signiﬁcatiores
1274 700 1354 723 erant
1384 699 1412 723 et
1432 694 1520 730 magis
1542 694 1695 722 alliciebant
1717 695 1824 722 audito-

1032 749 1089 769 rem
1104 750 1112 769 :
1127 742 1201 778 virga
1221 742 1294 770 enim
1311 742 1451 778 plagarum
1464 745 1506 770 est
1519 741 1681 777 symbolum.

1064 837 1166 866 Nucem
1190 838 1267 866 aiunt
1288 838 1408 875 vigiliam
1426 839 1567 872 inducere,
1581 839 1740 876 lignumque
1764 839 1823 875 ejus

1031 882 1110 912 facile
1129 884 1227 921 frangi,
1241 889 1269 913 et
1285 884 1421 921 signiﬁcat
1444 886 1611 913 moderatam
1634 885 1822 918 iracundiam;

185 924 339 959 ςριωτέραν
358 925 446 960 ὀργήν
459 932 465 939 ·
481 925 519 956 ὡς
544 925 750 960 ἁγρυπνοῦντος
774 925 823 961 μὲν
843 924 891 952 τοῦ
910 923 979 951 Θεοῦ

1032 929 1087 957 Deo
1109 930 1211 965 quippe
1229 938 1313 966 super
1333 935 1492 966 peccatores
1514 931 1660 968 vigilante,
1684 931 1823 959 moderate

186 971 234 998 ἐπὶ
246 972 303 1002 τοῖς
312 971 534 1006 ἁμαρτάνουσιν,
547 971 746 1003 κολάζοντοςδὲ
766 970 960 1006 μετριώτερον.

226 1025 236 1042 ι
247 1016 316 1043 Ἀπὸ
327 1016 476 1052 προσώπου
488 1017 537 1044 τοῦ
551 1018 651 1053 Βορῤᾶ.
670 1027 679 1044 ι
692 1017 742 1045 Διὰ
753 1018 800 1044 τὸν
808 1016 980 1045 Βαϐυλώνιόν

186 1070 267 1098 φησι.
284 1062 450 1097 Βορειοτέρα
463 1062 520 1098 γὰρ
534 1063 552 1098 ἡ
576 1062 707 1093 Βαϐυλὼν
722 1063 761 1095 ὡς
775 1063 844 1099 πρὸς
865 1062 915 1099 τὴν
932 1062 981 1090 Ἰε-

188 1108 343 1144 ρουσαλήμ.
358 1108 431 1143 Πρὸς
440 1109 610 1142 δὲδιάνοιας,
623 1111 665 1141 εἰς
677 1109 824 1145 πρόσωπον
833 1108 881 1136 τοῦ
895 1108 982 1144 σκλη-

188 1153 236 1189 ροῦ
251 1154 353 1189 Βορέου
367 1155 381 1180 ὁ
392 1154 518 1187 διάϐολος
530 1155 713 1191 λαμϐάνεται.

225 1209 235 1226 ι
257 1200 366 1237 Δέϐητα
380 1202 593 1237 ὑποκαιόμενον.
614 1212 624 1229 ι
642 1202 722 1230 Κατὰ
736 1202 787 1238 μὲν
808 1203 839 1230 τὺ
861 1204 980 1241 γράμμα

186 1247 238 1282 τὴν
262 1248 454 1284 Ἰερουσαλὴμ,
472 1248 597 1281 καὶτοὺς
612 1250 641 1276 ὲν
658 1246 728 1285 αὐτῇ
748 1249 897 1285 ἄρχοντας·
911 1250 981 1285 πρὸς

185 1293 216 1320 δὲ
229 1293 355 1330 θεωρίαν,
367 1295 417 1330 τὴν
429 1294 582 1330 συνείδησιν
593 1295 643 1330 τὴν
658 1295 756 1331 ἑαυτὴν
766 1295 979 1330 δοκιμάζουσαν.

226 1349 236 1366 ι
255 1340 311 1366 Καὶ
324 1341 356 1367 σὺ
374 1341 538 1377 περίζωσαι.
557 1350 567 1368 ι
593 1341 668 1367 Ἀντὶ
683 1341 743 1374 τοῦ,
759 1341 896 1376 ἄνδρισαι,
912 1342 981 1378 0αρ-

187 1386 244 1420 ῥῷν
258 1386 390 1422 πορεύου.
415 1387 489 1423 Πρὸς
512 1387 542 1414 δὲ
561 1387 694 1420 διάνοιαν,
715 1386 917 1422 περιζώννυται
930 1387 980 1423 τὴν

185 1431 274 1465 ὀσφὺν
289 1432 303 1459 6
319 1434 447 1469 σώφρων,
476 1433 521 1460 Ἐν
533 1432 588 1469 γὰρ
603 1434 637 1469 τῇ
651 1432 734 1467 ὀσφύῖ
758 1433 888 1467 λέγουσιν
908 1431 979 1460 εἶναι

184 1478 221 1504 τὰ
237 1477 397 1514 σπέρματα.
410 1479 526 1515 Εἴρηται
542 1479 599 1516 γὰρ
617 1478 741 1516 περὶτοῦ
759 1479 837 1506 Λευῖ·
853 1480 914 1507 Ἔτι
925 1479 980 1516 γὰρ

175 1524 215 1566 ’ἐν
229 1525 263 1560 τῇ
280 1524 363 1558 ὀσφύϊ
376 1524 424 1551 τοῦ
437 1525 542 1561 πατρός
555 1533 602 1552 σου
620 1523 665 1560 ἦν.

224 1581 234 1597 ι
252 1571 299 1607 Μὴ
318 1571 443 1608 φοϐηθῇς
465 1573 507 1599 ὅτι
526 1572 597 1608 μετὰ
612 1572 660 1600 σοῦ
672 1572 743 1608 εῑμί.
764 1582 774 1599 ι
800 1571 979 1609 Περιφράξας

184 1618 245 1650 ταῖς
259 1618 421 1652 ἀγγελικαϊς
436 1619 598 1654 δυνάμεσιν.

541 1679 593 1707 ΕΦ,
612 1679 650 1706 B’.

541 1679 593 1707 ΕΦ,
633 1682 650 1706 ’.

223 1732 233 1748 ι
260 1723 416 1759 Ἐμνὴσθην
432 1678 669 1759 ὲλέουξνεόττῗτός
694 1732 752 1751 σου.
775 1733 784 1750 ι
802 1724 847 1760 Τῷ
867 1724 978 1760 Σωτῆρι

186 1769 299 1804 Χριστῷ
332 1769 411 1803 ἅγιος
447 1769 558 1806 Ἰσραὴλ
586 1769 626 1805 τῷ
657 1769 770 1806 Κυρίῳο
799 1771 814 1797 ὁ
851 1770 999 1805 ἀληθινὸςν

192 1815 318 1852 Ἰσραὴλ,
338 1817 353 1842 6
369 1815 433 1848 νοῦς
454 1816 469 1842 6
490 1816 563 1852 ὁρῶν
587 1815 665 1849 Θεὸν,
689 1815 719 1842 ὃν
746 1816 794 1844 καὶ
814 1816 901 1852 ἡδέως
927 1817 978 1853 ὁρᾷ

187 1861 284 1897 ὥσπερ
317 1862 448 1898 ἀπαρχήν
473 1870 534 1889 τινα
560 1861 750 1898 γεννημάτων.
790 1862 908 1896 Λέγεται
931 1860 978 1889 οὖν

191 1906 302 1942 Ἰσραὴλ
318 1907 384 1934 ποτὲ
400 1907 450 1942 μὲν
466 1908 481 1934 6
501 1907 638 1935 Ἰουδαίων
664 1907 740 1940 λαὸς,
766 1907 832 1934 ποτὲ
847 1907 876 1934 δὲ
896 1907 921 1934 οἱ
937 1907 978 1934 δι-

185 1951 393 1989 ορατικώτεροι,
405 1953 455 1980 καὶ
462 1953 544 1986 αὐτὸς
554 1952 582 1979 δὲ
597 1954 611 1981 6
622 1953 798 1989 πατριάρχης
819 1953 865 1980 καὶ
879 1954 894 1980 6
907 1951 978 1980 κατὰ

187 1999 278 2035 σάρκα
294 2000 324 2034 ἐξ
350 2000 460 2037 Ἰσραὴλ
473 2001 606 2037 Χριστός.

222 2091 302 2118 Κατὰ
314 2091 399 2124 ἕλεος,
413 2091 492 2127 φησι,
506 2092 554 2119 καὶ
568 2092 682 2128 ἀγάπην
699 2091 800 2127 ὲχρισά
814 2099 843 2117 σε
860 2091 900 2122 εἰς
911 2099 978 2127 προ-

186 2137 292 2172 φήτην·
308 2138 339 2164 οὺ
353 2137 409 2172 γὰρ
424 2138 456 2164 ὲκ
470 2137 697 2173 κατορθωμάτων
708 2138 742 2164 τὰ
753 2137 923 2173 χαρίσματα.

224 2192 234 2208 ι
252 2183 307 2210 Καὶ
325 2183 515 2218 ἐπορεύθησαν
534 2183 622 2210 ὀπίσω
645 2183 700 2209 τῶν
727 2182 860 2218 ματαίων.
890 2191 900 2208 ι
917 2181 978 2208 Τῶν

186 2228 306 2255 είδὼ).ων
323 2229 371 2255 καὶ
385 2228 441 2255 τῶν
459 2228 570 2265 τρόπων
584 2229 635 2264 τῆς
646 2228 759 2260 κακίας.

1032 982 1097 1003 vero
1112 975 1274 1011 castigante.

1068 1020 1100 1048 ν.
1122 1020 1164 1048 I2.
1189 1031 1198 1047 ι
1215 1021 1238 1049 A
1264 1021 1333 1050 facie
1355 1022 1509 1057 Aquilonis.
1532 1031 1542 1049 ι
1568 1021 1683 1058 Propter
1707 1022 1823 1058 Babylo-

1032 1066 1108 1094 nium
1129 1067 1210 1101 dicit;
1235 1068 1409 1103 Aquilonaris
1428 1068 1503 1096 enim
1521 1073 1564 1096 est
1586 1068 1705 1104 Babylon
1725 1068 1757 1096 ad
1776 1068 1822 1096 Je-

1031 1113 1150 1140 rusalem
1166 1119 1323 1149 comparata
1338 1123 1345 1142 :
1360 1114 1433 1149 quod
1457 1114 1492 1142 ad
1517 1122 1628 1142 sensum
1649 1119 1739 1142 autem
1759 1115 1822 1142 alti-

1031 1162 1088 1190 net.
1106 1158 1192 1186 facies
1212 1159 1302 1194 asperi
1318 1159 1462 1194 Aquilonis
1483 1166 1534 1195 pro
1549 1159 1658 1187 diabolo
1677 1159 1821 1194 accipitur.

1068 1203 1100 1230 V‘.
1117 1203 1159 1231 15.
1179 1213 1190 1230 ι
1207 1203 1336 1232 Lebetem
1353 1212 1529 1232 succensum.
1549 1214 1558 1230 ι
1577 1204 1735 1232 Secundum
1750 1204 1823 1232 litte-

1031 1256 1088 1276 ram
1102 1249 1212 1284 quidem
1228 1249 1393 1283 Jerusalem,
1408 1254 1436 1278 et
1451 1250 1591 1285 principes
1605 1250 1633 1277 in
1651 1257 1683 1278 ea
1700 1259 1706 1278 :
1724 1258 1823 1278 recon-

1030 1293 1122 1322 ditiori
1135 1303 1199 1323 vero
1209 1303 1304 1328 sensu,
1318 1296 1514 1324 conscientiam
1524 1297 1641 1332 seipsam
1649 1297 1822 1332 probantem.

1067 1339 1098 1368 V.
1116 1340 1159 1367 Π.
1178 1350 1187 1366 ι
1203 1340 1245 1369 Tu
1259 1349 1325 1378 ergo
1344 1341 1465 1378 accinge.
1486 1352 1496 1368 ι
1517 1341 1635 1371 Perinde
1653 1349 1686 1370 ac
1707 1342 1824 1386 si/dice-

1030 1390 1093 1414 ret:
1109 1386 1232 1414 \‘iriliter
1254 1395 1315 1421 age,
1342 1388 1431 1416 audax
1456 1388 1614 1424 aggredere.
1636 1389 1729 1416 Morali
1756 1397 1822 1423 vero

1030 1440 1126 1467 sensu,
1142 1438 1299 1469 temperans
1323 1434 1430 1463 lumbos
1452 1430 1555 1470 cingit;
1571 1435 1671 1463 lumbis
1690 1436 1763 1463 enim
1778 1443 1822 1463 se-

1029 1487 1093 1507 men
1109 1480 1200 1507 inesse
1222 1480 1309 1507 aiunt.
1331 1479 1399 1508 Nam
1410 1485 1438 1508 et
1456 1479 1490 1508 de
1505 1478 1570 1508 Levi
1585 1479 1688 1508 dictum
1702 1488 1710 1507 :
1725 1480 1822 1508 Adhuc

1029 1525 1057 1552 in
1070 1525 1173 1553 lumbis
1186 1526 1273 1560 patris
1287 1526 1329 1554 sui
1343 1530 1414 1554 erat.

1068 1580 1078 1598 ι
1098 1571 1138 1599 Ne
1152 1571 1261 1605 timeas,
1274 1577 1339 1604 etc.,
1355 1573 1418 1608 quia
1439 1580 1491 1609 ego
1509 1578 1598 1601 tecum
1619 1580 1690 1601 sum.
1707 1582 1717 1598 ι
1733 1573 1822 1610 Ange-

991 1607 1012 1636 C
1029 1615 1090 1644 licis
1103 1616 1252 1645 virtutibus
1266 1616 1422 1653 obsepiens.

1349 1672 1426 1701 CAP.
1442 1673 1476 1701 II.

1065 1719 1099 1748 γ.
1115 1720 1143 1748 2.
1163 1729 1173 1746 ι
1191 1720 1362 1748 Recordatus
1375 1727 1436 1747 sum
1451 1720 1647 1748 misericordiae
1662 1721 1822 1749 adolescen—

1029 1766 1075 1794 tize
1093 1771 1156 1794 tuae.
1173 1776 1183 1793 ι
1199 1766 1332 1795 Salvatori
1345 1766 1455 1794 Christo
1468 1771 1580 1796 sanctus
1592 1767 1674 1795 Israel
1688 1767 1820 1801 Domino:

1028 1822 1110 1843 verus
1130 1814 1212 1842 Israel
1234 1822 1313 1842 mens
1331 1815 1417 1842 Deum
1440 1814 1550 1848 videns,
1564 1822 1646 1849 quem
1661 1819 1688 1841 et
1700 1814 1822 1849 jucunde

1029 1860 1103 1888 videt
1113 1861 1195 1888 veluti
1213 1868 1305 1888 rerum
1317 1860 1439 1888 omnium
1453 1865 1639 1887 creaturarum
1655 1859 1821 1895 principium

1029 1907 1177 1943 quoddam.
1200 1906 1320 1935 Vocatur
1341 1906 1425 1942 igitur
1446 1905 1528 1934 Israel
1548 1906 1686 1934 interdum
1709 1905 1821 1940 quidem

1028 1952 1184 1980 Iudaeorum
1211 1952 1339 1987 populus,
1360 1951 1498 1979 interdum
1523 1959 1599 1984 vero,
1619 1951 1666 1986 qui
1692 1951 1726 1986 ad
1753 1958 1823 1978 con-

1030 1997 1217 2032 templandum
1230 1996 1455 2032 perspicaciores,
1473 1998 1588 2032 ipseque
1606 1995 1774 2029 Patriarcha,
1794 2000 1821 2023 ct

1028 2042 1076 2078 qui
1089 2042 1240 2070 secundum
1254 2048 1364 2069 carnem
1377 2048 1411 2068 ex
1425 2041 1508 2068 Israel
1521 2045 1563 2068 est
1571 2040 1708 2068 Christus.

1064 2088 1103 2115 Ex
1124 2087 1310 2115 misericordia
1331 2087 1379 2119 ait,
1392 2090 1420 2114 et
1432 2086 1564 2114 charitate
1580 2087 1645 2114 unxi
1665 2091 1691 2113 te
1708 2086 1735 2113 in
1754 2094 1820 2122 pro-

1028 2134 1149 2170 phetam,
1165 2138 1219 2161 non
1234 2137 1298 2162 sunt
1312 2133 1385 2160 enim
1398 2140 1432 2161 ex
1445 2133 1551 2161 meritis
1566 2133 1652 2161 dona.

1063 2180 1096 2208 ν.
1114 2179 1140 2208 5.
1164 2190 1173 2206 ι
1192 2180 1226 2208 Et
1246 2177 1455 2208 ambulaverunt
1479 2183 1542 2214 post
1565 2186 1646 2208 vana.
1662 2188 1671 2205 ι
1690 2178 1774 2213 Idola,
1791 2183 1819 2207 et

1029 2226 1181 2261 iniquitatis
1196 2233 1299 2254 mores.

253 2274 301 2306 Εἰς
315 2275 361 2301 τὸν
380 2275 540 2311 Κάρμηλον.
561 2284 571 2302 ι
590 2276 674 2311 Ὄρος
701 2275 784 2302 τοῦτο
805 2276 855 2311 τῆς
871 2275 976 2302 Παλαι-

1065 2272 1098 2300 V.
1117 2273 1143 2300 'l.
1170 2281 1180 2299 ι
1198 2271 1229 2299 In
1248 2271 1414 2300 Carmelum.
1434 2280 1444 2298 ι
1464 2271 1618 2300 Palaestinae
1640 2279 1719 2299 mons
1744 2272 1790 2300 hic
1809 2279 1818 2299 :

186 2320 289 2356 στίνης.
307 2321 504 2357 Ἐρμηνεύεται
519 2322 547 2349 δὲ
560 2322 725 2358 ἐπίγνωσις
741 2321 904 2358 περιτομῆς
919 2330 926 2337 ·
942 2322 978 2350 δι’

184 2364 219 2402 ἧς
233 2367 425 2403 ἀποτέμνομεν
440 2368 475 2396 τὰ
490 2368 581 2403 ἀγαθὰ
598 2369 653 2396 ἀπὸ
668 2368 723 2396 τῶν
741 2368 863 2403 φαύλων.

227 2423 236 2440 ι
253 2414 377 2441 Διέλθετε
403 2416 444 2447 είς
463 2417 562 2451 νήσους
578 2417 721 2452 Χεττιείμ.
738 2427 748 2444 ι
761 2416 841 2449 Τινὲς
858 2417 908 2452 μὲν
920 2418 978 2445 Κυ-

185 2460 284 2495 πρίους
305 2461 381 2495 φασὶ,
404 2461 478 2493 τινὲς
497 2461 526 2488 δὲ
558 2461 647 2489 Ἰνδῶν
665 2462 741 2499 ἔθνη.
762 2462 793 2490 '0
816 2463 911 2499 Κηδὰρ
930 2463 977 2491 τοῦ

191 2506 306 2542 Ἰσμαὴλ
328 2507 480 2547 ἀπόγονος·
505 2507 684 2543 σημαίνονται
704 2509 732 2535 δὲ
758 2509 802 2537 διὰ
825 2509 921 2537 τούτου
944 2509 978 2537 τὰ

184 2553 354 2588 Σαρακηνῶν
368 2553 443 2589 ἔθνη.
463 2553 665 2590 Ἐρμηνεύεται
678 2555 706 2582 δὲ
725 2556 880 2591 σκοτασμός
890 2564 897 2571 ·
912 2556 979 2592 φασὶ

183 2597 213 2623 δὲ
229 2597 276 2624 καὶ
287 2597 453 2634 ὸστρακίνην
467 2598 615 2635 δηλοῦσθαι
628 2599 673 2627 διὰ
686 2600 734 2628 τοῦ
748 2601 859 2637 Κηδάρ.

223 2749 235 2768 ι
258 2741 318 2769 Ἐπ’
343 2742 425 2770 αὐτὸν
449 2743 569 2779 ὠρύοντο
592 2743 712 2777 λέοντες.
738 2754 748 2770 ι
771 2744 886 2776 Δέοντες
909 2744 978 2780 πρὸς

185 2785 236 2821 μὲν
247 2788 279 2814 τὺ
295 2789 377 2824 ῥητὸν
389 2790 414 2816 οί
426 2789 606 2825 Βαϐυλώνιοι,
622 2791 691 2827 πρὸς
704 2791 732 2818 δὲ
744 2790 864 2818 διάνοιαν
875 2790 924 2826 ἀνή
929 2799 978 2826 με-

185 2840 227 2868 ροι
245 2833 384 2868 δαίμονες.

219 2886 230 2903 ι
248 2879 329 2914 Παρὰ
346 2880 378 2906 τὸ
399 2881 435 2917 μὴ
453 2883 660 2910 κατοικεῖσθαι·
691 2893 699 2909 ι
716 2882 764 2910 Διὰ
788 2883 817 2908 τὺ
845 2883 882 2918 μὴ
904 2882 976 2917 ἔκειν

184 2922 331 2960 οἰκήτορας
348 2926 478 2960 ἀγαθούς.

1029 2319 1173 2355 recognitio
1196 2322 1288 2346 autem
1314 2317 1520 2345 circumcisionis
1544 2317 1747 2352 interpretatur,
1769 2325 1820 2353 per

1029 2372 1110 2402 quam
1123 2365 1195 2393 bona
1209 2372 1225 2392 a
1240 2363 1317 2392 malis
1332 2363 1490 2392 recidimus.

1065 2410 1098 2438 V.
1121 2411 1166 2439 10.
1189 2420 1198 2436 ι
1225 2410 1329 2439 Idcirco
1352 2409 1444 2437 venite
1472 2409 1507 2437 ad
1534 2408 1638 2437 insulas
1659 2407 1787 2436 Chetiim.
1806 2417 1816 2433 ι

1029 2457 1144 2492 Quidam
1166 2456 1289 2492 Cyprios,
1305 2456 1416 2492 quidam
1441 2455 1570 2483 Indorum
1595 2454 1710 2490 populos
1731 2454 1820 2482 Cedar

1028 2500 1140 2529 nomine
1161 2499 1282 2528 fatentur
1303 2499 1460 2535 signiﬁcari.
1481 2499 1568 2527 Cedar
1584 2500 1618 2527 ab
1639 2498 1753 2527 Ismaele
1772 2506 1819 2526 or-

1029 2551 1087 2574 tum
1106 2546 1232 2574 ducens:
1248 2552 1298 2581 per
1320 2545 1394 2573 hunc
1415 2552 1483 2572 vero
1496 2544 1696 2573 Saracenorum
1715 2544 1820 2580 signifi-

1028 2597 1126 2620 cantur
1149 2591 1253 2627 populi.
1277 2590 1477 2626 Interpretatur
1500 2595 1592 2618 autem
1619 2591 1819 2619 tenebricosus.

1029 2638 1146 2671 Quidam
1160 2642 1252 2665 autem
1269 2644 1319 2672 per
1339 2636 1435 2671 Cedar_
1444 2639 1595 2664 testaceum
1614 2636 1726 2672 intelligi
1744 2644 1821 2665 asse-

1028 2689 1103 2712 runt.

1065 2730 1095 2758 γ.
1111 2731 1155 2758 l5.
1175 2739 1184 2757 ι
1203 2729 1292 2766 Super
1306 2737 1371 2758 eum
1388 2729 1532 2766 rugierunt
1547 2728 1653 2758 leones.
1669 2738 1679 2755 ι
1702 2729 1819 2761 Leones,

1026 2777 1104 2812 juxta
1131 2775 1247 2810 dictum,
1269 2775 1419 2811 Babylonii,
1436 2778 1465 2802 at
1490 2774 1567 2810 juxta
1594 2781 1720 2807 sensum,
1743 2773 1821 2801 eﬂ‘eri

1029 2822 1178 2850 daemones.

1066 2878 1076 2893 ‹
1095 2868 1134 2896 Eo
1157 2868 1230 2903 quod
1259 2875 1313 2895 non
1339 2868 1487 2896 habitetur.
1512 2877 1521 2894 ι
1543 2867 1582 2894 Ex
1612 2874 1645 2894 eo
1665 2867 1736 2903 quod
1764 2873 1820 2894 non

1029 2914 1126 2940 ltnhuit
1141 2915 1229 2942 honos
1243 2914 1356 2942 incolas.
