2044 3144
213 161 264 194 631

761 163 1022 195 OLYMPIODORI
1037 167 1304 198 ALEXANDRINI

1797 169 1851 202 632

249 217 282 246 ν.
302 217 342 246 18.
362 227 372 244 ι
392 217 428 246 Ut
442 217 521 246 bibas
534 224 631 253 aquam
648 217 735 245 Gcon.
752 227 761 242 ι
780 217 855 245 Geon
869 223 911 247 est
921 219 1007 253 Nilus,

1099 231 1110 247 ‹
1126 222 1203 250 Πιετν
1222 222 1295 257 ὕδωρ
1314 221 1401 257 Γηὼν.
1431 232 1440 248 ›
1468 222 1546 259 Γηὼν
1567 224 1581 250 ὁ
1600 223 1707 257 Νεῖλος,
1728 223 1800 259 ’ὕδωρ
1820 225 1849 250 δὲ

212 263 402 300 Egyptiorum
436 267 527 290 autem
560 271 637 298 aqua:
667 263 768 290 mullos
799 264 866 292 deos
896 265 1009 294 colendi

211 316 226 336 ε
231 317 300 336 ΙἸὊΓ.

252 364 262 381 ι
281 355 316 383 Ut
337 355 415 382 bibas
434 363 534 390 aquam
557 355 710 382 fluminum.
726 366 736 382 ι
760 356 932 392 Assyriorum
956 356 1007 384 [lu-

213 400 299 434 mina,
315 402 498 430 multiformes
521 401 651 437 nequitiae
675 403 760 436 modi,
777 408 804 430 et
827 403 862 431 de
884 404 1007 439 utrisque

215 450 331 482 utraque
345 452 463 483 possunt
477 448 602 484 intelligi.

250 493 283 521 V.
298 494 344 522 20.
362 504 371 521 ι
388 495 457 528 Quia
469 503 485 523 a
497 496 597 523 saeculo
611 496 769 532 confregisti
783 497 877 532 jugum
894 501 982 526 tuum.
995 505 1006 524 ι

214 540 256 568 Al)
276 540 355 568 initio
374 542 447 570 enim
462 542 537 569 durae
555 541 606 569 fuit
625 542 751 574 cervicis,
765 550 928 578 semperque
945 542 1010 578 Spi-

215 586 280 613 ritui
291 592 387 626 sancto
402 587 552 621 resistens;
565 587 661 623 jugum
681 592 772 616 autem
788 588 908 616 divinam
930 595 1009 617 vocat

214 633 301 668 legem
306 653 314 660 .

252 688 261 703 ι
283 678 321 705 11)ί
344 678 482 706 diﬂ‘undar
508 679 538 706 in
559 679 739 707 fomieauone
761 687 831 707 mea.
849 689 860 706 ι
879 680 1006 716 Nequitia

215 724 289 751 enim
304 724 441 759 principio
456 725 538 757 facto,
554 725 582 752 in
598 725 763 753 immensum
779 725 953 754 diffunditur.

252 779 263 796 ‹
282 769 424 803 Quomodo
441 778 573 799 conversa
593 779 622 799 es
643 771 672 798 in
692 772 923 800 amaritudinem?
941 772 1009 800 .llala

214 815 287 842 cnim
303 823 356 843 non
371 820 479 849 natura,
495 817 542 844 sed
558 817 721 852 reﬂexione;
741 817 807 846 Vitis
827 819 926 852 aliena,
949 828 1009 855 qua:

214 865 312 896 sponte
327 869 375 890 sua
389 863 505 897 seipsam
521 870 537 890 a
553 863 608 891 Deo
623 863 795 892 abalienavit.

249 961 282 989 ν.
298 963 343 991 9.3.
364 972 374 989 ι
389 963 533 996 Quomodo
548 964 616 992 dicis
629 973 635 992 :
649 965 708 993 Non
719 973 781 993 sum
793 966 913 1001 polluta?
929 976 938 992 ι
956 966 1009 994 Ex-

214 1012 310 1035 trcmze
325 1013 367 1036 est
383 1009 530 1040 dementiae
545 1015 705 1045 peccantem
721 1011 849 1039 inﬁciari.

281 1064 349 1093 Vide
372 1066 432 1094 vias
456 1070 516 1094 luas
539 1067 568 1093 in
587 1067 757 1103 polyandrio.
775 1077 785 1092 ι
803 1067 1007 1102 Polyandrium,

212 1111 370 1146 sepulcrum
385 1120 392 1139 :
409 1118 456 1139 aut
471 1120 536 1147 ergo
550 1113 576 1140 in
592 1113 727 1148 sepulcris
741 1114 865 1148 quaedam
881 1115 1009 1149 agebant,

212 1166 275 1192 qua:
287 1158 460 1186 daemonibus
473 1159 618 1193 placebant
631 1167 638 1185 ε
654 1163 701 1186 aut
714 1159 796 1186 etiam
812 1159 863 1193 ipsi
883 1160 1010 1194 sepulcra

217 1209 294 1230 erant
318 1203 444 1237 delinita,
464 1204 590 1232 veritatis
612 1208 747 1238 praetextu
768 1200 1010 1232 mendacium’sc-

218 1254 332 1276 stantes.

249 1305 283 1332 Ἴ.
298 1306 344 1333 24.
367 1315 377 1332 ι
398 1305 438 1333 Ad
463 1314 609 1341 vesperam
633 1315 687 1335 vox
711 1308 771 1343 ejus
793 1308 910 1336 ululavit
929 1316 936 1335 :
952 1309 1010 1336 vias

212 1359 278 1379 suas
306 1352 429 1380 dilatavit
455 1361 538 1388 super
566 1361 651 1389 aquas
676 1354 842 1382 solitudinis.
862 1364 871 1381 ι
898 1355 1010 1383 Ululant

213 1403 296 1424 sexus
312 1396 422 1425 feminei
440 1405 523 1426 canes
540 1398 604 1426 dum
628 1399 662 1426 ad
684 1399 785 1427 coitum
802 1408 893 1427 mares
910 1408 1010 1435 provo-

214 1447 279 1470 cant
295 1453 301 1471 :
317 1444 370 1471 hoc
385 1444 479 1480 igitur,
494 1444 542 1477 ait,
558 1452 639 1480 passa
653 1450 695 1472 est
711 1445 740 1472 in
755 1445 876 1473 tenebris
891 1446 1009 1474 animae:

213 1489 370 1517 immundos
397 1489 530 1518 invocans
548 1491 698 1518 daemonas.

251 1545 315 1573 Via:
335 1554 398 1573 suas
416 1546 540 1574 dilatauit
556 1556 635 1582 super
649 1556 734 1582 aquas
748 1549 912 1576 solitudinis.
924 1550 1010 1584 Aqua:

1056 268 1111 295 τῶν
1123 269 1290 304 Αἰγυπτίων,
1307 270 1323 305 ἡ
1337 269 1468 302 πολύθεος
1483 270 1575 297 αὐτῶν
1589 271 1690 306 πλάνη.

1097 368 1106 385 ι
1129 359 1205 385 Πιεῖν
1224 358 1297 394 ὕδωρ
1314 357 1456 392 ποταμῶν.
1489 367 1498 383 ι
1519 356 1670 392 Ἀσσυρίων
1691 357 1808 393 ποταμοὶ
1824 358 1850 384 οι

1060 405 1212 437 πολυειδεῖς
1227 405 1276 439 τῆς
1298 404 1398 435 κακίας
1413 404 1520 439 τρόποι,
1535 403 1582 430 καὶ
1595 403 1641 430 ἐπὶ
1657 404 1797 439 ἑκατέρων
1809 404 1850 438 δὲ,

1060 450 1205 486 ἀμφότερα
1215 450 1275 477 ἔστι
1294 452 1375 477 νοεῖν.
1460 483 1463 486 Α

1099 508 1108 524 ι
1125 498 1247 525 Ὀτιὰτέ
1271 497 1370 528 αἰῶνος
1385 496 1548 532 συνέτριψας
1576 497 1622 523 τὸν
1647 496 1729 531 ζυγόν
1758 505 1815 524 σου.
1839 507 1848 523 ›

1068 545 1112 579 Ἐξ
1137 544 1226 581 ἀρχῆς
1246 543 1301 579 γὰρ
1328 543 1577 579 σκληροτράχηλος,
1609 543 1654 570 ἀεὶ
1683 543 1852 571 ἁντιπίπτων

1061 591 1100 627 τῷ
1110 591 1181 626 ἁγίῳ
1195 591 1338 626 [πνεύματι.
1348 599 1355 605 θ
1368 590 1450 624 ζυγὸν
1465 589 1494 616 δὲ
1515 590 1564 624 τὴν
1583 590 1744 624 νομοθεσίαν
1765 590 1850 625 λέγει.

1099 691 1108 708 ι
1132 682 1206 708 *Εκεῖ
1224 681 1426 716 διαχυθήσομαι
1453 682 1482 708 ὲν
1506 682 1539 716 τῇ
1565 681 1681 716 πορνεία
1704 689 1765 716 μου.
1785 690 1794 706 ι
1820 681 1854 708 Ἡ

1062 728 1117 763 γὰρ
1132 728 1217 754 κακία
1232 727 1319 762 ἀρχὴν
1333 726 1455 754 λαϐοῦσα
1466 727 1506 758 εἰς
1521 727 1637 761 ἄπειρον
1649 727 1780 761 ἐκχεῖται.

1100 783 1108 799 ι
1129 773 1191 804 Πῶς
1213 773 1354 808 ὲστράφης
1373 774 1413 805 εἰς
1427 773 1560 808 πικρίαν;
1580 782 1589 798 ι
1606 772 1647 799 Τὰ
1663 772 1736 799 κακὰ
1749 772 1804 807 γὰρ
1821 772 1852 799 οὗ

1061 820 1133 847 κατὰ
1147 820 1239 855 φύσιν,
1256 819 1325 847 ἀλλὰ
1353 820 1424 847 κατὰ
1460 819 1659 854 παρατροπήν·
1681 818 1804 853 ἄμπελος
1833 820 1851 854 ὴ

1064 866 1211 902 ἀλλοτρία,
1238 867 1255 901 ἡ
1281 864 1482 902 προαιρετικῶς
1513 865 1612 900 ἑαυτὴν
1641 863 1680 899 τῷ
1692 863 1752 899 Θεῷ
1772 864 1857 892 ἁλλο-

1023 909 1044 936 Β
1059 913 1212 948 τριώσασα.

1097 968 1107 984 ι
1124 959 1188 990 Πῶς
1203 959 1288 994 ἐρεῖς,
1299 958 1356 985 Οὐκ
1368 957 1521 994 spicis/01w;
1539 968 1548 984 ι
1570 957 1706 1001 Ἐσχάτης
1722 958 1857 989 ἀπονοίας

1060 1005 1106 1032 τὸν
1122 1005 1317 1041 ἁμαρτάνοντα
1330 1004 1484 1039 ἀρνεῖσθαι.

1099 1071 1108 1086 ι
1135 1060 1187 1086 Ἴδε
1202 1060 1251 1092 τὰς
1266 1060 1344 1092 ὁδούς
1363 1069 1410 1087 σου
1427 1061 1456 1087 ἐν
1473 1060 1512 1096 τῷ
1534 1060 1718 1094 πολυανδρίῳ.
1737 1069 1747 1085 »
1767 1059 1855 1085 Πολυο

1060 1105 1168 1141 άνδριον
1178 1107 1192 1132 ὸ
1204 1106 1289 1140 τάφος
1303 1113 1311 1121 ·
1324 1105 1340 1141 ἢ
1357 1103 1404 1132 οὖν
1417 1114 1479 1133 τινα
1493 1105 1630 1141 ἔπραττον
1644 1106 1673 1131 ἐν
1683 1105 1740 1136 τοῖς
1755 1106 1852 1138 τάφοις

1060 1152 1162 1188 ἀρεστὰ
1181 1152 1319 1187 δαίμοσιν,
1337 1152 1355 1187 ἢ
1375 1153 1417 1179 ὅτι
1434 1152 1479 1178 καὶ
1494 1151 1571 1178 αὐτοὶ
1593 1151 1674 1186 τάφοι
1692 1151 1853 1186 κεκονιαμέ-

1062 1208 1102 1226 νοι
1116 1197 1196 1235 ἦσαν.
1216 1199 1260 1226 Ἐν
1276 1199 1480 1238 ὑποκρίσει-τῆς
1496 1198 1627 1234 ἀληθεῐας
1643 1198 1672 1224 τὸ
1686 1197 1785 1232 ψεῦδος
1801 1206 1852 1224 κσ-

1061 1244 1255 1276 ταδιώκοντες.

1099 1310 1109 1326 ι
1130 1301 1194 1336 Ὀψὲ
1222 1301 1299 1336 φωνὴ
1326 1300 1414 1335 αὐτῆς
1440 1300 1576 1333 ὠλόλυζε,
1599 1300 1650 1332 τὰς
1670 1300 1747 1331 ὁδοὺς
1769 1300 1854 1335 αὐτῆς

1061 1346 1212 1374 ἐπλάτυνεν
1228 1347 1270 1381 ἐφ’
1285 1346 1372 1374 ὕδατα
1383 1348 1498 1382 ἐρήμου.
1518 1356 1527 1373 ι
1554 1346 1743 1379 Ὀλολύζουσιν
1757 1346 1785 1373 αἱ
1803 1347 1853 1381 θή-

1061 1395 1132 1421 λειαι
1146 1393 1228 1426 κύνες
1243 1394 1283 1425 εῑς
1299 1393 1373 1428 μίξιν
1385 1393 1449 1425 τοὺς
1470 1393 1589 1429 ἄρρενας
1608 1392 1831 1428 προκαλούμεναι
1853 1400 1856 1406 λ

1061 1440 1141 1467 τοῦτο
1157 1438 1214 1472 οὖν,
1231 1439 1309 1476 φησὶ,
1334 1439 1470 1466 πέπονθεν
1499 1441 1528 1466 ὲν
1547 1439 1644 1475 σκοτίᾳ
1661 1439 1770 1477 ψυχῆς,
1791 1439 1855 1471 τοὺς

1062 1486 1236 1522 ἀκαθάρτους
1265 1485 1477 1522 προκαλουμένη
1510 1486 1652 1520 δαίμονας.

1101 1543 1158 1576 Τὰς
1167 1543 1256 1576 ὁδοὺς
1268 1542 1365 1576 αὐτῆς
1378 1541 1550 1569 ἐπλάτυνεν
1560 1542 1611 1577 ὑφ’
1622 1541 1717 1569 ὕδατα
1729 1542 1855 1576 ἐρήμου.

214 1591 370 1618 solitudinis
389 1593 473 1620 varia:
488 1598 516 1619 et
524 1593 673 1626 fructifera:
694 1593 846 1629 iniquitatis
861 1595 913 1623 via;
924 1604 931 1629 ;
942 1582 1010 1630 ope-

1064 1588 1168 1614 ’Ύδατα
1183 1588 1298 1622 ἐρήμου,
1328 1587 1355 1613 αἱ
1386 1587 1565 1621 πολύτροποι,
1587 1588 1635 1613 καὶ
1653 1587 1776 1623 ἄκαρποι
1807 1588 1856 1623 τῆς

215 1637 370 1664 rationibus
393 1637 577 1672 implebantur
592 1639 796 1667 immundorum
811 1640 968 1675 spirituum.

251 1729 306 1756 Sua
327 1733 426 1765 sponte
457 1732 575 1766 seipsam
601 1732 723 1761 tradens.
754 1733 823 1760 Eum
843 1733 944 1769 quippe
962 1734 1009 1769 qui

217 1776 306 1802 curari
323 1783 376 1803 non
392 1776 449 1804 vult
465 1785 547 1805 nemo
559 1778 675 1805 curabit.

256 1832 265 1849 ι
281 1823 311 1850 ln
326 1823 480 1851 humilitate
496 1823 569 1851 illius
583 1824 722 1860 reperient
747 1824 829 1852 illam.
848 1835 857 1852 ι
875 1825 1009 1858 Quoniam

216 1868 270 1895 illis
288 1868 443 1903 subjicitur.

253 1914 284 1942 V.
301 1915 346 1942 25.
366 1924 376 1941 ι
394 1915 516 1943 Viriliter
541 1924 628 1952 agam.
653 1926 663 1943 ι
693 1917 759 1945 Mihi
780 1917 831 1953 ipsi
850 1917 956 1945 sullicio
982 1918 1010 1945 in

216 1961 383 1996 praesidium,
402 1961 458 1989 Deo
479 1963 548 1989 nihil
577 1971 647 1998 opus
667 1963 765 1996 habeo,
796 1964 838 1992 vel
861 1964 913 1991 hoc
933 1964 1009 1996 dicit,

217 2008 418 2042 quod'virilitcr
433 2017 462 2036 se
478 2010 658 2044 prmparabat,
673 2018 709 2037 ne
724 2010 835 2038 monitis
849 2014 969 2045 pareret.

254 2048 286 2080 ν.
303 2053 347 2079 5|.
367 2062 377 2079 ε
391 2054 520 2089 Nunquid
545 2055 664 2082 solitudo
685 2054 772 2083 laetus
793 2063 852 2083 sum
876 2055 980 2084 lsraeli.
998 2064 1007 2081 ι

217 2098 258 2126 An
285 2102 338 2126 non
364 2099 440 2134 ipsis,
463 2100 562 2135 inquit.
588 2101 691 2132 omnia,
707 2109 768 2136 quae
793 2101 964 2135 ad,victum,
984 2105 1011 2128 et

217 2145 392 2171 commodum
410 2144 501 2172 facere
520 2145 692 2178 videbantur,
710 2146 794 2182 gratis
809 2146 940 2173 exhibui?

255 2199 286 2226 V.
303 2201 347 2227 55.
366 2210 374 2226 ι
394 2201 492 2228 Adhuc
508 2201 610 2228 bonum
627 2202 786 2229 adinvenies
800 2202 827 2229 in
840 2202 891 2230 viis
906 2201 960 2229 tuis
977 2202 1010 2229 ad

1063 1632 1163 1664 κακίας
1178 1632 1248 1659 ὁδοι-
1266 1632 1413 1668 ἐνεργειῶν
1427 1632 1596 1668 ἐπληροῦντο
1608 1633 1772 1668 πνευμάτων
1784 1633 1853 1659 ἀκα-

1064 1679 1182 1715 θάρτων.

1099 1726 1306 1762 Προαιρετικῶς
1319 1727 1404 1762 αὐτὴν
1419 1726 1561 1753 ἐπιδοῦσα.
1577 1726 1628 1752 Τὸν
1642 1725 1697 1762 γὰρ
1713 1725 1751 1761 μὴ
1763 1725 1859 1761 βουλό-

1065 1781 1146 1807 μενον
1163 1773 1381 1808 θεραπευθῆναι,
1397 1773 1485 1804 οὐδεὶς
1503 1773 1620 1799 ἰάσεται.

1101 1827 1111 1844 ‹
1123 1819 1168 1844 Ἐν
1183 1819 1215 1854 τῇ
1233 1819 1398 1845 ταπεινώσει
1408 1819 1493 1854 αὐτῆς
1504 1820 1671 1855 εὑρήσουσιν
1683 1819 1795 1855 αὐτήν.»
1807 1819 1858 1846 Διὰ

1063 1865 1094 1892 τὸ
1109 1865 1290 1901 προσκεῖσθαι
1311 1865 1415 1897 αὐτοῖς.

1101 1919 1112 1935 t
1132 1910 1317 1946 Ἀνδριοῦμαι.
1335 1920 1344 1936 ι
1365 1911 1488 1946 Ἐμαυτῇ
1513 1911 1591 1946 ἀρκῶ
1607 1911 1647 1943 εἰς
1665 1911 1804 1946 βοήθειαν,
1825 1911 1855 1938 οὗ

1063 1956 1160 1991 δέομαι
1171 1956 1218 1983 τοῦ
1235 1957 1314 1989 Θεοῦ,
1329 1958 1346 1992 ἢ
1362 1957 1443 1984 τοῦτο
1458 1958 1545 1992 λέγει,
1573 1958 1614 1984 ὅτι
1635 1957 1706 1993 πρὸς
1719 1958 1734 1984 ὃ
1746 1957 1857 1984 ἐνουθε-

1064 2004 1146 2034 τεῖτο,
1162 2002 1304 2038 ήνδρίζετο
1320 2004 1360 2034 el;
1377 2003 1425 2038 τὴν
1441 2003 1598 2038 παρακοήν.

1103 2060 1112 2076 ι
1133 2051 1179 2086 Μὴ
1202 2051 1307 2086 ἕρημος
1333 2050 1468 2086 ἐγενήθην
1490 2051 1529 2086 τῷ
1550 2050 1679 2086 ’ῐσραήλ;
1699 2060 1707 2076 ι
1736 2051 1782 2087 Μὴ
1807 2051 1858 2078 οὐκ

1065 2097 1248 2133 ἐδωρησάμην
1261 2097 1363 2129 αὐτοῖς,
1381 2097 1458 2132 φησὶ,
1482 2097 1570 2124 πάντα
1590 2097 1621 2124 τὰ
1636 2097 1703 2132 πρὸς
1717 2096 1789 2132 ζωὴν
1810 2098 1858 2123 καὶ

1064 2144 1211 2178 ὠφέλειαν.

1102 2210 1111 2225 ι
1128 2201 1160 2227 Τί
1176 2200 1216 2226 ἔτι
1231 2199 1313 2227 καλὸν
1328 2201 1518 2236 ἐπιτηδεύσεις
1534 2202 1562 2227 ἐν
1578 2201 1640 2233 ταῖς
1653 2201 1725 2233 ὁδοῖς
1747 2209 1793 2227 σου
1810 2200 1857 2227 τοῦ

220 2245 394 2281 qurerendam
417 2246 612 2274 dilectionem?
629 2257 638 2273 ι
656 2247 772 2275 Animus
786 2255 801 2274 a
817 2255 881 2275 vero
896 2247 952 2274 Deo
970 2255 1011 2274 re-

1066 2247 1183 2283 ζητῆσαι
1198 2247 1350 2282 ἀγάπησινς
1362 2257 1371 2272 ι
1384 2247 1465 2282 Ψυχὴ
1481 2247 1654 2282 ἀφισταμένη
1667 2247 1722 2274 ἀπὸ
1733 2247 1779 2274 τοῦ
1791 2247 1858 2281 ἀλη-

220 2293 331 2325 eedcns,
347 2300 408 2320 cum
427 2293 486 2320 sine
503 2293 558 2321 Deo
572 2294 664 2322 vivere
685 2302 740 2321 non
760 2294 858 2329 possit,
869 2294 936 2321 deos
950 2294 1013 2327 sibi,

220 2340 266 2374 qui
289 2347 345 2366 non
368 2344 442 2372 sunt,
466 2339 554 2376 ﬁngit,
575 2341 628 2368 hoc
648 2345 746 2376 petens
766 2340 904 2368 solatium.
930 2340 1013 2375 lgitur

221 2392 276 2412 nan
297 2386 346 2418 ita,
358 2386 456 2421 inquit,
473 2387 500 2414 id
513 2391 555 2414 est
571 2387 628 2415 ﬁeri
645 2395 701 2415 non
717 2391 818 2422 potest,
835 2390 865 2413 ut
885 2394 916 2413 ex
939 2385 1014 2412 falsis

220 2432 274 2460 diis
287 2433 385 2461 anima:
400 2433 435 2461 sit
449 2431 587 2460 solatium.

256 2529 290 2558 ν.
305 2530 350 2558 54.
368 2540 383 2556 «ν
397 2531 455 2558 Non
479 2530 506 2558 in
529 2531 611 2559 fossis
633 2532 726 2559 inveni
745 2539 802 2563 eos,
819 2531 867 2559 sed
890 2532 916 2558 in
939 2533 1020 2559 omni-

222 2585 337 2613 qucreu.
355 2587 364 2603 ι
389 2577 449 2605 Νοη
464 2578 544 2610 clam,
562 2578 660 2612 inquit,
675 2579 723 2605 sed
739 2579 766 2605 in
785 2578 905 2611 sublimi,
921 2578 946 2606 id
962 2583 1015 2610 est,

223 2624 252 2651 in
271 2623 358 2651 oculis
375 2623 498 2650 omnium
514 2623 687 2658 delinquunt.

260 2669 291 2696 V.
309 2669 354 2697 55.
377 2678 386 2694 ι
405 2669 439 2696 ΕΙ.
453 2668 544 2696 dixisti
561 2669 716 2697 :lnnocens
739 2678 809 2697 sum.
826 2679 835 2695 ι
860 2669 927 2697 Cum
947 2677 1022 2704 opus

224 2717 261 2749 sit
274 2715 398 2744 conﬁteri
414 2715 527 2748 scelera,
544 2721 571 2743 tu
588 2724 642 2751 pra:
658 2717 825 2752 impudentia
842 2717 945 2752 negas?

263 2773 272 2788 Ι
294 2763 361 2790 Ecce
379 2769 429 2797 ego
442 2761 545 2796 judicio
560 2764 722 2790 contendam
739 2768 840 2795 tecum,
855 2763 881 2789 in
900 2762 1016 2790 dicendo

225 2812 252 2835 te
266 2818 270 2834 :
284 2808 342 2835 Non
359 2807 478 2842 peccavi.
496 2817 505 2833 ι
525 2807 551 2834 Si
569 2816 617 2843 per
630 2809 712 2835 alium
730 2808 891 2843 prophetam
905 2807 1018 2834 mandat

225 2859 334 2889 precatu
358 2854 524 2886 confitenda,
549 2859 578 2881 ut
602 2854 694 2888 justus
718 2854 779 2888 quis
802 2853 915 2883 evadat,
936 2853 1017 2880 solvit

225 2901 297 2927 enim
314 2899 374 2935 quis
388 2908 436 2935 per
452 2900 650 2929 confessionem
667 2901 808 2930 delictum,
824 2899 956 2928 absurdus
971 2900 1017 2935 qui

1066 2293 1140 2320 θινοῦ
1156 2293 1235 2325 Θεοῦ,
1250 2294 1299 2320 οὐκ
1316 2293 1468 2328 ἀνεχομένη
1482 2291 1551 2320 εἶναι
1566 2293 1657 2325 ἄθεος,
1678 2293 1758 2324 θεοὺς
1772 2293 1858 2327 ἑαυτῇ

1066 2340 1129 2372 τοὺς
1147 2340 1185 2376 μὴ
1200 2340 1280 2372 ὄντας
1299 2341 1488 2376 περιποιεῖται
1502 2360 1509 2371 ,
1526 2339 1652 2366 ἐντεῦθεν
1667 2340 1758 2375 ἑαυτῇ,
1772 2340 1859 2374 παρὰ·

1066 2387 1162 2422 κλησιν
1182 2387 1409 2422 περιποιουμένη.
1430 2387 1485 2421 Οὐχ
1499 2386 1586 2417 οὕτως
1599 2384 1655 2419 οὖν,
1674 2386 1754 2421 φησὶ,
1778 2393 1858 2412 τουτ-

1067 2433 1141 2459 έστιν
1154 2433 1184 2459 οὐ
1198 2433 1311 2460 δυνατὸν
1324 2431 1395 2459 εἶναι
1411 2434 1443 2459 ὲκ
1454 2433 1508 2459 τῶν
1526 2432 1715 2466 ψευδωνύμων
1733 2431 1804 2458 θεῶν
1823 2433 1859 2467 τῇ

1066 2478 1140 2513 ψυχῇ
1158 2478 1343 2514 παράκλησιν.

1105 2535 1113 2550 ι
1128 2525 1184 2551 Οὐκ
1196 2526 1224 2551 ἐν
1237 2525 1419 2561 διορύγμασιν
1437 2523 1518 2560 εὗρον
1529 2526 1642 2558 αὺτοὺζ,
1652 2525 1710 2552 ἀλλ’
1722 2524 1769 2551 ἐπὶ
1783 2524 1860 2560 πάσῃ

1067 2571 1138 2606 δρυΐ.
1157 2581 1166 2597 ι
1190 2571 1258 2598 Οὐδὲ
1273 2571 1371 2606 λάθρα,
1384 2572 1479 2607 φησὶν¹
1501 2572 1558 2598 ἀλλ’
1579 2571 1622 2606 ἐφ’
1639 2571 1754 2607 ὑψηλοῦ,
1780 2579 1861 2597 τουτ-

1067 2617 1152 2648 έστιν,
1172 2616 1299 2652 φανερῶς
1314 2618 1528 2652 ἁμαρτάνουσιν.

1107 2673 1116 2689 ί
1132 2664 1188 2690 Καὶ
1206 2662 1297 2697 εἶπας,
1319 2664 1420 2695 ’Λοῶός
1443 2665 1512 2698 εἰμι.
1532 2673 1542 2689 )
1555 2663 1620 2689 Δέον
1637 2661 1860 2697 ἐξᾶμοῖογεῖσθαι

1067 2710 1117 2742 τὰς
1130 2710 1278 2746 ἁμαρτίας,
1294 2710 1342 2737 καὶ
1354 2711 1544 2745 ἁναισχυντεῐς
1555 2709 1657 2740 ταύτας
1669 2708 1837 2744 ἀρνούμενος
1849 2716 1857 2740 ;

1106 2766 1115 2782 (
1127 2756 1192 2783 Ἰδοὺ
1211 2756 1265 2790 ἐγὼ
1275 2756 1403 2791 κρίνομαι
1414 2756 1481 2791 προς
1495 2756 1524 2782 σὲ
1541 2756 1569 2782 ἐν
1584 2755 1622 2789 τῷ
1639 2755 1729 2789 λέγειν
1746 2763 1786 2787 σε⁷
1803 2755 1860 2789 Οὐχ

1068 2806 1204 2841 ἥμαρτον.
1219 2815 1227 2830 ι
1249 2805 1279 2831 Εἰ
1291 2805 1325 2831 δι’
1341 2805 1421 2831 ἄλλου
1435 2805 1578 2839 προφήτου
1592 2804 1756 2838 προστάττει
1768 2802 1861 2835 λέγειν

1069 2853 1117 2884 τὰς
1136 2851 1285 2886 ἁμαρτίας,
1302 2850 1346 2876 τνα
1362 2850 1495 2885 δικαιωθῇ
1521 2858 1581 2883 τις,
1599 2850 1674 2884 λέγει
1700 2848 1782 2885 [λύει]
1804 2848 1861 2884 γάρ

1068 2907 1110 2930 τις
1124 2898 1167 2925 διὰ
1182 2898 1230 2933 τῆς
1247 2896 1472 2932 ὲξημολογὴσεως
1487 2896 1517 2923 τὸ
1533 2897 1668 2931 πταῖσμα,
1687 2895 1789 2928 ἄτοπος
1808 2895 1866 2922 πά.-
