2044 3144
152 189 206 221 633
720 198 953 232 FRAGMENTA

152 243 195 270 λιν
210 244 224 270 ὁ
239 243 339 277 λέγων·
362 244 466 278 Ἀθώός
479 247 557 280 εἰμι,
579 248 802 284 ἀποστραφήτω
817 252 911 278 αὑτοῦ
932 254 948 279 ό

152 291 248 326 θιψῡς
264 291 316 318 ἀπ’
330 292 420 327 ἐμοῦ·
434 293 533 328 ἐπάγει
547 295 600 330 γὰρ
614 296 656 328 τὸ,
666 296 731 323 Ἰδοὺ
746 297 803 333 ἐγὼ
819 299 949 334 κρίνομαι

151 337 220 373 πρὸς
243 338 283 370 σὲ,
300 339 330 365 ἐν
344 339 382 374 τῷ
397 340 488 374 λέγειν
512 349 551 372 σε,
562 342 618 377 Οὐχ
639 343 765 379 ἥμαρτον
781 353 787 360 ·
806 344 948 380 πανταχοῦ

150 385 193 411 δεῖ
215 386 263 412 τὸν
286 387 442 414 πταίσαντα
457 387 622 423 (θεραπεύειν
645 392 678 425 τῇ
702 391 898 428 ἐξομολογήσει
919 393 949 419 τὸ

153 433 212 468 ἁμά
216 442 320 468 ρτημα.

189 489 198 504 ι
215 479 278 506 Ὅτι
304 481 515 517 κατεφρόνησας
537 481 586 508 τοῦ
612 483 781 518 δευτερῶσαι
803 483 852 515 τὰς
871 484 947 517 ὁδούς

151 535 212 555 σου.
230 536 240 552 ι
262 526 358 559 Οὕτως
374 528 404 554 ὲν
419 530 624 564 καταφρονήσει
649 529 739 564 ἔσχες,
765 531 814 557 καὶ
837 531 948 565 ἀφόϐως

151 571 286 606 πράττεις
297 571 332 598 τὰ
348 572 431 606 κακὰ,
444 572 482 605 ὼς
495 573 544 600 καὶ
556 574 614 605 τοῖς
629 573 749 608 φθάσασι
762 574 844 610 ἕτερα
866 583 949 610 προσ-

148 618 265 644 τιθέναι.

189 673 203 688 ι
217 664 252 689 Αἱ
266 663 358 698 χεῖρές
374 672 421 690 σου
452 664 500 691 ἐπὶ
521 663 572 698 τῆς
592 665 715 701 κεφαλῆς
737 674 795 692 σου.
816 675 825 692 ι
849 667 946 702 Σχῆμα

148 709 230 736 τοῦτο
246 709 386 737 πενθικόν.

454 757 580 784 ΚΕΦᾹΛ.
601 756 639 784 Γ’.

187 811 198 828 ε
217 802 274 829 Καὶ
289 802 322 829 σὺ
338 803 539 838 ἑξεπόρνευσας
560 804 589 830 ἐν
612 803 724 838 ποιμέσι
744 804 860 838 πολλοῖς.
880 815 889 831 ι
910 807 946 832 ’Ἡ

147 847 408 883 ψευδοδιδασκαλοις
421 868 429 881 ,
446 848 461 883 ἢ
481 849 529 875 καὶ
544 849 600 881 τοῖς
621 849 790 882 ἀκαθάρτοις
806 851 944 886 δαίμοσιν,

149 893 260 929 [λέγει].

186 949 196 965 ο
216 940 273 976 Οὐχ
289 940 328 972 ὡς
344 937 419 967 οἶκόν
447 949 480 976 με
501 940 637 973 ἐκάλεσας
650 961 656 973 ,
669 936 671 938 ’
684 943 732 968 καὶ
752 942 872 978 πατέρα,
896 944 945 970 καὶ

146 987 299 1022 ἀρχηγόν.»
316 988 348 1014 Εἰ
361 988 409 1014 καὶ
427 987 471 1020 σὺ,
491 988 571 1023 φησὶ,
592 989 630 1023 μὴ
641 988 803 1015 ὲπεκαλέσω
820 998 863 1024 με,
880 990 945 1016 σκὲ-

149 1042 214 1068 πην,
232 1034 280 1060 καὶ
296 1033 415 1068 πατέρα,
432 1034 479 1060 καὶ
501 1034 623 1069 ἀρχηγὸν
642 1034 693 1070 τῆς
710 1034 862 1070 παρθενίας
883 1044 942 1068 σου,

145 1080 204 1106 ἀλλ’
220 1079 277 1113 ἐγὼ
301 1079 352 1105 οὐκ
367 1079 439 1105 ἐάσω
452 1079 592 1113 διαμεῖναι
613 1079 649 1106 τὰ
663 1079 774 1116 κακὰ,ῆ
797 1080 891 1115 χάριτί
912 1089 942 1108 σε

145 1124 254 1156 σώζων,
269 1124 286 1159 ἢ
307 1124 521 1159 σωφρονισμοῖς.

182 1180 193 1196 ι
204 1171 261 1196 Καὶ
274 1167 341 1197 εἶπα
354 1170 422 1205 μετὰ
435 1170 465 1196 τὸ
478 1171 629 1205 πορνεῦσαι
642 1171 727 1208 αὐτὴν
740 1173 829 1200 ταῦτα
840 1173 940 1206 πάντα,

143 1217 218 1252 Πρός
233 1225 267 1252 με
283 1217 452 1252 ἀνάστρεφον
465 1225 471 1232 ·
482 1218 530 1243 καὶ
542 1218 593 1244 οὐκ
605 1219 767 1254 ἀνέστρεψε.
785 1231 794 1245 ι
815 1220 942 1247 Ἀσύνοε-

143 1264 189 1290 τόν
213 1272 283 1299 φησι
296 1264 346 1298 τὴν
360 1264 429 1298 πρὸς
445 1264 547 1299 ἑαυτὴν
568 1265 724 1300 ἀνώμαλον,
743 1267 790 1293 καὶ
802 1267 940 1302 ἀσύμφω-

144 1320 201 1342 νον,
220 1311 263 1337 ὅτι
283 1312 338 1342 τοῖς
357 1311 460 1346 χείλεσι
477 1313 587 1347 τιμῶσα
610 1314 656 1339 τὸν
679 1314 756 1347 Θεὸν,
778 1316 812 1349 τῇ
837 1315 939 1350 καρδίᾳ

142 1357 275 1392 ἐψεύδετο
291 1379 303 1389 ,
346 1358 391 1384 καὶ
406 1358 456 1393 τὴν
474 1358 595 1386 λύσασαν
610 1360 659 1391 τὰς
680 1361 748 1395 πρὸς
764 1360 830 1387 θεὸν
843 1360 942 1396 συνθή-

141 1413 194 1436 κας
205 1425 213 1438 ,
227 1404 244 1440 ἢ
260 1404 309 1430 καὶ
321 1404 372 1439 τὴν
388 1405 515 1438 ἄστατον,
534 1406 582 1432 καὶ
597 1406 654 1437 τοῖς
675 1407 771 1438 αὐτοῖς
791 1407 828 1442 μή
849 1407 938 1442 ὲμμέ-

140 1461 254 1479 νουσαν.
276 1452 380 1478 Ἐλυσα
403 1451 437 1479 τὰ
462 1452 533 1488 πρὸς
559 1453 645 1488 αὐτὴν
669 1453 771 1486 δίκαια,
796 1454 938 1489 παραδοὺς

139 1500 201 1529 τοῖς
215 1498 409 1530 Βαὸυλωνίοις.

179 1554 188 1569 ι
210 1544 344 1579 Πορεύου,
373 1544 423 1571 καὶ
449 1543 588 1579 ἀνάγνωθι
614 1545 678 1576 τοὺς
700 1545 797 1579 λόγους
823 1546 937 1578 τούτους

140 1590 210 1625 πρὸς
235 1590 372 1626 Βορρᾶν.»
386 1591 436 1617 Διὰ
452 1591 484 1618 τὸ
501 1591 672 1626 κατεψύχθαι
692 1591 783 1618 αὐτῶν
799 1592 848 1624 τὰς
868 1602 937 1629 καρ-

139 1636 211 1669 δίας,
235 1637 284 1662 καὶ
315 1636 353 1672 μὴ
377 1636 451 1671 ἔχειν
474 1636 582 1672 θέρμην
611 1637 817 1674 πνευματικήν·
848 1639 862 1665 ὀ
882 1639 937 1674 γὰρ

140 1683 250 1718 Βορρᾶς
263 1683 368 1719 ψυχρὸς
381 1683 493 1718 ἄνεμος.

178 1740 188 1756 ι
211 1730 267 1756 Καὶ
279 1731 310 1756 οὐ
327 1730 364 1764 μὴ
382 1729 502 1765 στηρίξω
521 1729 670 1764 πρόσωπόν
689 1739 739 1766 μου
759 1730 802 1765 ἐφ’
816 1731 901 1767 ἡμᾶς.
924 1741 933 1756 ι

140 1777 198 1804 οὐκ
214 1777 355 1812 ἐπιμόνως
369 1777 507 1812 χρήσομαι
522 1778 555 1812 τῇ
572 1777 633 1803 γαο”
650 1778 730 1813 ἡμῶν
745 1779 825 1814 ὀργῇ.

179 1830 188 1846 ι
204 1821 261 1847 Καὶ
275 1820 398 1855 λήψομαι
422 1820 494 1855 ὑμᾶς
511 1821 559 1847 ἕνα
573 1822 605 1847 ἐκ
621 1821 727 1854 πόλεως
739 1843 746 1855 ,
771 1823 818 1849 καὶ
839 1822 886 1850 δύο
903 1824 936 1849 ἐκ

139 1867 271 1901 πατριᾶς.
282 1875 291 1892 ι
304 1866 351 1892 Ἐκ
368 1866 416 1892 δύο
434 1866 579 1899 σύγκειται
594 1868 608 1893 ὸ
619 1867 775 1903 ἄνθρωπος,
789 1870 821 1896 ἐκ
834 1870 934 1904 ψυχῆς,

139 1913 188 1938 καὶ
203 1911 332 1946 σώματος
343 1920 350 1927 ’
364 1912 432 1938 ὅταν
449 1910 496 1938 οὖν
514 1912 589 1948 σώζῃ
603 1913 634 1939 τὸ
650 1913 699 1949 τῆς
714 1913 804 1949 ψυχῆς
823 1915 933 1950 ἰδίωμα,

139 1958 187 1984 καὶ
208 1957 245 1992 μὴ
261 1957 417 1992 ὀλοτρὸπως
432 1957 528 1992 γέγονε
550 1957 637 1994 σὰρξ,
663 1960 677 1985 ὁ
698 1958 738 1990 είς
753 1960 801 1986 δύο
814 1961 932 1988 νοεῖται·

138 2004 203 2029 ὅταν
218 2003 248 2029 δὲ
262 2003 418 2038 ὁλοσχερῶς
442 2002 594 2034 ἀποκλίνας
617 2004 658 2034 εἰς
680 2004 715 2030 τὰ
738 2004 855 2039 πονηρὰ,
873 2004 934 2035 ὅλος

137 2050 252 2083 γένηται
270 2049 411 2084 σάρκινος,
436 2049 549 2081 δικαίως
573 2047 614 2081 εἷς
630 2049 758 2084 λέγεται,
784 2051 853 2085 Φησὶ
869 2050 933 2084 γοῦν

136 2097 180 2123 ὅτι
204 2096 260 2123 Καὶ
282 2095 346 2127 τοὺς
369 2095 524 2130 ὁλοτρὸπως
545 2096 777 2131 ἁμαρτήσαντας,
803 2097 851 2124 καὶ
869 2097 934 2128 τοὺς

139 2142 224 2176 μήπω
243 2141 325 2168 τοῦτο
339 2141 508 2172 πεπονθότας
526 2141 576 2168 διὰ.
587 2143 636 2177 τῆς
653 2143 767 2178 χάριτος
782 2144 822 2174 εἰς
842 2152 931 2178 σωτη-

140 2188 199 2222 ρίαν
214 2188 291 2214 καλῶ
301 2196 308 2204 ⁸
324 2188 341 2224 ἦ
355 2188 453 2221 οὓτως·
465 2187 515 2222 Εἷς
529 2191 561 2217 ἐκ
577 2190 682 2222 πόλεως
698 2190 812 2225 ἐκλήθη,
826 2191 839 2216 ὸ
856 2190 932 2216 Παῦ-

139 2234 182 2265 λος
199 2235 231 2261 ἐκ
249 2235 301 2269 τῆς
317 2235 462 2270 Βενιαμεὶν
477 2236 566 2271 φυλῆς
577 2257 583 2268 ,
599 2236 645 2262 δύο
657 2236 687 2262 δὲ
702 2237 734 2263 ἐκ
752 2237 887 2271 πατριᾶς,
907 2237 931 2263 οἱ

140 2281 210 2307 κατὰ
225 2280 362 2315 συζυγίαν
376 2281 525 2317 κληθέντες
539 2282 698 2309 ἀπόστολοι.

175 2378 185 2395 ‹
201 2370 258 2396 Καὶ
281 2368 382 2402 εἰσάξω
404 2369 477 2405 ὑμᾶς
500 2370 540 2400 εἰς
559 2369 639 2398 Σιών.
660 2379 670 2396 ›
693 2370 744 2403 Εὶς
770 2370 858 2403 Σιὼν,
880 2370 929 2406 τὴν

145 2415 322 2451 Ἐκκλησίαν.

175 2472 184 2487 ι
199 2462 286 2489 Δώσω
312 2461 378 2496 ὑμῖν
401 2462 547 2498 ποιμένας.
568 2471 577 2488 ι
597 2463 666 2494 Τοὺς
679 2462 733 2490 τῶν
756 2463 928 2498 Ἐκκλησιῶν

141 2508 204 2542 inoo
208 2508 319 2542 μένους.

172 2563 182 2580 ι
199 2554 358 2580 Καλέσουσι
371 2550 421 2589 τὴν
442 2554 642 2589 Ἰερουσαλὴμ.
668 2553 763 2589 θρόνον
782 2553 897 2589 Κυρίου.
916 2563 925 2580 ι

138 2599 184 2626 Διὰ
204 2601 236 2627 τὸ
259 2600 489 2628 ὲπαναπαύεσθαι
517 2601 546 2626 ὲν
567 2601 601 2635 τῇ
619 2600 772 2635 Ἐκκλησία
795 2600 825 2625 τὸ
849 2599 928 2633 ἆγιον

137 2645 268 2680 Πνεῦμα·
287 2646 438 2673 αἰνίττεται
462 2646 490 2673 δὲ
508 2647 536 2674 ἐν
558 2647 664 2678 τούτοις
672 2647 729 2678 τοῖς
747 2647 840 2681 ῥητοῖς
853 2667 860 2679 ,
881 2647 927 2672 καὶ

137 2690 183 2726 τὴν
198 2692 255 2718 ἂνω
274 2692 469 2728 Ἰερουσαλήμ.
707 2688 713 2694 ’

174 2745 183 2763 ι
203 2737 285 2770 Τάξω
302 2746 332 2764 σε
346 2739 386 2770 εἰς
400 2738 495 2765 τέκνα.
516 2747 526 2764 ι
543 2738 579 2764 Ἢ
595 2737 634 2773 τῷ
650 2738 778 2773 προφήτῃ
799 2737 849 2772 τὴν
869 2737 927 2763 υἱο-

137 2782 228 2810 Βεσίαν
244 2784 414 2818 ἐπήγγελται
429 2784 490 2820 [ἄλ.
507 2783 733 2819 ἀπαγγέ).λεται],
750 2783 766 2819 ἢ
783 2784 829 2810 καὶ
845 2784 927 2810 παντὶ

137 2828 174 2864 τῷ
192 2829 344 2864 σωζομένῳ
357 2830 425 2866 λαῷ.
440 2847 446 2852 -

174 2886 183 2903 ι
202 2878 261 2904 Υἱοὶ
274 2878 467 2914 ἐπιστράφητε
486 2877 712 2914 ἐπιστρέφοντες.
730 2887 740 2904 ι
760 2878 793 2904 Οἳ
812 2877 925 2914 μέλλετε

139 2923 204 2959 πρὸς
218 2924 399 2960 ἐπιστροφήν.
522 2938 525 2941 ·
750 2925 753 2929 ’
906 2947 914 2961 ι

970 201 1010 231 ΙΝ
1029 201 1238 230 JEREMIAM.
1745 202 1797 237 634

963 258 986 285 Α
1001 259 1095 281 contra
1120 253 1210 281 dicit:
1232 252 1283 280 Sed
1308 252 1432 279 innocens
1460 260 1529 279 sunt.
1559 251 1697 279 At-ermlur
1722 253 1796 289 furor

1001 302 1058 334 ejus
1080 308 1095 326 α
1121 307 1176 331 mc;
1200 306 1263 325 nam
1288 298 1423 326 subinfert
1440 307 1446 325 :
1463 298 1532 325 Ecce
1555 306 1606 332 ego
1628 304 1716 325 tecum
1741 307 1794 327 una

998 345 1117 383 judicol',
1141 352 1174 372 eo
1194 343 1266 379 quod
1295 343 1397 371 dixeris
1416 352 1423 370 :
1442 343 1501 370 Non
1527 344 1647 378 peccavi.
1676 345 1795 372 Omnino

1000 390 1075 417 enim
1101 390 1180 418 decet
1201 395 1325 417 orantem
1351 389 1472 417 adhibita
1499 390 1671 417 confessione
1696 398 1794 419 curare

999 441 1154 471 peceatum.

1035 483 1068 510 V.
1091 484 1134 511 56.
1153 493 1162 509 ι
1185 483 1254 516 Quia
1279 483 1469 518 contempsisti
1491 483 1569 510 valde
1590 483 1713 511 iterando
1736 484 1794 512 vias

999 535 1070 558 tuas.
1089 540 1098 556 ι
1117 531 1156 558 lta
1179 530 1382 565 contempsisti,
1408 534 1434 556 et
1461 530 1584 565 deposito
1613 531 1710 558 timore
1735 532 1793 567 agis

999 577 1081 610 mala,
1095 581 1124 604 ut
1138 577 1274 612 prioribus
1289 576 1426 603 addideris
1443 576 1506 603 alia.

1034 665 1066 692 V.
1083 666 1128 692 57.
1147 674 1156 690 ι
1170 665 1266 692 Manus
1283 669 1336 692 tuae
1351 672 1433 699 super
1451 670 1534 700 caput
1553 658 1641 692 tuum:
1657 675 1666 691 ι
1683 666 1733 693 [lie
1750 671 1791 694 est

996 706 1148 748 lugentium
1164 715 1267 747 gestus.

1316 755 1391 783 CAP.
1414 755 1457 783 ill.

1032 801 1064 829 ν.
1084 803 1108 829 Ι.
1127 812 1136 828 ‹
1155 801 1188 829 Et
1200 806 1228 829 tu
1243 801 1374 829 fornicata
1389 807 1431 829 est
1448 802 1474 828 in
1489 801 1645 836 pastoribus
1660 802 1763 829 multis.
1778 812 1788 828 ι

996 847 1045 875 Vel
1069 847 1144 875 falsis
1164 847 1332 879 doctoribus,
1346 847 1389 882 vel
1406 847 1591 882 spurcissimis
1609 848 1789 881 dremonibus,

997 894 1098 931 [dicit.]

958 928 980 957 Β
1031 943 1105 970 ν.4.
1125 952 1134 968 ‹
1153 942 1213 970 Non
1248 947 1376 977 tanquam
1408 942 1520 968 domum
1548 949 1592 968 me
1617 942 1733 975 vocasti,
1763 946 1791 969 et

997 993 1112 1023 patrem,
1131 992 1157 1015 et
1177 988 1286 1015 ducem.
1304 997 1313 1013 ι
1343 988 1376 1014 Et
1400 987 1421 1014 si
1449 992 1476 1014 tu
1504 995 1547 1014 me
1571 987 1739 1022 prtesidium,
1763 991 1790 1014 ct

994 1038 1111 1068 patrem,
1133 1034 1285 1068 ducemque
1309 1028 1470 1068 virginitatis
1497 1038 1547 1060 tua“.
1568 1041 1622 1060 non
1644 1033 1787 1069 invocasti,

994 1087 1044 1116 ego
1058 1085 1148 1107 tamen
1162 1084 1192 1107 ut
1208 1080 1277 1107 mala
1294 1079 1398 1107 diutius
1412 1084 1540 1107 maneant
1554 1087 1609 1106 non
1620 1080 1788 1114 permittam,

993 1131 1020 1154 et
1039 1126 1081 1154 vel
1096 1127 1190 1161 gratia,
1204 1126 1246 1153 vel
1261 1126 1486 1161 castigationibus
1498 1126 1613 1153 salutem
1627 1125 1708 1153 dabo.

1027 1172 1059 1200 ν.
1077 1172 1104 1198 7.
1130 1181 1139 1196 ‹
1159 1173 1193 1199 Ει
1214 1172 1281 1205 dixi,
1306 1177 1451 1207 postquam
1477 1172 1610 1199 fornicata
1635 1176 1706 1205 erat,
1730 1171 1789 1199 lucc

992 1218 1084 1246 omnia
1103 1228 1108 1245 :
1129 1218 1170 1245 Ad
1196 1226 1239 1245 me
1263 1223 1418 1251 revertere;
1437 1222 1465 1246 et
1487 1226 1544 1245 non
1569 1222 1610 1245 est
1634 1225 1752 1245 reversa.
1775 1227 1785 1243 ι

991 1263 1204 1299 lneompositam
1235 1264 1283 1296 ait,
1309 1264 1360 1292 sibi
1387 1264 1438 1299 ipsi
1464 1271 1520 1291 non
1550 1256 1733 1293 constantem.
1761 1267 1788 1289 et

989 1311 1158 1342 instabilem,
1176 1310 1250 1345 quod
1263 1310 1343 1337 labiis
1358 1309 1443 1337 Deum
1459 1310 1599 1337 lmnorans
1616 1310 1697 1337 corde
1713 1317 1788 1336 men-

991 1357 1127 1390 tiebatur;
1151 1357 1196 1384 vel
1217 1365 1278 1392 quae
1300 1356 1409 1384 divinas
1429 1356 1573 1391 pactiones
1589 1356 1729 1385 violasset,
1747 1355 1787 1382 vel

990 1411 1099 1439 semper
1123 1403 1251 1431 mobilem
1273 1406 1301 1430 et
1325 1402 1352 1429 in
1378 1402 1473 1430 iisdem
1500 1403 1556 1429 nOn
1585 1401 1786 1436 persistentem.

991 1450 1065 1477 Solvi
1090 1450 1163 1485 quod
1188 1449 1256 1477 mihi
1274 1456 1336 1476 cum
1364 1448 1409 1475 illa
1427 1448 1473 1484 jus
1495 1448 1683 1475 intercedebat
1701 1446 1786 1482 Baby-

990 1497 1071 1524 loniis
1087 1496 1208 1524 tradens.

1025 1542 1060 1570 ν.
1075 1543 1118 1570 12.
1132 1553 1141 1569 ι
1159 1542 1242 1576 Vade,
1252 1547 1279 1570 et
1291 1542 1350 1578 lege
1361 1548 1501 1570 sermones
1516 1540 1582 1568 istos
1597 1545 1691 1568 contra
1702 1540 1786 1575 Aqui-

989 1589 1093 1618 lonem.
1112 1599 1121 1616 ›
1147 1588 1189 1617 Ob
1211 1589 1370 1624 refrigerata
1393 1595 1488 1615 eorum
1509 1587 1602 1619 corda,
1624 1587 1786 1621 nullumque

989 1634 1121 1662 habentia
1135 1634 1305 1669 spiritualem
1322 1634 1441 1661 calorem
1459 1641 1465 1659 :
1481 1632 1581 1667 Aquilo
1597 1632 1671 1659 enim
1681 1632 1787 1666 gelidus

986 1685 1029 1709 est
1043 1685 1152 1708 ventus.

1026 1736 1035 1752 ι
1057 1726 1089 1753 Et
1105 1733 1159 1753 non
1176 1724 1289 1752 ﬁrmato
1304 1723 1401 1751 faciem
1418 1731 1506 1751 meam
1521 1731 1604 1758 super
1619 1731 1676 1750 vos.
1695 1733 1704 1749 ι
1723 1722 1783 1750 Νοιι

986 1776 1195 1807 perseveranter
1211 1771 1250 1798 ira
1266 1778 1326 1805 qme
1345 1770 1413 1797 mihi
1429 1775 1483 1802 est,
1499 1775 1595 1797 contra
1609 1777 1658 1796 vos
1672 1763 1742 1797 utar.

1022 1818 1055 1845 ν.
1075 1819 1118 1846 14.
1138 1827 1147 1843 ι
1166 1817 1200 1844 Et
1222 1825 1359 1845 assumam
1381 1825 1430 1844 vos
1444 1822 1472 1844 et
1489 1824 1571 1844 unum
1587 1817 1619 1843 de
1634 1816 1743 1843 civitate
1757 1820 1784 1844 et

986 1867 1055 1894 duas
1071 1866 1105 1893 de
1125 1865 1300 1901 cognatione.
1319 1875 1328 1891 ι
1352 1864 1390 1891 Ex
1412 1864 1520 1892 duobus
1542 1866 1623 1892 homo
1638 1863 1781 1896 conﬂatur,

985 1920 1019 1940 ex
1039 1913 1129 1940 anima
1152 1912 1266 1944 scilicet,
1282 1915 1310 1939 et
1329 1918 1465 1945 corpore:
1484 1910 1595 1945 quando
1609 1910 1692 1945 igitur
1709 1910 1783 1944 quod

985 1964 1025 1987 est
1040 1959 1124 1985 animi
1139 1958 1279 1993 proprium
1294 1961 1395 1989 servat,
1419 1964 1471 1983 nec
1491 1956 1564 1983 omni
1582 1963 1613 1982 ex
1628 1960 1705 1990 parte
1719 1962 1782 1982 caro

985 2005 1085 2036 evadit,
1101 2012 1172 2031 unus
1185 2011 1235 2038 pro
1249 2003 1357 2030 duobus
1373 2002 1507 2035 habetur;
1522 2002 1632 2036 quando
1646 2006 1735 2028 autem
1753 2001 1780 2028 in

984 2051 1131 2085 reprobum
1150 2057 1264 2076 sensum
1300 2049 1458 2076 omnimodo
1485 2055 1513 2075 se
1534 2048 1649 2080 dederit,
1666 2051 1693 2075 et
1708 2052 1781 2075 totus

983 2104 1101 2123 earneus
1129 2096 1216 2123 factus
1235 2095 1329 2129 fuerit,
1351 2095 1414 2130 jure
1428 2102 1500 2122 unus
1511 2094 1621 2126 dicitur.
1637 2094 1680 2121 Ait
1695 2101 1778 2129 ergo:

983 2143 1017 2170 Et
1042 2142 1107 2169 illos
1119 2142 1164 2177 qui
1190 2141 1342 2169 secundum
1372 2149 1468 2168 omnes
1495 2146 1587 2176 partes
1610 2139 1779 2175 pratvarieati

983 2193 1056 2221 sunt,
1071 2193 1098 2215 et
1115 2196 1163 2215 eos
1177 2188 1223 2223 qui
1242 2188 1365 2215 nondum
1381 2187 1448 2214 tales
1462 2191 1536 2218 sunt.
1551 2187 1585 2215 ad
1601 2187 1714 2214 salutem
1731 2195 1781 2222 per

983 2235 1096 2270 gratiam
1107 2241 1185 2262 voco.
1197 2233 1245 2261 Vel
1257 2234 1296 2261 sic
1310 2242 1316 2260 :
1335 2231 1411 2261 Unus
1427 2241 1458 2260 ex
1473 2234 1583 2261 civitate
1598 2231 1711 2261 vocatus
1725 2238 1778 2266 est,

949 2291 971 2318 ι’)
984 2281 1085 2309 Paulus
1096 2290 1129 2309 ex
1141 2282 1212 2309 trith
1225 2281 1366 2316 Beujamin
1377 2281 1449 2314 ;duo
1461 2285 1551 2308 autem
1563 2281 1596 2307 de
1604 2280 1777 2315 cognatione,

982 2329 1027 2364 qui
1044 2329 1077 2356 ad
1095 2329 1277 2364 apostolatum
1294 2327 1352 2355 bini
1365 2327 1456 2355 vocati
1472 2330 1538 2354 sunt
1553 2325 1679 2360 apostoli.

1019 2383 1028 2400 ‹
1042 2374 1075 2402 ΕΙ,
1088 2374 1266 2402 introducam
1277 2381 1326 2401 vos
1336 2374 1364 2401 in
1374 2372 1450 2401 Sion.
1472 2382 1481 2399 ι
1497 2372 1531 2399 In
1544 2371 1617 2404 Sion,
1639 2371 1666 2397 in
1681 2370 1776 2397 Eccle-

981 2420 1059 2453 siam_
1088 2435 1092 2438 -

1019 2465 1049 2493 ν.
1064 2467 1107 2494 15.
1126 2475 1135 2492 ι
1147 2466 1222 2494 Dabo
1229 2465 1307 2494 vobis
1321 2469 1453 2501 pastores,
1474 2474 1483 2492 ι
1501 2464 1687 2493 Ecclesiarum
1705 2470 1775 2499 pra:-

980 2512 1076 2540 rectos.

1015 2557 1048 2584 V.
1066 2557 1109 2584 l7.
1127 2567 1137 2582 ‹
1153 2556 1292 2584 Vocabunt
1314 2556 1485 2584 Hierusalem
1516 2556 1615 2583 solium
1631 2555 1749 2588 Domini.
1763 2564 1773 2581 ›

979 2604 1018 2631 Eo
1030 2603 1102 2638 quod
1115 2602 1231 2639 Spiritus
1246 2607 1357 2631 sanctus
1376 2603 1403 2630 in
1417 2603 1539 2630 Ecclesia
1560 2602 1718 2638 requiescit.
1746 2602 1775 2629 in

979 2649 1022 2677 bis
1041 2653 1132 2677 autem
1147 2649 1225 2677 dictis
1239 2654 1266 2677 et
1285 2649 1454 2684 superiorem
1468 2649 1620 2677 Jerusalcm
1634 2649 1713 2676 nobis
1733 2648 1776 2675 in-

978 2695 1079 2722 sinuat.

1013 2741 1046 2768 ν.
1063 2741 1105 2768 19.
1124 2750 1134 2766 ί
1150 2740 1252 2768 Ponam
1267 2744 1293 2768 te
1307 2740 1335 2767 in
1353 2740 1432 2768 ﬁlios.
1454 2750 1463 2768 ι
1485 2741 1534 2768 Vel
1561 2740 1701 2775 prophetae
1727 2740 1773 2774 jus

979 2785 1095 2813 ﬁliorum
1126 2785 1251 2821 promisit
1279 2785 1324 2813 vel
1356 2791 1455 2814 cuncto
1484 2786 1586 2822 populo
1611 2785 1657 2821 qui
1679 2785 1772 2813 salvus

978 2831 1016 2859 ﬁt.

1013 2877 1046 2904 V.
1058 2877 1103 2905 22.
1121 2887 1130 2903 (
1148 2876 1337 2911 Revertimini,
1358 2878 1409 2906 ﬁlii
1423 2881 1618 2907 revertentes.»
1637 2877 1689 2910 Qui
1700 2875 1770 2904 tardi

978 2923 1044 2951 estis
1056 2924 1090 2952 ad
1099 2923 1317 2953 conversionem.

952 1610 972 1638 C
