2044 3144
253 207 308 240 635

291 266 323 293 ν.
337 265 383 292 23.
399 265 483 292 «Vere
494 264 522 292 iu
533 263 707 292 mendacium
719 250 918 292 emntcalles.»
931 264 1045 292 ()racula
1061 267 1083 295 Α

255 320 314 348 qua:
329 311 463 339 dabantur
478 311 506 338 in
527 311 670 339 montibus
687 320 693 338 :
712 311 755 339 vel
771 311 856 339 moles
885 311 1048 346 iniquitatis.

291 359 323 386 Υ.
336 359 380 387 24.
400 359 492 386 «Oves
506 367 612 386 eorum.
631 369 640 385 ι
660 358 737 392 Oves,
751 359 796 387 illa
817 360 890 388 circa
913 367 973 395 qua:
996 358 1050 385 im-

255 413 340 441 penso
354 406 446 433 animo
466 405 632 433 ferebantur.

291 452 322 479 ν.
338 452 382 480 25.
401 463 409 478 ι
425 453 608 481 Dormivimus
617 453 644 480 in
656 452 818 480 confusione
837 457 941 480 nostra.
958 453 1051 480 »θοι-ο

255 499 407 532 mitionem,
422 499 542 534 quietem
560 503 648 527 vocat.
665 500 804 533 Putantes,
826 500 924 535 inquit,
942 500 968 528 in
995 502 1051 530 iui-

255 545 367 579 quitatis
395 545 524 580 operibus
546 546 708 580 quiescere,
735 546 897 574 confusione
921 547 1053 583 impleba-

257 600 329 620 mur.

583 637 660 664 CAP.
675 636 721 665 IV.

293 683 325 711 V.
341 684 366 711 l.
385 693 394 709 ι
414 683 442 711 Si
461 691 516 711 non
542 691 691 711 conversus
706 683 788 713 fuerit
812 684 905 714 Israel.
924 696 933 713 ι
951 688 980 716 Si
997 697 1058 717 non-

257 728 387 762 pteuiteat
400 732 457 755 toto
474 728 565 756 cordis
579 728 689 756 affectu.

293 772 325 800 V.
344 773 371 800 9..
391 783 400 798 ι
418 772 450 799 Et
465 773 607 808 juraverit.
629 782 638 799 ι
658 773 716 800 Non
735 774 828 809 jurare
848 777 981 812 praecipit,
1006 778 1054 806 sed

257 818 279 844 si
298 818 359 852 quis
373 818 485 845 omnino
501 818 584 853 jurat,
599 827 652 846 non
663 827 712 854 per
724 820 794 847 idola
808 821 956 856 jurandum
984 824 1053 851 vult.

257 863 339 891 Addit
359 868 460 896 autem.
482 863 709 898 VivitDOIninus,
740 866 931 902 jurejurando,
957 874 987 896 ut
1012 871 1055 905 ju-

258 912 349 935 rantes
375 908 488 944 gloriam
510 917 564 936 una
600 910 755 945 gratiasque
781 911 907 940 oderant.
935 928 972 934 —-
994 914 1054 941 Non

258 955 331 982 enim
346 955 455 990 injuste,
472 959 519 982 aut
534 959 636 984 temere
665 965 764 984 nomen
791 957 839 985 Dei
865 963 907 986 est
931 967 1055 994 pronun-
1071 949 1092 977 Β

256 1001 391 1028 tiandum.
410 1000 485 1028 Bona
498 1001 573 1029 enim
596 1003 781 1036 conversatio,
804 1003 921 1032 aliorum
946 1013 1055 1042 quoque

258 1047 352 1073 salutis
365 1054 445 1074 causa
462 1047 502 1074 ﬁt.

294 1090 326 1119 ν.
342 1091 369 1119 4.
393 1100 402 1117 (
419 1091 653 1120 Cirrumcidimini
683 1090 740 1121 Deo
762 1099 864 1122 vestro.
886 1105 895 1122 ι
928 1096 1055 1124 Pravita-

257 1141 313 1164 tem
334 1138 421 1171 enim,
434 1146 488 1165 non
506 1146 618 1166 carnem
632 1139 689 1167 vult
705 1139 877 1168 circumcidi.

295 1182 325 1209 ν.
344 1182 370 1210 5.
390 1193 399 1209 ι
418 1184 583 1212 Annuntiatc
600 1185 628 1212 in
640 1184 728 1212 Juda.‘
741 1195 750 1212 ι
769 1185 961 1221 Evangelieam
985 1195 1057 1223 prae-

258 1227 422 1255 dicationem
438 1229 611 1260 vaticinatur.

297 1283 306 1299 ι
324 1274 552 1309 Etingrediamur
572 1275 599 1302 in
618 1275 742 1304 civitates
751 1282 882 1304 muratas.
905 1287 914 1304 ι
933 1278 974 1306 Ad
1003 1278 1057 1306 Ec-

259 1320 356 1347 clesias
377 1320 508 1348 adversus
526 1329 594 1356 quas
625 1326 710 1357 portae
726 1322 806 1350 inferi
834 1331 888 1351 non
923 1325 1056 1360 praevale-

260 1366 339 1393 bunt.

296 1411 329 1439 V.
343 1412 369 1440 6.
402 1422 411 1438 ι
430 1412 562 1448 Fugitein
581 1413 658 1447 Sion,
680 1423 688 1440 ι
715 1414 744 1441 In
777 1415 939 1443 catholicam
963 1416 1058 1444 Ecde-

260 1457 328 1484 si.un
343 1467 349 1482 :
366 1462 471 1485 cuuan
488 1458 563 1486 enim
574 1467 628 1486 una
642 1464 706 1486 sunt
720 1460 840 1488 Ecclesia
858 1470 865 1488 ι
883 1461 923 1489 vel
942 1462 970 1489 in
984 1462 1058 1497 piam

262 1504 369 1531 vivendi
388 1504 532 1531 rationem.

298 1549 328 1576 V.
352 1550 379 1576 7.
400 1559 409 1575 ι
428 1550 559 1578 Ascendit
587 1551 631 1578 leo
652 1551 686 1578 de
710 1552 793 1580 cubili
805 1561 865 1582 suo.
889 1564 898 1581 ι
930 1554 1057 1590 Tropiee,

260 1595 370 1624 diaboli.
387 1596 542 1623 Adventum
557 1597 684 1624 denotat:
701 1598 853 1627 secundum
873 1608 939 1627 vero
968 1599 1057 1628 histo-

261 1642 339 1673 riam,
356 1641 505 1676 Babylonii.
713 1638 730 1647 '

298 1686 329 1713 V.
347 1687 373 1714 9.
396 1696 405 1712 ι
423 1687 584 1716 Sacerdotes
599 1688 803 1724 obstupesccnt.
820 1699 829 1716 ι
844 1690 872 1717 In
890 1698 944 1718 non
961 1698 1058 1727 exspeo

260 1732 342 1759 ctatis
356 1733 498 1760 aerumnis.

298 1787 308 1804 ι
326 1777 360 1805 Et
379 1777 517 1813 prophetae
531 1778 711 1807 mirabuntur.
729 1790 739 1806 ι
754 1780 1013 1817 Ρεοιιιίορτορὶιοιίε.

1070 1620 1092 1650 C

294 1876 328 1904 V.
347 1878 389 1906 ll.
416 1888 425 1904 ι
441 1878 558 1913 Spiritus
585 1880 687 1907 erroris
711 1881 739 1908 in
768 1881 886 1909 deserto.
907 1892 917 1908 ι
944 1883 1058 1919 Babylo-

259 1925 378 1956 niorum.
400 1925 444 1952 vel
464 1925 650 1953 Romanorum
666 1927 778 1961 impetu,
795 1928 837 1956 vel
855 1933 976 1956 extrema
989 1938 1058 1957 con-

260 1971 451 2004 summatione,
467 1972 512 2007 qui
538 1972 613 2007 prius
640 1974 768 2001 errabant
793 1974 890 2008 Judmi,
912 1976 1058 2011 caeterique

261 2015 395 2050 homines,
414 2018 523 2053 propria
539 2018 708 2047 dcsolatione
721 2020 840 2055 priorem
851 2027 1000 2057 agnoscent
1015 2030 1059 2050 er-

263 2069 367 2088 rorem.

299 2107 329 2133 V.
344 2107 387 2134 12.
402 2117 411 2133 ι
427 2106 545 2143 Spiritus
560 2109 718 2144 repletionis
743 2110 832 2138 veniet
851 2111 928 2139 mihi.
949 2121 958 2137 ι
981 2112 1060 2140 Post-

262 2159 346 2185 quam
359 2152 482 2180 desertos
497 2153 605 2181 animos
617 2155 719 2182 erroris
739 2155 851 2190 spiritus
866 2157 994 2185 aberrare
1020 2158 1061 2185 fe-

264 2200 348 2230 cerat,
372 2197 505 2232 Spiritum
530 2203 654 2226 sanctum
675 2191 797 2228 tribuere
821 2201 977 2236 pollicetur,
993 2210 1060 2230 con-

263 2247 374 2270 vertens
386 2243 501 2277 animos,
522 2245 569 2279 qui
579 2245 665 2280 ipsius
676 2244 810 2274 Ecclesias
821 2247 947 2282 implent.

303 2298 313 2316 ι
327 2288 475 2325 Quousque
501 2293 628 2319 exstant?
648 2302 658 2319 ι
689 2293 798 2321 Etenim
815 2295 862 2329 qui
892 2295 919 2321 in
937 2294 1060 2323 futilibus
1077 2297 1099 2325 D

264 2339 383 2364 mentem
395 2341 539 2373 occupant,
553 2338 687 2372 laborant,
700 2343 730 2366 ut
742 2340 815 2375 quod
832 2345 958 2375 quaerunt
983 2349 1060 2370 asse-

264 2387 394 2418 quantur.
488 2418 492 2420 μ

298 2428 330 2455 ν.
349 2428 390 2455 15.
411 2437 420 2454 ι
441 2429 499 2457 Vox
514 2431 586 2458 enim
603 2431 792 2460 annuntiantis
813 2440 829 2459 a
845 2433 902 2460 Dan
920 2433 1027 2461 veniet.
1048 2442 1058 2460 ι

263 2473 405 2501 Excidium
424 2475 615 2503 annuntiantis
639 2484 670 2504 ex
699 2477 756 2504 Dan
778 2484 864 2512 usque
890 2477 1025 2506 Bersabee
1045 2486 1061 2505 a

263 2517 428 2553 Babyloniis,
448 2520 491 2547 vel
505 2520 644 2549 Romanis.
661 2521 710 2549 Est
723 2530 788 2550 vero
803 2522 860 2550 Dan
878 2523 949 2550 ultra
964 2522 1062 2551 Jorda-

264 2572 338 2597 nem,
355 2572 434 2593 mons
447 2571 539 2593 autem
552 2567 673 2601 Ephrem
688 2567 820 2596 Samaria.
836 2569 971 2597 Asserunt
987 2577 1059 2597 non-

264 2609 333 2637 nulli
348 2616 383 2638 ex
393 2610 468 2638 tribu
478 2611 537 2638 Dan
550 2612 738 2640 adversarium
751 2618 911 2642 venturum.

302 2701 334 2730 V.
350 2703 396 2730 20.
411 2713 419 2728 ι
439 2702 537 2731 Scissre
561 2707 626 2731 sunt
639 2703 725 2739 pelles
739 2712 816 2737 meae,
830 2705 928 2733 amicta
943 2710 1008 2733 sunt
1022 2710 1063 2734 ta-

264 2749 412 2778 bernacula
423 2757 494 2777 mea.
510 2759 520 2776 ›
539 2749 774 2786 Tropicequidem
795 2751 927 2785 animam,
938 2757 966 2779 et
977 2752 1063 2780 facul-

265 2800 335 2824 tates
342 2796 464 2831 ejusdem
472 2796 507 2824 ad
521 2796 612 2824 varios
625 2804 691 2824 usus
712 2798 941 2831 accommodatas,
960 2798 1064 2826 intelliv

266 2842 321 2877 git;
347 2842 510 2870 scinduntur
542 2847 635 2872 autem
669 2842 799 2871 interiora
833 2845 975 2880 propheta:
1008 2852 1065 2880 pra:

266 2887 511 2915 commiseratione.

304 2941 315 2959 ι
328 2932 463 2962 Aillietum
487 2939 529 2964 cst
546 2936 766 2971 tabernaculum,
785 2946 792 2962 ι
809 2937 850 2965 vel
861 2937 1005 2973 templum,
1018 2937 1063 2964 vel

803 205 1062 250 OLYMHODORI
1078 206 1343 238 ALEXANDRINI'

1838 208 1891 241 636

1135 275 1144 291 ι
1165 266 1269 297 Ὄντως
1290 267 1330 298 εις
1346 264 1444 300 ψεῦδος
1457 273 1528 300 ησαν
1542 265 1568 291 οἱ
1586 264 1689 299 βουνοί.
1711 273 1721 291 ι
1741 263 1775 291 Al
1790 263 1820 291 ἐν
1835 266 1893 298 τοῖς

1100 312 1176 348 ὄρεσι
1194 313 1332 348 μαντεῖαι,
1350 312 1366 348 ῆ
1380 312 1427 339 καὶ
1443 311 1457 337 ὁ
1471 309 1554 346 ὕγκός
1565 311 1615 345 τῆς
1630 311 1783 346 ἁμαρτίας.

1139 368 1148 384 ι
1168 359 1208 385 Τὰ
1241 358 1368 393 πρόϐατα
1390 357 1490 385 αὐτῶν.
1513 366 1522 382 ι
1546 356 1694 391 Πρόϐαταέ
1713 356 1806 383 ἐκεῖνα
1828 355 1892 392 περὶ

1101 404 1119 431 ἃ
1133 403 1297 436 ὲνδιαθέτως
1315 401 1399 440 εἶχον.

1140 461 1150 477 ι
1175 451 1382 486 Ἐκοιμήοημεν
1395 451 1424 478 ἐν
1437 452 1470 487 τῇ
1489 450 1605 486 αἰσχύνῃ
1620 449 1710 486 ἡμῶν.
1727 459 1737 476 ι
1756 449 1893 485 Κοίμησιν

1101 496 1152 531 τὴν
1162 496 1315 523 ἀνάπαυσιν
1326 496 1410 530 λέγει·
1423 496 1573 527 Δοκοῦντες
1581 496 1638 529 οὗν,
1650 495 1744 531 φησὶν,
1752 495 1894 523 ἀναπαύε-

1103 541 1168 569 σθαι
1181 541 1228 568 ἐπὶ
1243 542 1302 573 τοῖς
1318 542 1368 578 τῆς
1383 542 1522 579 ἁμαρτίας
1536 541 1647 578 ἔργοις,
1662 541 1794 577 αἰσχύνης
1810 541 1895 577 ἐπλη-

1104 588 1225 624 ρούμεοα
1234 609 1245 617 .

1410 635 1538 662 ΚΕΦΛΛ.
1558 635 1596 662 Δ’.

1142 688 1152 705 ‹
1175 679 1238 707 Ἐὰν
1262 679 1301 716 μὴ
1324 680 1481 716 ἐπιστραφῇ
1500 679 1620 714 Ἰσραήλ.
1641 687 1651 705 ι
1673 677 1737 705 Ἐὰν
1757 677 1806 705 ἐπὶ
1829 677 1895 714 ὅλης

1104 725 1221 761 καρδίας
1239 725 1277 761 μὴ
1298 727 1468 762 μετανοήσῃ.

1142 781 1151 798 ι
1169 773 1224 799 Καὶ
1244 772 1342 808 ὀμόσῃ.
1361 782 1370 799 ι
1389 773 1446 800 Οὐκ
1463 771 1580 808 ὀμνύναι
1596 771 1760 806 προστάττει
1771 793 1781 804 ,
1795 770 1855 798 ἀλλ’
1870 771 1895 797 εί

1104 819 1159 854 ἄρα
1173 827 1215 851 τις
1236 818 1343 854 ὀμνύει,
1367 818 1495 853 βούλεται
1509 818 1615 845 ἑαυτῶν
1633 817 1670 853 μὴ
1685 817 1719 845 τὰ
1732 817 1828 844 εἴδωλα
1847 818 1896 852 δρ-

1105 872 1156 891 κιαι
1171 863 1319 891 ποιεῖσθαι.
1335 863 1435 890 Πλέκει
1449 863 1478 891 δὲ
1492 863 1533 894 τὸ,
1559 864 1596 898 Ζῇ
1620 862 1739 898 Κύριος,
1755 862 1794 897 τῷ
1808 863 1895 897 ὅρκῳ,

1106 911 1149 937 ἵνα
1168 909 1317 945 ὀμνύοντες
1337 909 1424 945 ὁμοῦ,
1443 909 1490 936 καὶ
1507 908 1691 943 δοξολογῦισι,
1713 908 1760 935 καὶ
1785 908 1898 944 εὐχαρι-

1105 955 1292 983 στῶσιν.τ-Οὑ
1307 955 1360 991 γὰρ
1375 955 1487 988 ἀδίκως,
1507 955 1524 991 ἦ
1538 954 1671 990 ἀκρίτως,
1690 954 1731 981 δεῖ
1746 954 1898 989 προφέρειν

1103 1001 1153 1028 τοῦ
1169 1001 1237 1028 Θεοῦ
1262 1001 1293 1028 τὸ
1318 1001 1416 1036 ὃνομα.
1437 1001 1541 1037 Ἥιγὰρ
1565 1000 1636 1036 καλὴ
1656 1000 1827 1036 ἁναστροςὴ.
1850 1000 1898 1027 καὶ

1105 1048 1211 1084 ἑτέροις
1228 1048 1334 1082 γίνεται
1349 1047 1425 1074 αἰτία
1443 1048 1592 1082 σωτηρίας.

1146 1104 1155 1120 ι
1173 1093 1367 1130 Περιτμήοητε
1377 1093 1415 1128 τῷ
1427 1093 1487 1128 Θεῷ
1503 1093 1590 1127 ὑμῶν.
1611 1102 1620 1118 ι
1638 1093 1696 1127 Τὴν
1711 1092 1768 1127 γὰρ
1785 1092 1898 1125 κακίαν,

1106 1140 1137 1167 οὺ
1148 1139 1197 1174 τὴν
1213 1139 1302 1175 σάρκα
1319 1139 1446 1174 βούλεται
1462 1138 1692 1175 περιτέμνεσθαι.

1146 1195 1156 1212 ι
1175 1186 1372 1220 ’Λναγγεελατε
1388 1186 1417 1213 ἐν
1432 1185 1471 1222 τῷ
1489 1185 1586 1221 Ἰούδᾳ.
1598 1185 1635 1212 Τὸ
1652 1185 1830 1220 εὐαγγελικὺν
1846 1185 1898 1220 κή-

1109 1239 1204 1266 ρυγμα
1219 1230 1412 1266 προθεσπίζει.

1147 1286 1156 1302 ι
1175 1276 1350 1312 Εἰσὲλθωμεν
1365 1278 1405 1309 εἰς
1419 1277 1469 1308 τὰς
1485 1276 1578 1308 πόλεις
1591 1276 1642 1308 τὰς
1655 1276 1806 1312 τειχήρεις.
1823 1285 1833 1302 ι
1852 1276 1900 1307 Εἰς

1107 1323 1158 1355 τὰς
1181 1323 1359 1359 Ἐκκλησίας,
1375 1319 1413 1350 ὧν
1427 1323 1456 1350 αί
1469 1323 1554 1351 πύλαι
1567 1323 1616 1350 τοῦ
1639 1323 1703 1359 ᾅδου
1717 1323 1748 1350 οὺ
1767 1321 1901 1357 κατισχύ-

1109 1377 1216 1396 σουσιν,

1147 1424 1157 1441 ι
1173 1415 1291 1448 Φεύγετε
1306 1415 1347 1447 εἰς
1363 1414 1446 1441 Σιών,
1464 1423 1474 1440 ›
1493 1414 1611 1448 Φεύγετε
1631 1414 1671 1446 εἰς
1687 1413 1772 1445 Σιὼν,
1792 1414 1833 1445 είς
1851 1413 1901 1448 τὴν

1108 1462 1257 1497 καθολικὴν
1278 1461 1442 1496 Ἐκκλησίαν
1453 1469 1461 1476 ·
1474 1461 1522 1488 καὶ
1536 1461 1590 1496 γὰρ
1605 1460 1691 1487 πᾶσαι
1702 1459 1902 1494 αίἘκκλησὶαι

1110 1508 1159 1544 μία
1169 1508 1362 1542 τυγχάνουσιν·
1380 1506 1397 1542 ἢ
1417 1506 1464 1534 καὶ
1478 1507 1518 1538 εἰς
1532 1506 1563 1533 τὸ
1575 1506 1687 1537 εὐσεϐὲς
1703 1505 1865 1541 πολίτευμα.

1147 1563 1156 1580 ι
1175 1553 1273 1589 ’Δνέὸη
1290 1553 1359 1580 λέων
1374 1553 1408 1579 ἐκ
1421 1553 1471 1588 τῆς
1486 1553 1608 1589 μάνδρας
1621 1552 1717 1580 αὑτοῦ.
1734 1562 1743 1578 ι
1758 1552 1902 1588 Τροπικῶς

1108 1601 1158 1637 τὴν
1169 1599 1324 1637 παρουσίαν
1336 1599 1384 1626 τοῦ
1398 1599 1525 1626 διαϐόλου
1538 1599 1670 1635 σημαίνει
1683 1607 1690 1616 ·
1702 1599 1765 1626 καθ’
1782 1599 1902 1635 ἱστορίαν

1106 1648 1147 1681 δὲ,
1164 1647 1211 1674 τοῦ
1226 1647 1414 1680 Βαϐυλωνίου.

1145 1703 1155 1720 ι
1173 1694 1204 1721 Ol
1229 1694 1312 1729 ῑερεῖς
1334 1693 1527 1728 ἐκστήσονται.
1545 1702 1555 1719 ι
1583 1693 1648 1720 Ἐπὶ
1677 1693 1739 1725 ταῖς
1758 1692 1903 1728 ἀδοκήτοις

1109 1749 1141 1767 συ
1146 1740 1276 1775 μφοραῖς.

1146 1795 1155 1812 ι
1178 1787 1232 1813 Καὶ
1249 1787 1274 1813 οἱ
1296 1785 1440 1822 προφῆται
1462 1785 1663 1822 Θαυμὰσονται.
1684 1795 1693 1813 ι
1711 1787 1742 1812 Οἱ
1757 1785 1905 1822 ψευδοπρου

1109 1831 1206 1867 φῆται.

1147 1887 1157 1903 ‹
1174 1877 1287 1912 Πνεῦμα
1311 1877 1475 1913 πλανήσεως
1501 1878 1531 1904 ἐν
1555 1878 1589 1913 τῇ
1619 1877 1728 1913 ἐρήμῳ.
1749 1885 1758 1902 I
1785 1876 1831 1911 Τῷ
1854 1876 1905 1911 τῆς

1109 1924 1207 1958 ἐφόδου
1233 1923 1288 1950 τῶν
1309 1923 1492 1950 Βαϐυλωνίων
1509 1943 1515 1955 ,
1540 1923 1557 1958 ἢ
1578 1922 1735 1958 Ῥωμαίων,
1758 1923 1774 1957 ἢ
1795 1923 1834 1956 τῷ
1855 1923 1905 1958 τῆς

1110 1969 1275 2002 συντελείας,
1292 1971 1316 1996 οἱ
1329 1970 1465 2005 πρότερον
1478 1969 1697 2005 πεπλανημένοι,
1710 1970 1764 1996 εἴτε
1773 1969 1904 2001 Ἰουδαῖοι,

1109 2017 1165 2043 εἶτε
1179 2017 1205 2043 οι
1216 2016 1308 2043 λοιποὶ
1323 2016 1474 2051 ἄνθρωποι,
1490 2015 1535 2042 διὰ
1547 2015 1597 2049 τῆς
1611 2016 1718 2047 οῐκείας
1734 2015 1906 2050 ἐρημώσεως

1109 2061 1263 2096 γνώσονται
1275 2061 1327 2096 τὴν
1342 2060 1482 2096 προτέραν
1500 2060 1617 2096 πλάνην.

1149 2117 1158 2134 ι
1175 2107 1288 2143 Πνεῦμα
1315 2106 1486 2143 πληρώσεως
1516 2106 1578 2142 ἥξει
1603 2114 1689 2141 μοι.»
1717 2105 1829 2142 Ἐπειδὴ
1857 2105 1906 2137 τὰς

1110 2154 1233 2190 ἐρήμους
1249 2153 1341 2189 ψυχὰς
1360 2153 1473 2188 πνεῦμα
1489 2153 1654 2188 πλανήσεως
1680 2153 1846 2187 ἐπλάνησεν,
1856 2153 1908 2179 ὐπ-

1112 2202 1245 2236 ισχνεῖτοιι
1261 2199 1359 2226 δώσειν
1383 2199 1500 2234 Πνεῦμα
1516 2199 1594 2232 ἅγιον
1613 2199 1781 2234 ἐπιστρέφον
1792 2198 1841 2230 τὰς
1854 2198 1909 2233 ψυο

1111 2244 1161 2280 χὰς
1175 2243 1334 2279 πληρούσας
1348 2244 1432 2271 αὐτοῦ
1446 2244 1496 2276 τὰς
1518 2244 1699 2280 Ἐκκλησίας.

1149 2299 1159 2317 ‹
1179 2291 1252 2322 Ἕως
1268 2290 1334 2317 πότε
1353 2290 1548 2326 ὑπάρχουσιν;
1568 2300 1577 2316 ι
1601 2291 1657 2317 Καὶ
1675 2290 1730 2325 γὰρ
1753 2290 1778 2316 οἱ
1795 2289 1830 2316 τὰ
1854 2289 1906 2324 μά-

1112 2345 1177 2363 ταια
1186 2335 1403 2372 διαλογιζόμενοι
1414 2335 1543 2363 πονοῦσιν
1557 2336 1603 2363 ἐπὶ
1614 2335 1646 2362 τδ
1659 2336 1751 2371 εὑρεῖν
1765 2334 1797 2362 τὸ
1811 2333 1909 2367 ζητού-

1115 2390 1197 2418 μενον
1204 2402 1211 2409 .

1152 2428 1247 2463 (Διότι
1263 2428 1339 2464 φωνὴ
1353 2427 1550 2460 ἀναϐαίνοντος
1565 2428 1598 2455 ἐκ
1614 2429 1668 2456 Δὰν
1683 2428 1744 2465 ἥξει
1758 2438 1814 2464 μοι.
1828 2439 1838 2455 ι
1854 2429 1909 2457 Τοῦ

1113 2475 1163 2511 τὴν
1185 2475 1287 2502 ἅλωσιν
1307 2474 1527 2509 ἐπαγγέλλοντος
1551 2474 1721 2510 γενήσεσθαι
1735 2476 1768 2502 ἐκ
1783 2476 1846 2508 Δὰν,
1861 2477 1910 2504 καὶ

1114 2521 1168 2553 ἕως
1186 2520 1341 2556 Βηρσαὸεὲ,
1357 2521 1411 2547 ὑπὸ
1423 2521 1617 2554 Βαϐυλωνίων,
1633 2521 1649 2557 ἢ
1669 2520 1910 2557 Ῥωμαίων.Ἐστι

1115 2567 1145 2594 δὲ
1164 2567 1181 2602 ὴ
1197 2567 1246 2602 μὲν
1261 2567 1316 2593 Δὰν
1331 2567 1419 2603 πέραν
1433 2567 1482 2594 τοῦ
1503 2567 1648 2603 Ἰορδάνου,
1664 2567 1727 2603 ὅρος
1738 2568 1766 2594 δὲ
1788 2568 1911 2604 Ἐφραὶμ

1116 2613 1133 2648 ή
1147 2612 1301 2647 Σαμάρεια.
1323 2612 1393 2638 Φασὶ
1414 2610 1444 2637 δέ
1466 2619 1551 2645 τινες,
1575 2612 1625 2638 καὶ
1638 2612 1671 2638 ἐκ
1685 2611 1736 2647 τῆς
1751 2611 1838 2647 φυλῆς
1856 2612 1911 2639 Adv

1115 2658 1192 2694 ἥξειν
1204 2657 1249 2685 τὸν
1264 2657 1465 2693 ἀντικείμενον.

1157 2713 1166 2730 ι
1183 2703 1394 2739 Διεσπάσοησαν
1422 2703 1452 2731 αἱ
1468 2703 1577 2739 δέρῤεις
1593 2712 1644 2740 μου
1657 2723 1664 2736 ,
1681 2704 1911 2740 ἐταλαιπώρησαν

1117 2751 1145 2778 αἱ
1157 2750 1255 2784 σκηναί
1270 2758 1334 2784 μου.
1351 2759 1361 2776 ι
1380 2749 1529 2785 Τροπικῶς
1557 2749 1608 2785 μὲν
1624 2750 1674 2786 τὴν
1689 2750 1779 2786 ψυχὴν
1800 2750 1909 2786 [λέγει],

1118 2795 1166 2823 καὶ
1181 2796 1232 2827 τὰς
1243 2794 1406 2826 ἀναδοτικὰς
1421 2795 1471 2830 τῆς
1487 2794 1578 2830 ψυχῆς
1606 2795 1756 2831 δυνάμεις
1772 2795 1911 2831 ταράσσε-

1118 2850 1163 2869 ται
1173 2841 1202 2869 δὲ
1213 2841 1261 2868 καὶ
1271 2841 1305 2868 τὰ
1316 2841 1460 2876 σπλάγχνα
1472 2841 1525 2868 ὑπὸ
1539 2841 1715 2877 συμπαθείας
1724 2842 1739 2868 ὁ
1753 2841 1909 2877 προφήτης.

1158 2945 1166 2961 ι
1180 2931 1430 2969 Τεταλαιπώρηκεν
1447 2933 1586 2969 ἡσκηνὴ,›
1603 2933 1619 2969 ἢ
1634 2941 1649 2961 ο
1664 2934 1736 2969 ναὸς,
1749 2934 1765 2970 ἦ
1780 2934 1828 2962 καὶ
1843 2933 1910 2970 πρὸς
