2044 3144
229 166 284 199 643

773 160 1036 192 OLYMPIODORI
1054 160 1319 191 ALEXANDRINI

1820 161 1875 193 644

230 229 316 259 prope
325 222 399 251 enim
412 225 515 249 stantes
527 226 619 256 opere,
636 218 731 254 procul
753 226 818 246 vero
851 217 1023 245 sermonibus

1081 226 1135 250 τας,
1159 217 1250 252 ἔργοις
1264 239 1271 250 ,
1289 218 1352 250 τοὺς
1384 217 1413 244 δὲ
1437 217 1574 254 μακρόθεν
1597 218 1685 252 λόγοις
1721 208 1873 254 βάλλουσιν.

251 274 336 298 etunt.

251 278 336 298 enim.

230 278 248 306 Ρ
267 314 355 343 ν.2ΰ.
376 323 385 340 1
403 313 490 341 Nolite
505 312 582 340 exire
613 312 640 340 in
656 318 760 347 agrum.
777 320 787 337 1
821 311 924 339 Praeter
937 310 1025 338 histo—

232 361 313 393 riam,
325 367 421 396 agrum
432 358 555 394 intellige
574 365 618 385 res
629 357 793 384 mundanas.

271 417 280 434 1
299 407 335 435 Et
353 408 381 434 in
398 406 452 435 viis
462 413 496 434 ne
511 405 668 433 ambuletis.
689 414 698 430 1
717 404 849 432 Multiviis
861 404 1024 439 iniquitatis:

231 462 286 482 una
305 453 380 481 enim
395 457 438 480 est
451 452 495 480 via
510 452 570 487 ipse
584 451 726 479 Dominus.

272 510 282 525 1
295 499 430 533 Quoniam
441 498 545 534 gladius
554 497 727 525 inimicorum
736 496 834 524 accolit
845 496 871 523 in
881 495 1006 533 circuitu.
1015 505 1024 521 1

232 546 346 574 Letliale
363 549 525 581 peccatum;
552 543 580 571 in
604 543 722 571 circuitu
745 543 820 570 enim
840 543 917 578 impii
931 543 1028 570 obam-

233 592 339 619 bulant.

269 638 358 666 v.23.
377 645 386 662 1
402 635 450 663 [Es
478 639 506 662 et
519 634 632 662 ferrum.
652 644 662 661 1
698 634 747 662 A715
773 638 801 663 et
839 633 942 661 ferrum
967 641 1028 669 quae

240 686 313 713 inter
325 690 420 711 senon
443 681 665 714 commiscentur,
695 681 856 709 cliaritatem
888 688 943 708 non
979 681 1028 707 lia-

234 731 341 758 bentes.

269 775 357 803 V.29.
376 785 386 802 1
415 775 520 804 Deiecit
546 773 727 803 sulllatorium
755 773 788 800 ab
805 773 875 808 igne.
896 781 906 798 1
932 771 1029 800 Sermo

237 821 411 858 magistralis,
427 823 471 850 vel
486 822 638 857 disciplinae
651 820 798 855 ﬂagellum.

273 878 284 893 1
306 867 410 896 Deiecit
423 869 576 903 plumbum.
593 877 602 894 1
619 867 739 902 Argento
763 866 913 894 immistum
936 865 1026 901 plum-

239 915 305 942 bum
323 914 404 942 fteccs
413 915 473 950 ejus
483 918 627 950 expurgat.
644 913 697 941 hoc
722 912 804 948 igitur
824 912 873 944 ait,
897 912 970 948 quod
993 912 1028 940 ad

235 963 289 990 hoc
302 966 333 989 ut
355 967 581 998 expurgarentur,
592 961 683 989 omnis
693 959 834 988 adhibitus
848 965 890 988 est
918 960 1026 993 modus,

235 1015 287 1036 nec
300 1008 441 1044 expurgati
465 1012 540 1036 sunt.

533 1053 649 1082 CAPUT
675 1054 733 1082 ΥΠ.

268 1099 301 1128 γ.
313 1100 411 1128 Audite
422 1101 536 1128 verbum
552 1100 670 1132 Domini.
688 1101 778 1128 omnis
786 1099 866 1128 Iuda.
883 1109 892 1126 1
905 1099 977 1128 Post-
986 1100 1028 1127 hi—

234 1147 347 1175 storiam
362 1147 568 1182 intelligendum
577 1151 620 1174 est
635 1146 755 1174 Judaeam
768 1154 829 1174 esse
845 1154 956 1174 omnem
968 1146 1028 1173 ani-

235 1201 320 1226 mam,
351 1201 411 1229 quae
445 1194 478 1221 ad
515 1194 647 1228 pietatem
664 1193 779 1228 propius
791 1192 904 1220 accedat
920 1201 928 1220 :
946 1192 1030 1220 Judas

236 1240 312 1268 enim
329 1240 455 1274 conﬁtens
467 1239 674 1274 interpretatur.

271 1285 364 1313 v.9.1
386 1286 418 1312 Et
448 1285 598 1317 adolebatis
619 1285 671 1319 ipsi
706 1283 780 1312 Daal.
799 1293 808 1310 ι
842 1284 1031 1319 Quodcunque

236 1333 337 1360 idolum
351 1331 414 1359 Baal
426 1331 570 1359 vocabant.
584 1331 647 1361 Baal
661 1335 751 1358 autent
765 1331 969 1366 interpretatur,
985 1339 1032 1357 sn-

235 1380 341 1416 periora
359 1378 443 1411 mala,
456 1382 539 1414 caput
549 1377 623 1405 enim
639 1377 793 1412 iniquitatis
818 1377 950 1405 idolorum
978 1377 1033 1404 cul-

237 1432 293 1454 tus.

272 1471 305 1500 V.
319 1472 362 1499 ll.
375 1481 384 1497 1
395 1471 523 1506 Nunquid
534 1471 632 1499 domus
643 1478 704 1498 mea
715 1471 844 1506 spelunca
857 1470 1012 1498 latronum?
1020 1481 1029 1496 1

237 1519 371 1554 Spelunca
391 1523 433 1546 est
458 1518 516 1546 sine
531 1517 647 1548 foribus.
669 1517 799 1544 omnibus
816 1517 843 1543 in
870 1524 929 1544 eam
943 1516 1034 1544 aditus

1115 313 1125 330 1
1141 304 1187 340 Μὴ
1199 304 1384 341 ἐκπορεύεσθε
1402 305 1444 337 εις
1468 305 1564 341 ἀγρόν.
1580 315 1589 332 1
1613 306 1686 342 Πρὸς
1700 307 1734 343 τῇ
1755 307 1873 344 ίττορίᾳ,

1078 351 1164 386 ἀγρὸν
1178 351 1234 377 νόει
1245 352 1279 378 τὰ
1296 351 1418 386 κοσμικὰ
1435 352 1600 388 πράγματα,

1116 405 1126 422 1
1145 396 1201 422 Kal
1215 396 1244 422 ὲν
1262 396 1322 427 ταῖς
1349 395 1418 428 ὁδοῖς
1442 396 1479 432 μὴ
1498 396 1631 429 βαδίζετε.
1649 405 1659 422 1
1682 397 1750 428 Ταῖς
1765 398 1814 433 τῆς
1829 407 1876 425 καη

1078 441 1142 473 κίας
1159 441 1316 473 πολυοδίαις
1327 450 1333 458 -
1347 442 1398 477 μία
1409 442 1462 477 γάρ
1479 443 1552 469 ἐστιν
1563 443 1632 475 ὁδὸς,
1645 443 1727 474 αὐτὸς
1738 443 1874 480 δΚὺριος.

1119 497 1129 513 1
1145 487 1210 514 ’Ότι
1226 487 1351 523 ῥομφαία
1369 488 1424 514 τῶν
1445 488 1552 524 ἐχθρῶν
1566 490 1696 524 παροικεῖ
1712 490 1870 517 κυκλόθεν.»

1084 533 1118 560 Ἦ
1135 533 1324 570 θανατηφόρος
1349 534 1493 570 ἁμαρτία,
1521 535 1616 570 κύκλῳ
1643 535 1698 571 γὰρ
1723 536 1749 562 οἱ
1765 537 1874 568 ἀσεϐεῖς

1079 587 1114 605 πε
1118 585 1234 614 ρεπατου
1239 587 1292 605 σιν.

1118 635 1128 652 1
1149 626 1258 659 Χαλκδς
1272 626 1321 653 καὶ
1338 626 1458 662 σίδηρος.
1473 636 1484 653 1
1501 626 1609 659 Χαλκδς
1637 627 1686 654 καὶ
1703 627 1813 664 σίδηρος
1829 628 1875 655 ἁλ-

1079 673 1173 709 λήλοις
1187 673 1311 708 ἀμιγεῖς,
1326 673 1439 708 ἀγάπην
1456 673 1494 709 μὴ
1509 673 1628 710 ἔχοντες.

1119 776 1129 792 ‹
1139 765 1265 799 Ἐξὲλιπε
1279 766 1409 802 φυσητὴρ
1428 765 1482 793 ἀπὸ
1498 767 1596 802 πυρός.
1617 776 1626 792 1
1649 765 1736 801 Λόγος
1747 767 1875 795 διδασκα-

1079 813 1156 845 λικὸς
1173 813 1190 848 ἢ
1206 814 1253 840 καὶ
1267 813 1365 849 μάστιξ
1381 813 1554 849 παιδευτική.

1119 869 1129 886 1
1154 859 1277 892 Ἐξὲλιπε
1294 859 1430 895 μόλιϐδος.
1450 869 1459 886 1
1476 859 1523 896 Τῷ
1537 859 1663 896 ἀργυρίῳ
1681 861 1848 896 μιγνύμενος
1861 860 1876 886 ὁ

1044 895 1064 924 Β
1083 905 1209 941 μόλιϐδος
1222 905 1353 942 καθαίρει
1370 905 1454 933 αὑτοῦ
1473 906 1524 942 τὴν
1538 895 1654 933 κακίανέ
1668 906 1749 934 τοῦτο
1763 904 1810 933 οὖν
1824 916 1877 942 φη-

1080 960 1135 984 σιν,
1150 952 1191 979 ὅτι
1217 952 1273 984 πᾶς
1294 952 1395 988 τρόπος
1416 952 1584 988 καθαρτικδς
1605 953 1743 989 ὲπηνὲκθη
1772 953 1874 985 αὐτοῖς,

1079 999 1128 1027 xal
1143 1000 1193 1026 οὐκ
1207 999 1412 1036 ἐκαθάρθησαν.

1406 1045 1485 1072 κεφ.
1505 1044 1542 1072 τ’.
1715 1075 1720 1081 ς

1119 1100 1128 1116 1
1161 1090 1311 1118 ’Λκούσατε
1346 1090 1427 1126 λόγον
1454 1091 1568 1126 Κυρίου.
1596 1091 1674 1118 πᾶσα
1706 1089 1834 1118 Ἰουδαία.
1861 1099 1871 1115 1

1081 1137 1159 1164 Μετὰ
1175 1139 1226 1173 τῂν
1241 1137 1363 1173 ἱστορίαν
1381 1137 1518 1173 προσήκει
1532 1138 1613 1169 νοεῖν,
1629 1137 1667 1169 ὡς
1688 1136 1804 1164 Ἰουδαία
1816 1136 1876 1163 ἐστὶ

1082 1184 1157 1210 πᾶσα
1170 1183 1244 1220 ψυχὴ
1273 1183 1422 1218 ὲγγίζουσα
1443 1185 1477 1220 τῇ
1507 1183 1657 1219 θεοσεϐείᾳ.
1692 1183 1794 1215 Ἰούδας
1821 1183 1876 1218 γὰρ

1082 1229 1363 1265 ἐξομολογούμενος
1378 1229 1572 1266 ἑρμηνεύεται.

1121 1285 1131 1302 1
1150 1275 1206 1302 Kal
1232 1276 1349 1310 θυμιᾶτε
1374 1277 1408 1311 τῇ
1436 1275 1521 1302 Βάαλ.
1545 1284 1555 1301 ›
1582 1275 1656 1302 Βάαλ
1680 1275 1796 1302 ἐκάλουν
1819 1275 1876 1301 πᾶν

1082 1322 1202 1349 εἴδωλον.
1218 1322 1291 1349 Βάαλ
1305 1322 1334 1349 δὲ
1345 1322 1512 1357 ἐρμηνεύετε
1524 1321 1561 1348 τὰ
1577 1322 1710 1356 ἀνώτερα
1721 1321 1807 1348 κακά.
1821 1322 1875 1348 Κε-

1083 1369 1156 1404 φαλὴ
1175 1368 1204 1395 δὲ
1220 1369 1272 1403 τῆς
1286 1368 1454 1404 ἀμαρτίαςή
1471 1367 1692 1403 εἱδωλθλατρεία.

1122 1465 1133 1482 1
1152 1456 1199 1492 Μὴ
1215 1456 1348 1491 σπήλαιον
1365 1455 1484 1491 λῃστῶν,
1499 1456 1512 1482 ό
1525 1454 1601 1488 οἶκός
1627 1465 1698 1493 μου;
1717 1465 1727 1483 1
1746 1457 1783 1484 Τδ
1807 1457 1877 1493 σπή-

1085 1503 1161 1529 λαιον
1178 1502 1333 1538 ἀθύρωτον,
1354 1503 1402 1529 καὶ
1433 1503 1517 1530 παντὶ
1543 1503 1726 1538 προκείμενον
1755 1503 1796 1536 είς
1826 1504 1877 1539 τὴν

236 1546 322 1600 patet.
334 1563 471 1597 Quwritur
482 1570 546 1598 ergo
557 1562 590 1589 de
603 1562 679 1598 ipsis,
699 1561 771 1597 quod
785 1561 859 1589 nulla
876 1562 1031 1589 reverentia

1083 1549 1198 1577 εῐσοδον.
1215 1549 1362 1584 Μέμφεται
1379 1546 1426 1576 οὖν
1438 1549 1541 1583 αὐτοῖς,
1555 1549 1596 1582 ὡς
1609 1549 1765 1586 ἀδιαφόρως
1778 1550 1877 1578 εἰσιοῦ-

237 1611 265 1638 in
286 1614 380 1638 sancta
392 1609 611 1644 ingrederentur.

275 1656 306 1683 ν.
323 1655 366 1683 l5.
385 1664 394 1680 1
414 1654 502 1682 Omne
513 1661 607 1681 semen
629 1652 771 1688 Epitraim.
789 1661 798 1678 1
833 1651 916 1688 Regia
943 1652 1031 1681 tribus

239 1701 386 1731 duodecim
397 1701 518 1728 tribuum
540 1699 679 1734 princeps.

277 1757 287 1774 1
302 1746 363 1774 Filii
376 1753 471 1773 eorum
501 1744 642 1780 colligunt.
657 1753 666 1770 1
686 1744 843 1772 Secundum
859 1745 941 1777 ,vires
969 1752 1032 1779 pro-

239 1793 312 1829 prias
324 1792 495 1826 delinquunt.

277 1848 287 1865 1
304 1838 483 1876 succendunt
497 1838 598 1874 ignem.
612 1846 621 1863 1
636 1836 724 1864 Variis
736 1836 764 1863 in
785 1836 852 1864 locis
881 1835 1033 1871 Scriptum

240 1893 324 1914 sacra:
349 1874 425 1921 lignis
457 1889 600 1919 peccatum
629 1882 793 1919 appellatur,
830 1883 933 1910 ideirco
964 1883 1034 1919 ignis

239 1932 334 1960 aeterni
354 1939 433 1958 causa
447 1930 476 1958 lit
488 1930 676 1966 peccantibus.

277 1988 287 2005 1
305 1977 340 2006 Ut
350 1977 452 2005 faciant
462 1977 610 2005 chavonas.
627 1986 637 2003 1
662 1976 808 2013 Peregrina
840 1976 972 2004 sacriﬁcia
1000 1976 1035 2004 li-

239 2026 316 2054 bant.
334 2025 479 2052 Chavonas
494 2031 561 2052 vero
575 2027 655 2052 vocat
669 2023 844 2051 condimenta
862 2023 996 2058 quaedam.

275 2072 307 2099 V.
325 2072 371 2100 21.
391 2080 401 2098 ι
421 2071 452 2098 Ει
464 2070 600 2098 comedite
609 2077 716 2098 carnes.
733 2078 743 2096 1
759 2068 826 2102 Vos,
853 2071 901 2102 ait,
914 2070 972 2098 bare
987 2077 1034 2101 co-

239 2119 359 2151 medite;
374 2118 475 2145 etenim
490 2124 541 2153 ego
555 2115 752 2145 sacriﬁciorum
765 2123 820 2143 non
831 2123 909 2151 egeo.

275 2163 310 2191 ν.
323 2163 369 2190 25.
390 2171 400 2188 1
417 2161 466 2189 Die
477 2163 505 2189 et
519 2161 648 2189 diluculo.
678 2170 688 2188 1
711 2160 870 2189 ludefessas
885 2161 1036 2197 propheta-

241 2217 302 2237 rum
316 2207 524 2236 adhortationes
531 2207 676 2243 signiﬁcat.

1085 1603 1127 1622 σιν
1147 1596 1187 1627 εἰς
1200 1595 1234 1622 τὰ
1250 1595 1328 1628 ἅγια.

1124 1650 1134 1667 1
1163 1641 1221 1668 Πᾶν
1237 1641 1267 1668 τὺ
1289 1641 1403 1677 σπέρμα
1424 1641 1556 1678 Ἑφραῖμ.
1578 1651 1587 1668 1
1611 1641 1646 1669 Ἦ
1662 1641 1790 1678 βασιλικὴ
1805 1641 1876 1677 φυλὴ

1084 1689 1207 1723 ἄρχουσα.
1223 1687 1278 1714 τῶν
1292 1687 1397 1714 δώδεκα
1407 1687 1512 1722 φυλῶν.

1124 1744 1134 1759 1
1155 1734 1187 1760 0t
1208 1733 1262 1760 υἱοὶ
1281 1733 1371 1761 αὐτῶν
1389 1734 1548 1770 συλλέγουσι
1565 1734 1642 1767 ξύλα.
1664 1744 1674 1760 1
1693 1734 1773 1762 Κατὰ
1796 1734 1876 1762 δύνα-

1086 1790 1133 1816 μιν
1147 1780 1361 1816 ἁμαρτάνουσιν.
1386 1807 1388 1809 ,

1124 1834 1134 1850 1
1153 1825 1269 1852 Καίουσι
1288 1824 1356 1861 πῦρ.
1376 1834 1386 1852 1
1406 1826 1466 1860 Πῦρ
1490 1826 1507 1861 ἡ
1521 1826 1646 1861 ἁμαρτία
1673 1826 1808 1862 πολλαχοῦ
1827 1827 1878 1862 τῆς

1086 1871 1198 1907 Γραφῆς
1210 1871 1380 1907 ὠνόμασται.
1403 1873 1453 1899 Διὰ
1471 1873 1553 1900 τοῦτο
1573 1873 1661 1909 πυρὸς
1674 1873 1783 1901 αιωνιου
1802 1874 1878 1902 αῑτία

1084 1918 1141 1950 τοῖς
1156 1917 1343 1953 ἁμαρτάνουσι
1357 1917 1473 1951 γίνεται.

1124 1971 1134 1989 1
1153 1963 1208 1990 Τοῦ
1224 1963 1339 1998 ποιῆσαι
1364 1963 1500 1999 χαὸὦνας.
1523 1973 1533 1990 1
1551 1964 1638 1996 Ξένας
1661 1964 1773 1997 τελετὰς
1787 1965 1879 1992 ἐπιτε-

1085 2010 1175 2039 λοῦσι.
1189 2009 1322 2042 Χαϐὦνας
1340 2010 1369 2037 δέ
1382 2018 1449 2045 φησι
1463 2010 1599 2045 πέμματά
1612 2019 1683 2038 τινα.

1124 2066 1135 2083 1
1155 2057 1211 2084 Kal
1225 2057 1327 2092 φάγετε
1341 2057 1422 2092 κρέα.
1437 2066 1446 2083 1
1469 2057 1565 2093 Ὑμεῖς
1577 2057 1658 2092 αὐτὰ,
1673 2058 1751 2094 φησὶ,
1763 2059 1876 2094 φάγετε·

1087 2103 1144 2139 ἐγὼ
1160 2103 1216 2139 γὰρ
1230 2102 1332 2130 θυσιῶν
1349 2103 1380 2129 οὐ
1391 2103 1496 2139 χρῄζω.
1789 2135 1795 2141 _

1125 2159 1135 2176 1
1166 2150 1291 2185 Ἡμέρας
1323 2149 1371 2177 καὶ
1395 2150 1506 2186 ὄρθρου.
1537 2159 1547 2176 1
1577 2151 1614 2178 Τὸ
1630 2150 1803 2179 ἀδιάλειπτον
1828 2153 1878 2188 τῆς

1087 2195 1263 2232 «pop-quiti];
1278 2195 1468 2232 παραινέσεως
1485 2196 1624 2232 σημαίνει.

276 2253 391 2281 V.28.1
407 2253 504 2281 Deﬁcit
515 2241 582 2281 ades
600 2261 635 2281 ex
651 2260 699 2281 ore
713 2260 819 2281 eorum.
840 2252 1031 2281 1lulidelilalis

1127 2251 1137 2268 1
1162 2241 1303 2281 Ἑξέλιττεν
1318 2243 1335 2278 ἡ
1354 2242 1445 2275 πίστις
1457 2243 1489 2270 ὲκ
1504 2243 1640 2278 στόματος
1656 2243 1757 2272 αὐτῶν.
1770 2253 1780 2271 1
1803 2245 1880 2272 Ἆπι-

242 2301 316 2337 ipsos
324 2304 444 2334 accusat,
457 2293 488 2328 let
503 2299 639 2328 falsitatis.
660 2309 670 2326 1

555 2345 632 2374 CAP.
648 2345 718 2373 Vill.

278 2393 311 2421 V.
328 2393 354 2421 1.
372 2402 382 2419 1
401 2393 433 2420 In
448 2396 574 2428 tempore
588 2392 634 2420 illo
647 2391 764 2420 etl‘erent
780 2398 853 2419 ossa.
869 2400 878 2417 1
892 2390 970 2418 Fecit
984 2391 1037 2419 hoc

243 2447 292 2468 rex
305 2440 368 2475 pius
382 2438 472 2467 Josias
488 2438 618 2468 crematis
627 2445 724 2466 eorum
736 2437 860 2472 reliquiis
872 2436 919 2472 qui
935 2437 962 2464 in
976 2437 1036 2465 ido-

243 2486 378 2513 lolatriam
389 2485 457 2521 lapsi
473 2485 594 2513 fuerant.

281 2529 312 2556 ν.
332 2529 358 2556 5.
377 2538 386 2555 1
405 2529 439 2556 Et
449 2529 604 2557 conﬁrmati
625 2532 690 2556 sunt
715 2527 744 2556 in
773 2527 909 2556 electione
943 2535 1004 2555 sua.
1024 2536 1034 2553 1

244 2574 350 2602 Liberae
364 2574 438 2601 enim
448 2574 598 2601 voluntatis
611 2579 654 2601 est
666 2573 760 2600 homo.

282 2619 315 2647 V.
328 2620 355 2648 6.
371 2629 381 2646 1
399 2619 461 2647 Non
473 2625 516 2648 est
530 2620 613 2647 homo
627 2619 674 2654 qui
690 2619 879 2653 paenitentiam
892 2622 982 2655 agam
997 2618 1038 2647 Ne

244 2666 356 2698 dicatis,
369 2665 429 2694 Non
439 2670 481 2693 est
491 2665 652 2701 paenitentia
666 2674 674 2693 :
688 2669 731 2693 est
741 2665 826 2693 enim.

284 2723 294 2739 1
310 2712 393 2746 Quasi
408 2720 495 2748 equus
512 2711 637 2741 defessus
648 2711 673 2739 in
686 2711 796 2739 hinnitu
807 2719 868 2739 suo.
885 2720 894 2736 1
909 2711 1038 2746 Equusin

245 2759 290 2787 via
308 2759 388 2795 longa
425 2759 511 2788 currit
532 2764 561 2787 et
593 2758 694 2791 hinnit.
724 2758 847 2786 laborem
865 2757 1036 2793 signiﬁcans;

247 2805 412 2841 tandemque
424 2806 517 2834 cursui
529 2806 627 2842 parcit,
639 2805 666 2834 hi
674 2812 742 2834 vero
755 2804 814 2833 sine
821 2803 875 2832 ulla
885 2804 1039 2833 cessatione

246 2852 318 2879 mala
331 2857 501 2888 perpetrant.

1088 2289 1166 2316 στίαν
1183 2280 1275 2315 αῗὺτῶν
1291 2290 1451 2324 κατηγορεῖ,
1467 2289 1484 2324 ἢ
1499 2289 1547 2316 καὶ
1558 2289 1746 2325 ψευδολογίαν.

1413 2333 1494 2362 ΚΕΦ.
1515 2335 1557 2363 ιιι.

1127 2389 1137 2406 1
1158 2381 1203 2407 Ἐν
1213 2379 1251 2415 τῷ
1264 2379 1354 2416 καιρῷ
1364 2380 1462 2416 ἐκείνῳ
1473 2381 1620 2414 ἀνοίξουσι.
1636 2391 1646 2408 1
1664 2381 1792 2418 Ἐποίησε
1801 2382 1880 2410 τοῦτο

1093 2426 1200 2458 Ἰωσίας
1219 2427 1234 2453 ὁ
1248 2426 1364 2461 εὐσεϐὴς
1382 2425 1518 2461 βασιλεὺς,
1541 2427 1720 2460 κατακαύσας
1737 2428 1792 2455 τῶν
1805 2429 1881 2455 εἰδω-

1087 2471 1313 2509 λολατρησάντων
1329 2473 1364 2498 τὰ
1376 2472 1500 2507 λείψανα.

1127 2527 1136 2544 1
1155 2518 1210 2545 Kal
1221 2517 1468 2554 κατεκρατήθησαν
1484 2519 1514 2545 ὲν
1528 2519 1562 2554 τῇ
1575 2519 1734 2554 προαιρέσει
1749 2519 1851 2547 αὐτῶν.
1867 2528 1878 2545 1

1087 2563 1265 2596 Αὺτεξούσιος
1280 2564 1333 2599 γὰρ
1350 2565 1364 2590 ὁ
1375 2563 1529 2599 ἄνθρωπος.
1668 2565 1672 2570 ”

1127 2620 1136 2636 1
1158 2610 1215 2636 θὺκ
1231 2611 1307 2636 ἔστιν
1323 2609 1469 2646 ἄνθρωπος
1483 2610 1497 2636 ό
1512 2610 1663 2645 μετανοῶν.
1682 2619 1692 2636 1
1709 2611 1756 2648 Μὴ
1773 2611 1881 2647 λέγετε,

1089 2657 1182 2693 φησὶν,
1196 2656 1253 2683 Οὐκ
1265 2656 1340 2683 ἐστιν
1355 2656 1495 2691 μετάνοια,
1513 2656 1570 2683 ἔστι
1585 2657 1651 2692 γάρ.

1126 2713 1135 2727 1
1164 2703 1210 2734 Ὣς
1231 2702 1314 2733 ἵππος
1339 2701 1467 2737 κάθιδρος
1492 2703 1522 2729 ὲν
1546 2702 1724 2739 χρεμετισμῷ
1754 2703 1850 2731 αὐτοῦ.
1869 2712 1880 2731 1

1090 2748 1188 2781 Ἵππος
1212 2749 1241 2775 ὲν
1260 2747 1389 2783 μακρόδῳ
1414 2747 1495 2784 [ἀλλ.
1524 2748 1671 2785 μακροδίᾳ]
1696 2749 1802 2785 τρέχει,
1834 2750 1883 2777 καὶ

1089 2794 1258 2832 χρεμετίζει,
1285 2794 1427 2830 σημαίνων
1452 2794 1497 2821 τὸν
1520 2795 1622 2822 κόπον
1650 2795 1697 2823 κα).
1720 2796 1805 2828 ἵππος
1832 2796 1883 2831 μὲν

1088 2841 1265 2878 διαλιμπάνει
1284 2841 1400 2877 τρέχων,
1414 2838 1488 2868 οὗτοι
1511 2841 1540 2868 δὲ
1553 2842 1779 2878 ἀμετάστρεπτον
1795 2842 1881 2880 [ἄλλ.

1090 2886 1308 2925 ἀμεταστρεπτὶ]
1321 2886 1370 2922 τὴν
1387 2886 1485 2925 κακίαν
1498 2886 1687 2927 ὲργάζονταιν
