2044 3144
259 169 310 203 647

798 162 1054 195 OLYMPIODORI
1076 161 1339 192 ALEXANDRINI

1832 157 1886 190 618

258 232 309 252 suo
317 224 399 259 capiti
416 223 484 259 petit
502 222 647 258 propheta,
661 226 690 249 ut
705 221 794 249 fontes
821 219 860 248 illi
879 220 1044 247 scat-urirent

1102 217 1192 243 λαϐεῖν
1207 217 1221 242 ὁ
1236 216 1381 251 προφήτης
1398 214 1444 240 ἐπὶ
1464 214 1513 249 τῆς
1534 213 1654 248 κεφαλῆς
1665 233 1672 244 ,
1693 213 1735 239 ἵνα
1751 212 1884 247 γένωνται

258 270 449 306 lacrymarum,
471 268 609 304 dignoque
624 267 690 294 fletu
705 267 860 302 deploraret
886 266 1044 292 vulneratos

259 325 274 344 a
290 315 419 352 peccatis.
434 314 658 341 Enumeratvero
675 320 767 340 eorum
784 312 914 342 facinora.
929 317 957 338 et
983 318 1044 345 quae

258 361 399 397 prophetae
416 360 586 395 temporibus
601 359 757 390 commissa,
773 362 800 385 et
828 366 888 392 qum
915 358 948 384 ah
978 357 1044 392 ipsis

258 408 389 435 adversus
400 407 539 434 Christum
555 405 700 432 Dominum
721 404 900 439 iniquissimis
931 404 1044 430 ausibus

257 459 363 489 patrata
379 457 453 480 sunt.
466 452 579 479 Disserit
593 452 657 479 item
676 452 709 479 de
722 451 784 478 odio
795 452 821 477 in
836 451 944 480 fratres,
958 451 1045 484 deque

258 499 469 527 feneratoribus.
487 498 658 526 Vaticinatur
673 503 701 525 et
720 502 872 525 extremam
895 495 1044 524 Jerusalem

259 544 466 573 desolationem.

297 645 307 662 ‹
323 635 397 663 Είιίω
410 635 504 671 populi
518 635 582 663 mei.
601 644 610 662 ι
629 635 777 670 Synagogze
793 633 961 661 Judmorum.

296 723 327 750 V.
345 724 371 750 5.
387 724 421 751 Et
435 723 618 751 extenderunt
631 723 751 758 linguam
771 729 848 749 suam
862 725 892 748 ut
916 727 1020 748 areum.
1035 728 1044 744 ι

260 771 298 798 Ne
311 770 453 797 minimum
471 770 579 805 quidem
595 769 727 802 laxantes,
742 768 789 796 sed
802 772 934 804 perpetuo
957 767 1047 802 lingua

260 820 416 851 peccantes,
432 815 662 850 quemadmodum
673 814 800 843 videlicet
821 818 849 841 et
879 812 1047 840 Salvatorom

260 862 432 890 contumeliis
444 864 610 889 onerantes.‘

296 909 327 935 V.
340 909 365 936 5.
380 918 389 934 ‹
407 908 511 935 llludet.
533 918 542 934 ι
562 907 627 934 llolo
637 907 692 943 agit
702 910 730 934 et
742 906 851 934 fraude.

296 953 328 981 V.
346 955 388 982 10.
403 963 412 980 ι
430 953 490 981 Non
506 954 653 981 audierunt
676 960 770 980 vocem
793 950 964 979 substantim.
993 949 1046 977 No-

261 1001 371 1028 luerunt
387 1000 484 1028 audire
500 1007 594 1027 vocem
608 998 666 1030 Dei,
683 1005 743 1033 qum
756 997 809 1024 illis
821 1000 851 1024 ut
862 1003 972 1030 semper
983 995 1048 1025 sint.

262 1047 314 1074 hoc
325 1052 365 1074 est
378 1045 623 1078 inmortalitatem,
637 1044 777 1080 olargitnr.

299 1092 337 1119 «Α
351 1092 507 1119 volucribus
522 1091 581 1118 caeli
602 1098 689 1125 usque
704 1090 737 1117 ad
753 1096 860 1124 pecora.
876 1097 885 1113 ι
901 1086 1048 1118 Sublimes,

262 1138 310 1171 ait,
331 1138 442 1170 virtute,
461 1142 488 1164 et
505 1137 551 1171 qui
569 1136 686 1171 pecudes
704 1135 778 1162 vitiis
790 1139 866 1166 sunt,
895 1133 1050 1160 declinave-

262 1189 328 1212 runt
343 1184 376 1211 ad
392 1184 493 1211 malum
506 1190 514 1209 :
535 1182 670 1216 significat
686 1189 752 1208 vero
764 1187 791 1208 et
800 1179 984 1207 omnimodam
998 1178 1050 1206 loci

263 1230 441 1258 vastationem
446 1250 453 1257 .

299 1275 332 1303 ν.
351 1276 393 1303 l2.
410 1285 419 1301 ι
439 1275 538 1302 Exusta
547 1278 592 1302 est
606 1273 683 1309 quasi
701 1273 852 1305 desertum,
866 1279 898 1299 eo
909 1271 980 1307 qttod
996 1279 1050 1299 non

264 1321 300 1348 sit
311 1321 355 1355 qui
368 1324 542 1355 pertranseat
556 1327 628 1346 eam.
648 1328 658 1345 ι
673 1319 711 1346 Eo
725 1318 798 1353 quod
811 1318 914 1345 nullum
925 1318 1050 1349 haberet,

263 1359 312 1402 qui
326 1367 353 1394 in
364 1366 416 1394 viis
428 1365 533 1394 Domini
545 1365 708 1397 ambularet.
716 1364 835 1396 deserta,
846 1364 945 1399 inquit,
955 1363 1051 1391 effecta

264 1416 316 1440 εει.

302 1457 333 1484 ν.
348 1457 392 1484 16.
413 1466 422 1483 ι
436 1456 469 1485 Ει
483 1457 627 1484 immittam
636 1463 719 1491 super
731 1462 779 1483 eos
789 1454 919 1492 gladium.
942 1464 952 1482 ι
975 1454 1052 1491 fligi-

264 1503 327 1531 dam
340 1502 482 1530 ultionem.

303 1549 332 1576 V.
346 1549 388 1576 l7.
412 1559 421 1575 ι
439 1549 473 1576 Ει
488 1547 522 1575 ad
538 1555 584 1575 eas
600 1554 660 1582 quae
683 1545 822 1581 sapientes
839 1549 904 1573 sunt
914 1545 1024 1572 mittite.
1040 1554 1049 1571 ι
1065 1562 1068 1564 -

266 1595 411 1628 Ecclesias,
429 1594 472 1622 vel
493 1597 650 1623 sanctorum
678 1592 796 1625 animas,
822 1599 890 1627 quas
915 1591 1053 1627 sapientes
1067 1580 1089 1612 (ἶ

265 1645 346 1668 vocat
361 1648 368 1665 ε
381 1640 423 1667 hae
436 1639 510 1666 enim
525 1639 597 1666 vitiis
607 1638 747 1666 confectos
772 1636 926 1673 deplorant,
959 1642 989 1665 ut
1015 1638 1054 1664 ait

267 1685 368 1712 Paulus
386 1693 392 1711 :
417 1685 452 1712 Et
465 1684 578 1720 plorabo
592 1683 692 1711 multos
705 1683 751 1718 qui
765 1687 843 1710 antea
860 1687 1053 1718 peccaverunt,

267 1739 318 1759 nec
329 1731 490 1767 poenitentia
502 1730 576 1758 ducti
591 1735 665 1758 sunt.
927 1754 932 1759 .

302 1777 388 1805 v.18.
403 1785 413 1802 ι
432 1776 557 1804 Dciluant
570 1777 642 1804 oculi
650 1776 733 1803 vestri
761 1776 903 1812 laerymas.
918 1785 927 1802 ι
961 1775 1055 1803 Poeni-

269 1823 359 1850 tcntiae
370 1822 526 1858 lacrymam.

304 1865 336 1894 V.
352 1866 396 1894 l9.
419 1876 428 1893 ι
448 1866 648 1902 Dereliqnitnus
672 1871 784 1894 terram.
802 1875 812 1893 ›
831 1865 1055 1902 Pietatiseogni-

268 1911 381 1940 tionem.

307 1968 316 1984 ι
328 1958 362 1985 Et
377 1959 526 1994 abiecimus
539 1959 714 1987 tabernacula
728 1964 831 1988 nostra.
854 1969 863 1986 ι
892 1959 947 1995 Ipsi
973 1958 1054 1987 nobis

268 2004 334 2040 ipsis
350 2005 533 2040 captivitatem
548 2006 782 2040 comparavimus.

302 2049 335 2077 ν.
355 2050 489 2084 2-2.«Quia
503 2052 626 2079 ascendit
637 2059 710 2079 mors
718 2059 767 2086 per
776 2051 909 2079 fenestras
923 2057 1052 2080 vestras:

269 2097 298 2124 In
312 2097 471 2124 universum
487 2097 598 2132 quidem
616 2105 666 2132 per
694 2098 848 2132 magistros,
866 2099 913 2133 qui
939 2099 1056 2126 abscon-

269 2143 324 2172 dita
338 2143 463 2170 videntur
479 2152 625 2179 exponere.
636 2144 775 2172 Fenestra:
787 2145 858 2172 enim
875 2153 936 2180 quae
949 2145 975 2173 in
986 2153 1056 2173 uno-

269 2197 377 2224 quoque
393 2190 484 2217 abdita
503 2195 566 2218 sunt
585 2191 761 2226 patefaciunt,
778 2199 827 2227 per
842 2192 983 2225 sensoria;
1006 2192 1057 2219 hoc

270 2239 361 2264 autem
372 2235 462 2264 forsan
476 2236 603 2265 historice
617 2245 665 2272 per
676 2238 769 2266 hostes
783 2237 884 2266 factum
900 2243 953 2266 est.
966 2238 1056 2266 Fene-

270 2287 334 2310 stra:
346 2286 409 2310 sunt
423 2283 600 2318 cogitationes
613 2285 725 2312 erroris.

306 2327 391 2355 V124.
410 2337 419 2354 ι
438 2328 492 2356 Sed
523 2329 550 2356 in
577 2329 631 2356 hnc
659 2330 836 2365 glorietur....
854 2330 1015 2366 intelligere,
1029 2335 1058 2358 et

270 2381 350 2402 nosse
366 2381 419 2402 me.
439 2383 448 2400 ι
467 2374 496 2401 in
512 2375 587 2402 nullo
600 2375 704 2410 jactare
718 2375 846 2403 admonet
858 2380 958 2411 praeter
976 2384 1057 2411 quam

271 2422 298 2448 in
314 2422 499 2456 perceptione,
516 2426 544 2449 et
558 2422 714 2458 cognitione
735 2422 854 2454 Domini,
873 2427 900 2450 et
914 2423 987 2458 quod
1008 2431 1058 2451 vo-

271 2467 360 2495 luntas
373 2467 422 2494 Dei
451 2473 503 2501 est,
516 2468 706 2497 misericordia
731 2473 759 2497 et
776 2469 922 2504 judicium,
955 2474 984 2496 et
1011 2469 1058 2505 ju-

271 2512 354 2540 stitia.

306 2557 339 2584 ν.
349 2558 394 2585 26.
407 2568 416 2584 ι
424 2558 512 2594 Super
519 2559 675 2595 Egyptum,
688 2565 715 2588 et
724 2567 806 2596 super
819 2560 976 2593 ldumaeam,
985 2565 1056 2587 etc.»

271 2604 410 2640 Egyptii,
441 2605 552 2634 Barbari
577 2611 709 2634 vocantur
740 2607 768 2634 in
803 2614 877 2636 sacra
907 2606 1057 2642 Scriptura.

271 2649 392 2684 ldumzei,
411 2652 458 2686 qul
474 2656 501 2679 et
520 2652 661 2686 Edomitte,
677 2653 866 2687 fornicatores,
885 2658 912 2681 et
937 2652 1054 2688 profani,

270 2695 370 2731 quippe
381 2700 411 2723 ut
425 2696 497 2724 Esau
512 2696 588 2723 nati:
609 2697 734 2725 Moabitis
751 2705 817 2725 vero
840 2702 868 2725 et
895 2697 1059 2725 Ammanitis

270 2747 381 2778 propter
397 2750 488 2770 mores
501 2742 660 2778 praecipitur
673 2751 708 2770 ne
719 2743 767 2771 Dei
794 2743 942 2772 Ecclesiam
968 2744 1059 2780 ingre-

269 2788 389 2816 diantur.
405 2788 495 2815 Mores
508 2788 600 2822 itaque
610 2787 765 2816 Judteorum
793 2797 843 2824 per
873 2790 924 2819 has
951 2795 1057 2826 gentes,

271 2833 325 2861 illis
337 2833 496 2862 nominibus
513 2833 676 2870 appellando
692 2835 840 2870 expressit.

1098 262 1173 297 αὐτῷ
1196 263 1284 297 πηγαὶ
1308 261 1445 296 δακρύων,
1468 260 1517 287 καὶ⁸
1538 259 1657 292 ἐπαξίως
1694 259 1798 295 κλαύσῃ
1820 261 1886 292 τοὺς

1095 309 1150 335 ἀπο
1176 308 1226 342 τῆς
1246 307 1385 342 ἁμαρτίας
1402 306 1688 341 τετραυματισμένους
1700 314 1706 320 ·
1723 306 1884 341 ἀριθμεῖται

1095 355 1123 382 δὲ
1148 355 1238 381 αὐτῶν
1255 353 1291 380 τὰ
1308 353 1544 388 πλημμελήματα,
1564 353 1737 387 γεγενημέναι
1767 352 1817 387 μὲν
1837 353 1885 379 καὶ

1096 401 1142 427 ἐπὶ
1156 401 1212 427 τῶν
1226 400 1272 427 τοῦ
1295 400 1435 435 προφήτου
1456 399 1570 434 καιρῶν,
1591 399 1762 434 τολμηθέντα
1774 397 1890 434 Geta?"

1097 447 1186 474 αὐτῶν
1209 447 1258 473 καὶ
1280 446 1352 472 κατὰ
1370 445 1416 472 τοῦ
1439 446 1575 472 Δεσπότου
1592 445 1724 480 Χριστοῦ.
1749 444 1831 478 Λέγει
1856 436 1886 471 δέ

1096 494 1143 520 καὶ
1157 492 1230 520 κατὰ
1246 492 1424 527 μισαδελφίας
1435 512 1443 524 ,
1468 493 1515 518 καὶ
1531 492 1602 518 κατὰ
1624 491 1798 522 τοκιξόντων·
1818 500 1887 526 προ-

1097 541 1172 574 λέγει
1195 539 1224 566 δὲ
1246 540 1293 566 κα¹ι
1317 539 1367 574 τὴν
1400 538 1519 573 παντελῆ
1544 537 1594 572 τῆς
1621 537 1800 573 Ἰερουσαλήμ
1821 537 1886 572 ὲρή-

1099 595 1197 623 μωσιν.

1135 643 1144 658 ι
1156 633 1299 669 Θυγατρδς
1314 633 1380 660 λαοῦ
1399 641 1460 668 μου.
1476 642 1485 658 ι
1504 632 1560 667 Τῆς
1575 630 1737 665 συναγωγῆς
1752 630 1807 657 τῶν
1821 631 1886 657 Ἰου-

1097 680 1191 707 δαίων.

1137 735 1147 752 ι
1164 725 1219 751 Καὶ
1237 724 1374 751 ἐνέτειναν
1391 723 1441 759 τὴν
1456 722 1584 757 γλῶσσαν
1605 721 1695 748 αὐτῶν
1714 721 1753 752 ὡς
1766 720 1854 754 τόξον,
1877 731 1885 746 ι

1098 770 1174 806 Μηδὲ
1207 770 1305 806 μικρὸν
1332 769 1479 805 χαλῶντες,
1512 768 1570 796 ἀλλ’
1596 767 1745 798 ἀνενδότως
1768 767 1812 794 διὰ
1839 767 1890 801 τῆς

1099 816 1223 852 γλώττης
1239 815 1445 851 ἁμαρτάνοντες
1457 834 1464 846 ,
1479 814 1575 849 ὥσπερ
1591 812 1689 848 ἀμέλει
1703 812 1752 840 καὶ
1769 812 1815 839 τὸν
1831 812 1889 838 Et».

1099 862 1170 898 τῆρα
1189 861 1334 896 λοιδορίαις
1355 860 1512 892 πλύνοντες.

1064 901 1084 927 Β
1138 917 1147 933 ι
1169 906 1386 940 Καταπαίεεται.
1407 915 1416 932 ι
1434 906 1507 940 Δόλῳ
1523 904 1708 937 ὑποσκελίζει.

1140 963 1149 979 ι
1171 954 1229 980 υύκ
1240 953 1360 989 ἥκουσαν
1374 952 1466 988 φωνὴν
1480 952 1633 988 ὑπάρξεως.
1654 960 1664 977 ο
1683 951 1740 978 οὐκ
1754 949 1890 985 ἠθέλησαν

1101 999 1219 1027 ἀκοῦσαι
1234 1000 1282 1034 τῆς
1298 1000 1390 1035 φωνῆς
1405 999 1507 1034 Κυρίου
1522 998 1572 1034 τῆς
1591 997 1774 1034 χαριζομένης
1799 997 1891 1028 αὺτοῖς

1100 1046 1150 1082 τὴν
1166 1045 1253 1072 eiciet
1273 1045 1401 1081 ὕπαρξιν,
1415 1045 1429 1072 ὅ
1443 1046 1500 1072 ἐστι
1515 1044 1565 1079 τὴν
1581 1044 1747 1071 ἀθανασίαν.

1139 1100 1149 1117 ι
1174 1091 1243 1118 Ἀπὸ
1259 1092 1391 1118 πετεινῶν
1404 1091 1453 1117 τοῦ
1471 1089 1600 1124 οὐρανοῦ,
1615 1090 1662 1116 καὶ
1677 1090 1730 1121 ἓως
1749 1089 1866 1125 κτηνῶν.
1880 1098 1889 1114 ι

1102 1138 1156 1164 Καὶ
1170 1138 1194 1164 oi
1211 1137 1321 1172 ὑψηλοὶ,
1340 1137 1417 1172 φησὶ,
1437 1137 1497 1164 κατ’
1512 1136 1624 1171 ἀρετὴν,
1642 1135 1689 1162 καὶ
1706 1136 1731 1162 οί
1745 1135 1893 1170 κτηνώδεις

1101 1183 1242 1216 ἐξέκλιναν
1254 1185 1294 1215 είς
1306 1183 1337 1210 τδ
1351 1183 1438 1210 κακόν
1449 1192 1455 1198 ·
1467 1183 1598 1218 σημαίνει
1608 1182 1636 1209 δὲ
1653 1182 1703 1209 καὶ
1711 1183 1761 1218 τὴν
1773 1182 1895 1217 παντελῆ

1101 1230 1150 1257 τοῦ
1168 1230 1252 1257 τόπου
1274 1230 1428 1265 ἐρήμωσιν.

1141 1285 1152 1302 ι
1177 1275 1298 1312 Ἀνήφθη
1315 1276 1353 1308 ὡς
1371 1275 1474 1312 ἕρημος
1500 1275 1578 1310 παρὰ
1604 1274 1636 1302 τὸ
1662 1274 1700 1310 μὴ
1727 1274 1894 1301 διοδεύεσθαι

1103 1322 1200 1358 αὐτήν.
1208 1332 1218 1349 ι
1230 1323 1279 1349 Διὰ
1290 1322 1321 1349 τὸ
1333 1322 1446 1357 μηδένα,
1460 1322 1554 1356 φησὶν,
1570 1321 1643 1357 ἔχειν
1654 1320 1783 1348 όδεύοντα
1795 1322 1824 1348 ἐν
1835 1323 1895 1354 ταῖς

1105 1368 1175 1400 ὁδιῐς
1190 1369 1294 1404 Κυρίου
1311 1369 1424 1403 γέγονεν
1441 1367 1555 1403 ἔρημος.

1141 1469 1150 1483 ι
1170 1458 1224 1485 Καὶ
1237 1457 1380 1485 ἀποστελῶ
1398 1458 1439 1489 εἰς
1453 1457 1553 1489 αὐτοὺς
1569 1457 1622 1494 τὴν
1643 1458 1794 1494 μάχαιραν.
1812 1468 1821 1484 ι
1841 1457 1895 1492 τήν

1107 1506 1245 1540 ἀπότομον
1264 1506 1416 1541 ἐκδίκησιν.
1834 1527 1838 1530 .

1143 1564 1151 1580 ι
1173 1555 1227 1581 Καὶ
1243 1553 1310 1589 πρὸς
1329 1554 1378 1585 τὰς
1398 1553 1484 1588 σοφὰς
1509 1553 1700 1580 ἀποστείλατε.
1719 1562 1729 1579 ι
1755 1552 1811 1585 Τὰς
1833 1552 1895 1579 Ἐκ-

1106 1600 1232 1635 κλητίας,
1252 1600 1268 1634 ἢ
1291 1600 1341 1631 τὰς
1354 1599 1409 1626 τῶν
1425 1600 1510 1633 ἁγίων
1523 1600 1624 1635 ψυχὰς,
1647 1599 1680 1631 ἃς
1692 1599 1779 1634 σοφὰς
1796 1599 1874 1626 καλεί
1885 1608 1893 1616 ·

1104 1644 1186 1674 αὗται
1200 1645 1255 1681 γὰρ
1271 1645 1403 1681 θρηνοῦσι
1421 1646 1484 1677 τοὺς
1501 1646 1554 1672 ὑπὸ
1568 1646 1618 1681 τῆς
1633 1645 1772 1681 ἁμαρτίας
1793 1645 1895 1681 ἀνῃρη-

1106 1694 1205 1728 μένους
1220 1713 1227 1725 ,
1246 1693 1283 1724 ὡς
1306 1694 1320 1719 ὁ
1335 1693 1442 1724 Παῡλός
1460 1700 1546 1728 φησι·
1563 1693 1618 1719 Καὶ
1633 1692 1760 1727 πενθήσω
1780 1691 1894 1722 πολλοὺς

1105 1739 1159 1766 τῶν
1173 1739 1443 1775 προημαρτηκότων,
1459 1739 1506 1765 καὶ
1522 1739 1560 1774 μὴ
1580 1739 1820 1773 μετανοησάντων.

1144 1794 1153 1811 ι
1173 1785 1418 1820 Καταγαγέτωσαν
1434 1786 1460 1812 οἱ
1485 1785 1622 1821 ὀφθαλμοὶ
1645 1785 1723 1821 ὑμῶν
1744 1785 1861 1820 δάκρυα.
1881 1793 1891 1809 ι

1105 1831 1142 1858 Τὸ
1155 1831 1205 1866 τῆς
1219 1831 1366 1866 μετανοίας
1377 1831 1509 1867 δάκρυον.

1142 1887 1152 1904 ι
1176 1878 1414 1914 Ἑγκατελίπομεν,
1427 1879 1477 1915 τὴν
1499 1878 1562 1914 γῆν.
1583 1888 1593 1905 ι
1611 1878 1668 1913 Τῆς
1685 1878 1827 1910 εὐσεϐείας
1845 1878 1895 1913 τὴν

1105 1931 1219 1957 γνωσιν.
1377 1940 1379 1942 -

1144 1979 1153 1996 ι
1172 1970 1228 1996 Καὶ
1243 1970 1439 2006 ἀπερῤίψαμεν
1451 1970 1486 1997 τὰ
1499 1970 1667 2006 σκηνώματα
1683 1970 1770 2006 ἡμῶν.
1785 1979 1794 1995 ι
1812 1971 1895 1997 Αὐτοὶ

1106 2015 1214 2047 ἑαυτοῖς
1225 2016 1275 2051 τῆς
1291 2015 1484 2052 αἰχμαλωσίας
1499 2016 1582 2043 αἴτιοι
1594 2016 1757 2051 γεγόναμεν.

1146 2071 1156 2088 ‹
1172 2063 1232 2089 Ὅτι
1256 2063 1341 2098 ἀνέϐη
1359 2062 1474 2094 θάνατος
1495 2062 1541 2089 διὰ
1563 2062 1618 2089 τῶν
1637 2062 1753 2098 θυρίδων
1776 2062 1863 2096 ὑμῶν.
1883 2071 1893 2087 υ

1106 2107 1231 2134 Καθόλου
1249 2107 1300 2143 μὲν
1315 2107 1360 2134 διὰ
1379 2108 1435 2134 τῶν
1445 2108 1613 2135 διδασκάλων
1625 2109 1680 2135 τῶν
1694 2109 1845 2136 δοκούντων
1863 2110 1895 2135 τὰ

1107 2152 1289 2188 κεκρυμμένα
1309 2152 1486 2188 ἑρμηνεύειν.
1511 2154 1543 2180 Δί
1568 2154 1622 2189 γὰρ
1647 2154 1756 2189 θυρίδες
1781 2163 1897 2189 φανερο-

1109 2198 1217 2226 ποιοῦσι
1232 2198 1267 2225 τὰ
1282 2199 1357 2230 ἐντὸς
1371 2199 1431 2230 ἑνὸς
1445 2199 1562 2226 ἑκάστου
1575 2200 1619 2226 διὰ
1630 2200 1686 2227 τῶν
1697 2200 1894 2237 αἰσθητηρίων·

1072 2261 1094 2288 D
1110 2245 1208 2279 συνέϐη
1221 2245 1250 2271 δὲ
1264 2244 1329 2276 ἴσως
1345 2244 1426 2271 τοῦτο
1439 2245 1500 2272 καθ’
1517 2245 1648 2281 ἱστορίαν,
1664 2245 1714 2273 διὰ
1730 2245 1790 2273 τῶν
1808 2248 1896 2274 πολε-

1106 2291 1192 2326 μίων·
1209 2290 1317 2326 θυρίδες
1332 2291 1401 2317 εἰσὶν
1416 2291 1504 2325 αίτῆς
1517 2291 1622 2327 πλάνης
1637 2292 1768 2318 ἐπίνοιαι.

1146 2346 1156 2362 ι
1177 2337 1248 2363 Ἀλλ’
1270 2337 1300 2363 ὲν
1325 2335 1448 2372 τούτῳ...
1461 2337 1609 2371 καυχάσθω
1632 2339 1732 2364 συνιείν
1749 2337 1796 2364 καὶ
1815 2337 1898 2371 γινώ-

1111 2391 1197 2410 σκειν.
1217 2393 1226 2409 ι
1244 2383 1377 2418 Παραινεῖ
1397 2383 1411 2409 ὁ
1435 2383 1514 2417 λόγος
1534 2384 1564 2410 ὲν
1582 2382 1679 2418 μηδενὶ
1701 2382 1854 2418 καυχᾶσθαι
1873 2384 1898 2410 εί

1111 2429 1149 2464 μὴ
1165 2429 1194 2455 ἐν
1210 2428 1248 2463 τῷ
1265 2428 1395 2460 συνιέναι,
1419 2429 1465 2455 καὶ
1484 2428 1631 2462 γινώσκειν
1649 2429 1695 2455 τὸν
1718 2428 1831 2464 Κύριον,
1851 2428 1899 2454 καὶ

1109 2475 1150 2501 ὄτι
1173 2474 1204 2501 τὸ
1229 2474 1336 2510 θέλημα
1362 2474 1409 2500 τοῦ
1435 2474 1505 2501 Θεοῦ
1527 2475 1596 2508 ἐστι,
1622 2474 1653 2501 τὸ
1677 2473 1771 2505 ἔλεος,
1796 2474 1842 2500 καὶ
1867 2473 1899 2500 τδ

1109 2522 1209 2556 κρῖμα,
1229 2521 1277 2546 καὶ
1290 2521 1307 2555 ἡ
1321 2519 1491 2555 δικαιοσύνη.

1148 2572 1157 2588 ι
1183 2563 1243 2589 Ἐπ’
1260 2563 1410 2597 Αἴγυπτον,
1434 2564 1483 2590 καὶ
1504 2563 1551 2590 ἐπὶ
1572 2564 1622 2599 τὴν
1639 2563 1802 2599 Ἰδουμαίαν.
1821 2572 1830 2589 ι
1851 2562 1898 2588 Λί-

1110 2609 1220 2642 γύπτιοι
1233 2610 1257 2635 οί
1270 2609 1408 2645 Βάρϐαροι
1423 2609 1567 2637 καλοῦνται
1583 2617 1660 2644 παρα
1673 2611 1708 2645 τῇ
1720 2609 1781 2645 θεία
1791 2609 1898 2644 Γραφῇ.

1116 2653 1262 2688 Ἰδουμαῖοί
1277 2663 1318 2687 τε,
1333 2655 1358 2680 οἱ
1373 2654 1590 2690 καὶἙδωμῖται,
1600 2655 1706 2690 πόρνοι,
1717 2654 1765 2681 καὶ
1776 2653 1899 2690 βέϐηλοι,

1109 2699 1148 2731 ὡς
1164 2699 1219 2726 ἀπὸ
1232 2699 1280 2726 τοῦ
1293 2700 1382 2727 Ἦσαῦ
1393 2709 1399 2716 ·
1417 2701 1442 2728 οἱ
1460 2701 1488 2728 δὲ
1499 2701 1656 2734 Μωαϐῖται,
1671 2702 1718 2729 καὶ
1733 2700 1900 2736 ’Δμμανῖται

1109 2745 1155 2772 διὰ
1166 2745 1212 2772 τὴν
1226 2745 1328 2781 τρόπον
1346 2747 1505 2774 κελεύονται
1524 2747 1561 2783 μὴ
1590 2748 1703 2776 εἰσιέναι
1721 2749 1761 2780 εις
1784 2747 1899 2782 Ἐκκλη‹

1111 2790 1172 2818 σίαν
1196 2791 1278 2817 Θεοῦ.
1301 2792 1362 2820 Τῶν
1380 2793 1514 2820 Ἰουδαίων
1530 2791 1578 2820 οὗν
1590 2795 1637 2822 τὸν
1652 2793 1765 2828 τρόπον,
1783 2792 1826 2820 διὰ
1844 2793 1900 2819 τῶν

1112 2836 1197 2863 ὲθνῶν
1213 2837 1316 2865 τούτων
1329 2839 1544 2876 ὲχαρακτήρισε,
1557 2839 1660 2871 τούτοις
1674 2839 1772 2871 αὐτοὺς
1783 2838 1900 2870 καλέσας

1111 2883 1166 2915 τοῖς
1181 2882 1306 2918 ὀνόμασι.
