2044 3144
229 167 282 198 655
767 155 1027 187 OLYMPIODORI

1050 151 1314 186 ALEXANDRINI
1814 143 1868 174 656

231 227 342 259 propter
381 220 497 247 liberum
545 216 718 252 pascentium
753 220 780 242 et
824 214 1024 249 pascendorum

1090 211 1252 245 [ὔτεξούσιον
1269 209 1324 237 τῶν
1340 217 1369 235 τε
1386 207 1535 243 ποιμένων,
1561 205 1610 232 καὶ
1634 202 1867 238 ποιμαινομένων,

1245 257 1266 259 __
1312 255 1317 259 .
1414 255 1420 259 ι
1508 252 1520 259 Α
1574 251 1587 259 In
1608 250 1614 259 1
1674 258 1678 259 ν
1716 258 1719 259 ν
1746 248 1783 259 καθ
1800 257 1807 259 Α
1841 249 1858 259 ιλ

232 269 386 300 arbitrium,
413 271 441 293 et
459 263 675 292 interimentium
696 262 769 294 illos,
791 261 836 295 qui
864 268 912 296 per
938 264 1024 287 totum

232 316 326 344 orbem
339 313 427 342 varias
442 315 581 340 sectantur
596 309 744 342 doctrinas,
758 315 810 335 nec
828 309 900 335 inter
918 314 947 334 se
960 314 1027 334 eon-

233 361 356 389 veniunt.

268 407 301 434 ν.
321 407 364 434 15.
384 415 392 432 ι
414 404 599 433 Seminabatis
617 403 832 434 frumentum,et
845 401 939 436 spinas
958 408 1028 428 mes-

233 454 335 482 Suistis.
350 463 360 479 ι
375 453 414 480 Ad
430 452 529 479 multos
540 455 663 490 pastOres
681 450 728 477 hic
740 456 840 481 sermo,
864 448 909 483 qui
925 455 1028 475 sermo-

234 500 277 526 nis
301 500 385 534 lcpori
404 499 556 529 studentes,
580 505 642 524 cum
660 496 805 524 videantur
832 495 945 523 solidam
964 502 1029 530 pro—

235 547 306 574 ferre
324 546 486 576 doctrinam,
507 543 657 580 perniciem
673 542 723 570 sibi
740 546 855 569 metunt.

274 602 282 617 ι
299 592 370 618 Cleri
395 599 490 618 eorum
513 597 568 616 non
594 589 747 624 proderunt
765 587 816 615 eis.
840 597 849 612 ι
870 586 1030 614 Pastoribus

236 638 302 665 nihil
317 637 466 672 pastorales
484 641 572 663 sortes
586 635 746 670 proderunt.

278 734 287 750 ι
305 722 510 751 Confundimini
535 730 549 749 a
570 722 720 757 iactatione
739 725 839 748 vestra.
861 729 870 746 ι
895 719 1032 747 Dedecore

237 775 266 798 et
278 771 377 806 probro
393 770 473 805 digna
487 773 529 796 est
540 769 653 804 jactatio
664 767 735 803 apud
753 767 849 794 Deum.

274 858 307 885 V.
328 858 371 885 Li.
404 867 412 883 ι
431 856 500 889 Quia
530 856 589 883 haec
612 855 678 883 dicit
700 854 831 881 Dominus
854 853 888 880 de
907 851 1034 880 omnibus

239 905 338 932 vicinis
364 903 501 939 pessimis.
527 901 584 937 qui,
608 911 617 927 ι
641 906 695 928 etc.
720 899 806 927 Vicini
831 898 905 933 pravi
923 898 969 933 qui
988 898 1034 924 Dei

239 952 353 980 verbum
395 949 560 980 adulteraut.
603 947 649 982 qui
686 947 768 974 etiam
807 946 911 972 callidis
935 945 1035 973 distra-

239 997 379 1024 ctionibus
404 999 529 1026 utuntur,
553 992 674 1020 divinant
697 991 849 1020 doctrinam
869 991 922 1018 alio
944 991 1035 1019 tradu-

240 1047 344 1070 centes.

279 1098 289 1114 ι
307 1087 377 1115 Ecce
391 1095 441 1122 ego
453 1086 539 1113 evello
554 1093 601 1112 eos
617 1084 650 1112 dc
665 1088 736 1111 terra
750 1091 808 1110 sua.
830 1092 838 1108 ι
852 1082 974 1115 Eradico,
988 1081 1036 1114 ait,

240 1143 298 1167 eos,
323 1135 368 1169 qui
386 1132 508 1160 sulvandi
530 1135 594 1159 sunt
609 1139 624 1158 e
638 1130 740 1166 populo
765 1137 837 1162 meo,
854 1137 869 1156 e
887 1134 958 1157 terra
974 1137 1037 1164 pra-

241 1189 338 1210 vorum
370 1179 566 1209 iinitimorum,
598 1177 650 1204 hoc
673 1180 725 1208 est,
756 1175 888 1202 idolorum
919 1175 992 1202 cultu
1011 1179 1039 1202 et

241 1227 308 1254 falsa
324 1224 459 1254 doctrina.
475 1223 573 1250 .ltnlam
586 1229 651 1249 vero
666 1225 745 1248 vocat
759 1220 889 1255 populum
912 1220 956 1255 qui
972 1228 1038 1247 con-

243 1272 335 1299 litetur
357 1275 384 1297 et
407 1268 543 1300 salvator;
569 1274 651 1301 quem
672 1270 699 1293 et
729 1265 848 1292 eximere
866 1264 1008 1299 pollicetur
1024 1272 1039 1290 e

244 1323 315 1345 terra
332 1322 424 1350 prava.

281 1361 313 1389 V.
336 1362 380 1390 15.
400 1369 409 1386 ι
428 1360 462 1387 Ει
479 1359 541 1390 erit,
555 1362 698 1394 postquam
714 1357 821 1392 eiecere
835 1364 892 1388 cos,
907 1361 1040 1388 revertar,

244 1413 271 1438 et
298 1407 449 1435 miserebor
472 1412 578 1432 eorum.
603 1413 613 1429 ι
636 1403 670 1430 Et
684 1404 818 1438 ipsorum,
836 1402 884 1435 ait,
901 1401 1041 1438 gentilium

244 1455 407 1485 miserebor,
440 1453 547 1480 donans
574 1451 614 1478 cis
658 1450 728 1477 sacri
762 1449 861 1477 lavacri
903 1448 1042 1476 remissio-

244 1510 318 1530 nem.

281 1545 369 1573 v.16.
382 1555 390 1570 ι
404 1545 438 1571 Et
453 1544 552 1575 crit...,
569 1542 603 1570 ad
615 1542 763 1577 iurandum
778 1540 804 1566 in
814 1539 925 1566 nomine
941 1546 1011 1565 meo.
1030 1547 1038 1563 ι

247 1594 284 1622 Ut
299 1601 354 1621 non
371 1592 488 1627 amplius
501 1598 551 1626 per
569 1590 651 1622 idola,
675 1589 722 1616 sed
738 1595 786 1623 per
799 1586 937 1615 Christum
952 1585 1044 1612 Domi-

247 1647 313 1667 num
327 1639 430 1674 jurcnt.

567 1680 643 1708 CAP.
657 1679 727 1707 Xill.

284 1728 360 1758 v.1.
386 1739 396 1755 ί
411 1728 486 1756 Vade
507 1732 535 1755 et
558 1727 667 1762 posside
689 1727 736 1754 tibi
754 1726 877 1753 lumbare
900 1725 1014 1752 lineum.
1034 1733 1043 1750 ι

251 1775 454 1811 Subligaculnm
478 1774 598 1805 lineum,
618 1772 690 1807 quod
716 1772 816 1807 srepius
838 1771 922 1799 lavari
940 1775 1044 1806 potest;

250 1831 299 1851 eos
320 1826 412 1850 autem
434 1820 578 1856 signiﬁcat,
604 1818 662 1853 qui,
677 1826 738 1845 cum
763 1817 901 1845 multoties
916 1817 948 1844 iis
968 1817 1046 1844 venia

251 1869 341 1899 detur.
357 1867 459 1894 nullam
475 1870 566 1893 tamen
587 1868 671 1899 agunt
686 1863 884 1898 pmnitentiam.

285 1913 320 1940 V.
347 1914 373 1940 7.
403 1923 412 1938 ε
436 1912 469 1939 Et
494 1911 559 1938 abii.
581 1910 615 1937 Et
632 1917 696 1938 ecce
723 1913 883 1944 corruptum
913 1912 981 1940 erat,
1011 1909 1047 1935 ita

251 1964 291 1993 ιιι,
307 1969 316 1985 1
329 1963 381 1986 etc.
395 1957 529 1985 Lumbare
545 1964 614 1991 aqua
629 1959 803 1990 corruperat:
817 1962 887 1989 aqua
902 1962 968 1983 νει-ο
983 1962 1047 1989 pec-

252 2010 342 2034 eatum
359 2008 409 2036 est,
425 2003 568 2031 humidum
583 2006 612 2029 et
629 2001 767 2034 difﬂuens,
786 2005 813 2029 ct
827 2009 856 2028 se
872 2004 978 2028 utentes
1009 2000 1047 2028 in-

252 2052 335 2080 utiles
350 2050 477 2078 reddens.

287 2098 319 2124 ν.
334 2098 376 2124 l0.
411 2106 420 2122 ι
440 2096 492 2123 Eos
517 2103 571 2130 qut.
588 2095 736 2122 noluerunt
758 2093 871 2121 obedire
895 2093 995 2126 verbis,
1022 2097 1048 2120 et

253 2144 462 2171 ambulaverunt
478 2146 538 2176 post
555 2141 621 2169 deos
642 2140 756 2172 alienos,
775 2149 784 2165 ι
801 2144 855 2167 etc.
873 2138 973 2173 lnjuria
993 2139 1048 2166 Deo

253 2189 292 2221 ﬁt,
309 2188 334 2216 si
355 2187 446 2215 debita
464 2187 502 2214 illi
519 2186 640 2214 adoratio
655 2186 757 2213 feratur
771 2185 860 2213 idolis.

292 2289 323 2316 V.
338 2289 380 2316 1‘2.
400 2298 409 2314 ι
428 2288 460 2316 Et
480 2288 554 2316 dices
571 2288 604 2314 ad
619 2288 748 2322 populum
763 2287 860 2313 istum:
877 2285 973 2313 Omnis
987 2290 1049 2312 uter

253 2335 411 2371 implcbitur
425 2335 498 2362 vino.
517 2344 525 2360 ι
540 2334 651 2361 Utribus
666 2341 713 2360 eos
728 2332 869 2363 assimilat,
883 2332 924 2359 vel
938 2336 1050 2366 propter

255 2382 414 2409 inanitatem
432 2385 458 2408 ct
473 2381 621 2408 humanam
634 2383 739 2406 tantum
751 2378 777 2405 in
794 2378 846 2405 illis
862 2378 974 2412 ﬁguram
987 2386 993 2410 ;
1007 2377 1049 2404 vel

255 2430 326 2463 quod
343 2427 457 2462 possint,
474 2427 539 2454 dum
562 2426 656 2457 velint,
672 2425 778 2452 divinas
802 2424 951 2451 etiamnum
984 2423 1050 2450 reci-

256 2482 320 2508 pere
337 2473 396 2500 lidci
414 2473 440 2499 in
454 2472 592 2499 Christum
611 2470 804 2498 institutiones.

295 2519 325 2547 Υ.
344 2520 386 2547 15.
403 2528 412 2544 ι
431 2519 499 2545 ιῧεοο
523 2518 623 2552 impleo
646 2516 800 2544 sacerdotes
812 2515 953 2543 ebrietate.
969 2524 978 2540 ι
999 2514 1051 2541 Ριι-

258 2566 361 2595 nitiono
375 2565 524 2600 injustitite.

296 2611 325 2639 ν.
343 2611 386 2638 16.
402 2621 410 2636 ε
430 2611 494 2637 llate
509 2609 623 2636 Domino
641 2609 694 2635 Deo
714 2613 804 2636 vestro
827 2607 952 2643 gloriam,
974 2610 1051 2634 ante-

259 2668 340 2696 quam
356 2659 589 2687 contcncbrescat.
608 2667 616 2683 ι
635 2657 765 2685 Dominus
780 2661 873 2684 noster
885 2654 1051 2684 JesusChri-

260 2711 318 2734 atus
332 2707 375 2734 lux
392 2710 450 2734 cst:
474 2704 633 2740 Usqucdum,
650 2705 697 2738 ait,
711 2704 794 2732 lucem
811 2703 921 2736 habetis,
932 2703 960 2729 in
976 2702 1051 2729 illam

259 2753 383 2781 credite".

298 2809 308 2824 ι
329 2799 362 2829 Et
381 2803 526 2833 ann-quam
541 2798 682 2826 oll‘endant
697 2796 780 2832 pedes
792 2799 886 2823 vestri.
909 2805 918 2821 ι
946 2794 1052 2822 Montes

295 2888 305 2904 ⁷
321 2889 399 2917 Joan.
411 2895 458 2920 xu,
479 2887 524 2914 '56.

1079 259 1217 295 μάχαιραν
1245 255 1351 292 Κυρίου
1377 255 1484 290 νοήσεις
1506 250 1719 287 διαφθείρουσαν
1743 248 1808 280 τοὺς
1839 249 1868 275 εν

1078 305 1153 341 πάσῃ
1175 305 1210 339 γῇ
1231 304 1292 334 ταῖς
1318 301 1455 332 ποικίλαις
1471 298 1659 329 διδασκαλίαις
1675 295 1869 331 πειθομένους,

1077 351 1178 382 οἵτινες
1188 349 1250 377 οὐδὲ
1267 347 1442 384 εἰρηνεύουσι
1457 346 1526 382 πρὸς
1539 345 1681 380 ἀλλήλους.

1117 405 1126 422 ι
1150 394 1310 429 Ἐσπείρετε
1335 393 1449 428 πυροὺς,
1473 391 1520 418 καὶ
1543 390 1663 421 ἀκάνθας
1688 388 1840 424 ἐθερίσατε.
1858 397 1867 412 ι

1079 440 1151 476 Πρὸς
1164 440 1230 470 τοὺς
1241 438 1355 469 πολλοὺς
1370 437 1504 472 ποιμένας
1518 437 1531 462 ὁ
1549 435 1639 470 λόγος,
1658 435 1756 465 οἵτινες
1766 433 1810 459 διὰ
1822 433 1872 466 τῆς

1081 484 1273 518 πιθανολογίας
1283 504 1290 515 ,
1306 483 1439 518 τρόφιμον
1454 481 1597 511 δοκοῦντες
1614 479 1785 514 εἰσηγεῖσθαι
1798 478 1872 505 διδα-

1082 531 1209 562 σκαλίαν,
1224 530 1336 565 ὄλεθρον
1350 530 1456 560 ἑαυτοῖς
1472 527 1692 563 ἁποθερίζουσιν.

1120 587 1129 604 ι
1150 578 1182 604 Ol
1208 577 1305 612 κλῆροι
1329 575 1420 602 αὐτῶν
1443 575 1494 601 οὐκ
1522 573 1710 608 ὠφελήσουσιν
1734 571 1843 602 αὐτούς.
1861 579 1871 596 ι

1083 624 1154 656 Τοὺς
1183 623 1321 659 ποιμένας
1350 622 1426 649 οὐδὲν
1452 622 1476 648 οἱ
1512 620 1688 655 ποιμαντικοὶ
1702 618 1876 653 ὠφελήσουσι

1083 670 1133 706 κλῆ
1139 679 1190 706 ροι.

1121 726 1131 743 ι
1151 715 1323 751 Αἰσχύνθήτε
1341 713 1395 740 ἀπὸ
1410 712 1573 747 καυχήσεως
1588 710 1675 746 ὑμῶν.
1689 719 1698 736 ι
1726 708 1874 744 Αἰσχύνης,

1087 764 1166 799 φησὶ,
1191 763 1239 789 καὶ
1261 759 1418 796 ὀνειδισμοῦ
1442 759 1505 791 ἀξία
1521 757 1595 784 ἐστὶν
1608 758 1625 792 ἡ
1646 756 1780 792 καύχησις
1801 754 1877 790 παρὰ

1083 810 1122 845 τῷ
1137 809 1207 844 Θεῷ.
1464 812 1474 842 ,⁷

1127 865 1136 881 ι
1156 856 1218 882 ’Ὁτι
1235 855 1298 881 τάδε
1314 853 1391 888 λέγει
1411 853 1514 888 Κύριος
1531 851 1597 886 περὶ
1617 850 1727 877 πάντων
1751 848 1805 875 τῶν
1824 857 1878 883 γει-

1051 892 1070 918 Β
1089 900 1174 926 τόνων
1185 899 1240 926 τῶν
1259 899 1396 933 πονηρῶν.
1412 907 1420 923 ι
1441 897 1563 927 Γείτονες
1578 895 1692 930 πονηροὶ
1707 894 1731 920 οί
1748 894 1793 920 τὸν
1808 893 1878 920 θεῖον

1091 945 1170 980 λόγον
1188 945 1466 980 παραχαράττοντες,
1484 943 1582 973 οἵτινες
1606 943 1653 969 καὶ
1677 940 1818 972 διεκϐολὰς
1833 940 1879 975 ὲρ-

1092 991 1235 1026 γάζονται,
1253 989 1486 1026 παροχετεύοντες
1497 989 1547 1024 τὴν
1563 989 1638 1016 θείαν
1651 987 1838 1014 διδασκαλίαν.

1128 1090 1138 1108 ‹
1161 1081 1229 1107 Ἰδοὺ
1258 1080 1314 1115 ἐγὼ
1337 1078 1457 1106 ἀποσπῶ
1475 1077 1584 1110 αὐτούς.
1603 1088 1611 1104 ι
1636 1076 1775 1109 Ἀνασπῶ,
1794 1076 1880 1112 φησὶ,

1092 1126 1158 1158 τοὺς
1173 1124 1347 1160 σωζομένους
1358 1124 1405 1150 τοῦ
1419 1123 1485 1151 λαοῦ
1499 1132 1549 1158 μου
1565 1123 1619 1150 ἀπὸ
1633 1123 1682 1156 τῆς
1697 1123 1748 1158 γῆς
1764 1123 1819 1149 τῶν
1833 1131 1881 1149 πο-

1090 1173 1182 1208 νηρῶν
1197 1171 1343 1206 γειτόνων·
1358 1171 1493 1203 τουτέστι,
1522 1171 1571 1205 τῆς
1592 1169 1815 1204 εἰδωλολατρείας
1834 1169 1882 1196 καὶ

1092 1218 1209 1254 ψευδοῦς
1234 1217 1422 1248 διδασκαλίας.
1447 1216 1548 1244 Ἰούδαν
1571 1216 1599 1243 δέ
1612 1224 1678 1250 φησι
1698 1214 1744 1241 τὸν
1756 1214 1881 1250 ἐξομολο-

1090 1266 1226 1302 γούμενον
1245 1265 1294 1292 καὶ
1316 1264 1472 1297 σωζόμενον
1494 1259 1569 1295 λαὸν,
1582 1262 1610 1288 ὃν
1623 1261 1670 1288 καὶ
1685 1260 1811 1287 ἐκϐαλεῖν
1831 1261 1882 1287 ὑπ’

1092 1313 1224 1347 ισχνεῖται
1238 1310 1292 1337 ἀπὸ
1308 1310 1357 1345 τῆς
1375 1309 1497 1344 πονηρᾶς
1513 1308 1575 1343 γῆς.

1129 1366 1139 1382 ι
1146 1358 1198 1383 Καὶ
1205 1356 1293 1389 ἔσται,
1303 1354 1372 1391 μετὰ
1380 1355 1410 1381 τὸ
1417 1354 1542 1381 ἐκϐαλεῖν
1552 1362 1585 1388 με
1592 1353 1700 1386 αὐτοὺς,
1708 1351 1883 1388 ἀναστρέψω,

1093 1403 1141 1431 καὶ
1157 1403 1262 1439 ὲλεήσω
1278 1401 1387 1433 αὐτούς.
1405 1411 1414 1427 ι
1431 1401 1487 1428 Καὶ
1504 1401 1604 1432 αὐτοὺς
1615 1401 1654 1434 δὲ,
1669 1401 1762 1436 φησὶν,
1780 1399 1884 1434 ὲλεήσω

1093 1451 1158 1483 τοὺς
1174 1450 1299 1481 ἐθνικοὺς
1310 1470 1317 1482 ,
1333 1449 1382 1484 τὴν
1397 1449 1446 1475 τοῦ
1463 1448 1542 1483 ἁγίου
1563 1447 1678 1483 λουτροῦ
1694 1447 1791 1481 ἄφεσιν
1808 1454 1886 1481 χαριο

1094 1497 1207 1533 ζὸμενος
1223 1497 1325 1528 αὐτοῖς.

1135 1553 1144 1568 ‹
1161 1543 1216 1569 Καὶ
1230 1542 1352 1573 ἕσται...,
1370 1541 1417 1568 τοῦ
1431 1541 1543 1576 ὀμνύειν
1553 1540 1592 1576 τῷ
1600 1539 1714 1575 ὀνόματί
1731 1547 1793 1574 μου.
1808 1548 1817 1564 ι
1828 1538 1887 1566 ’Ἱνα

1099 1589 1200 1624 μηκέτι
1214 1588 1250 1614 τὰ
1270 1588 1384 1621 εἴδωλα,
1402 1587 1470 1614 ἀλλὰ
1483 1587 1530 1614 τὸν
1545 1587 1686 1622 Δεσπότην
1705 1585 1823 1621 Χριστὸν
1841 1586 1887 1620 ὅρ-

1098 1643 1156 1661 κιον
1172 1635 1281 1669 ἔχωσιν.

1391 1677 1518 1705 ΚΕΦΔΛ.
1539 1677 1590 1704 ll".

1138 1738 1147 1751 ι
1166 1726 1280 1752 Βάδισον
1294 1726 1341 1752 καὶ
1356 1725 1458 1759 κτῆσαι
1473 1722 1580 1757 σεαυτῷ
1595 1722 1740 1758 περίζωμα
1760 1720 1860 1749 λινοῦν.
1877 1730 1886 1746 ι

1098 1773 1249 1808 Περίςωμα
1264 1771 1354 1798 λικοῦν
1368 1770 1400 1797 τδ
1414 1770 1546 1801 πολλάκις
1564 1769 1714 1796 πλύνεσθαι
1728 1768 1791 1795 δυνά
1798 1775 1889 1803 μενον

1099 1818 1228 1853 σημαίνει
1243 1817 1271 1843 δὲ
1291 1817 1353 1848 τοὺς
1376 1816 1508 1848 πολλάκις
1524 1814 1774 1850 συγχωρηθέντας,
1789 1814 1836 1840 καὶ
1853 1812 1891 1848 μὴ

1100 1866 1332 1901 μετανοήσαντας.

1137 1921 1146 1937 ι
1162 1911 1217 1938 Καὶ
1229 1908 1458 1945 ὲπορεύθην.1(αὶ
1476 1908 1530 1935 ἰδοὺ
1545 1903 1821 1943 διεφθαρμένονῆν,ὅ
1831 1905 1888 1932 olm

1099 1959 1136 1985 Τὸ
1152 1958 1226 1994 ὕδωρ
1250 1956 1389 1992 διέφθειρε
1406 1956 1436 1982 τὸ
1451 1953 1612 1990 περίζωμα’
1634 1954 1707 1989 ὕδωρ
1726 1953 1755 1980 δὲ
1771 1954 1787 1988 ἡ
1802 1953 1892 1988 ἁμαρ-

1099 2003 1155 2035 τία,
1179 2003 1319 2038 κάθυγρος
1349 1999 1427 2032 οὖσα,
1452 2000 1501 2027 καὶ
1524 1999 1707 2036 διαρρέουσα,
1747 1998 1796 2025 καὶ
1830 1998 1893 2029 τοὺς

1100 2051 1170 2086 αὐτῇ
1188 2049 1349 2085 χρωμένους
1366 2048 1495 2083 ἀχρείους
1509 2046 1732 2082 ἀπεργαζομένη.

1138 2106 1147 2122 (
1169 2096 1238 2127 Τοὺς
1274 2095 1312 2130 μὴ
1342 2093 1523 2129 βουλομένους
1551 2091 1702 2119 ὑπακούειν
1727 2089 1782 2117 τῶν
1807 2089 1894 2123 λόγων

1101 2151 1173 2178 μου,
1205 2142 1254 2168 καὶ
1280 2141 1465 2177 πορευθέντας
1490 2140 1578 2166 ὀπίσω
1606 2139 1676 2165 θεῶν
1701 2136 1863 2172 ἀλλοτρίων.
1882 2145 1891 2161 ι

1101 2190 1202 2224 ’Ύόρις
1216 2190 1257 2221 εἰς
1272 2188 1351 2221 Θεὸν,
1366 2187 1396 2214 τὸ
1410 2188 1459 2221 τὴν
1476 2186 1561 2214 αὐτοῦ
1574 2184 1760 2221 προσκύνησιν
1775 2182 1895 2213 εἰδώλοις

1063 2232 1085 2259 Ι)
1102 2235 1279 2272 προσφέρειν.

1140 2292 1150 2310 ‹
1177 2283 1232 2310 Καὶ
1256 2282 1330 2316 ἐρεῖς
1357 2279 1426 2316 πρὸς
1441 2279 1487 2305 τὸν
1510 2278 1576 2304 λαὸν
1603 2276 1714 2303 τοῦτον·
1734 2276 1792 2307 Πᾶς
1811 2274 1896 2306 ἀσκὸς

1102 2328 1315 2365 πληρωθήσεται
1335 2326 1418 2355 οἴνου.
1442 2335 1451 2352 ι
1477 2325 1584 2356 Ἀσκοῖς
1605 2323 1704 2354 αὐτοὺς
1722 2320 1896 2358 παρεικάζει,

1103 2376 1119 2412 ἢ
1137 2376 1183 2402 διὰ
1211 2375 1241 2402 τὸ
1259 2375 1384 2401 διάκενον
1408 2372 1456 2399 καὶ
1481 2373 1575 2406 σχῆμα
1598 2370 1680 2406 μόνον
1700 2369 1772 2404 ἔχειν
1793 2366 1898 2402 ἀνθρὼ-

1104 2431 1173 2454 πων,
1189 2421 1258 2457 seu
1276 2421 1300 2446 εἰ
1319 2418 1486 2454 βουληθεῖεν,
1505 2417 1633 2443 δύνανται
1652 2416 1700 2442 καὶ
1727 2412 1805 2445 αὖθις
1821 2412 1900 2445 δέξα-

1105 2468 1168 2496 σθαι
1180 2468 1238 2495 θεῖα
1254 2466 1403 2502 μαθήματα
1418 2464 1451 2491 τὰ
1465 2464 1515 2499 τῆς
1528 2464 1568 2495 εἰς
1582 2462 1702 2498 Χριστὸν
1715 2461 1843 2492 πίστεως.

1143 2525 1152 2541 ι
1176 2514 1242 2542 Ἰδοὺ
1259 2512 1316 2547 ἐγὼ
1333 2511 1430 2548 πληρῶ
1443 2512 1508 2542 τοὺς
1531 2512 1615 2546 ἱερεῖς
1634 2508 1801 2544 μεθύσματι.
1828 2516 1838 2534 ι
1859 2506 1900 2542 Τῇ

1104 2562 1228 2598 τιμωρίᾳ
1247 2561 1298 2596 τῆς
1313 2561 1478 2596 ἀδικήσεως.

1146 2617 1154 2633 ι
1175 2607 1241 2634 Δότε
1253 2606 1291 2642 τῷ
1309 2606 1405 2641 Κυρίῳ
1425 2605 1504 2640 ὑμῶν
1524 2603 1603 2636 δόξαν
1619 2603 1672 2638 πρὸ
1697 2602 1744 2629 τοῦ
1770 2599 1903 2628 συσκοτά-

1109 2660 1165 2678 σαι.
1192 2660 1201 2677 ι
1221 2651 1249 2677 '0
1263 2650 1365 2686 Κύριος
1379 2649 1455 2685 ὑμῶν
1478 2648 1583 2683 Ἰησοῦς
1599 2647 1718 2683 Χριστος
1732 2647 1790 2680 φῶς
1807 2646 1882 2673 ἔστιν
1894 2653 1902 2660 ’

1106 2697 1184 2730 Ἕως
1201 2695 1257 2724 οὖν
1281 2696 1375 2731 ἔχετε,
1403 2696 1482 2731 φησι,
1508 2695 1542 2722 τὸ
1564 2694 1637 2730 φῶς,
1655 2693 1840 2721 πιστεύσατε
1858 2693 1902 2724 εἰς

1105 2745 1189 2772 αὑτό.

1145 2801 1154 2817 ι
1178 2791 1233 2818 Καὶ
1259 2790 1312 2825 πρὸ
1337 2789 1383 2816 τοῦ
1405 2788 1561 2825 προσκόψαι
1581 2789 1644 2819 τοὺς
1669 2785 1758 2818 ϊιόδςις¹
1778 2784 1868 2822 ὑμῶν.
1890 2792 1901 2811 1
