2044 3144
248 224 303 256 ὀ59

793 223 1054 254 OLYMPIODORI
1073 222 1222 253 ALEXAN
1227 223 1338 253 DRINI

1834 224 1886 255 660

248 279 343 316 Neque
358 280 430 308 cnim
446 279 612 307 invenerunt
631 286 728 314 aquam
745 279 846 312 vivam,
862 287 923 314 quae
934 279 1013 307 datur
1026 287 1037 306 a

1095 278 1219 310 Ἄλλως·
1238 279 1276 306 Οὺ
1293 279 1347 315 γὰρ
1361 275 1439 315 εὖρον
1460 279 1490 306 τὸ
1507 279 1580 315 ὕδωρ
1595 278 1626 306 τὺ
1647 279 1703 312 ζῶν
1718 279 1749 306 τὸ
1765 279 1798 306 ἐκ
1818 279 1885 307 8εοῦ

251 327 314 355 Deo.

285 380 295 397 ι
318 371 458 406 Agricol.e.
478 381 487 397 ι
506 370 557 404 Qui
573 371 673 398 debent
685 371 804 406 operari.

284 417 315 444 V.
332 417 358 444 5.
381 426 391 443 ι
414 417 448 444 Εῑ
462 417 642 452 reliquerunt,
668 417 732 452 quia
751 424 806 444 non
825 421 885 444 erat
910 416 1005 444 herba.
1027 426 1036 442 ι

243 462 303 490 Nec
318 463 391 490 enim
410 467 488 490 erant
504 463 643 491 auditores
657 472 663 491 :
676 463 778 491 etenim
790 463 867 491 cibus
882 469 1039 503 sanctorum

245 508 372 544 discipuli
387 514 462 536 sunt.

282 554 315 582 V.
330 555 357 582 6.
375 564 384 580 ι
399 554 498 591 Onagri
516 559 651 583 steterunt
670 555 697 583 in
719 556 842 591 rupibus.
863 565 872 581 ι
893 554 1039 591 Ingemue-

246 606 311 630 runt
335 602 371 630 ob
395 606 553 637 pereuntes.
568 602 678 638 Onagri.
695 602 746 636 Qui
766 611 782 630 a
795 602 940 629 mundanis
957 601 1039 629 rebus

245 651 310 675 sunt
322 647 409 675 liberi.

281 692 312 719 V.
327 693 354 720 8.
375 702 385 718 ι
401 693 490 726 Quare
511 693 599 721 factus
613 702 643 721 es
660 695 730 722 sicut
742 694 855 722 colonus
871 694 898 721 in
915 694 1006 721 terra?
1026 703 1036 719 ι

245 738 280 766 Ut
292 739 368 775 quid,
392 740 439 773 ait,
459 741 546 768 nostri
569 749 662 769 curam
681 749 735 769 non
754 743 826 777 geris
841 741 879 768 uti
895 741 1038 775 Dominus,

244 785 292 812 sed
310 789 338 812 ut
352 786 466 813 colonus
476 786 594 821 despicis
606 788 617 813 ?

282 831 312 858 V.
330 833 356 859 9.
373 841 382 857 ε
396 832 537 860 Divertens
551 833 586 860 ad
601 833 791 860 diversorium.
808 843 817 859 ι
835 832 886 866 Qui
901 833 935 860 ad
948 833 1039 860 diver-

243 878 347 906 sorium
372 884 510 914 properat,
533 880 584 907 etsi
605 881 748 916 quospiam
771 881 870 908 viderit
887 881 1039 916 quomodo-

243 931 351 960 eunque
369 925 429 960 opis
456 926 607 962 auxiliique
633 927 750 962 indiges,
773 927 898 963 despicit,
922 931 950 955 et
967 935 1037 963 prae-
1055 958 1076 987 Β

245 974 306 987 ,ιι-ι.

244 974 316 999 terit.

277 1018 310 1045 V.
328 1018 371 1046 10.
399 1028 409 1045 ‹
430 1019 590 1048 Dilexerunt
605 1027 716 1047 movere
731 1021 814 1055 pedes
829 1027 903 1047 suos.
924 1030 933 1046 ι
959 1020 1036 1048 Inor-

241 1064 334 1092 dinate
353 1065 470 1097 moveri,
485 1073 597 1094 currere
615 1067 648 1094 ad
664 1067 742 1094 mala.

279 1109 310 1137 V.
335 1110 378 1138 15.
403 1120 412 1136 ι
444 1112 512 1139 Ecce
539 1111 678 1146 prophetae
701 1119 796 1139 eorum
825 1112 999 1147 prophetam.
1024 1121 1035 1139 ι

241 1153 327 1187 Quasi
341 1155 375 1182 ad
389 1156 575 1183 excusandum
597 1157 727 1191 populum
746 1157 879 1192 propheta
897 1157 974 1187 dicit.
991 1165 1039 1185 eos

241 1207 257 1226 a
272 1200 519 1236 pseudoprophetis
530 1202 650 1235 delusos,
663 1207 690 1230 et
705 1202 758 1230 duo
771 1210 819 1238 per
832 1203 884 1230 hoc
897 1202 996 1230 eﬂicit:
1011 1203 1037 1229 in

242 1247 390 1282 prophetas
406 1247 474 1275 iram
495 1249 611 1281 derivat,
638 1248 778 1284 Deumque
795 1254 886 1277 movct
899 1254 928 1277 ut
944 1250 1017 1277 dicat
1031 1260 1036 1277 :

242 1291 303 1319 Non
322 1300 368 1328 ego
385 1301 428 1320 eos
445 1294 513 1321 misi.

279 1380 312 1409 V.
332 1381 374 1409 16.
393 1391 402 1408 ι
430 1382 459 1409 Ιιι
476 1387 562 1410 morte
581 1384 709 1411 morbosa
726 1384 888 1412 morientur.
907 1395 916 1411 ι
934 1384 961 1412 in
978 1385 1038 1412 ditt-

244 1433 325 1457 turno
340 1429 446 1462 morbo,
467 1429 509 1457 cui
525 1431 618 1458 brevis
634 1438 708 1458 tnors
723 1431 892 1466 pra-ferenda
910 1432 957 1459 sit.

280 1527 288 1543 ι
308 1518 342 1545 Et
355 1523 436 1546 erunt
452 1519 568 1554 projecli
595 1518 623 1546 in
644 1519 725 1547 biviis
746 1519 907 1547 Jerusalem.
927 1529 936 1545 ι
962 1519 1037 1547 Divia

241 1569 306 1592 sunt
322 1564 478 1592 fmdissimaa
493 1565 554 1591 vim.

278 1610 309 1637 V.
328 1610 371 1637 19.
391 1619 400 1635 ‹
421 1609 549 1644 Nunquid
567 1610 729 1645 reprobans.
751 1619 760 1636 ι
782 1610 876 1638 Oratio
897 1611 1036 1645 prophetae

241 1656 275 1683 ad
287 1655 382 1689 Deum,
397 1660 424 1683 et
434 1656 570 1684 confessio
583 1664 633 1692 pro
648 1657 760 1692 populo,
779 1657 883 1692 Deique
897 1657 930 1685 ad
946 1658 1034 1692 ipsum

242 1702 395 1736 responsio.

281 1757 290 1773 ε
308 1748 342 1775 Ει
357 1755 372 1774 a
387 1747 454 1775 Sion
470 1749 585 1776 recessit
602 1749 693 1776 anima
706 1750 770 1777 tua?
788 1759 797 1775 ι
818 1749 895 1777 Sicut
917 1750 1037 1778 humana

241 1793 327 1830 ﬁgura
347 1794 432 1821 Deum
456 1793 596 1830 Scriptura
613 1795 713 1831 eliigiat
728 1796 818 1824 omnis
833 1796 924 1832 figure:
938 1805 1037 1832 exper-

242 1845 308 1873 tem,
326 1841 365 1868 sic
382 1845 409 1868 et
429 1841 462 1868 de
480 1841 592 1869 homine
608 1847 768 1877 usurpatum
785 1847 828 1871 est
849 1843 927 1876 illud,
939 1844 1038 1870 Anima

242 1891 288 1915 tua
304 1891 410 1914 mortua
427 1892 477 1915 est.
494 1887 541 1915 Vel
551 1888 722 1923 prophetice,
736 1889 809 1923 quod
832 1889 954 1916 futurum
968 1893 1037 1921 erat,

241 1939 273 1961 ut
287 1934 358 1961 Dens
368 1933 488 1962 Verbum
505 1938 616 1970 propter
632 1942 681 1962 nos
695 1935 777 1962 homo
790 1935 876 1963 ﬁeret.

278 1979 309 2007 V.
330 1981 374 2009 2‘2.
390 1990 399 2007 ι
423 1980 500 2014 Quod
517 1981 539 2008 si
556 1981 655 2008 cmlum
680 1981 756 2009 dabit
774 1981 928 2010 satietatem
947 1991 1036 2015 suam,

242 2034 334 2054 nonne
353 2031 381 2054 tu
402 2034 432 2054 es
452 2026 548 2061 ipse?»
562 2026 618 2053 Nec
636 2026 771 2060 caelestes,
797 2027 895 2062 inquit,
911 2028 1035 2062 virtutes,

242 2072 294 2100 nisi
316 2078 341 2100 te
355 2072 523 2100 concedente
540 2072 612 2100 bona
623 2072 715 2108 largiri
732 2077 856 2108 possunt.

279 2128 289 2145 ‹
307 2118 340 2146 Et
351 2118 548 2147 sustinebimus
561 2123 597 2152 te,
611 2118 734 2151 Domine,
757 2119 821 2154 quia
842 2118 929 2147 iecisti
945 2120 1036 2147 omnia

242 2163 311 2192 haec.
330 2173 340 2190 ι
367 2164 419 2196 Tu,
435 2163 533 2199 inquit,
551 2171 592 2196 es,
608 2167 636 2191 et
651 2171 708 2191 non
731 2163 813 2197 alius,
833 2163 879 2199 qui
895 2168 922 2192 et
937 2172 1037 2200 corro-

241 2217 319 2238 reum
336 2209 427 2243 nobis,
442 2214 470 2238 et
482 2210 651 2245 spiritualem
668 2210 829 2246 suppeditas
842 2210 970 2239 imbrem.

561 2343 639 2373 CAP.
655 2342 712 2371 XV.

275 2390 349 2420 VA.
365 2400 375 2418 ι
389 2391 423 2419 Et
437 2391 504 2419 dixit
518 2390 651 2418 Dominus
664 2389 699 2416 ad
716 2396 759 2416 me
775 2387 820 2416 :Si
834 2389 941 2416 steterit
958 2388 1033 2426 Moy-

239 2444 294 2469 ses.
312 2441 340 2465 et
365 2436 485 2470 Samuel,
505 2446 515 2463 ι
533 2441 587 2464 etc.
604 2435 721 2471 Moyses,
742 2434 788 2470 qui
804 2434 928 2462 dicebat:
953 2434 982 2462 Si
994 2444 1034 2462 re-

239 2489 326 2511 mum
343 2484 395 2511 illis
408 2488 554 2517 peccatum,
579 2482 704 2510 remitte:
721 2481 765 2508 sed
776 2485 800 2508 et
818 2489 859 2508 me
869 2481 926 2508 dele
940 2489 953 2507 ε
969 2480 1035 2508 libra

240 2535 285 2557 tuo
299 2530 358 2563 hoc,
377 2530 406 2557 in
421 2537 472 2565 quo
494 2530 622 2564 scripsisti
633 2529 662 2562 ';
678 2531 705 2556 et
728 2527 847 2560 Samuel,
867 2527 914 2563 qui
928 2531 956 2555 ct
971 2527 1035 2554 Saul

239 2575 411 2612 iniquitatem
427 2575 614 2611 deplorabat'.

278 2632 288 2648 ι
307 2622 381 2657 Ejice
400 2621 470 2655 illos,
488 2625 516 2649 et
528 2620 711 2656 egrediantur.
733 2629 742 2646 )
763 2620 823 2647 Non
837 2625 879 2648 est
897 2619 969 2647 Deus
988 2619 1035 2655 qui

239 2668 338 2704 rejicit,
364 2667 412 2696 sed
434 2667 592 2703 iniquitates
609 2671 708 2695 nostra:
730 2666 856 2694 dividunt
874 2667 946 2693 inter
959 2666 1034 2693 illum

238 2720 268 2742 et
282 2722 344 2742 nos.

276 2759 308 2787 V.
329 2760 355 2787 5.
373 2769 382 2786 ι
397 2759 520 2788 Gladium
539 2759 572 2786 ad
587 2759 753 2786 occisionem
779 2761 806 2784 et
820 2764 911 2784 canes.
934 2767 943 2782 ι
967 2755 1033 2785 Post

239 2806 396 2834 sensibilem
412 2806 531 2843 gladium
553 2805 714 2841 spiritalem.
730 2803 790 2831 fulsi
805 2803 926 2831 nominis
940 2804 1032 2839 cogni~

239 2853 352 2881 lienem.
381 2853 470 2881 Canes
503 2860 569 2880 vero
598 2851 631 2878 de
667 2850 766 2886 quibus
797 2849 887 2876 aiebat
915 2849 1032 2884 ApOsto-

239 2898 282 2926 ius
298 2899 318 2915 '°
334 2908 340 2926 ε
355 2899 456 2927 Cavete
473 2907 488 2926 a
506 2899 631 2930 canibus,
645 2901 740 2925 cavete
756 2904 769 2923 ιι
785 2896 863 2924 mulis
885 2896 1030 2931 operariis.

276 2965 286 2982 '
303 2965 387 2994 Exod.
402 2973 486 2997 λλχιι,
501 2965 544 2991 31.
583 2965 593 2979 ν
614 2963 622 2991 ι
637 2964 700 2999 ilcg.
721 2971 764 2995 xv,
780 2963 824 2989 3-3.

1090 325 1243 361 διδόμενον.

1129 381 1139 398 ‹
1156 371 1189 398 Οἱ
1205 372 1334 407 γεωργοί.
1354 382 1362 398 ι
1380 372 1411 399 0i
1426 371 1584 406 ὀφείλοντες
1599 371 1778 407 ἐργάζεσθαι.

1128 427 1137 444 ‹
1158 418 1213 445 Καὶ
1226 418 1420 452 ἐγκατέλιπον,
1436 419 1479 445 ὅτι
1497 417 1548 456 οὐκ
1562 415 1596 453 ἢν
1613 417 1725 453 βοτάνη.
1746 427 1755 444 ι
1780 417 1818 444 Οὐ
1831 417 1885 454 γὰρ

1089 462 1160 500 ἦσαν
1176 466 1201 491 οἱ
1217 464 1376 496 ἀκούοντες.
1391 464 1487 500 Τροφὴ
1505 464 1559 500 γὰρ
1574 463 1629 491 τῶν
1646 463 1733 498 ἁγίων
1754 465 1778 490 oi.
1795 464 1886 490 αὐτῶν

1092 511 1224 547 μαθηταί.

1128 567 1138 584 t
1170 559 1302 594 Ὀναγροι
1327 558 1446 594 ἔστησαν
1471 558 1519 584 ἐπὶ
1548 557 1650 589 νάπας.
1684 566 1694 583 ›
1723 556 1887 590 Ἐστέναξαν

1091 604 1138 631 ἐπὶ
1153 606 1210 636 τοῖς
1225 605 1437 639 ἀπολλυμένοις.
1459 605 1611 640 'Orarpat.
1630 604 1662 631 0i
1674 604 1730 631 τῶν
1744 604 1886 639 κοσμικῶν

1091 652 1267 688 πραγμάτων
1282 651 1434 687 ἐλεύθεροι.

1130 708 1139 724 ι
1155 698 1215 726 ’Ίνα
1230 699 1256 725 τι
1274 698 1410 734 ὲγενήθης
1424 697 1491 724 ὡσεὶ
1507 698 1642 733 πάροικος
1657 697 1703 724 ἐπὶ
1723 696 1773 732 τῆς
1793 696 1856 731 γῆς.
1873 704 1883 722 ›

1091 744 1152 771 Ἵνα
1165 744 1203 776 τι,
1223 744 1316 779 φησὶν,
1336 744 1367 770 οὺ
1385 744 1456 780 κήδῃ
1472 743 1552 787 ἡμῶν
1575 742 1613 775 ὡς
1644 742 1794 776 Δεσπότης,
1816 741 1886 768 ἀλλὰ

1091 791 1217 826 παρορᾷς
1231 790 1299 817 ὡσεὶ
1314 790 1448 826 πάροικος
1457 798 1464 823 ;

1129 846 1138 862 ι
1165 835 1314 863 Ἐκκλίνων
1334 836 1376 868 εις
1393 835 1550 871 κατάλυμα.
1569 843 1579 861 ι
1600 834 1630 861 '0
1649 833 1830 868 ἐπειγόμενος
1845 833 1885 864 εἰς

1090 882 1238 918 κατάλυμα
1249 881 1362 916 φθάσαι,
1383 881 1435 909 κᾶν
1451 881 1492 917 ἴδῃ
1501 881 1579 913 τινὰς
1592 879 1717 907 ὁπωσοῦν
1729 879 1883 915 χρῄζοντας

1093 927 1235 963 βοηθείας,
1253 928 1375 963 παρορᾷ,
1389 927 1438 954 καὶ
1451 926 1635 962 παρατρέχει.

1129 1023 1138 1040 ‹
1167 1013 1332 1049 Ἠγάπησαν
1359 1013 1445 1040 κινεῖν
1476 1012 1561 1043 πὸδκς
1587 1010 1688 1038 αὐτῶν.
1712 1019 1722 1037 ι
1744 1009 1884 1041 Ἀτάκτως

1091 1059 1236 1093 κινεῖσθαι,
1252 1059 1362 1095 τρέχειν
1377 1060 1418 1090 εἰς
1431 1058 1464 1085 τὰ
1480 1057 1563 1084 κακά.

1129 1115 1139 1132 ι
1165 1105 1232 1133 Ἰδοὺ
1258 1106 1282 1132 οἱ
1296 1105 1436 1141 προφῆται
1458 1103 1549 1130 αὐτῶν
1569 1101 1786 1138 προφητεύουσι.
1807 1110 1816 1126 ι
1840 1101 1884 1132 Ὠς

1092 1151 1301 1188 ὑπεραπολογού
1306 1160 1387 1186 μενος
1400 1150 1448 1177 τοῦ
1460 1150 1526 1177 λαοῦ
1543 1151 1558 1176 ὁ
1572 1149 1718 1185 προφήτης
1731 1147 1826 1183 φησὶν,
1841 1148 1884 1174 ὅτι

1090 1195 1123 1234 Di
1136 1198 1360 1234 ψευδοπροφῆται
1377 1197 1477 1229 αὐτοὺς
1499 1196 1645 1224 ἀπατῶσι·
1661 1197 1709 1222 καὶ
1725 1194 1773 1221 δύο
1792 1193 1885 1220 ἐντεῦ-

1085 1240 1139 1293 ἶθεν
1159 1243 1398 1280 πραγματεύεται·
1426 1243 1542 1278 μετάγει
1566 1243 1615 1278 τὴν
1641 1241 1728 1277 ὀργὴν
1751 1241 1798 1267 ἐπὶ
1819 1240 1884 1293 τοὺξ

1092 1291 1246 1326 προφήτας,
1261 1291 1310 1317 καὶ
1329 1290 1477 1326 προτρέπει
1497 1289 1587 1323 λέγειν
1606 1288 1684 1322 Θεὸν,
1700 1287 1740 1314 ὅτι
1756 1287 1814 1312 Οὐκ
1827 1284 1884 1320 ἐγὼ

1088 1338 1191 1369 αὐτοὺς
1207 1337 1366 1364 ἀπέστειλα.
1755 1335 1760 1339 ’

1130 1393 1139 1410 t
1151 1384 1196 1411 Ἐν
1207 1383 1316 1418 θανάτῳ
1331 1392 1391 1410 vocre
1397 1383 1435 1419 ρῷ
1452 1381 1679 1410 ἀποθανοῦνται.)
1704 1380 1748 1407 Ἐν
1761 1385 1884 1415 παρατε-

1086 1424 1198 1467 ἷταμένῃ
1214 1431 1296 1465 νόσῳ,
1311 1429 1349 1462 ὡς
1363 1430 1411 1457 τοῦ
1433 1430 1571 1465 συντόμου
1597 1428 1716 1455 θανάτου
1733 1424 1884 1462 αἱρετωτέ-

1093 1486 1142 1513 ρου
1157 1476 1351 1512 τυγχάνοντος.

1129 1532 1139 1548 ‹
1160 1523 1216 1549 Καὶ
1229 1522 1337 1549 ἔσονται
1352 1521 1515 1558 ἐρριμμένοι
1529 1522 1559 1548 ὲν
1578 1521 1640 1552 ταῖς
1665 1519 1763 1551 διόδοις
1784 1517 1884 1553 Ἰερου-

1093 1569 1195 1605 σαλήμ.
1215 1578 1224 1595 ι
1239 1568 1325 1595 Διοδοι
1339 1569 1409 1595 εἰσιν
1425 1569 1454 1595 αι
1469 1568 1605 1603 αἴσχιστοι
1616 1566 1683 1594 ὁδοί,

1130 1624 1139 1641 ‹
1160 1615 1206 1650 Μὴ
1221 1615 1443 1650 ἀποδοκιμάζων.
1461 1623 1470 1639 ι
1483 1614 1582 1649 Δέησις
1594 1613 1642 1640 τοῦ
1657 1612 1800 1648 προφήτου
1813 1609 1884 1645 πρδς

1088 1661 1166 1694 Θεὸν,
1191 1661 1239 1688 καὶ
1262 1661 1462 1697 ἐξομολόγησις
1481 1661 1552 1696 ὑπὲρ
1575 1659 1621 1687 τοῦ
1640 1659 1705 1687 λαοῦ
1717 1680 1725 1693 ,
1748 1659 1796 1685 καὶ
1814 1656 1883 1684 Θεοῦ

1089 1707 1157 1743 πρὸς
1174 1707 1256 1734 αὐτὸν
1271 1707 1432 1743 ἀπόκρισις.

1125 1763 1135 1780 ‹
1156 1754 1212 1781 Καὶ
1239 1753 1293 1781 ἀπὸ
1306 1753 1377 1781 Σιὼν
1400 1754 1509 1789 ἀπέστη
1527 1754 1544 1789 ὴ
1567 1753 1641 1789 ψυχή
1657 1761 1721 1785 σου;
1740 1762 1749 1778 ι
1777 1751 1883 1787 Ὥσπερ

1088 1797 1273 1833 ἀνθρωπίνως
1289 1798 1439 1833 διαμορφοῖ
1453 1797 1500 1824 τὸν
1516 1797 1607 1833 Θεδνὴ
1627 1796 1723 1833 Γραφὴ
1736 1796 1782 1823 τὸν
1795 1797 1883 1831 ἀσχη-

1089 1843 1232 1878 μάτιστον,
1248 1842 1336 1875 οὕτως
1355 1845 1401 1870 καὶ
1417 1844 1455 1874 ὡς
1473 1843 1519 1869 ἐπὶ
1535 1842 1734 1878 ἁνθρώπου,Ἦ
1747 1842 1820 1876 ψυχή
1833 1849 1881 1867 σου

1088 1887 1230 1923 τέθνηκεν.
1246 1889 1281 1914 Ἦ
1298 1888 1488 1923 προφητικῶς,
1506 1889 1546 1915 ὅτι
1560 1887 1698 1924 ἐμελλενὸ
1714 1887 1780 1918 Θεὸς
1796 1886 1884 1920 Λόγος

1088 1933 1122 1960 δι’
1138 1934 1212 1969 ἡμᾶς
1227 1933 1372 1967 ἄνθρωπος
1389 1934 1545 1968 γίγνεσθαι.

1125 1990 1135 2006 ι
1153 1980 1207 2007 Καὶ
1230 1981 1256 2006 εἰ
1270 1981 1284 2007 ὁ
1298 1980 1412 2016 οὐρανὸς
1428 1980 1510 2007 δώσει
1527 1979 1689 2016 πλησμονὴν
1710 1978 1804 2011 αὐτοῦ,
1821 1977 1882 2012 οὐχὶ

1089 2026 1121 2053 σὺ
1141 2026 1239 2058 αὑτό;;
1256 2035 1265 2052 ι
1291 2026 1358 2052 Οὐδὲ
1380 2027 1407 2052 αἱ
1422 2027 1560 2062 οὐράνιαι,
1586 2025 1664 2061 φησὶ,
1680 2025 1810 2060 δυνάμεις
1822 2024 1883 2059 δίχα

1088 2073 1137 2108 τῆς
1154 2073 1204 2108 σῆς
1219 2073 1374 2108 ἐπιτροπῆς
1389 2073 1519 2100 δύνανται
1532 2074 1663 2108 χορηγεῖν
1674 2072 1776 2106 ἀγαθά.

1126 2129 1135 2144 ι
1157 2119 1212 2146 Καὶ
1230 2119 1422 2154 ὑπομενοῦμεν
1447 2128 1488 2152 σε,
1507 2119 1605 2154 Κύριε,
1625 2119 1666 2145 ὃτι
1692 2119 1724 2145 σὺ
1749 2117 1882 2152 ὲποῖησας

1087 2166 1178 2192 πάντα
1195 2165 1292 2193 ταῦτα.
1313 2174 1323 2190 ›
1347 2165 1384 2192 Σὺ
1411 2163 1446 2196 εἴ,
1473 2165 1551 2200 φησι,
1578 2165 1626 2192 καὶ
1647 2164 1697 2199 οὐχ
1719 2163 1814 2199 ἕτερός
1838 2171 1881 2195 τις

1087 2213 1101 2238 ὁ
1117 2212 1164 2238 καὶ
1179 2211 1225 2238 τὸν
1241 2211 1371 2247 αἰσθητὸν
1388 2211 1454 2247 ἡμῖν
1480 2212 1528 2238 καὶ
1544 2211 1589 2238 τὸν
1613 2211 1802 2247 πνευματικὸν
1817 2218 1882 2246 χορ‹

1088 2257 1164 2293 ηγῶν
1180 2257 1270 2284 ὑετόν.

1382 2325 1507 2353 ΚΕΦΛΛ.
1526 2326 1575 2353 iE'.

1122 2395 1132 2411 ‹
1151 2384 1206 2412 Καὶ
1229 2383 1290 2411 εἷπε
1308 2384 1410 2420 Κύριος
1427 2384 1497 2420 πρός
1518 2393 1563 2420 με,
1593 2383 1656 2410 Ἐὰν
1682 2384 1731 2419 στῇ
1747 2383 1880 2418 Μωυσῆς,

1084 2432 1131 2458 καὶ
1152 2431 1291 2467 Σαμουὴλ.
1320 2441 1329 2458 ι
1354 2431 1477 2466 Μωυσῆς
1498 2431 1512 2458 ὁ
1536 2430 1634 2465 λέγων,
1654 2431 1688 2457 El
1711 2431 1771 2465 μὲν
1796 2429 1880 2464 ἀφῇς

1083 2480 1187 2512 αὐτοῖς
1199 2479 1256 2513 τὴν
1268 2479 1425 2514 ἁμαρτίαν,
1437 2478 1513 2513 ἄφες
1522 2486 1529 2494 ·
1545 2477 1611 2505 ἐπεὶ
1627 2478 1703 2512 κάμὲ
1713 2477 1882 2511 ἐξάλειψον

1083 2525 1117 2552 ἐκ
1134 2524 1189 2560 τῆς
1205 2525 1317 2557 ,βίϐλου
1331 2533 1390 2552 σου
1406 2526 1528 2559 ταύτης,
1544 2522 1582 2560 ἧς
1592 2524 1743 2559 ἔγραψας·
1761 2524 1808 2550 καὶ
1828 2524 1881 2550 Σα-

1086 2571 1174 2607 μουὴλ
1188 2571 1201 2598 ὁ
1215 2572 1262 2598 καὶ
1273 2571 1323 2607 τὴν
1336 2571 1383 2598 τοῦ
1401 2571 1489 2598 Σαοὺλ
1500 2571 1642 2607 ἁμαρτίαν
1658 2571 1774 2598 πενθῶν.

1122 2628 1132 2645 ‹
1157 2618 1363 2651 Ἐξαπόστειλον
1376 2618 1487 2650 αὐτοὺς,
1516 2618 1563 2645 καὶ
1579 2617 1774 2651 ὲξελϐἐτωσαν.
1794 2626 1804 2643 ι
1823 2617 1880 2652 Οἰιχ

1084 2664 1097 2690 ὁ
1109 2663 1175 2696 Θεὸς
1193 2663 1332 2695 ἐκϐάλλει,
1357 2663 1415 2691 ἀλλ’
1430 2664 1458 2690 αι
1479 2663 1558 2698 ἡμῶν
1574 2663 1707 2699 ἁμαρτίαι
1727 2662 1877 2695 διιστῶσιν,

1084 2709 1222 2745 ἀναμέσον
1238 2709 1317 2745 ἡμῶν
1333 2710 1380 2736 καὶ
1397 2709 1492 2736 αὐτοῦ.

1127 2766 1137 2783 ε
1153 2757 1301 2792 Μάχαιραν
1318 2758 1358 2788 εἰς
1374 2756 1493 2792 σφαγὴν,
1513 2757 1559 2783 καὶ
1579 2757 1641 2788 τοὺς
1657 2755 1752 2787 κύνας.
1769 2765 1778 2781 ι
1799 2754 1878 2781 Μετὰ

1087 2803 1149 2839 [ἀλ.
1183 2803 1253 2838 μετᾶ
1279 2803 1309 2830 τὸ
1323 2802 1461 2838 αἰσθητόν]
1487 2803 1537 2838 τὴν
1565 2802 1708 2836 αἰσθητὴν,
1738 2801 1879 2836 μάχαιραν

1086 2849 1193 2884 νοητὴν.
1206 2848 1382 2884 ψευδώνυμον
1395 2848 1504 2882 γνῶσιν.
1521 2848 1613 2879 Κύνας
1625 2847 1653 2873 δὲ
1674 2846 1737 2881 περὶ
1751 2842 1788 2873 ὧν
1800 2843 1878 2872 εἶπεν

1085 2896 1099 2922 ὁ
1121 2895 1300 2927 Ἀπόστο).ος·
1331 2894 1447 2922 Βλέπετε
1473 2895 1535 2926 τοὺς
1555 2893 1638 2924 κύνας
1651 2913 1658 2925 ,
1678 2891 1792 2927 βλέπετε
1814 2891 1879 2923 τοὺς

865 2962 887 2977 ¹⁰
902 2962 1001 2997 l‘hilip.
1017 2962 1095 2996 111,2.
