2044 3144
256 219 310 252 667

800 218 1061 250 OLYMPIODORI
1081 219 1348 250 ALEXANDRINI

1848 217 1902 252 668

254 282 408 303 aerumnosa
425 279 453 302 et
475 274 672 303 csamiuatrice
699 275 745 302 die
757 275 852 310 iudicii
867 283 922 302 non
943 275 1045 302 utalie-

1103 275 1151 310 τῆς
1184 274 1302 310 κρίσεως
1334 273 1427 310 ἡμέρᾳ.
1457 272 1494 309 μὴ
1519 272 1556 305 ὥς
1583 273 1725 308 ἀλλότριος
1751 273 1800 300 καὶ
1825 274 1902 301 ἀντί-

255 328 308 348 nus
321 325 346 348 et
364 321 536 348 adversarius
554 329 695 357 oppugnes
709 329 761 352 me,
785 321 907 354 Domine,
918 321 965 349 sed
988 329 1050 357 par-

255 373 320 394 ecns
329 366 396 394 mihi
408 367 508 394 delicta
525 375 585 395 mea
597 367 664 395 mihi
675 368 794 395 remitte.

290 411 322 439 Υ.
341 414 381 441 l8.
395 423 404 439 1
417 413 636 442 Confundantur.
654 423 663 440 ι
684 414 859 442 υιυιιιοηίὺυε
872 418 1048 449 imprecetur,

253 465 309 485 non
323 459 398 486 enim
412 459 468 486 vult
486 464 596 486 sanctus
617 460 657 486 vir
679 459 806 487 homines
823 460 959 495 perpetuis
972 460 1050 487 addi-

254 512 318 531 cere
335 505 488 540 suppliciis,
507 505 637 540 quoniam
653 510 680 532 et
699 506 851 540 iniquitatis
864 510 927 533 sunt
951 505 1050 532 inven-

254 554 338 583 tores,
353 555 381 578 et
394 555 520 579 auctores
536 551 692 580 hominibus
708 557 736 579 et
752 553 885 587 magistri.

288 643 321 670 ν.
341 644 386 670 24.
404 653 413 669 1
427 643 462 672 Ut
474 652 528 671 non
546 644 679 672 inferatis.
701 654 711 669 ι
730 643 857 671 Mensura
871 648 945 671 certa
967 643 1049 671 itinc-

253 689 292 716 ris
306 695 365 717 erat
379 698 385 716 :
402 698 471 725 opus
491 691 728 719 cnim-videbatur
741 698 802 718 esse
826 690 933 726 longius
950 690 999 723 ire,
1021 694 1049 718 et

254 734 307 762 hoc
322 739 364 763 est
378 737 449 771 quod
466 736 492 763 in
502 736 615 764 Actibus
636 737 821 771 apostolorum
835 735 932 771 legitur
953 743 959 762 :
979 734 1048 762 Sab-

253 781 309 808 bali
324 782 422 809 habens
433 783 484 809 iter
500 783 532 810 ".

290 826 379 855 v.27.
411 829 469 855 1Et
494 828 652 856 acccndam.
670 838 679 854 ι
707 828 789 856 Facta
817 827 1048 864 inexstinguibilis

253 872 324 908 ignis
338 874 477 902 mentione
489 875 637 902 meditandi
651 873 729 901 uobis
742 881 835 901 ansam
847 873 959 908 priebct,
976 873 1048 908 quod

252 919 405 954 iniquitatis
423 921 544 955 pondera
561 928 616 948 non
631 920 814 956 deponentem
843 920 962 947 animam
990 927 1048 947 ma-

252 969 301 993 net
317 966 387 1002 ignis
402 970 533 995 aeternus.

548 1022 626 1051 CAP.
656 1021 750 1049 XVIII.

291 1067 322 1094 ν.
337 1067 364 1096 4.
385 1077 394 1094 1
413 1067 445 1096 Et
461 1076 579 1096 rursum.
602 1078 610 1094 ι
629 1069 694 1096 Eam
715 1076 776 1103 quae
787 1076 819 1096 ex
844 1067 981 1103 baptismo
997 1067 1048 1095 ha-

251 1113 333 1142 betur
348 1122 446 1142 novam
462 1114 654 1143 formationem
672 1115 783 1143 iudicat.

291 1169 301 1185 1
319 1159 397 1188 Sicut
419 1161 567 1195 placuerat.
595 1170 605 1187 ι
629 1161 687 1188 Non
711 1162 812 1188 bonum
834 1161 975 1189 voluntate
1000 1165 1048 1189 aut

251 1206 354 1233 malum
373 1215 380 1233 :
397 1207 448 1234 hoc
458 1207 531 1234 enim
560 1207 703 1234 electionis
716 1211 758 1234 cst
772 1211 799 1234 et
823 1206 903 1234 liberi
929 1206 1045 1240 arbitrii,

252 1252 326 1280 unde
338 1256 365 1279 et
379 1252 570 1287 delinquentes
588 1252 777 1287 paenitentiam
790 1260 870 1285 agerc
884 1253 1048 1288 przecipiun-

252 1302 299 1325 tur
323 1308 330 1326 :
357 1298 405 1326 sed
436 1299 489 1326 tale
517 1307 565 1334 per
590 1298 792 1326 formationem.
830 1298 967 1327 Doccmur
996 1300 1047 1335 igi-

254 1348 298 1372 tur
310 1352 364 1371 non
379 1343 487 1372 curiose
517 1344 674 1372 examinare
702 1344 908 1380 inexplicabiles
929 1345 1047 1373 creatio-

253 1390 296 1417 nis
310 1390 418 1418 modos.

288 1434 355 1468 V.,9.
375 1445 384 1461 1
397 1434 429 1463 Et
440 1435 473 1463 ad
489 1435 571 1462 [incm
583 1435 688 1470 loquar.
707 1444 717 1461 ›
734 1434 761 1463 Si
775 1435 938 1463 sententiam
950 1441 1048 1472 protu-

252 1479 321 1509 lero.

286 1526 319 1554 ν.
337 1527 380 1554 II.
402 1536 411 1552 1
426 1527 496 1554 Ecce
521 1535 570 1563 ego
594 1527 674 1562 ﬁngo.
694 1537 703 1553 ι
732 1527 850 1556 Ρωηαιία
877 1528 947 1555 mala
962 1528 1046 1557 intel-

251 1571 321 1608 ligit,
337 1577 364 1600 et
374 1573 502 1608 quoniam
512 1573 638 1601 homines
649 1581 704 1601 non
716 1574 838 1601 omnium
852 1582 964 1602 suorum
979 1583 1047 1611 pec-

1104 321 1178 353 δικος
1202 322 1405 356 ἀντικαταπῇς
1425 329 1480 356 μοι,
1497 317 1520 347 ὦ
1542 320 1640 356 Κύριε,
1658 320 1727 348 ἀλλὰ
1740 320 1901 356 φειδόμενός

1106 378 1157 406 μου
1173 370 1353 406 συγχώρησόν
1370 378 1415 405 μοι
1428 369 1462 396 τὰ
1473 370 1672 405 ἁμαρτήματα.

1142 424 1151 441 1
1168 416 1222 441 Καὶ
1233 415 1537 450 καταισχυνθήτιοσαν.»
1552 416 1622 447 Τοὺς
1632 415 1762 451 δαίμονας
1777 417 1900 452 καταρᾶ-

1103 469 1164 487 ται·
1182 461 1211 488 οὑ
1229 462 1282 497 γὰρ
1299 461 1425 497 βούλεται
1441 462 1454 487 ό
1469 461 1547 496 ἅγιος
1558 462 1722 498 ἀνθρώπους
1732 464 1765 498 τῇ
1777 462 1900 498 διηνεκεῖ

1104 507 1271 542 παραδοῦναι
1290 507 1414 534 κολάσει⁸
1433 508 1474 534 ὅτι
1490 508 1537 534 καὶ
1553 508 1605 543 τῆς
1622 507 1723 539 κακίας
1736 508 1806 534 εἰσὶν
1815 509 1898 542 ἐφευε

1105 555 1181 589 ρεταὶ
1207 555 1254 582 καὶ
1276 555 1486 589 ὲπαναγκασταὶ
1509 555 1567 586 τοῖς
1581 554 1737 590 ἀνθρώποις
1755 555 1804 582 καὶ
1822 554 1899 581 διδά-

1104 600 1210 628 σκαλοι.

1110 639 1112 642 .
1141 656 1151 673 1
1171 647 1224 674 Τοῦ
1246 647 1284 683 μὴ
1301 647 1448 682 εἰσφέρειν.
1461 655 1470 672 ι
1488 645 1596 682 Μέτρον
1615 645 1733 680 φανερὸν
1752 645 1877 678 ἐϐάδιζον
1889 654 1897 661 ·

1102 692 1132 719 τὸ
1146 692 1201 728 γὰρ
1221 693 1261 724 είς
1285 692 1372 728 μῆκος
1389 691 1503 723 ὁδεύειν,
1531 691 1612 727 ἔργον
1633 689 1704 717 εἶναι
1724 691 1829 723 ἐδόκει,
1850 691 1898 718 καὶ

1101 738 1181 766 τοῦτὸ
1211 740 1269 766 ἐστι
1293 739 1323 765 τὸ
1346 739 1374 766 ἐν
1404 739 1465 770 ταῖς
1489 738 1620 774 Πράξεσι,
1639 736 1792 764 Σαϐὅὰτου
1817 737 1898 771 ἔχων

1102 784 1184 812 ὀδόν.

1139 839 1149 855 1
1168 830 1224 857 Καὶ
1242 830 1348 865 ἀνάψω.
1363 839 1372 855 ι
1396 829 1544 856 Ἀσῦέστου
1561 827 1648 864 πυρὸς
1669 827 1864 863 μνημονεύσας
1883 829 1897 854 ὁ

1100 876 1191 911 λόγος,
1214 876 1254 908 εἰς
1272 875 1390 912 θεωρίας
1409 877 1485 911 ἡμᾶς
1509 875 1708 910 παραπέμπει,
1723 875 1765 901 ὅτι
1786 873 1837 909 τὴν
1858 872 1896 909 μὴ

1101 924 1304 960 ἁποτιθεμένην
1325 924 1359 950 τὰ
1376 923 1475 960 φορτία
1497 923 1547 959 τῆς
1567 923 1706 959 ἁμαρτίας
1726 921 1825 957 ψυχὴν,
1840 920 1897 956 πῦρ

1065 961 1087 988 Β
1102 971 1212 998 αἰώνιον
1227 971 1346 1006 δέχεται.

1391 1016 1503 1043 ΚΕΦΑΛ
1510 1035 1517 1042 .
1537 1015 1591 1042 ΙΗ’.

1139 1073 1148 1090 1
1165 1064 1222 1091 Καὶ
1236 1063 1329 1091 πάλιν.
1349 1072 1359 1089 ι
1379 1062 1435 1098 Τὴν
1450 1061 1496 1089 διὰ
1507 1061 1554 1089 τοῦ
1568 1060 1760 1097 βαπτίσματος
1774 1059 1896 1087 ἀνάπλα-

1101 1115 1143 1135 σιν
1154 1108 1313 1135 αἰνίττεται.

1138 1165 1147 1181 1
1168 1155 1267 1187 Καθὼς
1283 1155 1394 1192 ήρεσεν.
1416 1163 1425 1180 i
1444 1154 1481 1182 Οὐ
1497 1153 1580 1181 καλὸν
1601 1153 1651 1189 τὴν
1665 1153 1790 1189 γνώμην,
1809 1153 1826 1189 ἢ
1844 1161 1896 1180 κα-

1099 1199 1157 1226 κόν.
1172 1199 1258 1225 Τοῦτο
1281 1199 1336 1234 γὰρ
1347 1200 1397 1234 τῆς
1417 1198 1616 1234 προαιρέσεως,
1633 1197 1740 1225 καὶτοῦ
1762 1196 1895 1230 αὐτεξου-

1100 1245 1157 1272 σίου
1170 1253 1179 1262 ·
1198 1245 1294 1280 ἀμέλει
1313 1245 1361 1272 καὶ
1381 1245 1586 1280 ἁμαρτάνοντες
1601 1245 1745 1280 μετανοεῖν
1769 1244 1896 1271 κελεύον-

1098 1300 1144 1318 ται
1158 1299 1164 1307 ·
1179 1291 1248 1318 ἀλλὰ
1267 1291 1368 1318 τοιόνδε
1385 1291 1434 1327 τὴν
1449 1291 1561 1318 πλάσιν.
1582 1289 1773 1325 Διδασκόμεθα
1789 1287 1836 1316 οὖν
1856 1288 1895 1325 μὴ

1099 1337 1340 1372 πολυπραγμονεῖν
1360 1338 1424 1369 τοὺς
1446 1336 1609 1372 ἀνεφίκτους
1635 1337 1685 1371 τῆς
1709 1335 1895 1371 δημιουργίας

1096 1383 1226 1415 τρόπους.

1115 1392 1319 1464 ρῗίέίὶπέρας
1333 1427 1456 1462 λαλήσω.
1473 1436 1483 1453 ι
1508 1426 1572 1454 Ἐὰν
1586 1426 1796 1462 ἀποφαίνωμαι.

1140 1530 1149 1547 1
1161 1520 1228 1547 Ἰδοὺ
1244 1519 1301 1553 ἐγὼ
1311 1518 1452 1546 πλάσσω.»
1464 1517 1544 1545 Κατὰ
1554 1517 1605 1550 τὰς
1624 1515 1762 1549 κακώσεις
1787 1517 1838 1549 τὰς
1854 1525 1894 1544 τι-

1100 1566 1271 1603 μωρητικὰς,
1287 1566 1382 1601 φησὶν,
1410 1565 1457 1592 καὶ
1480 1564 1634 1599 ἐπειδήπερ
1658 1564 1685 1589 οἱ
1704 1563 1845 1599 ἄνθρωποι
1862 1563 1895 1590 οὐ

251 1622 374 1646 catorum
392 1619 551 1646 memoriam
576 1620 687 1647 habent.
714 1619 810 1655 Fingo,
836 1620 875 1648 ait
891 1630 897 1648 :
912 1621 957 1648 illa
980 1609 1045 1649 ante

1098 1613 1208 1640 πάντων
1217 1612 1273 1639 τῶν
1286 1611 1496 1648 ἁμαρτημάτων
1507 1609 1598 1637 αὐτῶν
1616 1609 1778 1645 μέμνηνται.
1796 1609 1895 1636 Πλάτ-

251 1665 346 1692 oeulos
360 1668 466 1692 vestros
479 1673 563 1700 pono,
581 1669 610 1693 ut
633 1666 761 1701 patiendo
776 1674 808 1694 ea
828 1667 1045 1696 reminiscamini
1063 1658 1079 1661 ᾔ
1096 1667 1146 1690 των
1176 1658 1260 1694 φησίν

251 1717 313 1744 qua
329 1711 477 1745 peccastis‘.

287 1755 377 1783 v.12.
394 1766 403 1782 1
422 1757 456 1784 Et
469 1756 606 1785 dixerunt.
626 1767 636 1784 ι
661 1757 819 1786 Petulanter
847 1758 931 1787 locuti
951 1763 1015 1787 sunt
1035 1769 1043 1788 :

251 1799 339 1827 Enixe
349 1800 529 1835 persislemus
543 1801 571 1828 in
589 1801 632 1828 his
652 1809 712 1836 quae
740 1802 854 1837 agimus.
876 1803 928 1835 Tu,
945 1803 1044 1839 inquit,

251 1852 303 1873 nos
318 1853 333 1873 a
351 1846 431 1873 bonis
450 1847 579 1882 operibus
600 1855 712 1875 aversos
737 1856 820 1883 prava
841 1853 959 1877 sectatus
982 1857 1045 1878 esse

250 1891 303 1925 ais,
321 1895 348 1920 et
366 1899 417 1920 nos
430 1893 502 1920 mala
519 1893 577 1928 ipsa
598 1901 757 1929 sequemur.

286 1979 320 2008 V.
338 1980 380 2008 LI.
401 1991 411 2007 1
434 1980 562 2016 Nunquid
571 1981 709 2011 deﬁcient.
728 1991 737 2008 ι
754 1982 833 2011 Petra
849 1983 976 2013 Christus
986 1988 1043 2019 est,

250 2026 336 2055 ubera
352 2035 443 2055 sermo
459 2029 603 2061 nutriens;
630 2030 676 2056 nix
705 2034 880 2064 peccatorum
907 2031 1044 2066 purgatio.

249 2072 367 2108 lntelligi
386 2074 468 2101 etiam
487 2078 604 2109 possunt
619 2083 666 2110 per
682 2076 767 2102 ubera
783 2080 811 2103 et
824 2075 930 2104 Novum
950 2081 978 2104 et
989 2077 1044 2104 Ve-

249 2123 294 2146 tus
312 2119 529 2147 Testamentum.
544 2120 585 2147 An
599 2121 683 2156 igitur
702 2121 730 2147 in
747 2129 884 2156 quoquam
905 2121 994 2149 deieci
1012 2122 1045 2150 ad

249 2166 320 2194 bene
335 2166 491 2194 faciendum
509 2166 572 2198 illis,
588 2171 615 2194 et
631 2167 790 2194 nutriendus
806 2175 902 2195 eorum
917 2169 1045 2196 animas?

288 2221 298 2236 1
313 2211 442 2245 Nunquid
474 2211 631 2239 declinabit.
648 2221 656 2238 I
682 2212 752 2245 Quid
772 2213 822 2240 hoc
834 2213 845 2240 ?
857 2213 912 2246 ait;
952 2221 1044 2242 nonne

250 2255 350 2283 suntin
363 2256 414 2283 hac
428 2256 481 2283 vita
498 2257 544 2291 qui
557 2257 631 2284 velut
650 2265 719 2292 aqua
729 2262 872 2284 ventorum
889 2259 915 2285 vi
926 2259 1043 2286 smviens

1284 1666 1291 1672 '
1328 1658 1398 1685 αὐτὰ
1426 1658 1470 1684 ἐπ’
1501 1657 1598 1692 ὄψεσιν
1625 1656 1702 1692 ὑμῶν
1733 1656 1817 1691 ἄγω,
1847 1656 1893 1682 ἴνα

1095 1704 1140 1732 διὰ
1150 1704 1204 1731 τῶν
1218 1703 1359 1740 τιμωριῶν
1369 1702 1575 1738 ἀναμνησθῆτε,
1591 1697 1629 1728 ὧν
1645 1701 1838 1737 ἡμαρτήκατε.

1134 1760 1143 1776 1
1162 1750 1217 1777 Καὶ
1242 1747 1335 1776 εἶπαν.
1359 1759 1368 1776 ι
1402 1749 1532 1780 Ἀναιδῶς
1560 1748 1726 1783 ἐφθέγξαντο
1752 1747 1892 1782 λέγοντες,

1102 1797 1233 1833 Ἰσχυρῶς
1244 1796 1438 1832 ἐπιμενοῦμεν,
1447 1793 1488 1828 οἷς
1501 1795 1672 1831 πράττομεν.
1685 1795 1722 1821 Σὺ
1732 1795 1835 1829 λέγεις,
1845 1803 1895 1829 φη-

1097 1843 1150 1876 σὶν,
1167 1842 1457 1879 ὅτιἋποστραφέντες
1474 1842 1528 1869 ἀπὸ
1541 1841 1597 1869 τῶν
1612 1841 1704 1868 καλῶν
1715 1840 1816 1876 ἔργων,
1826 1841 1894 1875 ἠκο-

1094 1889 1268 1925 λουθήσαμεν
1293 1891 1349 1921 τοῖς
1377 1888 1507 1924 φαύλοιςο
1523 1888 1612 1915 ὀπίσω
1633 1887 1725 1915 αὐτῶν
1744 1887 1800 1913 τῶν
1823 1886 1895 1921 φαύο

1095 1935 1150 1963 λων
1166 1936 1401 1972 άκολουθήσομεν.

1135 1992 1145 2009 1
1168 1983 1214 2018 Μὴ
1230 1982 1404 2018 ὲκλείψωσιν.
1424 1991 1433 2009 ι
1447 1981 1542 2018 Πέτρα
1558 1982 1572 2009 ὁ
1593 1981 1721 2017 Χριστος,
1750 1981 1850 2016 μαστοὶ
1865 1980 1893 2007 δι

1094 2029 1109 2056 ὁ
1131 2028 1268 2064 τρόφιμος
1294 2027 1392 2062 λόγος’
1413 2026 1481 2062 χιὼν
1501 2027 1547 2059 δὲ,
1565 2028 1589 2062 ἡ,
1604 2027 1659 2053 τῶν
1681 2027 1892 2062 ἁμαρτημάτων

1095 2075 1244 2110 κάθαρσις.
1259 2074 1396 2101 Νοοῦνται
1411 2073 1439 2100 δὲ
1455 2073 1555 2109 μαστοὶ
1571 2072 1619 2100 καὶ
1637 2073 1654 2107 ὴ
1671 2073 1730 2104 νέα,
1747 2072 1794 2099 καὶ
1806 2072 1823 2107 ἡ
1839 2079 1893 2098 πα-

1094 2121 1158 2148 λαιὰ
1176 2120 1305 2156 διαθήκη.
1324 2121 1370 2155 Μή
1384 2129 1410 2146 τι
1425 2119 1471 2146 οὖν
1488 2119 1616 2154 ὲνέλειψα
1630 2117 1660 2146 εὖ
1678 2118 1766 2146 ποιῶν
1785 2118 1891 2152 αὐτοῖς,

1095 2167 1143 2195 καὶ
1157 2167 1311 2203 διατρέφων
1323 2167 1413 2193 αὐτῶν
1431 2167 1479 2198 τὰς
1495 2166 1586 2202 ψυχάς
1598 2175 1605 2199 ;

1134 2222 1143 2239 1
1163 2213 1209 2248 Μὴ
1224 2213 1353 2240 ἐκκλίνει.
1374 2221 1381 2237 ι
1399 2212 1434 2238 Τί
1451 2212 1479 2239 δέ
1503 2220 1603 2246 φησιν;
1618 2211 1676 2238 Οὐκ
1691 2211 1762 2238 εἰσὶν
1776 2211 1805 2237 ὲν
1820 2210 1891 2245 τῷδε

1093 2259 1133 2295 τῷ
1159 2259 1208 2294 βίῳ
1229 2258 1479 2293 κλυδωνιζόμενοι,
1505 2258 1600 2292 ὥσπερ
1629 2256 1702 2292 ὕδωρ
1726 2257 1781 2283 ὑπὸ
1802 2256 1890 2291 βιαίου

249 2307 317 2330 ιιιειυ
327 2302 480 2336 agitentur?
496 2309 524 2330 ct
538 2308 629 2331 tamen
655 2312 745 2339 neque
773 2312 834 2331 mea
852 2305 985 2333 beneﬁcia
998 2313 1045 2333 eo-

1098 2305 1200 2339 ἀνέμου
1224 2305 1391 2341 φερόμενον;
1412 2305 1460 2331 καὶ
1482 2305 1557 2338 ὅμως
1574 2303 1637 2330 οὔτε
1658 2303 1708 2335 τὰς
1723 2303 1794 2338 ἐμὰς
1811 2303 1891 2338 εὐερ-

248 2349 379 2384 gitarunt,
391 2358 480 2385 neque
493 2351 554 2378 vita:
569 2350 652 2385 hujus
673 2351 890 2384 instabilitatem,
899 2351 948 2378 sed
960 2352 1042 2379 vitam

249 2394 321 2424 hanc
337 2396 374 2424 ita
394 2396 504 2432 degunt,
524 2402 552 2424 et
568 2396 700 2431 inaequale
733 2397 786 2424 iter
814 2397 929 2430 faciunt,
964 2398 1043 2432 quasi

249 2446 385 2476 putantes,
401 2447 458 2470 toto
478 2443 577 2471 saeculo
596 2451 625 2470 sc
647 2443 692 2470 hic
709 2443 839 2471 victuros.
869 2443 1043 2479 Quapropter

248 2492 277 2514 et
293 2487 505 2515 iutirmabumur
523 2489 552 2516 in
569 2489 619 2516 viis
638 2489 772 2522 ipsorum,
787 2489 888 2516 frustra
911 2490 967 2517 Deo
987 2490 1043 2517 ini-

249 2542 303 2568 qua
323 2539 413 2562 mente
442 2535 591 2563 suiﬁentes.
619 2535 734 2563 Semitas
762 2543 828 2563 vero
862 2536 1043 2571 funiculusque

248 2587 299 2615 pro
310 2580 406 2608 eodem
421 2581 509 2616 ponit,
523 2589 554 2608 ac
567 2582 589 2609 si
606 2582 711 2609 diceret
724 2582 794 2609 vias.

285 2667 317 2696 V.
334 2668 378 2696 16.
396 2678 405 2695 1
419 2669 452 2696 Et
467 2669 575 2697 sibilum
589 2671 798 2705 sempiternum.
817 2681 825 2698 ι
849 2671 986 2704 Quoniam
998 2672 1042 2699 vel

248 2714 426 2749 admirantes,
444 2716 488 2743 vel
505 2716 650 2744 illudcutes
667 2716 794 2745 homines
813 2718 922 2746 sibilum
956 2719 1040 2747 clere

248 2760 348 2788 solent.

283 2805 372 2835 v.17.
390 2816 400 2833 1
418 2807 494 2835 Sicut
510 2812 632 2836 ventum.
648 2817 658 2835 ι
693 2807 796 2837 Omnes
814 2817 891 2844 aeque
911 2809 1038 2846 aﬂligam.

247 2851 352 2881 Ventus
363 2855 436 2882 enim
451 2863 533 2883 urens
542 2863 618 2891 :eque
627 2863 724 2883 omnes
744 2855 844 2882 exurit.

283 2898 317 2927 ν.
343 2900 384 2928 I8.
400 2910 410 2927 1
442 2901 570 2934 Dorsum,
595 2905 622 2929 et
645 2909 698 2928 non
727 2900 824 2928 facient
855 2901 1035 2929 ostendam.)

284 2967 374 2996 “Act.
387 2977 406 3001 I,
424 2968 467 2995 I2.

1094 2353 1191 2387 γεσίας
1208 2352 1378 2386 ὲλογίσαντο.
1394 2351 1456 2378 οὔτε
1469 2351 1518 2378 τοῦ
1535 2350 1672 2387 παρόντος
1686 2350 1745 2384 βίου
1761 2349 1792 2376 τὺ
1807 2349 1892 2376 ἄστα-

1093 2407 1156 2426 τον*
1175 2398 1234 2425 ἀλλ’
1250 2398 1338 2429 οὕτως
1353 2398 1409 2425 εἰσὶ
1423 2399 1452 2424 ὲν
1470 2397 1559 2432 τούτῳ
1571 2398 1611 2432 τῷ
1630 2397 1680 2432 βίῳ
1697 2396 1888 2432 πορευόμενοι,

1094 2445 1142 2471 καὶ
1154 2445 1204 2479 τὴν
1221 2444 1368 2479 ἀνώμαλον
1383 2443 1430 2471 τοῦ
1455 2443 1514 2478 βίου
1538 2443 1694 2478 βαδίζοντες
1717 2443 1832 2478 πορείαν
1851 2442 1889 2474 ὡς

1093 2489 1262 2524 νομίζοντες,
1280 2490 1321 2517 ὃτι
1336 2490 1381 2517 τὸν
1401 2489 1488 2517 αίῶνα
1501 2489 1621 2516 ἐνταῦθα
1635 2488 1761 2524 μενοῦσι.
1779 2488 1825 2514 Διδ
1841 2488 1889 2514 καὶ¹

1094 2535 1302 2570 ἀσθενήσουσιν,
1323 2535 1351 2562 ὲν
1367 2536 1426 2566 ταῖς
1450 2535 1520 2566 ὁδοῖς
1543 2535 1645 2566 αὐτῶν,
1671 2535 1711 2566 είς
1731 2536 1819 2569 μάτην
1839 2533 1889 2559 θυ-

1094 2581 1213 2616 μιῶντες
1228 2581 1289 2616 Θεῷ
1305 2581 1375 2616 μετὰ
1391 2581 1499 2616 φαύλης
1512 2580 1637 2615 γνώμης.
1656 2580 1782 2613 Τρίόους
1799 2580 1826 2606 δὲ
1841 2579 1889 2606 καὶ

1092 2628 1250 2662 σχοίνους,
1268 2627 1299 2654 τὸ
1311 2628 1378 2654 αὑτό
1394 2636 1489 2663 φησιν,
1510 2627 1572 2654 ἀντὶ
1584 2626 1644 2659 τοῦ,
1657 2626 1707 2658 τὰς
1721 2625 1810 2658 ὁδούς.

1129 2685 1138 2700 1
1157 2676 1210 2702 Καὶ
1226 2675 1360 2712 σύριγμα.
1376 2685 1385 2702 ι
1395 2676 1457 2703 ’Ὁτι
1471 2675 1660 2711 θαυμάζοντες
1674 2675 1691 2711 ἦ
1706 2675 1888 2710 χλευάζοντες

1094 2722 1118 2748 οἱ
1134 2722 1284 2758 ἄνθρωποι,
1304 2719 1427 2758 συρίζειν
1439 2721 1607 2756 πεφύκασιν.

1133 2820 1142 2837 ‹
1166 2811 1210 2843 Ὡς
1234 2810 1345 2845 ἄνεμον.
1366 2820 1374 2837 ι
1403 2810 1513 2842 Πάντας
1534 2811 1638 2846 ὁμοίως
1662 2809 1760 2844 Ολὶψω.
1781 2809 1810 2835 '0
1832 2808 1886 2844 γὰρ

1095 2855 1204 2883 καύσων
1219 2855 1319 2891 ἄνεμος
1330 2855 1430 2890 ἐπίσης
1445 2855 1568 2888 ἃπαντας
1586 2856 1764 2890 καταφλέγει.

1132 2902 1213 2928 Ἰδιον
1234 2901 1289 2928 τῶν
1309 2900 1488 2937 δορυαλώτων
1510 2902 1540 2929 τὸ
1560 2901 1676 2930 κύπτειν
1700 2903 1740 2934 εἱς
1764 2903 1827 2938 γῆν,
1847 2900 1885 2934 ὥς
