2044 3144
167 236 218 269 669

723 235 955 266 FRAGMENTA
976 235 1016 265 IN
1035 233 1244 265 JEREMIAM.

1745 224 1800 257 670

168 292 270 328 αὖχένα
288 292 427 319 δεικνύναι
452 292 555 327 μᾶλλον
571 292 588 328 ἢ
611 292 768 330 πρόσωπον.
788 294 823 320 Ἢ
844 293 884 320 ὅτι
904 293 957 320 τῶν

1011 292 1157 327 Proprium
1167 295 1208 319 est
1232 290 1412 325 captivorum,
1426 286 1503 315 'aumi
1520 285 1626 313 vultum
1642 282 1799 313 demittere.

167 338 408 374 ἀπεστραμμένων
426 339 455 365 οὐ
474 338 504 365 τὸ
519 338 677 373 πρόσωπον,
702 339 770 366 ἀλλὰ
791 339 837 365 τὸν
856 339 958 374 αὐχένα

167 384 287 420 ὁρῶμεν,
304 384 373 420 ὅπερ
385 383 433 410 τοῦ
445 384 513 411 Θεοῦ
531 384 608 420 δηλοί
619 385 669 420 τὴν
686 385 872 421 ἁποστροᾳήν,

207 479 217 496 1
235 470 296 497 ὀτι
310 471 361 497 οὐκ
374 470 528 498 ἀπολεῖται.
547 480 557 497 ι
583 471 799 498 Ἐὄουλεύσαντο
814 472 940 505 λέγοντες
951 479 958 487 ⁸

173 515 203 542 ’0
222 516 359 551 Ἱερεμίας
379 516 468 551 ἱερεύς
495 518 565 549 ἐστι,
587 517 635 543 καὶ
658 517 817 550 ἀναγκαίως
834 515 888 544 οἶδε
914 517 960 543 τὺν

167 562 262 597 νόμον,
279 563 326 589 καὶ
338 563 483 598 προφήτης
497 561 546 594 ὣν,
559 561 613 589 οἶδε
625 563 656 589 τὸ
670 563 801 597 ἐσόμενον
813 571 819 577 ·
838 564 885 589 καὶ
894 571 960 588 συν-

167 610 230 641 ετὸς
244 609 282 635 ὢν
296 607 350 636 οἶδε
366 609 396 635 τί)
415 609 484 636 δέον.
500 609 584 635 Δεῦτε
606 607 664 641 οὖν,
679 609 772 644 φησὶν,
789 609 960 644 ἐρεθίσωμεν

167 655 251 683 αὑτὸν
262 655 362 690 λόγοις,
374 656 421 682 καὶ
436 656 546 688 πάντως
560 656 619 691 ἐρεῖ
635 657 702 692 ἡμῖν
720 656 754 682 τὰ
772 655 892 690 ἐκδησόρ
899 663 959 682 ενα.

206 755 216 771 1
233 745 287 772 Kal.
304 745 353 781 τὴν
368 746 492 773 κόλασιν.
513 756 522 772 ι
539 746 626 773 Ἀλλα
642 746 687 773 διὰ
708 745 833 780 γλώττης
855 744 960 780 προφέ-

169 800 281 826 ροντες,
298 792 348 828 τὴν
368 793 429 819 κατ’
447 792 515 828 ἐμοῦ
539 793 680 819 ἀπώλειαν
703 792 834 827 κρυπτῶς
855 792 961 826 ἐμηχα-

170 837 263 864 «Ima.

467 884 594 911 ΚΕΦΑΛ,
614 882 664 910 ΙΘ¹.

204 938 216 955 1
239 929 353 965 Ἥχήσει
377 930 411 957 τὰ
428 927 485 957 ὦτα
503 928 598 956 αὑτοῦ.
621 939 630 955 ι
649 929 780 956 Τουτέστι
803 928 957 963 Θορυϐηοή-

1011 343 1040 365 ut
1061 338 1152 372 potius
1172 336 1319 368 cervicem,
1334 343 1415 369 quam
1438 333 1537 361 faciem
1560 331 1717 358 ostendant.
1750 327 1801 356 Vel

1010 384 1082 420 quod
1097 391 1191 411 eorum
1218 383 1263 418 qui
1279 386 1343 409 sunt
1360 380 1459 413 aversi,
1480 387 1536 406 non
1547 378 1657 410 faciem,
1677 376 1724 404 sed
1738 382 1800 402 cer-

1011 431 1098 458 vicem
1115 430 1250 461 videmus,
1261 428 1332 463 quod
1347 427 1450 454 indicat
1463 425 1634 452 aversioncm
1651 431 1665 449 a
1680 422 1746 449 Deo.

1049 485 1058 501 1
1074 475 1133 502 Non
1149 475 1222 502 enim
1241 473 1349 509 peribit.
1370 482 1379 498 ι
1409 471 1563 500 Consilium
1601 469 1726 496 inierunt
1756 465 1799 494 di—

1011 526 1105 549 centes
1120 529 1126 546 :
1141 520 1274 547 .leremius
1291 518 1418 546 sacerdos
1443 521 1494 549 est,
1513 520 1540 542 et
1553 513 1708 542 necessario
1724 512 1801 539 novit

1011 568 1109 603 legem,
1130 572 1157 594 et
1175 566 1308 601 propheta
1335 572 1395 591 cum
1411 564 1456 595 sit,
1488 562 1578 590 futura
1608 560 1752 595 cognovit;
1773 562 1801 585 et

1011 614 1060 641 scil
1077 613 1234 648 utprudcns
1265 611 1329 646 quid
1354 609 1488 645 agendum
1516 608 1561 635 sit.
1589 605 1684 633 Venite
1704 605 1799 640 igitur,

1011 660 1098 690 aiunt,
1120 658 1209 685 verbis
1225 657 1315 692 ipsum
1332 655 1514 686 stimulemus,
1528 657 1556 680 et
1570 659 1630 687 quae
1645 649 1800 678 s'unteven-

1012 709 1071 732 tura
1092 702 1242 738 propalabit
1257 701 1381 728 omnino.

1047 750 1130 778 v.20.
1142 749 1189 776 «Et
1200 748 1370 784 punitionem
1384 753 1473 773 suam.
1487 754 1496 770 ι
1512 743 1591 770 Aliud
1603 750 1649 770 ore
1657 740 1801 777 proferen-

1013 802 1053 825 tes
1066 803 1155 824 meam
1174 794 1323 829 perniciem
1342 792 1413 820 clam
1432 789 1671 818 machinabantur.

1321 880 1398 909 CAP.
1418 879 1491 907 XIX.

1047 929 1080 956 ν.
1096 929 1123 956 5.
1146 938 1156 954 1
1172 928 1206 955 Et
1219 927 1335 955 tinnient
1360 932 1440 953 aures
1457 924 1527 959 ejus.
1547 932 1556 949 ι
1584 921 1642 949 Hoc
1653 924 1694 948 est
1709 919 1800 947 turba-

168 983 255 1002 σεται.
269 973 356 1024 ’ίὶχος
368 975 422 1012 γὰρ
438 975 584 1011 ἐμπίπτων
596 975 692 1006 ἀκοαῖς
706 974 821 1010 θόρυϐον
835 974 955 1009 ἐμποιεῖ.

1010 975 1083 1002 bitur
1105 981 1212 1001 :sonus
1223 973 1297 1000 enim
1311 971 1339 998 in
1360 977 1441 998 aures
1475 968 1593 996 illabcns
1615 965 1800 994 turbationem

203 1074 213 1091 1
232 1065 425 1101 Πολυάνδριον.
446 1074 455 1090 ι
473 1064 657 1099 Πολυάνόριον
671 1063 759 1097 τάφος
770 1083 778 1096 ,
794 1062 841 1089 καὶ
861 1061 957 1098 ἐπειδὴ

165 1111 231 1143 ἴσως
249 1111 448 1147 κατερῤυηκὼς
463 1109 497 1147 ἦν
511 1131 517 1143 ,
536 1110 623 1142 οὕτως
648 1109 773 1136 ἐκαλεῖτο
795 1110 811 1144 ἡ
837 1109 958 1137 διάπτωο

166 1165 218 1188 σις,
234 1158 344 1191 ὁτάφος
359 1156 419 1183 υἱοῦ
438 1156 548 1192 “Εννὸμ.

203 1213 212 1229 1
229 1203 283 1229 Καὶ
302 1202 409 1238 σφάξω.
427 1212 437 1228 ι
464 1202 538 1230 Ἀντὶ
555 1201 602 1228 τοῦ
614 1222 621 1235 ,
638 1201 704 1233 τοὺς
720 1199 958 1236 βουλευσαμένους

164 1248 215 1285 τὴν
230 1249 321 1284 κακὴν
339 1249 449 1284 βουλήν.
675 1257 688 1268 κ

203 1303 214 1320 1
237 1295 280 1322 Ἐν
294 1296 329 1330 τῇ
342 1295 468 1330 περιοχῇ.
487 1303 496 1320 ι
517 1294 562 1321 Ἑν
578 1294 617 1329 τῷ
636 1293 779 1329 περισχεῖν
794 1291 858 1323 τοὺς
875 1290 958 1317 πολε-

165 1341 245 1377 μίους
259 1341 309 1377 τὴν
328 1341 406 1368 πόλιν
416 1349 423 1357 ⁸
439 1340 576 1373 τουτέστι,
592 1339 789 1375 πολιορκῆσαι.

203 1397 214 1413 1
233 1386 336 1419 Καθὼς
351 1387 470 1418 ὁτόπος.
490 1396 499 1413 ι
527 1386 570 1414 Ἑν
589 1387 647 1418 τοῖς
669 1384 848 1411 διαπίπτουσι
865 1382 959 1414 τόποις

163 1433 213 1465 τὰς
226 1433 401 1469 ἀκαθαρσίας
414 1433 521 1469 ῥίπτειν
531 1431 696 1466 πεφύκασιν.
706 1429 800 1461 Οὕτως
811 1428 868 1461 οὖν,
879 1428 958 1464 φησὶ,

164 1479 374 1516 παρασκευάσω
390 1479 519 1514 γενέσθαι
535 1478 585 1515 τὴν
612 1477 700 1511 πόλιν,
723 1476 772 1504 καὶ
792 1476 842 1508 τὰς
857 1475 958 1508 οἰκίας,

164 1527 194 1552 ὲν
207 1524 251 1557 αἷς
263 1525 489 1561 είδωλολάτρουν.

203 1581 212 1598 1
231 1571 338 1606 Ταφέϐ.
357 1581 366 1597 ι
389 1571 426 1598 Τὸ
449 1569 558 1605 Ταφὲθ,
577 1569 742 1602 διάπτωσις
761 1566 957 1604 ἑρμηνεύεται,

164 1617 226 1644 ὅθεν
242 1617 330 1644 ἐλθὼν
350 1618 364 1644 ὁ
388 1617 535 1652 προφήτης
557 1616 592 1643 τὰ
617 1615 688 1642 αὐτὰ
712 1614 843 1651 προλέγει
864 1613 955 1640 κακά·

164 1662 340 1698 ὲσκλήρυναν
351 1661 380 1688 δὲ
393 1661 438 1688 τὸν
452 1661 598 1697 τράχηλον,
618 1659 747 1696 καθάπερ
763 1659 798 1686 τὰ
815 1658 953 1692 ὑποζύγια

164 1708 330 1736 ἀνανεύοντα
346 1707 415 1743 πρὸς
430 1707 526 1742 ζυγόν.

463 1764 590 1791 ΚΕΦΑΛ.
611 1762 654 1791 ις’.

201 1819 212 1837 1
231 1810 287 1838 Καὶ
302 1810 403 1846 ἢκουσε
432 1809 563 1844 Πασχώρ.
583 1818 592 1834 ι
609 1807 739 1844 Πασχὼρ,
761 1805 853 1842 ἱερεὺς
865 1802 900 1841 ἦν
911 1800 957 1831 οὖ-

163 1864 220 1889 τος,
234 1856 283 1883 καὶ
295 1855 407 1891 πρῶτος
423 1854 477 1882 τῶν
489 1853 736 1890 ψευδοπροφητῶν.

203 1910 213 1927 1
231 1901 279 1933 Είς
302 1901 348 1927 τὸν
372 1900 529 1937 κατάρρακ.
549 1909 559 1926 ι
584 1899 629 1926 Ἐν
656 1898 784 1930 ίδιάζοντι
809 1897 884 1934 τόπῳ
911 1897 958 1925 τοῦ

164 1956 231 1974 ναου
235 1967 243 1975 ο

205 2003 214 2020 1
230 1994 282 2020 Σὺν
299 1994 367 2020 πᾶσι
385 1994 443 2025 τοῖς
458 1993 556 2028 φίλοις.
576 2001 585 2018 ι
601 1992 665 2023 Τοῖς
686 1991 896 2027 συμπράττουσί
912 1999 958 2017 σοι

165 2040 196 2066 ἂν
212 2039 251 2074 τῷ
264 2037 546 2075 ψευδοπροφητεύειν.

206 2093 216 2110 (
232 2083 392 2118 Ἠπάτησάς
406 2092 450 2119 με.
463 2083 540 2109 »Ἔτι
554 2081 605 2118 μὲν
620 2081 742 2115 ἀπάτην
757 2079 836 2107 καλεῖ
851 2079 956 2116 [ἀπάτη

265 2131 282 2166 ἡ
294 2131 349 2156 ἀπὸ
362 2129 409 2156 τοῦ
423 2129 544 2165 χείρονος
557 2129 603 2155 ὲπὶ
617 2128 648 2155 τὸ
664 2130 788 2163 κρεῖττον
806 2127 957 2162 μεταϐολή.

171 2177 202 2204 ὐ
224 2177 253 2203 δὲ
273 2176 405 2208 Ἀκύλας·
425 2175 574 2208 Ἓθελξάς
585 2183 638 2209 με,
657 2174 707 2201 καί
730 2173 891 2208 ἐθέλχθην,
915 2173 960 2206 se-

165 2224 278 2250 έδωκεν.
295 2223 328 2249 Ὃ
345 2222 373 2248 δὲ
386 2222 478 2256 λέγει,
499 2221 620 2248 τοιοῦτόν
635 2221 708 2246 ἐστιν
720 2228 727 2235 ·
749 2219 885 2254 ’Υπέσχου
901 2227 958 2254 μοι,

165 2270 264 2306 Κύριε,
279 2268 480 2304 ὑπερασπὶζειν
496 2277 558 2303 μου,
571 2268 619 2294 καὶ
636 2268 682 2302 ἐᾷς
698 2275 731 2301 με
744 2267 773 2293 ὲν
788 2267 848 2298 ταῖς
865 2265 959 2292 τοιαύ-

1010 1020 1118 1056 ingerit.

1044 1066 1078 1094 ν.
1098 1066 1124 1094 6.
1143 1075 1152 1092 1
1176 1063 1378 1100 Polyandrium.
1403 1071 1412 1088 ›
1428 1059 1621 1096 Polyandrium
1638 1063 1801 1084 monumen-

1011 1117 1067 1139 tum
1079 1116 1128 1143 est,
1144 1115 1171 1138 et
1182 1111 1244 1146 quia
1255 1110 1369 1137 fortasse
1382 1107 1531 1141 collapsum
1547 1108 1616 1137 erat,
1628 1103 1668 1131 sic
1682 1101 1800 1130 vocalia-

1010 1163 1055 1186 tur
1071 1158 1159 1189 ruina,
1178 1157 1318 1192 sepultura
1334 1154 1381 1182 filii
1405 1154 1522 1181 Ennom.

1047 1204 1078 1231 ν.
1095 1205 1121 1231 7.
1139 1213 1149 1230 1
1180 1204 1213 1231 Et
1230 1202 1368 1238 jugulabo.
1398 1209 1407 1226 ι
1431 1200 1470 1226 Ac
1487 1197 1510 1225 si
1531 1197 1646 1230 diceret,
1667 1195 1728 1223 illos
1751 1192 1799 1229 qui

1009 1251 1111 1277 malum
1127 1249 1273 1277 consilium
1287 1248 1417 1275 inierunt.

1044 1297 1115 1325 v.9.
1138 1306 1147 1322 1
1170 1296 1199 1323 ln
1216 1295 1369 1323 obsidione.
1391 1303 1400 1320 ι
1436 1293 1506 1321 Dum
1526 1292 1618 1320 hostes
1643 1287 1801 1318 circumda-

1009 1343 1078 1371 bunt
1090 1342 1239 1372 civitatem,
1253 1341 1279 1368 id
1291 1343 1342 1373 est,
1355 1339 1532 1367 obsidebunt.

1045 1386 1135 1414 v.15.
1156 1395 1165 1411 1
1184 1385 1260 1413 Sicut
1288 1385 1375 1412 locus.
1395 1393 1405 1410 ι
1427 1384 1458 1411 In
1486 1383 1545 1410 loca
1575 1381 1686 1409 ruinosa
1712 1378 1802 1406 solent

1010 1433 1145 1468 projicere
1160 1431 1264 1459 sordes.
1287 1430 1332 1457 Sic
1347 1430 1440 1465 igitur,
1454 1429 1502 1460 ait,
1519 1434 1569 1462 per
1591 1434 1635 1453 mc
1654 1424 1759 1452 civitati
1774 1427 1802 1451 et

1010 1478 1136 1505 domibus
1148 1477 1203 1510 fiet,
1224 1476 1252 1503 in
1271 1475 1371 1511 quibus
1387 1474 1459 1502 idola
1474 1473 1613 1502 colebant.

1049 1574 1058 1592 1
1074 1564 1211 1600 Tapheth.
1229 1572 1238 1589 ι
1261 1561 1387 1598 Tapheth
1407 1560 1485 1587 ruina
1501 1559 1708 1593 interpretatur,
1729 1555 1801 1582 unde

1012 1611 1147 1647 propheta
1165 1610 1281 1638 veniens
1295 1608 1392 1636 eadem
1406 1607 1475 1634 mala
1499 1604 1641 1641 praedicit;
1653 1602 1802 1630 indurave-

1010 1662 1074 1685 runt
1087 1665 1150 1685 vero
1165 1656 1311 1688 cervicem,
1330 1654 1412 1682 sicuti
1431 1653 1555 1689 jumenta
1589 1651 1686 1686 jugum
1707 1649 1801 1676 dctrc-

1009 1704 1119 1732 ctantia.

1325 1757 1402 1785 CAP.
1419 1755 1478 1784 XX.

1045 1808 1077 1836 V.
1092 1807 1117 1834 1.
1141 1816 1151 1833 1
1169 1807 1203 1834 Et
1215 1804 1319 1833 audivit
1344 1803 1472 1831 Paschor.
1490 1810 1499 1827 ι
1522 1800 1654 1834 Pasehor,
1672 1797 1801 1827 sacerdos

1010 1855 1055 1883 hic
1073 1857 1142 1887 erat,
1159 1850 1516 1889 pseudoprophetarumque
1531 1852 1623 1883 caput.

1048 1900 1077 1927 Υ.
1092 1900 1119 1927 Ξ.
1138 1909 1146 1925 1
1162 1899 1191 1926 ln
1208 1901 1383 1926 cataractam.
1401 1905 1410 1922 ι
1427 1895 1456 1923 ln
1474 1893 1609 1930 peculiari
1624 1891 1719 1926 templi
1728 1891 1800 1918 loco.

1049 1999 1057 2015 1
1080 1989 1148 2017 Cum
1163 1987 1290 2015 omnibus
1307 1985 1413 2013 amicis.
1430 1994 1439 2010 ι
1459 1983 1512 2017 Qui
1534 1982 1584 2010 tibi
1610 1980 1677 2009 socii
1710 1982 1799 2010 erant,

1010 2036 1075 2063 dum
1095 2035 1161 2062 falsa
1176 2033 1352 2069 prtediceres.

1045 2081 1078 2108 V.
1099 2082 1125 2108 7.
1143 2089 1153 2106 1
1177 2078 1313 2113 Decepisti
1326 2085 1379 2104 me.
1405 2086 1413 2102 I
1429 2076 1476 2103 Est
1489 2078 1620 2111 praetcrea
1639 2072 1710 2100 bona
1726 2070 1801 2099 sedu-

1010 2127 1062 2154 ctio
1074 2127 1107 2154 de
1126 2125 1196 2152 malo
1211 2124 1239 2151 in
1254 2124 1356 2150 bonum
1372 2121 1498 2149 mutatio.
1520 2118 1616 2154 Aquila
1631 2124 1696 2144 vero
1710 2114 1801 2143 reddi-

1011 2174 1059 2205 dit,
1077 2171 1197 2200 Allczisli
1210 2178 1259 2202 me,
1277 2173 1301 2196 et
1316 2168 1424 2195 allectus
1441 2175 1510 2198 sum,
1525 2165 1603 2201 quasi
1621 2164 1693 2191 dicat
1709 2171 1716 2189 :
1735 2162 1801 2189 Pro-

1011 2218 1117 2250 misisti,
1129 2217 1253 2248 Domine,
1269 2214 1416 2242 defendere
1432 2221 1486 2246 me,
1498 2217 1525 2239 et
1540 2211 1643 2239 deseris
1653 2209 1681 2237 in
1694 2209 1736 2236 his
1750 2215 1801 2235 ne-

1011 2264 1192 2293 cessitatibus.
1220 2261 1289 2288 Dicit
1313 2268 1377 2287 vero
1395 2259 1456 2290 hoc,
1476 2265 1531 2284 non
1549 2257 1632 2284 Deum
1648 2261 1798 2286 accusans,

163 2324 224 2347 ταις
248 2315 454 2351 περιστάσεσιν.
468 2315 536 2349 Φησὶ
559 2314 588 2340 δὲ
616 2313 705 2344 τοῦτο,
722 2312 753 2339 οὐ
773 2312 838 2338 Θεὸν
856 2310 957 2338 alno-5-

1010 2311 1057 2339 sed
1076 2309 1147 2345 quod
1160 2313 1187 2336 et
1202 2307 1301 2335 Paulus
1321 2306 1368 2338 ait,
1397 2306 1435 2333 De
1461 2305 1508 2331 hoc
1520 2308 1560 2330 ter
1589 2303 1672 2329 Deum
1695 2300 1798 2334 rogaui.

167 2367 259 2397 μενος,
275 2362 331 2389 ἀλλ’
350 2362 419 2397 ὅπερ
432 2362 478 2388 καὶ
499 2359 605 2391 Παῦλος
623 2367 718 2394 φησιν,
738 2357 828 2391 ’Υπὲρ
849 2357 957 2383 τούτου

166 2409 229 2443 τρίς
239 2409 293 2435 τὸν
304 2409 415 2441 Κύριον
431 2406 634 2441 παρεκάλεσα.
646 2406 680 2432 Ἦ
696 2404 743 2431 καὶ
755 2403 852 2435 οὕτως·
869 2403 956 2429 Ἧπα-

166 2454 264 2489 τήθην,
281 2453 401 2488 νομίζων
426 2452 525 2482 αὐτοὺς
547 2450 669 2485 βελτίους
690 2449 817 2484 γενέσθαι
839 2448 884 2474 διὰ
903 2447 958 2474 τῶν

167 2498 350 2534 προρρήσεων
363 2497 419 2523 τῶν
434 2497 499 2529 σῶν,
512 2497 559 2523 καὶ
571 2496 600 2522 οὺ
615 2495 757 2529 γεγόνασι.

204 2546 284 2572 «Ὅτι
300 2543 393 2578 πικρῷ
408 2543 480 2578 λόγῳ
499 2552 551 2578 μου
564 2542 718 2577 γελάσομαι
732 2539 958 2568 ἀθεσίαν.›Ἕστι

166 2590 220 2625 γὰρ
238 2590 327 2624 γέλως
341 2589 451 2624 πικρὸς,
465 2588 517 2614 ὑπὸ
531 2588 647 2622 συνοχῆς
658 2587 748 2622 ψυχῆς
761 2585 956 2621 ἐκψερόμενος,

168 2637 222 2663 Καὶ
233 2636 279 2662 διὰ
293 2635 338 2661 τοῦ
351 2635 470 2669 γέλωτος
483 2634 589 2667 τούτου,
605 2634 698 2669 φησὶν,
709 2631 887 2666 ὑποδείκνυμι
897 2651 904 2663 ,
917 2631 957 2657 ὅτι

166 2680 335 2716 ταλαιπωρῶ
348 2679 394 2707 ὑπ’
414 2679 515 2706 αὐτῶν.

205 2737 214 2754 1
229 2728 267 2755 Οὺ
285 2727 323 2762 μὴ
343 2727 453 2762 λαλήσω
471 2725 524 2752 ἔτι.
545 2734 554 2752 ι
569 2725 620 2752 Διὰ
642 2724 672 2751 τὸ
693 2723 797 2759 μηδένα
821 2720 892 2750 εἶναι
912 2722 957 2750 τὸν

167 2774 342 2810 πειθόμενον.

205 2830 215 2847 1
232 2820 288 2847 Καὶ
302 2819 412 2853 ἐγένετο
425 2819 463 2851 ὡς
478 2817 545 2854 πῦρ.
560 2827 570 2844 ι
587 2817 616 2844 '0
633 2816 704 2852 ὑπὲρ
720 2815 766 2842 τοῦ
781 2814 850 2842 Θεοῦ
863 2813 956 2849 ζῆλος.

207 2917 217 2935 1
237 2908 429 2944 Ἑπισυστῆτε.
447 2917 456 2935 ι
472 2908 567 2936 Ταῦτα
585 2907 680 2942 ἔλεγον
693 2907 718 2933 ot
733 2904 957 2937 ἐπιϐουλεύοντες

171 2956 208 2992 τῷ
225 2956 364 2992 προφήτῃ,
378 2956 420 2982 ὅτι
441 2955 586 2992 Τηρήσιιτε
613 2953 695 2981 αὐτοῦ
718 2953 822 2984 πάντας
835 2951 897 2984 τοὺς
913 2950 957 2978 λό-

1009 2356 1058 2385 Vel
1073 2357 1111 2384 sic
1128 2364 1135 2383 :
1149 2355 1283 2390 Deceptus
1300 2361 1371 2385 sum,
1398 2351 1544 2379 arbitratus
1577 2356 1623 2376 eos
1656 2346 1800 2381 probiores

1009 2410 1139 2432 evasuros
1154 2402 1208 2429 tuis
1221 2399 1453 2436 praedictionibus,
1466 2401 1494 2425 et
1511 2403 1566 2424 non
1582 2396 1742 2422 evaserunt.

1044 2532 1113 2560 v.3.
1133 2541 1142 2557 1
1158 2531 1226 2564 Quia
1244 2537 1338 2557 amaro
1362 2529 1446 2557 verbo
1474 2528 1570 2555 ridebo
1596 2524 1799 2562 prawaricatio-

1009 2587 1081 2606 nem.
1095 2589 1104 2604 ι
1118 2578 1166 2605 Est
1174 2578 1246 2605 enim
1261 2576 1331 2604 risus
1345 2583 1465 2608 amarus,
1477 2575 1522 2610 qui
1534 2582 1565 2601 ex
1583 2573 1692 2600 turbato
1709 2571 1801 2598 animo

1009 2625 1144 2660 provenit.
1162 2624 1194 2651 Et
1207 2631 1256 2659 per
1266 2623 1431 2651 derisioncm
1457 2622 1538 2654 hanc,
1558 2620 1605 2653 ait,
1619 2618 1736 2647 ostendo
1756 2625 1800 2645 me

1009 2671 1043 2698 ab
1062 2670 1102 2698 eis
1121 2670 1221 2698 misere
1237 2676 1329 2705 agere.

1043 2718 1076 2746 V.
1098 2718 1124 2745 9.
1141 2727 1149 2742 ι
1168 2715 1224 2744 Nec
1243 2716 1339 2751 loquar
1352 2715 1433 2742 ultra.
1455 2723 1464 2741 ›
1480 2714 1520 2741 Eo
1529 2713 1602 2749 quod
1614 2712 1706 2740 nullus
1727 2714 1801 2738 esset

1008 2765 1053 2801 qui
1065 2764 1144 2792 dictis
1162 2767 1282 2798 pareret.

1047 2819 1056 2836 1
1078 2810 1112 2837 Et
1125 2809 1214 2836 factus
1229 2811 1271 2836 est
1294 2807 1371 2843 quasi
1380 2807 1462 2843 ignis.
1482 2815 1491 2832 ι
1505 2806 1585 2834 Zelus
1600 2804 1649 2840 qui
1674 2811 1724 2839 pro
1743 2803 1800 2830 Deo

1008 2857 1134 2885 habetur.

1044 2903 1076 2930 V.
1097 2903 1140 2930 10.
1157 2912 1166 2928 1
1184 2902 1325 2930 lnsultate.
1337 2910 1346 2926 ι
1367 2900 1430 2928 llmc
1444 2899 1581 2932 dicebant,
1598 2898 1644 2934 qui
1659 2897 1800 2933 prophetat

1009 2949 1150 2979 struebant
1167 2949 1297 2978 insidias:
1313 2947 1464 2977 Observate
1493 2954 1590 2982 nempe
1614 2953 1710 2974 omnes
1728 2943 1800 2972 illius
