2044 3144
155 151 203 184 ῦ73

190 216 199 232 ι
218 205 274 232 Καὶ
291 203 472 239 καυθήσεται,
490 211 498 228 1
516 202 572 237 Τὴν
585 199 690 237 τροφήν
706 209 802 235 φησιν,
822 198 877 227 εἷλε
894 199 948 235 γὰρ
963 203 984 231 Λ

156 254 202 282 καὶ
217 251 306 288 αὐτὴν
322 251 336 278 ὁ
349 249 532 280 Βαϐυλώνιος.

444 295 569 322 ΚΕΦΔΛ.
591 293 657 320 KB’.

192 357 202 374 ι
216 346 273 373 Καὶ
287 343 385 376 ἐπάξω
398 343 445 369 ἐπὶ
459 342 500 369 σέ.
519 351 529 367 1
554 339 666 375 Ἐπειδὴ
682 338 785 374 κέδρων
800 337 864 373 ἑξῆς
884 344 951 372 μνη-

161 392 280 429 μονεύει,
300 388 444 424 σημαίνων
457 386 522 418 τοὺς
539 387 567 413 ἐν
585 385 719 420 ὑπεροχῇ,
734 382 891 417 ἀναγκαίως
903 381 952 408 καὶ

159 440 275 466 πέλεκυν
290 435 378 462 εἷπεν.

194 495 204 511 ί
229 483 432 519 ᾯκοδόμησας.
451 489 461 505 1
486 478 615 514 ’Υπερῷα
628 477 694 509 νόει,
711 476 747 502 τὰ
762 475 908 510 ὑψώματα,
918 474 953 500 τὰ

162 530 333 566 ὲπαιρόμενα
357 529 429 554 κατὰ
441 526 493 560 τῆς
506 525 634 559 γνώσεως
655 522 703 549 τοῦ
720 521 800 548 Θεοῦ.
821 522 850 546 ’0
873 519 953 555 ὑφαί-

163 586 214 604 νων
229 574 288 607 οὖν,
303 574 399 609 φησιν,
418 571 509 606 ἑαυτῴ
525 569 699 606 ψευδοδοξίας
714 568 850 603 δόγματα.

197 671 207 688 ι
226 661 274 697 Μὴ
291 658 476 696 βασιλεύσεις.
496 667 506 683 1
530 656 689 692 Ἐζήλωσας
702 674 710 688 ,
728 655 796 690 φησὶ
808 675 815 687 ,
839 653 885 680 τὸν
903 661 954 679 πα-

160 709 227 744 τέρα
249 716 298 734 σου
311 704 410 741 Ἄχας,
437 705 486 732 καὶ
500 703 672 733 ἐσπούδασας
697 701 808 736 νικῆσαι
827 699 909 726 αὑτὸν
927 700 956 725 ὲν

160 753 284 788 ὰσεὸείᾳ.

199 810 209 826 ε
227 799 326 835 Ταφὴν
341 798 402 824 δνου
413 797 596 832 ταφήσεται.»
619 794 692 821 ’Λντὶ
703 793 761 826 τοῦ,
778 792 868 827 Τάφος
883 790 958 826 αὐτῷ

163 845 329 880 γενήσονται
357 843 385 869 ai.
400 842 454 868 τῶν
469 840 655 877 σαρκοφάγων
671 838 786 875 ὀρνίθων
802 838 848 864 καὶ
868 835 958 863 κυνῶν

163 891 314 926 γαστέρες·
341 889 386 916 ἵνα
399 889 483 921 εἴποι,
507 888 549 914 ὅτι
568 888 582 913 ὀ
598 886 684 920 τάφος
704 884 957 920 παραρῤιφήσεται.
975 880 995 907 Β

163 938 234 974 Πρὸς
264 937 294 964 δὲ
318 936 450 967 διάνοιαν,
470 933 561 969 ταφὴν
590 932 651 959 ὄνου
668 930 836 959 θάπτεταιὸ
861 928 957 964 ἀλογίᾳ

167 983 256 1016 συζῶν
271 982 321 1010 καὶ
334 981 423 1016 ταύτῃ
441 978 683 1014 συναποθνήσκων.

201 1083 210 1101 ι
223 1074 288 1100 Ὀτι
302 1070 514 1106 συνετρίϐησαν.
532 1077 542 1094 1
564 1066 698 1103 Ἐραστὰς
708 1065 758 1101 τῆς
779 1062 959 1100 Ἰερουσαλὴμ

164 1118 273 1154 νοήσεις
291 1117 341 1151 μὲν
353 1115 401 1142 καὶ
423 1114 487 1144 τοὺς
502 1112 650 1148 δαίμονας,
670 1111 778 1147 νοήσεις
789 1109 816 1136 δὲ
830 1108 878 1136 καὶ
896 1108 959 1139 τοὺς

164 1161 414 1199 ψευδοπροφήτας,
432 1160 531 1191 οἵτινες
544 1157 686 1189 δοκοῦντες
703 1156 789 1190 αὐτῆς
800 1156 876 1192 ὲρᾷν,
888 1155 960 1190 ma-

164 1219 218 1236 των
236 1209 332 1244 αὑτήν.

206 1265 215 1281 ι
236 1254 375 1288 Ἐλαλησα
393 1251 461 1287 πρδς
481 1251 522 1278 σέ.
539 1260 549 1276 1
572 1250 603 1277 Οἱ
622 1249 732 1284 ἀληθεῖς
751 1247 906 1284 προφῆται,
921 1243 959 1274 ὧν

167 1302 217 1328 οὐκ
229 1301 353 1335 ἤκουσας
368 1298 504 1332 λεγόντων
517 1305 559 1323 σοι
571 1296 606 1323 τὰ
617 1294 652 1322 σὰ
663 1293 888 1330 παραπτώματα.

205 1357 215 1373 ‹
231 1346 341 1377 Πάντας
360 1345 425 1376 τοὺς
446 1343 582 1378 ποιμένας
604 1350 650 1368 σου
667 1341 797 1375 ποιμανεῖ
819 1339 931 1374 ἄνεμος.
947 1347 956 1364 1

173 1393 249 1421 ’Δντὶ
263 1391 322 1424 τοῦ,
338 1392 377 1422 εἰς
392 1388 612 1424 διασκορπισμὺν
629 1387 748 1413 ἔσονται.

206 1451 214 1466 ι
228 1437 405 1466 Κατοικοῦσα
423 1438 452 1463 ὲν
468 1435 507 1471 τῷ
521 1435 640 1470 Λιὸάνῳ.
657 1443 667 1460 1
687 1433 731 1460 Ἐν
743 1433 777 1468 τῇ
792 1433 827 1467 γῇ
844 1432 893 1467 τῆς
912 1432 961 1457 ἐπα

168 1485 311 1522 αγγελίας.

206 1542 216 1558 ι
239 1527 454 1558 Ἐννοσσεὺουσα
474 1527 503 1553 ὲν
521 1527 582 1557 ταῖς
605 1525 723 1558 κέδροις.
746 1533 755 1549 1
777 1522 959 1554 Πιστεύουσα,

169 1579 217 1606 καὶ
230 1575 445 1610 καταφεύγουσα
459 1574 516 1602 τοῖς
534 1572 610 1607 παρὰ
626 1571 667 1597 σοὶ
682 1570 817 1600 δυνατοῖς.

208 1635 217 1651 ι
237 1623 281 1651 Ζῶ
297 1621 366 1656 ἐγὼ,
380 1619 581 1654 λέγειΚύριος.
602 1627 611 1643 1
634 1617 698 1644 Ἐὰν
716 1615 801 1646 οὕτως
819 1614 964 1649 ὑπεκρινό-

173 1679 253 1707 μενος
268 1668 420 1703 ἁπαρτήσῃ
435 1665 533 1693 ἑαυτὸν
549 1665 589 1696 είς
602 1662 771 1695 Θεοσέὃειαν,
787 1661 834 1688 καὶ
857 1660 964 1695 ἀγαθὰς

173 1706 325 1753 ἐργάσηται
339 1713 466 1749 πράξεις,
480 1711 561 1738 τοῦτο
574 1710 628 1745 γάρ
644 1710 703 1735 ἐστι
721 1708 751 1734 τὸ
763 1707 812 1734 ἐπὶ
831 1706 886 1741 τῆς
907 1715 966 1741 χει-

170 1764 224 1799 ρὸς
238 1762 294 1797 τῆς
303 1759 405 1793 δεξιᾶς
419 1767 489 1794 μου,
506 1757 561 1792 ἐγὼ
573 1758 586 1783 ὁ
605 1756 671 1787 Θεὸς
683 1754 771 1788 εἰδὼς,
787 1755 828 1781 ὅτι
844 1754 890 1799 τίον
904 1761 965 1779 και-

175 1810 221 1845 ρὸν
235 1807 425 1843 ὑποκρίνεται,
434 1805 463 1832 οὐ
475 1804 605 1839 φείσομαι
618 1801 712 1829 αὑτοῦ.
721 1798 967 1835 Ἀποσφράγισμα

173 1844 214 1887 δὲ,
243 1853 388 1881 δακτύλιον
412 1850 488 1886 φησι.
518 1848 667 1876 Δακτύλιον
691 1848 721 1874 δὲ
741 1848 770 1873 ὲν
792 1846 863 1882 χειρὶ
887 1844 967 1876 Θεοῦ,

175 1901 276 1937 πρᾶξις
289 1898 379 1934 ἀγαθὴ
395 1897 489 1925 κακῶν
507 1896 654 1931 ἀμέτοχος.
671 1894 705 1920 Ἣ
723 1892 769 1920 καὶ
784 1892 879 1923 οὕτως·
904 1891 968 1917 Ἐὰν

174 1947 214 1977 εἰς
236 1945 283 1972 τὸν
309 1943 426 1981 οὐρανὸν
455 1942 544 1976 ἀναϐῇ
570 1940 694 1975 φεύγων,
719 1939 788 1974 ὅπερ
815 1938 967 1972 ἀμήχανον,

176 1991 283 2018 ἐκεῖθεν
315 1989 398 2017 αὑτὸν
431 1987 574 2019 ἑκσπὰσας
606 1984 764 2021 παραδώσω
792 1985 850 2014 τοῖς
887 1981 968 2008 πολε-

178 2037 262 2072 μίοις.

216 2093 225 2109 ι
242 2082 292 2117 Γῆ,
307 2082 354 2117 γῆ,
364 2081 480 2108 ἄκουσον
493 2089 502 2106 1
513 2079 568 2116 Τήν
578 2078 630 2114 γῆν
639 2076 864 2114 μαρτύρεται,ἐφ’
878 2075 910 2110 ἣν
923 2074 971 2106 τὰς

176 2130 285 2160 ἀδικίας
301 2129 429 2155 ἐποιεῖτο.

976 1560 997 1588 C

472 2181 598 2209 ΚΕΦΔΛ.
618 2179 681 2206 Kl".

216 2240 227 2258 ι
245 2231 302 2258 Kal.
310 2230 441 2263 ὲξώσατε.
460 2238 471 2254 1
489 2228 539 2254 Ἐκ
565 2228 612 2263 τῆς
629 2225 773 2256 θεοσεϐοῦς
787 2223 934 2254 πολιτείας.

219 2327 229 2345 α
249 2317 305 2345 Καὶ
319 2315 496 2352 καταστήσω.
519 2325 528 2341 1
546 2315 594 2346 Et;
623 2313 654 2340 τὸ
678 2312 760 2340 πάλιν
779 2312 813 2339 τὰ
834 2311 894 2338 θεῖα
913 2310 977 2346 δρέ-

181 2363 282 2390 πεσθαι
296 2362 432 2397 δόγματα.

219 2422 228 2436 ι
248 2410 308 2436 Καὶ
329 2409 485 2444 ἀναστήσω.
514 2416 524 2433 ›
547 2406 616 2438 Τοὺς
647 2404 701 2431 τῶν
726 2402 882 2439 ἐκκλησιῶν
910 2411 979 2437 προ-

180 2457 285 2492 ἐδρους.

219 2513 230 2529 ι
256 2501 325 2529 Οὐδὲ
348 2500 560 2536 πτοηῦήσονται.
582 2507 591 2524 1
612 2497 747 2532 ,Ἰουδαῖοι
782 2495 858 2522 οὐδὲν
888 2495 979 2530 ἔχουσι

182 2549 252 2585 προς
282 2547 365 2574 τοῦτο
389 2546 490 2580 λέγειν.
515 2543 594 2571 Μετά
613 2542 673 2579 γὰρ.
688 2541 737 2578 τὴν
763 2542 794 2568 ὲκ
820 2540 980 2571 Βαῦυλῶνος

182 2594 316 2622 ἐπάνοδον
343 2586 455 2623 τελείως
479 2591 530 2625 τῆς
556 2589 608 2625 γῆς
632 2588 800 2624 μετανάσται
824 2586 978 2621 γεγόνασιν.

189 2639 355 2675 ’Δμφίὸολος
383 2635 593 2674 [ἀναμφίὸολος]
629 2635 676 2662 οὖν
697 2634 767 2670 αὕτη
788 2635 804 2668 ἡ
828 2633 981 2669 προφητεία

184 2687 250 2722 περὶ
263 2685 398 2722 Χριστοῦ.

223 2744 234 2761 α
265 2735 333 2762 Ἰδοὺ
365 2733 470 2769 ἡμέραι
499 2732 636 2767 ἔρχονται.
655 2740 664 2756 1
698 2729 750 2756 Τὸν
776 2728 878 2764 Κύριον
903 2727 982 2763 ἡμῶν

191 2782 296 2818 Ἰησοῦν
316 2781 452 2816 Χριστὸν,
470 2779 515 2806 τὸν
534 2777 589 2814 πρὸ
604 2776 711 2804 αίὼνων
735 2777 767 2802 ἐκ
793 2775 840 2802 τοῦ
863 2774 981 2811 Πατρὸς,

188 2828 236 2855 καὶ
252 2829 285 2855 ὲκ
301 2827 386 2854 Δαὸὶδ
399 2826 471 2853 κατὰ
488 2825 588 2860 σάρκα,

170 2895 176 2900 .
229 2883 240 2901 ι
262 2873 306 2901 Ἐν
318 2874 376 2905 ταῖς
392 2871 544 2907 ἡμέραις...
570 2868 750 2903 σωθήσεται.)
762 2866 874 2899 Ἰούδας,
886 2865 899 2892 ὁ
913 2866 983 2892 κατὰ

716 144 950 176 FRAGMENTA
967 145 1009 174 ΙΝ
1027 144 1236 174 IEREMIAM.

1741 144 1795 175 67-t

1040 208 1049 224 ι
1069 199 1101 226 Ει
1116 199 1268 226 devorabit.
1285 207 1294 224 1
1313 199 1480 227 Alimentum
1496 199 1544 232 ait,
1561 199 1633 235 quod
1649 199 1729 227 etiam
1743 199 1797 228 Ba-

1001 243 1128 278 bylonius
1141 245 1262 272 abstulit.

1316 290 1394 318 CAP.
1414 291 1496 319 XXII.

1036 338 1068 365 V.
1085 339 1111 365 7.
1131 347 1140 362 ι
1159 337 1193 364 Et
1205 336 1329 364 inducam
1342 345 1424 372 super
1439 342 1475 364 te.
1488 347 1496 363 1
1509 338 1642 371 Quoniam
1653 338 1801 366 cetlrorum

1002 385 1029 411 in
1053 383 1231 418 sequentibus
1263 383 1396 416 meminit,
1420 384 1576 419 signiﬁcans
1590 392 1636 412 eos
1662 385 1707 421 qui
1734 389 1798 412 sunt

1002 430 1030 456 in
1049 429 1181 464 dignitate
1200 429 1291 464 positi,
1309 430 1465 456 necessario
1487 434 1514 456 et
1529 430 1646 457 securim
1662 431 1797 465 adjunxit.

1037 475 1070 503 ν.
1088 475 1131 502 Η.
1151 484 1160 501 ι
1184 474 1347 502 [Ειίίίίςιιειὶ.
1366 484 1375 501 1
1406 475 1551 503 Cmnacula
1570 476 1688 511 intellige
1705 477 1798 504 altitu-

1004 521 1092 552 dines.
1107 529 1168 557 qum
1183 525 1278 548 contra
1294 521 1413 548 divinant
1425 522 1606 556 cognitionem
1620 523 1796 552 extolluntur.

1007 567 1099 602 Itaque
1116 567 1166 600 ait,
1187 566 1238 599 Qui
1265 566 1316 593 sibi
1330 567 1382 601 ipsi
1409 567 1485 595 falsa:
1512 567 1649 602 opinionis
1675 568 1799 604 dogmata

1006 613 1082 640 texit.

1045 658 1074 686 V.
1088 658 1132 686 l5.
1151 667 1160 683 ι
1175 657 1302 693 Nunquid
1321 657 1458 693 regnabis.
1477 667 1487 683 1
1513 657 1668 686 Aimulatus
1683 666 1722 690 es,
1751 660 1800 692 ait,

1007 705 1100 732 Achaz
1117 708 1221 739 patrem
1244 708 1331 736 tuum,
1360 711 1478 738 eumque
1502 704 1642 739 impietate
1671 712 1801 740 superare

1007 751 1144 779 studuisti.
1763 741 1768 745 ”

1044 797 1074 825 ν.
1091 797 1133 824 l9.
1151 806 1159 822 ι
1181 796 1313 832 Sepulcro
1330 796 1399 824 asini
1423 796 1596 832 sepelietur.1
1609 799 1689 832 Quasi
1709 799 1800 827 dicat:

1011 843 1172 878 Sepulcrum
1189 842 1241 877 ipsi
1258 846 1339 869 erunt
1352 843 1554 869 carnivororum
1571 843 1804 872 volucrumctca—

1011 896 1077 915 num
1095 893 1224 920 ventres;
1240 891 1270 914 ut
1284 887 1319 914 sit
1336 887 1439 914 dictum
1464 887 1536 921 quod
1551 888 1704 921 sepulcrum
1718 889 1800 924 proji-

1013 933 1161 962 eietur.Ad
1187 941 1298 960 sensum
1326 939 1392 960 vero
1420 933 1574 968 mysticum,
1591 934 1716 968 sepulcro
1735 935 1803 962 asini

1012 981 1153 1017 sepelitur,
1165 981 1211 1016 qui
1226 980 1286 1008 sine
1300 981 1405 1007 ratione
1423 980 1497 1013 vivit,
1512 984 1540 1007 et
1550 981 1609 1008 sine
1624 982 1728 1009 ratione
1744 990 1803 1009 mo-

1012 1028 1092 1055 ritur.

1049 1074 1080 1101 ν.
1099 1074 1144 1102 ‘20.
1164 1083 1173 1100 ι
1191 1073 1260 1106 Quia
1280 1073 1389 1101 contriti
1405 1077 1478 1100 sunt.
1508 1082 1517 1099 1
1539 1072 1680 1101 Amatores
1693 1073 1803 1102 Jerusa-

1012 1121 1065 1148 lem
1082 1120 1216 1155 intelliges
1226 1124 1253 1147 et
1268 1120 1416 1152 dtemones,
1436 1124 1463 1147 et
1480 1120 1740 1155 pseudoprophetas,
1755 1121 1804 1156 qui

1014 1174 1076 1194 cum
1089 1173 1149 1194 eam
1166 1165 1325 1193 viderentur
1336 1172 1437 1197 amare,
1451 1164 1632 1200 decipiebant.

1048 1253 1080 1281 ν.
1094 1254 1140 1282 9|.
1160 1264 1169 1280 ι
1189 1253 1309 1281 Locutus
1321 1260 1381 1280 sum
1397 1254 1430 1279 ad
1445 1257 1479 1280 te.
1505 1262 1514 1278 1
1533 1253 1649 1281 Veraces
1664 1254 1804 1290 prophetae

1013 1307 1082 1335 quos
1096 1307 1151 1327 non
1167 1300 1265 1326 audisti
1278 1299 1436 1326 nuntiantes
1453 1299 1500 1326 tibi
1515 1299 1625 1326 delicta.

1051 1354 1061 1371 ι
1079 1345 1180 1373 Omnes
1199 1350 1323 1380 pastores
1345 1350 1406 1371 tuos
1423 1349 1517 1379 pascet
1533 1351 1640 1372 ventus.
1657 1355 1665 1369 1
1683 1345 1739 1374 lloc
1763 1349 1806 1374 est

1015 1391 1217 1427 dispergentur.

1051 1438 1084 1465 V.
1101 1438 1147 1465 25.
1171 1448 1179 1464 ι
1194 1437 1262 1470 Quae.
1275 1436 1417 1463 habitasin
1435 1435 1549 1463 Libano.
1570 1446 1579 1462 1
1607 1436 1637 1464 ln
1656 1442 1725 1464 terra
1742 1445 1804 1473 pro-

1016 1491 1162 1511 mISSIOIIIS.

1055 1538 1064 1554 ι
1079 1528 1145 1561 Quae
1161 1527 1286 1554 nidiﬁeas
1309 1527 1335 1554 in
1363 1527 1461 1554 cedris.
1482 1537 1491 1553 1
1511 1527 1623 1561 Fidens,
1652 1532 1679 1555 et
1703 1528 1737 1555 ad
1759 1536 1806 1557 eos

1017 1574 1187 1609 confugiens,
1199 1581 1267 1608 quos
1285 1578 1411 1608 potentes
1426 1573 1578 1601 arbitraris.
1811 1565 1814 1568 I

1053 1621 1088 1649 ν.
1107 1621 1151 1648 24.
1169 1629 1179 1646 ι
1196 1618 1265 1647 Vivo
1276 1627 1337 1654 ego,
1354 1619 1418 1647 dicit
1433 1620 1574 1647 Dominus.
1599 1629 1607 1646 1
1633 1621 1660 1647 Si
1673 1620 1709 1648 ita
1727 1621 1809 1648 dissi-

1018 1667 1127 1695 mulans
1142 1667 1175 1694 ad
1194 1667 1324 1702 pietatem
1341 1674 1401 1694 sese
1421 1674 1579 1702 componat,
1595 1674 1622 1695 et
1649 1668 1730 1695 bonis
1745 1676 1811 1703 ope-

1019 1713 1094 1740 ribus
1109 1720 1138 1740 se
1149 1716 1282 1744 exerceat,
1297 1713 1349 1740 hoc
1365 1720 1483 1747 namque
1501 1717 1552 1745 est,
1566 1713 1594 1739 in
1607 1721 1687 1740 manu
1702 1714 1810 1742 dextera

1020 1766 1089 1790 mea,
1107 1765 1157 1792 ego
1173 1757 1256 1789 Deus,
1279 1759 1368 1786 sciens
1383 1758 1458 1785 illum
1487 1758 1519 1785 ad
1548 1764 1656 1794 tempus
1680 1759 1812 1787 dissimu-

1021 1804 1088 1837 lare,
1103 1812 1157 1831 non
1171 1811 1280 1839 parcam
1298 1804 1346 1831 illi.
1363 1805 1568 1840 Obsignarulum
1597 1813 1662 1833 vero
1680 1807 1812 1834 annulum

1021 1854 1118 1878 vocat:
1136 1850 1255 1878 annulus
1284 1858 1350 1878 vero
1364 1851 1391 1877 in
1421 1859 1503 1878 manu
1519 1851 1577 1884 Dei,
1601 1852 1672 1879 actio
1700 1852 1770 1879 bona
1798 1859 1813 1878 a

1022 1897 1094 1924 malo
1107 1896 1245 1924 immunis.
1263 1897 1312 1924 Vel
1326 1897 1365 1924 sic
1378 1906 1385 1924 :
1400 1896 1427 1924 Si
1443 1897 1469 1924 in
1487 1898 1585 1925 coelum
1600 1897 1705 1933 fugiens
1719 1906 1814 1926 ascen-

1022 1944 1103 1975 derit,
1119 1944 1190 1978 qnod
1208 1943 1265 1971 fieri
1281 1951 1336 1970 non
1348 1947 1448 1978 potest,
1465 1943 1528 1970 inde
1540 1943 1615 1970 illum
1632 1944 1815 1971 avellensho-

1023 1989 1109 2017 stibus
1131 1989 1247 2017 tradam.

1060 2077 1092 2106 ν.
1109 2078 1154 2105 29.
1171 2087 1180 2102 ι
1201 2077 1298 2109 Terra,
1311 2082 1394 2108 terra,
1411 2077 1484 2104 audi.
1501 2087 1509 2102 1
1525 2075 1638 2104 Terram
1657 2077 1765 2104 invocat
1776 2082 1814 2105 tc-

1026 2128 1104 2157 stem,
1122 2123 1148 2150 in
1166 2131 1218 2158 qua
1229 2123 1334 2150 scelera
1350 2123 1488 2157 patrahat.

1332 2178 1407 2206 CAP.
1424 2178 1518 2206 XXIII.

988 2238 1011 2264 ι)
1062 2227 1094 2255 ν.
1107 2231 1134 2253 '2.
1147 2235 1156 2251 ι
1172 2226 1224 2254 Vos
1237 2225 1392 2261 expulistis.
1411 2234 1420 2251 1
1446 2224 1484 2251 Ex
1498 2233 1528 2252 ea
1548 2225 1610 2252 vitre
1629 2225 1743 2258 ratione,
1765 2234 1819 2261 qua

1029 2275 1102 2302 Deus
1116 2273 1223 2301 colitur.

1065 2320 1098 2346 V.
1116 2321 1142 2347 5.
1159 2327 1168 2343 ι
1189 2319 1223 2346 Et
1233 2319 1409 2346 constituam.
1431 2328 1439 2344 1
1460 2317 1495 2345 Ut
1507 2319 1604 2345 iterum
1619 2316 1710 2344 divina
1724 2317 1819 2344 decer-

1030 2371 1096 2402 pant
1109 2366 1244 2400 dogmata.

1066 2412 1098 2440 ν.
1115 2412 1143 2439 4.
1164 2411 1217 2438 iEt
1228 2410 1376 2438 suscitabo.
1394 2419 1403 2436 1
1423 2410 1607 2438 Eeclcsiaruin
1624 2409 1766 2446 prmsides.

1070 2509 1079 2526 ι
1107 2500 1139 2527 Et
1155 2507 1210 2527 non
1224 2499 1411 2527 formidabant
1425 2499 1505 2526 ultra.
1525 2508 1534 2524 1
1564 2498 1637 2526 Nihil
1651 2499 1684 2526 ad
1705 2498 1763 2526 haec
1777 2505 1822 2526 re-

1032 2546 1166 2581 spondere
1183 2549 1299 2580 possunt
1322 2544 1419 2571 Judaei.
1456 2544 1524 2572 Nam
1549 2551 1611 2580 post
1638 2553 1791 2581 regressum
1807 2553 1822 2572 e

1032 2592 1168 2627 Babylone
1184 2591 1296 2618 omnino
1313 2595 1385 2617 terra
1403 2590 1473 2626 pulsi
1493 2595 1567 2618 sunt.
1596 2591 1755 2619 Certissime
1773 2591 1822 2626 igi-

1033 2643 1076 2667 tur
1092 2638 1143 2666 hoc
1154 2630 1311 2666 vaticinium
1322 2637 1355 2664 de
1372 2636 1483 2663 Christo
1498 2635 1611 2671 intelligi
1625 2635 1716 2664 debet.

1067 2728 1100 2756 V.
1117 2729 1142 2756 5.
1163 2738 1172 2754 ι
1193 2728 1263 2756 Ecce
1283 2727 1342 2755 dies
1360 2727 1479 2755 venient.
1500 2737 1508 2754 1
1533 2727 1680 2756 Dominum
1697 2731 1823 2756 nostrum

1033 2775 1126 2803 Jesum
1140 2774 1291 2807 Christum,
1306 2774 1350 2810 qui
1367 2782 1400 2802 ex
1428 2774 1508 2801 Patre
1523 2779 1565 2802 est
1579 2779 1642 2801 ante
1657 2773 1767 2806 saecula,
1797 2777 1825 2800 et

1034 2829 1065 2850 ex
1078 2821 1162 2849 David
1177 2821 1328 2849 secundum
1344 2828 1454 2848 carnem
1467 2825 1548 2848 natus
1561 2824 1612 2847 est.

1069 2866 1102 2894 ν.
1118 2866 1160 2894 6.(
1175 2866 1205 2894 1η
1221 2866 1318 2895 diebus
1331 2865 1426 2902 ejus...
1441 2871 1468 2893 et
1482 2865 1638 2893 salvabitur.
1652 2873 1660 2890 1
1677 2863 1770 2896 Judas,
1780 2863 1823 2898 qu'
