2044 3144
225 167 278 200 6'15

764 163 1024 194 DLYMPIODORI
1047 161 1312 192 ALEXANDRINI

1808 158 1862 190 676

225 223 254 250 in
266 221 420 250 abscondito
432 219 539 248 Juda'us
556 218 596 251 ¹³;
617 217 662 252 qui
680 217 706 245 in
723 218 820 252 spiritu
842 218 941 253 recipit
963 218 1017 245 cir—

1075 218 1098 244 τι
1117 217 1239 253 κρυπτὸν
1260 215 1386 247 Ἰουδαῖος
1398 223 1404 230 ·
1423 215 1437 242 ὀ
1453 214 1502 250 τὴν
1517 214 1545 240 ὲν
1559 213 1695 249 πνεύματι
1714 213 1862 249 λαμϐάνων

226 268 433 296 eumcisionem.
450 263 766 299 israelspiritualis,qui
793 272 842 298 per
874 263 1016 291 Christum

227 318 347 341 utentem
360 311 473 346 adeptus
489 314 539 338 est.
552 317 604 344 qua
621 308 691 335 Deus
705 308 756 335 vidi
768 313 821 335 tur.

266 367 274 383 ι
291 356 417 383 Josedec.
437 364 447 380 ι
477 354 593 381 Just-dcc
616 354 820 388 interpretatur,
851 353 900 379 Joa
917 353 1015 387 justus,

227 405 279 432 hoc
293 407 333 430 est
346 401 452 436 justitia
474 406 583 432 nostra;
601 400 643 427 vel
655 400 714 432 Jao,
730 400 775 434 qui
789 405 841 431 est,
863 404 892 426 et
911 400 1018 426 futurus

227 457 279 484 est,
289 450 413 481 Joscdee,
429 453 455 476 et
468 452 580 484 propter
591 448 715 474 eamdem
729 447 939 482 appellationem
953 446 1016 473 Jcsu

227 497 273 523 ﬁlii
289 495 414 526 Josedec,
428 495 473 529 qui
491 495 546 521 dux
561 494 611 520 fuit
625 493 742 520 iiiimunl
769 493 862 523 lsvael.
877 500 891 519 e
903 492 1018 526 captivi—

227 546 282 570 tate
299 542 482 569 redeuntium.
510 539 586 575 Stcpc
602 539 673 566 enim
692 538 831 573 Scriptura
847 543 874 566 et
886 546 918 565 ex
930 538 1019 565 nomi—

227 589 310 615 nibus
325 588 429 622 iudicat
444 595 496 619 res,
516 592 545 613 ut
560 586 651 613 videre
671 589 712 612 est
727 586 752 611 in
772 584 961 616 Mclchisedcc,
973 583 1018 618 qui

229 643 276 662 ru:
291 635 364 669 pacis
377 634 583 668 interpretatur.
601 632 674 659 Inter
691 631 841 665 prop/Ietas,
865 630 973 664 quando
994 633 1021 656 et

229 681 374 716 propheta:
393 679 605 715 appellationem
627 686 680 704 non
702 677 864 712 dedignatus
881 680 931 704 est.
950 675 1021 702 sicut

230 727 318 754 factus
332 731 374 754 est
392 726 474 752 homo
487 725 571 751 Filius
587 724 644 756 Dei,
660 723 854 758 prophetarum
879 721 1019 753 Dominus,

228 773 306 808 juxta
322 772 420 807 Moysis
439 771 597 798 vaticinium
613 770 729 797 dicentis
745 778 752 796 :
768 769 928 802 Prop/telam
950 769 1020 795 vobis

231 818 370 845 suscitabit
403 811 531 843 Domi/tus
547 816 617 842 Deus
640 819 725 842 vester
741 822 772 841 ex
785 815 913 849 fratribus
928 815 1020 841 vestris

231 865 298 891 sicut
313 871 364 896 me;
380 863 406 889 in
421 861 541 889 euntibus
558 862 643 896 ipsum
655 861 769 887 audietis
780 860 812 888 ¹⁶.

268 958 301 986 ν.
316 960 343 988 9.
366 968 374 984 ι
391 957 545 985 Coutritum
558 961 658 984 estcor
684 964 787 983 meum.
805 965 814 982 ι
832 955 947 991 Expavit
960 964 1024 991 pro-

233 1005 316 1040 pheta
328 1004 356 1031 in
373 1002 630 1038 mttigmateChristi
664 1002 824 1037 mysterium
853 1002 1024 1036 contempla-

235 1054 288 1077 1υὸ-

271 1093 304 1121 ν.
318 1094 361 1121 10.
378 1102 387 1119 ι
403 1092 471 1126 Quia
496 1100 510 1119 a
532 1092 612 1119 facie.
628 1101 637 1118 ι
666 1092 969 1127 Pseudoprophetarum
998 1097 1025 1119 et

233 1140 542 1175 pscudomagistroruut.

275 1196 285 1213 ι
302 1185 426 1212 Arefacta
438 1190 513 1212 sunt.
533 1194 542 1210 ι
555 1184 753 1218 institutiones,
769 1184 869 1218 quibus
884 1184 1024 1212 rationalia

235 1232 396 1260 nutriuntur
413 1230 504 1257 ovilia.

274 1288 282 1303 ι
302 1277 334 1304 Et
348 1276 509 1303 fortitudine
524 1283 628 1303 eorum.
638 1285 647 1301 ι
665 1275 723 1303 Non
738 1281 852 1309 tantum,
868 1276 963 1311 inquit,
976 1284 1024 1304 va-

237 1323 347 1352 lucrttnt
364 1326 495 1359 quantum
523 1322 720 1349 deliberarent.
733 1321 865 1350 Volebam
892 1321 975 1354 enim,
1002 1322 1024 1349 si

237 1369 399 1405 potuissent,
421 1374 449 1396 et
463 1369 559 1404 pejora
573 1367 672 1394 facere.

275 1414 306 1441 V.
325 1414 368 1441 Η.
385 1424 394 1439 ι
414 1414 448 1442 Et
463 1415 491 1442 in
507 1415 589 1442 domo
612 1421 682 1440 mea.
702 1423 711 1439 ι
727 1408 793 1441 Nam
811 1413 838 1441 in
853 1412 901 1441 Dei
925 1413 1025 1449 templo

238 1460 307 1488 idola
321 1460 529 1493 coliocaverant,
548 1461 627 1488 sicuti
639 1462 666 1488 et
681 1458 805 1487 Ezechiel
818 1460 922 1488 viderat
939 1459 970 1486 ".

272 1504 305 1532 V.
322 1505 366 1532 ιε.
386 1504 512 1533 «Idcirco
532 1505 575 1532 via
594 1505 701 1533 illorum
726 1504 782 1531 ﬁat.
802 1514 813 1530 ι
828 1504 943 1538 Quando
965 1511 1026 1532 sese

1068 264 1234 300 περιτομὴν,
1264 261 1373 298 Ἰσραὴλ
1392 263 1406 288 ὁ
1427 259 1630 296 πνευματικὸς,
1649 261 1663 286 ὁ
1677 260 1721 286 διὰ
1743 261 1862 296 Χριστὸν

1067 310 1130 337 νοῦν
1145 310 1318 344 κτησάμενος
1329 308 1436 343 ὁρῶντα
1451 307 1528 333 Θεὸν.

1107 364 1116 380 ι
1133 354 1266 381 Ἰωσεδὲκ.
1283 363 1292 378 ι
1313 353 1437 380 Ἰωσεδὲκ
1453 351 1647 388 ἑρμηνεύεται,
1664 351 1725 378 ’1ωὰ
1736 350 1862 386 δίκαιος,

1067 401 1191 427 τουτέστι
1205 399 1363 434 δικαιοσύνη
1380 399 1469 434 ἡμῶν
1488 398 1591 434 ἢἿωὰ,
1607 397 1645 424 ὣν
1661 398 1708 423 καὶ
1722 398 1861 432 ἐσόμενος,

1076 447 1217 474 Ἰωσεδὲκ·
1234 447 1281 472 καὶ
1301 446 1346 472 διὰ
1360 446 1409 481 τὴν
1427 445 1588 480 ὁμωνυμίαν
1614 444 1674 470 υἱοῦ
1702 444 1749 470 τοῦ
1772 444 1862 471 Ἰωσε-

1069 493 1126 525 δὲκ,
1140 493 1186 520 τοῦ
1203 492 1383 528 ἡγησαμένου
1396 492 1449 518 τῶν
1461 491 1527 517 υἱῶν
1542 490 1652 526 Ἰσραὴλ
1667 491 1721 517 ἀπὸ
1738 491 1786 524 τῆς
1804 492 1865 526 αἰχ-

1072 539 1223 575 μαλωσίας.
1247 538 1381 570 Πολλάκις
1397 538 1452 573 γὰρ
1470 538 1487 572 ὴ
1507 536 1603 572 Γραφὴ
1624 537 1671 562 καὶ
1694 537 1747 562 ἀπὸ
1764 537 1865 571 ὀνομά-

1070 593 1125 611 των
1148 585 1181 611 tit
1196 585 1348 620 πράγματα
1370 583 1476 618 κρίνει·
1492 582 1530 614 ὡς
1551 581 1599 608 ἐπὶ
1620 580 1667 608 τοῦ
1684 581 1862 616 Μελχισεδὲκ,

1071 631 1099 663 ὃς
1117 630 1301 666 ἑρμηνεύεται
1319 628 1473 661 ,βασιλεὺς
1496 628 1628 662 εἰρήνης.
1650 628 1698 654 Ἐν
1716 628 1780 661 τοῖς
1793 635 1865 661 προ-

1071 675 1180 711 φήταις
1192 675 1285 710 ἐπειδὴ
1300 675 1346 701 καὶ
1360 673 1505 711 προφήτης
1519 673 1621 708 ἠξίωσε
1634 672 1777 708 κληθῆναι,
1797 673 1866 700 κιοὸ

1071 724 1185 758 γέγονεν
1202 723 1359 756 ἄνθρωπος,
1374 723 1388 748 ὁ
1409 721 1457 748 τοῦ
1472 720 1540 747 Θεοῦ
1563 721 1637 751 Υἱὸς,
1655 721 1669 746 ὸ
1685 721 1740 746 τῶν
1758 729 1867 755 προφη-

1071 769 1125 796 τῶν
1150 769 1290 804 Δεσπότης
1301 789 1309 802 ,
1335 767 1406 794 κατὰ
1422 767 1468 793 τὸν
1484 766 1529 793 διὰ
1545 766 1666 797 Μωσέως
1682 766 1806 801 χρησμὸν
1820 766 1867 792 λέ-

1072 824 1174 851 γοντα,
1214 814 1379 849 Προφήτην
1416 812 1487 847 ὑμῖν
1519 811 1688 844 ἀναστήσει
1716 812 1822 845 Κύριος
1849 812 1868 838 ό

1075 863 1147 895 Θεὸς
1164 861 1249 896 ὑμῶν
1267 861 1307 894 ὡς
1331 860 1384 895 ἐμέ
1398 867 1405 875 ·
1430 859 1508 887 κατὰ
1531 859 1630 885 πάντα
1655 857 1748 884 αὐτοῦ
1775 857 1868 884 ἀκού-

1074 910 1177 935 σεσθε.

1113 964 1123 981 ι
1146 953 1297 989 Συνετρεὸη
1311 953 1328 988 ή
1345 952 1445 988 καρδία
1462 959 1524 987 μου.
1545 950 1701 985 »Ἑπτοήθη
1723 950 1738 976 ὁ
1760 949 1868 985 προφή-

1074 1009 1136 1035 της,
1149 1001 1178 1026 ὲν
1191 999 1333 1034 αινίγμιιτι
1347 999 1378 1025 τὸ
1388 997 1458 1025 κατὰ
1475 997 1593 1033 Χριστὸν
1605 996 1746 1032 θεωρήσας
1764 996 1866 1031 μυστή-

1095 1055 1143 1072 ιον.

1076 1055 1143 1082 ριον.

1114 1101 1123 1117 ι
1143 1091 1204 1118 Ὂτι
1223 1091 1278 1117 ἀπὸ
1293 1089 1454 1126 προσώπου.
1475 1099 1485 1115 ›
1500 1089 1562 1115 Τῶν
1573 1087 1804 1124 ψευδοπροφητῶν
1818 1087 1867 1114 καὶ

1075 1136 1339 1173 ψευδοδιδασκάῖων.

1114 1193 1124 1210 ι
1151 1183 1370 1218 Ἐξηράνθησαν.
1389 1191 1398 1207 ι
1420 1181 1453 1207 Δί
1471 1179 1651 1212 διδασκαλίαι,
1663 1179 1702 1206 ’δι’
1722 1176 1759 1206 ὧν
1778 1179 1813 1206 τὰ
1826 1179 1870 1205 λο-

1075 1230 1142 1265 γικὰ
1158 1230 1304 1265 τρέφονται
1320 1227 1444 1264 ποίμνια.

1115 1285 1124 1302 ι
1145 1276 1200 1302 Καὶ
1230 1275 1246 1310 ή
1274 1275 1349 1309 ἰσχὺς
1382 1273 1483 1301 αὐτῶν.
1503 1281 1513 1298 ι
1537 1271 1574 1298 Οὐ
1604 1271 1746 1304 τοσοῦτον,
1773 1270 1867 1306 φησὶν,

1076 1322 1190 1356 ἴσχυσαν
1200 1340 1208 1353 ,
1227 1320 1288 1346 ὅσον
1305 1319 1353 1346 καὶ
1372 1318 1578 1345 ἑὸουλεύσαντο.
1602 1316 1758 1343 Ἐδού).οντο
1772 1315 1826 1351 γὰρ
1843 1316 1868 1342 εὶ

1075 1367 1207 1402 ἠδύναντο
1223 1367 1271 1393 καὶ
1288 1365 1398 1401 χείρονα
1414 1365 1513 1391 ποιεῖν.
1612 1359 1614 1362 ’

1115 1422 1124 1438 ι
1146 1413 1200 1439 Καὶ
1217 1412 1246 1438 ὲν
1266 1411 1306 1446 τῷ
1320 1411 1388 1446 οἴκῳ
1407 1419 1469 1446 μου.
1497 1419 1506 1436 ι
1528 1410 1573 1436 ‘Ev
1597 1410 1653 1444 γὰρ
1675 1406 1713 1442 τῷ
1730 1407 1795 1443 Θείῳ
1810 1406 1868 1441 ναῷ

1076 1459 1172 1486 εἴδωλα
1186 1457 1331 1490 ἀπέθεντο,
1347 1457 1385 1488 ὡς
1400 1456 1448 1482 καὶ
1470 1454 1602 1490 Ἰεζεκιὴλ
1621 1452 1785 1489 ἐθεώρησεν.

1115 1515 1125 1532 ι
1147 1505 1198 1532 Διὰ
1214 1504 1294 1530 τοῦτο
1316 1502 1439 1538 γενέσθω
1465 1502 1482 1537 ή
1506 1501 1565 1533 ὁδὸς
1596 1500 1697 1527 αὐτῶν.
1726 1509 1736 1526 ›
1758 1498 1869 1534 Ἐπειδὴ

237 1557 313 1580 extra
329 1552 418 1579 lucem
443 1555 610 1586 statuerunt,
637 1553 665 1579 in
697 1550 817 1580 tenebris
844 1551 961 1580 ibuntet
979 1559 1025 1580 ca-

1077 1551 1124 1579 τοῦ
1141 1550 1230 1586 φωτὸς
1247 1548 1300 1581 ἔξω
1330 1547 1444 1579 ἑαυτοὺς
1459 1546 1642 1582 κατέστησαν,
1659 1546 1688 1572 ὲν
1704 1544 1800 1579 σκοτίᾳ
1821 1545 1870 1570 καὶ

237 1598 330 1633 ligine.

273 1642 306 1669 γ.
322 1642 365 1670 16.
375 1652 384 1668 ι
394 1642 462 1676 Quia
479 1648 576 1669 vanam
588 1640 695 1668 faciunt
707 1641 784 1669 vobis
797 1643 956 1670 visionem.»
968 1642 1026 1670 ina-

237 1694 287 1715 nes
295 1692 320 1715 ct
332 1688 513 1715 dacmoniacas
522 1688 643 1715 visiones
650 1691 776 1722 tanquam
785 1695 863 1716 veras
871 1689 1024 1723 proferunt.

275 1732 306 1760 V.
321 1733 360 1760 18.
381 1743 390 1758 ι
405 1733 537 1766 Quoniam
551 1733 611 1768 quis
627 1733 702 1761 stetit
714 1733 740 1760 in
750 1733 922 1761 substantia?
937 1743 947 1760 ι
966 1734 1026 1761 Non

238 1782 354 1810 tantum,
369 1779 417 1811 ait,
429 1779 494 1806 falsa
508 1778 716 1813 prophetabant,
729 1779 776 1806 sed
789 1783 817 1806 et
827 1780 900 1807 veris
908 1781 1027 1815 prophe-

240 1822 274 1849 tis
289 1821 412 1849 falsitatis
427 1827 519 1850 notam
549 1822 690 1850 inurentes
715 1823 862 1851 dicebant:
889 1823 1026 1852 Mentiun-

240 1870 293 1894 tur.
308 1866 374 1900 Quis
386 1867 460 1894 enim
476 1867 592 1895 accessit
602 1868 636 1896 ad
651 1868 748 1902 Deum,
761 1873 791 1896 ut
811 1877 953 1898 sermones
966 1871 1026 1906 ejus

239 1912 365 1940 audiret?

274 1958 305 1986 V.
320 1959 364 1987 t9.
387 1967 396 1985 ι
410 1959 445 1986 Et
455 1959 543 1987 donec
563 1960 688 1988 statuerit
702 1961 768 1989 illud
777 1961 811 1988 ab
825 1962 1023 1997 aggressione.)

239 2001 341 2035 Donec,
355 2002 402 2036 ait,
418 2004 490 2038 quod
505 2011 647 2040 aggressus
664 2011 704 2033 est
722 2007 866 2034 consilium
881 2007 963 2042 Deus,
976 2008 1028 2036 hoc

239 2051 290 2078 est,
304 2048 375 2082 quod
389 2048 474 2076 voluit
487 2057 516 2076 re
525 2049 581 2084 ipsa
591 2056 712 2085 przestet.

275 2093 307 2120 V.
324 2093 370 2121 22.
389 2102 398 2119 ι
418 2094 495 2128 Quod
512 2097 535 2122 si
565 2097 706 2125 stetissent
716 2098 742 2125 in
758 2099 910 2127 substantia
926 2108 995 2128 mea.
1016 2110 1026 2126 ι

240 2138 292 2165 Pro
304 2147 337 2166 eo
353 2140 425 2174 quod
444 2146 487 2168 est
501 2149 507 2167 :
524 2141 551 2168 Si
565 2143 794 2178 propinquassent
806 2145 883 2172 mihi.
901 2145 949 2174 Vel
963 2147 1004 2174 sic
1021 2156 1027 2174 :

241 2184 269 2212 Si
285 2193 342 2212 rem
360 2187 532 2221 propltetiwa
550 2196 593 2215 me
602 2190 782 2224 accepissent,
793 2191 844 2218 hoc
859 2197 909 2225 est,
919 2192 940 2219 si
956 2200 971 2220 a
984 2201 1028 2220 mc

1077 1599 1168 1634 γνόφῳ
1184 1595 1355 1632 πορεύονται.

1114 1652 1123 1669 ι
1144 1642 1206 1670 Ὀτι
1219 1640 1380 1677 ματαιοῦσιν
1403 1639 1501 1668 ἑαυτοῦ
1519 1639 1633 1675 ὅρασιν;
1648 1647 1657 1664 ι
1679 1637 1734 1670 Τὰς
1751 1636 1869 1674 ματαίας

1077 1691 1124 1719 καὶ
1140 1689 1304 1725 δαιμονικὰς
1314 1688 1426 1725 ὁράσεις
1438 1687 1476 1719 ὡς
1491 1686 1601 1721 ἀληθεῖς
1617 1684 1812 1720 προσφέρουσι.

1115 1746 1124 1762 ι
1142 1737 1203 1763 Ὅτι
1213 1736 1254 1767 τίς
1267 1735 1344 1761 ἔσται
1357 1736 1386 1761 ὲν
1395 1733 1586 1767 amomum;
1607 1740 1616 1757 ι
1634 1731 1671 1757 Οὐ
1685 1730 1776 1765 μόνον,
1789 1728 1867 1764 φησι,

1076 1782 1164 1817 ψευδῆ
1191 1781 1392 1817 προεφήτευον,
1421 1778 1491 1805 ἀλλὰ
1519 1778 1565 1804 καὶ
1592 1776 1781 1806 διαϐάλλοντες
1805 1775 1870 1806 τοὺς

1077 1828 1188 1863 ἀληθεῖς
1217 1827 1385 1862 προφήτας,
1412 1825 1523 1858 ελεγον·
1550 1822 1712 1849 Ψεὺδονται.
1740 1820 1790 1851 Τίς
1813 1819 1869 1854 γὰρ

1077 1873 1229 1909 ἐπλησίασε
1245 1872 1284 1908 τῷ
1297 1871 1357 1907 Θεῷ
1367 1891 1374 1905 ,
1394 1871 1438 1898 ῐνα
1459 1870 1506 1898 καὶ
1522 1868 1629 1904 ἀκούσῃ
1644 1867 1698 1894 τῶν
1718 1866 1805 1901 λόγων
1819 1866 1870 1892 αὐ-

1077 1927 1140 1953 τους

1116 1975 1126 1992 ι
1145 1965 1202 1992 Καὶ
1227 1964 1279 1996 ἕως
1300 1964 1334 1991 ἃν
1349 1964 1437 1998 στήσῃ
1452 1961 1518 1989 αὐτὸ
1541 1960 1596 1987 ἀπὸ
1623 1960 1835 1995 ἐγχειρήματος.
1856 1967 1867 1985 ι

1081 2011 1155 2042 Ἕως
1167 2010 1211 2043 ἂν,
1234 2010 1329 2045 φησὶν,
1346 2008 1360 2035 ὃ
1373 2007 1583 2043 προεχειρίσατο
1604 2005 1742 2040 βούλευμα
1757 2006 1772 2031 ὁ
1792 2004 1872 2037 Θεὸς,

1079 2057 1230 2087 τουτέστιν,
1247 2055 1261 2081 ὃ
1274 2054 1417 2089 ἠθέλησεν,
1437 2053 1477 2083 είς
1493 2051 1573 2087 ἔργον
1587 2051 1689 2087 ἀγάγῃ.

1117 2111 1126 2128 ι
1145 2101 1201 2128 Καὶ
1221 2100 1246 2126 εἰ
1268 2099 1387 2134 ἔστησαν
1411 2099 1440 2125 ἐν
1461 2099 1494 2133 τῇ
1514 2097 1663 2123 ὑποστάσει
1681 2104 1742 2130 μου.
1764 2104 1773 2120 ι
1798 2094 1872 2121 Ἀντὶ

1079 2147 1137 2179 τοῦ,
1153 2146 1185 2173 Et
1196 2145 1366 2182 ὲπλησίασάν
1379 2153 1424 2180 μοι
1440 2143 1476 2179 ’ἢ
1493 2143 1596 2174 οὕτως·
1613 2142 1645 2168 Εἰ
1657 2142 1707 2177 τὴν
1723 2142 1872 2167 ὑπόστασιν

1079 2193 1129 2228 τῆς
1146 2191 1314 2228 προφητείας
1329 2191 1394 2226 παρ’
1409 2190 1477 2226 ἐμοῦ
1496 2190 1587 2225 ἔσχον,
1602 2189 1737 2221 τουτέστι,
1759 2189 1783 2214 εί
1805 2188 1870 2222 παρ’

239 2229 355 2257 fuissent
367 2231 465 2262 edocti,
477 2233 568 2267 utique
585 2234 714 2269 populum
729 2243 819 2263 mcum
835 2237 997 2266 avertissent
1012 2246 1026 2265 ιι

1080 2238 1147 2274 ἐμοῦ
1163 2237 1233 2274 ἦσαν
1253 2238 1439 2273 σοφισθέντες,
1450 2237 1495 2263 τὸν
1510 2236 1575 2263 λαόν
1590 2244 1639 2271 μου
1655 2236 1826 2270 ἀπέστρεφον
1838 2234 1871 2261 ἂν

239 2275 333 2310 pravis
343 2283 436 2303 eorum
456 2279 563 2306 studiis.

279 2320 309 2348 ν.
323 2322 367 2349 28.
384 2333 393 2348 ι
408 2322 545 2359 Propheta
560 2325 587 2352 in
599 2334 653 2361 quo
666 2328 804 2356 somnium
818 2334 870 2357 est.
890 2339 899 2356 ι
917 2329 986 2358 Cum
1000 2337 1028 2359 et

239 2374 254 2416 a
273 2366 328 2394 Deo
340 2369 504 2404 quandoque
518 2366 583 2398 sint'
602 2373 718 2406 somnia,
752 2374 882 2402 indicium
907 2377 1028 2412 assignat

239 2419 360 2439 manium
376 2421 559 2449 verorumque
583 2417 752 2445 somniorum
777 2420 835 2454 ipse
851 2421 1026 2449 exitus.Nam

239 2464 299 2491 quae
314 2465 328 2483 a
343 2458 398 2486 Deo
416 2463 480 2486 sunt
500 2460 648 2494 insomnia,
666 2471 729 2490 vera
745 2465 857 2492 omnino
867 2471 940 2493 sunt.
962 2466 1028 2499 Qua:

240 2510 306 2548 vero
325 2511 339 2530 a
354 2504 536 2538 dtemonibus,
550 2514 604 2534 non
621 2507 852 2545 plane;utrisquc
869 2511 949 2547 igitur
965 2521 1028 2548 pro-

240 2547 330 2582 phetis
341 2549 467 2584 congruit
478 2549 522 2577 hic
537 2558 637 2584 sermo,
652 2553 723 2580 veris
740 2557 768 2581 et
783 2554 867 2583 falsis.

279 2646 290 2664 ι
310 2637 381 2671 Quid
394 2639 471 2674 palea
482 2640 516 2668 ad
542 2641 703 2670 triticum?»
719 2643 808 2678 Palca,
830 2645 899 2681 ignis
915 2647 1031 2675 alimen-

241 2687 312 2717 tum,
339 2689 382 2712 est
420 2687 724 2724 pseudoprophetarum
775 2699 880 2725 sermo;
911 2694 1029 2722 triticum

239 2737 305 2758 vero
320 2730 422 2758 homini
436 2733 546 2761 vitalem
567 2735 680 2769 largitur
714 2737 780 2767 vim.
806 2745 896 2764 sermo
925 2740 1029 2767 veracis

239 2774 399 2810 prophetas;
413 2785 474 2812 quze
485 2779 559 2805 enim
578 2780 747 2807 consociatio
769 2783 902 2810 mendacii
919 2789 947 2811 et
959 2787 1029 2812 veri-

239 2821 321 2849 tatis?

1081 2285 1134 2312 ἀπὸ
1149 2285 1202 2312 τῶν
1216 2284 1345 2320 πονηρῶν
1362 2282 1586 2318 ἐπιτηδευμάτων
1600 2282 1702 2308 αὐτᾶν.

1119 2341 1128 2357 ι
1140 2331 1169 2358 ’0
1181 2331 1324 2366 προφήτης
1337 2331 1365 2357 ὲν
1377 2327 1399 2364 ᾦ
1410 2329 1439 2356 τδ
1452 2329 1577 2356 ἐνύπνιόν
1590 2329 1660 2355 ἐστι.
1677 2338 1685 2354 ι
1696 2327 1805 2362 Ἐπειδή
1819 2327 1871 2353 εἰσι

1081 2376 1128 2403 καὶ
1139 2376 1171 2402 ὲκ
1183 2375 1249 2402 Θεοῦ
1266 2375 1390 2406 ἐνύπνια,
1403 2374 1503 2410 δεῖγμα
1517 2374 1598 2400 πάλιν
1610 2373 1792 2400 ποιεῖταιτῶν
1801 2371 1871 2406 ψευ-

1080 2421 1133 2447 δῶν
1152 2421 1199 2447 και
1214 2420 1350 2455 ἀληθινῶν
1367 2420 1503 2446 ἐνυπνίων
1530 2419 1565 2446 τὰ
1593 2419 1815 2453 ἀποτελέσματα,
1830 2418 1871 2445 ὅτι

1080 2466 1115 2492 τὰ
1133 2466 1182 2500 μὲν
1195 2466 1227 2492 ὲκ
1240 2465 1309 2491 Θεοῦ
1330 2465 1453 2498 ἐνύπνια,
1472 2466 1583 2497 πάντως
1599 2464 1738 2500 ἀληθεύει,
1754 2465 1787 2491 τὰ
1799 2464 1828 2491 δὲ
1839 2465 1871 2490 ἐκ

1077 2511 1223 2547 δαιμόνων,
1243 2511 1274 2538 οὐ
1284 2511 1404 2543 πάντως.
1421 2512 1494 2548 Πρὸς
1505 2512 1654 2547 ἑκατέρους
1667 2512 1714 2539 οὖν
1728 2512 1791 2543 τοὺς
1806 2519 1871 2546 προ-

1079 2558 1167 2593 φήτας
1184 2557 1300 2592 ἁρμόζει
1317 2558 1331 2584 ὁ
1351 2557 1429 2600 λόχος
1442 2577 1449 2591 ,
1465 2557 1529 2590 τούς
1550 2566 1580 2585 τε
1599 2558 1725 2593 ἀληθεῖς,
1741 2559 1788 2584 καὶ
1803 2557 1870 2592 ψευ-

1078 2604 1141 2635 δεῖς.

1119 2658 1128 2675 ι
1149 2649 1181 2676 Τί
1193 2649 1223 2676 τὸ
1236 2649 1339 2686 ἄχυρον
1355 2650 1423 2685 πρὸς
1442 2649 1487 2677 τὸν
1505 2651 1598 2684 σίτον;
1623 2659 1633 2677 ι
1654 2651 1771 2686 ’Δχυρον
1781 2649 1869 2686 τροφὴ

1080 2696 1175 2732 πυρὸς,
1189 2696 1243 2723 τῶν
1258 2696 1492 2732 ψευδοπροφητῶν
1504 2696 1518 2723 ὁ
1529 2696 1623 2730 λόγος·
1637 2698 1710 2728 σῖτος
1722 2696 1750 2723 δὲ
1763 2696 1869 2731 ἀνθρὼ-

1079 2751 1122 2776 πῳ
1138 2742 1258 2778 ζωτικὴν
1274 2742 1417 2779 χαρίζεται
1427 2742 1554 2777 δύναμιν,
1567 2743 1581 2768 ὸ
1594 2742 1672 2777 λόγος
1686 2742 1734 2769 τοῦ
1751 2741 1868 2777 ἀληθοῦς

1078 2788 1231 2824 προφήτου.
1251 2789 1320 2816 Ποία
1343 2788 1399 2823 γὰρ
1421 2789 1550 2816 κοινωνία
1566 2788 1606 2824 τῷ
1622 2788 1715 2824 ψεύδει
1735 2788 1803 2825 πρὸς
1818 2787 1869 2824 τὴν

1078 2833 1208 2869 ἀλήθειαν
1220 2843 1228 2867 ;

275 2879 296 2895 "
310 2879 388 2908 Rom.
404 2888 432 2912 u,
445 2879 490 2907 99.
532 2881 552 2896 ’⁸
563 2881 640 2908 Deut.
657 2889 732 2916 xvnt,
748 2884 790 2911 15.
829 2886 851 2901 ’τ
865 2885 963 2914 Ezech.
976 2896 1036 2923 vni,
1050 2889 1093 2919 16.
