2052 3150
253 181 306 212 683

797 177 1057 210 OLYMPIODORI
1077 177 1097 206 Λ
1103 177 1325 207 LEXANDRIN
1330 177 1343 206 Ι

1836 175 1890 208 684

255 239 309 266 lem
335 237 464 273 populum
491 236 668 272 dccipicntcs,
687 236 756 264 etin
780 237 935 272 captivitate
963 236 1035 263 sudu

1097 235 1257 266 ἀπατῶντες
1269 235 1315 262 τὸν
1324 235 1399 264 λαόν,
1413 232 1503 262 Ἦσαν
1515 235 1543 262 δὲ
1561 235 1607 262 καὶ
1623 235 1650 263 ὲν
1663 237 1697 270 τῇ
1712 236 1889 273 αἰχμαλωσίᾳ.

255 288 349 311 centes
365 290 411 309 eos
427 282 470 316 qui
487 282 512 308 in
529 283 765 318 transmigratimxe
778 283 922 318 degebant.

290 329 321 357 V.
337 328 382 356 '24.
403 337 412 354 1
425 328 514 363 Super
530 327 634 355 Aclniab
649 333 677 356 et
698 336 780 364 super
803 328 956 356 Sedeciam.
977 338 986 354 ι
1013 328 1046 355 lli

254 382 334 403 senes
350 374 385 401 illi
403 382 463 402 esse
492 374 630 407 dicuntur,
645 375 690 410 qui
722 374 854 403 Susanna
881 375 1045 403 adulterium

253 420 420 448 obtulerunt.

287 466 320 494 V.
331 466 376 494 26.
395 475 405 492 1
419 466 550 494 Dominus
564 465 639 494 dedit
652 470 677 494 te
701 466 883 494 sacerdotem.
903 475 913 492 ι
929 465 970 493 Ad
995 466 1044 493 Sa-

252 519 341 538 mcam
363 511 429 539 dicit
443 511 514 538 Deus
531 520 537 538 :
555 513 612 547 Ego
626 516 651 538 te
664 512 818 547 prop/zelum
834 520 886 539 non
910 513 1044 546 constitui,

253 566 298 584 nec
318 558 443 585 mandavi
456 558 502 585 tibi
516 563 544 585 ut
558 557 697 593 Sep/lonia:
708 559 831 586 scriberes
841 559 963 586 adversus
973 559 1045 586 lere-

252 606 344 632 miam.

287 651 318 676 V.
333 651 377 679 5'2.
396 661 404 676 ι
424 651 494 677 Ecce
510 657 559 684 ego
574 649 700 677 visitabo.
719 659 728 675 ι
749 649 915 676 Ρτθείὶιιὶιιιιη
937 654 1044 683 tempus

251 696 442 724 rcvocationis.
455 696 533 729 Quod
552 695 587 722 ab
603 695 662 730 ipso
678 694 775 722 Samca
792 695 924 729 scriptum
938 699 1005 721 erat.

551 752 627 780 CAP.
654 751 737 779 XXX.

286 799 317 826 ν.
339 799 365 826 5.
385 809 393 825 1
412 798 512 826 Vocem
532 799 638 826 timoris
649 798 776 825 audietis.
793 807 802 823 ι
818 797 1040 833 Evangelicarum

248 846 472 880 praeceptionum.
779 843 785 849 ”

255 916 258 919 ,
286 901 296 918 1
312 892 345 919 Et
359 899 413 919 non
427 896 467 919 est
482 899 542 926 pax.
559 900 567 916 ι
586 890 644 918 Non
664 890 733 918 enim
749 891 818 924 vem',
849 889 978 916 Dominus
989 889 1037 922 ait,

247 943 338 969 pacem
350 936 453 962 mittere
463 935 489 962 in
505 940 613 967 terram,
630 935 675 961 .ml
687 934 815 970 gladium.

284 1033 293 1050 1
308 1024 484 1060 lnterrogate.
504 1032 513 1049 ι
531 1024 710 1058 Interrogata,
726 1023 773 1055 ait,
785 1022 891 1049 divinas
906 1021 1033 1053 Litteras,

245 1070 279 1098 ab
296 1070 401 1105 illisque
415 1069 522 1102 discite,
554 1069 577 1096 si
599 1073 727 1096 nascetur
742 1060 820 1096 vobis
835 1068 982 1100 masculus,
996 1067 1036 1094 vi-

245 1116 343 1144 delicet
356 1116 495 1144 Dominus.
507 1115 574 1143 Nam
590 1115 652 1150 quia
664 1122 713 1150 per
728 1122 811 1141 unum
836 1113 923 1141 Adam
952 1121 1035 1140 mun-

244 1161 296 1189 dus
308 1162 333 1188 in
347 1165 488 1197 peccatum
503 1161 598 1196 lapsus
607 1163 659 1192 est,
672 1159 733 1194 iure
748 1159 781 1186 dc
804 1157 926 1185 secundo
949 1156 1034 1184 Adam

243 1207 375 1243 praedicit,
391 1214 441 1242 per
451 1213 532 1241 quem
545 1205 615 1232 facta
628 1204 779 1238 redemptio
795 1203 968 1237 libertasque.

284 1304 294 1320 1
312 1295 346 1322 Et
359 1294 393 1321 de
408 1294 514 1321 timore.
529 1302 538 1319 ι
555 1292 606 1326 Qui
632 1292 740 1323 timent,
752 1292 822 1319 duce
846 1291 903 1326 ipsa
937 1294 1034 1318 natura

245 1341 367 1368 lumbum
379 1344 472 1367 tenere
489 1339 588 1367 solent.
604 1338 698 1366 Timor
715 1337 816 1372 itaque,
834 1336 882 1368 ait,
896 1335 1034 1371 evangeli-

243 1395 338 1415 oorum
352 1387 405 1414 crit
416 1387 616 1418 mandatorum,
640 1393 689 1421 per
701 1391 783 1420 quem
807 1383 937 1411 timorem
950 1382 1034 1409 robur

246 1435 361 1464 habebit.
377 1439 404 1461 et
423 1434 579 1461 salvabitur.

280 1490 289 1506 1
304 1480 372 1513 Quia
387 1479 451 1507 vidi.
471 1490 479 1505 ι
501 1479 602 1506 Omnes
618 1478 692 1506 enim
718 1477 886 1504 horruerunt
910 1478 1033 1502 exactam

243 1527 269 1554 in
298 1526 461 1561 evangelicis
483 1526 626 1561 praeceptis
654 1524 836 1560 disciplinam,
864 1522 1034 1555 turbatisque

242 1581 298 1609 prae
312 1572 426 1600 horrore
442 1572 594 1600 visceribus
606 1571 712 1599 lumbos
728 1573 885 1597 tenuerunt.
901 1567 1035 1604 Spiritali-

243 1602 283 1644 ἱει-
294 1625 360 1644 vero
372 1617 494 1644 lumbum
507 1620 591 1648 tenet,
601 1616 646 1652 qui
659 1620 750 1651 partes
760 1614 905 1642 seminales
918 1612 1032 1648 compri-
1045 1602 1067 1632 θ

242 1665 302 1696 mit,
318 1668 345 1692 et
361 1663 481 1691 abstinet
492 1670 508 1689 a
523 1662 605 1690 coitu.

276 1749 310 1780 ν.
325 1751 351 1778 7.
366 1759 376 1777 1
392 1749 461 1784 Quia
475 1758 572 1786 magna
585 1749 654 1777 facta
671 1753 713 1777 est
725 1749 782 1777 dies
797 1748 851 1776 illa.
867 1757 877 1775 ι
893 1747 955 1776 Dies
964 1752 1033 1775 tem-

242 1797 316 1833 poris
332 1797 527 1824 incarnationis
549 1796 706 1830 Dominicze,
723 1800 749 1823 et
774 1795 873 1828 crucis,
891 1799 918 1822 et
939 1802 1033 1822 resur-

242 1844 391 1870 rectionis:
409 1843 565 1871 universam
588 1842 688 1878 quippe
708 1842 781 1869 illius
800 1840 1031 1876 dispensationem

242 1895 320 1918 vocat
334 1890 416 1918 dicm.

277 1936 366 1963 [12.
389 1945 399 1961 1
417 1935 553 1963 Suscitavi
566 1933 771 1962 contritionem.
791 1942 802 1959 ι
824 1932 967 1966 Quoniam,
987 1932 1031 1959 in-

240 1982 308 2018 quit,
325 1990 421 2017 magna
436 1987 474 2008 est
487 1981 566 2017 plaga
587 1985 644 2013 tua,
659 1988 784 2016 nemoque
800 1979 846 2006 tibi
869 1987 942 2014 opem
964 1978 1032 2014 ferre

240 2029 335 2064 potuit,
351 2029 396 2055 sed
411 2032 435 2054 et
450 2028 531 2054 amici
547 2028 585 2054 tui
597 2027 670 2054 obliti
687 2030 747 2053 sunt
763 2025 801 2052 tui
818 2029 924 2060 propter
932 2024 1030 2059 iniqui~

241 2079 320 2101 tatem
337 2078 411 2101 tuam
426 2081 435 2101 :
451 2074 554 2102 amicos
570 2081 635 2101 vero
653 2073 752 2100 animae
774 2073 860 2108 legem
884 2071 1031 2106 intelliges,

240 2124 268 2147 et
280 2120 438 2155 prophetas,
448 2124 474 2147 et
487 2123 595 2147 sanctos
605 2119 725 2155 angelos.
739 2117 853 2152 Quando
865 2117 956 2153 igitur,
971 2116 1009 2144 ait
1021 2136 1030 2150 ,

240 2173 321 2192 nemo
341 2166 390 2193 tibi
409 2165 553 2193 subvenire
570 2166 668 2201 potuit,
684 2172 733 2200 ego
746 2172 795 2200 per
809 2171 901 2191 meum
921 2163 1031 2196 Filium,

240 2211 286 2246 qui
301 2211 450 2239 secundum
467 2219 576 2239 carnem
594 2211 665 2239 ﬁlius
690 2211 776 2239 David
804 2211 867 2244 erit,
893 2209 1031 2237 suscitabo

241 2260 314 2284 t'uam
329 2257 530 2285 contritionem.

274 2302 308 2331 Υ.
324 2303 368 2331 Μ.
385 2313 394 2330 ι
408 2303 475 2336 Quia
488 2303 565 2339 plaga
577 2302 690 2330 inimici.
712 2311 721 2328 ι
737 2302 883 2335 Quoniam,
898 2301 946 2334 ait,
965 2307 1030 2336 pro-

239 2353 300 2386 pter
310 2350 467 2385 iniquitates
481 2355 541 2377 tuas
555 2353 582 2377 te
593 2349 735 2385 dereliqui,
749 2349 784 2376 ob
798 2356 886 2376 meam
900 2347 1029 2383 pietatem

241 2401 268 2424 10
285 2404 361 2424 curo.
454 2399 456 2403 ’

279 2442 361 2469 V.l6.
377 2451 388 2467 1
401 2442 547 2477 Propterea
565 2450 661 2470 omnes
675 2441 720 2477 qui
733 2441 880 2469 comedunt
894 2445 929 2468 te.
948 2450 957 2466 ι
974 2440 1030 2468 lni-

242 2488 315 2520 mici,
326 2488 373 2519 ait,
387 2488 438 2519 tui,
454 2489 592 2515 daemones
605 2496 668 2515 suas
680 2487 825 2516 comedent
846 2495 942 2515 carnes
959 2496 966 2514 :
981 2495 1031 2522 per

241 2533 301 2561 haec
315 2541 380 2561 vero
402 2534 513 2561 denotat
526 2542 606 2569 quam
623 2542 714 2562 amara
735 2533 774 2561 illi
801 2541 882 2569 poena
904 2533 1030 2569 plectena

243 2585 296 2607 llll'.

276 2625 309 2653 V.
325 2625 368 2653 15.
388 2634 398 2651 1
414 2625 454 2652 Ad
469 2625 681 2653 multitudinem.
699 2634 710 2651 ι
732 2625 817 2653 Simul
846 2625 933 2654 adorti
954 2630 1029 2660 sunt,

241 2669 290 2704 ait,
305 2678 367 2698 cum
379 2670 552 2705 iniquitatum
568 2675 676 2698 tuarum
691 2672 876 2700 multitudine.

276 2716 308 2744 ν.
325 2716 368 2744 16.
386 2725 395 2742 ι
407 2717 440 2744 Ει
458 2722 547 2745 erunt.
564 2726 573 2743 ι
590 2717 642 2751 Qui
655 2717 863 2746 circumducunt
876 2723 902 2746 te
917 2717 1031 2753 dissipa-

241 2763 351 2792 buntur.

276 2807 309 2836 ν.
326 2808 370 2836 l7.
386 2817 395 2835 1
410 2807 477 2842 Quia
492 2809 635 2837 adducam.
652 2818 661 2835 ι
681 2809 793 2838 Factum
816 2810 918 2846 quippe
949 2811 1032 2840 homo

240 2854 290 2894 Dei
306 2854 422 2882 Verbum
434 2860 559 2883 naturam
571 2855 720 2883 humanam
736 2857 852 2885 sanavit.

276 2909 290 2927 1
306 2900 417 2936 Venatio
432 2905 522 2930 vestra
534 2906 587 2930 est.
603 2911 612 2928 ι
644 2901 721 2935 Quod
734 2910 750 2929 ει
772 2903 828 2931 Deo
840 2908 868 2931 te
896 2904 1032 2940 disperse-

1100 282 1259 314 ἀπατῶντες
1273 283 1337 314 τοὺς
1357 282 1385 308 ὲν
1396 284 1429 318 τῇ
1442 283 1565 319 ἀποικίᾳ.

1137 339 1147 356 ι
1172 329 1234 356 Ἐπὶ
1253 329 1350 364 Ἀχιὰὸ
1366 330 1412 356 καὶ
1428 330 1474 355 ἐπὶ
1491 329 1627 356 Σεδεκίαν.
1644 339 1653 356 ι
1669 326 1750 357 Οὗτοι
1763 330 1887 364 λέγονται

1098 375 1123 401 οί
1139 375 1211 402 κατὰ
1226 376 1372 403 Σωσάνναν
1387 375 1581 411 πρεσῦύτεροι.

1135 472 1144 488 ι
1168 462 1270 499 Κύριος
1282 462 1368 489 ἔδωκέ
1383 471 1413 489 σε
1429 462 1516 498 ἱερέα.
1537 471 1546 488 ι
1565 463 1638 497 Πρὸς
1651 462 1697 490 τὸν
1713 463 1808 498 Σαμέα
1820 464 1888 498 φησὶ

1095 510 1109 537 ό
1122 509 1199 543 Θεὸς,
1211 510 1252 536 ὅτι
1270 510 1332 536 Οὐκ
1346 509 1403 543 ἐγώ
1414 517 1451 536 σε
1468 508 1641 543 κατέστησα
1656 510 1700 542 εις
1715 509 1886 544 προφήτην,

1093 557 1167 584 οὐδὲ
1184 557 1242 592 ἐγώ
1269 564 1319 584 σοι
1340 556 1536 591 ἐνετειλάμην
1561 555 1672 591 γράψαι
1695 555 1735 588 τῷ
1754 556 1887 590 Σοφονίᾳ

1094 604 1171 630 κατὰ
1197 603 1351 636 Ἰερεμίου.

1132 659 1141 674 ι
1167 649 1234 675 Ἰδοὺ
1255 649 1310 682 ἐγὼ
1328 647 1526 683 ἐπισκέψομαι.
1550 657 1558 673 ι
1589 648 1621 673 Ἡ
1651 647 1807 682 προθεσμία
1836 647 1886 683 τῆς

1092 695 1282 730 ἀνακλήσεως.
1305 695 1342 721 Τὸ
1356 694 1464 730 γραφὲν
1478 693 1543 729 παρ’
1558 693 1641 720 αὐτοῦ
1655 692 1702 719 τοῦ
1716 693 1821 728 Σαμέα.

1392 748 1518 777 ΚΕΦᾹΛ.
1540 750 1579 777 Δ¹.

1132 806 1140 822 ι
1160 795 1254 828 Φωνὴν
1266 795 1350 830 φόϐου
1362 796 1523 823 ἀκούσεσθε,
1538 805 1548 821 ›
1562 795 1618 831 Τὴν
1631 794 1686 822 τῶν
1700 794 1886 829 ιὺαγγελικῶν

1091 843 1326 880 προσταγμάτων.

1129 899 1138 914 1
1158 889 1213 917 Καὶ
1225 889 1276 915 οὐκ
1293 888 1368 914 ἐστιν
1383 888 1490 923 εἰρήνη.
1511 896 1520 913 ι
1541 888 1582 914 οὑ
1603 887 1658 923 τὰρ
1681 885 1787 922 ἦλθον,
1802 887 1885 922 φησὶν

1054 916 1074 944 Β
1088 935 1102 961 ὁ
1117 934 1233 971 Κύριος,
1246 933 1359 967 βαλεῖν
1371 916 1498 968 ειρήῆν
1514 933 1565 960 ἐπὶ
1579 916 1724 968 τῆιίγιῆιπ,
1828 916 1884 969 μά-

1086 988 1206 1016 χαιραν.

1123 1036 1133 1053 ι
1152 1026 1338 1062 Ἐρωτήσατε.
1367 1034 1376 1051 ι
1404 1024 1600 1061 Ἐρωτήσατε,
1625 1025 1703 1060 φησι,
1732 1025 1783 1058 τὰς
1811 1025 1884 1061 Ppu-

1085 1073 1150 1108 φὰς,
1167 1073 1215 1100 καὶ
1243 1073 1345 1108 μάθετε
1367 1072 1396 1103 ἐξ
1413 1071 1522 1105 αὐτῶν,
1541 1073 1565 1098 εί
1591 1071 1788 1107 γεννηθήσεται
1817 1072 1884 1107 ὑμῖν

1085 1120 1182 1155 ἄρσεν,
1199 1119 1341 1146 τουτέστιν
1355 1120 1371 1145 ὁ
1383 1118 1496 1154 Κύριος.
1515 1119 1629 1154 Ἐπειδὴ
1643 1118 1698 1154 γὰρ
1714 1118 1747 1145 δι’
1764 1118 1823 1150 ἑνὸς
1835 1118 1882 1145 τοῦ

1085 1166 1172 1201 ’Λὸὰμ
1186 1167 1200 1192 ὁ
1213 1166 1318 1200 κόσμος
1332 1165 1376 1200 ἐφ’
1389 1165 1529 1201 ἁμαρτίαν
1551 1155 1635 1200 ἦλθεν
1648 1183 1656 1196 ,
1676 1164 1791 1196 εἰκότως
1815 1163 1881 1200 περὶ

1084 1211 1132 1238 τοῦ
1157 1211 1285 1246 δευτέρου
1309 1210 1397 1246 Ἀδὰμ
1422 1209 1604 1246 προφητεύει,
1617 1209 1650 1236 δι’
1676 1206 1708 1236 ob
1735 1210 1752 1245 ή
1777 1209 1880 1236 ἀπολύ-

1084 1265 1197 1293 τρωσις.

1123 1313 1132 1330 ι
1155 1304 1210 1330 Καὶ
1227 1303 1292 1340 περὶ
1316 1303 1411 1338 φόὃου.
1434 1312 1443 1330 ι
1460 1302 1586 1334 Φυσικῶς
1609 1303 1634 1330 οι
1650 1303 1817 1338 φοϐούμενοι
1829 1303 1880 1338 τὴν

1083 1349 1170 1385 ὀσφὺν
1194 1350 1311 1385 κρατεῖν
1327 1349 1502 1384 πεφύκασιν.
1518 1348 1605 1381 Φόϐος
1622 1346 1680 1382 οὖν,
1705 1349 1782 1385 φησὶ,
1800 1349 1878 1376 ἔσται

1083 1395 1139 1422 τῶν
1164 1394 1357 1429 εὖαγγελικῶν
1374 1394 1609 1430 προσταγμάτων,
1627 1393 1662 1421 δι’
1675 1391 1707 1422 οὖ
1723 1393 1807 1429 φόϐου
1822 1394 1878 1426 ἔξει

1084 1441 1134 1476 τὴν
1150 1441 1239 1476 ἰσχὺν,
1252 1440 1300 1466 καὶ
1313 1439 1480 1476 σωθήσεται.

1122 1494 1132 1511 1
1150 1485 1224 1512 Διότι
1241 1485 1364 1521 ἑώρακα.
1382 1494 1391 1511 ι
1410 1486 1518 1518 Πάντες
1534 1485 1589 1522 γὰρ
1604 1486 1719 1521 Εφριξαν
1732 1486 1783 1522 τὴν
1796 1485 1879 1522 ἀκρί-

1084 1532 1162 1560 ϐειαν
1178 1531 1232 1559 τῶν
1245 1532 1435 1567 εὑαγγελικῶν
1446 1534 1680 1569 προσταγμάτων,
1695 1533 1744 1560 καὶ
1758 1533 1811 1560 ὑπὸ
1826 1533 1878 1567 τῆς

1085 1579 1189 1615 φρίκης
1207 1578 1242 1606 τὰ
1259 1578 1335 1610 ἐντὸς
1350 1579 1552 1615 ταραττόμενοι
1569 1579 1619 1612 τὰς
1644 1579 1730 1614 ὀσφῦς
1757 1579 1878 1614 ἐκράτη-

1084 1635 1146 1654 σαν.
1162 1625 1236 1662 Πρὸς
1251 1625 1280 1652 δὲ
1294 1625 1428 1659 διάνοιαν,
1451 1627 1550 1661 κρατεῖ
1576 1626 1680 1661 ὀσφύος
1693 1626 1708 1652 ὁ
1729 1625 1877 1661 περισφίγ-

1081 1680 1140 1707 γων
1164 1671 1199 1699 τὰ
1229 1672 1423 1708 σπερματικὰ,
1450 1673 1498 1700 καὶ
1532 1672 1703 1708 ἀπεχόμενος
1731 1680 1876 1700 συνουσια-

1083 1725 1164 1752 σμου.
1697 1726 1701 1728 Α

1120 1772 1130 1789 ι
1151 1762 1215 1789 ’Ότι
1231 1762 1337 1799 μεγάλη
1351 1763 1369 1798 ή
1383 1763 1486 1800 ἡμέρα.
1507 1773 1516 1790 ι
1542 1763 1574 1790 Ἦ
1588 1762 1636 1790 τοῦ
1654 1763 1752 1800 χρόνου
1767 1763 1817 1798 τῆς
1827 1764 1875 1791 τοῦ

1081 1808 1188 1844 Κυρίου
1205 1809 1451 1845 ἑνανθρωπήσεως,
1476 1809 1525 1836 καὶ
1543 1809 1590 1836 τοῦ
1607 1809 1736 1846 σταυροῦ,
1765 1810 1812 1836 καὶ
1827 1811 1876 1845 τῆς

1085 1855 1265 1888 ἀναστάσεως
1279 1863 1285 1871 ·
1299 1855 1365 1891 ὃλην
1377 1855 1431 1892 γὰρ
1446 1855 1531 1882 αὑτοῦ
1540 1855 1589 1891 τὴν
1603 1855 1761 1891 οἰκονομίαν
1769 1856 1876 1892 ἡμέραν

1083 1901 1172 1928 καλεῖ.

1120 1958 1129 1974 ι
1153 1947 1307 1984 ’Δνέστησα
1329 1947 1498 1983 σύντριμμα.
1528 1957 1538 1974 ι
1562 1947 1691 1983 Ἐπειδὴ,
1712 1948 1876 1984 equinam

1082 1994 1159 2029 γάλη
1179 2002 1238 2021 σου
1252 1994 1271 2028 ἠ
1291 1993 1407 2030 πληγὴ,
1423 1994 1472 2021 καί
1489 1993 1590 2027 οὐδείς
1607 2001 1656 2020 σοι
1672 1993 1810 2030 ἠδυνήθη
1825 1995 1876 2022 ἐπ-

1081 2039 1202 2074 αμῦναι,
1215 2040 1353 2068 ἀλλὰκαὶ
1363 2040 1481 2075 οίςρίλοι
1492 2047 1551 2067 σου
1561 2039 1746 2068 ἑπελάθοντό
1756 2048 1816 2067 om;
1827 2041 1876 2068 διὰ

1082 2085 1140 2120 τὴν
1160 2086 1308 2121 ἁμαρτίαν
1327 2093 1403 2114 σου·
1427 2086 1521 2121 φίλους
1540 2085 1569 2112 δὲ
1590 2086 1641 2121 τῆς
1656 2085 1745 2122 ψυχῆς
1767 2088 1875 2122 νοήσεις

1080 2132 1127 2159 τὸν
1144 2132 1238 2168 νόμον,
1259 2132 1307 2159 καὶ
1317 2133 1381 2164 τοὺς
1400 2132 1612 2168 προφήτας,καὶ
1620 2132 1715 2166 ἁγίους
1729 2132 1874 2167 ἀγγέλους.

1087 2176 1200 2213 Ἐπειδὴ
1214 2174 1272 2212 οὖν,
1289 2177 1383 2213 φησὶν,
1401 2178 1488 2210 οὐδείς
1504 2186 1546 2204 σοι
1570 2177 1691 2213 ἠδυνήθη
1719 2178 1872 2214 ἐπαμῦναι,

1081 2221 1136 2257 ἐγὼ
1150 2222 1195 2249 διὰ
1207 2222 1255 2249 τοῦ
1275 2221 1396 2258 ἐμαυτοῦ
1412 2222 1489 2256 Υἱοῦ,
1507 2222 1555 2249 τοῦ
1578 2222 1650 2250 κατὰ
1666 2223 1756 2260 σάρκα
1779 2223 1872 2257 Δασιδ,

1044 2275 1068 2304 n
1081 2268 1231 2304 ἀναστήσω
1249 2277 1297 2295 σου
1314 2268 1345 2295 τδ
1360 2268 1530 2304 σύντριμμα.

1121 2323 1130 2340 ι
1150 2314 1214 2341 Ὅτι
1233 2313 1342 2350 πληγὴν
1360 2314 1470 2350 ἐχθροῦ.
1495 2323 1504 2340 ι
1531 2314 1641 2350 Ἐπειδὴ
1659 2314 1705 2342 διὰ
1718 2313 1769 2347 τὰς
1782 2315 1873 2351 ἅμαρ-

1080 2360 1143 2392 τίας
1165 2369 1224 2393 σου,
1240 2360 1337 2396 φησὶν,
1362 2360 1544 2395 ὲγκατέλιπόν
1559 2369 1600 2394 σε,
1615 2361 1661 2388 διὰ
1676 2361 1726 2397 τὴν
1753 2361 1873 2397 ἐμαυτοῦ

1082 2405 1291 2441 φιλανθρωπίαν
1308 2405 1395 2441 ίῶμαί
1411 2414 1453 2433 σε.

1120 2460 1130 2477 ι
1148 2451 1198 2478 Διὰ
1211 2451 1293 2478 τοῦτο
1316 2451 1419 2483 πάντες
1433 2452 1458 2478 οἱ
1480 2451 1617 2484 ὲσθίοντές
1632 2461 1672 2480 σε.
1695 2461 1706 2479 ι
1729 2453 1761 2480 οι
1779 2453 1873 2490 ἐχθροί

1083 2505 1142 2529 σου,
1157 2497 1236 2532 φησι,
1251 2497 1381 2533 δαίμονες
1395 2498 1444 2530 τὰς
1457 2499 1562 2526 ἑαυτῶν
1576 2499 1738 2527 κατέδονται
1752 2500 1872 2536 σάρκας·

1082 2541 1209 2577 ἐμφαίνει
1230 2542 1258 2569 δὲ
1280 2541 1323 2570 διὰ
1342 2543 1446 2571 τούτων
1467 2543 1499 2570 τὺ
1523 2544 1621 2580 πικρὸν
1640 2544 1690 2581 τῆς
1707 2546 1768 2572 κατ’
1784 2546 1874 2573 αὐτῶν

1081 2586 1231 2622 τιμωρίας.

1120 2641 1130 2657 ι
1154 2631 1217 2658 Ἐπὶ
1233 2632 1346 2668 πλῆθος.
1368 2643 1378 2661 ι
1400 2634 1597 2669 Συνεπέθεντο,
1610 2634 1690 2671 φησὶ,
1710 2635 1750 2672 τῷ
1775 2636 1875 2673 πλήθει

1081 2677 1134 2705 τῶν
1148 2679 1292 2715 ἁμαρτιῶν
1310 2688 1368 2708 σου.

1118 2733 1129 2750 ι
1148 2725 1203 2751 Καὶ
1217 2724 1336 2752 ἔσονται.
1355 2734 1364 2752 ι
1385 2726 1417 2753 οι
1434 2726 1632 2762 περιφέροντές
1647 2736 1678 2755 σε
1703 2728 1875 2766 σκορπισθῆ-

1083 2778 1188 2797 σονται.

1120 2826 1130 2842 ι
1150 2817 1212 2843 Ὅτι
1236 2817 1337 2850 ἀνάξω.
1362 2826 1371 2844 ι
1400 2817 1523 2854 Γεγονὼς
1540 2819 1595 2855 γὰρ
1617 2819 1761 2856 ἄνθρωπος
1787 2821 1802 2847 ό
1827 2821 1874 2848 τοῦ

1081 2861 1153 2889 Θεοῦ
1168 2862 1256 2897 Λόγος
1274 2863 1370 2890 ἰάσατο
1381 2863 1432 2900 τὴν
1449 2864 1659 2900 ἀνθρωπότητα.

1122 2917 1132 2935 ι
1147 2908 1281 2945 Θήρευμα
1296 2909 1374 2946 ὑμῶν
1398 2911 1484 2938 ἐστιν.
1510 2920 1520 2938 ι
1537 2911 1599 2939 Ὅτι
1624 2912 1823 2948 διεσκόρπισάν
1845 2919 1874 2938 σε
