2052 3150
168 268 222 296 ἀπὸ
237 268 318 296 Θεοῦ.
340 268 370 298 '0
386 268 560 307 βουλόμενος,
577 273 671 309 φησὶν,
691 274 842 311 ἐθήρευσεν
861 278 956 314 αὐτὴν,

168 314 206 346 ὡς
221 315 261 350 μὴ
273 315 391 350 ἔχουσαν
407 318 535 353 ποιμένα.

205 369 215 386 ε
233 360 329 393 οὕτως
345 358 407 389 εἷπε
426 363 541 398 Κύριος.
562 373 572 391 ι
593 365 670 401 Ἔχει
687 367 737 402 μὲν
756 369 770 395 6
785 369 864 404 λόγος
879 371 961 406 ἀγγε-

167 404 227 432 λίαν
242 406 293 441 τῆς
318 407 351 433 ἐκ
368 407 531 442 Βαϐυλῶνος
549 410 680 439 ἐπανόδου
694 420 701 429 ν
723 404 908 449 προθεσπίζει
921 404 961 444 -δέ

166 451 215 488 τὴν
232 451 279 482 διὰ
295 452 416 488 Χριστοῦ
437 454 630 491 ἀπολύτρωσιν
640 457 694 488 τῶν
708 458 805 486 ἐθνῶν.

204 506 215 523 ι
242 497 298 524 Καὶ
323 498 581 535 οίκοδομηθήσεται.
599 510 609 527 ›
622 501 695 536 Πρὸς
709 503 760 538 μὲν
771 504 801 531 τὸ
827 505 920 542 ῥητὸν,
942 507 959 543 ἠ

165 545 398 582 κατεστραμμένη
413 546 568 584 Ἰερουσαλή
569 557 593 583 μ
604 557 610 563 ·
621 549 691 584 πρὸς
697 549 725 581 δὲ
734 550 863 586 διάνοιαν,
874 552 890 588 ή
900 552 960 581 Ἐκ-

166 589 277 616 ulnam.

199 598 406 668 ?6;:di6la6;.
431 646 441 663 ι
465 638 546 666 Κατὰ
569 639 604 667 τὰ.
623 639 727 676 νόμιμα
749 642 957 671 πολιτεύσεται·

162 683 178 708 6
195 683 245 717 μὲν
258 683 291 709 ἐκ
314 683 365 718 τῆς
381 684 516 720 αἰσθητῆς
535 686 738 722 αίχμαλωσίας,
760 689 832 716 κατὰ
843 689 878 717 τὰ
893 690 958 718 Μω-

162 729 266 758 σαῖκά’
282 731 296 757 6
315 731 343 757 δὲ
363 731 414 766 τῆς
436 731 600 767 Ἐκκλησίας
615 733 690 767 λαὸς,
707 734 779 762 κατὰ
792 735 828 763 τὰ
838 736 954 772 εὐαγγε-

162 776 236 804 λικά.

203 831 212 848 ι
231 823 288 849 Καὶ
315 822 506 855 ἐξελεύσονται
530 826 578 853 ἀπ’
596 827 686 855 αὐτῶν
714 826 833 863 ᾄδοντες.
863 837 873 854 ι
893 829 956 862 Τοῖς

164 867 215 903 μὲν
240 869 428 904 αἰχμαλώτοις
452 872 622 906 ἐπαγγελίαν
639 873 730 909 χαρᾶς
749 873 806 909 ἔχει
827 874 841 901 6
865 874 954 910 λόγος.

165 913 297 950 ’ᾼδοντας
312 915 352 949 δέ,
365 916 430 948 τοὺς
444 918 511 945 θεὸν
524 918 554 945 ἐν
568 921 602 955 τῇ
620 919 755 956 ἐκκλησίᾳ
773 920 955 956 ὑμνολογοῦν-

732 217 966 250 FRAGMENTA
986 221 1027 252 IN
1041 223 1249 257 IEREMIAM.

1750 239 1803 271 686

971 285 995 315 Α
1009 286 1082 309 runt.
1097 282 1259 320 Quicunque
1268 286 1363 322 voluit,
1379 297 1439 317 eam
1453 298 1567 322 venatus
1581 299 1632 328 est,
1644 295 1741 332 inquit,
1750 300 1803 327 vel-

1010 328 1050 355 uti
1063 336 1172 363 pastore
1188 337 1337 361 carentem.

1047 373 1080 401 V.
1097 375 1141 404 l8.
1161 386 1170 403 ι
1184 377 1229 405 Sic
1247 379 1314 407 dixit
1329 381 1470 411 Dominus.
1490 393 1499 410 ι
1521 384 1619 414 Sermo
1632 387 1744 423 quidem
1756 389 1802 417 hic

1011 422 1145 456 promittit
1165 431 1180 451 e
1206 424 1341 462 Babylone
1367 429 1484 457 reditum
1501 440 1508 464 ;
1528 432 1690 462 vaticinatur
1709 439 1801 464 autem

1010 473 1104 502 gentes
1118 477 1167 504 per
1178 470 1317 500 Christum
1328 473 1490 504 liberandas.

1049 523 1059 541 ι
1072 514 1105 542 Et
1120 516 1308 546 aediﬁcabitur.
1329 529 1338 545 ι
1357 521 1398 548 Ad
1425 522 1542 550 litteram
1567 525 1688 562 quidem,
1704 536 1799 558 eversa

1008 559 1176 595 Jerusalem;
1191 563 1368 598 spiritualiter
1385 571 1477 595 autem
1491 559 1624 599 Ecclesia.

1048 646 1057 663 ι
1069 637 1102 665 Et
1112 640 1238 675 populus.
1260 651 1269 668 ι
1283 641 1438 672 Secundum
1451 645 1570 687 legitima
1586 649 1650 678 vitae
1665 652 1797 681 rationem

999 680 1152 712 'instituet:
1176 687 1222 721 qui
1248 695 1264 715 a
1285 690 1421 718 mundana
1455 680 1622 728 captivitate,
1642 697 1719 732 juxta
1741 699 1800 727 Mo-

1009 729 1097 764 saica;
1114 731 1160 766 qui
1175 741 1240 761 vero
1251 733 1378 764 Ecclesiae
1390 739 1507 774 populus
1522 745 1574 775 est,
1588 729 1666 777 juxta
1680 751 1798 782 evange-

1008 773 1070 802 lica.

1044 820 1076 847 V.
1093 821 1137 849 l9.
1151 832 1160 849 ι
1174 823 1208 852 Et
1219 821 1392 862 egrediantur
1402 829 1436 857 ab
1448 830 1488 858 eis
1499 838 1638 861 canentes.
1655 843 1664 860 ι
1678 835 1798 871 Captivis

1007 866 1135 900 gaudium
1151 871 1315 899 annuntiant
1333 871 1391 901 hate
1402 875 1493 902 verba.
1509 876 1645 907 Canentes
1661 866 1727 909 dicit
1750 889 1797 910 eos

1007 911 1054 946 qui
1069 912 1153 941 Deum
1185 915 1213 942 in
1239 917 1352 946 ecclesia
1378 919 1486 955 hymnis
1512 923 1637 962 laudant;
1671 926 1797 956 ludentes

162 960 211 992 τάς
232 970 316 997 φησι·
332 962 483 996 παίζοντας
503 964 545 999 δὲ,
559 965 622 998 τοὺς
637 966 691 993 τῶν
713 965 848 1001 δαιμόνων
871 976 948 996 κατα-

1007 966 1073 987 vero
1086 961 1133 996 qui
1144 961 1282 992 daemones
1298 964 1422 994 irrident.

163 1005 322 1039 παίζοντας.

197 1062 207 1078 ι
232 1054 290 1080 Καὶ
314 1055 329 1081 6
358 1054 462 1091 ἄρχων.
495 1065 504 1081 ι
535 1057 593 1084 Οὐκ
621 1057 673 1092 ἔτι,
698 1059 791 1094 φησὶν,
817 1059 954 1096 ἀλλότριοι

157 1097 274 1133 ἄρξουσι
291 1099 341 1127 τοῦ
362 1101 441 1129 λαοῦ.
460 1102 496 1129 Ἦ
516 1103 563 1129 καὶ
580 1103 678 1137 οὕτως,
699 1104 841 1137 Έξέλιπον
852 1106 907 1141 γὰρ
930 1107 954 1133 οἱ

165 1144 305 1172 Ἰουδαίων
316 1147 450 1183 ἄρχοντες
460 1157 466 1164 ·
482 1150 550 1184 φησὶ
565 1150 607 1177 ὅτι
623 1151 637 1177 6
652 1150 738 1178 πάλαι
753 1152 848 1188 ἄρχων
863 1152 955 1180 διάδο-

157 1189 202 1222 λος
227 1192 283 1219 τῶν
306 1193 400 1228 ψυχῶν
414 1194 600 1230 ἐξελεύσεται,
617 1197 679 1224 ἀντὶ
703 1197 751 1225 τοῦ
767 1198 953 1235 ἀποστήσεται

157 1236 204 1264 τοῦ
218 1237 270 1273 τῆς
292 1238 456 1276 Ἐκκλησίας
472 1242 550 1270 λαοῦ.

440 1318 568 1346 ΚΕΦΑΛ.
594 1320 658 1347 ΔΑ’.

194 1381 204 1397 ι
224 1368 313 1408 Εὗρον
333 1372 447 1409 θερμόν.
463 1384 473 1400 ι
500 1375 611 1411 Ἐπειδὴ
632 1377 658 1403 οἱ
680 1377 804 1405 πλείονες
824 1378 877 1405 ὑπὸ
901 1379 951 1414 τῆς

154 1418 462 1454 ἀμαρτίαςτεθνήκασι,
470 1421 517 1448 καὶ
530 1421 568 1453 ὠς
579 1423 609 1449 ἐν
619 1423 716 1459 ἐρήμῳ
728 1425 835 1451 κεῖνται
850 1425 951 1461 ὲρῤιμ-

156 1463 235 1498 μένοι
245 1473 252 1480 ·
263 1461 359 1500 εὖρον,
370 1466 465 1501 φησὶν,
478 1467 507 1493 ἐν
521 1468 578 1499 τοῖς
590 1468 730 1503 κειμένοις
743 1468 856 1505 θερμὸν.
872 1479 950 1497 τουτ-

157 1506 234 1533 έστιν
253 1507 388 1544 ἡμιθανῆ,
404 1509 502 1537 ἐλπίδα
518 1510 617 1546 ἔχοντα
634 1513 782 1547 μετανοίας
797 1514 846 1541 καὶ
858 1514 948 1550 ζωῆς·

154 1552 224 1587 φησὶ
241 1552 270 1579 δὲ
286 1553 303 1589 ἦ
327 1553 373 1580 τὸν
390 1555 511 1591 Ἰσραὴλ,
533 1556 549 1591 ἦ
565 1557 612 1584 καὶ
630 1558 720 1586 πάντα
732 1559 884 1595 δυνάμενον
897 1561 950 1588 σώ-

154 1597 264 1630 ζεσθαι.

194 1653 203 1669 ι
220 1643 326 1679 Κύριος
349 1645 505 1682 πόρρωθεν.
524 1658 533 1675 ι
559 1648 589 1677 '0
602 1649 650 1678 νῦν
663 1651 818 1688 πόρρωθεν,
835 1652 948 1688 ὕστερον
962 1633 984 1661 c

152 1688 306 1724 ὀφθήσεται
326 1690 412 1727 αὐτῷ.

192 1743 201 1759 ι
229 1735 290 1761 Ἔτι
313 1735 387 1772 λήψῃ
416 1736 569 1771 τύμπανον.
599 1748 609 1766 ι
631 1740 710 1771 Μετά
739 1741 789 1777 τὴν
815 1743 948 1780 αἰσθητὴν

158 1778 350 1816 Ἰερουσαλὴμ,
366 1781 416 1817 τὴν
438 1783 602 1818 Ἐκκλησίαν
624 1785 690 1814 νόει.

191 1833 201 1849 ε
220 1825 284 1851 Ὅτι
306 1825 383 1852 ἔστιν
400 1827 502 1863 ἡμέρα.
528 1837 538 1854 ι
556 1830 642 1856 Τοῦτο
665 1832 782 1866 σημεῖον
800 1833 944 1870 οἰκήσεως.

153 1869 215 1897 Ὀτι
232 1870 343 1905 δέδωκε,
358 1873 454 1908 φησιν,
468 1874 482 1900 6
498 1873 565 1908 Θεὸς
583 1876 680 1912 καιρὸν
699 1869 860 1914 μετανοίαςέ
880 1881 909 1908 ἐν
923 1877 946 1916 ᾧ

151 1914 369 1952 ἀπολογούμενοι
383 1918 557 1955 κληθήσεσθε
572 1922 611 1953 εὶς
624 1923 775 1959 σωτηρίαν.

189 2013 199 2030 ι
218 2005 264 2031 Ἐν
290 2006 383 2042 ὄρεσιν
401 2007 532 2044 Ἐφραίμ.
553 2018 563 2036 ι
586 2011 638 2038 Τὸν
661 2012 732 2040 κατὰ
755 2013 836 2049 χάριν
864 2015 941 2050 φησί.

150 2051 296 2087 Διαφόρως
316 2052 345 2079 δὲ
362 2054 378 2088 ἡ
405 2053 503 2090 Γραφὴ
518 2056 597 2083 καλεῖ
612 2057 707 2084 τοῦτον
727 2058 774 2085 τὸν
796 2058 872 2086 λαόν.
897 2060 943 2086 Διὸ

150 2097 199 2123 καὶ
213 2098 346 2134 Ἐφραὶμ,
361 2100 394 2126 ἐκ
409 2100 464 2127 τῶν
477 2101 583 2129 πολλῶν
595 2102 687 2138 φυλῶν
701 2112 708 2119 '
717 2103 751 2132 ἐκ
765 2104 877 2132 πάντων
887 2106 942 2141 γάρ

151 2142 221 2169 εἰσιν
232 2144 258 2169 οἱ
276 2144 437 2179 σωζόμενοι.

187 2196 197 2213 ι
220 2188 370 2224 Ἀνάστητε
393 2191 441 2218 καὶ
461 2191 591 2227 ἀνάϐητε.
613 2202 622 2219 ι
642 2194 818 2231 Διεγέρθητε,
845 2197 938 2233 φησὶν,

149 2231 182 2259 ἐκ
200 2233 255 2260 τῶν
280 2235 383 2270 γηΐνων
404 2238 600 2273 φρονημάτων,
622 2240 669 2266 καὶ
696 2241 822 2269 ἀνέλθετε
905 2243 939 2270 τὰ

1042 1046 1135 1076 v.21.
1150 1058 1159 1075 ι
1174 1048 1207 1077 Et
1239 1052 1366 1087 princeps
1390 1054 1460 1089 ejus.
1478 1065 1488 1082 ι
1512 1056 1572 1085 Non
1592 1059 1719 1093 amplius,
1745 1061 1792 1090 ait.

1006 1092 1092 1119 exteri
1115 1095 1217 1129 populo
1247 1096 1469 1127 dominabuntur.
1490 1100 1538 1128 Vel
1554 1102 1613 1130 sic:
1632 1103 1796 1134 Defecerunt

1005 1137 1078 1165 enim
1090 1138 1245 1168 Iudaeorum
1259 1143 1398 1179 principes
1410 1154 1417 1179 ;
1429 1146 1568 1182 antiquus,
1582 1149 1629 1182 ait,
1642 1151 1794 1180 animarum

1004 1183 1132 1219 princeps
1140 1185 1264 1216 diabolus
1278 1190 1442 1225 egredietur,
1460 1191 1513 1221 hoc
1531 1198 1572 1221 est
1591 1195 1675 1224 abibit
1687 1204 1702 1224 a
1722 1202 1795 1226 cmtu

1004 1228 1142 1258 Ecclesiae.

1304 1312 1380 1341 CAP.
1399 1314 1495 1344 XXXI.

1040 1366 1071 1393 V.
1088 1367 1114 1394 2.
1137 1377 1146 1394 ι
1163 1368 1254 1397 Inveni
1278 1372 1406 1401 calidum.
1426 1383 1435 1400 ι
1454 1375 1540 1411 Major
1561 1377 1704 1409 hominum
1730 1390 1794 1419 pars

1002 1417 1114 1446 peccato
1127 1418 1234 1442 mortua
1247 1420 1296 1448 est,
1310 1421 1337 1444 et
1349 1418 1443 1453 jacent
1462 1422 1534 1449 velut
1549 1424 1664 1459 projecti
1685 1426 1713 1454 in
1730 1417 1793 1455 Vde-

1001 1461 1091 1489 serto;
1105 1457 1208 1491 inveni,
1225 1460 1272 1493 ait,
1290 1461 1362 1490 inter
1385 1463 1461 1492 humi
1473 1457 1572 1495 stratos
1592 1457 1730 1506 calidum;
1747 1481 1792 1501 se-

1000 1501 1175 1530 mimortuum
1190 1505 1303 1538 scilicet.
1320 1516 1395 1542 spem
1418 1511 1587 1545 poenitentize
1602 1515 1719 1551 vitaeque
1743 1519 1790 1547 ha-

1000 1546 1109 1576 bentem
1123 1558 1129 1576 :
1151 1550 1277 1587 intelligit
1291 1558 1380 1581 autem
1394 1556 1436 1582 vel
1449 1556 1482 1584 de
1499 1557 1592 1592 Israel,
1605 1561 1648 1588 vel
1662 1546 1696 1589 de
1720 1571 1790 1599 quo«

1001 1592 1042 1620 vis
1056 1594 1108 1621 alio
1121 1596 1166 1630 qui
1181 1597 1294 1625 salutem
1307 1601 1439 1636 consequi
1454 1603 1548 1637 possit.

1038 1638 1067 1666 V.
1080 1639 1096 1667 3
1113 1649 1122 1666 ι
1144 1641 1275 1670 Dominus
1292 1644 1325 1672 dc
1341 1645 1428 1682 longe.
1443 1655 1452 1682 ρ
1473 1648 1527 1682 Qui
1545 1658 1619 1679 nunc
1640 1653 1719 1690 longe
1735 1661 1789 1691 est,

1001 1684 1110 1712 tandem
1128 1688 1269 1721 apparebit
1281 1689 1330 1716 illi.

1038 1739 1047 1755 ι
1063 1731 1161 1760 Adhuc
1173 1741 1295 1762 assumes
1321 1740 1488 1772 tympanum.
1509 1750 1519 1767 ›
1541 1734 1604 1771 Post
1629 1746 1786 1776 sensibilcm

998 1773 1146 1804 Jerusalem
1162 1778 1279 1816 intellige
1294 1781 1455 1811 Ecclesiam.

1037 1821 1068 1850 ν.
1082 1821 1108 1849 6.
1127 1833 1136 1849 ι
1148 1823 1215 1857 Quia
1231 1830 1272 1854 est
1283 1827 1350 1855 dies.
1370 1838 1379 1854 ι
1399 1829 1456 1858 Hoc
1480 1832 1585 1869 signum
1598 1841 1639 1864 est
1652 1837 1786 1868 inhabita-

997 1868 1089 1896 tionis.
1105 1869 1249 1905 Quoniam,
1264 1873 1363 1908 inquit,
1385 1875 1457 1904 Deus
1472 1878 1546 1907 dedit
1568 1885 1673 1917 tempus
1698 1887 1786 1919 pceni-

997 1915 1098 1948 tentiae,
1115 1923 1180 1951 quo,
1194 1918 1216 1946 si
1229 1927 1279 1953 pro
1291 1921 1367 1948 vobis
1391 1925 1595 1961 responderitis,
1611 1915 1645 1956 ad
1669 1915 1783 1960 salutem

995 1961 1170 1990 vocabimini.

1032 2016 1041 2032 ι
1056 2007 1085 2034 ln
1104 2009 1242 2038 montibus
1253 2012 1381 2047 Ephrem.
1398 2025 1407 2041 ι
1424 2016 1491 2044 Eum
1501 2019 1546 2053 qui
1562 2022 1712 2050 secundum
1724 2031 1785 2059 gra-

994 2053 1058 2081 tiam
1070 2060 1122 2087 est,
1137 2057 1183 2084 ait.
1198 2057 1277 2086 Varia
1291 2068 1373 2095 porro
1384 2068 1426 2090 est
1436 2064 1462 2091 in
1478 2065 1617 2101 Scriptura
1633 2069 1715 2105 hujus
1724 2053 1782 2106 ’ρο-

992 2099 1048 2134 puli
1068 2101 1221 2136 appellatio.
1245 2103 1416 2142 Quapropter
1443 2113 1471 2136 et.
1498 2099 1626 2146 Ephrem,
1648 2099 1783 2147 amnt-Itis

992 2145 1118 2174 tribubus
1134 2156 1141 2180 ;
1158 2156 1191 2176 ex
1207 2151 1332 2179 omnibus
1349 2153 1422 2182 enim
1438 2161 1502 2183 sunt
1517 2158 1564 2192 qui
1578 2159 1727 2191 salvantur.

1029 2202 1039 2219 ‹
1052 2191 1160 2229 Surgite
1190 2200 1217 2223 et
1232 2199 1381 2228 ascendite.
1401 2210 1411 2227 ι
1439 2191 1555 2239 Surgite,
1576 2205 1623 2238 ait,
1639 2214 1654 2235 ρ
1667 2210 1782 2239 terrenis

990 2237 1207 2274 cogitationibus,
1222 2246 1249 2269 et
1262 2244 1401 2273 ascendite
1413 2246 1447 2274 ad
1458 2237 1589 2283 coelestia,
1605 2251 1715 2286 spiritus
1727 2237 1781 2282 ele-

149 2278 273 2314 οὐράνια,
288 2281 346 2312 τοῖς
362 2284 473 2318 πτεροῖς
490 2285 537 2310 τοῦ
557 2285 716 2320 πνεύματος
729 2287 935 2323 κουφιζόμενοι.
954 2299 975 2327 D
990 2284 1043 2311 νθιί
1058 2285 1118 2314 alis-

151 2332 161 2349 ι
187 2324 253 2351 Ἰδοὺ
277 2326 334 2360 ἐγὼ
351 2326 420 2362 ἄγω.
444 2338 454 2355 ι
476 2329 660 2366 Γαυριάσατε,
683 2334 760 2368 φησὶ,
784 2335 935 2368 πατοῦντες

147 2369 193 2397 ἐπὶ
211 2371 262 2403 τὰς
282 2373 406 2407 κεφαλὰς
430 2375 485 2402 τῶν
507 2376 603 2404 ἐθνῶν.
639 2378 718 2406 Ἰδοὺ
743 2380 798 2415 γὰρ
819 2380 935 2409 δέδωκα

145 2415 216 2450 ὑμῖν
237 2417 385 2450 ἐξουσίαν
409 2420 462 2447 τοῦ
493 2422 600 2449 πατεῖν
624 2423 725 2451 ἐπάνω
754 2425 853 2460 ὄφεων
883 2427 933 2454 καὶ

1025 2330 1057 2357 ν.
1075 2332 1100 2359 8.
1132 2341 1141 2358 ι
1158 2333 1228 2361 Ecce
1243 2342 1293 2371 ego
1307 2336 1421 2365 adduco.
1440 2348 1449 2365 ι
1474 2339 1622 2374 Exsultate,
1646 2342 1694 2377 ait,
1709 2351 1777 2379 gen-

989 2377 1056 2404 tium
1081 2379 1171 2413 capita
1198 2380 1344 2410 calcantes.
1366 2383 1433 2412 Ecce
1456 2387 1528 2414 enim
1553 2388 1614 2415 dedi
1635 2377 1776 2426 vobis—po-

988 2427 1108 2451 testatem
1121 2425 1242 2453 calcandi
1253 2436 1331 2462 super
1343 2436 1474 2465 serpentes
1493 2437 1517 2460 et
1530 2435 1717 2469 scorpiones",
1733 2437 1776 2464 di-

145 2463 315 2496 σκορπίων,
330 2462 416 2508 εἵπετ’
425 2467 442 2492 ὀ
451 2467 647 2500 Κύριος.Τοῦς
659 2469 687 2503 ἐξ
697 2469 783 2497 ἐθνῶν
793 2480 870 2508 φησι,
885 2473 934 2500 καὶ

997 2469 1026 2496 tit
1041 2470 1175 2499 Dominus.
1193 2471 1261 2500 Tum
1279 2481 1326 2502 eos
1342 2462 1408 2504 dicit
1424 2479 1468 2512 qui
1490 2486 1522 2507 ex
1540 2462 1665 2515 gentibus
1692 2487 1774 2516 sunt,

146 2508 210 2540 τοὺς
221 2509 251 2541 ἐξ
270 2509 379 2545 Ἰσραὴλ
395 2503 458 2544 τοὺς
474 2513 514 2545 είς
526 2513 615 2541 πάντα
629 2515 663 2541 τὰ
680 2515 744 2551 ἔθνη
764 2503 933 2554 διεσπαρμέ-

145 2553 341 2590 νους,ὓστερον
351 2555 380 2582 δὲ
392 2557 441 2583 καὶ
454 2557 554 2591 αὐτοὺς
572 2559 752 2596 τευξομένους
768 2553 918 2600 σωτηρίας.

178 2606 188 2623 ι
211 2598 255 2624 Ἐν
269 2599 350 2635 ἑορτῇ
363 2601 463 2628 eam.
480 2611 489 2628 ι
506 2603 609 2637 Φασὲκ,
624 2605 761 2640 ἀφέσεως
775 2598 930 2644 ἑρμηνεύε-

988 2519 1045 2544 tum
1061 2524 1094 2544 ex
1110 2516 1192 2545 ISrael
1209 2526 1259 2554 per
1272 2527 1368 2548 omnes
1393 2528 1487 2558 gentes
1513 2526 1660 2562 dispersos,
1678 2535 1773 2566 postea

990 2569 1056 2589 vero
1076 2561 1190 2590 salutem
1209 2568 1237 2591 et
1254 2564 1327 2600 ipsos
1343 2574 1552 2598 consecuturos.

1022 2615 1032 2632 ι
1054 2607 1082 2634 [η
1099 2607 1271 2637 solemnitate
1291 2609 1403 2640 Pliasec.
1427 2623 1437 2640 ι
1455 2614 1570 2650 Phasec,
1594 2619 1718 2648 remissio
1733 2621 1774 2649 in-

141 2648 195 2668 ται.
210 2641 300 2678 Φησὶν
313 2642 362 2671 οὖν
377 2645 418 2672 ὅτι
433 2647 464 2672 ἐν
475 2648 508 2683 τῇ
521 2647 642 2683 Χριστοῦ
653 2650 750 2685 ἀφέσει
836 2641 930 2691 ἀμαρ-

142 2687 270 2701 υ...ι-.ν...
288 2689 453 2701 nun..-“

997 2658 1157 2688 erpretatur.
1167 2655 1212 2682 Ait
1225 2655 1332 2691 itaque:
1344 2657 1374 2687 In
1390 2659 1490 2688 Christi
1502 2663 1663 2693 remissione
1673 2674 1771 2701 pecca-

142 2687 270 2721 τημάτων
286 2689 468 2725 σωθήσονται.

176 2741 186 2757 ‹
210 2733 256 2760 Ἐν
268 2735 413 2772 κλαυθμῷ.
427 2746 437 2764 ι
450 2737 512 2765 ὀτι
527 2739 662 2776 ἁμαρτία,
675 2741 818 2778 κλαυθμοῦ
840 2745 925 2781 αίτία,

142 2775 158 2811 ἡ
171 2777 198 2804 δὲ
212 2778 367 2817 ἐπιστροφὴ
384 2783 522 2819 σωτηρίας
533 2785 582 2813 καὶ
590 2775 805 2823 παρακλήσεως.

177 2911 197 2928 "
206 2913 271 2945 Luc.
283 2925 313 2952 at,
326 2918 368 2948 l9.

983 2704 1072 2727 torum
1086 2701 1273 2732 salvabuntur.

1017 2744 1049 2772 ν.
1079 2746 1106 2774 9.
1140 2755 1150 2772 ι
1179 2747 1207 2774 In
1229 2749 1347 2783 ploratu.
1366 2760 1376 2777 ι
1410 2752 1489 2785 Quod
1516 2761 1658 2790 peccatum
1687 2766 1769 2787 causa

980 2791 1118 2826 ploratus,
1151 2797 1178 2821 at
1203 2797 1348 2825 conversio
1379 2799 1474 2828 salutis
1505 2805 1534 2829 et
1562 2802 1662 2831 laetitiae
1685 2811 1767 2834 causa

979 2842 1031 2864 εει.
