2052 3150
255 218 306 251 687

798 212 1060 245 OLYMPIODORI
1077 211 1344 243 ALEXANDRINI

293 285 302 302 ι
322 274 460 302 Divertere
477 272 580 301 faciens
596 280 678 308 super
697 271 794 300 fossas.
816 281 824 298 ι
846 271 935 306 Super
954 271 1041 306 bapti-

1137 280 1146 296 ι
1168 270 1292 303 Αὐλίζων
1305 270 1352 297 ἐπὶ
1362 269 1509 306 διώρυγας.
1528 278 1537 296 ι
1559 270 1622 297 Ἐπὶ
1633 269 1667 298 τὰ
1677 269 1725 297 τοῦ
1741 269 1899 308 βαπτίσμα-

254 322 348 349 smatis
363 321 463 348 ﬂuenta
478 320 613 348 divertere
627 319 730 347 faciens
744 326 802 346 eos.

289 367 321 395 V.
339 368 382 395 10.
411 376 420 393 ι
440 367 539 395 Audite
561 367 655 394 verba.
675 375 684 392 ι
705 364 814 393 Etenim
836 372 885 400 per
904 364 1044 393 Christum

251 414 342 442 edocti
356 421 452 442 sumus
468 412 560 441 dicere
579 421 586 438 :
611 412 692 439 Pater
711 416 798 440 noster
812 412 858 448 qui
874 419 901 439 es
921 412 949 438 in
963 411 1043 438 cretis.

255 471 264 487 ι
281 460 363 494 Quasi
384 465 487 496 pastor.
508 469 517 486 ι
545 459 592 486 Ille
608 458 742 489 Dominus
755 458 803 494 qui
818 459 885 487 dicit
898 468 905 487 :
920 458 976 494 Ego
987 465 1045 486 sum

265 511 356 541 pastor
371 507 453 533 bonus
459 506 493 532 “.

286 553 317 581 V.
332 553 374 580 l2.
395 563 404 579 ι
421 552 454 580 Ει
471 552 592 580 venient.
607 562 616 577 ι
636 552 677 580 Ad
693 551 853 584 Ecclesiam,
871 551 899 579 in
914 559 968 587 qua
983 559 1046 586 pre-

253 601 352 628 liosum
364 607 464 635 corpus
478 604 505 626 et
516 599 627 635 sanguis
642 598 745 626 Christi
757 597 884 626 offertur.

289 657 297 673 ι
319 646 557 681 Etjumentorum.
579 654 588 671 ι
606 644 688 681 Signa
703 645 762 673 haec
776 649 841 673 sunt
853 645 938 681 pacis.

286 691 318 719 V.
336 692 377 719 13.
396 701 405 717 ι
423 692 456 719 Et
471 699 561 719 senes.
585 701 596 718 ι
616 690 745 719 Ecclesiae
761 691 788 718 in
803 695 876 719 coitu
891 690 1044 718 animarum

250 737 352 766 Christi
365 737 417 766 ﬁde
433 737 598 771 ﬁorentium,
615 741 643 766 et
657 744 789 766 canorum
802 736 949 773 prudentia
961 743 1045 764 orna-

251 789 352 812 torum.

287 831 318 860 V.
331 832 374 860 ll.
399 841 408 858 ι
431 831 586 860 lnebriabo.
604 840 614 856 ι
634 829 740 858 Divinis
758 829 933 858 sermonibus
954 835 1046 856 sacer-

249 879 328 907 dotes
348 878 477 914 implebo,
497 881 527 905 ut
541 877 649 913 possint
660 875 785 904 docendo
798 875 940 903 laetiﬁcare
956 882 1045 910 popu-

249 924 316 952 lum.

1036 320 1047 330 ”
1097 325 1143 349 τος
1158 317 1270 353 νάματα
1287 316 1473 351 κατασκηνῶν
1490 316 1602 349 αὐτοὺς.

1134 372 1144 389 ι
1167 362 1319 390 Ἀκούσατε
1334 362 1427 398 λόγον.
1447 372 1457 389 ι
1487 364 1544 390 Kal
1559 362 1615 399 γὰρ
1638 363 1682 391 διὰ
1705 365 1827 400 Χριστοῦ
1845 365 1895 393 ὲδιν

1097 407 1238 444 δάχθημεν
1254 408 1344 443 λέγειν
1353 416 1361 424 ·
1382 408 1484 442 Πάτερ
1495 407 1582 441 ἡμῶν·
1595 410 1612 435 ὀ
1626 408 1661 436 ἐν
1672 408 1736 443 τοῖς
1746 410 1900 444 οὐρανοῖς,

1101 464 1109 482 ι
1137 455 1182 488 Ὦς
1195 455 1210 482 ὁ
1230 454 1349 492 βόσκων.
1371 463 1381 481 ι
1403 454 1433 482 '0
1453 454 1544 490 λέγων
1572 455 1688 491 Κύριος·
1711 456 1786 492 Ἐγώ
1804 457 1864 493 ειμι
1881 457 1900 485 ὁ

1097 501 1216 537 ποιμὴν
1230 503 1248 529 ό
1264 501 1369 535 καλός.

1133 557 1143 574 ‹
1163 548 1219 576 Kal
1232 547 1339 584 ἥξουσι.
1360 555 1371 575 t
1396 547 1459 575 Ἐπὶ
1474 547 1524 584 τὴν
1545 547 1723 585 Ἐκκλησίαν,
1735 548 1803 577 ἔνθα
1817 550 1847 577 τδ
1859 550 1904 578 τί·

1098 603 1160 631 μιον
1175 594 1257 631 σῶμα
1274 595 1324 622 καὶ
1339 592 1412 631 αἷμα
1424 595 1545 631 Χριστοῦ
1563 596 1763 632 προσφέρεται.

1135 651 1144 668 ι
1160 641 1217 668 Καὶ
1233 641 1351 677 κτηνῶν.
1368 650 1379 669 ι
1401 641 1498 669 Ταῦτα
1512 643 1615 678 σημεῖα
1627 643 1752 678 εἰρήνης.

1134 695 1144 714 ι
1167 688 1222 715 Καὶ
1240 687 1405 723 πρεσϐύται.
1433 697 1444 715 ι
1461 688 1495 715 Al
1532 689 1693 725 Ἐκκλησίαι
1719 691 1748 717 ὲν
1764 691 1797 726 τῇ
1828 698 1895 717 συν-

1096 735 1194 770 αγωγῇ
1205 734 1261 761 τῶν
1271 735 1342 762 κατὰ
1351 734 1470 771 Χριστδν
1479 734 1663 770 ἀκμαζουσῶν
1672 736 1778 772 ψυχῶν,
1787 736 1835 763 καὶ
1841 737 1896 764 τῶι

1096 781 1126 808 ἐν
1141 781 1275 818 φρονήσει
1290 781 1404 809 πολιῶν.

1135 836 1144 853 ι
1168 826 1297 854 Μεθύσω.
1319 835 1329 852 ι
1349 827 1437 855 Θείων
1455 827 1545 863 λόγων
1556 827 1697 864 πληρὼσω
1711 829 1775 860 τοὺς
1792 829 1894 864 ἱερεῖς,

1095 871 1281 905 ὡς’δὺνασθαι
1298 873 1457 909 εὐφραίνειν
1470 874 1517 901 τὸν
1531 874 1610 908 λόγον
1619 874 1695 910 [fort.
1708 873 1786 910 λαὸν]
1809 875 1839 901 ὲν
1851 875 1894 901 6v.-

1096 916 1242 944 δασκαλία.

282 970 315 999 ν.
338 970 382 998 16.
410 979 420 996 ‹
440 970 509 1004 Quia
531 975 573 998 est
591 976 706 997 merces.
728 977 737 994 ι
762 968 810 996 Vel
824 967 897 1003 quod
913 966 980 994 mori
995 973 1041 1002 pro

1136 972 1146 989 ι
1163 962 1227 990 Ὀτι
1243 962 1303 990 ἔστι
1324 963 1433 999 μισθός.
1449 973 1460 990 r
1478 964 1513 991 Ἦ
1527 963 1569 991 ὅτι
1591 963 1728 999 ἔμμισθον
1741 963 1772 991 τὸ
1787 964 1894 991 ἀποθα-

246 1017 369 1050 Christo,
386 1024 443 1045 non
456 1021 531 1044 caret
554 1015 692 1049 mercede,
719 1006 763 1043 vel
775 1014 848 1050 quod
862 1013 976 1041 Paulum
998 1013 1047 1040 ha-

246 1063 325 1092 bebis
337 1063 452 1091 multum
470 1062 630 1090 aﬁ'crentem
646 1061 776 1089 fructum.

284 1118 293 1134 ι
311 1107 344 1135 Et
356 1111 540 1136 revertentur.
558 1116 567 1133 ι
586 1105 635 1134 Vel
650 1106 752 1134 mortui
765 1106 821 1141 jam
838 1104 885 1132 ﬁlii
899 1110 1046 1139 resurgen-

244 1160 298 1187 tes,
315 1159 344 1182 et
356 1154 383 1181 in
398 1153 509 1182 Christo
519 1154 704 1186 exsistentes;
718 1152 760 1180 vel
776 1151 849 1187 quod
863 1150 963 1178 Paulus
978 1149 1046 1177 mul-

247 1204 290 1228 tos
303 1207 319 1228 e
333 1199 462 1235 gentibus
475 1199 618 1227 convertit.

284 1255 293 1270 ι
315 1245 419 1273 Stabile
436 1245 499 1273 ﬁliis
510 1245 574 1273 tuis.
589 1254 598 1271 ι
616 1244 718 1277 Eterit,
732 1243 781 1275 ait.
799 1249 905 1270 merces
914 1242 1044 1278 perennis

247 1291 310 1318 ﬁliis
333 1291 388 1318 tuis
406 1290 450 1318 vel
468 1289 631 1322 interfectis,
651 1289 694 1318 vel
720 1288 816 1316 Paulo.
842 1288 959 1324 Semper
978 1294 1044 1315 vero

248 1334 350 1362 Rachel
369 1341 421 1370 pro
443 1333 566 1362 Ecclesia
591 1333 720 1366 sumitur,
747 1340 830 1368 quam
849 1337 877 1360 et
890 1332 1044 1367 plorantem

248 1381 404 1419 cpnsolutur
427 1380 472 1409 hic
507 1387 596 1408 sermo
615 1379 651 1408 ob
676 1379 882 1415 persecutiones
903 1383 932 1407 et
955 1378 1044 1406 caedes

245 1430 357 1463 propter
376 1424 527 1453 Christum.

280 1515 313 1545 V.
330 1515 373 1544 i8.
392 1524 402 1541 ι
425 1514 546 1543 Audiens
556 1513 632 1548 audi,
642 1513 790 1550 Ephrem.»
809 1513 930 1550 Ephrem
943 1521 959 1541 e
975 1521 1043 1550 gen-

245 1562 318 1590 tibus
332 1561 463 1597 populum
479 1564 566 1590 vocat.

281 1607 312 1635 V.
332 1609 375 1636 l8.
394 1617 403 1634 ι
427 1607 482 1644 Ego
499 1611 627 1643 tanquam
645 1607 747 1635 vitulus
764 1614 819 1635 non
834 1606 929 1636 didici.
942 1617 954 1634 ι
970 1608 1042 1636 Tan-

244 1662 327 1690 quam
340 1654 451 1687 vitulus,
472 1654 520 1688 ait,
536 1653 605 1682 meis
617 1653 808 1689 iniquitatibus
821 1653 976 1682 innutritus
991 1655 1039 1684 Dei

245 1699 328 1727 verba
344 1707 398 1727 non
412 1699 505 1727 didici.

283 1755 293 1772 ι
309 1745 445 1774 Converte
462 1753 516 1774 me.
536 1754 546 1772 ι
560 1745 652 1779 Quem,
672 1746 720 1779 ait,
737 1745 854 1781 fructum
865 1747 1000 1783 percipilis
1010 1748 1042 1776 de

245 1791 339 1828 quibus
365 1799 434 1819 nunc
451 1792 652 1820 erubescitis“?
667 1791 759 1828 itaque
779 1793 839 1821 dies
859 1793 1040 1827 confusionis,

246 1838 305 1866 dics
318 1838 422 1874 peccati
431 1843 521 1866 vocat.

281 1883 314 1912 V.
335 1885 377 1912 19.
394 1894 403 1910 ι
423 1884 455 1912 Ει
467 1884 575 1913 ostendi
588 1884 649 1913 tibi.
668 1894 678 1912 ι
696 1885 755 1913 Hoc
771 1885 855 1914 veluti
867 1886 1042 1921 parenthesis

246 1935 308 1959 est:
327 1930 400 1959 Sicut
411 1931 457 1967 qui
472 1931 593 1959 solvatur
606 1931 717 1967 populus
734 1939 750 1959 a
768 1931 824 1959 Deo
831 1939 841 1964 ;
859 1932 937 1968 quasi
952 1932 1040 1960 dicat:

246 1978 352 2006 Bonum
377 1982 403 2005 te
432 1977 540 2006 caneris
570 1978 726 2014 exemplum
758 1985 922 2014 proponam,
950 1983 980 2006 ut
994 1983 1042 2006 tuo

246 2025 371 2061 exemplo
385 2028 413 2053 ct
427 2024 472 2052 alii
483 2024 551 2052 salvi
569 2023 644 2052 ﬁant.

280 2069 313 2098 ν.
329 2069 374 2098 20.
404 2079 413 2097 ι
430 2069 578 2098 Delicatus.
595 2079 606 2096 ι
624 2070 703 2104 Quod
723 2070 810 2098 libero
825 2070 939 2099 arbitrio
957 2079 1040 2099 orna-

247 2121 291 2144 tus
306 2117 399 2150 homo,
415 2122 445 2144 ut
461 2117 492 2145 in
506 2125 540 2145 eo
557 2117 592 2145 sit
606 2117 718 2145 delicias
732 2117 784 2145 sibi
795 2117 886 2145 facere
898 2125 959 2153 quae
973 2118 1039 2145 vult.

281 2161 314 2190 V.
334 2163 380 2190 21.
400 2172 409 2189 ι
430 2163 503 2191 Siste
517 2168 543 2191 te
557 2163 656 2199 ipsam,
675 2163 752 2191 Sion.
773 2172 783 2188 ι
799 2163 886 2200 Surge
906 2171 921 2191 e
936 2164 1040 2199 peccati

245 2209 334 2245 lapsu.
357 2209 444 2246 Surge
461 2211 551 2239 crucis
575 2216 689 2247 tropao.
703 2211 751 2240 Vel
766 2212 826 2240 sic:
850 2211 922 2240 Siste
942 2217 1040 2240 temet-

245 2257 347 2292 ipsum;
363 2262 423 2285 tuas
444 2265 488 2285 res
502 2257 646 2293 diligenter
656 2258 800 2291 examina;
815 2263 874 2285 esto
891 2258 929 2285 tui
942 2258 1039 2293 judex,

247 2305 325 2338 teque
341 2301 428 2339 ipsam
435 2302 539 2338 ,proba.

283 2401 293 2418 ι
311 2391 363 2420 Fac
372 2400 490 2428 pariam.
503 2402 516 2419 ιι
528 2392 581 2421 Per
589 2392 693 2420 Christi
708 2391 790 2420 ﬁdem
808 2396 836 2419 et
849 2391 1039 2427 paenitentiam

245 2437 279 2466 de
293 2438 370 2466 malis
380 2447 475 2474 poenas
491 2439 603 2472 sumito,
616 2439 704 2475 deque
720 2439 890 2467 daemonibus
901 2439 936 2466 nd
952 2447 982 2466 ca
997 2439 1040 2466 in-

244 2485 418 2520 stigantibns.

283 2539 292 2556 ι
317 2530 357 2558 Da
379 2538 426 2558 cor
451 2534 538 2558 tuum.
559 2541 568 2557 ι
595 2531 720 2565 Assumc,
735 2531 783 2564 ait,
809 2530 911 2558 Christi
930 2538 1039 2559 crucem

244 2584 328 2612 super
352 2577 491 2605 humeros.
518 2577 627 2605 Aliter:
650 2577 689 2604 Ne
706 2578 814 2613 operias
832 2577 912 2610 mala,
936 2577 985 2605 sed
1007 2585 1039 2605 ea

243 2621 350 2656 patefac
364 2629 413 2657 per
428 2622 639 2650 confessionem.
652 2621 738 2650 Aliter
750 2632 757 2650 :
774 2621 812 2650 Da
826 2622 893 2650 illud
902 2622 936 2650 ad
949 2623 1040 2658 pmni-

244 2668 336 2694 tentia:
351 2667 468 2695 labores.

281 2723 290 2738 ι
313 2713 361 2741 Via
376 2713 403 2741 in
419 2722 472 2749 qua
488 2714 645 2743 ambulasti.
667 2724 676 2740 ι
693 2714 829 2748 Quoniam
846 2715 874 2742 in
887 2715 966 2743 malis
979 2723 1039 2743 am-

243 2759 353 2793 bulasti,
364 2761 399 2789 ad
413 2761 486 2789 bona
503 2765 650 2790 revertere.

281 2815 290 2831 ι
305 2805 465 2835 Revertere.
480 2816 490 2834 ι
507 2807 656 2835 Revertere
667 2807 804 2844 adpriora
819 2807 963 2836 laudabilis
976 2808 1038 2836 vita:

242 2851 381 2881 instituta:
403 2853 474 2885 delle
488 2861 570 2889 super
587 2855 707 2888 peccatis
721 2856 776 2889 jam
794 2855 919 2890 patratis,
932 2854 1038 2882 lamen-

242 2903 299 2926 tum
313 2899 399 2927 edens
408 2899 578 2927 beatitudine
592 2900 713 2936 dignum.

276 2953 300 2972 ¹⁸
316 2956 392 2986 Joan.
405 2965 432 2990 ι,
445 2956 487 2984 Η.
526 2957 547 2974 ιι
565 2954 646 2986 Rom.
659 2965 694 2992 v1,
706 2958 751 2986 ‘24.

1097 1008 1153 1035 νεῖν
1170 1008 1240 1044 ὑπὲρ
1253 1008 1387 1044 Χριστοῦ,
1400 1009 1417 1045 ἢ
1431 1009 1473 1037 ὃτι
1484 1008 1556 1042 ἕξεις
1567 1009 1613 1037 τὸν
1627 1009 1735 1037 Παῦλον
1747 1009 1832 1037 πολὺν
1845 1010 1895 1045 φέ-

1098 1062 1181 1089 ροντα
1200 1055 1320 1090 καρπόν.

1135 1110 1144 1126 ι
1163 1101 1219 1129 Kal
1234 1101 1442 1138 ἐπιστρέφουσι.
1461 1111 1472 1128 ι
1488 1102 1524 1128 Ἦ
1537 1102 1562 1129 οι
1574 1102 1788 1138 τελευτήσαντες
1798 1102 1894 1134 παῖδες

1095 1148 1294 1184 ἀνιστάμενοι,
1317 1149 1365 1176 καὶ
1379 1149 1410 1176 ὲν
1427 1149 1540 1185 Χριστῷ
1556 1149 1644 1182 ὄντες,
1663 1149 1735 1185 ῆὸτι
1748 1151 1763 1177 ὸ
1785 1149 1894 1181 Παῦλος

1096 1193 1211 1227 πολλοὺς
1223 1194 1254 1228 ἐξ
1270 1195 1355 1222 ιθνῶν
1373 1195 1553 1231 ἐπέστρεψεν.

1134 1249 1143 1266 ι
1169 1241 1292 1276 Μόνιμον
1315 1242 1372 1272 τοῖς
1391 1242 1448 1273 σοῖς
1473 1241 1591 1274 τέκνοις.
1615 1250 1624 1267 ι
1643 1241 1698 1269 Καὶ
1709 1241 1797 1275 ἔσται,
1812 1242 1891 1278 φησὶ,

1094 1286 1210 1323 διαρκὴς
1229 1287 1245 1313 ὁ
1269 1286 1369 1323 μισθὸς
1390 1287 1449 1319 τοῖς
1463 1288 1518 1319 σοῖς
1532 1287 1639 1321 τέκνοις
1659 1289 1855 1325 ἀνῃρημένοις,
1872 1288 1891 1324 ἢ

1095 1332 1142 1359 καὶ
1155 1331 1194 1367 τῷ
1206 1332 1317 1368 Παύλῳ.
1345 1333 1402 1360 ’Ᾱεὶ
1418 1333 1476 1370 δὲὴ
1499 1333 1601 1369 Ῥαχὴλ
1623 1334 1663 1366 είς
1682 1334 1831 1370 πρόσωπον
1840 1335 1892 1369 τῆς

1101 1378 1267 1414 Ἑκκλησίας
1283 1379 1500 1415 ὲκλαμϐάνεται,
1514 1372 1549 1416 ἢν
1564 1380 1612 1407 καὶ
1634 1379 1804 1415 ὀδυρομένην
1816 1381 1830 1406 ὸ
1844 1379 1889 1407 λό-

1094 1433 1142 1459 γος
1159 1425 1366 1461 παραμυθεῖται
1390 1426 1438 1452 ἐπὶ
1449 1426 1506 1458 τοῖς
1517 1425 1652 1461 διωγμοῖς
1677 1425 1725 1452 καὶ
1739 1426 1798 1458 ταῖς
1812 1425 1891 1454 ἀναι-

1095 1470 1187 1506 ρέσεσι
1205 1472 1264 1503 ταῖς
1280 1471 1326 1498 διὰ
1341 1471 1471 1507 Χριστόν.
1493 1472 1497 1481 ‘

1101 1539 1103 1541 .
1132 1526 1142 1543 ι
1169 1517 1292 1544 ’Δκούων
1318 1517 1435 1553 ηκουσα,
1458 1517 1592 1553 Ἐφραὶμ.
1616 1527 1625 1544 ι
1651 1516 1845 1553 Ἐφραὶμίτδν
1859 1516 1890 1549 ιε

1094 1561 1181 1589 ἐθνῶν
1197 1562 1260 1589 λαόν
1271 1571 1349 1599 φησι.

1133 1617 1143 1634 ι
1165 1607 1236 1643 Ἐγὼ
1250 1608 1347 1645 ὥσπερ
1372 1609 1472 1645 μόσχος
1490 1609 1540 1636 οὐκ
1559 1609 1713 1645 ἐδιδάχθην.
1735 1618 1745 1636 ι
1770 1608 1815 1642 Ὦς
1835 1609 1888 1645 μό-

1095 1663 1170 1691 σχος,
1185 1655 1264 1690 φησὶ,
1280 1655 1342 1687 ταῖς
1357 1655 1437 1690 ὲμαῖς
1453 1655 1604 1692 ἁμαρτίαις
1621 1655 1822 1692 ἐντρεφόμενος
1837 1655 1889 1682 οὐκ

1092 1700 1237 1737 ἐδιδάχθην
1247 1700 1282 1728 τὰ
1298 1700 1359 1729 θεῖα
1374 1701 1466 1736 λόγια,

1131 1755 1141 1772 ι
1155 1747 1338 1783 Ἐπίστρεψόν
1368 1755 1413 1783 με.
1434 1756 1443 1773 ι
1469 1746 1552 1781 Τίνα,
1571 1747 1638 1784 γὰρ,
1665 1748 1744 1784 φησι,
1768 1749 1888 1783 καρπὸν

1091 1792 1187 1828 ἔχετε,
1209 1793 1255 1828 ἐφ’
1282 1790 1327 1827 οἷς
1348 1793 1681 1830 νῦν-γάπαισχύνεσθυ
1706 1795 1815 1831 ἡμέρας
1839 1793 1889 1823 οὖν

1092 1838 1224 1875 αἰσχύνης
1239 1839 1290 1871 τὰς
1304 1839 1355 1874 τῆς
1370 1840 1510 1876 ἁμαρτίας
1522 1841 1600 1876 φησί.

1130 1894 1140 1911 ι
1161 1886 1215 1912 Καὶ
1228 1886 1357 1920 ὑπέδειξα
1380 1895 1432 1913 σοι.
1464 1895 1474 1913 ι
1504 1886 1592 1914 Τοῦτο
1606 1887 1651 1917 διὰ
1669 1889 1754 1924 μέσου
1771 1891 1862 1918 κεῖται
1878 1898 1886 1907 ·

1093 1932 1208 1967 Ὠσπερ
1225 1931 1279 1960 τὸν
1292 1931 1464 1967 σωζόμενον
1478 1933 1556 1960 λαὸν
1582 1933 1617 1961 ἐκ
1631 1935 1686 1962 τοῦ
1704 1936 1795 1968 Θεοῦο
1827 1937 1888 1964 ἀντὶ

1092 1979 1150 2013 τοῦ,
1171 1980 1288 2015 ’Δγαθόν
1301 1989 1332 2008 σε
1343 1981 1498 2016 ὑπόδειγμα
1510 1981 1628 2018 ποιήσω,
1653 1982 1698 2011 ῐνα
1708 1983 1753 2011 διὰ
1774 1984 1824 2012 τοῦ
1838 1985 1888 2012 σοῦ

1092 2025 1295 2062 ὑποδείγματος
1309 2027 1357 2054 καὶ
1388 2027 1464 2054 ἄλλοι
1485 2027 1620 2056 σωθῶσιν.

1130 2081 1139 2098 ι
1163 2071 1330 2109 Ἑντρυφῶν.
1365 2083 1375 2099 ι
1401 2073 1463 2101 Ὀτι
1497 2073 1536 2110 τῷ
1570 2075 1739 2112 αὒτεξουσίῳ
1769 2077 1887 2114 ἐτιμήθη

1092 2116 1247 2153 ἄνθρωπος,
1267 2117 1305 2149 ὡς
1322 2116 1382 2151 ἐξὸν
1407 2118 1484 2154 αὺτῷ
1500 2120 1639 2156 ὲντρυφᾷν
1655 2121 1685 2148 ὲν
1698 2119 1740 2154 οἷς
1756 2121 1791 2150 ἂν
1804 2123 1886 2152 θέλοι.

1129 2172 1139 2188 ι
1153 2163 1257 2199 Στῆσον
1272 2164 1400 2201 σεαυτὴν,
1413 2164 1493 2192 Σιών.
1511 2174 1521 2191 ι
1540 2165 1705 2202 Διανάστηθι
1728 2168 1761 2194 ὲκ
1776 2168 1825 2195 τοῦ
1838 2168 1891 2205 τῆς

1091 2210 1232 2246 ἁμαρτίας
1257 2210 1416 2247 πτώματος.
1451 2211 1597 2248 Ἀνάστηθι
1619 2212 1664 2240 διὰ
1687 2213 1734 2241 τοῦ
1757 2216 1890 2251 τροπαίου

1092 2256 1220 2292 σταυροῦ.
1237 2257 1273 2284 Ἦ
1286 2257 1373 2289 οὓτως
1384 2266 1391 2273 ·
1408 2257 1512 2293 Στῆσον
1533 2259 1654 2294 σεαυτήν
1669 2268 1677 2275 ·
1699 2261 1891 2297 ἁκριῦολογή-

1057 2310 1079 2338 ι)
1094 2303 1158 2338 θητι
1176 2303 1212 2331 τὰ
1224 2304 1296 2331 κατὰ
1319 2305 1438 2341 σεαυτήν
1451 2312 1458 2320 ·
1485 2306 1554 2341 πρὸς
1572 2306 1674 2343 ἑαυτὴν
1692 2307 1806 2344 κρίθητι
1817 2328 1826 2342 ,
1842 2310 1892 2337 καὶ

1092 2349 1241 2386 δοκιμασω
1257 2351 1388 2386 σεαυτήν.

1129 2405 1138 2421 ι
1158 2396 1275 2432 Ποίησον
1290 2397 1438 2433 τιμωρίαν.
1454 2407 1463 2423 ι
1475 2397 1523 2425 Διὰ
1541 2398 1591 2434 τῆς
1605 2400 1636 2426 ἐν
1647 2399 1759 2436 Χριστῷ
1770 2400 1891 2433 πίστεως

1091 2442 1197 2478 καὶτῆς
1218 2443 1364 2478 μετανοίας
1375 2444 1532 2481 τιμώρησαι
1545 2444 1581 2472 τὰ
1594 2445 1696 2480 φαῦλα,
1713 2445 1761 2474 καὶ
1784 2446 1890 2479 αὐτοὺς

1092 2488 1155 2520 τοὺς
1172 2489 1244 2517 αὑτά
1259 2490 1442 2526 ἐνεργοῦντας
1456 2491 1601 2526 δαίμονας.

1129 2545 1139 2561 ι
1162 2535 1213 2568 Δὸς
1228 2536 1355 2572 καρδίαν.
1372 2546 1381 2563 ι
1405 2536 1550 2570 ’Δνάλασεν
1567 2538 1646 2574 φησι,
1661 2538 1710 2566 τοῦ
1723 2539 1830 2574 Κυρίου
1843 2539 1890 2567 τὸν

1090 2582 1210 2618 σταυρὸν
1223 2582 1336 2609 ἐπὶτῶν
1346 2582 1441 2618 ὤμων.
1455 2583 1572 2616 ’Δλλως-
1588 2585 1635 2620 Μὴ
1645 2585 1752 2620 κρύπτε
1766 2585 1799 2612 τὰ
1816 2585 1891 2619 φαῦ-

1090 2629 1134 2662 λα,
1146 2629 1217 2656 ἀλλὰ
1231 2629 1391 2665 φανέρωσον
1406 2629 1476 2657 αὺτά
1484 2630 1520 2657 δι’
1533 2630 1888 2667 ἑξομολογήσεως.’Δλλως·

1097 2674 1205 2708 Ἐπίδος
1220 2675 1307 2710 αὐτὴν
1320 2676 1360 2708 εις
1371 2675 1418 2703 τὸν
1434 2676 1558 2710 κάματον
1569 2677 1619 2712 τῆς
1634 2676 1791 2712 μετανοίας.

1129 2731 1140 2746 ι
1166 2720 1241 2748 ὀδὸν
1295 2721 1461 2758 ἑποριύθης.
1482 2732 1492 2748 ι
1519 2722 1631 2758 Ἐπειδὴ
1649 2722 1823 2758 πεπόρευσαι
1842 2723 1889 2750 ἐπὶ

1089 2766 1125 2794 τὰ
1137 2767 1240 2802 φαῦλα,
1255 2767 1425 2804 ὑπόστρεψον
1444 2767 1492 2795 ἐπὶ
1507 2767 1543 2795 τὰ
1555 2768 1656 2803 ἀγαθά.

1129 2823 1139 2839 ι
1164 2813 1382 2850 Ἀποστράφηθι.
1401 2822 1411 2840 ι
1437 2814 1626 2850 ’Υπὸστρεψον
1639 2814 1680 2846 είς
1690 2813 1740 2849 τὴν
1755 2813 1785 2846 ἐξ
1798 2813 1888 2849 ἀρχῆς

1090 2858 1291 2895 ἐπαινουμένην
1306 2859 1446 2887 πολιτείαν
1458 2880 1467 2893 ,
1478 2860 1525 2887 καὶ
1538 2860 1672 2895 πένθησον
1686 2860 1733 2886 ἐπὶ
1745 2861 1808 2892 ταῖς
1821 2867 1889 2895 προ-

1091 2905 1184 2941 τέραις
1205 2905 1353 2942 ἁμαρτίαις
1371 2906 1403 2933 τὸ
1421 2906 1520 2939 πένθος
1535 2906 1566 2934 τὸ
1579 2904 1814 2942 μακαριζόμενον.

1847 213 1946 248 688,
