2052 3150
263 188 314 223 691

819 190 1082 223 OLYMPIODORI
1107 190 1375 222 ALEXANDRINI

1855 187 1910 220 692

260 247 361 276 lsrael:
376 247 453 275 Dona
470 246 540 275 enim
555 247 604 276 Dei
616 249 674 276 sine
688 249 842 284 paenitentia
859 249 961 283 sunt”,
976 253 1006 276 ut
1019 248 1057 276 ait

1109 246 1261 281 τιιμέλητα
1277 245 1332 281 γὰρ
1347 244 1384 273 τὰ
1399 244 1569 280 χαρίσματα
1585 242 1639 271 τοῦ
1660 241 1746 275 Θεοῦ,
1764 240 1806 275 ὥς
1823 250 1908 278 φησιν

261 293 418 329 Apostolus.

298 338 329 366 ν.
360 338 405 369 τις.
434 347 444 365 ι
474 338 504 367 Si
529 339 691 369 defecerint.
721 351 730 368 ι
760 341 822 370 Non
847 345 974 377 possunt,
1008 340 1056 374 ait,

262 394 316 414 non
346 392 407 414 esse
440 388 532 414 metae.
555 387 632 420 solis,
659 388 785 423 lunaeque
811 397 817 415 :
847 395 937 422 neque
971 393 1058 423 genus

262 433 344 460 Israel
358 432 431 468 quod
446 439 521 461 nunc
539 438 592 465 est,
608 441 657 469 per
671 434 786 470 gratiam
809 441 869 462 esse
884 437 946 461 ante
960 433 1057 461 faciem

262 486 349 506 meam
354 499 360 505 .

297 524 330 552 ν.
342 525 386 552 58.
399 535 409 551 ι
420 526 442 552 A
455 525 601 553 turribus.)
622 525 642 553 E
655 525 741 561 gratia
755 524 816 554 Dei.
828 523 869 553 Ita
885 526 958 554 enim
970 525 1056 552 inter-

262 576 385 607 pretatur
403 571 541 599 Anameel.

302 628 311 644 ε
329 618 421 653 Usque
444 618 477 646 ad
501 622 618 653 portam.
638 627 647 644 ι
673 618 765 654 Usque
787 619 820 646 ad
843 617 1058 646 consummatio-

262 672 336 692 nem.
368 663 437 691 Cum
466 664 539 692 enim
566 672 662 692 murus
677 665 710 692 ad
732 664 865 700 angulum
888 662 1056 700 pervenerit,

263 710 344 736 linem
365 709 456 736 habet.

299 755 331 782 V.
349 755 392 783 59.
414 765 423 781 ι
438 755 477 782 Ex
492 755 586 783 electis
604 755 750 790 lapidibus.
768 764 777 781 ι
797 754 835 782 Ex
850 754 978 782 omnibus
997 761 1060 790 gen-

264 801 338 828 tibus
361 793 502 828 collectam
525 800 658 837 signiﬁcat
679 800 829 828 Ecclesiam
843 821 850 832 ,
872 803 1059 828 constructam

263 854 278 873 e
295 846 431 881 lapidibus
446 846 550 880 electis,
572 847 725 882 prophetis,
749 846 881 882 apostolis
898 845 1059 881 ceterisque

266 891 379 919 sanctis.

299 935 331 963 V.
351 936 395 964 40.
414 946 423 962 ι
441 936 534 974 Usque
551 937 584 965 ad
597 941 758 965 torrentem.
774 947 783 964 ι
803 936 896 972 Usque
917 936 951 964 ad
969 937 1060 965 orien-

263 979 317 1007 tale
346 979 436 1013 clima,
458 980 556 1016 inquit,
582 981 719 1017 descripta
743 982 841 1009 domus
864 986 989 1009 sanctum
1005 982 1060 1010 erit

262 1026 390 1055 Domino.
409 1028 530 1056 Orientis
551 1037 617 1057 vero
632 1029 693 1065 equi
707 1029 824 1064 apostoli
839 1034 916 1057 sunt.
931 1026 1060 1057 Declara-

262 1073 301 1100 vit
314 1073 405 1110 itaque
420 1081 436 1102 e
450 1075 535 1111 gratia
549 1075 609 1109 Dei,
627 1080 655 1103 et
670 1076 771 1103 sanctis
783 1075 917 1110 apostolis
930 1075 1060 1103 aediﬁcari

262 1119 426 1148 Ecclesiam.
447 1121 516 1148 Dum
531 1121 605 1149 enim
624 1122 723 1149 divina
749 1121 900 1157 Scriptura:
918 1122 1058 1158 leguntur,

263 1173 314 1194 nos
327 1167 505 1196 aediﬁcantur.

559 1213 636 1243 CAP.
653 1215 763 1242 XXXII.

297 1261 333 1289 ν.
363 1262 390 1290 4.
425 1270 434 1287 ι
467 1260 501 1288 Ει
525 1261 661 1296 loquetur.
693 1271 702 1287 ι
729 1261 859 1289 Sedecias
883 1260 918 1289 ad
943 1260 1060 1297 Babylo-

263 1307 350 1334 nium.

298 1353 333 1382 V.
350 1353 394 1381 ﬂ.
415 1362 425 1379 ‹
457 1353 503 1381 Sic
523 1354 599 1382 dixit.
620 1363 629 1380 ι
654 1353 777 1387 Venalia,
803 1354 901 1389 inquit,
917 1353 1059 1382 scribenda

264 1399 357 1428 curavi
371 1407 379 1427 :
392 1400 508 1428 fortasse
526 1408 591 1429 vero
611 1400 694 1428 etiam
718 1404 841 1428 ementes
856 1405 922 1428 tunc
936 1400 1060 1428 subscri-

262 1445 366 1474 bebant
385 1453 414 1474 se
430 1446 512 1473 rebus
532 1445 641 1482 emptis.
663 1445 700 1474 Ut
722 1449 750 1474 et
778 1445 881 1480 posteri
903 1445 1006 1473 scirent
1024 1452 1060 1473 ne

264 1497 516 1527 corrumperentur.
531 1491 651 1528 Ideoque
670 1492 698 1519 in
718 1499 782 1520 vase
799 1491 884 1524 ﬁctili,
902 1495 933 1519 ut
957 1490 1060 1519 reversi

265 1537 390 1565 \iderent
419 1538 477 1566 lizec
496 1538 581 1566 fuisse
598 1539 632 1566 ab
655 1539 733 1566 initio
755 1537 897 1573 praedicta,
921 1545 957 1565 ne
969 1537 1060 1565 solum

263 1582 357 1616 verba,
373 1582 421 1610 sed
435 1587 462 1611 et
478 1591 521 1611 res
534 1583 600 1619 ipsa:
621 1587 704 1612 testes
714 1588 816 1611 essent.

303 1667 334 1696 V.
367 1669 409 1698 18.
438 1679 449 1696 ς
478 1670 531 1703 Qui
566 1671 635 1698 facis
673 1671 902 1699 misericordiam.
934 1681 944 1697 ι
983 1670 1059 1705 Quo-

264 1713 340 1741 niam
363 1714 436 1742 illius
472 1715 659 1744 misericordia
688 1717 783 1744 multis
810 1717 935 1752 partibus
962 1722 1059 1752 snper-

266 1759 388 1787 abundat
912 1764 914 1767 '

304 1814 313 1831 ε
333 1805 366 1832 Ει
381 1805 483 1833 reddis.
507 1815 516 1832 ι
533 1806 574 1834 Ab
591 1806 675 1835 Adam
688 1814 775 1843 usque
788 1808 821 1835 ad
835 1808 937 1838 Christi
957 1808 1060 1837 adven-

266 1855 325 1878 tum
344 1851 390 1887 qui
408 1856 518 1886 peccata
537 1857 646 1888 patrum
667 1854 872 1889 sequebantur,
898 1855 987 1890 pomis
1012 1855 1060 1883 ob-

265 1897 339 1925 noxii
364 1897 466 1926 ﬁebant
479 1919 486 1932 ,
511 1906 545 1927 eo
560 1900 632 1935 quod
649 1900 771 1928 nondum
796 1901 867 1928 facta
882 1905 941 1929 erat
955 1902 1059 1937 peccati

264 1942 401 1971 liberatio.
424 1944 459 1970 At
479 1949 542 1980 post
568 1944 671 1973 Christi
701 1946 848 1974 adventum
869 1939 1059 1982 unusquisque

265 1990 338 2025 quod
352 1990 537 2024 seminaverit,
551 1991 603 2019 hoc
617 1995 645 2020 et
664 1997 750 2021 mctct
762 2002 769 2020 :
783 1993 847 2028 quia
860 2001 916 2021 non
934 1993 1060 2021 similiter

265 2037 423 2065 extenditur
442 2037 629 2073 praevaricatio
655 2047 704 2075 per
729 2039 910 2068 imitationem
938 2045 1059 2075 paterna:

265 2083 428 2119 iniquitatis.

303 2171 336 2199 ν.
353 2173 399 2200 20.
420 2182 430 2199 ‹
450 2173 482 2201 Ει
500 2170 532 2202 in
556 2174 712 2211 terrigenis.
740 2184 750 2201 ι
773 2175 877 2211 lmpiis,
903 2177 986 2204 rebus
1005 2180 1059 2204 ter-

265 2217 342 2245 renis
355 2218 481 2252 addictis,
498 2219 541 2247 vel
562 2219 631 2255 ipsis
651 2220 795 2256 Egyptiis,
811 2221 863 2267 qui
872 2225 936 2248 sunt
951 2229 985 2249 ex
1000 2221 1058 2256 ipsa
1076 2250 1078 2253 ,

266 2270 349 2293 terra.

305 2321 314 2337 ι
331 2310 365 2338 Ει
387 2310 487 2340 fecisti.
517 2321 527 2338 ι
552 2311 611 2340 Sed
631 2313 704 2340 hanc
726 2319 813 2348 usque
841 2313 912 2340 diem
938 2320 1038 2341 nomen
1051 2333 1058 2347 ,

265 2357 365 2393 inquit,
378 2357 426 2386 tibi
440 2362 568 2394 magnum
581 2357 624 2386 vel
637 2358 672 2386 de
687 2358 824 2394 portentis
837 2359 902 2387 olim
914 2359 1006 2387 factis.

301 2405 334 2431 ν.
351 2405 398 2434 27.
418 2415 427 2431 ι
448 2405 505 2441 Ego
517 2405 660 2433 Dominus.
680 2415 690 2433 ι
709 2405 762 2439 Qui
781 2412 876 2434 omnes
888 2406 1060 2441 iudicaturus

266 2455 317 2483 cst,
335 2455 362 2478 ct
378 2451 523 2486 unicuique
539 2452 690 2480 secundum
709 2459 792 2487 opera
806 2452 931 2480 daturus.

301 2496 333 2524 V.
350 2497 394 2525 30.
421 2506 431 2523 ι
455 2497 524 2530 Quia
547 2497 667 2526 luerunt.
687 2508 696 2524 ι
724 2499 761 2527 Ut
781 2499 929 2534 plurimum
947 2499 1058 2535 quidem

266 2548 339 2571 terra
357 2543 447 2571 omnis
456 2547 521 2572 tunc
535 2544 681 2580 impiorum
691 2549 767 2578 erat;
784 2549 812 2573 at
825 2546 852 2573 hi
866 2546 915 2574 soli
930 2545 1062 2574 dicuntur

267 2597 391 2624 peccare,
417 2591 546 2625 quoniam
563 2591 663 2619 divinis
680 2592 785 2628 legibus
804 2593 915 2625 eruditi,
941 2593 1061 2620 scienter

267 2636 427 2671 peccabant.

304 2682 334 2708 V.
354 2683 398 2710 51.
428 2693 437 2709 ε
464 2682 530 2716 Quia
549 2683 575 2711 in
599 2684 667 2712 iram
693 2692 791 2713 meam.
817 2695 827 2712 ›
852 2685 933 2719 Quasi
950 2687 982 2715 ad
1000 2688 1061 2720 hoc,

267 2729 315 2762 ait,
339 2728 434 2756 civitas
454 2729 512 2757 haec
527 2730 636 2758 condita
652 2736 702 2765 est,
725 2736 755 2759 ut
778 2739 822 2759 me
836 2732 868 2760 ad
891 2733 1060 2762 iracundiam

268 2778 409 2808 provocet,
425 2779 452 2802 ut
466 2781 576 2812 propter
592 2777 643 2805 hoc
657 2784 717 2805 eam
729 2777 879 2811 destruam,
894 2779 990 2808 nolens
1001 2787 1061 2808 eam

267 2820 371 2848 \idcre.

302 2925 324 2940 η
343 2919 401 2948 λοι]
416 2941 421 2948 .
437 2930 472 2955 λι,
490 2922 535 2949 29.

1109 294 1123 320 ὁ
1143 292 1315 324 Ἀπόστολος.

1147 348 1157 366 ι
1184 338 1249 366 Ἐἀν
1271 338 1441 366 παύσωνται.
1465 347 1476 365 ι
1504 338 1541 365 οὐ
1558 337 1701 368 δύνανται,
1725 334 1830 371 φησὶν,
1850 334 1906 372 [ίσ.

1109 385 1146 413 Οὐ
1165 385 1306 417 δύνανται,
1319 385 1398 421 φησὶ,
1432 384 1470 420 μὴ
1488 382 1584 420 srvat],
1617 383 1643 410 οί
1670 382 1728 418 ὅροι
1744 380 1822 417 ὴλίου
1853 381 1903 407 καὶ

1110 431 1304 468 σελήνης,οὑδὲ
1312 432 1343 458 τὸ
1350 430 1545 467 γένοςῚσράὴλ
1555 426 1585 457 τδ
1591 428 1640 458 νῦν
1651 428 1724 456 κατά
1736 428 1819 464 χάριν
1830 426 1905 464 [τοῦ]

1109 477 1180 507 εῖναι
1195 478 1352 514 ἔμπροσθέν
1369 486 1420 514 μου
1426 498 1432 505 .
1550 503 1551 506 η

1147 535 1156 552 ι
1174 525 1243 552 Ἀπδ
1258 525 1383 561 πύργων,
1403 534 1412 551 ι
1437 524 1504 551 Ἀπλὺ
1519 523 1630 559 χάριτος
1644 521 1714 549 Θεοῦ
1726 530 1733 538 ·
1753 520 1841 553 οὕτως
1852 520 1907 557 γὰρ

1109 571 1293 608 ἑρμηνεύεται
1306 571 1338 598 τὸ
1353 569 1518 605 Ἀναμεήλ.

1149 627 1159 643 ε
1177 617 1250 649 Ἕως
1260 618 1311 652 τῆς
1326 615 1441 652 πύλης.ι
1462 615 1536 647 Ἕως
1547 614 1597 649 τῆς
1613 613 1779 646 συντελείας.
1797 611 1909 644 Φθάσσς

1109 662 1164 699 γὰρ
1178 663 1231 694 ἕως
1245 662 1359 697 γωνίας,
1378 661 1533 689 τελειοῦται
1548 662 1562 688 ὸ
1578 661 1679 696 τοῖχος.

1148 758 1159 776 α
1177 749 1224 781 Ἐξ
1232 749 1369 776 ἐκλεκτῶν
1379 748 1472 776 λίθων.
1489 757 1498 774 ι
1515 748 1572 783 Τὴν
1583 748 1617 774 ὲκ
1629 747 1738 776 πάντων
1751 745 1806 774 τῶν
1820 745 1907 773 ἐθνῶν

1111 795 1312 831 συνισταμένην
1335 794 1501 830 Ἐκκλησίαν
1516 794 1664 830 ἐδήλωσεν,
1679 793 1713 821 ἐκ
1728 792 1811 820 λίθων
1827 792 1908 820 ὲκλε-

1110 842 1183 870 κτῶν
1201 842 1446 878 οἰκοδομουμένην,
1473 840 1641 877 προφητῶν,
1669 840 1719 868 καὶ
1734 839 1906 874 ἀποστόλων,

1111 889 1159 917 καὶ
1174 889 1229 917 τῶν
1248 888 1369 923 καθεξῆς
1385 888 1483 921 ἁγίων.

1150 945 1160 962 ‹
1176 936 1250 968 Ἕως
1265 935 1430 971 χειμάρρου.
1447 943 1456 960 ι
1472 934 1556 966 Ἕως,
1571 933 1649 969 φησὶ,
1664 932 1798 968 κλίματος
1807 932 1908 960 ἀνατο-

1111 980 1188 1008 λικοῦ
1205 981 1220 1007 ὀ
1233 979 1396 1016 διαγραφεὶς
1408 976 1493 1010 οίκος,
1510 978 1586 1005 ἐσται
1600 978 1727 1013 ἀγίασμα
1744 977 1785 1013 τῷ
1797 977 1905 1012 Κυρίῳ.

1112 1027 1208 1054 Ἴπποι
1223 1026 1252 1053 δὲ
1264 1025 1409 1060 ’Λνατολῆς
1424 1025 1449 1052 οι
1464 1023 1623 1052 ἀπόστολοι.
1638 1023 1791 1059 Ἐδήλωσεν
1800 1019 1908 1055 οὗν,ὠ;

1111 1073 1166 1100 ἀπὺ
1181 1072 1292 1108 χάριτος
1306 1071 1375 1098 Θεοῦ
1392 1071 1440 1098 καὶ
1456 1070 1510 1097 τῶν
1526 1070 1614 1105 ἁγίων
1629 1069 1790 1098 ἀποστόλων
1803 1069 1906 1096 οἰκοδο-

1108 1120 1206 1155 μεῖται
1213 1119 1230 1154 ὴ
1242 1117 1404 1153 Ἐκκλησία.
1416 1116 1477 1144 Τῶν
1488 1116 1544 1153 γὰρ
1554 1116 1634 1145 θείων
1644 1115 1761 1153 Γραφῶν
1771 1116 1907 1150 ἀναγινω-

1112 1166 1253 1202 σκομένων
1273 1164 1504 1201 οῑκοδομούμεθα.

1407 1211 1535 1239 ΚΕΦΑΛ.
1548 1210 1611 1238 AB’.

1150 1267 1161 1285 ι
1184 1258 1239 1286 Καὶ
1253 1258 1377 1294 λαλήσει.
1398 1267 1408 1284 ι
1437 1258 1468 1285 '0
1488 1257 1617 1290 Σεδεκίας
1635 1258 1704 1292 πρὸς
1718 1258 1765 1285 τὸν
1776 1256 1908 1285 Βαϐυλώ-

1111 1312 1178 1333 νιον.

1150 1359 1159 1376 ι
1178 1349 1273 1381 Οὕτως
1285 1346 1357 1376 sine.
1373 1358 1382 1375 ι
1401 1348 1441 1375 Τὰ
1456 1348 1571 1380 ὼνιακά,
1585 1348 1663 1382 φησὶ,
1675 1347 1816 1383 γραφῆναι
1831 1355 1905 1383 παρ-

1110 1395 1265 1423 εσκεύασα·
1292 1396 1358 1427 ίσως
1383 1394 1412 1422 δὲ
1429 1394 1491 1421 τότε
1509 1394 1557 1421 καὶ
1577 1393 1730 1428 ὠνούμενοι
1750 1393 1906 1428 ὑπεσημει-

1110 1441 1190 1469 οῦντο
1212 1442 1243 1468 ὲν
1266 1442 1324 1473 τοῖς
1358 1440 1496 1472 ὠνιακοῖς.
1522 1441 1583 1467 Ἵνα
1602 1439 1651 1467 καὶ
1675 1439 1700 1466 oi.
1725 1438 1794 1475 μετὰ
1816 1438 1906 1466 ταῦτα

1112 1488 1238 1525 μάθωσιν
1254 1487 1326 1515 ὥστε
1343 1488 1381 1523 μὴ
1395 1487 1588 1525 διαφθαρῆναι.
1601 1486 1652 1514 Διὰ
1663 1486 1743 1513 τοῦτο
1755 1486 1785 1513 ὲν
1799 1484 1906 1520 ἀγγείῳ

1110 1534 1276 1571 ὀστρακίνῳ,
1301 1534 1346 1561 ἴνα
1372 1533 1568 1565 ἐπανελθόντες
1595 1533 1705 1566 ἴδωσιν,
1736 1531 1778 1558 ὅτι
1801 1530 1906 1559 ἀνωθεν

1072 1591 1093 1620 c
1110 1580 1197 1608 ταῦτα
1207 1579 1382 1616 προελέγετο,
1394 1580 1438 1607 ίνα
1451 1579 1489 1616 μὴ
1502 1579 1536 1607 τὰ
1545 1579 1659 1616 ῥήματα
1673 1578 1767 1614 μόνον,
1777 1577 1846 1605 ἀλλά
1856 1577 1905 1604 καὶ

1109 1627 1144 1655 τά
1159 1627 1313 1663 πράγματα
1330 1626 1507 1662 μαρτυρήσῃ.

1148 1683 1159 1699 ‹
1177 1672 1267 1700 Ilotth
1278 1671 1364 1704 ἔλεος.
1385 1681 1394 1698 ι
1411 1672 1473 1699 Ὅτι
1494 1670 1700 1699 πολλαπλάσιόν
1713 1671 1774 1698 ἐστι
1785 1669 1817 1698 τὸ
1830 1668 1905 1701 ἕλεος

1110 1719 1204 1748 αὐτοῦ.

1149 1819 1158 1836 ι
1181 1809 1236 1837 Καὶ
1259 1807 1415 1840 ἀποδιδούς.
1439 1816 1449 1833 ι
1468 1806 1536 1833 Ἀπὸ
1550 1806 1639 1842 ’Δδάμ
1659 1804 1713 1838 ἕως
1735 1805 1788 1841 τῆς
1801 1813 1906 1841 παρου-

1110 1856 1173 1888 σίας
1189 1854 1311 1891 Χριστοῦ
1324 1855 1349 1881 οί
1362 1854 1529 1890 μιμούμενοι
1545 1852 1595 1885 τὰς
1615 1851 1754 1888 ἁμαρτίας
1769 1850 1824 1892 τῶν
1850 1859 1904 1878 πα-

1110 1902 1210 1937 τέρων,
1227 1901 1288 1932 ταῖς
1303 1900 1449 1935 τιμωρίαις
1464 1899 1629 1930 ὑπέπιπτον,
1649 1897 1695 1925 διὰ
1712 1897 1743 1924 τδ
1759 1897 1843 1932 μήπω
1855 1895 1907 1930 τὴν

1109 1947 1301 1983 ἀπολύτρωσιν
1329 1946 1379 1982 τῆς
1406 1944 1546 1981 ἁμαρτίας
1566 1943 1743 1980 γεγενῆσθαι.
1774 1941 1855 1970 Μετὰ
1877 1940 1905 1969 δὲ

1111 1994 1163 2029 τὴν
1191 1992 1345 2028 παρουσίαν
1372 1991 1421 2019 τοῦ
1448 1989 1591 2026 Χριστοῦ,
1625 1990 1743 2021 ἕκαστος
1771 1987 1867 2015 λοιπὸν
1892 1986 1906 2013 ὂ

1113 2039 1223 2076 σπείρῃ,
1245 2039 1294 2066 καὶ
1316 2037 1432 2073 θερίσει,
1452 2037 1496 2063 διὰ
1515 2036 1547 2063 τὸ
1563 2036 1603 2072 μὴ
1618 2036 1720 2070 ὁμοίως
1736 2032 1905 2061 ὲκτείνεσθαι

1111 2086 1144 2113 ἐκ
1176 2083 1419 2121 πατροπαραδότου
1449 2082 1628 2118 ἀναστροφῆς
1655 2081 1703 2108 ἐπὶ
1724 2079 1785 2117 [ἐπὶ
1803 2080 1905 2107 videtur

1111 2131 1260 2168 abundare]
1270 2131 1321 2168 τὴν
1337 2130 1503 2166 παράϐασιν.

1151 2187 1161 2204 ‹
1182 2177 1240 2204 Καὶ
1254 2178 1284 2204 ὲν
1302 2177 1359 2209 τοῖς
1373 2175 1514 2212 γηγενέσι,
1541 2185 1550 2202 ι
1567 2175 1631 2206 Τοῖς
1652 2173 1776 2206 ἀσεϐέσι,
1800 2173 1859 2205 τοῖς
1873 2171 1905 2199 τὰ

1111 2224 1193 2259 γήϊνα
1210 2222 1357 2259 φρονοῦσιν
1373 2231 1380 2238 ι
1394 2222 1411 2258 ἢ
1431 2222 1478 2249 xal.
1498 2222 1590 2254 αὐτοῖς
1602 2221 1659 2253 τοῖς
1675 2219 1838 2255 Αἰγυπτίοις
1851 2219 1905 2250 τοῖς

1077 2271 1101 2302 D
1114 2271 1145 2304 ἐξ
1154 2270 1243 2306 αὐτῆς
1258 2270 1310 2305 τῆς
1319 2269 1382 2304 γῆς·

1149 2326 1160 2344 ‹
1183 2317 1239 2344 Καὶ
1252 2316 1397 2351 ἐποίησας.
1413 2325 1423 2341 ι
1441 2314 1514 2346 Ἕως
1529 2313 1652 2349 σήμερον
1664 2333 1671 2346 ,
1687 2311 1770 2348 φησιν
1780 2330 1789 2345 ,
1808 2311 1906 2346 ὀνομα-

1111 2364 1183 2397 στδς,
1201 2364 1218 2400 ἢ
1230 2363 1277 2390 ἐπὶ
1292 2363 1348 2394 τοῖς
1363 2361 1448 2389 πάλαι
1462 2361 1627 2397 τεραστίοις.

1149 2419 1159 2436 ‹
1172 2408 1246 2444 Ἐγὼ
1262 2408 1377 2444 Κύριος.
1397 2417 1407 2434 ι
1433 2408 1464 2434 Ὁ
1479 2407 1584 2443 μέλλων
1602 2406 1707 2438 πάντας
1723 2404 1843 2440 κρίνειν,
1859 2403 1907 2430 καὶ

1110 2455 1219 2491 ἑκάστῳ
1234 2455 1390 2482 ἀποδιδόναι
1400 2453 1475 2481 κατά
1486 2453 1538 2485 τὰς
1555 2452 1682 2488 πράξεις.

1149 2511 1159 2528 ε
1180 2501 1242 2528 ’Ότι
1266 2498 1346 2536 ἦσαν.
1369 2509 1379 2527 ι
1404 2500 1449 2533 Ὡς
1464 2500 1515 2536 μὲν
1540 2499 1587 2526 ἐπὶ
1605 2498 1637 2525 τὸ
1647 2497 1715 2524 πολὺ
1732 2497 1809 2524 πᾶσα
1825 2494 1875 2530 μὶν
1891 2494 1908 2528 ἡ

1110 2548 1148 2584 γῆ
1165 2548 1227 2575 τότε
1242 2547 1332 2575 ἀθέων
1343 2545 1392 2583 ἦν’
1418 2547 1495 2582 μόνοι
1509 2546 1538 2573 δὲ
1549 2541 1623 2573 οῦτοι
1638 2545 1764 2578 λέγονται
1784 2541 1910 2577 ἁμαρτά-

1111 2603 1178 2627 νειν,
1208 2593 1303 2628 ἐπειδὴ
1329 2595 1386 2625 τοῖς
1416 2593 1500 2624 θείοις
1525 2592 1620 2627 νόμοις
1648 2588 1866 2624 πεπαιδευμένοι
1879 2587 1910 2614 ὲν

1112 2641 1213 2676 γνώσει
1223 2640 1391 2676 ἡμάρτανον.

1150 2697 1159 2713 ε
1181 2687 1243 2713 ’Ὁτι
1258 2686 1304 2712 ἐπὶ
1320 2686 1370 2720 τὴν
1385 2685 1471 2720 ὀργήν
1486 2692 1548 2719 μου.
1560 2693 1569 2710 ι
1581 2683 1625 2715 Ὧς
1636 2682 1682 2709 ἐπὶ
1697 2680 1796 2717 τούτῳ,
1813 2679 1908 2716 φησιν,

1113 2732 1173 2760 ἐστὶ
1182 2731 1323 2759 κτισθεῖσα
1338 2731 1355 2767 ή
1366 2730 1443 2762 πόλις
1457 2729 1527 2765 αὕτη
1537 2749 1544 2761 ,
1556 2729 1605 2755 ἐπὶ
1614 2727 1655 2755 τῶ
1669 2724 1852 2763 παροργίζιιν
1860 2731 1892 2760 με
1901 2743 1908 2757 ,

1113 2780 1158 2806 ἵνα
1190 2779 1235 2806 διὰ
1259 2777 1339 2806 τοῦτο
1370 2776 1497 2812 ἀφανίσω
1521 2775 1618 2812 αὐτὴν,
1653 2783 1691 2810 μη
1715 2773 1802 2801 θέλων
1827 2771 1909 2807 αὐτὴν

1115 2827 1192 2862 optim
