2052 3150
161 189 215 221 6'33

706 193 709 195 '
728 185 959 216 FRAGMENTA
978 185 1019 216 IN
1033 185 1244 217 JEREMIAM.

1742 185 1796 219 691

201 256 211 273 ι
232 245 288 274 Καὶ
307 244 445 281 ἔστρεψαν
458 244 527 280 πρός
546 251 580 280 με
599 243 695 271 νῦν-νον.
712 253 723 269 ›
745 243 832 271 Τοῦτο
852 244 952 279 δεῖγμα

1040 244 1070 271 V.
1086 244 1133 271 ~33.
1154 253 1165 270 ι
1182 244 1216 271 Et
1236 248 1378 272 verterunt
1397 244 1431 274 ad
1452 254 1496 274 me
1512 251 1598 284 terga.
1616 257 1626 275 ι
1654 247 1712 276 Hoc
1729 255 1791 285 per-

162 293 268 325 τελείας
284 292 391 328 ὓὸρεως
405 291 453 319 καὶ
464 291 710 326 καταφρονήσεως,

200 349 211 365 ι
240 339 297 366 Kal
323 338 431 370 ἐδίδαξα
450 337 558 370 αὐτούς.
578 346 591 364 ι
604 337 679 364 ’Δντὶ
695 336 757 370 τοῦ,
773 337 843 365 κατὰ
863 338 955 364 πᾶσαν

165 384 293 420 σπουδήν.

202 440 212 457 ι
232 431 267 457 ’Δ
285 430 316 457 οὐ
333 429 467 463 συνέταεα
479 430 582 462 αὐτοῖς.
611 439 620 456 ι
640 430 740 463 Ἔστω,
763 422 861 465 φησίνς
876 430 955 465 Ἐμοὶ

164 477 214 509 τὰς
223 476 320 508 Θυσίας
336 476 503 512 προσφέρειν
519 476 688 511 ὀφείλοντες,
705 476 815 511 δαίμοσι
833 476 955 512 προσφέσ

166 531 243 558 ponat
256 530 263 537 '
283 522 356 549 διατί
373 522 421 550 καὶ
444 523 685 558 ἀνθρωποκτονίας
707 523 890 558 ὲργάζονταις
907 523 954 550 ἀν-

166 569 294 604 Θρώπους
313 568 342 594 δὲ
362 568 423 595 οὐδὲ
438 568 551 604 ἐμαυτῷ
573 569 772 596 Θύεσθαιὸσιον
784 569 891 605 ἔκρινα.
910 570 955 602 Ὡς

163 616 214 642 οὒκ
225 614 391 650 ἀρκούμενοι
399 614 500 647 τοίνυν,
523 615 601 651 φησὶ,
616 617 672 647 τοῖς
681 615 813 652 πρότερον
827 616 954 652 ἅμαρτή-

166 670 242 696 μασι,
260 660 307 687 καὶ
321 660 401 687 τοῦτο
418 661 566 697 ὲπεξεῦρον
579 662 609 689 τὸ
624 662 764 698 ἀτόπημα.

201 716 212 733 ι
227 707 295 734 Ἰδοὺ
323 707 378 742 ἐγὼ
406 709 514 742 συνάγω
554 709 662 741 αὐτούς.
688 719 697 736 t
737 709 955 744 Ἐπαγγέλλεται

162 753 230 785 Θεὸς
253 754 402 788 ἐπανάγειν
433 755 465 781 ὲκ
497 755 548 790 τῆς
573 755 764 790 αἰχμαλωσίας
788 757 851 788 τοὺς
877 757 954 789 υίοὺς

163 798 273 834 Ἰσραήλ
285 807 291 814 ·
308 799 376 834 ὁμοῦ
389 800 418 827 δὲ
439 800 486 826 καὶ
502 800 633 836 προλέγει
649 802 699 838 τὴν
714 802 833 838 Χριστοῦ
850 811 955 838 παρου-

164 844 235 877 σίαν,
251 845 300 872 καὶ
309 845 359 881 τὴν
369 845 417 872 τοῦ
436 846 596 880 Πνεὺματος
615 847 706 884 χάριν.

202 900 212 917 ι
231 892 286 918 Καὶ
307 891 415 918 ἔσονταί
441 900 486 927 μοι
502 893 543 925 είς
557 893 632 922 λαόν.
648 903 660 920 θ
685 893 771 921 Τοῦτο
786 894 876 922 κοινὸν
888 895 954 931 περὶ

162 936 276 962 πάντων
289 936 404 964 πιστῶν.

203 990 214 1008 ι
233 982 287 1008 Kal
301 982 380 1009 δώσω
389 982 481 1015 αὐτοῖς
492 983 551 1010 ὁδὸν
566 984 673 1018 ἑτέραν.
694 993 703 1011 ι
717 983 773 1020 Τὴν
785 984 886 1020 Κυρίου
903 992 956 1011 πα-

165 1027 289 1063 ρουσίαν.
307 1028 393 1060 Αὐτὸς
409 1029 464 1064 γάρ
479 1029 555 1057 ἐστιν
569 1031 586 1066 ἡ
602 1030 671 1062 ὁδός.

203 1082 214 1099 ι
234 1074 290 1101 Kal
306 1074 422 1110 καρδίαν
436 1075 544 1110 ἑτέραν.
565 1085 575 1102 ι
592 1075 649 1111 Τὴν
661 1075 710 1102 τοῦ
725 1074 884 1110 Πνεύματος
904 1075 955 1110 χά-

165 1129 220 1156 ριν.
230 1119 316 1147 Πάλιν
327 1121 411 1156 φησὶν
422 1121 490 1156 πρὸς
501 1121 584 1148 αὐτόν
594 1128 601 1136 ·
618 1121 716 1158 ἐπειδὴ
730 1121 875 1153 δύσπιστος
883 1121 897 1148 6
910 1121 954 1148 λό-

165 1174 216 1199 γος
227 1163 272 1201 ἦν.

203 1221 212 1237 ι
231 1211 286 1238 Kal
296 1211 470 1246 διαθήσομαι.
487 1221 497 1238 ι
511 1211 566 1248 Τὴν
578 1212 643 1249 περὶ
656 1213 707 1248 τῆς
723 1212 756 1240 ἐκ
771 1212 876 1249 νεκρῶν
891 1214 956 1240 ἀνα-

156 1250 394 1289 ’στάσεωςξῌτις
410 1257 460 1283 οὐκ
474 1257 671 1293 summa.

467 1303 594 1331 ΚΕΦΔΛ.
611 1304 673 1331 ΔΓ¹.

204 1357 214 1373 ι
232 1347 326 1380 Οὕτως
343 1346 403 1376 εἷπε
417 1349 521 1386 Κύριος
547 1350 632 1378 ποιῶν
654 1351 717 1387 γῆν.
737 1360 747 1377 ι
769 1350 848 1379 Κατὰ
861 1351 911 1387 τὴν
926 1351 956 1386 ἐξ

165 1395 255 1431 ἀρχῆς
266 1395 459 1432 δημιουργίαν,
473 1397 528 1423 ἀπὸ
539 1397 591 1431 γῆς
604 1397 690 1424 ποιῶν
703 1397 750 1425 τὸν
764 1397 918 1433 ἄνθρωπον.

204 1495 214 1512 ι
232 1486 289 1513 Καὶ
303 1486 432 1514 πλάσσων
447 1487 542 1522 αὑτήν.
555 1487 750 1517 Ἀναπλάσσων
765 1489 810 1518 διὰ
828 1491 877 1518 τοῦ
893 1491 956 1520 λου-

165 1530 233 1566 τροῦ
251 1531 304 1565 τῆς
316 1531 541 1566 παλιγγενεσίας.

1005 289 1083 317 recta:
1098 291 1204 325 signum
1219 291 1326 326 injuriae
1339 297 1366 319 et
1376 296 1549 328 contemptus
1565 299 1617 322 est.

1044 345 1053 362 ι
1076 336 1110 364 Et
1123 336 1204 364 docui
1217 337 1336 366 diluculo
1348 345 1406 366 eos.
1428 347 1439 365 ι
1461 338 1490 366 Id
1506 344 1548 368 est
1560 339 1634 368 omni
1655 339 1757 368 studio.

1039 427 1071 455 ll.
1088 428 1132 456 55.
1153 437 1162 454 ι
1181 428 1247 461 Quae
1266 436 1319 456 non
1341 429 1458 464 praecepi
1471 429 1522 457 eis.
1540 439 1549 455 ι
1570 429 1645 462 Esto.
1661 429 1710 457 ait.
1725 428 1792 457 Cum

1004 475 1070 502 mihi
1093 475 1225 503 sacriﬁcia
1251 475 1350 503 oﬂ‘erre
1371 476 1513 509 deberem,
1538 476 1708 505 daemonibus
1726 477 1794 504 oll‘c-

1004 525 1085 555 runt;
1101 529 1149 549 cur
1163 525 1190 549 et
1205 522 1351 550 homicidia
1368 523 1496 557 patrant?
1515 523 1640 551 homines
1656 531 1720 551 vero
1735 531 1794 550 ma-

1004 566 1071 593 ctari
1099 574 1150 594 nec
1174 567 1240 594 mihi
1257 567 1365 602 quidem
1380 568 1455 603 pium
1475 568 1549 596 duxi.
1571 569 1710 604 Tanquam
1729 576 1793 604 ergo

1004 622 1058 641 non
1072 615 1191 642 contenti
1206 615 1301 651 primis
1319 615 1549 651 improbitatibus,
1565 617 1617 646 hoc
1630 617 1711 646 etiam
1726 617 1793 644 faci-

1003 668 1056 687 nus
1069 660 1281 688 adinvenerunt.

1039 705 1071 734 V.
1092 707 1136 734 57.
1156 717 1165 733 ι
1191 707 1259 735 Ecce
1283 716 1332 745 ego
1354 709 1526 745 congregabo
1550 716 1606 736 eos.
1630 717 1639 734 ›
1656 707 1794 735 Promittit

1004 751 1076 779 Deus
1089 760 1118 780 se
1129 753 1304 781 reducturum
1316 762 1331 781 a
1344 754 1499 789 captivitate
1513 749 1582 782 ﬁlios
1597 754 1680 782 Israel
1693 763 1699 780 :
1713 753 1794 780 simul

1004 803 1095 826 autem
1114 799 1239 834 praedicit
1261 803 1289 827 et
1302 799 1404 828 Christi
1430 801 1589 834 adventum,
1621 804 1650 828 et
1677 799 1794 835 Spiritus

1004 846 1091 873 sancti
1107 845 1231 881 gratiam.

1039 891 1072 919 ν.
1087 892 1131 920 38.
1151 902 1162 918 ι
1182 892 1216 920 Ει
1231 896 1313 921 erunt
1327 892 1394 920 mihi
1405 892 1432 920 in
1450 892 1591 929 populum.
1612 901 1623 920 ι
1643 892 1794 921 Commune

1006 937 1058 965 hoc
1073 941 1114 965 est
1128 938 1255 966 omnibus
1271 938 1405 966 ﬁdelibus.

1039 983 1073 1012 ν.
1090 984 1134 1012 59.
1159 993 1167 1009 ι
1188 984 1222 1012 Et
1235 983 1305 1012 dabo
1318 985 1358 1013 eis
1370 985 1442 1012 viam
1459 984 1549 1012 aliam.
1569 993 1579 1010 ι
1598 984 1708 1012 Domini
1722 993 1793 1020 prae

1006 1029 1137 1063 sentiam;
1152 1029 1211 1064 ipse
1232 1030 1305 1057 enim
1320 1034 1361 1058 est.
1370 1030 1423 1058 via.

1043 1085 1052 1102 ι
1070 1075 1103 1103 Et
1115 1083 1162 1104 cor
1173 1076 1257 1104 aliud.
1275 1086 1286 1102 ι
1311 1075 1430 1111 Spiritus
1445 1075 1534 1104 sancti
1554 1074 1678 1111 gratiam.
1694 1074 1793 1103 Iterum

1006 1122 1064 1150 haec
1078 1121 1143 1150 dicit
1156 1123 1189 1150 ad
1204 1123 1310 1158 ipsum;
1323 1121 1439 1150 diilicilis
1453 1121 1553 1157 quippe
1566 1121 1673 1149 creditu
1686 1121 1795 1150 videba-

1006 1172 1049 1195 ΗΠ·
1064 1175 1163 1195 sermo.

1041 1213 1074 1240 V.
1088 1213 1133 1242 40.
1149 1222 1158 1239 ι
1175 1213 1209 1243 Ει
1221 1213 1374 1248 disponam.
1392 1221 1403 1239 ι
1427 1212 1465 1240 De
1479 1212 1681 1241 resurrectione
1696 1220 1711 1240 e
1721 1220 1795 1241 mor-

1005 1255 1070 1284 tuis.
1085 1255 1164 1289 Quod
1184 1264 1240 1284 non
1254 1256 1476 1285 commutabitur.

1287 1302 1365 1330 CAP.
1393 1301 1512 1330 XXXIII.

1040 1347 1074 1376 ν.
1089 1348 1116 1377 2.
1132 1358 1141 1375 ι
1161 1348 1206 1377 Sic
1225 1348 1292 1376 dixit
1315 1349 1445 1377 Dominus
1460 1348 1565 1377 iaciens
1584 1353 1695 1377 terram.
1717 1358 1728 1376 ι
1745 1349 1795 1378 Se-

1005 1394 1125 1422 cundum
1150 1393 1298 1429 opiﬁcium,
1314 1402 1329 1422 a
1356 1394 1491 1430 principio
1515 1402 1531 1422 e
1551 1399 1623 1422 terra
1656 1395 1796 1423 hominem

1006 1440 1164 1469 ellormans.
1408 1447 1416 1450 '

1044 1494 1053 1511 ι
1074 1485 1108 1512 Ει
1132 1485 1251 1512 formas
1269 1492 1340 1513 eam.
1360 1494 1370 1511 ι
1395 1485 1448 1514 Per
1460 1486 1597 1514 lavacrum
1610 1484 1797 1514 renovationis

1006 1530 1168 1559 reformans.

205 1586 214 1602 ι
235 1576 288 1603 Τοῦ
304 1577 458 1613 ἀνορθῶσαι
471 1579 583 1615 αὑτήν.»
600 1579 651 1608 Διὰ
663 1580 710 1607 τοῦ
721 1581 812 1617 τιμίου
827 1583 954 1619 σταυροῦ,

1045 1585 1054 1602 ι
1078 1575 1118 1602 Ad
1137 1574 1292 1610 erigendam
1307 1582 1378 1603 eam.
1402 1584 1412 1602 ι
1429 1575 1482 1603 Per
1498 1583 1608 1604 crucem
1633 1576 1796 1612 pretiosam;

166 1622 260 1656 ἑπειδὴ
278 1621 367 1650 ἔκειτο
379 1623 533 1660 βεΰλημένη
550 1624 602 1652 ὑπὸ
621 1626 670 1661 τῆς
681 1626 828 1662 ἁμαρτίας.

205 1677 216 1694 ε
231 1667 333 1704 Κύριος
344 1669 455 1704 ὄνομα.»
473 1669 541 1705 Περὶ
555 1668 585 1698 οὗ
595 1670 672 1698 εἶπεν
686 1672 701 1698 ὁ
715 1671 886 1705 Ἀπόστολος·
902 1671 955 1707 Εἷς

167 1713 275 1748 Κύριος
297 1714 419 1749 Ἰησοῦς
431 1715 569 1750 Χριστὸς,
586 1716 624 1744 δι’
639 1714 675 1745 οὗ
689 1716 726 1744 τὰ
740 1717 851 1746 πάντα.

207 1812 216 1828 ι
253 1803 311 1830 Καὶ
340 1803 442 1838 κράξον
473 1804 543 1840 πρός
572 1812 618 1840 με.
646 1813 655 1831 ι
685 1804 820 1839 Ἐκτενῶς
846 1807 958 1844 δεήθητι

169 1857 233 1885 μου.

206 1903 217 1920 ι
234 1894 292 1921 Καὶ
301 1894 451 1929 ἀπαγγελῶ
461 1903 512 1922 σοι.
525 1905 534 1921 ι
551 1895 591 1922 Τὰ
601 1895 646 1922 διὰ
659 1896 708 1932 τῆς
721 1896 840 1933 Χριστοῦ
856 1907 959 1935 παρου-

170 1940 231 1972 σίας
248 1940 430 1975 γεγενημένα.

205 1994 217 2011 ι
231 1984 292 2011 Τῶν
307 1986 517 2021 καθῃρημένων.
531 1995 540 2012 ι
551 1986 615 2013 Δέον
623 1987 804 2024 ἀκολουθῆσαι
817 1989 880 2022 τοὺς
895 1990 960 2017 Ἰου-

170 2031 263 2063 δαίους
284 2031 324 2066 τῷ
340 2030 520 2067 Βαϐυλωνίῳ,
538 2032 632 2069 ἐπειδὴ
653 2034 733 2061 τοῦτο
754 2036 843 2071 κρῖμα
859 2033 892 2073 ἦν
912 2036 959 2064 τοῦ

171 2078 249 2111 Θεοῦ,
260 2078 423 2110 καθελόντες
438 2079 486 2110 τὰς
502 2079 590 2110 οἰκίας
603 2079 705 2114 αὐτῶν,
726 2081 852 2117 χάρακας
866 2083 960 2119 ἐποίη-

172 2131 222 2150 σαν
245 2124 293 2151 καὶ
325 2124 509 2160 προμαχῶνας
525 2125 571 2151 ἐπὶ
591 2125 629 2161 τῷ
651 2127 788 2162 μάχεσθαι
811 2130 869 2161 τοῖς
885 2130 960 2156 Χαλ-

170 2169 265 2202 δαίοις.
280 2170 329 2196 Διὰ
347 2170 427 2196 τοῦτο
438 2169 545 2206 θανάτῳ
558 2172 800 2205 καταδικάζονται.

208 2225 219 2242 ι
244 2217 310 2243 Ἰδοὺ
323 2215 378 2250 ὲγὼ
392 2216 495 2250 ἀνάγω.
508 2226 517 2242 ι
536 2217 614 2245 Μετὰ
632 2218 682 2255 τὴν
701 2221 831 2256 ίστορίαν,
848 2221 893 2250 διὰ
910 2222 961 2258 τῆς

171 2262 290 2298 Χριστοῦ
305 2262 467 2299 παρουσίας.

210 2318 220 2335 ι
238 2309 294 2336 Kal
307 2311 416 2346 ποιήσω
429 2314 551 2349 εἰρήνην.
571 2323 581 2340 ι
605 2313 656 2340 Διὰ
675 2312 726 2349 τὴν
741 2314 780 2345 είς
796 2313 847 2349 ἐμὲ
870 2315 962 2342 πίστιν

171 2353 311 2391 δωροῦμαι
326 2356 419 2390 αὐτοῖς
432 2359 482 2394 τὴν
500 2360 620 2396 εἰρήνην.

210 2410 219 2426 ι
236 2402 292 2429 Kal
305 2403 345 2434 είς
362 2404 572 2441 μεγαλειότητα.
591 2415 601 2432 ι
635 2405 769 2433 Οὐδέποτε
781 2407 835 2442 γὰρ
849 2407 961 2443 τοιαύτη

177 2447 356 2483 μιγαλειότης
372 2449 494 2484 γέγονεν,
509 2451 547 2483 ὡς
568 2452 585 2487 ἡ
600 2451 644 2478 διὰ
659 2451 709 2487 τῆς
728 2452 775 2478 τοῦ
789 2451 858 2478 Θεοῦ
874 2452 962 2487 Λόγου

177 2491 310 2528 ὲνσάροωυ
322 2495 485 2529 παρουσίας,

211 2545 221 2562 ι
238 2537 295 2563 Καὶ
312 2538 526 2575 φοϐηθήσονται.
545 2549 555 2566 ι
577 2540 612 2567 Ἦ
637 2542 662 2567 οι
683 2540 810 2576 δαίμονες
837 2541 883 2568 ὲπὶ
907 2542 963 2574 τοῖς

176 2582 330 2617 γινομένοις
342 2584 456 2619 ἀγαθοῖς
471 2587 527 2617 τοῖς
548 2586 714 2620 ἀνθρώποις,
736 2586 752 2622 ἢ
778 2587 825 2614 καὶ
842 2587 920 2614 αὐτοὶ
937 2588 962 2614 οί

175 2625 204 2653 αὖ
217 2628 379 2664 πάσχον-τες,
392 2630 436 2666 ἐφ’
457 2628 499 2663 οἷς
519 2631 641 2658 τοιοῦτον
665 2632 799 2668 πρότερον
824 2633 962 2668 ἠγνόησαν

176 2673 321 2709 Acen/1mm

212 2727 223 2745 ι
242 2720 320 2756 Φωνὴ
349 2721 481 2757 νυμφίου.
506 2731 516 2748 ι
547 2722 600 2750 Τοῦ
614 2722 665 2758 τῆς
678 2723 767 2759 ψυχῆς
782 2725 899 2760 νυμφίου
915 2725 962 2752 Λό-

176 2773 224 2800 γου
233 2767 369 2802 λέγοντος·
383 2769 473 2797 Δεῦτε
486 2771 562 2804 πρός
569 2779 617 2804 με,
639 2771 750 2804 πάντες
760 2773 786 2799 οί
797 2771 961 2805 κοπιῶντες

179 2811 225 2839 ul
238 2815 469 2849 πεφορτισμένοι
477 2835 485 2848 ,
503 2814 586 2850 κάγὼ
598 2816 765 2844 ἀναπαύσω
777 2816 865 2853 ὑμᾶς.

215 2899 235 2916 ³⁸
249 2901 332 2930 ICor.
350 2911 410 2938 vui,
429 2904 456 2933 6.
495 2905 515 2921 "
532 2905 625 2934 Matth.
643 2905 736 2942 xr,28.

1005 1621 1113 1657 iacebat
1123 1621 1195 1648 enim
1211 1624 1343 1655 prostrata
1361 1629 1377 1648 a
1394 1626 1518 1656 peccato.

1045 1677 1054 1694 ι
1073 1667 1205 1695 Dominus
1225 1675 1325 1694 nomen
1350 1666 1399 1694 illi.
1422 1676 1432 1694 ι
1457 1667 1496 1695 De
1510 1675 1565 1703 quo
1588 1667 1657 1695 dixit
1682 1667 1798 1702 Aposto—

1007 1714 1070 1742 lus:
1108 1713 1183 1742 Unus
1213 1713 1340 1742 Dominus
1370 1714 1445 1742 Iesus
1468 1714 1608 1748 Christus,
1646 1722 1693 1750 per
1722 1722 1799 1751 quem

1009 1761 1096 1789 omnia
1104 1760 1137 1789 '°.

1044 1805 1077 1834 γ.
1092 1807 1119 1834 5.
1138 1816 1148 1833 ι
1165 1807 1199 1834 Et
1223 1807 1309 1834 clama
1333 1807 1369 1834 ad
1399 1813 1454 1836 me.
1473 1815 1482 1832 ι
1510 1804 1799 1842 γοιιειηοῐιῑί,ιιίὶ“οοιυ

1008 1860 1104 1888 preces
1116 1852 1235 1881 eﬁunde.

1048 1908 1057 1924 ι
1078 1899 1112 1926 Et
1127 1899 1298 1927 annuntiabo
1320 1898 1378 1927 tibi.
1398 1908 1408 1925 ι
1428 1897 1494 1931 Quae
1507 1905 1556 1933 per
1573 1895 1675 1930 Christi
1695 1895 1799 1924 adven-

1011 1947 1067 1970 tum
1079 1943 1151 1971 facta
1165 1947 1240 1971 sunt.

1045 1988 1078 2016 ν.
1091 1989 1119 2016 4.
1139 1998 1148 2015 ι
1161 1989 1226 2022 Quae
1238 1988 1375 2016 destructa
1397 1992 1470 2016 sunt.
1490 1996 1500 2013 ι
1525 1987 1593 2014 Cum
1608 1986 1740 2014 deberent
1754 1983 1800 2011 Ju-

1010 2034 1061 2062 daei
1077 2034 1238 2070 Babylonios
1251 2034 1339 2069 sequi.
1365 2033 1515 2062 secundum
1525 2032 1571 2060 Dei
1584 2030 1728 2067 judicium,
1752 2030 1801 2058 de-

1011 2081 1123 2109 structis
1132 2081 1169 2108 illi
1182 2081 1309 2108 domibus
1322 2081 1390 2114 suis,
1408 2081 1479 2108 valla
1493 2085 1520 2108 et
1533 2077 1736 2115 propugnacula
1749 2085 1800 2105 ex-

1011 2131 1168 2155 struxerunt
1175 2127 1206 2154 ad
1217 2127 1392 2162 pugnandum
1401 2125 1687 2155 adversusChaldaeos.
1696 2124 1799 2152 Idcirco

1011 2176 1099 2200 morte
1112 2171 1338 2200 condemnentur.
1502 2164 1505 2167 Α

1048 2218 1078 2246 V.
1088 2218 1114 2246 6.
1135 2228 1144 2243 ‹
1163 2217 1231 2245 Ecce
1241 2225 1290 2254 ego
1305 2217 1420 2245 adduco.
1436 2227 1445 2243 ι
1470 2216 1534 2246 Post
1552 2217 1692 2244 veritatem
1712 2215 1800 2242 histo-

976 2262 1002 2299 b
1016 2265 1110 2296 ricam,
1125 2272 1174 2299 per
1187 2263 1288 2292 Christi
1307 2263 1465 2292 adventum.

1051 2319 1060 2336 ι
1082 2310 1116 2337 Ει
1130 2309 1226 2338 faciam
1241 2317 1346 2344 pacem.
1367 2318 1376 2335 ι
1395 2308 1509 2344 Propter
1533 2307 1614 2334 ﬁdem
1628 2306 1655 2333 in
1667 2313 1711 2333 me
1730 2305 1801 2332 dono

1013 2356 1067 2384 illis
1080 2363 1186 2391 pacem.

1048 2401 1082 2430 ν.
1101 2403 1129 2430 9.
1148 2411 1156 2427 ι
1173 2401 1206 2428 Et
1221 2401 1248 2428 in
1272 2401 1509 2436 magniﬁcentiam.
1529 2408 1538 2425 ι
1552 2398 1696 2432 Nunquam
1728 2395 1800 2423 enim

1014 2447 1078 2475 talis
1091 2447 1292 2482 magniﬁcentia
1314 2447 1386 2474 facta
1405 2451 1457 2480 est,
1489 2445 1576 2481 qualis
1595 2443 1648 2472 fuit
1672 2449 1722 2478 per
1750 2440 1801 2467 Dei

1015 2492 1097 2520 Verbi
1113 2493 1142 2519 in
1154 2500 1237 2520 carne
1254 2492 1413 2520 adventum.

1051 2548 1060 2565 ι
1078 2539 1111 2566 Et
1127 2538 1270 2566 timebunt.
1284 2548 1294 2564 ι
1306 2539 1356 2566 Vel
1369 2539 1506 2566 daemones
1522 2541 1634 2573 propter
1651 2536 1723 2563 bona
1741 2541 1802 2568 qum

1012 2583 1169 2612 hominibus
1191 2584 1416 2620 pmstabuntur;
1447 2584 1490 2612 vel
1519 2587 1546 2610 et
1567 2581 1618 2617 ipsi
1645 2581 1691 2616 qui
1722 2578 1802 2606 bonis

1011 2629 1174 2664 afﬁcientur,
1188 2631 1262 2666 quod
1273 2635 1353 2658 antea
1369 2631 1449 2658 talem
1461 2630 1606 2658 Dominum
1631 2628 1799 2664 ignorarent.

1050 2724 1082 2752 V.
1098 2724 1140 2751 li.
1162 2732 1171 2749 ι
1188 2722 1244 2750 Vox
1262 2722 1360 2758 sponsi.
1371 2730 1380 2747 ι
1399 2720 1480 2748 Verbi
1493 2718 1584 2755 sponsi
1600 2718 1698 2745 animae
1707 2717 1801 2744 dicen-

1015 2771 1070 2798 tis:
1087 2769 1176 2798 Venite
1196 2769 1231 2796 ad
1247 2777 1297 2802 me,
1322 2776 1409 2796 omnes
1429 2768 1474 2803 qui
1498 2766 1625 2794 laboratis
1650 2769 1674 2792 et
1699 2762 1802 2792 onerati

1016 2817 1086 2850 estis,
1101 2821 1124 2843 et
1140 2825 1185 2852 ego
1207 2816 1323 2851 reﬁciam
1340 2823 1384 2842 vos
1399 2815 1430 2842 ³¹.
