2052 3150
267 151 320 205 (Ξίὶό

811 175 1070 208 OLYMPIODORI
1088 178 1354 212 ALEXANDRINI

1851 187 1903 220 696

267 257 269 259 ,
305 240 312 255 ι
333 229 390 257 Vox
416 228 577 257 dicentium.
598 238 608 255 ι
627 228 686 265 Ipsa
715 229 815 266 gaudio
842 231 997 259 exsultante
1027 239 1047 258 at

1148 242 1158 259 ι
1175 233 1254 268 Φωνὴ
1269 233 1415 269 λεγόντων.
1436 243 1446 261 ι
1477 235 1533 272 Τῆς
1555 235 1775 275 εὐφραινομένης
1795 239 1843 267 καὶ
1859 240 1903 268 λε-

265 279 374 306 dicente
389 285 397 303 :
414 275 546 304 Dominus
561 283 639 304 meus
652 281 681 304 et
697 276 770 305 Deus
785 284 876 305 meus.

302 342 312 358 σ
325 332 459 365 Quoniam
472 335 655 360 convertam.-
672 332 765 365 Qualis
777 332 856 366 Abel,
870 338 898 360 et
926 333 1002 366 Setlt,
1031 339 1058 362 et

263 378 368 411 Enoch,
385 382 414 406 et
430 377 499 410 Noe.
515 383 544 406 et
553 378 700 411 Abraham,
721 385 754 406 ex
783 378 846 413 tlde,
866 387 922 407 non
939 387 973 407 ex
999 380 1058 417 lege

261 424 413 459 iustiﬁcati.

298 481 332 509 V.
350 482 392 510 l2.
406 491 415 508 ι
434 480 595 509 Habitacula
607 485 759 517 pastorum.
779 491 789 508 ι
806 482 835 510 ln
847 482 947 518 quibus
958 483 1055 511 Eccle-

263 527 327 554 sitn:
341 527 368 554 in
384 527 483 563 quibus
504 528 601 555 harum
615 533 737 563 pastores
746 528 829 564 quieti
843 529 953 557 tradunt
970 531 1054 558 ratio-

263 574 308 602 nis
325 578 468 609 compotes
478 582 584 610 greges.

297 629 331 658 V.
343 631 386 658 l3.
407 640 417 657 ι
437 631 466 658 In
479 630 645 659 civitatibus.
664 642 673 657 ι
689 631 753 660 Post
767 640 877 661 sensum
892 633 1054 662 historicum

262 673 397 704 Ecclesiae
411 675 548 712 intellige;
565 682 722 705 montanam
745 685 822 712 vero,
848 683 961 714 propter
989 687 1050 707 eam

261 729 322 757 quae
336 730 368 750 ex
381 722 509 758 gentibus
518 728 570 757 est,
581 728 670 752 vocat.
682 724 752 752 Olim
765 724 868 761 quippe
882 725 1052 754 infructuosa

261 772 330 796 erat.

299 834 310 851 ι
324 825 421 853 Adhuc
431 825 586 854 transibunt
599 833 675 854 oves.
698 836 707 853 ι
728 826 872 855 Visitantis
881 831 909 855 et
927 834 980 855 non
996 835 1051 856 ne-

260 871 398 907 gligentis,
416 871 654 906 sedmtmerantis,
668 876 696 901 et
720 873 915 908 perquirentis,
947 873 969 902 si
995 881 1049 909 qua

260 916 404 946 rationalis
418 917 478 946 ovis
493 917 599 953 perdita
612 918 658 946 sit.

541 1027 617 1056 CAP.
642 1027 763 1056 XXXIV.

294 1072 327 1100 V.
342 1072 371 1101 2.
385 1082 398 1100 ιν
414 1072 489 1102 Vade
505 1073 543 1101 ad
556 1073 711 1102 Sedeciam.
743 1084 752 1101 ι
777 1073 819 1102 Me
844 1075 980 1109 tradente,
1009 1076 1049 1104 ait

259 1120 349 1153 Deus,
363 1124 392 1148 et
406 1127 462 1148 non
483 1120 589 1148 viribus
601 1121 742 1157 Babylonii
767 1121 890 1149 tradetur
903 1122 961 1150 haec
980 1122 1049 1150 civi-

257 1170 311 1194 188.

291 1209 366 1244 Ὗ.,5.
381 1220 394 1237 r
408 1211 443 1239 Et
451 1218 539 1246 usque
552 1211 587 1239 ad
608 1211 746 1240 infernum
765 1212 896 1248 plangent
910 1218 946 1241 te.
968 1223 977 1240 ι
994 1213 1048 1242 De-

257 1254 326 1283 ludit
336 1255 488 1289 Sedeciam,
505 1261 536 1284 ut
548 1256 593 1284 ille
606 1264 682 1292 spem
695 1256 792 1285 salutis
804 1258 837 1286 ab
847 1258 973 1287 hostibus
980 1267 1048 1287 con-

256 1303 371 1337 ciperet.
391 1302 490 1330 Aiebat
502 1310 570 1331 vero
589 1303 749 1331 vaticinium
760 1324 767 1336 ,
789 1305 861 1340 quod
875 1313 930 1332 non
943 1307 984 1334 uti
1007 1306 1049 1333 vir

257 1348 285 1376 in
295 1348 365 1382 acie,
378 1349 427 1377 sed
442 1349 568 1384 captivus
582 1350 610 1378 in
637 1350 749 1385 paciﬁca
773 1351 885 1379 civitate
911 1351 1048 1388 Babylone

255 1393 395 1421 communi
408 1393 495 1422 obibit
509 1393 575 1422 fato.
593 1394 661 1422 Illud
684 1399 775 1423 autem
794 1404 800 1422 :
823 1396 907 1431 Usque
918 1397 954 1423 ad
965 1397 1048 1432 infer-

255 1447 318 1466 num
334 1439 459 1476 plangant
471 1444 506 1474 te,
519 1441 590 1468 idem
609 1444 651 1469 est
663 1448 696 1468 ac
708 1441 730 1469 si
749 1441 875 1469 diceret:
895 1441 985 1470 Veluti
1005 1442 1048 1470 in-

255 1484 367 1514 felicem
378 1494 482 1523 regem,
496 1487 524 1515 in
544 1487 702 1522 captivitate
718 1493 870 1516 mortuum.

290 1531 323 1560 V.
342 1532 369 1560 8.
383 1542 393 1560 ι
408 1532 528 1566 Verbum
542 1534 616 1569 quod
634 1534 735 1562 factum
747 1539 798 1563 est.
816 1544 825 1561 ι
842 1535 989 1570 Postquam
1005 1540 1045 1564 te-

255 1582 420 1606 stamentum
435 1579 603 1607 dimissionis
616 1580 802 1616 conscriptum
822 1579 921 1608 fuerat.

289 1624 325 1652 V.
339 1624 384 1653 16.
404 1634 414 1651 ι
430 1625 465 1652 Ει
478 1625 580 1653 reversi
592 1625 669 1654 estis.
692 1635 702 1653 ι
719 1625 771 1660 Qui
786 1634 834 1654 eos
845 1626 946 1654 liberos
963 1626 1047 1655 dimi-

255 1674 360 1703 serant,
402 1670 502 1698 iterum
533 1670 645 1699 eosdem
675 1671 704 1699 in
737 1672 899 1700 servitutem
930 1679 1045 1701 revoca-

256 1721 329 1744 runt.

293 1774 303 1790 ι
318 1764 394 1798 Quos
405 1764 580 1793 dimiseratis.
600 1774 610 1791 ›
629 1764 732 1800 Sponte
751 1770 854 1797 vestra,
886 1766 1044 1800 voluntate;

255 1811 308 1839 hoc
315 1811 389 1839 enim
404 1811 546 1846 proprium
555 1815 597 1839 est
613 1811 760 1840 libertatis.

292 1856 324 1885 V.
341 1857 385 1885 is.
406 1867 416 1884 ι
433 1857 554 1885 Vitulum
569 1865 651 1893 quem
666 1858 788 1886 fecerant
812 1857 847 1885 ad
874 1858 1043 1893 operandum

253 1911 297 1931 eo.
316 1912 326 1930 ι
348 1902 407 1932 Hoc
434 1908 484 1937 est,
511 1908 624 1939 propter
639 1904 755 1933 vitulum
768 1904 914 1933 :videlicet
934 1909 1046 1940 propter

254 1950 436 1978 idnlolatriam
450 1949 555 1978 tradam
582 1957 640 1978 eos.
666 1949 788 1978 Vitulum
814 1950 933 1985 appellat
959 1949 1044 1986 Egy-

253 1996 352 2031 ptium,
368 2000 479 2031 propter
493 1995 573 2031 Apim
592 1995 781 2032 Egyptiorum
800 1995 891 2023 deum.
912 1996 945 2023 Et
958 1996 1043 2031 ipsos,

253 2041 302 2074 ait,
316 2045 344 2069 et
352 2041 519 2077 Egyptium,
538 2048 620 2077 quem
644 2041 696 2070 sibi
708 2041 735 2069 in
754 2041 884 2069 auxilium
899 2048 1042 2077 vocarunt,

253 2085 410 2123 Babyloniis
427 2087 546 2115 tradam.

287 2131 378 2160 v.21.
393 2141 403 2158 ‹
420 2131 454 2159 Et
463 2133 551 2160 virtus
564 2132 646 2169 regis.
660 2142 670 2159 ι
687 2131 814 2161 Fortasse
839 2140 888 2161 eos
921 2138 1043 2162 retroce-

253 2178 359 2210 dentes.
377 2182 406 2205 et
420 2177 581 2214 incipientes
597 2178 756 2212 abscedam,
775 2179 896 2206 minatur
909 2186 939 2207 se
952 2179 1042 2208 factu:-

253 2231 318 2252 rum
332 2227 362 2251 ut
372 2228 555 2252 revertantur.

534 2282 608 2310 CAP.
624 2282 734 2309 XXXV.

287 2338 322 2367 ν.
340 2334 394 2368 41(
413 2338 634 2375 Pastophorium.
669 2349 678 2365 ι
711 2338 929 2375 Pastopliorium,
961 2347 1042 2376 gazo—

252 2387 418 2423 pbylaclum.

286 2433 320 2461 V.
333 2433 360 2461 8.
373 2442 382 2459 ι
396 2432 462 2465 Nos,
478 2437 506 2460 et
528 2439 627 2460 uxores
642 2436 752 2461 nostra.
785 2441 794 2459 ι
822 2433 892 2461 Nota
922 2433 1041 2461 ﬁliorum

253 2479 453 2515 mulierumque
468 2478 651 2507 obedientiam
663 2480 692 2507 in
719 2484 776 2508 tam
793 2483 921 2508 accurata
945 2480 1042 2508 obser-

252 2525 352 2553 vantia.
890 2528 895 2532 ’

288 2571 322 2600 ν.
335 2572 379 2600 t5.
397 2582 408 2598 ‹
422 2572 482 2600 Non
496 2572 634 2608 accipietis
649 2572 831 2608 disciplinam.
845 2581 855 2598 ι
872 2572 970 2600 Nonne
976 2579 1041 2608 ergo

252 2625 301 2646 vos
317 2618 422 2655 pudet?
435 2626 526 2654 neque
535 2622 640 2647 mutato
649 2619 764 2647 consilio
779 2619 884 2648 discitis
900 2626 1042 2647 sermones

252 2672 329 2693 meos
348 2664 463 2693 audire?

546 2710 620 2739 CAP.
637 2711 756 2738 XXXVI.

289 2766 320 2796 ν.
335 2767 363 2794 2.
381 2776 391 2793 ι
408 2766 492 2795 Sume
513 2766 562 2795 tibi
579 2767 716 2795 volumen.
734 2777 743 2794 ι
759 2767 890 2795 Chartam
903 2767 977 2800 libri,
997 2767 1041 2795 vel

251 2813 350 2841 librum
364 2814 550 2847 chartaceum,
566 2815 607 2842 vel
627 2818 701 2842 certe
726 2814 755 2842 in
765 2814 881 2850 pellibus
891 2814 955 2842 olim
972 2813 1041 2843 scri-

251 2859 362 2892 hebant.
383 2861 482 2896 quibus
495 2868 546 2897 pro
560 2860 636 2889 libris
651 2861 809 2888 utebantur.

288 2904 318 2932 \'.
335 2903 360 2932 3.
378 2914 386 2932 ι
404 2905 499 2934 Omnia
514 2905 595 2934 mala.
623 2916 631 2934 ι
650 2906 715 2941 Qua:
735 2906 844 2935 dolores
863 2905 987 2934 inferunt
1011 2911 1040 2934 et

1111 278 1262 315 γοὺσης·’0
1276 280 1379 316 Κύριός
1399 289 1450 316 μου
1465 281 1512 309 καὶ
1528 283 1542 309 ὸ
1557 282 1624 315 Θεός
1639 292 1701 319 μου.

1149 344 1159 361 ι
1173 336 1235 362 Ὅτι
1248 336 1417 372 ἐπιστρέψω.
1436 347 1445 364 ι
1467 338 1568 371 Καθὼς
1591 338 1625 376 ἦν
1642 341 1737 374 Ἅϐελ,
1764 344 1811 370 καὶ
1836 345 1902 382 Σὴθ,

1109 381 1158 408 καὶ
1177 382 1272 418 Ἑνὼχ,
1287 383 1334 410 καὶ
1349 382 1421 416 Νῶε,
1436 384 1485 412 καὶ
1506 385 1644 422 Ἀϐραὰμ,
1657 388 1697 423 ,ἐκ
1711 388 1840 424 πίστεως,
1857 393 1904 420 καὶ

1107 427 1159 454 οὐκ
1171 429 1203 455 ἐκ
1218 429 1301 464 νόμου
1315 429 1512 465 δικαιούμενοι.

1145 483 1154 500 ι
1172 474 1367 510 Καταλύματα.
1387 485 1396 502 ι
1420 475 1465 503 Ἐν
1480 474 1525 509 αἷς
1546 478 1726 516 Ἐκκλησίαν
1753 482 1782 509 ἐν
1808 481 1853 516 αἶς
1876 487 1901 512 οί

1106 519 1210 548 τούτων
1250 521 1381 556 ποιμένες
1417 522 1615 552 διαναπαύουσι
1647 526 1682 553 τὰ
1714 525 1812 562 λογικά
1839 530 1900 557 ποί-

1107 574 1183 602 μνια.

1144 631 1153 648 ι
1173 622 1217 650 Ἐν
1231 622 1351 650 πόλεσι.»
1364 623 1442 652 Μετὰ
1455 625 1505 660 τὴν
1521 626 1652 662 ἱστορίαν,
1664 628 1715 661 τὰς
1733 629 1899 667 Ἐκχλησίας

1104 667 1174 694 νόει“
1188 668 1306 703 ὀρεινὴν,
1322 668 1367 697 διὰ
1377 669 1428 705 τὴν
1444 670 1473 704 ἐξ
1492 670 1577 698 ἐθνῶν
1591 672 1679 708 καλεῖ,
1702 674 1747 702 διὰ
1763 675 1794 703 τὺ
1813 676 1896 704 πάλαι

1104 713 1189 750 αὐτῆς
1203 713 1337 749 ἄκαρπον.

1136 825 1145 841 ι
1164 814 1223 842 Ἔτι
1238 816 1439 852 παρελεύσεται
1463 819 1599 855 πρόϐατα.
1620 829 1630 847 ι
1652 821 1706 849 Τοῦ
1731 823 1898 853 ἐπισκεπτο-

1104 861 1197 897 μένου,
1227 862 1274 889 καὶ
1295 863 1333 900 μὴ
1353 864 1530 900 ἀμελοῦντος,
1551 866 1620 894 ἀλλά
1641 867 1823 903 ἀριθμοῦντος
1851 870 1897 896 καὶ

1064 907 1308 943 Βέπιζητοῦντος,
1337 911 1374 946 μή
1401 919 1428 938 τι
1456 912 1511 939 τῶν
1532 912 1651 947 λογικῶν
1681 913 1827 949 προϐάτων
1846 915 1898 942 ἀπ-

1100 952 1197 981 ὤλετο.

1397 1025 1522 1052 ΚΕΦΔΛ.
1538 1026 1599 1053 ΛΔ’.

1137 1077 1147 1096 ‹
1166 1069 1279 1097 Βάδισον
1307 1069 1375 1106 πρὸς
1388 1071 1526 1099 Σεδεκίαν.
1546 1081 1556 1097 ι
1584 1072 1668 1108 Ἐμοῠ
1687 1074 1895 1109 παραδιδόντος,

1099 1115 1183 1151 φησὶν
1198 1116 1212 1142 ὁ
1225 1116 1302 1149 Θεὸς,
1316 1117 1364 1144 καὶ
1376 1117 1407 1144 οὐ
1419 1118 1452 1153 τῇ
1467 1117 1582 1152 δυνάμει
1595 1118 1643 1145 τοῦ
1655 1119 1830 1148 Βαϐυλωνίου
1843 1130 1896 1148 πα-

1100 1160 1280 1196 ραδοθήσεται
1292 1161 1308 1197 ή
1329 1161 1420 1194 πόλις.

1137 1216 1147 1233 ι
1164 1207 1219 1234 Καὶ
1241 1207 1295 1239 ἕως
1309 1207 1374 1244 ᾅδου
1389 1209 1518 1245 κόψονταί
1546 1219 1586 1239 σε.
1613 1220 1623 1238 ι
1643 1211 1818 1243 Καταπαίζει
1845 1211 1893 1238 τοῦ

1098 1252 1235 1286 Σεδεκίου,
1265 1253 1309 1281 ῐνα
1337 1255 1441 1287 ἐκεῖνος
1456 1256 1594 1294 ὑπονοήσῃ
1618 1257 1668 1294 τὴν
1685 1258 1718 1285 ἐκ
1736 1258 1790 1285 τῶν
1812 1258 1895 1285 πολε-

1100 1299 1170 1334 μίων
1183 1299 1291 1334 ἄφεσιν.
1313 1300 1411 1336 Ἔλεγε
1426 1301 1455 1328 δὲ
1468 1302 1483 1328 ὁ
1496 1303 1621 1339 χρησμὸς
1630 1324 1637 1336 ,
1655 1304 1696 1331 ὅτι
1710 1303 1760 1339 οὐχ
1772 1304 1811 1336 ὡς
1821 1304 1894 1340 ἀνὴρ

1099 1344 1128 1372 ἑν
1139 1346 1304 1380 παρατάξει,
1320 1346 1379 1374 ἀλλ’
1389 1348 1563 1384 αἰχμάλωτος
1574 1349 1688 1384 ληφθεὶς
1698 1350 1727 1377 ὲν
1739 1349 1895 1385 εἰρηνευού-

1100 1398 1134 1426 σῃ
1156 1391 1234 1417 πόλει
1252 1392 1284 1428 τῇ
1302 1392 1443 1421 Βαϐυλῶνι
1466 1394 1513 1421 τὸν
1532 1395 1624 1422 κοινὸν
1640 1395 1747 1422 ύποίσει
1765 1395 1891 1422 Θάνατον.

1099 1437 1136 1463 Τὸ
1146 1437 1185 1470 δὲ,
1198 1437 1255 1470 ἕως
1268 1438 1343 1472 ᾅδου
1361 1440 1510 1474 κόψον·ταί
1523 1449 1571 1476 σε,
1588 1441 1649 1469 ἀντὶ
1661 1442 1720 1475 τοῦ,
1737 1442 1836 1478 πικρὸν
1849 1439 1894 1469 οἷα

1099 1483 1214 1518 βασιλέα
1226 1485 1255 1511 ὲν
1268 1485 1445 1522 αἰχμαλωσίᾳ
1461 1487 1644 1515 ἀποθανόντα.

1137 1539 1146 1556 ι
1166 1530 1194 1557 '0
1209 1530 1287 1564 λόγος
1300 1531 1315 1558 ὁ
1327 1532 1484 1567 γενόμενος.
1505 1542 1514 1559 ι
1539 1533 1617 1561 Μετὰ
1634 1533 1665 1560 τὺ
1681 1533 1892 1570 συγγράψασθαι

1061 1578 1083 1608 c
1098 1575 1149 1612 τὴν
1163 1576 1229 1612 περὶ
1243 1577 1293 1612 τῆς
1309 1578 1435 1613 ἀφέσεως
1448 1579 1595 1615 διαθήκην.

1133 1631 1143 1648 ι
1174 1623 1230 1650 Καὶ⁸
1248 1623 1449 1659 ύπεστρέψατε.
1474 1633 1484 1651 ›
1515 1625 1547 1652 οἱ
1577 1625 1765 1658 ἀπολύσαντες
1792 1625 1892 1658 αὐτοὺς

1098 1669 1270 1706 ἐλευθέρους,
1288 1670 1372 1698 πάλιν
1386 1671 1516 1699 εἵλκυσαν
1534 1672 1635 1705 αὐτοὺς
1650 1673 1691 1704 εἷς
1703 1672 1838 1700 δουλείαν.

1135 1779 1146 1797 ‹
1164 1769 1218 1803 Οὓς
1232 1770 1454 1803 ὲξαπεστείλατε.
1476 1781 1486 1799 ι
1505 1773 1544 1808 Τῇ
1568 1773 1742 1810 προαιρέσει,
1756 1773 1796 1809 τῷ
1812 1772 1891 1809 θελή-

1098 1824 1173 1852 ματι.
1194 1816 1282 1843 Τοῦτο
1294 1816 1349 1852 γὰρ
1364 1818 1414 1853 τῆς
1429 1817 1590 1853 ἐλευθερίας
1606 1818 1682 1846 ἴδιον.

1133 1872 1143 1890 r
1171 1862 1224 1890 Τδν
1253 1863 1354 1899 μόσχον
1379 1864 1411 1891 ὃν
1431 1864 1564 1900 ἐποίησαν
1592 1864 1860 1901 ὲργάζεσθαιαῦτῷ.
1878 1874 1889 1891 ι

1102 1908 1176 1936 Ἀντὶ
1186 1908 1244 1942 τοῦ,
1259 1909 1304 1936 διὰ
1320 1910 1366 1936 τὸν
1381 1909 1499 1945 μόσχον
1513 1911 1636 1937 τουτέστι
1657 1911 1702 1938 διὰ
1717 1911 1767 1946 τὴν
1782 1911 1890 1938 εἰδωλο-

1096 1955 1225 1992 λατρείαν
1236 1955 1392 1992 παραδώσω
1405 1956 1515 1989 αὐτούς.
1542 1957 1652 1992 Μόσχον
1675 1956 1755 1984 καλεῖ
1777 1956 1824 1983 τὸν
1845 1956 1890 1982 Δις

1096 2001 1227 2036 γύπτιον,
1255 2002 1299 2029 διὰ
1318 2002 1364 2030 τὸν
1389 2003 1444 2030 τῶν
1462 2004 1622 2038 Αἰγυπτίων
1647 2004 1709 2031 Θεὸν
1732 2004 1778 2031 τὸν
1795 2004 1888 2030 Ἆπιν.

1096 2046 1151 2073 Καὶ
1167 2046 1266 2078 αὐτοὺς
1282 2047 1339 2080 οὖν,
1352 2048 1434 2083 φησὶ,
1457 2048 1504 2075 καὶ
1519 2049 1668 2083 Αίγύπτιον
1686 2049 1715 2076 ὃν
1730 2049 1771 2081 είς
1782 2056 1887 2083 συμμα-

1095 2093 1156 2127 χίαν
1171 2092 1315 2127 ἐκάλεσαν,
1335 2093 1490 2129 παραδώσω
1499 2095 1556 2127 τοῖς
1568 2095 1761 2127 Βαϐυλωνίοις.

1134 2146 1143 2163 ι
1164 2138 1219 2164 Καὶ
1240 2137 1356 2173 δύναμις
1375 2137 1520 2173 βασιλέως.
1548 2149 1558 2166 ι
1581 2140 1662 2172 Ἴσως
1687 2139 1888 2174 ἀναζεύξαντας

1094 2181 1204 2216 αὐτοὺς,
1235 2182 1284 2209 καὶ
1309 2182 1483 2219 ἀρξαμένους
1501 2184 1675 2220 ἀποτρέχειν,
1694 2185 1803 2213 ἀπειλεί
1823 2186 1887 2218 Θεὸς

1056 2248 1083 2278 Β
1095 2227 1283 2263 ἐπιστρέφειν.

1393 2284 1518 2312 ΚΕΦᾹΛ.
1531 2284 1592 2312 ΛΕ’.

1132 2349 1141 2365 ι
1163 2339 1358 2376 Παστοφόριον.
1380 2349 1389 2366 ι
1408 2341 1611 2376 Παστοφόριον,
1626 2344 1713 2379 ἤγουν
1727 2342 1886 2378 γαζοφυλὰ-

1094 2394 1164 2412 χιον.

1133 2441 1142 2457 ι
1152 2431 1250 2466 Ἡμεῖς
1264 2430 1315 2457 καὶ
1328 2430 1359 2457 αι
1371 2432 1500 2465 γυναῖκες
1514 2433 1531 2468 ἡ
1536 2432 1605 2468 μῶν.
1626 2442 1636 2459 ι
1661 2433 1821 2470 Σημιιωσαι
1834 2434 1886 2460 ὺπ-

1093 2477 1178 2513 ακοὴν
1188 2477 1291 2504 τέκνων
1301 2476 1493 2512 καὶγυναικῶν
1501 2478 1548 2505 ἐπὶ
1558 2479 1743 2515 παραφυλακῇ
1752 2480 1886 2515 τοσαύτης

1092 2523 1246 2559 ἀκριϐείας.

1131 2579 1141 2596 ι
1162 2571 1199 2598 οι.
1216 2571 1255 2607 μὴ
1268 2572 1370 2608 λάϐητε
1391 2570 1525 2599 παιδείαν.
1543 2581 1554 2598 ›
1572 2571 1630 2598 οὐκ
1646 2571 1813 2607 ὲντρέιτεσθε
1833 2572 1887 2598 λοι-

1092 2616 1154 2650 πὸν,
1181 2618 1227 2645 καὶ
1243 2617 1465 2655 μεταπορεύεσθε
1479 2618 1520 2649 εις
1534 2617 1565 2644 τδ
1585 2616 1697 2646 ἀκούειν
1721 2617 1778 2644 τῶν
1799 2617 1886 2652 λόγων

1094 2672 1144 2698 μου
1153 2673 1160 2698 ;

1386 2709 1511 2738 unum.
1528 2707 1600 2742 [ις’.
1617 2740 1621 2745 ι

1131 2775 1140 2792 ι
1155 2766 1228 2793 Λάϐε
1243 2765 1350 2803 σεαυτῷ
1363 2766 1474 2801 χαρτίον
1484 2765 1599 2798 βιϐλίου.
1619 2774 1629 2790 ι
1643 2764 1756 2800 Χάρτην
1770 2763 1884 2799 βιϐλίου,

1092 2812 1109 2847 ἢ
1129 2812 1233 2847 βιϐλίον
1246 2813 1384 2847 χάρτινον,
1399 2811 1416 2846 ἣ
1431 2811 1478 2838 καὶ
1496 2811 1526 2838 ὲν
1539 2810 1635 2845 τὸμοις
1650 2809 1772 2845 ἔγραφον
1786 2809 1817 2835 τὸ
1832 2816 1885 2834 πα-

1092 2858 1179 2892 λαιὸν,
1196 2859 1244 2886 καὶ
1257 2859 1313 2890 τοῖς
1330 2858 1423 2893 τόμοις
1437 2857 1499 2884 ἀντὶ
1511 2856 1566 2884 τῶν
1580 2855 1692 2890 βιϐλίων
1706 2854 1838 2890 ἐχρῶντο.

1132 2916 1141 2932 ι
1161 2906 1254 2934 Πάντα
1269 2906 1302 2934 τὰ
1319 2905 1418 2934 κακά.»
1434 2903 1476 2932 Τὰ
1490 2903 1618 2938 ἐπίπονα,
1634 2902 1668 2930 τὰ
1679 2900 1836 2930 κακωτικά·
1852 2902 1886 2929 τὰ
