2052 3150
235 162 287 195 697
810 162 1043 192 FRAGMENTA
1061 161 1103 192 IN
1123 161 1333 192 JEREMIAM.
1818 161 1873 194 698

233 219 278 248 διὰ
296 220 346 256 τῆς
361 219 486 252 παιδείας
502 218 728 255 προσ-καλούμενα
747 219 847 252 αὐτοὺς
867 221 906 252 εἰς
920 219 1030 256 διόρθω-

1061 218 1222 254 ιῐηοιεειὶοε
1242 227 1249 245 :
1278 226 1340 254 (piae
1362 218 1513 247 erudiendo
1541 225 1589 247 eos
1615 217 1649 247 ad
1674 218 1871 247 correctionem

281 287 288 294 ,
1078 264 1200 292 trahunt.

235 275 288 294 σιν.

272 322 281 339 t
300 313 358 340 Οὐκ
376 312 454 339 ἔσται
470 312 545 347 αὐτῷ
568 311 725 348 καθήμενος
739 311 785 339 ἐπὶ
805 311 912 346 θρόνου.
938 320 947 336 ι
972 311 1027 338 Καὶ

1079 275 1200 292 Irauunt.

1115 308 1145 335 V.
1164 309 1209 336 50.
1230 318 1240 335 ι
1258 308 1317 336 Non
1333 309 1386 336 erit
1399 309 1424 336 ei
1439 309 1538 337 sedens
1564 316 1647 344 super
1662 309 1794 336 thronum
1817 308 1870 336 Da-

233 359 363 395 ἀνωτέρω
384 359 433 394 μὲν
451 359 584 394 ἠπείλησε
602 359 641 394 τῷ
658 358 787 394 Ἰωακείμ
800 366 806 373 ·
825 357 929 392 Tagum-
953 357 1026 385 ὄνου

1077 356 1133 384 vid.
1158 365 1168 382 ι
1189 356 1223 383 Et
1234 363 1317 390 supra
1326 355 1437 390 quidem
1450 355 1570 383 minatus
1584 354 1738 382 estloacim
1751 363 1759 382 :
1774 353 1870 390 Sepul-

232 406 419 441 ταφήσεταιο
437 407 484 433 καὶ
499 405 547 433 νῦν
560 406 589 433 δὲ
608 406 683 442 αὐτῷ
699 406 817 440 ἀπειλεῖ,
833 406 874 432 ὅτι
892 405 937 433 τὸν
959 405 1026 441 χάρ-

1078 407 1140 428 tura
1157 401 1227 428 asini
1237 400 1379 435 sepelietur
1393 400 1470 433 ";et
1489 407 1564 427 nunc
1579 406 1675 427 rursus
1690 398 1728 426 illi
1737 398 1869 433 minatur,

232 462 282 489 την
301 453 484 486 κατέκαυσεν.

1077 447 1151 483 quod
1169 446 1297 474 volumen
1308 446 1364 482 igni
1380 446 1531 473 tradiderit.

270 509 280 525 ι
310 499 367 526 Καὶ
398 499 605 536 προσετέθησαν
640 499 715 534 αὑτῷ
749 499 823 534 λόγοι
854 498 988 530 πλείονες.
1014 507 1024 523 ι

1112 492 1202 520 v.52.
1226 491 1425 527 «Etpraeterea
1440 490 1526 519 additi
1538 494 1604 518 sunt
1634 496 1778 517 sermones
1806 490 1868 525 plu-

238 545 348 581 Ἐπειδὴ
368 545 496 580 ἐνόμισεν
511 546 526 572 ό
548 545 677 581 ἰωακεὶμ
700 545 874 580 ὲξαφανίζειν
889 543 938 580 τὴν
960 551 1026 578 προ-

1077 545 1131 566 res.
1154 547 1164 564 ›
1184 537 1253 571 Quia
1264 537 1368 565 Joacim
1384 537 1532 565 arbitratus
1547 542 1600 571 est,
1626 536 1774 565 combusto
1789 538 1868 566 volu-

231 591 349 625 φητείαν
374 590 418 618 διὰ
447 591 494 618 τοῦ
521 591 688 627 ἐμπρησμοῦ
700 590 749 618 τοῦ
775 590 893 626 βιϐλίου,
921 588 1026 617 κελεύει

1078 586 1152 614 mine
1167 585 1340 621 prophetiam
1351 586 1507 619 evanuisse,
1533 586 1612 622 jubet
1627 586 1710 621 Deus,
1727 592 1755 616 et
1779 587 1869 623 prima

230 637 299 669 Θεὸς
322 636 371 664 καὶ
394 636 430 664 τὰ
443 637 540 673 πρῶτα
565 637 718 674 γραφῆναι,
735 637 794 673 ,καὶ
816 636 898 672 ἕτερα
913 635 1027 671 προστί-

690 645 718 670 ιι,
735 637 794 673 ,καὶ
816 636 898 672 ἔτερα
913 635 1027 671 προστί-
1075 632 1168 665 scribi,
1190 636 1217 660 et
1232 632 1344 667 insuper
1356 633 1418 660 addi
1438 632 1500 660 alia.

231 683 306 719 Θησι.

516 730 641 761 ΚΕΦΔΛ.
663 728 724 757 ΛΖ’.

1356 722 1433 751 CAP.
1452 723 1583 752 XXXVII.

268 783 279 801 ι
301 775 356 802 Καὶ
383 774 431 802 ἐὰν
452 775 604 811 πατάξητε.
621 785 632 802 ι
652 775 711 811 Οὐχ
739 775 781 802 ὅτι
798 774 878 802 τοῦτο
898 764 1025 809 γέγονεν,

1109 768 1142 796 ν.
1157 769 1184 797 9.
1205 778 1213 795 ι
1235 768 1302 796 Etsi
1319 770 1522 804 percusseritis.
1541 779 1550 796 ι
1578 770 1639 798 Non
1659 770 1732 806 quod
1748 769 1786 797 ita
1814 770 1867 797 hoc

228 820 287 847 ἀλλ’
300 821 333 847 ὲκ
345 821 502 857 δειγμάτων
525 821 617 853 αὐτοῖς
632 822 684 857 τὴν
709 821 831 857 παντελῆ
849 821 1024 849 ἀνελπιστίαν

1074 814 1167 849 fuerit,
1183 815 1230 843 sed
1250 823 1300 851 per
1318 816 1442 851 exempla
1457 816 1510 844 illis
1525 817 1659 852 praedicit,
1673 816 1777 844 nullam
1804 823 1865 844 esse

227 866 275 893 τοῦ
288 866 434 903 δυνηθῆναι
448 868 592 902 διαφυγεῖν
606 867 747 903 προλέγει.

499 869 592 902 φυγεῖν
606 867 747 903 προλέγει.
1074 869 1150 906 spem
1166 861 1309 890 evadendi.

266 922 277 939 I
291 913 345 940 Τοῦ
363 913 500 949 ἀγοράσαι
529 915 598 941 ἐκεῖ.
622 923 632 940 ι
662 915 696 941 ‘H
720 914 856 950 ἀγοράσαι
875 913 958 940 τόπον
982 915 1022 947 είς
1038 914 1059 942 Β

1055 917 1059 940 ;
1111 907 1140 935 V.
1157 908 1200 935 ii.
1220 917 1230 934 ι
1249 907 1284 935 Ut
1299 912 1403 936 emeret
1424 907 1497 936 ind'e.
1516 917 1525 934 ι
1544 908 1594 936 Vel
1610 913 1639 935 ut
1655 912 1762 936 emeret
1776 908 1865 937 locum

227 959 354 994 οίκησιν,
371 959 388 994 ἢ
406 959 543 995 ἀγοράσαι
572 959 634 987 ἀντὶ
653 960 712 992 τοῦ,
730 960 878 994 ἀγοράσαι,
905 960 954 987 καὶ
974 961 1020 987 ἐπὶ

1073 953 1106 981 ad
1121 953 1310 988 habitandum,
1323 954 1365 981 vel
1378 962 1427 989 pro
1444 962 1478 981 eo
1494 954 1566 990 quod
1581 958 1631 987 est,
1647 954 1811 989 prophetare
1836 954 1864 981 in

226 1004 276 1040 τῆς
292 1004 395 1041 ἀγορᾶς
408 1005 600 1041 προφητεῦσαι
611 1014 618 1021 ·
633 1006 650 1041 ἢ
666 1006 747 1033 κάκεῖ
757 1004 1019 1041 παρακινδυνεῦσαι,

1072 999 1148 1033 foro;
1159 1000 1201 1028 vel
1218 1000 1300 1027 etiam
1317 1000 1353 1028 ibi
1368 999 1520 1035 periculum
1539 1001 1655 1033 subiret,
1674 1005 1700 1027 et
1714 1000 1772 1028 suis
1790 1000 1864 1036 peri-

226 1014 276 1040 ·ι-ης
292 1014 395 1041 αγορας
408 1014 600 1041 προφητευσαι
611 1014 618 1021 ·
633 1014 650 1041 η
666 1014 746 1033 κακει
755 1014 1019 1078 ἕαρακινουνευσαι,

225 1049 274 1076 καὶ
288 1050 344 1082 τοῖς
361 1051 473 1083 οἰκείοις
488 1051 624 1084 κινδύνοις
643 1052 754 1087 ὠνήσασ
772 1060 800 1078 αι
816 1051 864 1087 τὴν
882 1052 1020 1087 σωτηρίαν

791 1014 1019 1040 ιρακινουνευσαι,
1072 1014 1148 1033 Ιυιυ,
1162 1014 1201 1028 VCI
1218 1014 1300 1027 ειηιιιι
1317 1014 1353 1028 ιυι
1368 1014 1520 1035 μυιιυυιυιιι
1539 1014 1600 1028 δυυι

792 1060 800 1077 ι
816 1051 864 1087 τὴν
882 1052 1020 1087 σωτηρίαν
1072 1045 1141 1074 culis
1155 1046 1270 1074 salutem
1283 1051 1388 1075 emeret
1398 1046 1601 1074 salvandorum.

225 1094 282 1122 τῶν
297 1095 472 1132 σωζομένων.
1627 1114 1629 1116 ·

264 1150 274 1168 ι
300 1141 411 1169 Πεσέτω
434 1143 466 1171 τὸ
498 1142 583 1175 ἔλεος.
601 1152 611 1169 ι
632 1144 695 1170 ὀτι
723 1143 806 1171 Γενοῦ
834 1144 959 1179 ἐλεήμων
978 1145 1019 1176 είς

1109 1142 1140 1169 V.
1155 1143 1198 1171 19.
1218 1152 1227 1169 t
1242 1142 1341 1171 Veniat
1351 1143 1550 1171 misericordia.
1579 1153 1588 1170 I
1609 1143 1639 1172 id
1649 1148 1693 1171 est
1708 1143 1864 1172 misericors

224 1187 288 1223 ξμέ.

1071 1188 1099 1215 in
1118 1197 1161 1216 me
1177 1189 1225 1217 sis.

260 1242 272 1260 ι
291 1234 346 1261 Καὶ
362 1235 519 1269 συνέταξεν.
534 1245 544 1262 ι
564 1235 651 1263 Τοῦτο
666 1236 751 1271 λέγει,
769 1237 810 1264 ὄτι
823 1236 948 1272 ῥυπαρὸν
968 1236 1018 1271 ἄρ·

1105 1233 1139 1260 ν.
1152 1234 1197 1262 20.
1219 1243 1229 1260 ‹
1245 1235 1277 1262 Et
1297 1234 1438 1270 prtecepil.
1459 1244 1468 1261 ι
1482 1233 1540 1262 Hoc
1554 1235 1602 1268 ait,
1613 1235 1686 1270 quod
1702 1242 1802 1270 panem
1817 1235 1864 1264 da-

223 1287 270 1306 τον
279 1278 379 1312 ἔξωθεν
395 1280 442 1308 τοῦ
456 1282 624 1317 πεττομένω
640 1283 697 1314 τοῖς
716 1282 881 1318 ἐλευθέροις,
893 1283 937 1309 ῐνα
952 1283 1018 1319 εἴπῃ

1069 1281 1136 1309 bant
1152 1282 1303 1315 sordidum,
1318 1290 1373 1310 non
1392 1282 1466 1310 illum
1493 1283 1540 1318 qui
1564 1282 1745 1310 nobilioribus
1761 1291 1862 1318 coque-

223 1324 270 1353 τδν
281 1326 339 1358 τοῖς
348 1326 470 1359 οἰκέταις
483 1327 684 1363 παρεχόμενον,
706 1327 722 1364 ἢ
739 1328 787 1355 καὶ
804 1329 862 1360 τοῖς
876 1328 955 1356 κυσίν
967 1336 974 1343 ·
999 1328 1016 1363 ἢ

1069 1325 1160 1353 batur.
1179 1325 1261 1358 Quasi
1277 1326 1381 1354 diceret
1392 1347 1400 1358 ,
1418 1334 1481 1354 eum
1496 1327 1544 1362 qui
1568 1328 1677 1355 famulis
1691 1328 1732 1356 vel
1749 1329 1863 1356 canibus

222 1370 317 1407 ἐπειδὴ
335 1372 456 1400 σιτοδεία
470 1370 505 1408 ἦν
520 1373 558 1404 ὡς
573 1370 602 1400 ἐν
618 1373 657 1408 τῷ
681 1373 805 1409 πολέμῳ,
828 1374 876 1401 καὶ
900 1374 1017 1405 ἕκαστος

1069 1370 1274 1406 porrigebatur;
1287 1371 1329 1398 vel
1340 1372 1404 1406 quia
1419 1372 1548 1399 frumenti
1564 1378 1623 1400 erat
1638 1374 1741 1409 inopia,
1755 1379 1783 1400 ιιι
1795 1376 1862 1401 ωηι-

223 1416 341 1452 φανερόν
366 1425 394 1443 τι
417 1417 582 1453 ἐλάμϐανεν,
607 1417 695 1454 λάθρα
720 1419 872 1454 ἔπεμπενὸ
888 1418 1016 1454 βασιλεὺς

1070 1422 1137 1450 pore
1151 1416 1216 1443 belli
1232 1415 1290 1443 ﬁeri
1301 1417 1412 1449 assolet,
1426 1422 1454 1445 et
1471 1420 1660 1454 unusquisque
1680 1423 1783 1447 certam
1797 1427 1862 1454 por-

222 1462 262 1497 τῷ
275 1463 414 1500 προφήτῃ,
429 1464 472 1491 ἵνα
495 1465 532 1500 μή
546 1474 589 1497 τις
605 1465 682 1501 αὑτῷ
702 1465 822 1502 συντύχῃ
833 1474 841 1482 ⁸
866 1465 1019 1501 ἐφοϐοῦντο

1069 1460 1172 1488 tionem
1188 1462 1324 1494 sumebat,
1342 1462 1410 1490 clam
1424 1463 1550 1491 mittebat
1579 1465 1722 1500 prophetae
1746 1473 1804 1497 rex.
1828 1473 1863 1492 ne

221 1507 278 1543 γὰρ
287 1507 338 1544 τὴν
354 1508 438 1536 αὑτοῦ
450 1509 638 1538 διδασκαλίαν.

1068 1506 1129 1541 quis
1149 1514 1212 1534 eum
1226 1507 1411 1542 alioqueretur
1423 1517 1430 1541 ;
1447 1509 1548 1536 etenim
1563 1510 1624 1546 ejus
1637 1510 1789 1538 doctrinam
1798 1518 1858 1546 per-

1029 1583 1053 1614 c
1069 1554 1262 1584 timescebant.

509 1610 636 1638 κεφΑΑ.
654 1610 721 1638 AH'.
915 1636 924 1646 ,
1033 1610 1053 1614 “

915 1636 924 1646 ,
1033 1610 1053 1614 “
1350 1611 1427 1639 car.
1439 1611 1586 1640 xxxvut.

258 1662 268 1679 ε
283 1652 347 1681 Ὅτι
371 1653 421 1681 οὐκ
437 1654 554 1690 ἠδύνατο
580 1656 595 1683 ὁ
622 1656 755 1691 βασιλεὺς
779 1656 848 1693 πρὸς
874 1656 984 1688 αὐτούς.
1004 1666 1014 1684 ι

1104 1653 1137 1683 ν.
1152 1656 1179 1684 5.
1200 1665 1209 1682 ι
1222 1655 1282 1684 Non
1292 1657 1366 1685 enim
1378 1661 1486 1692 poterat
1495 1665 1544 1686 rex
1561 1658 1694 1686 adversus
1708 1665 1767 1686 eos.
1786 1657 1862 1686 »ΙΙοε

228 1699 301 1726 ’Δντὶ
322 1700 382 1733 τοῦ,
401 1701 531 1736 κερδᾶναι
553 1701 604 1738 τήν
624 1702 713 1739 ψυχὴν
739 1702 835 1730 αὐτοῦ.
859 1702 944 1738 Δῆλος
970 1700 1017 1730 οὖν

1068 1704 1127 1734 est,
1143 1701 1203 1736 ejus
1222 1702 1341 1730 animam
1367 1703 1485 1738 eripere.
1523 1703 1637 1732 Constat
1659 1704 1742 1739 igitur
1768 1712 1860 1740 regem

221 1745 280 1772 ἐστι
297 1745 383 1773 θέλων
400 1747 438 1783 μὴ
456 1748 635 1784 ἀναιρεθῆναι
654 1749 701 1776 τδν
722 1749 879 1785 προφήτην,
898 1749 936 1781 ὡς
955 1748 1016 1776 οὐδὲ

1067 1746 1188 1775 noluisse
1202 1748 1290 1776 occidi
1301 1749 1475 1784 prophetam,
1487 1749 1558 1777 sicut
1570 1758 1661 1785 neque
1673 1749 1777 1777 Pilatus
1791 1757 1856 1785 pro-

221 1791 339 1825 Πιλάτος
352 1793 400 1820 τὸν
416 1795 565 1830 προφητῶν
578 1794 683 1831 Κύριον
701 1795 814 1831 Ἰησοῦν.

701 1795 814 1831 Ἰησοῦν.
1067 1793 1212 1828 phetarum
1230 1793 1376 1822 Dominum
1394 1795 1498 1823 Jesum.

260 1848 270 1865 ι
286 1839 343 1866 Καὶ
356 1840 494 1880 ὲχάλασαν
509 1841 591 1868 αὐτὸν
616 1842 658 1873 είς
676 1841 723 1868 τὸν
737 1842 849 1869 λάκκον.
870 1851 880 1868 ι
905 1842 1016 1868 Γίνεται

1102 1838 1135 1866 ν.
1150 1839 1179 1867 6.
1202 1849 1212 1866 ε
1233 1840 1266 1867 Et
1278 1840 1448 1868 demiserunt
1465 1848 1527 1868 eum
1549 1841 1576 1868 in
1588 1841 1687 1868 lacum.
1704 1849 1714 1866 ι
1731 1840 1774 1868 Fit
1795 1847 1860 1875 pro-

220 1882 306 1915 τὺπος
321 1885 336 1911 ό
350 1885 495 1921 προφήτης
504 1886 553 1913 τοῦ
566 1886 637 1913 κατά
653 1886 772 1922 Χριστὸν
788 1887 953 1922 μυστηρίου,
967 1885 1015 1913 τοῦ

1067 1884 1150 1920 pheta
1167 1888 1247 1921 typus
1270 1886 1392 1922 mysterii
1408 1893 1462 1921 quo
1475 1886 1602 1914 Christus
1630 1886 1865 1921 praesignabaturr

220 1927 364 1964 δεδομένου
396 1930 446 1965 μὲν
458 1931 499 1962 είς
523 1932 618 1967 χεῖρας
646 1931 783 1959 Ἰουδαίων
809 1932 862 1959 ὑπὸ
883 1933 1014 1966 Πιλάτου,

1066 1929 1114 1963 qui
1129 1929 1243 1957 traditus
1258 1929 1309 1957 fuit
1324 1938 1339 1957 a
1358 1930 1444 1958 Pilato
1462 1931 1489 1957 in
1501 1930 1514 1957 ,1
1520 1931 1657 1957 ιιὰιιξοι-ιιπι
1674 1938 1772 1958 manus
1786 1939 1796 1958 :
1810 1930 1856 1958 de-

221 1974 399 2007 κατελθόντος
413 1976 441 2003 δὲ
456 1976 525 2012 πρὸς
546 1977 592 2004 τὸν
607 1978 767 2013 δυσώνυμον
786 1978 834 2004 καὶ
850 1978 1015 2012 ἀηδέστατον

1067 1974 1176 2002 scendit
1191 1983 1257 2003 vero
1273 1975 1299 2002 in
1322 1975 1436 2003 fetidum
1460 1976 1744 2010 molestissimumque
1773 1975 1856 2003 infer-

221 2019 298 2055 ᾅδην,
308 2021 357 2047 καὶ
372 2022 406 2048 ὲκ
413 2022 475 2049 τῶν·
485 2022 591 2058 νεκρῶν
608 2024 775 2055 ἀναστάντος
786 2032 792 2039 ·
815 2023 910 2058 ὥσπερ
921 2024 1016 2058 ἀμέλει

1067 2027 1146 2051 num,
1159 2021 1368 2055 resurrexitque
1381 2029 1397 2049 e
1415 2022 1549 2053 mortuis;
1571 2021 1642 2048 sicut
1670 2025 1698 2048 et
1723 2021 1858 2056 propheta

222 2065 269 2092 καὶ
282 2059 297 2092 δ
313 2067 459 2103 προφήτης
472 2068 506 2095 ὲκ
523 2068 571 2096 τοῦ
584 2068 687 2096 λάκκου
702 2069 786 2097 πάλιν
795 2068 878 2105 ἀνέϐη
893 2076 900 2084 ·
915 2068 1016 2096 λάκκον

1066 2072 1162 2096 rursus
1178 2073 1193 2093 e
1208 2066 1269 2093 lacu
1288 2066 1433 2094 ascendit:
1455 2067 1545 2094 lacum
1558 2066 1659 2101 quippe
1683 2065 1784 2093 divinae
1799 2065 1857 2093 Lit!

221 2111 250 2138 δὲ
260 2113 278 2147 ἡ
292 2112 389 2149 Γραφὴ
405 2113 542 2150 πολλαχοῦ
559 2115 685 2152 τὸν-ᾅδην
697 2116 786 2143 καλεῖ.

1069 2114 1133 2139 tera
1147 2111 1241 2139 multis
1250 2112 1278 2139 iu
1291 2112 1357 2139 locis
1367 2111 1505 2139 infernum
1520 2116 1630 2139 vocant.

259 2166 269 2183 ε
292 2157 485 2194 Ἐπονηρεύσω
499 2159 518 2187 ἃ
538 2159 698 2196 ἐποίησας.»
722 2159 1016 2196 Ἀϐδεμελεχὸιῑθίοψ

1104 2156 1136 2184 ν.
1154 2158 1181 2186 9.
1205 2167 1221 2184 «η
1234 2157 1304 2185 Male
1316 2157 1405 2186 iecisti
1423 2165 1485 2192 quae
1512 2157 1613 2186 fecisti.
1634 2168 1643 2184 ι
1669 2157 1861 2186 Abdemelecit

224 2202 385 2238 βουλόμενος
399 2204 486 2232 σῶσαι
499 2205 546 2233 τὸν
564 2205 702 2242 Ἰερεμίαν
722 2206 861 2242 μέμφεται
879 2205 918 2241 τῷ
936 2205 1016 2241 βασι·

1067 2203 1195 2239 Αῑῑιιὶορε
1221 2211 1333 2232 servare
1363 2203 1460 2232 volens
1488 2204 1652 2238 Jeremiam,
1682 2204 1864 2240 reprehendis

223 2248 264 2275 λετ
272 2248 376 2284 λέγων·
393 2250 430 2278 οὐ
451 2251 544 2283 καλῶς
563 2251 725 2279 ἐϐουλεύσω
733 2253 894 2280 ἀποκτεῖναι
910 2252 956 2279 τδν
970 2251 1014 2279 ἄν·
1029 2258 1033 2285 ]

1067 2257 1169 2286 regem,
1182 2249 1308 2285 inquiens
1331 2257 1338 2276 :
1363 2249 1426 2277 Non
1456 2249 1560 2277 bonum
1587 2249 1673 2277 iniisti
1701 2249 1862 2282 consilium,

222 2292 273 2328 δρα
293 2295 324 2320 εν
338 2294 377 2330 τῷ
397 2294 502 2331 λάκκῳ.
522 2296 597 2323 Ἔδει
613 2296 667 2333 γὰρ
690 2297 783 2330 αὐτὸν,
808 2296 856 2323 τὸν
878 2296 1015 2323 οἴκτιστον

1066 2300 1097 2323 ut
1121 2295 1211 2323 virum
1238 2295 1313 2322 hunc
1339 2294 1367 2322 in
1393 2295 1453 2322 lacu
1480 2294 1660 2328 interﬂceres,
1672 2302 1734 2322 cum
1748 2295 1786 2322 illi
1803 2303 1858 2322 una

225 2339 274 2366 σὺν
288 2339 355 2374 ήμῖν
370 2339 517 2375 timuerim:
527 2340 643 2369 θάνατον
657 2342 703 2368 τὸν
713 2341 759 2369 διὰ
772 2341 819 2369 τοῦ
835 2340 928 2376 λιμοῦ.

1065 2339 1211 2368 nobiscum
1235 2340 1390 2368 miserrima
1414 2348 1490 2369 mors
1513 2347 1563 2376 per
1594 2340 1694 2367 l‘amem
1715 2339 1862 2368 subeunda

261 2437 271 2455 ε
290 2429 329 2465 Ζῇ
343 2428 456 2466 Κύριος.
475 2439 487 2455 ι
504 2429 622 2466 ϊημεῖον
636 2430 684 2457 καὶ
703 2429 839 2463 ἐντεῦθεν,
853 2430 894 2457 ὅτι
916 2427 1014 2463 κτιστὴ
1066 2394 1071 2412 1

1066 2389 1208 2458 “tl-16;:
1224 2429 1297 2458 Vivit
1308 2430 1451 2460 Dominus.
1476 2440 1485 2457 ι
1504 2430 1575 2459 Hinc
1591 2429 1860 2466 etiam‘judicamus,

228 2474 241 2509 li
260 2474 347 2510 ψυχή-

1065 2476 1185 2504 animam
1196 2481 1314 2504 creatam
1323 2484 1393 2505 esse.

261 2528 272 2546 ε
293 2519 366 2555 Ἐγὼ
386 2520 465 2555 λόγον
489 2521 554 2558 ἔχω.
579 2530 589 2547 ι
619 2522 683 2549 Τῶν
701 2521 837 2549 Ἰουδαίων
856 2521 929 2554 τινὲς
948 2521 1016 2557 πρὸς

1102 2522 1134 2550 V.
1149 2523 1193 2551 l9.
1205 2533 1214 2549 ι
1231 2522 1288 2559 Ego
1299 2523 1437 2551 rationem.
1446 2523 1545 2551 habeo.
1568 2532 1577 2549 I
1597 2522 1714 2556 Quidam
1734 2521 1859 2550 eludzei's

224 2566 287 2598 τοὺς
297 2566 450 2599 Χαλδαίους
459 2567 711 2603 αὐτομολήσαντες,
721 2566 902 2604 ὑπισχνοῦντο
915 2566 954 2603 τῷ
965 2568 1016 2594 Σε-

1066 2567 1114 2603 qui
1129 2568 1162 2596 ad
1181 2567 1324 2596 Chaldaeos
1341 2568 1554 2604 transfugerant,
1567 2568 1691 2596 Sedeciae
1713 2567 1858 2603 promitte~

224 2610 311 2647 δεκίᾳ,
339 2611 377 2648 μὴ
396 2613 586 2648 συγχωρήσειν
611 2613 674 2646 τοὺς
701 2614 850 2649 πολεμίους
875 2613 1017 2641 συλλαϐεῖν

1066 2612 1133 2640 bant
1148 2619 1178 2640 se
1193 2620 1249 2640 non
1273 2613 1457 2648 permissuros
1484 2618 1514 2641 ut
1532 2614 1567 2641 ab
1592 2613 1721 2641 hostibus
1748 2619 1860 2648 capere-

226 2657 323 2684 αῠτόν·
340 2658 389 2685 καὶ
405 2658 532 2685 ἐπείθετο
547 2659 649 2694 μᾶλλον
661 2659 777 2693 τούτοις,
792 2660 809 2695 ἢ
826 2659 886 2696 Θεῷ
897 2659 1015 2694 λέγοντι,

1069 2662 1130 2685 tur:
1156 2657 1296 2694 magisque
1326 2658 1379 2686 illis
1402 2659 1532 2686 credebat
1553 2666 1637 2694 quam
1668 2659 1725 2686 Deo
1756 2657 1857 2685 dicenti

226 2702 281 2730 δεῖν
303 2703 487 2739 ἀκολουθῆσαι
509 2703 548 2740 τῷ
575 2704 749 2741 Βαϐυλωνίῳ.
775 2705 874 2740 Ἔλεγε
893 2705 922 2732 δὲ
936 2705 1016 2732 τοῦτο

1070 2709 1198 2739 oportere
1209 2704 1384 2739 Babylonium
1403 2705 1491 2740 sequi.
1511 2705 1569 2732 Hoc
1579 2709 1677 2731 autem
1699 2703 1772 2730 Deus
1786 2702 1859 2730 dice-

228 2747 303 2782 Θεὸς,
330 2747 492 2784 βουλόμενος
507 2749 609 2781 αὐτοὺς
632 2749 771 2786 σωθῆναι’
789 2751 813 2777 εί
839 2750 893 2785 γὰρ
916 2749 1016 2786 ἔζησαν

1070 2750 1127 2783 bat,
1143 2750 1248 2778 malens
1263 2757 1311 2779 eos
1321 2751 1504 2783 salvos;nam
1534 2751 1558 2778 si
1587 2750 1722 2778 vixissent
1749 2749 1857 2776 hostem

228 2792 460 2828 ἀκολουθήσαντες
469 2793 509 2829 τῷ
523 2794 658 2831 πολεμίῳ,
673 2794 783 2830 γνόντες
797 2795 843 2824 τὸν
858 2795 1015 2832 παραδόντα

1070 2796 1168 2831 secuti,
1184 2796 1271 2825 Deum
1287 2797 1395 2832 quieos
1417 2797 1568 2825 tradiderat
1581 2798 1773 2832 agunscentcs,
1798 2801 1858 2830 ρω-

265 2883 286 2898 ³¹
303 2882 404 2910 ιοτουι.
418 2891 494 2918 χχιιι,
507 2884 547 2911 19.
