2052 3150
176 140 229 174 699

730 141 990 173 OLYMPIODORI
1018 144 1266 176 ALEXANDRIN
1268 145 1283 175 Ι

1762 143 1816 176 700

175 196 322 226 nitentiam
336 196 466 234 egissent,
498 204 618 234 suasque
650 197 757 227 animas
785 199 884 227 luctati
900 199 970 228 fuis-

1028 200 1098 235 θεδν,
1113 202 1270 236 μετενόουν,
1298 200 1346 228 καὶ
1359 200 1408 235 τὰς
1423 200 1514 229 αὐτῶν
1530 199 1687 237 ἐκέρδαινον
1715 199 1816 235 ψυχάς,

177 248 250 272 εειιι.

214 290 247 319 ν.
259 291 305 319 22.
321 301 331 318 1
354 289 411 319 Viri
422 289 528 326 paciﬁci
546 291 597 320 tui.
619 301 628 318 ι
643 291 755 320 Scilicet
769 291 851 320 amici
863 292 913 320 tui.

214 391 225 409 1
244 381 278 408 Et
289 381 477 417 praevalebunt
494 383 553 411 tibi.
575 393 584 409 ι
610 383 667 411 Hoc
679 387 731 418 est,
757 388 908 419 potuerunt
941 389 968 412 te

177 427 320 456 deﬂectere
334 435 349 455 a
360 433 434 456 recta
447 428 488 455 via
505 437 511 454 ε
525 429 726 464 praevalebunt.

460 494 536 522 CAP.
558 494 681 523 XXXIX.

212 551 245 579 ν.
261 551 288 578 2.
307 561 316 577 ι
334 549 368 578 Ει
393 551 500 579 decimo
522 559 595 579 anno
618 553 749 581 Sedccim.
769 563 778 580 ι
796 553 863 582 Cum
892 560 969 583 certo

178 601 304 633 tempore
318 597 456 633 Babylonii
472 598 622 626 Ierusalem
631 599 814 632 obsedissent,
825 606 967 636 ceperunt.

178 644 364 679 eductumque
379 644 526 671 Jercmiam
540 653 556 672 e
578 653 699 678 carcere,
733 646 854 674 Godoliaa
884 647 970 674 tradi-

179 691 288 724 derunt,
328 691 479 726 sedereque
508 699 570 719 eum
598 691 725 720 fecerunt
747 692 775 720 in
802 693 892 720 medio
917 701 969 728 po-

178 737 246 772 puli.

216 781 248 809 V.
269 782 311 810 M.
332 792 341 809 1
356 783 389 811 Et
399 783 560 812 eduxerunt.
581 794 589 810 I
607 782 734 812 Fortasse
745 784 817 820 quod
829 785 971 813 audissent

180 828 299 857 Chaldaei
316 837 330 857 a
344 830 501 866 transfugis,
526 831 683 866 praedixisse
707 832 853 859 Jeremiam
870 832 971 860 Judaais

1059 299 1069 316 1
1091 289 1203 326 ’Ἄνδρες
1230 289 1364 326 εἶρηνικοί
1389 298 1448 317 σου.
1468 299 1477 315 ι
1502 289 1575 317 Ἀντὶ
1592 287 1655 322 τοῦ.
1686 289 1712 316 οι
1743 289 1815 324 φίλοι

1039 345 1080 363 ου.

1023 345 1080 364 σου.

1059 392 1069 408 1
1082 383 1138 410 Kal.
1147 382 1307 418 δυνήσονταί
1319 391 1389 410 σοι.)
1405 382 1564 415 Τουτέστιν,
1577 382 1709 417 ’Ῑσχυσαν
1724 391 1816 418 παρα-

1020 428 1119 464 τρέψαι
1138 437 1169 455 σε
1186 428 1236 464 τῆς
1249 427 1358 458 εὐθείας
1375 427 1446 455 ὀδοῦ·
1465 427 1695 463 κατισχύσουσιν,

1310 495 1436 523 ΚΕΦᾹΛ.
1453 495 1516 522 ΔΘ¹.

1060 562 1069 579 1
1087 553 1142 581 Kal
1153 553 1181 580 ὲν
1195 553 1235 588 τῷ
1246 551 1353 588 δεκάτῳ
1365 551 1420 579 ἔτει
1431 550 1479 578 τοῦ
1494 550 1618 578 Σεδεκῐα.
1639 560 1649 577 ι
1667 550 1817 586 Πολιορκή-

1022 605 1119 630 σαντες
1135 598 1182 625 ἐπὶ
1198 598 1295 634 χρόνον
1318 598 1344 624 οι
1369 596 1537 625 Βαϐυλώνιοι
1559 596 1609 633 τὴν
1636 595 1817 632 Ἰερουσαλὴμ

1021 641 1105 678 εἷλον,
1120 644 1168 671 καὶ
1186 643 1370 679 ἐξαγαγόντες
1393 644 1426 670 ὲκ
1448 643 1498 678 τῆς
1522 642 1648 678 φυλακῆς
1664 641 1711 668 τὸν
1733 642 1816 677 Ἰερε-

1024 691 1089 726 μίαν
1102 690 1312 726 παραδεδώκασι
1325 689 1365 725 τῷ
1379 689 1499 724 Γοδολίᾳ,
1513 689 1562 716 καὶ
1577 688 1710 715 ἐκάθισαν
1734 686 1816 715 αὐτὸν

1023 739 1051 765 ὲν
1066 738 1142 774 μέσῳ
1156 738 1203 764 τοῦ
1218 736 1296 765 λαοῦ.

1062 794 1071 811 ι
1099 784 1155 811 Καὶ
1177 783 1323 820 ἐξήγαγον.
1345 792 1354 810 ι
1378 783 1461 814 Ἴσως
1475 782 1647 813 ἀκούσαντες
1668 779 1744 816 παρὰ
1762 779 1817 809 τῶν

1025 830 1273 866 αὐτομολησάντων
1304 829 1331 856 ot
1359 829 1503 861 Χαλδαῖοι,
1531 828 1572 854 ὅτι
1604 825 1739 863 προῠλεγε
1760 826 1818 857 τοῖς

181 882 216 902 ne
231 879 326 902 contra
345 883 392 903 eos
403 884 478 904 arma
491 881 642 910 sumerent,
659 882 686 904 et
720 878 823 905 honore
832 885 895 905 eum
921 878 972 906 ha-

1030 877 1170 909 ‘louBaiot:
1187 876 1225 913 μὴ
1240 876 1399 912 ἀντιστῆναι
1417 876 1511 907 αὐτοῖς
1532 875 1546 902 ό
1563 873 1707 909 Ἱερεμίας,
1725 872 1818 908 ἐτίμηι

181 919 314 948 buerunt.

217 967 248 995 V.
263 967 306 994 15.
325 977 334 993 ι
351 967 383 995 Et
401 967 434 995 ad
445 967 601 996 Jeremiam.
624 978 633 995 ι
649 968 718 997 Cum
748 969 868 997 civitatis
895 970 972 998 exci-

181 1012 256 1040 dium
270 1018 419 1046 narrasset,
437 1014 499 1048 quia
528 1015 714 1042 necessarium
738 1019 796 1042 erat
812 1015 915 1043 referre
943 1016 972 1043 in

182 1060 378 1087 commentaria
397 1061 469 1095 quod
483 1061 555 1089 Deus
585 1061 768 1089 Ahdemelech
784 1061 971 1095 lionoravcrit,

181 1105 393 1143 promiseritque
422 1106 460 1132 illi
477 1114 525 1141 per
542 1106 703 1142 prophetam
715 1107 773 1134 fore
788 1112 818 1134 ut
835 1107 863 1134 in
875 1115 973 1136 manus

182 1149 301 1177 hostium
318 1158 373 1178 non
387 1152 551 1184 traderetur,
567 1153 696 1188 quoniam
718 1156 745 1180 et
761 1153 818 1188 ipse
831 1154 973 1189 propheta:

182 1196 299 1223 salutem
319 1202 525 1232 procuraverat,
549 1198 650 1225 idcirco
666 1199 784 1226 recurrit
796 1199 829 1226 ad
849 1207 882 1227 ea
912 1207 973 1234 quae

183 1243 369 1278 captivitatem
391 1248 601 1278 praecesserunt.

219 1288 250 1315 V.
278 1289 322 1316 ιϐ.
346 1299 355 1315 ι
375 1289 459 1316 Vade.
483 1299 492 1316 ι
518 1290 578 1317 Non
591 1298 606 1317 e
624 1290 685 1318 loco
703 1291 736 1318 ad
751 1291 841 1318 locum
857 1292 974 1327 migrare

182 1332 260 1368 jubet
280 1334 442 1369 prophetam
460 1335 546 1369 Deus;
582 1336 610 1362 in
639 1343 748 1363 carcere
767 1336 879 1372 'quippe
901 1337 974 1364 deti-

183 1380 301 1407 nebatur
317 1388 324 1406 ε
340 1380 387 1407 sed
404 1381 450 1407 hic
463 1381 529 1408 uade
541 1381 614 1409 valet
633 1389 683 1417 pro
693 1389 726 1409 eo
741 1382 813 1417 quod
838 1387 891 1411 est.
914 1391 974 1410 ser-

183 1426 312 1453 monibus
334 1426 401 1453 mcis
412 1431 471 1454 esto
497 1427 631 1460 minister,
662 1433 689 1455 et
701 1428 795 1456 nuntia
815 1429 875 1456 haec
889 1429 976 1456 Abde-

184 1471 302 1499 melech.
319 1470 508 1507 Apostolicum
525 1472 608 1508 igitur
629 1473 812 1501 ministerium
842 1474 973 1510 intellige.

220 1516 253 1544 V.
272 1517 315 1545 I8.
331 1527 339 1544 1
355 1517 426 1551 Quia
442 1518 566 1547 fiduciam
583 1519 712 1547 habuisti.
738 1529 746 1545 ι
766 1519 861 1548 Honor
874 1521 975 1556 quippe

1024 932 1072 951 σαν
1087 924 1168 951 αὐτόν
1176 947 1183 954 ,

1061 979 1071 997 ι
1089 970 1145 997 Καὶ
1162 969 1231 1005 πρὸς
1251 968 1397 1005 Ἱερεμίαν.
1427 977 1436 993 ι
1463 966 1557 994 Είπὼν
1578 966 1628 1001 τῆς
1649 966 1754 997 πόλεως
1769 964 1819 1000 τὴν

1023 1017 1135 1050 ἅλωσιν,
1152 1015 1247 1051 ἐπειδὴ
1261 1016 1412 1050 ωαγκαϊον
1435 1011 1470 1050 ἦν
1492 1012 1695 1049 μνημονεῦσαι,
1706 1011 1745 1043 ὡς
1761 1011 1818 1037 ἐτί-

1025 1071 1111 1099 μησεν
1123 1063 1137 1090 6
1147 1062 1214 1095 Θεὸς
1228 1062 1274 1089 τὸν
1292 1061 1466 1097 Ἀσὸεμέλεχ,
1482 1060 1529 1086 καὶ
1542 1059 1677 1094 ὑπέσχετο
1693 1057 1767 1093 αὐτῷ
1775 1056 1820 1084 διὰ

1023 1109 1071 1136 τοῦ
1087 1109 1230 1145 προφήτου
1249 1107 1286 1144 μὴ
1308 1106 1482 1142 παραδώσειν
1497 1105 1580 1133 αὑτὸν
1604 1105 1645 1136 είς
1663 1104 1757 1138 χεῖρας
1771 1102 1820 1137 ὲκ-

1024 1155 1110 1190 θρῶν,
1136 1154 1230 1188 ἐπειδὴ
1255 1154 1303 1180 καὶ
1328 1153 1410 1184 αὐτὸς
1425 1151 1470 1179 τδν
1494 1151 1639 1188 προφήτην
1660 1148 1820 1185 περιεποιή-

1024 1210 1102 1235 σατο,
1120 1201 1271 1236 ἀνέδραμεν
1281 1200 1322 1232 είς
1335 1200 1368 1226 τὰ
1385 1199 1438 1235 πρὸ
1454 1198 1505 1234 τῆς
1520 1197 1660 1228 ἁλώσεως.

1063 1301 1072 1318 1
1099 1289 1232 1326 Πορεύου.
1260 1298 1270 1315 ›
1285 1289 1343 1315 Οὐκ
1362 1287 1417 1315 ἀπὺ
1440 1287 1525 1314 τόπου
1550 1286 1591 1317 εἰς
1615 1282 1820 1312 τόπονκελεῦει

1024 1340 1039 1366 ὀ
1055 1337 1121 1369 Θεδς
1142 1336 1295 1372 μεταϐῆναι
1308 1334 1348 1370 τῷ
1360 1334 1491 1370 προφήτῃ
1503 1342 1511 1350 υ
1528 1333 1558 1360 ἐν
1575 1331 1685 1367 φυλακῇ
1705 1330 1760 1364 γὰρ
1774 1327 1821 1365 ἦν·

1025 1384 1094 1412 ἀλλὰ
1107 1383 1148 1412 τὸ,
1162 1383 1305 1417 Πορεύου,
1317 1379 1434 1408 ἐνταῦθα
1445 1375 1506 1407 ἀντὶ
1515 1378 1574 1409 τοῦ.
1587 1378 1753 1412 Διακόνησον
1764 1376 1835 1414 τοῖς.

1025 1431 1102 1466 ἐμοῖς
1116 1430 1217 1464 λόγοις,
1230 1429 1278 1455 καὶ
1295 1428 1414 1464 μήνυσον
1432 1426 1520 1453 ταῦτα
1528 1425 1568 1461 τῷ
1581 1423 1753 1459 Ἀδδεμέλεχ.
1765 1421 1823 1457 Τήν

1025 1476 1209 1511 ἀποστολικὴν
1225 1475 1272 1502 οὖν
1289 1473 1426 1502 διακονίαν
1437 1473 1502 1500 νόει.

1065 1532 1075 1549 1
1090 1523 1149 1549 ’Ότι
1163 1521 1349 1553 ὲπεποίθεις.»
1360 1519 1393 1547 Ἦ
1407 1520 1462 1555 γὰρ
1472 1520 1512 1551 εἰς
1526 1518 1572 1545 τδν
1585 1517 1731 1553 προφήτην
1742 1514 1821 1551 τιμὴ,

187 1564 327 1600 propheta:
343 1565 481 1592 exbibitus
496 1565 530 1592 ad
549 1565 639 1600 ipsum
655 1565 742 1592 Deum
759 1554 893 1599 refertur;
912 1554 976 1595 Deo-

1028 1570 1069 1601 εἰς
1084 1568 1131 1596 τδν
1145 1568 1212 1595 Θεὸν
1227 1567 1284 1603 ἔχει
1301 1567 1351 1603 τὴν
1364 1554 1516 1600 ἀναφορὰν,
1532 1564 1580 1591 καὶ
1598 1563 1658 1599 Θεῷ
1673 1561 1821 1596 πιστεύων,

185 1616 239 1643 que
251 1610 365 1638 credens
377 1609 424 1638 Dei
438 1610 525 1638 virum
540 1611 644 1638 honore
662 1612 888 1646 prosequebatur.

503 1677 579 1706 CAP.
590 1677 647 1706 XL.

223 1732 256 1760 V.
275 1733 301 1760 I.
321 1743 330 1760 1
349 1733 539 1763 Nabuzardan.
563 1745 573 1762 ›
596 1734 728 1772 Princeps
745 1740 807 1764 erat
829 1736 977 1773 exercitus,

188 1779 249 1807 sine
265 1787 319 1814 quo
336 1780 427 1808 nullus
438 1781 669 1810 interﬁciebatur:
685 1786 888 1818 quapropteret
901 1783 980 1818 prin-

190 1831 256 1859 ceps
274 1833 424 1860 coquorum
439 1828 604 1862 appellatur,
635 1833 765 1864 tanquam
788 1829 836 1864 qui
862 1833 937 1857 esset
965 1837 981 1857 a

190 1870 321 1898 caedibus.

201 1933 202 1936 η
227 1914 262 1943 V.
279 1916 304 1943 5.
324 1926 333 1943 1
350 1915 447 1945 Omnia
463 1917 545 1946 bona.
566 1927 575 1944 ι
595 1919 674 1952 Quod
696 1920 801 1948 scilicet
815 1920 866 1948 tibi
880 1921 981 1956 placet,

193 1959 220 1988 id
239 1968 297 1997 age.

230 2006 260 2034 ν.
281 2007 308 2035 7.
325 2018 334 2034 1
349 2009 383 2037 Et
394 2010 550 2038 audierunt.
566 2020 576 2038 ›
592 2011 659 2048 Ego,
676 2012 722 2046 ait,
739 2013 800 2041 illos
809 2012 930 2047 detineo,
946 2020 983 2041 ne

193 2053 255 2088 quis
274 2054 351 2082 vobis
360 2055 513 2084 insidietur.

229 2097 261 2126 ν.
276 2100 318 2127 10.
338 2110 348 2126 1
364 2101 397 2128 Et
415 2109 464 2129 vos
475 2103 594 2138 colligite
615 2104 719 2132 vinum.
737 2114 747 2131 ι
764 2105 848 2133 Bonis
859 2105 983 2133 fruimini

193 2145 281 2180 pacis,
299 2145 407 2181 Deoque
420 2155 514 2176 eorum
528 2149 648 2185 largitori
667 2150 764 2179 oli'erte
777 2151 926 2186 primitias.

509 2257 587 2285 CAP.
600 2258 667 2287 XLI.

231 2311 264 2339 V.
277 2311 303 2341 6.
324 2322 333 2339 1
354 2313 514 2351 Octuaginta
537 2317 589 2345 viri
607 2317 676 2344 rasis
700 2316 801 2345 barbis.
820 2326 830 2344 ι
847 2315 987 2352 Lugentes

196 2357 232 2386 οι)
247 2359 339 2394 templi
355 2361 536 2389 eversionem.

233 2403 264 2430 V.
279 2405 305 2431 8.
325 2414 334 2430 1
354 2405 423 2438 Quia
440 2411 504 2434 sunt
521 2407 601 2435 nobis
627 2407 748 2435 thesauri
764 2407 792 2435 in
807 2415 882 2443 agro.
901 2417 911 2434 ›
929 2407 988 2436 Hoc

197 2453 249 2482 est,
264 2450 356 2486 accipe
371 2460 541 2488 quaecunque
555 2453 633 2482 nobis
646 2458 720 2488 sunt,
732 2458 760 2482 et
768 2462 825 2482 non
839 2454 988 2483 interficias

197 2503 258 2523 nos.

506 2543 582 2572 CAP.
597 2544 680 2573 XLII.

234 2596 266 2625 ν.
280 2596 324 2626 10.
340 2606 351 2624 1
368 2597 437 2632 Quia
446 2599 567 2635 requievi
587 2608 670 2636 super
693 2601 781 2630 malis.
803 2611 813 2629 ι
828 2602 858 2630 ld
874 2607 989 2631 estmea

199 2649 295 2672 contra
307 2651 356 2673 vos
382 2645 532 2682 indignatio
554 2648 661 2683 expleta
674 2653 725 2676 est.
947 2659 951 2663 “

237 2690 269 2718 ν.
281 2690 326 2720 Η.
342 2700 352 2717 1
372 2690 440 2725 Quia
457 2693 485 2719 in
505 2697 605 2722 terram
622 2694 731 2730 Egypti
763 2695 959 2731 ingrediemur.
978 2705 988 2723 ι

200 2736 254 2770 Qui
266 2737 294 2764 in
308 2742 421 2772 peccata
437 2743 531 2771 ruunt,
544 2740 606 2767 vita:
623 2741 706 2776 hujus
719 2741 857 2769 molestias
871 2742 992 2779 elfugere

202 2790 232 2809 se
246 2787 352 2817 putant,
367 2784 493 2812 nolentes
507 2786 603 2814 audire
611 2786 695 2820 bella;
709 2786 833 2822 ignomnt
846 2796 911 2817 vero
924 2789 992 2817 iram

204 2828 254 2855 sibi
270 2833 364 2872 postea
379 2834 554 2858 reservatam.

1029 1615 1076 1642 τὸν
1086 1613 1136 1641 τοῦ
1150 1613 1219 1640 Θεοῦ
1233 1613 1379 1650 ἄνθρωπον
1391 1611 1484 1646 ἐτίμα.

1330 1677 1455 1706 ΚΕΦΑΛ.
1474 1677 1521 1704 Μ’.

1069 1746 1079 1763 1
1098 1735 1304 1772 Νασουζαρδάν.
1324 1745 1334 1762 ι
1367 1729 1601 1770 ’Δρχιστράτηγος
1622 1729 1666 1768 ἦν,
1691 1727 1722 1759 οὗ
1744 1729 1824 1762 ἐκτὸς

1030 1783 1118 1815 οὐδεὶς
1133 1782 1274 1819 ἀνῃρεῖτο·
1290 1780 1331 1808 διὸ
1349 1780 1398 1807 καὶ
1415 1779 1615 1816 ἀρχιμάγειρος
1636 1776 1771 1808 καλεῖται,
1786 1774 1825 1806 ὡς

1031 1828 1078 1856 ἐπὶ
1095 1827 1149 1855 τῶν
1165 1827 1265 1862 φόνων.

1070 1927 1080 1944 1
1099 1917 1225 1944 'Amv-ra
1235 1915 1402 1958 τὰάγαθά.»
1429 1915 1503 1942 Ἀντὶ
1513 1915 1572 1948 τοῦ,
1587 1915 1602 1942 ὃ
1619 1914 1668 1950 ἡδύ
1689 1914 1730 1941 σοι
1756 1914 1825 1946 ἔστι,

1022 1962 1113 1990 -τοῦτο
1129 1963 1244 1998 πρᾶξον.

1070 2019 1080 2036 ι
1099 2010 1155 2036 Καὶ
1167 2009 1298 2044 ἥκουσαν.
1318 2019 1327 2035 ι
1348 2009 1430 2043 Ἐγὼ,
1443 2008 1538 2045 φησὶν,
1552 2007 1706 2035 ἀποκωλὺω
1713 2005 1825 2042 αὐτους,

1032 2053 1080 2082 τοῦ
1095 2054 1249 2090 ἐπηρεάσαι
1260 2054 1322 2082 τινὰ
1339 2054 1428 2090 ὑμῶν.

1072 2109 1082 2125 1
1100 2100 1155 2127 Καὶ
1171 2101 1251 2136 ὑμεῖς
1268 2100 1401 2135 συνάγετε
1422 2097 1505 2127 οἶνον.
1535 2109 1545 2125 ι
1569 2098 1756 2126 ’Δπολαύσατε
1773 2096 1828 2128 τῶν

1032 2145 1082 2181 τῆς
1112 2146 1225 2182 είρήνης
1239 2146 1361 2180 ἀγαθῶν,
1390 2147 1439 2173 καὶ
1467 2145 1526 2182 Θεῷ
1541 2145 1580 2181 τῷ
1607 2144 1702 2179 δοτῆρι
1724 2142 1828 2170 τούτων

1034 2192 1241 2228 προσκομίσατε
1252 2192 1302 2226 τὰς
1315 2192 1454 2228 ἀπαρχάς.

1323 2257 1450 2283 ΚΕΦΑΛ.
1475 2255 1545 2284 MA'.

1075 2321 1086 2338 1
1110 2311 1294 2349 Ὀγδοήκοντα
1320 2312 1438 2347 ἄνδρες,
1464 2312 1628 2349 ἐξυρημένοι
1651 2311 1798 2347 πώγωνας.
1816 2320 1827 2337 ι

1038 2357 1204 2391 Πενθοῦντες
1217 2359 1264 2386 ἐπὶ
1275 2358 1307 2395 τῇ
1324 2359 1485 2396 καθαιρέσει
1499 2360 1547 2386 τοῦ
1563 2358 1639 2386 ναοῦ.

1076 2413 1086 2431 1
1106 2404 1169 2432 ὀτι
1185 2404 1254 2432 εἰσὶν
1271 2405 1337 2440 ἡμῖν
1353 2404 1488 2441 θησαυροὶ
1502 2405 1531 2432 ὲν
1545 2404 1634 2440 ἀγρῷ.
1652 2414 1662 2431 ›
1679 2403 1754 2431 ’Δντὶ
1769 2403 1829 2436 τοῦ,

1039 2449 1112 2478 Λάϐε
1127 2451 1177 2478 ὅσα
1189 2450 1298 2486 ἔχομεν,
1313 2451 1361 2478 καὶ
1375 2451 1413 2486 μὴ
1426 2451 1526 2486 ἀνέλῃς
1541 2451 1626 2486 ἡμᾶς.

1322 2539 1448 2567 ΚΕΦΑΛ.
1468 2538 1535 2567 MB'.

1077 2604 1088 2622 1
1107 2593 1170 2623 ’Ότι
1187 2595 1386 2631 ἀναπέπαυμαι
1401 2595 1447 2622 ἐπὶ
1461 2596 1518 2627 τοῖς
1532 2595 1639 2628 κακοῖς.
1654 2603 1666 2622 ι
1683 2593 1760 2623 ’Δντὶ
1770 2593 1830 2628 τοῦ,

1046 2641 1211 2679 Ἐπληρώθη
1228 2650 1278 2678 μου
1294 2643 1311 2678 ἡ
1325 2641 1386 2668 καθ’
1401 2641 1479 2677 ὑμῶν
1493 2641 1575 2677 ὀργή.

1079 2698 1089 2715 1
1107 2689 1168 2716 Ὅτι
1183 2689 1223 2721 εἰς
1239 2688 1291 2724 γῆν
1308 2687 1449 2722 Αἰγύπτου
1470 2685 1694 2722 εἰσελευσόμεθα.
1715 2695 1724 2713 ι
1742 2687 1777 2713 οι
1794 2686 1829 2721 τῇ

1041 2734 1167 2771 ἁμαρτίᾳ
1188 2734 1421 2770 προστρέχοντες,
1437 2733 1595 2769 νομίζουσιν
1617 2733 1764 2768 ἐκφεύγειν
1781 2731 1831 2758 τοῦ

1043 2781 1102 2817 βίου
1127 2780 1163 2808 τὰ
1185 2780 1322 2813 ἐπίπονα,
1348 2779 1379 2806 οὗ
1401 2779 1524 2812 θέλοντες
1547 2778 1659 2807 ἀκούειν
1686 2778 1831 2813 πολέμους.

1049 2827 1193 2861 Ἀγνοοῦσι
1214 2827 1243 2854 δὲ
1264 2827 1315 2862 τὴν
1342 2826 1455 2863 ὕστερον
1481 2826 1581 2858 αὐτοὺς
1602 2824 1832 2861 καταληψομένην

1044 2873 1138 2909 ὀργήν-
