2052 3150
222 146 271 180 701

785 148 1020 180 FRAGMENTA
1039 150 1080 180 IN
1099 150 1308 181 JEREMIAM.

1811 149 1867 184 70!

261 214 272 232 ι
289 204 346 232 Καὶ
359 205 375 232 δ
389 203 481 240 λιμός.
497 213 508 231 ι
520 199 559 232 οὗ
574 203 659 232 πολὺν
672 204 796 233 ποιεῖσθε
809 204 891 241 λόγον
902 205 1015 233 δεδοικό-

1109 205 1143 234 γ.
1164 207 1208 235 16.
1227 216 1237 233 ι
1249 207 1284 234 Et
1295 206 1392 236 fames.
1406 215 1416 232 ι
1430 206 1518 240 Quam
1531 207 1644 235 maximi
1659 206 1751 236 facitis
1763 207 1866 236 timen-

222 260 269 284 τες
284 251 377 279 αὐτόν.

195 289 210 295 ’
261 306 271 323 ι
288 296 389 329 Καθὼς
404 293 531 330 ξοτταξεν.
545 305 556 323 ›
578 296 653 324 Ἀντὶ
667 296 727 331 τοῦ,
740 297 851 334 ἀφείθη.

261 353 272 370 ι
290 343 336 378 Μὴ
354 343 508 380 εἰσέλθητε.
522 353 532 370 ι
558 343 727 380 Προὸλέπων
747 345 783 372 τὰ
806 345 836 372 ὲν
858 347 892 382 τῇ
917 346 1016 383 καρδίᾳ

222 389 277 416 τῶν
295 389 432 416 Ἰουδαίων
447 390 487 425 τῷ
505 391 670 426 προφητικῷ
683 391 822 427 πνεύματι
836 393 851 419 ὁ
868 392 1015 428 Ἱερεμίας,

223 435 288 470 πρὶν
305 435 427 467 ἐκείνους
443 436 658 472 ἀποκρίνασθαι,
679 437 748 474 φησὶ
761 438 831 474 πρὸς
843 439 943 471 αὐτοὺς
953 460 961 473 ,
975 440 1016 467 ὃτι

224 482 285 508 οὐκ
300 482 473 509 ἀκούσεσθε
487 482 542 509 τοῦ
558 483 645 510 Θεοῦ.

260 536 269 552 ‹
290 527 353 554 Ὅτι
369 528 592 564 ἑπονηρεύσασθε
607 529 637 556 ὲν
657 530 759 564 ψυχαῖς
777 531 866 565 ὑμῶν,
884 541 894 558 ι
913 532 1016 569 Ἕτερα

223 574 251 599 ἐν
266 573 327 605 ταῖς
341 573 476 606 διανοίαις
493 575 570 610 ὑμῶν
585 576 766 611 κεκρικότες,
783 577 966 606 ἀπεστείλατέ
982 589 1017 616 με

208 618 362 654 Δἐρωτῆσαι
378 620 444 647 Θεὸν
459 620 639 656 πειράζοντες
652 621 745 649 αὐτόν.

507 667 637 694 ΚΕΦΔΛ.
657 668 725 694 MI".

260 720 270 736 ‹
285 710 345 737 Ἰνα
360 710 414 746 δῷς
428 712 503 747 ἡμᾶς
514 714 554 745 είς
568 714 662 749 χεῖρας
679 713 733 740 τῶν
746 714 900 744 Χαλδαίων.
913 725 923 742 ι
935 717 1016 750 Ἴσως

220 756 408 784 ὑπώπτευσαν
427 759 474 785 τὸν
497 759 625 795 Βαροὺχ,
640 760 678 791 ὡς
697 759 832 797 πρότερον
854 763 1016 798 πεμφθέντα

221 804 275 831 ὑπὸ
291 804 338 832 τοῦ
363 804 496 841 βασιλέως
512 807 569 833 τῶν
594 807 732 835 Ἰουδαίων
747 807 822 844 δῶρα
845 810 958 845 κομίσαι
977 808 1016 846 τῷ

220 847 397 886 Βαϐυλωνίῳ,
422 853 469 878 καὶ
484 852 562 887 φίλον
577 853 651 889 αὺτῷ
665 856 859 892 γεγενημένον.
874 856 1015 892 Προφασί-

221 896 316 929 ζονται
332 897 389 933 γάρ
405 897 486 925 τοῦτο
503 899 543 930 είς
559 899 590 926 τὺ
609 902 786 937 παρακοῦσαι
801 902 880 929 θεοῦ.
900 903 939 938 Τῇ
959 903 1014 939 γὰρ

221 943 309 978 κακίᾳ
321 943 351 970 οὐ
366 943 457 971 λείπει
472 945 622 980 πρόφασις.

263 998 272 1014 ι
292 988 338 1016 Ἑν
355 989 480 1024 Τάφναις
497 990 595 1025 λέγων.
617 1001 627 1018 ι
649 992 706 1020 Καὶ
727 991 799 1028 αὕτη
815 992 943 1029 βασιλικὴ
963 993 1014 1021 πό-

220 1035 263 1069 λις
278 1035 332 1063 τῶν
346 1036 506 1071 Αἰγυπτίων
523 1037 685 1073 ἐτύγχανεν.

260 1092 269 1108 ι
286 1081 341 1114 Οὓς
354 1083 394 1114 είς
409 1083 538 1111 θάνατον.
554 1093 564 1110 ›
581 1084 649 1111 Κατ’
666 1084 807 1119 ἐξουσίαν,
827 1085 926 1121 φησὶν,
941 1085 955 1113 ὅ
969 1085 1014 1113 οέ-

221 1127 263 1154 λει
276 1127 467 1163 διαπράξεται.

261 1183 270 1199 ι
287 1173 392 1210 ’Ὥσπερ
417 1175 563 1210 φθειρίζει.
578 1185 588 1202 ν
618 1175 662 1202 Ἐν
678 1176 734 1208 τοῖς
747 1176 803 1203 τῶν
823 1175 959 1211 δαιμόνων
977 1177 1014 1203 ίε-

223 1221 289 1256 ροϊς.
311 1220 448 1256 ’Δκριόὦς
465 1221 507 1254 eis
513 1222 651 1258 ρευνήσει.

258 1274 270 1292 ε
290 1266 346 1294 Καὶ
366 1267 508 1302 συντρίψει
531 1269 596 1300 τοὺς
621 1268 736 1300 στύλους
767 1268 976 1301 Ἡλιουπόλεως.
1001 1279 1010 1295 ι

223 1312 318 1340 Ἔστιν
336 1313 526 1347 Ἦλιούπολις,
553 1315 583 1341 ὲν
648 1316 798 1351 περιφανὲς
822 1313 856 1351 ἦν
876 1315 907 1341 τὸ
929 1315 1013 1351 ίερδν,

224 1359 335 1386 πάντων
347 1359 486 1394 δαιμόνων
504 1361 690 1395 καταγώγιον.

506 1428 633 1456 ΚΕΦΑΛ.
653 1429 718 1456 MA’.

259 1491 269 1508 ι
280 1482 429 1518 Ἐφίστημι
439 1482 469 1509 τὺ
483 1483 633 1518 πρόσωπόν
648 1492 701 1519 μου
715 1483 757 1519 ἐφ’
775 1484 848 1520 ὑμᾶς
861 1484 902 1516 εις
910 1485 1010 1513 κακά.ι

221 1529 407 1561 Κατελθόντες
423 1529 448 1555 οἱ
472 1529 595 1557 Ἰουδαῖοι
620 1531 651 1557 ὲν
674 1531 817 1565 Αἰγύπτῳ,
836 1530 919 1558 πάλιν
934 1530 1014 1558 είδὼ-

220 1574 277 1606 λοις
289 1575 380 1602 ἔθυον.
397 1575 534 1611 Προλέγει
553 1574 600 1602 οὖν
615 1576 707 1608 αὐτοῖς
724 1576 806 1603 πάλιν
824 1577 892 1608 Θεὸς
905 1577 950 1604 διὰ
965 1577 1012 1604 τοῦ

220 1621 375 1656 προφήτου,
392 1622 434 1648 ὅτι
448 1622 638 1658 Ἀναμνήσατε
654 1622 768 1654 ἑαυτοὺς
781 1622 835 1649 τῶν
853 1622 1013 1658 ἐπενεχθέν-

219 1676 274 1694 των
285 1667 381 1694 κακῶν
395 1669 428 1703 τῇ
449 1667 632 1704 Ἰερουσαλὴμ
647 1669 696 1695 καὶ
707 1669 741 1704 τῇ
758 1662 885 1705 Ἰουδαίᾳ.

259 1724 268 1739 ‹
289 1714 344 1740 Καὶ
361 1714 405 1740 ἴνα
420 1714 538 1748 γένησθε
557 1715 597 1746 είς
614 1715 748 1749 κατάραν.
767 1724 777 1740 ι
791 1715 824 1740 Οί
838 1715 892 1750 γὰρ
908 1714 1012 1742 ἐθνικοὶ

220 1759 397 1792 ὀνειδίζοντές
411 1768 483 1792 τισι,
500 1759 709 1796 καταρώμενοι,
724 1759 828 1794 ελεγον,
852 1760 947 1793 οὕτως
963 1769 1012 1795 γε-

219 1805 309 1833 νέσθω
325 1814 367 1832 σοι
380 1805 418 1837 ὡς
437 1805 633 1841 Ἰσραηλίταις.

259 1861 268 1877 ι
285 1852 322 1878 οὐ
339 1851 377 1887 μὴ
393 1851 592 1887 ὲπιστρέψωσι.
612 1861 622 1877 ι
641 1852 672 1878 οι
686 1851 715 1878 ὲν
730 1851 870 1879 Βαϐυλῶνι
883 1871 891 1885 ,
914 1852 961 1880 καὶ
986 1853 1012 1880 ot

221 1897 360 1933 σποράδην
381 1898 444 1925 καθ’
460 1898 638 1932 οἱουσδήποτε
655 1898 755 1930 τόπους
771 1898 914 1930 σωθέντες.

256 1952 267 1969 ι
287 1943 394 1979 Θυμιᾷν
405 1945 438 1979 τῇ
456 1943 602 1980 βασιλίσσῃ
621 1943 668 1970 τοῦ
683 1943 810 1979 οὐρανοῦ.
830 1954 839 1970 ι
857 1943 969 1978 Ταύτην
982 1943 1012 1969 δὲ

220 1989 285 2021 ι’σως
299 1989 350 2024 τὴν
365 1989 540 2025 καλουμένην
558 1988 718 2025 Ἀφροδίτην
731 1988 862 2015 ὑπενόουν
877 1986 958 2020 εἴναι,
975 1987 1009 2023 ἢν

221 2036 267 2062 καὶ
284 2035 415 2072 Σελήνην,
429 2035 477 2062 καὶ
499 2025 618 2071 ’Ἑκάτην
629 2035 744 2062 ἐκάλουν
757 2035 782 2062 οἱ
794 2034 927 2070 βδελυροί.

259 2089 271 2108 ι
290 2080 347 2108 Καὶ
371 2080 552 2116 ὶπλήσθημεν
575 2080 676 2115 ἄρτων.
695 2089 704 2106 ι
728 2079 794 2106 Ἀπὸ
817 2079 956 2113 γυναικῶν
986 2079 1011 2106 ot

221 2126 309 2161 λόγοι·
325 2127 387 2154 οὐδὲ
403 2126 433 2153 ὲν
446 2127 539 2159 αὐτοῖς
554 2126 632 2153 οὖσαι
647 2127 704 2158 τοῖς
718 2126 830 2159 κακοῖς,
847 2125 902 2152 τῶν
915 2125 1010 2154 κακῶν

222 2173 445 2201 ὲπαισθάνονται.

1027 1555 1050 1587 C

259 2229 268 2245 I
284 2221 340 2247 Καὶ
356 2219 506 2255 ἐγενόμεθα
528 2218 652 2255 χρηστοί.
673 2227 683 2244 ι
704 2219 849 2254 Χρηστοὺς
869 2218 944 2253 λέγει
963 2219 1012 2246 καὶ
1028 2238 1050 2267 D

221 2267 367 2302 εὐτραφεῖς
385 2274 471 2298 τινας,
487 2265 534 2292 καὶ
551 2264 776 2301 εὐθηνουμένους,
790 2265 838 2292 καὶ
853 2264 974 2300 ίλαρούς.

258 2320 269 2338 ι
285 2311 341 2339 Καὶ
354 2310 433 2338 εἶπεν
452 2312 601 2347 Ἱερεμίας.
621 2319 630 2336 ι
645 2309 804 2345 Συμφώνως
823 2310 907 2346 φασὶν
924 2310 1012 2337 ᾶπαν-

221 2366 266 2389 τες
275 2366 282 2374 ·
302 2357 439 2393 Είλόμεθα
448 2358 480 2385 τὸ
493 2357 570 2386 Θύειν
586 2357 718 2390 εἰδώλοις.

257 2412 268 2429 ‹
289 2403 353 2430 Ἐὰν
369 2404 486 2440 γένηται
507 2404 549 2431 ἔτι
563 2404 652 2440 δνομά
669 2413 721 2440 μου
737 2405 767 2431 ιν
788 2403 829 2439 τῷ
848 2404 976 2440 στόματι.
999 2413 1009 2431 ι

228 2448 362 2476 Ἐνταῦθα
376 2449 506 2486 φανερῶς
523 2450 630 2483 πάντας
654 2450 771 2484 εἰσάπαξ
790 2449 859 2486 μετὰ
874 2451 930 2478 τῶν
942 2451 1013 2478 ἐθνι-

224 2493 277 2520 κῶν
291 2494 458 2530 ἀπέρριψεν.

258 2549 269 2566 ι
289 2540 346 2567 Καὶ
369 2540 533 2575 γνώσονται.
550 2550 560 2568 ι
579 2541 701 2579 Πένητες
726 2543 774 2570 καὶ
797 2541 939 2578 γέροντες,
963 2541 1012 2574 οὒς

221 2587 269 2613 οὐκ
286 2586 409 2620 άξιοῦσιν
426 2587 534 2616 άνελετν
548 2590 573 2616 oi.
585 2589 722 2625 πολέμιοι,
737 2589 972 2625 ὑπολιμπάνονται
983 2588 1012 2616 δὲ

223 2631 265 2658 ἵνα
282 2632 403 2667 μηνυταὶ
418 2631 553 2667 γένωνται
566 2633 621 2661 τῶν
639 2633 797 2670 συμφορῶν.

259 2687 269 2703 ι
286 2678 319 2705 οι
336 2678 537 2710 καταστάντες.
555 2689 565 2705 ι
583 2680 614 2707 0i
635 2680 760 2715 ἑλόμενοι
782 2679 893 2715 οίκῆσαι
913 2680 943 2707 ὲν
961 2680 1010 2708 Δί-

222 2731 327 2759 γνπτῳ.

504 2771 631 2798 ΚΕΦΑΛ.
655 2771 724 2798 ME’.

259 2834 268 2851 ι
285 2825 381 2858 Οὕτως
403 2825 466 2854 εἷπε
493 2826 605 2863 Κύριος.
628 2837 637 2853 ι
665 2829 856 2863 Ὀλιγωροῦντι
882 2828 1010 2866 [πολυω-

226 2870 328 2909 ροῦντι]
340 2873 387 2900 καὶ
403 2873 524 2902 στένοντι
537 2874 575 2910 τῷ
589 2874 707 2911 Βαροϋχ,
724 2877 792 2911 φησι
805 2875 848 2904 διὰ
861 2876 908 2903 τοῦ
932 2877 1010 2911 Ἰερε-

1069 255 1111 279 tes
1125 259 1198 280 eam.
1219 263 1221 267 ’

1110 306 1119 324 r
1134 297 1340 326 Sicutstillavit.
1358 307 1368 324 ι
1384 297 1441 326 Hoc
1451 301 1504 332 est,
1518 298 1632 332 relictus
1646 303 1699 328 est.

1103 343 1137 371 ν.
1162 344 1206 371 19.
1234 353 1244 370 ε
1265 343 1355 372 Nolite
1385 345 1498 371 intrare.
1525 352 1535 369 ι
1573 344 1731 373 vaidens
1765 344 1865 381 spiritu

1069 390 1228 425 prophetico
1253 389 1387 418 Jeremias
1409 399 1471 426 quae
1497 391 1656 427 cogitabant
1669 391 1766 425 Judaei,
1781 395 1864 419 ante-

1067 444 1149 471 quam
1164 436 1201 463 illi
1217 436 1425 471 responderent,
1437 437 1471 464 ad
1486 445 1534 465 eos
1547 437 1635 473 inquit
1650 447 1657 465 :
1672 437 1733 465 Non
1750 438 1864 465 audietis

1066 480 1163 508 Deum.

1102 526 1135 554 ν.
1147 527 1193 554 20.
1210 536 1220 553 ‹
1235 526 1304 560 Quia
1314 527 1431 563 maligne
1447 528 1542 564 egistis
1557 528 1584 556 in
1598 529 1704 556 animas
1718 533 1834 557 vestras.
1849 539 1861 556 ι

1066 572 1126 599 Alia
1142 572 1280 600 mentibus
1297 573 1397 601 vestris
1421 573 1615 608 deliberantes,
1644 575 1757 603 misistis
1773 583 1818 604 me
1833 578 1864 603 ut

1066 617 1152 645 Deum
1165 618 1372 654 interrogarem,
1389 623 1528 648 tentantes
1545 620 1647 655 ipsum.

1366 664 1442 693 CAP.
1468 665 1562 693 XLIII.

1102 709 1134 738 V.
1151 710 1178 737 3.
1213 719 1223 736 ι
1242 710 1278 738 Ut
1301 710 1350 738 des
1378 719 1429 739 nos
1450 711 1479 738 in
1503 720 1602 739 manus
1624 711 1828 740 Chaldaeorum.
1848 721 1858 739 ι

1066 754 1195 783 Fortasse
1221 761 1364 792 suspectus
1390 762 1448 785 erat
1472 756 1526 785 illis
1542 757 1660 790 Barucb,
1685 757 1758 793 quod
1781 761 1862 785 antea

1066 802 1167 830 missus
1182 810 1197 830 a
1211 802 1369 831 Iudaeorum
1383 811 1446 839 rege
1463 811 1579 832 numera
1602 804 1733 831 obtulerit
1748 803 1862 839 Babylo-

1067 848 1123 881 nio,
1147 849 1291 885 factusque
1310 850 1394 877 fuerit
1414 850 1453 877 illi
1473 850 1596 882 amicus;
1610 853 1772 885 praetextum
1785 849 1859 876 enim

1066 894 1140 922 hunc
1149 894 1313 926 obtendunt.
1332 903 1367 922 ne
1384 895 1440 922 Deo
1453 894 1603 923 obediant:
1623 902 1713 929 neque
1723 893 1797 921 enim
1812 894 1861 922 de-

1066 945 1132 969 sunt
1144 941 1255 968 malitiae
1271 946 1430 976 przetextus.

1101 986 1133 1014 ν.
1148 987 1175 1014 8.
1192 996 1202 1013 ι
1225 987 1255 1014 ln
1269 988 1391 1023 Taphnis
1404 988 1510 1015 dicens.
1525 997 1535 1014 ι
1550 987 1585 1015 Et
1598 988 1658 1016 haec
1672 988 1747 1022 regia
1761 986 1859 1014 civitas

1065 1031 1254 1068 Egyptiorum
1268 1038 1336 1060 erat.

1101 1077 1134 1105 V.
1153 1078 1191 1105 ll.
1210 1087 1219 1104 ι
1237 1078 1311 1112 Quos
1326 1078 1353 1106 in
1370 1083 1497 1106 mortem.
1520 1087 1530 1103 ι
1549 1077 1684 1111 Potestas,
1702 1077 1800 1113 inquit,
1815 1075 1856 1104 illi

1065 1124 1119 1152 erit
1131 1125 1314 1160 quodcunque
1326 1125 1438 1153 libuerit
1453 1125 1562 1160 agendi.

1101 1170 1134 1197 V.
1150 1171 1194 1197 η.
1214 1180 1224 1196 ‹
1242 1171 1318 1198 Sicut
1335 1171 1449 1200 excutit.
1465 1180 1475 1197 ι
1494 1171 1524 1198 In
1540 1171 1696 1199 daemonum
1710 1170 1791 1198 fanis.
1806 1169 1861 1198 Ac-

1065 1221 1159 1244 curate
1176 1216 1362 1252 investigabit.

1100 1262 1133 1289 V.
1153 1263 1198 1290 15.
1216 1271 1225 1288 ι
1243 1261 1276 1289 Et
1291 1265 1415 1289 conteret
1431 1261 1525 1288 titulos
1540 1260 1701 1296 Heliopolis.
1718 1270 1727 1287 ι
1745 1261 1794 1288 Est
1809 1259 1861 1288 He-

1066 1308 1191 1343 liopolis,
1226 1308 1252 1335 id
1282 1312 1341 1340 est,
1371 1307 1468 1335 civitas
1502 1306 1591 1340 Solis,
1619 1307 1647 1334 in
1673 1314 1726 1342 qua
1755 1306 1861 1334 celebre

1066 1354 1160 1382 fanum
1169 1358 1238 1385 erat,
1254 1353 1412 1381 daemonum
1424 1353 1547 1380 omnium
1559 1353 1775 1388 receptaculum.

1361 1417 1439 1446 CAP.
1469 1417 1562 1445 XLIV.

1100 1485 1134 1514 V.
1150 1485 1176 1513 8.
1193 1494 1202 1512 ι
1218 1484 1294 1513 Pono
1311 1485 1408 1513 faciem
1426 1493 1515 1513 meam
1532 1493 1621 1521 super.
1633 1492 1682 1513 vos
1700 1484 1730 1512 in
1745 1484 1828 1512 mala.
1846 1492 1858 1510 ι

1065 1531 1133 1560 Cum
1145 1531 1233 1559 Judaei
1245 1532 1274 1558 in
1288 1531 1437 1567 Egyptum
1448 1532 1598 1565 venissent,
1615 1539 1711 1559 rursus
1724 1531 1803 1559 idolis
1813 1537 1860 1558 sa-

1065 1576 1232 1605 criﬁcabant.
1248 1576 1375 1604 Prasdicit
1388 1577 1479 1612 itaque
1499 1577 1553 1604 illis
1567 1585 1662 1605 rursus
1676 1585 1725 1613 per
1740 1577 1860 1613 prophe-

1066 1627 1122 1650 tam
1146 1623 1238 1656 Deus,
1264 1627 1294 1650 ut
1321 1613 1392 1650 mala
1414 1623 1514 1658 quibus
1538 1623 1690 1652 Jerusalem
1718 1627 1747 1651 et
1766 1623 1860 1651 Judma

1065 1674 1169 1697 vexatae
1183 1669 1305 1702 fuerunt,
1319 1669 1452 1698 memoria
1466 1674 1632 1705 repeterent.

1103 1724 1113 1742 (
1128 1715 1162 1743 Et
1174 1721 1203 1743 ut
1217 1715 1287 1743 liatis
1303 1715 1330 1742 in
1355 1716 1588 1743 maledictionem.
1613 1725 1622 1742 I
1647 1715 1754 1744 Etenim
1773 1717 1861 1753 genti.

1065 1761 1115 1793 les.
1136 1761 1201 1790 dum
1215 1762 1315 1797 probra
1329 1762 1357 1789 in
1375 1761 1482 1797 aliquos
1497 1762 1631 1797 iacerent,
1648 1762 1786 1790 maledicti
1800 1763 1860 1790 loco

1065 1807 1207 1836 dicebant:
1219 1807 1365 1844 Contingat
1380 1808 1430 1836 tibi
1448 1808 1520 1836 sicut
1534 1808 1675 1836 lsraelitis.

1101 1853 1133 1881 V.
1150 1853 1193 1881 Η.
1222 1862 1232 1879 ι
1249 1853 1309 1881 Νοη
1332 1858 1518 1881 revertentur.
1538 1862 1547 1879 ι
1575 1853 1625 1886 Qui
1656 1853 1804 1888 Babylone,
1830 1858 1861 1880 ct

1065 1899 1179 1935 sparsim
1190 1899 1357 1934 quibuslibet
1370 1900 1397 1927 in
1413 1899 1481 1935 locis
1494 1898 1658 1934 superstites
1674 1902 1763 1925 erant.

1100 1944 1132 1972 ν.
1153 1946 1196 1972 I7.
1211 1954 1220 1970 ‹
1242 1945 1275 1973 Ut
1296 1945 1454 1972 adoleamus
1474 1945 1575 1980 reginre
1598 1944 1661 1971 (εαξῆ
1691 1953 1700 1969 ι
1715 1939 1790 1971 Hanc
1805 1943 1862 1970 for—

1066 1995 1138 2018 tasse
1158 1991 1356 2026 intelligebant,
1383 1999 1444 2026 quae
1471 1991 1564 2018 Venus
1588 1990 1698 2022 dicitur,
1725 1996 1805 2024 quam
1831 1994 1865 2016 et.

1065 2035 1180 2069 Lunam,
1194 2040 1221 2064 et
1236 2035 1364 2069 Hecatam
1380 2036 1424 2063 isti
1436 2035 1611 2063 detestabiles
1626 2034 1768 2062 vocabant.

1102 2091 1112 2108 ι
1136 2081 1170 2109 Et
1196 2082 1291 2116 repleti
1320 2089 1416 2109 sumus
1440 2081 1568 2116 panibus.
1592 2090 1602 2106 ι
1632 2079 1780 2108 Sermones
1801 2087 1865 2107 mm

1065 2125 1186 2155 liebres:
1213 2127 1240 2154 in
1256 2127 1323 2162 ipsis
1344 2127 1422 2154 malis
1445 2127 1601 2154 constitutae
1629 2126 1699 2153 mala
1725 2134 1779 2153 non
1794 2134 1860 2154 seu-

1066 2173 1146 2201 tiunt.
1568 2177 1572 2180 '

1104 2228 1114 2245 ι
1130 2218 1163 2246 Et
1183 2218 1285 2246 fuimus
1307 2219 1382 2246 boni.
1403 2228 1413 2245 ι
1432 2218 1521 2246 Bonos
1538 2223 1628 2252 vocat,
1644 2217 1671 2246 id
1689 2221 1731 2246 est
1748 2218 1862 2254 sagina—

1063 2268 1115 2295 tos.
1130 2265 1255 2300 bonaque
1271 2267 1353 2300 atque
1373 2265 1451 2292 hilari
1468 2265 1638 2292 habitudine.

1096 2310 1129 2338 ν.
1146 2311 1190 2340 20.
1208 2312 1264 2340 «Et
1281 2312 1350 2339 dixit
1371 2311 1516 2339 Jeremias.
1537 2320 1546 2336 ι
1568 2310 1629 2338 Uno
1647 2316 1744 2337 omnes
1755 2317 1803 2337 ore
1813 2309 1858 2337 di-

1061 2360 1145 2385 cunt:
1159 2356 1241 2384 [dolis
1263 2356 1419 2384 sacriﬁcare
1435 2356 1573 2384 volumus.

1096 2401 1130 2429 V.
1145 2401 1189 2429 26.
1205 2410 1215 2428 ι
1238 2401 1267 2430 Si
1281 2402 1333 2430 erit
1349 2401 1422 2430 ultra
1436 2409 1538 2430 nomen
1552 2408 1645 2429 meum
1661 2400 1690 2428 in
1703 2406 1763 2427 ore.
1779 2408 1789 2426 ι
1805 2397 1857 2428 Hic

1062 2447 1206 2475 manifeste
1224 2455 1320 2475 omnes
1333 2455 1396 2475 eum
1410 2447 1556 2484 gentilibus
1568 2445 1679 2482 abjecit.

1098 2547 1129 2576 ν.
1146 2547 1191 2576 28.
1212 2557 1222 2574 ι
1241 2547 1275 2575 Et
1291 2547 1389 2575 scient.
1414 2557 1424 2574 ι
1438 2545 1579 2582 Pauperes
1591 2550 1620 2574 et
1635 2553 1716 2574 senes
1730 2553 1799 2581 quos
1813 2545 1855 2573 in-

1061 2594 1185 2623 terﬁcere
1197 2593 1338 2628 indignum
1351 2597 1449 2628 putant
1467 2593 1559 2621 hostes
1572 2600 1581 2626 ;
1598 2592 1790 2628 relinquuntur
1803 2599 1854 2619 au-

1061 2646 1127 2672 tem,
1139 2645 1169 2668 ut
1178 2647 1364 2668 aerumnarum
1373 2639 1464 2667 nuntii
1480 2639 1556 2667 fiant.

1096 2684 1128 2711 V.
1140 2684 1185 2712 28.
1204 2693 1213 2711 ι
1231 2683 1401 2712 Habitantes.
1418 2694 1428 2710 ι
1449 2684 1502 2718 Qui
1529 2684 1676 2721 Egyptum
1690 2683 1781 2713 colere
1793 2690 1854 2711 na-

1060 2730 1181 2758 luerunt.

1359 2776 1435 2804 CAP.
1469 2776 1550 2804 XLV.

1097 2835 1127 2862 V.
1144 2836 1171 2862 2.
1193 2844 1202 2860 ι
1216 2834 1261 2862 Sic
1274 2834 1342 2862 dixit
1356 2833 1497 2862 Dominus.
1516 2844 1526 2860 ι
1543 2833 1666 2862 Sollicito
1681 2832 1855 2869 gementiquc

1062 2880 1166 2908 Baruch
1181 2888 1230 2916 per
1243 2879 1388 2908 Jeremiam
1401 2879 1519 2908 Deusait
1533 2888 1540 2906 :
1554 2878 1629 2906 Dabo
1644 2879 1763 2906 animam
1779 2881 1854 2905 tuam
