2052 3150
191 137 246 170 ’103

740 139 1003 173 OLYMPIODORI
1024 142 1293 174 ALEXANDRINI

1783 142 1837 175 704

191 196 221 224 in
237 196 352 224 «imm
366 197 395 224 in
409 195 482 223 omni
502 195 582 223 loco:
608 196 656 224 sed
679 204 743 224 cum
767 198 850 225 homo
870 198 919 233 sis,
934 199 980 227 nol

1044 200 1107 233 μίου
1124 200 1139 227 ό
1163 199 1249 233 Θεὸς,
1269 199 1312 227 ὅτι
1331 199 1495 234 Περοσὼσω
1519 207 1578 228 σου
1603 199 1659 234 τὴν
1675 198 1783 234 ψυχὴν
1801 199 1837 226 ἐν

192 250 315 277 quaerere
330 247 360 271 ut
372 242 442 271 liber
455 250 471 270 ει
484 241 625 270 doloribus
649 243 696 270 sis.
713 243 813 271 Doctos
829 244 867 272 ait
882 244 988 281 in~lege
1012 240 1019 249 ’

192 290 228 317 ad
262 285 376 317 honesta
408 296 522 324 quaeque
555 289 668 324 largitus
703 294 756 317 est.
796 291 826 318 in
858 291 987 320 Arabiam

193 336 299 371 fugiens
318 335 458 369 Sedecias,
476 336 503 363 in
516 343 585 375 eam
599 343 660 371 qua:
677 344 751 364 nunc
766 336 878 372 Daphne
892 339 988 374 appel-

204 389 275 407 ιιιυτ.

204 390 208 396 ·
233 389 275 407 ur.

192 381 260 453 ων.
283 425 309 453 5.
337 435 348 452 1
365 426 399 454 Et
425 431 454 454 tu
471 435 589 462 quares.
606 437 615 454 ι
639 427 698 456 Noli
719 437 863 464 qumrere;
889 437 987 466 magna

192 473 294 508 quippe
310 472 338 502 ét
351 474 533 503 admiratione
547 475 627 511 digna
643 483 696 504 non
712 476 765 509 hic.
779 477 828 505 scd
848 477 876 504 in
892 477 987 506 futuro

193 519 304 547 saeculo.

485 588 561 616 CAP.
595 589 688 617 XLVI.

228 644 260 673 ν.
278 645 305 673 2.
321 654 331 672 1
350 644 380 673 In
393 645 529 674 Cbarmis.
549 656 558 673 ι
576 647 647 675 Urbs
658 652 701 679 est
717 647 843 677 Charmis
861 650 888 677 in
901 650 987 679 Meso-

193 690 322 724 polamia.

226 735 261 763 ν.
276 737 303 764 5.
324 745 335 763 1
348 736 452 766 Idcirco
470 742 571 774 pavent
585 739 648 774 ipsi.
666 748 676 765 ι
694 739 831 776 Propheta
848 742 887 770 ait
902 742 986 779 (Egy-

192 781 277 817 ptios,
289 782 336 818 qui
358 783 526 818 parabantur
539 784 574 813 ad
589 784 764 814 inferendum
782 787 897 822 bellum,
910 789 986 824 ipsos

193 826 205 854 ι
205 835 251 856 ore
267 829 389 864 pavidos.

1040 246 1130 273 παντί
1146 245 1239 279 τόπῳ.
1257 246 1304 281 Μὴ
1316 245 1391 281 ζήτει
1407 246 1447 279 δὲ,
1457 246 1505 272 ἄνθ
1511 255 1601 281 ρωπος
1610 245 1662 278 ὢν,
1673 245 1836 281 ἀπαλλαγῆ-

1039 301 1083 320 ναι
1109 293 1210 321 πόνων.
1235 293 1307 325 Τοὺς
1335 292 1528 328 κνομομαθεῖς,
1553 293 1652 328 φησὶν,
1681 293 1721 323 εἰς
1746 292 1836 319 πάντα

1040 340 1129 375 σεμνὰ
1145 340 1307 376 ἐχαρίσατο.
1330 340 1392 367 Ἐπὶ
1415 340 1465 375 τὴν
1487 339 1619 374 Ἀραϐίαν
1641 340 1789 374 φεύγοντες
1811 340 1835 366 οἱ

1039 385 1111 421 ἀμφὶ
1125 386 1171 413 τὸν
1185 386 1330 418 Σεδεκίαν,
1340 387 1380 418 είς
1398 386 1447 422 τὴν
1460 385 1507 412 νῦν
1521 385 1697 421 καλουμένην
1712 386 1832 420 Δάφνην.

1076 440 1085 456 1
1102 432 1157 459 Kal
1175 433 1207 459 σὺ
1229 431 1370 468 ζητήσεις.
1389 442 1397 458 ι
1425 431 1470 467 Μὴ
1489 431 1629 468 ζητήσῃς·
1658 432 1693 458 τὰ
1709 431 1764 467 γὰρ
1785 440 1835 466 με-

1038 476 1110 512 γάλα
1124 478 1172 505 καὶ
1196 478 1352 514 sedum
1372 478 1423 506 οὐκ
1438 477 1557 506 ἐνταῦθα
1568 499 1576 513 ,
1592 478 1651 506 ἀλλ’
1669 478 1698 505 ὲν
1712 477 1751 513 τῷ
1769 477 1834 513 μέλ-

1039 523 1113 550 λοντι
1125 523 1216 551 αἰῶνι.

1320 592 1448 619 ΚΕΦΔΔ.
1469 592 1545 626 Μςκ

1076 655 1085 672 1
1108 646 1152 674 Ἑν
1168 648 1303 684 Χαρμεϊς.
1324 658 1334 674 ι
1357 648 1437 680 Πόλις
1465 648 1541 675 ἐστὶν
1565 649 1581 684 ἡ
1604 647 1715 683 Χαρμὶς
1740 647 1769 674 ἑν
1796 647 1831 683 τῇ

1037 693 1250 730 Μεσοποταμίᾳ.

1075 747 1085 764 1
1103 738 1154 766 Διὰ
1181 738 1263 766 τοῦτο
1288 739 1368 766 αὐτοὶ
1398 739 1557 767 πτοοῦνται.
1585 749 1594 765 ι
1629 739 1658 766 '0
1686 739 1832 775 προφήτης

1038 782 1132 817 φησὶν,
1147 782 1188 810 ὅτι
1201 784 1226 810 οί
1248 783 1530 819 παρασκευαζόμενοι
1551 786 1591 816 εἰς
1615 785 1733 820 πόλεμον
1747 785 1831 820 Αίγύ-

1037 836 1106 855 πτου
1123 827 1178 865 [ἴθ’.
1199 829 1367 865 Δίγύπτιοι],
1383 830 1461 859 αὐτοὶ
1480 830 1638 858 πτοοῦνται.

227 874 260 902 ν.
281 876 307 903 7.
334 885 344 901 1
362 875 429 909 Quis
444 881 487 906 est
506 877 557 906 iste
573 878 620 913 qui
634 879 713 914 quasi
725 879 848 908 ﬂumen!
867 890 877 906 ι
895 880 983 917 Baby-

1075 883 1084 900 1
1104 875 1152 907 Τίς
1168 871 1247 908 οὗτος
1263 875 1300 908 ὠς
1312 876 1454 912 ποταμ6ς;
1473 886 1482 903 ι
1507 877 1536 904 '0
1552 876 1736 910 Βαϐυλώνιος.

191 921 291 949 ionius.

227 966 258 994 ν.
278 967 322 996 10.
342 976 353 995 1
369 968 404 996 Et
415 968 474 997 dies
489 969 545 997 ille.
563 979 573 996 ›
594 969 660 999 Post
674 978 787 1000 sensum
807 972 982 1007 historicum,

189 1012 292 1042 Christi
305 1013 452 1042 adventum
469 1015 591 1052 intellige
602 1036 610 1049 ,
627 1017 737 1052 quando
753 1018 864 1053 penitus
878 1018 985 1047 inimici

189 1059 238 1088 Dei
251 1060 390 1088 daemones
409 1061 523 1089 edomiti
537 1066 612 1090 sunt.

223 1115 256 1143 V.
272 1115 315 1144 li.
335 1125 344 1142 1
363 1115 489 1144 Ascende
502 1116 614 1145 Galaad.
634 1126 645 1143 ι
661 1117 762 1147 Galaad
774 1118 861 1155 gignit
873 1119 984 1155 quidem

189 1162 318 1194 resinam,
334 1169 396 1197 qua;
415 1162 576 1190 vulneribus
590 1163 695 1191 medela
706 1167 759 1192 est.
774 1164 878 1193 Sensus
891 1169 984 1193 autem

188 1207 271 1243 hujus
294 1208 431 1236 sermonis
455 1213 516 1236 est:
541 1208 643 1236 Galaad
665 1209 845 1244 pollicebatur
858 1210 984 1247 Egyptio

188 1253 300 1284 auxilia,
317 1256 344 1280 at
362 1252 421 1287 ipsa
435 1252 525 1287 primo
534 1258 613 1287 capta
622 1257 674 1281 est.
690 1253 757 1287 Quae
771 1254 865 1290 igitur,
881 1255 982 1291 inquit,

186 1297 249 1325 aliis
263 1298 362 1326 auxilia
381 1299 528 1333 promittis,
552 1299 713 1335 tibimetipsi
730 1307 811 1335 opem
826 1300 876 1328 fer.
892 1301 982 1338 Virgi-

187 1351 251 1371 nem
267 1352 349 1379 porro
372 1349 453 1373 vocat
464 1344 621 1380 Egyptum,
647 1346 711 1381 quia
729 1351 795 1374 tunc
810 1347 928 1382 primum
949 1348 984 1376 ab

188 1387 314 1415 hostibus
334 1388 450 1423 turpiter
469 1389 576 1417 devicta
595 1395 646 1429 est,
666 1395 693 1418 et
714 1392 915 1426 quodammodo
931 1393 980 1421 de-

187 1431 303 1466 ﬂorata;
326 1432 408 1461 ﬁliam
431 1441 497 1463 vero
523 1434 641 1471 Egypti,
661 1440 741 1464 vocat
762 1436 902 1473 regionem
926 1438 982 1466 cir-

188 1479 382 1514 cumposilam.

222 1524 256 1552 V.
286 1526 330 1556 12.
355 1535 366 1552 1
385 1525 490 1555 Pariter
512 1528 680 1556 ceciderunt.
702 1538 712 1556 ι
739 1530 851 1558 Nechao
876 1530 983 1561 Pharao
998 1546 1019 1576 α

187 1579 250 1600 cum
264 1572 397 1605 subditis;
416 1573 459 1601 vel
475 1577 503 1602 et
517 1573 617 1602 Galaad
631 1583 695 1603 cum
711 1575 838 1612 Egypto.

222 1617 255 1646 ν.
269 1612 312 1647 l3.
332 1628 341 1645 1
354 1619 421 1652 Quae
430 1620 541 1652 locutus.
550 1626 592 1648 est
606 1622 749 1650 Dominus.
766 1632 776 1650 ι
790 1624 896 1652 Dicitur
910 1625 983 1654 Deus

187 1664 216 1691 in
230 1670 312 1691 manu
328 1663 404 1699 loqui
423 1666 631 1700 prophetarum,
653 1668 784 1703 quoniam
807 1670 900 1698 omnia
921 1679 982 1707 quae

187 1709 312 1737 facienda
332 1710 473 1745 prophetas
496 1712 654 1746 audiebant,
672 1713 820 1743 faciebant.
847 1715 877 1743 In
899 1725 982 1746 manu

186 1755 290 1790 quippe
304 1755 377 1783 actio
388 1761 430 1784 est
446 1765 454 1790 ;
470 1757 512 1784 vel
536 1761 681 1793 postquam
701 1761 793 1788 omnia
812 1761 859 1789 Dei
873 1762 982 1791 decreta

187 1807 203 1826 ο
219 1800 360 1835 prophetis
376 1802 538 1830 annuntiata
555 1808 663 1838 peracta
686 1804 774 1835 fuere.

223 1844 255 1872 V.
275 1846 319 1873 14.
342 1855 351 1872 1
371 1846 540 1876 Annuntiate
563 1849 591 1876 in
611 1849 775 1885 Magdolum.
801 1861 811 1878 ι
836 1852 980 1889 Memphis,

186 1895 215 1917 et
229 1890 367 1926 Taphnas,
383 1897 411 1920 et
427 1892 575 1930 Magdolus,
597 1895 679 1924 urbes
691 1901 770 1925 erant
789 1897 981 1934 Egyptiorum

187 1936 308 1965 illustres
319 1943 346 1966 et
364 1939 455 1975 regize.

223 1992 233 2007 1
252 1982 453 2012 Etannuntiate
469 1985 496 2013 in
511 1986 669 2022 Memphim.
685 1998 694 2014 ›
709 1988 833 2025 ΡΓιοροι-ιι
849 1994 875 2019 te
892 1991 980 2027 ipsam

185 2029 219 2056 ad
251 2037 364 2064 necem,
392 2036 450 2065 sla,
478 2040 528 2068 pro
561 2035 685 2069 percipe,
712 2036 786 2071 quod
815 2037 887 2065 sicut
912 2039 979 2066 smi-

186 2074 282 2120 locum,
310 2075 351 2104 sic
372 2083 464 2113 regem
492 2082 570 2106 tuum
596 2079 738 2109 abscindet
764 2081 871 2118 gladius
891 2083 979 2120 Baby-

186 2119 263 2147 lonii.

220 2164 254 2191 ν.
272 2164 316 2192 l6.
333 2175 342 2191 1
359 2165 393 2193 Et
415 2169 613 2205 unusquisque.
639 2181 648 2198 ι
667 2171 753 2200 Judaei
773 2173 821 2209 qui
844 2173 873 2202 in
893 2174 979 2211 Egy-

1075 973 1084 991 1
1105 965 1162 992 Kal
1177 966 1194 1002 ή
1210 965 1312 1001 ἡμέρα.
1325 975 1335 993 ›
1353 966 1433 994 Μετὰ
1443 966 1494 1002 τὴν
1507 966 1630 1002 ἱστορίαν
1647 967 1695 1003 τὴν
1709 967 1829 1003 Χριστοῦ

1037 1011 1192 1047 παρουσίαν
1202 1011 1269 1044 νόει,
1283 1012 1329 1039 ὅτε
1344 1011 1458 1045 τελείως
1469 1013 1494 1039 οἱ
1512 1011 1606 1048 ἐχθροὶ
1616 1012 1663 1040 τοῦ
1678 1012 1747 1040 Θεοῦ
1760 1021 1829 1040 κατ-

1036 1055 1214 1092 ηγορήθησαν
1229 1056 1370 1092 δαίμονες.

1075 1122 1085 1139 1
1107 1113 1236 1149 Ἀνάσηθι
1254 1112 1373 1142 Γαλαὰδ.
1391 1123 1401 1141 ι
1429 1114 1461 1141 Ἦ
1485 1114 1593 1142 Γαλαὰδ
1615 1114 1672 1150 ἔχει
1695 1114 1746 1150 μὲν
1779 1113 1828 1149 τὴν

1036 1159 1168 1195 ῥητίνην,
1191 1160 1317 1196 ἰατρικὴν
1336 1159 1422 1188 οὖσαν
1440 1161 1621 1197 τραυμάτων.
1642 1161 1674 1187 ‘0
1692 1160 1721 1187 δὲ
1742 1160 1827 1195 λέγει,

1036 1205 1160 1232 τοιοῦτόν
1180 1207 1255 1233 ἐστιν
1265 1214 1272 1221 ·
1297 1206 1329 1233 Ἡ
1344 1206 1454 1234 Γαλαὰδ
1471 1206 1660 1242 ἐπηγγέλλετο
1676 1206 1827 1242 ἐπαμύνειν

1036 1251 1075 1287 τῷ
1087 1251 1230 1288 Αἰγυπτίῳ
1240 1260 1247 1267 ·
1261 1252 1310 1279 καὶ
1325 1251 1397 1289 αὕτη
1407 1252 1503 1288 πρώτη
1519 1253 1601 1280 ἑάλω.
1620 1252 1652 1279 Ἦ
1663 1250 1723 1285 οὖν,
1733 1252 1827 1288 φησὶν,

1036 1297 1240 1334 ὑπισχνουμένη
1255 1297 1351 1332 tam»;
1369 1298 1488 1334 βοηθεῖν,
1497 1299 1584 1334 σαυτῇ
1598 1297 1742 1334 βοήθησον.
1758 1298 1829 1332 Παρ-

1036 1342 1113 1371 θένον
1129 1343 1158 1370 δὲ
1180 1343 1230 1379 τὴν
1244 1344 1384 1379 Αἴγυπτόν
1401 1353 1494 1380 φησιν,
1515 1344 1554 1376 ὡς
1573 1345 1635 1371 τότε
1651 1344 1760 1380 πρῶτον
1783 1344 1828 1370 al-

1037 1389 1128 1426 σχρῶς
1144 1389 1197 1417 ὑπὸ
1220 1390 1361 1426 πολεμίων
1386 1390 1562 1426 ἡττηθεῖσαν,
1587 1391 1636 1416 καὶ
1653 1390 1690 1421 ὡς
1707 1389 1740 1416 ἂν
1757 1390 1828 1417 είποι

1034 1446 1078 1469 τις
1100 1437 1394 1473 διαπαρθενευθεῖσαν·
1410 1437 1548 1473 θυγατέρα
1565 1437 1594 1464 δὲ
1615 1436 1767 1472 Αἰγύπτου,
1779 1436 1828 1472 τὴν

1037 1483 1193 1519 περίχωρον
1206 1483 1348 1519 ὀνομάζει.

1074 1537 1084 1554 1
1108 1528 1170 1556 Ἐπὶ
1191 1528 1222 1555 τὸ
1242 1528 1310 1556 αὐτὸ
1331 1528 1444 1556 ἔπεσαν.
1464 1538 1474 1555 ι
1496 1529 1525 1556 '0
1542 1528 1642 1564 Νεχαὼ
1659 1527 1762 1564 Φαραὼ
1780 1528 1828 1554 σὺν

1034 1574 1092 1606 τοῖς
1107 1573 1258 1609 ὑπηκόοιςο
1275 1574 1292 1610 ἢ
1311 1574 1359 1601 καὶ
1373 1573 1481 1601 Γαλαὰδ
1493 1574 1542 1601 σὺν
1555 1575 1588 1609 τῇ
1604 1573 1748 1609 Αἰγύπτῳ.

1072 1628 1083 1646 1
1100 1621 1134 1647 Ἃ
1147 1620 1265 1655 ὲλάλησε
1278 1620 1393 1656 Κύριος.
1411 1629 1420 1646 ι
1440 1620 1559 1655 Λέγεται
1570 1619 1637 1652 Θεὸς
1653 1620 1683 1646 ὲν
1698 1619 1770 1655 χειρὶ
1781 1619 1828 1646 λαο

1034 1665 1091 1693 λεϊν
1107 1666 1162 1693 τῶν
1178 1666 1340 1702 προφητῶν,
1367 1666 1464 1701 ἐπειδὴ
1480 1666 1572 1693 πάντα
1594 1665 1645 1692 ὅσα
1661 1665 1785 1699 ἥκουσαν
1801 1664 1826 1691 οί

1034 1711 1172 1747 προφῆται
1196 1713 1295 1744 ποιεῖν,
1312 1711 1434 1739 ἐποίουν.
1453 1712 1533 1747 Χειρὶ
1549 1711 1604 1746 γὰρ
1627 1713 1643 1748 ἠ
1666 1710 1776 1746 πρᾶξις.
1791 1711 1826 1738 'H
1865 1732 1869 1734 ν

1033 1759 1081 1785 καὶ
1098 1758 1191 1794 ἐπειδὴ
1211 1758 1301 1786 πάντα
1316 1758 1351 1785 τὰ
1369 1758 1529 1794 μηνυόμενα
1543 1757 1596 1785 ὑπὸ
1608 1757 1657 1784 τοῦ
1671 1757 1752 1791 Θεοῦ,
1773 1757 1826 1784 ὑπὸ

1033 1803 1088 1830 τῶν
1110 1804 1260 1840 προφητῶν
1276 1805 1316 1836 εἰς
1331 1803 1413 1839 ἔργον
1428 1803 1538 1839 ἐχώρει.

1074 1858 1084 1875 1
1095 1849 1291 1883 ’Δναγγείλατε
1304 1847 1522 1883 εἰς’Μαγδωλόν.
1538 1858 1548 1875 ι
1566 1849 1690 1884 Μέμφις,
1710 1849 1758 1876 καὶ
1772 1848 1827 1876 Τά-

1033 1903 1102 1929 φνας
1114 1914 1122 1927 ,
1139 1895 1187 1922 καὶ¹
1204 1895 1381 1929 ’Μαγδωλὺς,
1409 1895 1505 1927 πόλεις
1525 1895 1650 1931 ὑπῆρχον
1668 1894 1826 1929 Αίγυπτίων

1032 1940 1196 1976 περιφανεῖς
1212 1940 1261 1968 καὶ
1277 1939 1426 1976 βασιλικαί.

1071 1995 1080 2011 1
1099 1985 1157 2012 Kal
1184 1985 1392 2021 παραγγείλατε
1414 1985 1456 2017 είς
1476 1984 1599 2021 Μέμφιν.
1621 1994 1631 2011 ο
1665 1984 1826 2019 Ἑτοίμασον

1032 2031 1149 2067 σεαυτὴν
1163 2031 1203 2063 είς
1214 2031 1333 2067 σφαγὴν,
1343 2031 1494 2065 ἐπίστηθι,
1513 2031 1574 2058 ἀντὶ
1589 2030 1650 2063 τοῦ,
1670 2031 1773 2065 γνώσῃ
1785 2031 1826 2057 ὃτι

1030 2077 1069 2109 ὡς
1083 2077 1205 2112 σμίλακα
1217 2097 1225 2110 ,
1248 2077 1335 2109 οὕτως
1350 2077 1463 2111 ἐκκόψει
1483 2085 1531 2104 σου
1544 2077 1591 2104 τὸν
1604 2076 1719 2112 βασιλέα
1734 2077 1751 2112 ἠ
1771 2077 1825 2112 μά-

1031 2129 1115 2158 χαιρα
1131 2120 1179 2148 τοῦ
1195 2121 1382 2149 Βαϐυλωνίου.

1069 2177 1079 2193 1
1097 2168 1154 2195 Kal
1165 2168 1291 2199 ἕκαστος.
1311 2177 1320 2194 ι
1337 2168 1369 2195 Ol
1383 2169 1414 2195 ὲν
1427 2169 1462 2203 τῇ
1476 2167 1610 2203 Αἰγύπτῳ
1633 2167 1756 2195 Ἰουδαῖοι
1776 2167 1824 2194 λέ-

184 2216 233 2245 pto
247 2211 332 2240 erant'
347 2213 470 2243 dicentes
486 2225 493 2243 ε
518 2216 698 2246 Revertamur
715 2219 749 2248 ad
775 2221 907 2257 populum
925 2229 977 2250 no-

1034 2221 1134 2248 γοντες,
1152 2212 1382 2249 ’Δναστρέψωμν
1393 2213 1464 2249 πρὸς
1475 2213 1522 2240 τὸν
1537 2213 1602 2240 λαὸν
1616 2213 1706 2248 ἡμῶν.

184 2261 284 2286 strum.

223 2313 233 2330 1
256 2304 277 2332 Δ
290 2304 358 2334 facie
369 2306 450 2342 gladii
465 2307 562 2337 (ἓνκαὶ.
580 2318 589 2335 ι
609 2309 691 2339 lones
699 2310 786 2339 Graeci
802 2311 836 2340 ab
851 2312 917 2340 Ione
930 2321 977 2348 ge-

184 2357 237 2377 nus
263 2351 406 2385 ducentes,
425 2353 578 2390 Babyloniis
601 2356 666 2384 olim
684 2357 786 2385 tributa
809 2358 974 2393 pendebant.

183 2395 291 2431 illisque
311 2397 346 2425 ad
365 2398 435 2426 bella
457 2400 705 2436 oonjungebantur.
727 2403 750 2430 Δ
774 2403 863 2439 gladio
885 2404 976 2439 itaque

183 2441 288 2476 Grai-co,
305 2443 331 2471 id
342 2448 394 2477 est,
414 2445 496 2474 sociis
511 2446 658 2483 Babylonii.

218 2541 252 2569 V.
266 2541 335 2570 l8.a
351 2542 420 2576 Quia
433 2545 504 2573 sicut
512 2541 669 2583 ltabyrium:
688 2559 697 2575 ι
714 2549 788 2577 Mons
803 2550 847 2578 hic
858 2550 974 2579 Galiltea:

182 2591 248 2615 ante
274 2587 375 2618 Christi
401 2591 549 2619 adventum
575 2593 701 2621 desertus
733 2600 800 2622 erat.
832 2596 974 2625 Carmeius

182 2641 291 2670 quoque
306 2639 334 2663 et
350 2636 409 2671 ipse
420 2637 554 2671 desertus,
577 2639 682 2675 adiacet
697 2641 775 2673 mari,
796 2643 973 2678 marinosque

182 2683 266 2708 aestus
292 2682 404 2717 excipit.
429 2682 487 2711 Erit
505 2684 607 2720 itaque,
626 2686 673 2716 ait.
691 2686 822 2722 Memphis
839 2690 972 2718 tumultus

178 2725 272 2760 plena,
289 2726 451 2764 desertaque
466 2737 499 2757 ex
516 2729 666 2765 irruptione
678 2731 899 2768 Babyloniorum.

218 2813 250 2840 ν.
271 2814 316 2843 20.
334 2825 343 2842 1
361 2816 452 2846 Vitula
463 2817 595 2846 adornata
602 2819 743 2855 Egyptus.
762 2830 772 2846 ›
789 2820 868 2849 Missa
880 2822 970 2856 copia-

178 2867 241 2890 rum
261 2865 337 2895 parte
351 2861 513 2899 Babylonius
526 2865 690 2902 cepitiliam.
703 2882 739 2887 —
752 2866 859 2901 Milites,
869 2867 920 2896 hoc
929 2872 970 2896 est

1070 2313 1080 2330 1
1102 2302 1168 2330 Ἀπὺ
1189 2302 1338 2340 προσώπου
1353 2302 1492 2339 μαχαίρας
1514 2302 1688 2338 Ἑλληνικῆς.
1700 2310 1710 2328 ι
1725 2302 1755 2328 οι
1770 2299 1824 2328 ἀπὸ

1034 2350 1126 2380 Ἴωνος
1137 2349 1271 2384 ’Έλληνες
1287 2349 1379 2382 ὄντες,
1397 2348 1532 2382 ὑπόφοροι
1546 2345 1618 2383 ἦσαν
1637 2346 1710 2374 κατὰ
1721 2346 1752 2373 τὸ
1768 2355 1822 2372 πα-

1031 2395 1105 2422 λαιδν
1119 2395 1174 2422 τῶν
1186 2394 1375 2426 Βαϐυλωνίων,
1389 2394 1437 2421 καὶ
1447 2394 1616 2429 συνεμάχουν
1632 2391 1709 2427 αὐτῷ
1723 2393 1752 2418 ὲν
1766 2392 1823 2423 τοῖς

1030 2441 1173 2475 πολέμοις.
1191 2439 1258 2467 ’Δπδ
1271 2440 1409 2475 μαχαίρας
1425 2438 1473 2466 οὖν
1495 2437 1669 2473 Ἑλληνικῆς,
1685 2437 1748 2465 ἀντὶ
1761 2436 1819 2469 τοῦ,

1029 2486 1083 2514 τῶν
1102 2486 1256 2522 συμμάχων
1269 2486 1315 2521 τοῦ
1326 2484 1511 2513 Βαῦυλωνίου.

1066 2554 1075 2570 1
1092 2544 1152 2570 ὀτι
1165 2543 1204 2576 ὥς
1219 2543 1250 2570 τδ
1271 2542 1433 2579 Ἰταϐύριον.
1452 2551 1462 2569 ι
1479 2542 1566 2570 Τοῦτο
1577 2542 1607 2568 τδ
1621 2541 1686 2578 ὅρος
1698 2542 1750 2576 τῇς
1765 2541 1819 2567 Γα-

1028 2588 1133 2621 λιλαίας
1146 2588 1188 2622 ὃν,
1209 2588 1314 2625 ἔρημον
1330 2585 1365 2624 ἦν
1380 2588 1435 2623 πρὸ
1451 2588 1501 2623 τῆς
1517 2587 1638 2623 Χριστοῦ
1655 2585 1818 2621 παρουσίας.

1034 2635 1065 2662 '0
1076 2634 1105 2662 δὲ
1113 2635 1264 2670 Κάρμηλος
1279 2634 1328 2662 καὶ
1341 2635 1422 2665 αὐτὸς
1437 2633 1540 2669 ἕρημος
1551 2630 1596 2668 ἦν,
1605 2632 1727 2667 ἔγκειται
1742 2631 1771 2657 δὲ
1783 2631 1817 2665 τῇ

1027 2680 1151 2717 θαλάσσῃ
1164 2701 1171 2714 ,
1194 2681 1242 2708 καὶ
1264 2681 1328 2713 τοὺς
1351 2680 1515 2711 θαλαττίους
1535 2679 1644 2714 δέχεται
1666 2677 1816 2708 κλύδωνας.

1028 2728 1126 2754 Ἔσται
1147 2725 1205 2760 οὖν,
1226 2727 1320 2762 φησὶν,
1344 2728 1360 2762 ἡ
1381 2726 1495 2762 Μέμφις
1513 2725 1629 2761 θορύὸου
1654 2724 1753 2760 μεστὴ,
1770 2722 1816 2756 καὶ

1026 2774 1130 2810 ἔρημος
1145 2774 1178 2800 ἐκ
1192 2773 1241 2808 τῆς
1254 2773 1351 2808 ἐφόδου
1367 2772 1421 2800 τῶν
1433 2771 1623 2799 Βαϐυλωνίων.

1063 2830 1072 2847 1
1098 2820 1222 2856 Δάμαλις
1254 2818 1501 2854 κεκαλλωπισμένη
1531 2817 1681 2857 Δίγυπτος.
1713 2824 1722 2841 ι
1751 2814 1813 2842 ’Ὁτι

1026 2866 1108 2903 μέρος
1123 2875 1150 2894 τι
1164 2866 1215 2902 τῆς
1226 2866 1368 2901 δυνάμεως
1385 2865 1499 2900 πέμψας
1514 2864 1528 2891 ὸ
1545 2862 1727 2896 Βασυλώνιος,
1741 2857 1813 2888 εἶλεν
