2052 3150
208 203 260 234 705

768 201 1000 232 FRAGMENTA
1019 201 1060 231 IN
1082 202 1289 234 IEREMIAM.

1796 211 1848 242 706

209 257 303 292 αὐτὴν.
322 270 358 277 —
379 254 562 292 Στρατιιῖηαι,
590 256 714 282 τουτέστι
735 257 766 283 τὸ
786 256 941 292 σιτηρέσιον
960 263 967 271 ·
989 255 997 281 ἱ

1059 257 1246 292 stipendiarii;
1258 259 1301 287 vel
1316 260 1403 288 exteri
1418 268 1487 297 quos
1509 261 1537 290 in
1548 263 1680 292 auxilium
1706 265 1848 295 conduxe-

209 302 255 330 καὶ
269 302 294 328 οῑ
307 301 380 335 ξένοι
397 300 443 334 οὒς
459 299 649 337 ἐμισθώσαντο
663 301 702 333 είς
718 302 889 337 συμμαχίαν.

246 355 255 372 ι
291 345 370 383 Φωνὴ
400 346 512 379 αὐτῶν,
540 345 578 378 ὡς
608 346 707 380 ὄφεως.
726 356 736 373 ι
759 347 794 373 Ἣ
819 345 1003 378 στεναζόντων

210 392 277 427 φησὶ
302 391 349 418 καὶ
368 391 525 426 φευγόντων
538 399 545 406 ·
561 390 671 427 ἐπειδὴ,
697 391 807 426 φεύγων
828 391 842 418 ό
860 391 923 426 ὄφις
955 399 1001 417 συ-

229 437 291 470 ίζει.

210 447 306 511 “ﬁgit
317 483 348 510 ὲν
361 483 459 519 ἄμμῳ.
471 492 482 508 ι
498 483 649 519 Ἕρπονται
664 483 754 519 χαμαὶ
768 482 904 518 κείμενοι,
922 482 1002 518 συρό-

209 537 285 565 μενοι
302 529 482 564 αἰχμάλωτοι.

245 584 255 601 ι
271 574 435 610 Ἐκκόψουσι
447 575 495 603 τὸν
508 575 613 612 δρυμὸν
632 575 727 611 αὐτῆς.
747 585 757 601 ι
773 574 810 602 Τὺ
820 574 999 608 ἀνείκαστον,

207 621 254 648 καὶ
270 621 341 656 ὑπὲρ
354 620 455 656 ἀκρίδα
469 620 574 657 πλῆθος
589 621 688 656 αὐτῆς.

243 675 254 692 ‹
275 666 341 693 Ἰδοὺ
361 666 418 701 ἐγὼ
429 666 542 694 διδικῶ.
561 667 710 703 ’Δμμωνᾶν
734 666 784 694 Δία
801 666 903 702 ἐτίμων
915 666 1001 702 Αίγύ-

206 721 294 745 πτιοι,
309 711 359 739 καὶ
375 712 443 739 αὐτὸ
460 710 518 746 οὖν,
536 713 630 749 φησὶν,
642 712 733 740 αὐτῶν
744 712 776 739 τδ
791 712 901 740 εἴδωλον
910 721 999 748 τιμω-

206 759 326 794 ρήσομαι
338 767 345 774 ·
357 758 482 786 τοῦτοδὲ
494 759 632 786 πέπονθεν
644 760 658 786 ὸ
674 759 797 791 Σατανᾶς
809 759 855 786 ἐπὶ
868 759 917 794 τῆς
930 759 999 795 Χρι-

205 804 269 832 στοῦ
286 807 451 840 παρουσίας.

210 859 217 864 ο
239 851 295 878 Καὶ
312 850 452 878 παιδιύσω
468 859 509 878 σε.
542 860 551 877 ι
579 851 643 879 Ἐπὶ
661 851 711 887 μὲν
722 852 774 887 τῆς
805 850 937 887 ἱστορίας,
957 851 999 878 ὅτι

204 897 251 924 καὶ
265 897 425 929 ἀνελθόντες
440 896 471 930 ἐξ
483 896 625 932 Δίγύπτου
646 897 687 929 είς
710 897 900 933 Ἰερουσαλὴμ,
917 896 999 925 πάλιν

204 943 378 971 ιπαιδεύοντο
390 952 397 959 ·
419 943 489 979 πρὸς
504 943 534 970 δὲ
558 943 700 977 διάνοιαν,
718 943 757 979 τῷ
783 942 854 970 κατὰ
879 943 999 978 Χριστὸν
1015 935 1037 963 Β

203 987 303 1015 Ἰακὼὸ
334 987 502 1024 σωζομένῳ,
537 987 642 1024 φησὶν,
675 988 717 1015 ὅτι
750 987 935 1024 Λυτρώσομαί
968 995 998 1015 σι

201 1033 252 1069 τῆς
267 1033 432 1069 δαιμονικῆς
444 1033 580 1067 δουλείας,
597 1034 645 1061 καὶ
661 1033 800 1061 παιδεύσω
818 1042 849 1060 σε
865 1033 997 1070 κρίματα,

202 1079 328 1106 τουτέστι
346 1079 472 1115 δόγματα
490 1079 659 1114 εὐαγγελικά
670 1099 678 1112 ,
694 1079 741 1106 ἐὰν
754 1079 783 1106 δὲ
808 1079 936 1115 ἁμάρτῃς
956 1087 998 1106 τι-

203 1126 370 1162 μωρήσομαί
382 1134 423 1154 σε.

502 1171 631 1199 ΚΕΦΑΛ.
647 1172 714 1200 ΜΖ’.

239 1237 249 1255 ε
268 1228 340 1256 Τάδε
361 1228 437 1263 λέγει
461 1228 567 1264 Κύριος
581 1236 589 1244 ·
615 1228 682 1256 Ἰδοὺ
698 1227 795 1256 ὕδατα.
826 1236 836 1254 ι
855 1228 928 1264 Πρὸς
947 1228 997 1264 μὲν

202 1275 345 1310 ιστορίαν,
376 1276 411 1302 τὰ
441 1275 532 1311 πλήθη
561 1274 616 1302 τῶν
644 1274 843 1302 Βαϐυλωνίων·
869 1274 939 1309 πρὸς
967 1274 997 1301 δὲ

200 1321 333 1354 διάνοιαν,
348 1321 365 1356 ἡ
377 1319 426 1347 τοῦ
445 1320 632 1357 ’Δντιχρίστου
661 1319 800 1356 παρουσία
821 1319 998 1355 κατασημαί-

199 1375 287 1394 νεται.

238 1422 248 1439 ι
266 1413 339 1445 Ἕως
352 1413 435 1446 τίνος,
451 1413 468 1449 ὴ
486 1413 609 1449 μάχαιρα
623 1412 671 1439 τοῦ
691 1412 813 1448 Κυρίου;
834 1422 843 1438 ι
860 1411 969 1447 Προορᾷ
981 1411 996 1438 ὁ

200 1460 343 1496 προφήτης
354 1459 403 1496 τὴν
418 1459 489 1495 πρὸς
500 1459 541 1495 τῷ
556 1459 631 1486 τέλει
646 1458 694 1485 τοῦ
709 1458 778 1485 Θεοῦ
791 1458 933 1494 ἐκδίκησιν
947 1466 997 1484 κα-

199 1506 235 1532 τὰ
247 1505 303 1533 τῶν
320 1505 457 1541 δαιμόνων
472 1505 522 1533 καὶ
538 1505 649 1532 πάντων
664 1504 719 1531 τῶν
734 1504 867 1531 ἀπίστων.

239 1562 249 1578 ι
273 1551 497 1587 ’Δποκατάστηθι
520 1552 560 1583 είς
582 1551 628 1578 τὸν
655 1550 750 1578 κολεόν
765 1559 824 1578 σου.
852 1560 860 1576 ι
879 1550 995 1585 Εὕχεται

1056 307 1130 330 runt.

1090 349 1122 378 V.
1138 350 1185 377 22.
1203 360 1214 377 ι
1237 350 1295 379 Vox
1310 359 1405 381 eorum
1428 354 1507 390 quasi
1537 356 1683 391 serpentis.
1706 367 1716 383 ι
1735 357 1783 386 Vel
1797 367 1846 388 su-

1053 395 1216 429 spirantium
1229 397 1278 430 ait,
1294 398 1512 435 etfugientium;
1527 407 1592 428 nam
1609 409 1723 438 serpens
1737 404 1845 441 fugiens

1053 441 1153 470 sibilat.

1091 497 1101 514 ι
1120 488 1189 522 Quia
1200 489 1227 517 in
1241 497 1334 518 arena.
1347 500 1358 518 ι
1377 491 1458 520 Humi
1470 491 1593 528 iacentes
1612 500 1736 530 serpunt,
1751 501 1780 524 et
1791 497 1842 526 du-

1056 538 1157 561 cuntur
1184 535 1295 570 captivi.

1089 577 1122 606 ν.
1137 578 1182 607 25.
1196 580 1349 609 ιΕιείἁεηι
1364 582 1461 610 silvam
1472 582 1542 618 ejus.
1563 591 1573 608 ι
1593 582 1842 621 Inexcogitabilem,

1051 629 1079 653 et
1092 632 1174 661 super
1187 626 1322 655 locustam
1338 628 1542 658 multitudinem
1556 630 1627 666 ejus.

1086 670 1120 699 ν.
1137 672 1183 700 95.
1202 682 1212 699 ι
1229 672 1300 701 Ecce
1313 682 1364 710 ego
1380 675 1506 704 ulciscar.
1530 687 1541 704 ι
1561 679 1724 708 Ammonem
1746 679 1842 709 Jovem

1050 719 1253 747 venerabantur
1267 719 1397 757 Egyptii,
1413 727 1441 750 et
1457 723 1547 758 ipsum
1577 732 1653 762 ergo,
1669 727 1717 758 ait,
1733 726 1843 754 illorum

1050 762 1152 791 idolum
1170 765 1285 800 puniam
1303 774 1311 794 :
1326 766 1378 795 hoc
1394 775 1461 796 vero
1475 776 1574 804 passus
1594 775 1638 799 est
1664 771 1782 801 Satanas
1813 773 1841 800 in

1050 809 1151 837 Christi
1162 810 1291 840 adventu.

1085 855 1118 883 V.
1133 856 1178 885 28.
1196 867 1206 884 ι
1219 858 1254 886 Et
1269 860 1407 897 castigabo
1419 866 1456 889 te.
1472 871 1482 889 ι
1493 862 1630 893 Historice
1639 865 1760 900 quidem,
1768 867 1842 902 quod

1049 901 1133 930 etiam
1158 911 1191 931 ex
1206 903 1323 941 Egypto
1345 908 1462 943 regressi
1487 908 1652 945 Jerusalem,
1679 901 1784 940 iterum?
1797 921 1842 940 ca-

1049 947 1235 984 stigabantur;
1250 951 1411 985 spiritaliter
1434 960 1501 982 vero
1523 954 1607 991 Jacob
1628 964 1678 991 per
1701 958 1841 986 Christum

1050 992 1210 1022 salvandum
1229 996 1387 1032 alloquitur,
1404 999 1476 1034 quod
1496 1000 1631 1030 Liberabo
1650 1008 1677 1030 te
1700 1010 1716 1031 a
1737 1004 1842 1033 daemo-

1049 1045 1115 1066 num
1134 1041 1278 1075 servitute,
1305 1047 1334 1071 et
1371 1045 1496 1073 erudiam
1524 1050 1550 1074 te
1566 1047 1682 1083 judicia,
1721 1049 1773 1078 hoc
1798 1056 1842 1078 est

1048 1085 1174 1122 dogmata
1196 1089 1380 1126 evangelica:
1406 1091 1479 1127 quod
1510 1092 1533 1120 si
1569 1093 1728 1130 deliqueris,
1755 1096 1840 1124 casti-

1048 1131 1118 1167 gabo
1132 1137 1169 1160 te.

1343 1182 1421 1211 CAP.
1437 1183 1542 1213 XLVII.

1084 1233 1117 1261 V.
1133 1234 1160 1263 2.
1177 1245 1187 1262 ‹
1208 1235 1271 1265 Haec
1292 1238 1359 1267 dicit
1377 1239 1511 1269 Dominus
1529 1250 1537 1269 :
1564 1241 1636 1271 Ecce
1656 1250 1744 1279 aqua.
1763 1253 1773 1271 ι
1797 1245 1840 1274 Ad

1048 1287 1160 1309 sensum
1171 1283 1282 1316 quidem
1292 1284 1447 1319 litteralem,
1459 1287 1608 1316 multitudo
1618 1288 1839 1325 Babyloniorum.

1047 1326 1081 1353 ad
1111 1328 1257 1363 mysticum
1279 1338 1346 1360 vero
1365 1332 1529 1362 Antichristi
1555 1336 1702 1370 praesentia
1725 1337 1841 1366 denota-

1047 1376 1101 1399 tur.

1083 1417 1116 1444 V.
1131 1417 1157 1445 6.
1173 1427 1182 1444 ι
1206 1418 1228 1446 0
1239 1427 1334 1449 mucro
1351 1422 1471 1456 Domini,
1497 1426 1662 1461 usquequo?
1680 1437 1690 1454 ι
1705 1427 1841 1457 Prmvidet

1047 1463 1182 1497 propheta
1193 1463 1315 1494 divinam
1330 1466 1359 1494 in
1370 1467 1425 1496 line
1432 1469 1565 1498 ultionem
1573 1475 1670 1499 contra
1685 1472 1837 1508 daemones,

1047 1512 1075 1536 et
1091 1509 1217 1538 infideles
1234 1518 1341 1540 omnes.

1086 1564 1095 1581 ι
1114 1555 1271 1592 Regredere
1285 1558 1313 1586 in
1326 1559 1452 1596 vaginam
1468 1566 1554 1591 tuam.
1572 1573 1582 1590 ι
1598 1564 1839 1595 Precaturdeinde

200 1599 294 1626 λοιπὸν
309 1599 447 1635 ὴσυχάσαι
460 1599 511 1634 τῆν
524 1597 619 1632 ὀργὴν,
639 1597 684 1625 ἵνα.
698 1596 843 1633 είρηνεύσῃ
863 1598 879 1632 ἡ
895 1597 992 1643 κτίσιςἶ

1047 1605 1078 1629 ut
1090 1601 1130 1629 ira
1145 1608 1246 1637 cesset,
1259 1609 1287 1632 et
1302 1607 1422 1634 mundus
1437 1615 1504 1643 pace
1524 1609 1640 1639 fruatur.
1667 1611 1747 1640 Certa
1771 1614 1839 1642 ﬁdes

199 1660 236 1666 ——
257 1645 452 1681 Πληροφορίαν
476 1644 598 1680 δέχεται,
614 1644 656 1670 ὅτι
681 1643 731 1678 οὐχ
757 1643 888 1678 ήσυχάσει
915 1641 991 1677 ήτοῠ

200 1689 305 1723 Κυρίου
322 1689 456 1724 μάχαιρα,
472 1688 526 1720 ἓως
541 1684 573 1714 οὗ
585 1687 696 1719 τελείως
712 1688 799 1723 ἀνέλῃ
815 1687 864 1723 τὴν
877 1686 992 1723 πλάνην,

200 1734 248 1760 καὶ
262 1732 376 1768 ἔσχατος
386 1732 483 1768 ἐχθρὸς
498 1732 662 1768 καταργηθῇ
673 1731 689 1758 ὁ
705 1731 822 1764 θάνατος
837 1740 844 1748 ·
861 1732 930 1768 πρὸς
946 1730 993 1760 οὖν

200 1781 233 1815 τῇ
248 1780 365 1816 ἱστορίᾳ,
385 1779 441 1806 νόει
457 1778 507 1806 καὶ
522 1779 558 1806 τὰ
568 1779 620 1814 τῆς
637 1777 768 1814 θεωρίας.

495 1847 623 1875 ΚΕΦΔΛ.
637 1848 710 1876 Mﬂ’.

238 1913 248 1930 ι
266 1904 334 1931 υὺαὶ
348 1903 396 1931 ἐπὶ
410 1894 518 1932 Ναϐαῦ.
539 1915 549 1931 ι
565 1904 673 1938 Νασαῦ,
691 1903 770 1937 πόλις
784 1904 951 1939 Μωαϐιτῶν,
963 1905 993 1932 ὲν

202 1947 219 1986 ᾗ
233 1950 263 1978 τὺ
275 1951 488 1987 Δευτερονόμιον
506 1950 628 1988 ἐγράφη.

238 2007 250 2024 ι
267 1997 383 2025 ’Λλαώθ.
403 2007 413 2024 ι
431 1997 548 2030 Ἀλαὼθ,
565 1991 642 2029 πόλίς
660 1995 824 2031 Μωαϐιτῶν,
841 1996 880 2028 ὡς
895 1996 923 2023 αἱ
939 1995 994 2023 λοιο

202 2043 262 2071 παί.

239 2099 249 2115 ι
279 2090 335 2117 Καὶ
361 2090 534 2124 ἐξελεύσεται
562 2090 678 2127 Χαμώς.
707 2099 716 2116 ι
744 2088 859 2125 Χαμὼς,
884 2088 993 2116 εἴδωλον

202 2136 289 2164 Μωαὸ
293 2137 368 2164 ιτῶν.

239 2190 249 2207 ι
269 2182 323 2208 Καὶ
341 2181 484 2209 ἀπολεῖται
505 2180 520 2207 ό
543 2179 647 2208 αὐλών.
671 2189 681 2206 ι
704 2179 734 2206 ὀ
750 2179 840 2206 αὐλὼν
852 2180 885 2206 τὰ
900 2187 993 2214 παρα-

204 2228 316 2263 κείμενα
329 2228 368 2263 τῷ
386 2227 514 2264 ποταμῷ.

1046 1648 1189 1694 prophetae
1201 1649 1241 1694 lit,
1255 1650 1314 1678 fore
1325 1656 1355 1679 ut
1367 1652 1474 1688 gladius
1493 1654 1602 1684 Domini
1621 1665 1676 1685 non
1703 1659 1836 1694 quiescat.

1045 1692 1134 1721 donec
1147 1693 1269 1728 perfecte
1284 1695 1361 1724 tollat
1382 1704 1523 1732 errorem;
1554 1692 1767 1739 postremusque
1786 1705 1838 1732 ini-

1044 1742 1132 1770 micus
1153 1743 1277 1771 deleatur
1294 1752 1383 1780 mors;
1403 1753 1468 1783 ergo
1490 1753 1590 1783 praeter
1609 1749 1763 1786 historiam,
1785 1753 1838 1781 hoc

1043 1787 1125 1816 etiam
1141 1789 1283 1818 meditare.

1337 1858 1412 1886 CAP.
1434 1859 1551 1889 XLVIII.

1081 1911 1112 1938 V.
1128 1912 1154 1940 ί.
1174 1922 1183 1938 ι
1203 1912 1248 1942 Vae
1267 1921 1352 1950 super
1377 1915 1482 1945 Nabau.
1504 1927 1514 1944 ι
1531 1919 1625 1947 Nabau
1654 1920 1833 1950 Moabitarun

1044 1963 1086 1986 est
1106 1958 1213 1993 civitas,
1230 1959 1258 1987 in
1275 1969 1328 1996 qua
1338 1962 1581 1993 Deuteronomium
1601 1966 1732 2002 scriptum
1745 1972 1797 1997 est.

1083 2012 1092 2029 ι
1120 2003 1231 2033 Alaoth.
1257 2015 1266 2032 ι
1304 2006 1373 2035 Urbs
1407 2009 1590 2038 Moabitarum
1616 2012 1699 2041 sicuti
1728 2019 1756 2042 et
1780 2023 1835 2044 ce-

1043 2052 1119 2077 teras.

1080 2095 1111 2122 ν.
1130 2095 1155 2124 7.
1175 2105 1184 2122 ι
1209 2096 1245 2125 Et
1259 2099 1416 2134 egredietur
1440 2101 1570 2131 Chamos.
1596 2113 1606 2130 ι
1623 2104 1743 2135 Chamos
1774 2107 1834 2136 ido-

1044 2141 1099 2169 lum
1111 2141 1301 2172 Moabitarum.

1080 2187 1112 2216 ν.
1127 2189 1153 2216 8.
1167 2198 1176 2214 ι
1192 2189 1224 2216 Et
1241 2190 1342 2225 peribit
1354 2192 1441 2220 vallis.
1462 2203 1471 2219 ι
1492 2193 1558 2227 Quae
1574 2195 1679 2225 ﬂumini
1698 2198 1832 2234 adjacent.

240 2283 249 2299 ε
259 2274 324 2301 Δότε
338 2276 440 2310 σημεῖα
452 2275 486 2310 τῇ
501 2273 618 2301 Μωάϐ.)
633 2272 707 2299 ’Δντὶ
719 2271 777 2305 τοῦ,
794 2271 992 2306 Προσημιῇατε

1081 2277 1114 2304 ν.
1127 2277 1153 2306 9.
1174 2287 1184 2303 ι
1203 2277 1269 2306 Date
1281 2279 1357 2315 signa
1379 2279 1468 2308 Moab.
1489 2290 1498 2306 ι
1530 2281 1593 2315 Pro,
1625 2284 1836 2320 praesigniﬁcate

204 2321 283 2348 αὐτῆ.

240 2330 407 2402 ίῃῆῑξαίρων
419 2365 560 2401 μάχαιραν
574 2364 657 2392 αὑτοῦ
667 2364 713 2399 ἀφ’
726 2364 868 2399 αἵματος.»
883 2363 994 2390 Μωαϐῖ-

206 2423 245 2441 ται
260 2414 310 2440 καὶ
323 2413 490 2449 Ἀμμανῖται
502 2412 663 2439 κωλύωνται
673 2412 705 2438 ὲκ
719 2410 767 2437 τοῦ
779 2411 862 2446 νόμου
879 2411 994 2437 εἰσιέναι

206 2461 242 2492 τίς
256 2458 332 2486 οἷκον
346 2459 426 2486 Θεοῦ.
444 2459 516 2494 Πρὸς
532 2459 582 2495 μὲν
594 2456 641 2486 οὖν
661 2458 712 2494 τὴν
722 2457 857 2493 ιστορίαν,
876 2457 995 2492 καταρᾶ-

205 2514 247 2533 ται
266 2506 332 2537 τοὺς
350 2506 389 2541 μὴ
408 2506 591 2541 ἁναιρουντας
608 2504 710 2537 αὐτούς
722 2512 729 2519 ·
745 2504 779 2531 ὲκ
793 2503 823 2530 δὲ
836 2503 886 2538 τῆς
907 2503 994 2538 ἀφορ-

206 2552 257 2588 μῆς
276 2551 379 2587 ταύτης
389 2552 499 2586 γενικὸν
517 2551 626 2584 ἐξέθετο
640 2551 720 2586 λόγον
734 2550 781 2577 καί
794 2558 878 2585 φησιν
889 2557 898 2565 ⁸
920 2549 995 2576 Ἐπι-

207 2597 370 2631 εατὰρατός
382 2597 469 2624 ἐστιν
489 2599 506 2624 ό
523 2597 747 2631 ἀφαιρούμενος
763 2596 820 2630 τὴν
842 2594 995 2630 μάχαιραν·

203 2643 297 2671 αὐτοῦ
309 2644 365 2670 ἀπὸ
379 2644 427 2671 τοῦ
442 2645 565 2680 ἀναιρεῖν
585 2643 619 2670 τὰ
637 2642 727 2678 φαῦλα
739 2651 748 2658 ·
769 2642 787 2678 ὴ
801 2642 855 2678 γὰρ
871 2642 995 2677 μάχαιρα

202 2689 250 2716 τοῦ
266 2690 422 2726 πνεύματος
436 2690 540 2726 ὀφείλει
553 2691 678 2725 φονεύειν
689 2689 725 2716 τὰ
742 2689 816 2716 κακὰ
829 2688 957 2716 πάντοτε.

240 2746 251 2764 ι
270 2737 326 2764 Καὶ
344 2736 493 2768 πεποιθώς.
515 2746 524 2763 ν
546 2736 576 2763 ’0
597 2737 634 2772 μὴ
649 2735 720 2771 ἔχων
740 2735 888 2770 πρόσωπον
901 2735 942 2766 εις
956 2731 996 2760 οῖ-

205 2793 252 2812 ιον
275 2783 344 2811 Θεοῦ
382 2784 496 2810 εἰσιέναι
529 2783 678 2817 Μωαῦίτης
694 2802 701 2815 ,
734 2781 846 2808 πέποιθε
873 2782 907 2817 τῇ
929 2780 994 2816 δόξῃ

206 2829 253 2857 τοῦ
275 2830 373 2862 αίῶνος
400 2829 506 2858 τούτου.
525 2844 560 2850 --
584 2829 661 2855 Μετὰ
676 2828 727 2863 τὴν
745 2827 867 2863 ἱστορίαν
884 2827 992 2862 νόησον,

208 2876 251 2904 ὕει
261 2877 402 2914 ἠμέλησεν
412 2877 462 2909 τὰς
474 2875 643 2913 νεωτερικὰς
658 2874 749 2911 ὁρμὰς
763 2872 910 2909 ἀνακόψαι.

1044 2322 1091 2350 illi.

1079 2367 1113 2395 ν.
1131 2369 1174 2396 l0.
1189 2378 1199 2394 «
1215 2369 1266 2402 Qui
1275 2369 1413 2398 subtrahit
1426 2371 1545 2407 gladium
1556 2379 1635 2399 suum
1649 2374 1832 2409 asanguine.»

1044 2414 1171 2444 Moabitae
1188 2421 1215 2443 et
1231 2417 1397 2445 Ammanitae
1423 2418 1482 2454 lege
1513 2419 1695 2454 prohibentur
1725 2420 1759 2447 ab
1790 2421 1835 2449 in-

1044 2468 1141 2495 gressu
1155 2461 1253 2489 domus
1265 2462 1312 2490 Dei
1322 2471 1329 2496 ;
1340 2463 1413 2498 quod
1422 2463 1514 2499 itaque
1527 2465 1560 2493 ad
1575 2465 1717 2493 historiam
1726 2465 1834 2500 attinet,

1044 2505 1183 2534 maledicit
1202 2514 1257 2534 non
1273 2507 1502 2537 interﬁeientibus
1517 2510 1594 2543 illos;
1610 2510 1693 2547 huius
1709 2519 1774 2539 vero
1792 2520 1838 2540 oc-

1045 2552 1158 2580 casione
1185 2554 1340 2589 generalem
1364 2555 1479 2589 protulit
1502 2563 1670 2591 sermonem,
1695 2561 1723 2585 et
1751 2557 1834 2586 dicit:

1044 2598 1199 2626 Maledicta
1214 2599 1259 2634 qui
1273 2599 1392 2635 gladium
1404 2609 1482 2629 suum
1489 2603 1617 2636 prohibet,
1636 2603 1671 2631 ab
1687 2605 1836 2632 enecandi:

1045 2644 1140 2678 malis;
1151 2645 1273 2715 lgladius
1285 2646 1386 2682 quippe
1400 2647 1515 2683 spiritus
1524 2649 1663 2678 trucidare
1679 2651 1836 2686 semperde-

1045 2688 1092 2715 het
1107 2696 1150 2715 ma
1162 2697 1188 2715 υ.

1045 2688 1092 2716 bet
1107 2688 1188 2716 mala.

1083 2733 1116 2761 V.
1137 2735 1182 2762 Η.
1199 2743 1208 2760 ι
1228 2734 1260 2762 Et
1277 2735 1363 2763 ﬁdens
1377 2742 1445 2765 erat.
1462 2747 1472 2764 ›
1489 2737 1541 2772 Qui
1557 2739 1686 2776 indignus
1702 2744 1744 2767 est
1763 2744 1792 2767 ut
1807 2739 1836 2768 in

1045 2781 1160 2809 domum
1171 2781 1217 2808 Dei
1230 2781 1409 2817 ingrediatur,
1420 2789 1451 2812 ut
1461 2784 1589 2818 Moabita,
1603 2787 1689 2813 tidens
1702 2790 1742 2813 est
1754 2794 1838 2820 super

1046 2827 1131 2862 gloria
1142 2827 1233 2854 saeculi
1247 2827 1338 2862 hujus.
1351 2827 1416 2856 Post
1434 2829 1596 2858 historicum
1619 2838 1729 2858 sensum
1756 2829 1835 2858 intel-

1047 2874 1099 2909 ligo
1128 2880 1192 2900 eum
1219 2881 1273 2900 non
1293 2881 1404 2902 curasse
1425 2879 1455 2902 ut
1472 2876 1608 2911 juveniles
1621 2876 1740 2913 impetus
1759 2884 1834 2904 eont-

1047 2923 1180 2955 pescerct.
