2052 3150
221 214 274 247 70’!

767 207 1029 238 OLYMPIODORI
1044 207 1292 237 ALEXANDRIN
1298 207 1308 236 l

1810 208 1861 238 708

256 280 266 297 ι
289 270 347 297 Non
360 267 504 297 transfudit
528 266 563 294 de
589 273 654 294 vase
689 266 717 293 in
731 273 789 293 vas.
817 275 825 290 ι
856 265 1011 292 Secundum

1105 273 1113 289 I
1132 264 1189 291 οὐκ
1201 265 1309 300 ἐνέχεεν
1324 263 1354 296 ἐξ
1373 263 1487 298 ἀγγείου
1503 264 1543 295 εις
1555 264 1678 298 ἀγγεῖον.
1696 273 1705 290 ι
1724 264 1798 300 Πρὸς
1812 266 1862 300 μὲν

221 316 360 343 historiam
372 313 480 349 quidem
494 320 502 339 :
518 312 675 347 Nunquam,
690 312 789 347 inquit,
800 312 867 339 abiit
881 311 909 338 in
927 316 1015 339 trans.

221 361 418 398 migrationem,
446 367 536 395 neque
553 359 635 386 ullam
657 366 751 386 rerum
780 367 895 386 suarum
923 359 1016 394 jactu-

220 415 277 435 ram
292 407 367 434 fecit.
382 405 494 441 Mystice
504 412 581 437 vero,
601 413 648 432 vas
669 405 714 432 hic
731 409 812 433 vocat
826 406 948 433 calicem.
968 405 1016 433 Est

219 459 301 487 porro
313 451 382 479 calix
392 451 449 484 iraa,
465 455 493 478 et
507 450 578 478 calix
611 451 759 484 salutaris;
790 459 846 478 non
874 451 1017 479 inclinavit

219 498 310 534 igitur,
326 498 374 531 ait,
389 497 489 525 furoris
500 497 612 526 calicem
638 498 668 526 in
702 498 818 526 calicem
841 498 989 526 salutarem
1007 507 1014 526 :

220 544 274 571 hoc
285 548 327 571 est
338 544 484 579 propitiam
498 544 551 572 sibi
573 551 630 572 non
656 545 775 573 reddidit
803 545 924 573 divinam
947 545 1017 573 indi-

219 590 386 624 gnationem.

256 645 266 662 ε
279 636 383 664 idcirco
396 636 499 663 mansit
519 641 614 671 gustus
638 636 712 671 ejus.
731 645 740 662 ν
770 636 885 663 Amarus
909 635 1016 671 peccati

219 687 314 718 gustus
330 683 462 710 :odorem
477 689 542 710 vero
560 683 623 718 ejus
643 684 682 711 ait
695 688 812 712 mortem
826 683 935 711 δαείη.

255 783 289 812 ν.
305 785 348 812 12.
371 794 380 810 ι
394 784 543 820 Propterea
559 793 623 813 ecce
639 784 708 813 dies.
727 793 735 810 ι
751 784 873 812 Perstitit
884 785 913 812 in
928 789 1015 812 meta-

220 832 323 867 phora;
344 831 382 859 ait
396 839 461 860 vero
473 832 501 859 in
521 832 708 868 captivitatem
728 831 872 859 ducentes.

257 886 268 903 σ
288 877 395 904 Cornua
412 877 483 912 ejus.
508 886 517 903 ›
538 876 660 904 Gloriam
674 877 744 911 ejus.

255 921 288 949 V.
310 922 354 949 15.
369 930 378 948 ι
396 922 419 949 Α
445 921 551 949 Bethel.
577 931 586 948 ι
612 921 642 949 In
663 929 716 957 qua
745 920 845 948 vitulos
870 919 1015 948 Jeroboam

220 967 316 995 erexit.
333 967 430 995 Sermo
450 967 494 995 hic
514 971 609 996 contra
623 967 786 996 diabolicam
812 967 910 996 referri
925 969 1015 1004 potest

220 1011 371 1047 nequitiam
381 1030 388 1038 .

254 1067 288 1103 Ὺ.
312 1069 356 1096 Η.
371 1078 380 1095 ι
400 1067 667 1101 Quomododicetis:
683 1067 777 1097 Fortes
792 1069 904 1096 sumus?
922 1078 930 1094 ι
942 1068 1015 1102 Quo-

220 1114 294 1142 niam
309 1114 337 1141 in
347 1114 434 1142 Deum
452 1114 604 1142 insolenter
624 1122 653 1142 se
668 1114 768 1149 gessit,
789 1119 817 1142 et
844 1114 981 1142 lsraelitas
998 1122 1014 1142 a

219 1160 320 1195 quibus
332 1161 408 1188 nulla
424 1165 467 1188 est
479 1160 594 1188 ail'ectus
607 1160 706 1195 injuria
718 1169 725 1187 :
739 1161 791 1188 hoc
807 1165 849 1188 est
859 1168 911 1189 nos
926 1169 1013 1197 oppu-

221 1209 298 1240 gnat.

257 1259 267 1276 ι
286 1250 413 1278 Baculus.
434 1260 444 1277 ι
466 1250 621 1279 Gloriosum
634 1258 759 1287 regnum.

258 1304 269 1322 σ
285 1295 367 1331 Virga
377 1295 597 1332 magniﬁcentiae.
615 1306 626 1323 ι
642 1296 835 1333 Magnitudinis
847 1297 940 1325 robur.

258 1381 379 1411 v.19.«
399 1382 504 1411 Sedens
538 1383 567 1411 in
597 1383 677 1412 Arar.
698 1393 708 1411 ι
735 1384 765 1411 ln
799 1384 956 1420 putredine,
983 1384 1012 1412 in

239 1435 307 1455 ane.

239 1435 279 1455 an
300 1447 307 1455 .

221 1436 237 1456 ε
258 1435 297 1500 Vt.3
308 1473 355 1502 22.
378 1483 388 1500 ι
405 1473 439 1502 Et
451 1481 533 1510 super
549 1475 672 1502 domum.
693 1484 703 1501 ι
724 1475 837 1512 Regiam
849 1482 945 1504 eorum
963 1484 1010 1504 ur—

219 1519 283 1547 bem
300 1520 376 1548 dicit.
393 1520 440 1548 llla
455 1526 497 1548 est
514 1529 575 1556 quae
591 1521 673 1549 hodie
688 1521 802 1557 Daphne
815 1526 939 1550 vocatur.

258 1565 291 1592 ν.
309 1565 354 1593 ‘25.
373 1574 383 1591 ‹
401 1565 577 1593 Confractum
592 1571 635 1594 est
646 1574 732 1594 cornu
747 1566 837 1595 loab.
861 1577 871 1594 ι
893 1567 952 1596 Hoc
967 1571 1011 1596 est

221 1661 276 1685 est.

257 1702 345 1732 v.26.
358 1712 367 1730 ι
385 1703 522 1733 lnebriate
536 1711 610 1731 eum.
627 1713 637 1730 ι
670 1703 700 1731 ln
723 1704 822 1733 robore
840 1712 890 1733 suo
915 1710 1010 1735 conte-

222 1753 294 1778 rent.

258 1795 291 1823 V.
304 1795 350 1823 Ἣ.
373 1805 383 1822 ‹
401 1796 436 1823 Ει
454 1796 565 1831 quidem
593 1796 621 1824 in
637 1797 757 1824 derisum
771 1802 842 1825 erat.
860 1807 869 1824 ι
887 1797 966 1832 Quod
982 1802 1011 1827 et

222 1840 346 1870 tulsrael
361 1841 517 1874 deridehas,
531 1843 609 1878 quasi
623 1843 669 1870 ille
683 1851 739 1871 non
766 1843 801 1871 ob
817 1847 943 1879 peccata,
961 1845 1010 1873 sed

220 1886 258 1913 ob
273 1886 460 1921 impotentiam
474 1887 523 1914 Dei
542 1887 584 1915 sui
602 1886 760 1922 puniretur.

260 1941 270 1958 l
289 1931 323 1959 Et
335 1932 362 1959 in
377 1932 458 1960 furtis
474 1933 538 1961 tuis.
557 1943 567 1960 ι
582 1933 652 1966 Tua,
666 1933 766 1969 inquit,
777 1933 900 1962 furentes
914 1934 1011 1970 depre-

222 1977 351 2010 hendisti,
363 1978 436 2013 quod
453 1978 481 2005 in
500 1978 584 2006 lsrael
613 1979 764 2015 pugnabas.
780 1980 848 2007 Nam
865 1985 893 2008 et
912 1980 940 2007 in
955 1980 1010 2008 daa-

221 2031 317 2051 mones
339 2024 392 2051 hoc
421 2024 508 2060 aptari
527 2028 628 2060 potest,
642 2025 689 2060 qui
715 2025 785 2052 nihil
800 2025 908 2061 injuria:
929 2031 1009 2054 antea

221 2069 305 2104 passi,
320 2070 401 2098 nobis
416 2074 508 2098 tamen
520 2070 595 2098 nulla
610 2071 645 2099 de
658 2078 741 2099 causa
759 2071 862 2099 bellum
873 2071 1008 2100 inferunt.

257 2125 291 2154 ν.
310 2127 357 2154 28.
378 2136 386 2152 ε
397 2126 452 2154 Ore
472 2126 567 2154 fovete.
582 2136 591 2153 ι
604 2127 634 2154 In
657 2127 749 2162 specie
763 2135 896 2157 cavernae.
913 2128 1010 2157 Adhuc

221 2171 311 2199 minas
340 2172 426 2207 iactat
463 2173 492 2200 in
519 2173 704 2207 Moabitidem,
723 2178 753 2201 ut
776 2182 837 2210 quae
868 2175 895 2202 in
921 2175 1009 2203 Deum

221 2217 312 2252 ipsum
339 2218 520 2246 contumelias
538 2219 656 2255 jecerit,
683 2219 748 2247 dum
777 2220 881 2249 diceret
911 2229 918 2248 :
948 2221 1008 2250 Non

222 2265 294 2292 valet
317 2265 390 2293 Deus
403 2266 508 2294 salvare
525 2266 620 2297 Israel.

255 2308 289 2338 V.
309 2310 352 2339 50.
371 2320 380 2336 ι
393 2310 481 2347 Supra
496 2312 522 2340 id
536 2313 610 2348 quod
624 2318 742 2349 poterat.
766 2323 776 2340 ι
793 2313 877 2347 Quasi
893 2323 948 2344 non
959 2323 1009 2344 ex-

219 2361 348 2392 spectans
369 2358 580 2387 retributionem
607 2360 676 2393 fore,
697 2360 734 2388 ita
750 2366 880 2399 operatus
891 2367 944 2396 est,
966 2363 1009 2391 vel

219 2402 262 2430 sic
274 2411 329 2431 non
345 2408 415 2433 totas
429 2412 493 2433 suas
504 2405 578 2434 vires
591 2406 716 2441 contulit,
727 2411 757 2435 ut
771 2407 800 2435 in
811 2416 855 2436 me
867 2414 1009 2438 contume-

220 2447 306 2476 liosus
317 2450 413 2478 esset?

259 2503 290 2531 ν.
306 2504 352 2532 51.
364 2514 373 2531 ι
388 2505 510 2535 Clamate
521 2507 604 2543 super
618 2509 693 2537 viros
716 2514 811 2538 tensos
835 2511 979 2546 squaloris.
994 2521 1006 2539 ι

222 2550 312 2587 super
327 2556 451 2586 comptos
465 2553 539 2581 viros
564 2554 718 2584 Moabitidis
731 2556 766 2584 ob
785 2557 936 2592 squalidam
964 2566 1009 2586 re-

220 2597 338 2632 gionem.
356 2596 405 2625 Vel
417 2598 458 2626 sic
468 2606 551 2634 super
567 2607 616 2629 eos
637 2602 684 2636 qui
705 2603 823 2638 squalidi
836 2611 897 2632 esse
922 2603 1008 2632 debe-

220 2647 294 2675 rent,
307 2647 335 2670 et
346 2643 439 2679 lugere
454 2650 576 2680 peccata,
601 2647 733 2680 detonsos
761 2657 838 2684 vero,
858 2655 887 2678 et
901 2650 1008 2679 deliciis

220 2688 328 2717 deditos
336 2690 371 2718 ob
390 2695 586 2727 contemptum.

255 2776 288 2805 ν.
303 2778 347 2807 52.
369 2788 378 2805 ι
397 2779 479 2813 Quasi
493 2781 630 2817 planctum
656 2783 736 2812 Jazer
766 2785 889 2820 plorabo.
903 2795 914 2813 ι
932 2786 1009 2815 Sicut

218 2822 308 2857 Jazer,
325 2825 374 2859 ait,
387 2826 424 2854 ita
436 2832 463 2855 et
478 2827 607 2857 Sebamin
629 2829 739 2859 faciam.
750 2830 844 2858 Vineae
859 2839 925 2860 vero
950 2840 1008 2861 me-

211 2869 299 2941 :uinit
311 2879 345 2900 eo
355 2872 428 2908 quod
444 2873 536 2910 fruges
549 2875 584 2904 ab
599 2875 724 2905 hostibus
741 2875 850 2905 ﬂamma
858 2877 1007 2907 absuman-

233 2922 274 2941 ur.

233 2922 274 2943 ΙΙΙ.

1068 310 1203 344 ἱστορίαν,
1214 309 1361 343 Οὐδέποτε,
1376 310 1470 345 φησὶν,
1479 309 1635 344 ἀπῳκίσθη,
1650 308 1711 340 οὐδὲ
1737 309 1863 337 ἀπώλεσέ

1066 365 1094 383 τι
1113 356 1168 383 τῶν
1183 355 1294 384 ἑαυτοῦ.
1308 356 1380 392 Πρὸς
1393 356 1422 383 δὲ
1436 356 1568 389 διάνοιαν,
1585 355 1708 391 ἀττεῒόν
1720 365 1805 393 φησιν
1814 358 1860 384 ὲν-

1065 401 1153 429 ταῦθα
1169 402 1200 432 τὸ
1219 401 1373 436 ποτήριον.
1396 401 1474 428 Ἐστι
1491 401 1520 429 δὲ
1536 402 1669 437 ποτήριον
1691 402 1797 438 ὀργῆς,
1814 402 1862 429 καὶ

1066 449 1198 485 ποτήριον
1225 448 1360 485 σωτηρίου
1372 457 1379 463 ·
1403 448 1453 475 οὐκ
1467 447 1573 475 ἔκλινεν
1585 447 1642 482 οὖν,
1657 447 1736 484 φησὶ,
1765 447 1797 476 τὸ
1810 448 1861 483 τῆς

1066 495 1151 531 ὀργῆς
1167 495 1297 531 ποτήριον
1312 495 1352 527 εἰς
1366 494 1398 521 τὸ
1415 494 1464 522 τοῦ
1479 493 1615 530 σωτηρίου
1630 514 1638 528 ,
1654 494 1716 523 ἀντὶ
1736 493 1796 527 τοῦ,
1811 494 1862 521 οὐκ

1066 541 1236 582 ὲξιλεώσατο⁵
1243 542 1293 577 τὴν
1305 541 1382 568 θείαν
1398 541 1494 578 ὀργήν.

1105 643 1115 659 α
1138 632 1194 660 Kal
1208 633 1253 659 διὰ
1271 631 1352 658 τοῦτο
1365 631 1432 666 ἔστη
1450 630 1544 666 γεῦμα
1561 628 1656 657 αὐτοῦ.
1680 638 1689 655 ι
1707 629 1744 655 Τὸ
1762 628 1862 663 πικρὸν

1065 679 1117 714 τῆς
1128 677 1266 714 ἁμαρτιας
1287 676 1390 712 γεῦμαο
1404 675 1494 712 ὀσμὴν
1513 675 1541 703 δὲ
1563 674 1649 704 αὐτοῦ
1666 682 1733 712 φησι
1747 673 1796 709 τὴν
1813 674 1847 700 θα

1064 725 1231 761 νατηφόρον.

1104 792 1114 809 ‹
1127 783 1183 810 Καὶ
1194 782 1238 809 διὰ
1247 780 1327 808 τοῦτο
1344 781 1398 808 ἰδοὺ
1410 780 1524 816 ἡμέραι.
1538 788 1548 805 ι
1559 778 1698 814 Ἑνέμεινε
1709 779 1744 814 τῇ
1757 778 1858 814 τροπῇ,

1066 830 1133 867 φησὶ
1146 829 1175 856 δὲ
1186 828 1448 866 αἰχμαλωτίζοντας.

1105 886 1114 902 ε
1135 875 1177 902 Τὰ
1194 875 1298 910 κέρατα
1313 874 1407 902 αὑτοῦ.
1432 882 1441 899 ι
1463 873 1521 908 Τὴν
1536 872 1617 906 δόξαν
1631 872 1726 900 αὑτοῦ.

1105 929 1115 948 t
1133 920 1203 948 Ἀπὸ
1222 919 1336 955 Βαιθήλ.
1357 927 1368 945 ι
1395 918 1442 946 Ἐν
1495 917 1596 954 ἔστησε
1618 918 1668 950 τὰς
1693 916 1826 952 δαμάλεις
1843 916 1858 942 ὁ

1072 967 1224 1003 Ἱεροϐοάμ.
1241 967 1319 1002 Ἔχει
1344 964 1483 1000 ἀναφορὰν
1506 965 1520 991 ὀ
1536 963 1617 998 λόγος
1640 963 1712 990 κατὰ
1726 962 1777 997 τῆς
1797 962 1857 990 δια-

1067 1012 1178 1049 ϐολικῆς
1191 1012 1302 1044 κακίας.

1104 1081 1113 1097 ε
1132 1070 1196 1102 ΙΙῶς
1212 1070 1315 1106 ἐρεῖτε·
1341 1067 1457 1104 Ἰσχυροῑ
1471 1068 1575 1103 ἐσμεν;
1593 1076 1603 1093 ›
1618 1066 1680 1093 Ὅτι
1700 1063 1856 1101 ἐμεγαλαύ-

1065 1125 1133 1153 χησε
1155 1116 1228 1143 κατὰ
1249 1115 1297 1143 τοῦ
1316 1114 1396 1148 Θεοῦ,
1417 1114 1465 1141 καὶ
1481 1113 1558 1140 οὐδὲν
1573 1111 1655 1140 αὑτὸν
1669 1111 1855 1146 ἀδικήσαντας

1064 1163 1128 1194 τοὺς
1140 1161 1324 1197 Ἰσραηλίτας,
1336 1159 1479 1188 τουτέστιν
1494 1159 1579 1195 ἡμᾶς,
1598 1157 1800 1193 καταπολεμεί.

1102 1259 1112 1276 1
1128 1249 1281 1285 Βακτηρια.
1297 1257 1312 1290 ,ι
1332 1248 1365 1275 Ἦ
1379 1247 1485 1281 ἐνδοξοζ
1499 1248 1635 1283 βασιλεία.

1038 1317 1041 1319 .
1101 1305 1111 1321 ι
1140 1293 1252 1326 Ῥάϐδος
1276 1293 1486 1330 μεγαλώματος.
1508 1303 1517 1320 ι
1538 1293 1570 1322 Ἡ
1592 1293 1642 1327 τῆς
1658 1290 1858 1328 μεγαλωσύνης

1065 1341 1278 1422 ῑσξαῗέαθημένη
1295 1387 1326 1414 ἐν
1343 1386 1441 1422 ’Δράρ.
1458 1395 1468 1412 ι
1487 1386 1533 1412 Ἐν
1548 1385 1641 1421 σήψει,
1658 1384 1689 1411 ὲν
1705 1382 1820 1419 σαπρίᾳ.

1101 1489 1111 1506 ε
1128 1479 1185 1507 Καὶ
1193 1479 1237 1507 ἐπ’
1246 1477 1332 1507 οἷκον.
1347 1489 1357 1506 ι
1376 1479 1433 1516 Τὴν
1451 1478 1595 1514 βασιλικὴν
1609 1477 1699 1507 αὐτῶν
1713 1476 1790 1504 πόλιν
1802 1484 1855 1510 φη-

1064 1526 1117 1553 σίν.
1131 1540 1169 1547 -
1183 1525 1260 1561 Αὕτη
1275 1526 1386 1561 λέγεται
1399 1526 1416 1561 ἡ
1431 1525 1479 1552 νῦν
1493 1524 1650 1560 καλουμένη
1669 1523 1774 1558 Δάφνη.

1099 1580 1111 1598 ‹
1127 1571 1282 1607 Κατεάχθη’
1292 1571 1378 1607 κέρας
1391 1571 1490 1599 Μωάὸ.
1510 1579 1520 1597 ›
1535 1569 1610 1598 Ἀντὶ
1624 1568 1685 1601 τοῦ,
1701 1568 1748 1595 καὶ
1761 1569 1779 1604 ἡ
1791 1566 1856 1600 δόξα

222 1615 252 1639 et
266 1611 354 1647 gloria
374 1611 445 1647 ejus,
459 1616 487 1640 et
497 1612 581 1640 robur
591 1613 669 1648 ejus;
697 1620 795 1641 manus
812 1614 915 1649 quippe
938 1614 1011 1642 actio

1062 1615 1156 1650 αὑτοῦ,
1173 1617 1222 1644 καὶ
1237 1617 1254 1653 ὴ
1270 1617 1347 1652 ἰσχὺς
1359 1615 1443 1644 αὐτοῦ
1458 1623 1466 1631 ·
1483 1616 1545 1651 χεὶρ
1559 1615 1614 1650 γὰρ
1630 1615 1647 1650 ἡ
1664 1614 1773 1650 πρᾶξις.

1100 1716 1109 1734 ε
1124 1706 1270 1734 Maedos-re
1285 1706 1376 1734 αὐτόν.
1397 1715 1407 1732 ι
1425 1706 1471 1733 Ἐν
1487 1707 1523 1741 τῇ
1549 1705 1622 1741 ῑσχὺἶ
1634 1703 1720 1735 αὐτοῦ
1744 1711 1854 1740 συντρι-

1061 1753 1187 1790 ϐήσεται.

1100 1809 1110 1825 ι
1130 1799 1187 1825 Καὶ
1219 1799 1273 1835 μὴν
1297 1799 1337 1831 εἰς
1361 1798 1526 1833 γελοιασμδν
1555 1795 1600 1833 ἧν.
1630 1806 1640 1823 ι
1662 1797 1725 1827 ὀτι
1745 1795 1793 1823 καὶ
1813 1796 1852 1822 σὺ

1061 1845 1209 1881 ὲχλεύαζες
1231 1845 1279 1872 τὸν
1300 1845 1423 1884 Ἰσραὴλ,
1445 1845 1483 1877 ὼς
1499 1844 1530 1871 οὑ
1544 1844 1577 1871 δι’
1604 1843 1756 1879 ἁμαρτιας,
1783 1841 1854 1869 ἀλλὰ

1061 1891 1094 1919 δι’
1110 1891 1261 1927 ἀδυναμίαν
1277 1891 1324 1918 τοῦ
1340 1891 1408 1919 Θεοῦ
1425 1891 1515 1919 αὐτῶν
1531 1890 1745 1927 τιμωρούμενον.

1100 1947 1110 1964 t
1124 1938 1179 1965 Καὶ
1193 1939 1222 1965 ὲν
1235 1938 1349 1970 κλοπαῖς
1362 1946 1420 1965 σου.
1439 1946 1449 1963 ι
1463 1937 1647 1969 Κλέπτοντας,
1663 1936 1757 1971 φησὶν,
1774 1931 1854 1972 εὗρες

1060 1984 1095 2012 τὰ
1107 1984 1151 2018 σὰ,
1168 1985 1209 2012 ὃτι
1222 1984 1368 2021 ὲποᾉέμεις
1391 1985 1438 2012 τὸν
1454 1984 1574 2021 Ἰσραήλ.
1591 1983 1678 2010 Τοῦτο
1695 1983 1750 2018 γὰρ
1765 1982 1853 2018 ἁρμό-

1061 2039 1103 2058 σει
1126 2031 1255 2058 καὶκατὰ
1265 2028 1410 2066 ὅαιμόνων,
1426 2031 1479 2058 τῶν
1494 2030 1578 2066 μηδὲν
1592 2029 1643 2066 μὲν
1653 2028 1853 2065 προαδικηθέν-

1059 2085 1125 2110 των,
1139 2076 1246 2112 δωρεὰν
1263 2076 1292 2104 δὲ
1305 2077 1371 2112 ἡμῖν
1387 2076 1590 2112 πολεμούντων.

1099 2143 1109 2160 ι
1132 2133 1251 2170 Στόματι
1268 2133 1394 2169 βοθύνου.
1421 2143 1430 2161 ι
1450 2133 1496 2162 Ἐν
1512 2135 1633 2170 σχήματι
1646 2133 1799 2169 φάραγγος.
1817 2142 1853 2154 ‘—

1062 2179 1123 2206 Ἔτι
1143 2179 1251 2206 ἀπειλεῖ
1272 2179 1344 2208 κατὰ
1363 2180 1415 2215 τῆς
1441 2179 1623 2214 Μωαϐίτιδος,
1647 2179 1686 2212 ὡς
1709 2180 1749 2212 εις
1768 2179 1853 2206 αὐτὸν

1060 2225 1243 2262 ὲξυὸρισάσης
1256 2226 1302 2254 τὸν
1312 2226 1379 2253 Θεὸν
1393 2226 1437 2253 διὰ
1446 2226 1493 2253 τοῦ
1509 2226 1609 2261 λέγειν·
1627 2226 1684 2253 Οὐκ
1698 2225 1787 2262 ἰσχύει
1799 2224 1852 2253 σώ-

1061 2270 1119 2304 ζειν
1133 2271 1148 2298 ὸ
1162 2271 1229 2303 Θεὸς
1245 2271 1292 2298 τὸν
1304 2271 1424 2308 Ἰσραήλ.

1100 2327 1109 2343 ι
1127 2317 1197 2353 Οὐχὶ
1212 2317 1243 2345 τὺ
1260 2318 1370 2352 ἱκανόνς
1384 2328 1394 2344 ι
1411 2318 1467 2354 Οὐχ
1477 2318 1514 2350 ὡς
1529 2318 1699 2354 προσδοκῶν,
1712 2318 1752 2345 ὅτι
1769 2318 1852 2345 ἀντα-

1059 2363 1168 2396 πόδοσις
1193 2364 1279 2398 ἐστιν,
1291 2363 1378 2397 οὕτως
1402 2363 1533 2400 ἔπραξεν,
1581 2363 1669 2396 οὕτως
1681 2372 1689 2397 ;
1703 2364 1735 2391 οὐ
1758 2365 1851 2392 πᾶσαν

1058 2409 1108 2444 τὴν
1130 2409 1229 2437 ἑαυτοῦ
1254 2410 1370 2445 δύναμιν
1391 2410 1553 2446 εἰσήνεγκεν
1569 2409 1610 2442 εἰς
1631 2409 1681 2446 τὴν
1697 2409 1759 2437 κατ’
1779 2410 1850 2445 ὲμοῦ

1060 2457 1138 2492 ὕϐριν
1148 2466 1156 2490 ;

1097 2521 1107 2539 ‹
1126 2512 1249 2548 Βοήσατε
1266 2512 1310 2539 ἐπ’
1332 2511 1433 2548 ἄνδρας
1458 2512 1588 2548 κειράδις
1610 2511 1731 2548 αὐχμοῦ.
1751 2520 1762 2537 ι
1786 2511 1850 2538 Ἐπὶ

1057 2558 1121 2591 τοὺς
1144 2558 1419 2594 κεκαλλωπισμένους
1449 2558 1549 2594 ἄνδρας
1579 2559 1629 2594 τῆς
1652 2558 1824 2593 Μωαϐίτιδος
1840 2566 1848 2574 ·

1058 2603 1207 2640 αὐχμώδης
1221 2604 1276 2639 γὰρ
1286 2605 1304 2640 ἡ
1319 2603 1407 2640 χώρα.
1425 2604 1460 2631 Ἦ
1476 2604 1574 2636 οὕτως,
1587 2604 1636 2631 hri.
1651 2604 1714 2636 τοὺς
1726 2603 1850 2639 ὀφείλον-

1057 2658 1108 2682 τας
1122 2649 1277 2685 αὑχμώδεις
1292 2648 1373 2683 εἶναι,
1383 2651 1430 2677 καὶ
1442 2651 1552 2677 πενθεῖν
1567 2650 1612 2677 διὰ
1628 2650 1677 2683 τὰς
1689 2649 1847 2685 ἁμαρτίας·

1058 2694 1238 2730 κειρομένους
1266 2694 1295 2723 δὲ
1322 2697 1369 2723 καὶ
1394 2695 1555 2732 τρυφῶντας
1582 2695 1627 2724 διὰ
1670 2695 1848 2732 καταφρόνη-

1058 2749 1111 2768 σιν.

1096 2795 1107 2813 ι
1134 2787 1178 2818 Ὧς
1195 2786 1334 2823 κλαυθμὸν
1348 2787 1443 2824 Ἰαζὴρ
1466 2787 1685 2823 ἀποκλαύσομαι.
1701 2796 1712 2814 ι
1732 2787 1776 2819 Ὧς
1796 2786 1848 2822 τὴν

1058 2832 1161 2869 Ἰαζὴρ,
1173 2833 1267 2869 φησὶν,
1281 2833 1369 2866 οὕτως
1385 2834 1432 2862 καὶ
1443 2834 1493 2869 τὴν
1503 2834 1632 2870 Σεὸαμὴν
1648 2834 1765 2869 ποιήσω.
1781 2833 1848 2868 ’Δμ-

1059 2879 1148 2906 πὲλων
1160 2879 1189 2906 δι
1214 2879 1350 2915 ὲμνήσθη,
1374 2879 1420 2907 διὰ
1440 2879 1472 2907 τὸ
1502 2880 1566 2912 τοὺς
1591 2879 1739 2915 πολεμίους
1764 2879 1847 2914 δῃοῦν

1057 2925 1122 2958 τοὺς
1135 2924 1270 2960 καρπούς.
