2052 3150
177 178 229 210 ’ἵύ9

731 174 962 204 FRAGMENTA
984 174 1022 205 IN
1043 174 1251 205 JEREMIAM.

1756 175 1811 210 ’710

213 245 224 262 1
247 232 383 270 Κλήματά
397 241 445 260 σου
460 232 550 267 διῆλθε
565 231 713 259 Θάλασσαν.
730 241 739 258 ι
763 231 830 258 Ὑπὸ
842 230 889 258 τοῦ
904 231 967 266 πλή-

1059 231 1089 258 ν.
1107 232 1152 259 32.
1180 240 1191 256 ι
1213 230 1381 267 Propagines
1419 237 1472 260 tum
1500 234 1667 262 transierunt
1696 242 1780 267 mare.
1799 248 1808 263 ο

176 282 240 313 θους
251 281 307 308 τῶν
326 279 468 315 πολεμίων
484 279 728 314 κατεκλείσθησαν.

215 338 223 353 ι
238 326 445 362 ΗόλιςΊαςήρ.»
457 325 485 352 '0
494 325 574 357 αὐτος
584 325 685 360 τρόπος
694 325 708 352 ό
718 324 856 360 ἁψάμενος
865 324 968 361 ’ἰαζὴρ,

176 375 223 400 καὶ
239 373 288 399 σοῦ
306 373 408 408 ἥψατο.

215 429 224 445 ι
241 417 414 454 Συνεψήσθη.
434 427 444 443 ι
462 416 616 452 Συπκόπη,
635 417 713 452 φησὶ,
729 415 804 452 χαρὰ
817 415 868 451 τῆς
882 416 968 443 Μιυα⁴

175 466 287 496 ὁίτιδος.
309 465 386 499 Ἀμα
412 464 468 499 γὰρ
496 463 578 499 τυχὸν
607 463 723 499 ἤρχοντο
753 462 967 498 εὐφραίνεσθαι,

175 510 316 538 ἐπετίθετο
328 510 346 545 ὴ
362 509 444 545 ὀργή.

213 567 222 583 ι
242 557 297 584 Καὶ
305 554 377 588 οἰνος
390 553 436 590 ἦν.
454 564 463 582 ι
480 554 551 582 Ἀλλ’
564 554 625 581 οὐδὲ
637 551 721 586 οἶνος.
736 554 831 590 φησὶν,
843 554 967 582 ἀποστά-

175 605 230 636 ζων
245 603 277 630 ὲκ
290 604 340 638 τῆς
355 601 497 637 σταφυλῆς
511 603 563 636 τῆς
578 601 761 636 ἀποτεθειοης
776 603 804 628 ὲν
822 601 862 636 τῷ
883 600 967 636 ληνῷ,

175 650 278 685 ἔφθασε
295 649 452 685 πατηθῆναι
462 657 468 663 ’
486 648 544 684 ἅμα
560 649 615 683 γὰρ
630 648 746 683 ἧρχοντο
762 648 884 683 πατῆσαι
897 666 904 680 ,
919 646 968 674 καὶ

173 697 191 732 ἡ
208 696 278 730 ἀκοὴ
290 695 345 722 τῶν
364 694 504 730 πολεμίων
517 695 668 722 ἀνέκοπτεν
682 692 792 724 αὐτούς.

211 752 222 768 ε
242 741 320 777 ΙΙρωῖ
344 741 394 768 οὐκ
408 741 562 776 ἐπάτησαν.
583 751 594 767 ι
621 740 696 767 Ἀντὶ
711 739 760 767 τοῦ
783 739 968 776 ξηρανθήσον-

174 797 218 815 ται
232 795 238 802 ·
251 787 385 824 θεήλατον
395 787 425 814 δέ
439 795 524 823 φησιν
537 787 635 822 ὀργήν.

211 843 222 861 ε
245 835 296 861 Διὰ
309 834 388 862 τοῦτο
403 835 502 870 καρδία
522 835 570 860 τοῦ
588 833 686 867 Μωάσ,
700 833 795 869 ὥσπερ
809 832 912 860 αὐλοί.)
937 831 967 859 '0

174 881 256 913 αὐλὸς
271 881 323 908 ὑπὸ
335 881 387 916 τῆς
403 881 465 916 βίας
478 880 527 908 τοῦ
544 881 702 915 πνεύματος
717 880 813 916 ἑτέρου
827 879 966 915 φυσῶντος

175 927 236 964 βοᾷ.
254 927 415 962 Βιαζόμενοι
430 927 578 962 τοιγαροῦν
600 927 652 954 ὑπὸ
668 927 724 953 τῶν
737 926 877 962 πολεμίων
901 925 966 962 βοή-

175 982 263 1006 σουσι,
283 973 361 1008 κάγὼ
377 974 405 1000 δὲ
420 974 473 1002 ὑπὸ
486 974 536 1009 τῆς
551 972 655 1001 ἑαυτῶν
668 973 774 1009 ῠὸρεως
792 972 966 1008 συνωθούμεο

175 1029 219 1052 νος
231 1020 401 1056 κεκράξομαι
413 1021 456 1047 ἐπ’
468 1020 578 1052 αὐτούς.

211 1078 220 1095 ί
239 1069 302 1100 Πῶς
314 1068 485 1103 κατήλλαξες
507 1077 516 1094 ι
538 1068 612 1095 ’Δντὶ
623 1069 683 1100 τοῦ,
695 1077 753 1100 πως
769 1067 964 1103 ἁντεστράφη;

211 1167 222 1184 ί
249 1158 317 1185 Ἰδοὺ
330 1157 368 1189 ὡς
378 1157 467 1188 ἀετός.
483 1165 493 1182 ι
519 1156 603 1192 ’Δετῷ
625 1156 777 1192 παρείκασε
791 1156 837 1182 τὸν
858 1155 965 1182 Ναϐου-

175 1204 318 1240 χοδονόσορ
342 1203 390 1229 καὶ
409 1201 540 1237 Ἱεζεκιὴλ
554 1201 599 1228 διὰ
612 1201 643 1228 τὸ
661 1202 777 1237 σφοδρὸν
795 1202 845 1237 τῆς
856 1202 946 1237 ὁρμῆς
956 1221 964 1235 ,

174 1251 222 1278 καὶ
237 1249 286 1276 τοῦ
305 1249 430 1276 κινδύνου
443 1248 474 1276 τὸ
494 1248 633 1282 ἄφυκτον,
653 1248 737 1284 μηδὲν
757 1248 798 1280 εὶς
814 1247 894 1274 τοῦτο
910 1247 966 1275 τῶν

174 1296 363 1332 ὀχυρωμάτων
389 1295 608 1331 συναιρομένων,
629 1295 721 1330 πάσης
746 1294 776 1321 δὲ
799 1293 966 1329 γιγνομένης

176 1343 246 1377 μετὰ
258 1342 387 1368 πλείστου
401 1341 479 1374 δέους
501 1341 649 1375 ὲκλύσεως,
666 1341 798 1377 ¹χυναικὸς
810 1340 889 1376 δίκην
904 1340 967 1376 μελ-

174 1388 275 1424 λούσης
292 1388 395 1415 τίκτειν

458 1434 582 1461 ΚΕΦΑΛ.
610 1433 677 1461 ΜΘ’.

212 1489 223 1507 ε
237 1481 303 1512 Τοῖς
315 1480 383 1511 υίοῑς
400 1479 539 1516 ’Δμμώνη
560 1479 754 1516 Ἀμμανίταις,
772 1478 828 1506 ἀπὸ
837 1478 885 1506 τοῦ
898 1478 967 1514 ’Δμ-

176 1528 230 1564 μὰν
246 1528 334 1559 ὄντες.

1021 279 1043 306 A
1064 278 1237 306 multitudine
1255 278 1374 305 hostium
1391 279 1532 307 interclusi
1550 287 1625 308 sunt.

1058 334 1067 350 ι
1081 325 1184 352 Civitas
1199 323 1290 351 Jazer.
1309 334 1319 350 ι
1350 323 1446 352 Modus
1459 333 1515 360 quo
1541 333 1618 361 passa
1631 332 1671 354 est
1682 326 1771 360 Jazer,
1784 331 1812 357 te

1019 377 1128 405 quoque
1143 369 1244 397 aﬂecit.

1054 417 1086 444 V.
1101 417 1147 444 55.
1166 426 1175 442 ι
1195 416 1322 443 Ablatum
1338 420 1391 444 est.
1408 424 1417 441 ι
1442 416 1569 445 Excisum
1586 423 1637 452 est,
1672 419 1721 451 ait,
1741 428 1810 456 gau-

1019 463 1094 491 dium
1110 463 1274 491 Moabitidis.
1287 463 1368 490 Forte
1380 463 1455 490 enim
1470 463 1499 490 in
1518 464 1578 499 ipso
1588 465 1690 493 latitia:
1704 466 1809 502 princi-

1018 509 1064 544 pio
1078 508 1117 535 ira
1127 516 1173 536 eos
1185 507 1368 536 adoriebatur.

1056 563 1064 579 ι
1084 554 1116 581 Et
1132 553 1226 581 vinum
1237 557 1304 581 erat.
1324 562 1333 578 ι
1350 552 1404 580 Sed
1418 560 1508 588 neque
1519 554 1624 587 vinum,
1641 556 1688 588 ait,
1705 564 1739 584 ex
1756 565 1809 584 uva

1019 599 1142 627 deﬂuens
1157 600 1184 627 in
1200 599 1332 627 torculart
1351 599 1450 634 posita,
1483 601 1571 635 premi
1587 602 1691 636 potuit;
1716 604 1807 630 statim

1020 645 1093 672 enim
1106 652 1138 672 ac
1150 652 1275 680 premere
1287 644 1462 679 incipiebant,
1493 646 1624 673 nuntiatis
1634 647 1757 674 hostibus
1773 647 1808 674 ab

1020 698 1102 726 opere
1117 691 1357 721 abstrahebantnr.

1055 746 1064 762 ι
1082 737 1161 765 Mane
1175 746 1230 766 non
1239 740 1387 767 calcarunt.
1405 749 1414 766 ι
1430 740 1480 768 Pro
1493 740 1720 772 exsiccabuntur;
1738 740 1806 767 iram

1018 791 1084 812 vero
1097 788 1174 811 notat
1189 785 1321 814 divinam.

1053 829 1085 856 ν.
1102 831 1146 859 '56.
1161 841 1170 857 ε
1191 831 1339 867 Propterea
1354 840 1402 860 cor
1412 832 1490 861 Moab
1509 833 1584 868 quasi
1601 833 1683 860 tibiae.
1700 841 1709 857 ›
1729 831 1807 859 Τὶὺέα

1018 877 1130 912 spiritus
1147 878 1172 905 vi
1187 879 1300 906 alterius
1310 879 1472 907 insumantis
1488 881 1606 907 sonitum
1618 879 1742 906 dat.Vim
1753 878 1806 905 ita-

1018 931 1071 958 que
1080 924 1115 950 ab
1132 924 1257 952 hostibus
1271 926 1408 960 patientes
1419 926 1586 958 clamabunt,
1599 929 1627 952 et
1642 926 1700 960 ipse
1707 930 1805 953 eorum

1018 970 1184 998 contumelia
1200 971 1335 1006 impulsus
1351 972 1473 1000 clamabo
1489 980 1572 1007 super
1581 979 1638 999 eos.

1055 1059 1086 1087 V.
1101 1060 1146 1087 59.
1167 1068 1177 1085 ε
1193 1059 1336 1093 Quomodo
1348 1061 1563 1089 commutavit?»
1583 1061 1646 1094 Pro,
1664 1061 1804 1097 quomodo

1016 1105 1044 1132 in
1057 1105 1224 1132 contrarium
1241 1106 1341 1134 versa?

1051 1151 1138 1179 v.40.
1159 1161 1169 1178 ι
1186 1151 1256 1179 Ecce
1271 1152 1343 1179 sicut
1360 1153 1449 1186 aquila
1475 1152 1586 1180 volabit.
1603 1163 1612 1179 I
1643 1153 1748 1188 Aquila
1777 1158 1806 1180 et

1016 1195 1143 1224 Ezechiel
1161 1197 1184 1212 “
1201 1197 1361 1224 assimilavit
1380 1196 1676 1224 Nabuchodonosorem
1693 1201 1806 1232 propter

1016 1241 1136 1276 impetus
1152 1241 1364 1274 vehementiam,
1383 1246 1412 1269 et
1423 1242 1537 1277 periculi
1551 1242 1802 1274 inevitabilitatem,

1016 1287 1085 1314 nihil
1099 1287 1305 1315 conferentibus
1318 1288 1351 1315 ad
1369 1288 1421 1315 hoc
1439 1288 1649 1321 munitionibus,
1665 1288 1713 1316 sed
1727 1296 1804 1315 sum-

1016 1341 1061 1361 ma
1073 1338 1205 1367 sequente
1218 1334 1404 1361 membrorum
1429 1334 1568 1362 solutione
1590 1342 1653 1362 cum
1681 1335 1804 1362 maximo

1017 1386 1128 1414 pavore,
1146 1380 1233 1407 instar
1244 1380 1423 1415 parturientis
1437 1380 1571 1408 mulieris.

1312 1437 1389 1466 CAP.
1408 1437 1504 1465 XLIX.

1052 1482 1085 1511 V.
1100 1482 1126 1510 i.
1136 1482 1227 1511 «Filiis
1237 1483 1379 1511 Ammon.)
1394 1484 1558 1512 Ammonitis
1569 1484 1603 1512 ab
1618 1484 1735 1513 Ammon
1750 1484 1805 1512 lilio

1018 1527 1080 1556 Lot.

213 1584 223 1600 ι
240 1575 276 1601 Ἦ
290 1573 529 1610 παραληψόμενος.
549 1581 559 1598 ι
574 1571 818 1608 Παραληψόμενος,
831 1572 895 1599 ἀντὶ
905 1570 964 1604 τοῦ,

1058 1582 1068 1600 ‹
1085 1573 1135 1602 Vel
1150 1574 1196 1609 qui
1212 1574 1329 1610 accipiat
1355 1574 1555 1607 haereditatem.
1574 1584 1583 1601 ι
1602 1575 1654 1609 Qui
1676 1575 1806 1610 accipiat,

175 1619 358 1656 κληρονόμος,
372 1619 524 1654 φησίν.οὺκ
538 1618 613 1644 ἐστιν
623 1618 653 1644 ὲν
664 1617 732 1649 υίοῑς
750 1616 858 1652 Ἰσραὴλ
868 1617 882 1643 6
890 1616 966 1651 ὀφεί-

175 1667 228 1694 λων
240 1666 447 1702 κληρονομῆσαι
460 1665 510 1696 τὰς
525 1664 618 1695 πόλεις
632 1664 682 1699 τῆς
696 1663 783 1698 φυλῆς
798 1662 845 1689 τοῦ
859 1662 967 1689 Γαλαὰδ

175 1714 217 1741 an
232 1713 335 1745 ταύτας
351 1712 494 1747 εἰλήφασιν
507 1711 531 1737 oi
542 1711 718 1746 Ἀμμανῖται.

213 1770 223 1786 ι
240 1759 317 1786 Διατί
335 1758 474 1795 παρέλαῦε
486 1757 612 1792 Μελχόλ;
634 1765 644 1782 ι
663 1755 771 1790 Μελχδλ
787 1754 834 1782 καὶ
845 1754 966 1788 εἴδωλον,

176 1808 223 1835 καὶ
242 1806 369 1840 βασιλεὺς
393 1805 568 1841 Ἀμμανιτῶν
588 1803 661 1831 οὕτω
683 1802 862 1838 καλούμενος.
885 1800 968 1828 Ῥαϐ-

176 1852 240 1883 6‘10.
254 1852 332 1883 πόλις
350 1850 541 1887 Ἀμμανιτῶν.

215 1908 225 1925 ε
243 1898 438 1934 Περιζὼσασθε
457 1898 587 1929 σάκκους.
610 1905 620 1923 ν
637 1896 705 1928 Ταῖς
722 1895 818 1922 πόλεσι
831 1894 886 1921 τῶν
900 1893 969 1929 ’Ᾱμμ

180 1945 299 1982 μανιτῶν
313 1945 460 1981 παρεγγυᾷ
468 1944 517 1976 τὰς
530 1943 653 1979 ἀλλήλων
666 1942 848 1979 ὀλοφύρεσθαι
862 1949 968 1977 συμφο-

181 1993 267 2064 ράῗῖΐί
282 2035 448 2071 ἀγαλλιᾶσοε
459 2044 482 2070 ;)
495 2034 626 2067 Μανικῶς
635 2034 683 2061 καὶ
696 2033 821 2065 ἐλεεινῶς
833 2031 968 2068 κόψασθι.

214 2137 226 2154 ε
251 2127 379 2162 Θύγατερ
404 2125 526 2162 ίταμίας.
546 2135 557 2152 ι
580 2125 611 2152 ⁸0
637 2124 771 2160 Ἐνακεὶμ
800 2124 860 2151 κατ’
880 2123 969 2159 ἀρχὰς

179 2174 287 2210 εκείνην
299 2173 367 2210 {put
381 2172 430 2207 τὴν
437 2172 500 2208 γῆν.
509 2171 616 2207 Ὀλίγον
629 2169 771 2206 οὗν,φησὶ,
785 2171 895 2207 μέλλετε
907 2170 967 2206 χαί-

181 2229 238 2256 ρειν
257 2221 287 2248 ἐν
311 2219 405 2256 ὲκείνῃ
423 2220 458 2255 τῇ
480 2220 526 2255 γῇ,
546 2219 605 2254 μετ’
620 2217 651 2245 οὺ
666 2217 734 2245 πολὺ
753 2217 783 2244 δὲ
797 2215 967 2254 αἰχμαλωτί-

180 2267 270 2300 ζεσῦε.

223 2314 296 2341 ’Δντὶ
312 2314 370 2347 τοῦ,
387 2312 508 2348 Ἀπηνὴς
524 2312 570 2340 καὶ
585 2311 752 2348 ἁπάνθρωπε
765 2317 772 2327 ·
789 2309 857 2346 πρὸς
874 2308 903 2336 δὲ
917 2307 967 2344 τὴν

180 2361 233 2396 γῆν
245 2360 299 2388 τῶν
313 2360 490 2396 Ἀμμανιτῶν
505 2361 519 2386 ὁ
536 2359 627 2393 λόγος.

217 2416 227 2432 ε
246 2407 301 2434 Καὶ
312 2406 544 2443 διασπαρήσεσθε.
555 2415 564 2432 ι
574 2405 647 2433 ’Δντὶ
657 2403 715 2436 τοῦ,
728 2403 796 2431 ὅπου
810 2403 844 2430 ἂν
854 2403 969 2434 ἕκαστος

181 2453 294 2489 δυνηθῇ.

219 2508 230 2526 ι
252 2498 323 2525 Τάδε
342 2497 418 2532 λέγει
437 2496 552 2532 Κύριος.
570 2505 579 2522 ι
595 2496 634 2522 Δι’
650 2492 684 2532 ἦς
701 2495 813 2522 δύναται
830 2493 968 2530 σωθῆναι·

183 2544 251 2580 πρὸς
258 2543 286 2571 δὲ
296 2543 429 2576 διάνοιαν,
435 2543 482 2570 ὅτι
490 2540 614 2573 Ἀπολῶ,
627 2541 720 2577 φησὶν,
728 2540 786 2574 τὴν
792 2540 905 2574 σοφίαν
911 2538 971 2566 τῶν

184 2590 297 2626 σοφῶν.

222 2646 232 2662 ε
257 2635 412 2671 Ἦπατήθη.
430 2644 440 2661 ›
462 2634 508 2662 Ἐν
527 2632 551 2669 ᾧ
568 2633 761 2661 ὲπεποίθεισαν
782 2632 820 2665 ὡς
838 2632 970 2666 ἀσφαλεῖ,

186 2682 363 2719 εὑρεθήσεται
375 2681 527 2716 ἀνωφελής.

222 2737 234 2755 ε
261 2727 399 2754 Βαθὺνατδ
421 2727 462 2758 εἰς
483 2725 603 2754 κάθισιν.
628 2735 637 2752 ›
657 2725 705 2756 Εἰς
725 2724 806 2760 βάθος
828 2723 971 2757 καθίσατε,

189 2775 247 2802 ἀντὶ
260 2775 319 2803 τοῦ.
326 2774 523 2807 Ἐκδέξασθε,
536 2773 584 2800 καὶ
594 2772 746 2807 μανθάνετε
754 2772 788 2800 τὰ
797 2772 973 2808 συμϐησόμε-

190 2829 232 2848 να.
248 2821 346 2849 Δαιδὰν
356 2821 385 2848 δὲ
400 2821 478 2853 πόλις
489 2820 540 2856 τῆς
552 2819 717 2856 Ἰδουμαίας.

226 2903 247 2919 ⁸³
261 2903 360 2932 Ezech.
377 2910 442 2933 ινιι.
457 2902 484 2930 3.
523 2901 547 2918 “
560 2901 612 2930 lsa.
624 2908 698 2935 χχιιι,
718 2900 768 2933 H;
782 2899 861 2928 lCor.
877 2907 897 2935 ι,
912 2900 956 2930 19.

1018 1620 1045 1647 id
1059 1624 1114 1653 est,
1141 1620 1240 1649 hasres.
1259 1621 1319 1649 Non
1345 1627 1388 1649 est
1412 1622 1439 1649 in
1456 1622 1518 1650 ﬁliis
1534 1622 1625 1656 Israel,
1648 1623 1691 1651 cui
1707 1623 1808 1651 debea-

1018 1671 1063 1693 tur
1078 1666 1223 1694 haereditas
1236 1667 1345 1695 urbium
1361 1668 1449 1695 tribus
1474 1667 1585 1701 Galaad,
1597 1673 1625 1696 ut
1640 1676 1687 1697 eas
1697 1669 1807 1705 accipe-

1018 1715 1079 1739 rent
1090 1712 1263 1740 Ammanitae.

1057 1767 1067 1784 ι
1084 1758 1139 1786 Cur
1149 1759 1309 1787 hmreditate
1324 1760 1430 1795 accepit
1456 1760 1591 1794 Melchol;
1611 1770 1622 1787 ι
1641 1760 1756 1788 Melchol
1780 1765 1807 1788 et

1017 1804 1130 1836 idolum.
1152 1812 1255 1841 rexque
1271 1807 1489 1834 Ammonitarum
1514 1809 1553 1835 ila
1577 1813 1701 1836 vocatus.
1731 1808 1806 1836 Rab-

1016 1851 1094 1885 bath,
1103 1851 1168 1878 urbs
1179 1851 1409 1880 Ammonitarum.

1052 1898 1085 1926 ν.
1098 1899 1124 1927 3.
1142 1908 1151 1925 ‹
1173 1899 1353 1934 Accingimini
1378 1900 1476 1928 saccis.
1493 1909 1502 1926 ι
1520 1899 1607 1927 Urbes
1634 1899 1808 1935 Ammon-ita-

1017 1953 1078 1973 rum
1105 1945 1231 1973 hortatur
1254 1949 1285 1972 ut
1307 1945 1476 1973 calamitates
1503 1953 1567 1974 suas
1589 1949 1685 1973 mutuo
1710 1945 1807 1980 deplo-

1017 1994 1090 2018 rent.

1052 2035 1087 2064 ν.
1103 2036 1129 2064 4.
1147 2045 1157 2063 ι
1184 2035 1255 2070 Quid
1266 2036 1433 2064 exsultatis?
1451 2046 1461 2063 υ
1476 2036 1590 2065 Furiose
1605 2040 1632 2065 et
1643 2037 1806 2065 miserabili-

1018 2086 1060 2110 ter
1072 2082 1201 2118 plangite.

1055 2137 1066 2154 ί
1081 2127 1148 2155 Filia
1159 2128 1344 2164 impudentiae.
1367 2137 1377 2155 ›
1402 2127 1515 2156 Enacim
1529 2128 1690 2157 initioillam
1706 2133 1806 2157 terram

1018 2174 1160 2202 habitabat
1173 2182 1180 2200 ε
1195 2182 1292 2210 parum
1304 2174 1407 2210 itaque,
1422 2175 1471 2208 ait,
1496 2174 1525 2202 in
1538 2175 1582 2203 illa
1598 2179 1671 2204 terra
1688 2176 1806 2212 gavisuri

1018 2219 1095 2253 estis,
1114 2226 1170 2246 non
1183 2218 1270 2247 multo
1280 2225 1342 2254 post
1352 2219 1453 2254 captivi
1464 2220 1592 2248 ducendi.

1053 2316 1118 2350 Pro,
1131 2316 1256 2345 Crudelis
1270 2321 1298 2345 et
1317 2316 1487 2351 inhumana;
1502 2317 1538 2345 ad
1552 2322 1653 2346 terram
1667 2325 1731 2346 vero
1742 2317 1807 2346 Am-

1018 2362 1182 2390 monitarum
1193 2365 1236 2390 est
1250 2369 1351 2390 sermo.

1057 2418 1067 2435 ι
1087 2409 1121 2436 Ει
1147 2408 1351 2444 dispergemini.
1369 2417 1379 2434 ι
1403 2407 1467 2442 Pro,
1487 2415 1678 2444 quocunquam
1693 2407 1808 2443 quisque

1018 2454 1130 2490 poterit.

1056 2499 1090 2527 V.
1105 2501 1132 2527 7.
1153 2508 1162 2525 ι
1177 2499 1241 2527 Hac
1262 2500 1329 2528 dicit
1347 2499 1491 2528 Dominus.
1515 2509 1525 2527 ι
1550 2500 1602 2528 Per
1629 2508 1711 2535 quam
1733 2500 1807 2528 salva

1021 2553 1082 2574 esse
1093 2549 1194 2582 potest,
1218 2545 1251 2573 ad
1276 2546 1421 2582 mysticum
1444 2554 1567 2574 sensum.
1590 2546 1724 2580 Quoniam
1743 2547 1807 2575 ait:

1020 2592 1137 2620 Perdant
1153 2592 1312 2627 sapientiam
1325 2594 1473 2627 sapientum
1483 2593 1515 2620 ".

1057 2638 1090 2666 V.
1100 2639 1126 2667 8.
1141 2647 1150 2665 ι
1165 2638 1346 2666 Conculcatus
1358 2643 1409 2666 est.
1424 2648 1434 2664 ι
1454 2639 1505 2666 Cui
1520 2642 1657 2674 tamquam
1669 2643 1729 2667 tuto
1741 2646 1809 2667 con-

1022 2685 1153 2717 ﬁdebant,
1168 2684 1272 2711 inutilis
1282 2684 1506 2719 deprehenditur.

1061 2741 1071 2757 ι
1087 2731 1241 2766 Demergite
1254 2731 1281 2757 in
1295 2731 1455 2758 sessionem.
1472 2740 1482 2758 ι
1497 2731 1635 2760 Profunde
1643 2731 1749 2764 sedete,
1761 2737 1811 2765 pro

1022 2781 1178 2812 ωερεειαιρ,
1205 2784 1321 2812 quaeque
1348 2780 1480 2806 eventura
1509 2783 1575 2808 sunt
1596 2778 1703 2807 discite.
1717 2777 1809 2805 Dedan

1023 2831 1088 2852 vero
1103 2823 1228 2853 ldummae
1239 2824 1305 2854 urbs
1315 2828 1366 2854 est.
