2052 3150
235 188 282 222 711
793 182 1054 215 OLYMPIODORI
1080 181 1345 212 ALEXANDBINI

1819 178 1874 209 ’112

281 252 294 270 ι
316 242 450 277 Quoniam
475 242 543 269 dura
572 241 646 268 fecit.
679 249 688 266 ι
725 239 828 267 Bellum
855 239 905 275 ipsi
934 238 1030 266 allatu—

1121 247 1130 263 ι
1153 238 1214 264 "Ott
1239 237 1357 264 δύσκολα
1379 236 1517 272 ἐποίησεν.
1543 243 1553 261 ι
1579 234 1632 261 Τὸν
1653 233 1785 270 μέλλοντα
1803 234 1873 270 αὐτῇ

243 298 315 318 runn

280 336 310 363 V.
325 336 368 363 l0.
386 343 396 360 ι
415 334 484 368 Quia
495 341 545 370 ego
559 333 662 361 detraxi
681 332 778 360 Esau.»
795 330 911 364 Hostes;
922 329 1033 365 mystice

241 380 415 416 apostoli,et
441 379 497 406 suis
522 378 622 413 quique
646 376 816 412 temporibus
848 374 1033 402 Ecclesiarum

242 425 369 461 praesides
380 428 476 452 contra
485 422 619 451 idolorum
636 421 749 449 cultum.

279 530 288 547 ι
308 519 437 548 Revelavi
449 517 609 546 abscondita
623 523 729 545 eorum.
745 524 756 542 ι
771 516 912 545 Satanam.
931 512 969 540 Ea
983 520 1033 548 per

241 574 302 605 quae
316 567 442 595 homines
454 573 470 592 a
483 564 654 593 daemonibus
674 561 891 597 decipiebantur.

274 613 308 641 V.
324 613 367 640 ll.
384 622 393 638 ι
412 611 446 639 Et
459 611 559 639 viduae.
580 618 589 636 ›
613 608 681 642 Quae
694 616 710 636 a
729 607 878 643 gentilibus
906 604 1032 634 descive-

241 662 305 686 runt
318 658 430 684 animas.

277 703 310 730 V.
331 703 373 730 lt.
394 712 404 728 ι
422 702 454 729 Et
464 700 576 737 angelos
589 699 623 728 ad
646 703 742 734 gentes
756 697 840 726 misit.
858 705 868 722 ι
881 695 983 723 Bellum
1003 694 1032 722 in

239 749 385 777 ldumaeam
401 748 551 775 excitantes
562 755 571 780 ;
582 745 695 782 mystice
707 752 772 773 vero
794 748 903 771 sanctos
921 745 1032 777 aposto-

239 795 308 868 los‘i.
322 841 365 868 l6.
386 850 394 867 I
413 838 588 867 Immodestia
602 842 662 864 tua.
683 845 692 862 ι
722 834 878 864 Petulantia
892 838 949 867 tua,
965 840 1030 869 pro-

241 888 353 917 tervitas
369 892 424 914 tua.

1085 283 1151 310 πολε
1156 293 1173 318 μ
1177 284 1226 309 εῖν.

1123 338 1132 354 ι
1151 327 1213 355 Ὀτι
1236 328 1292 362 ἐγὼ
1309 327 1449 362 κατέσυρα
1469 326 1516 353 τὸν
1532 325 1630 353 Ἡσαῦ.
1649 335 1658 351 ι
1678 325 1710 352 Οἱ
1735 324 1874 359 πολέμιοι.

1085 375 1156 411 Πρὸς
1166 374 1194 401 δὲ
1208 374 1341 406 διάνοιαν,
1357 374 1382 399 oi
1397 373 1554 405 ἀπόστολοι,
1569 372 1618 399 καὶ
1628 372 1653 399 ot
1670 371 1742 398 κατὰ
1761 371 1876 406 καιροὺς

1084 421 1139 448 τῶν
1161 419 1331 454 Ἐκκλησιῶν
1364 418 1538 454 προεστῶτες
1568 418 1639 444 κατὰ
1656 417 1705 453 τῆς
1734 416 1877 444 εἰδωλολα-

1083 467 1172 502 τρίας.

1123 523 1132 539 ι
1156 511 1326 547 ’Ᾱνεκάλυψα
1339 511 1374 538 τὰ
1397 510 1509 547 κρυπτὰ
1519 510 1620 538 αὐτῶν.
1642 519 1652 536 ι
1671 510 1724 536 Τδν
1740 508 1874 536 Σατανᾶν.

1088 559 1129 586 Τὰ
1154 559 1187 586 δι’
1198 556 1236 586 ὧν
1251 558 1315 591 τοὺς
1324 557 1486 593 ἀνθρώπους
1498 557 1612 592 ἠπάτων
1625 556 1651 583 οἱ
1663 556 1801 591 δαίμονες.

1121 614 1131 631 ι
1147 606 1204 633 Καὶ
1219 606 1247 632 αἱ
1260 605 1356 641 χῆραι.
1375 614 1384 631 ι
1405 603 1439 631 At
1455 604 1611 631 ἁποστᾶσαι
1625 602 1681 630 τῶν
1690 602 1806 630 te»;th
1824 601 1876 638 ψυ-

1083 651 1139 687 καί.

1121 705 1131 722 ι
1151 696 1206 723 Καὶ
1221 696 1356 731 ἀγγέλους
1369 696 1410 728 εἰς
1422 695 1488 731 ἔθνη
1502 695 1658 723 ἀπέστειλε.
1675 704 1684 721 ι
1699 694 1769 726 Τοὺς
1778 693 1878 729 διεγεί-

1084 751 1182 779 ροντας
1206 742 1280 770 κατὰ
1295 742 1345 778 τῆς
1362 741 1518 778 Ἰδουμαίας
1541 741 1588 769 τὸν
1599 741 1728 777 πόλεμον.
1752 740 1832 768 Κατὰ
1846 740 1876 768 δὲ

1082 788 1131 823 τὴν
1148 787 1282 824 θεωρίαν,
1298 788 1362 819 τοὺς
1373 787 1468 822 ἁγίους
1483 787 1662 818 ἀποστόλους.

1121 844 1130 860 ι
1160 834 1192 860 Ἠ
1207 833 1323 868 παιγνία
1339 842 1397 861 σου.
1420 843 1431 860 ι
1453 832 1490 860 Th
1512 833 1640 868 ’στρῆνός
1664 840 1731 864 σου,
1747 831 1876 867 ήὰναξία

1084 889 1143 908 σου.

278 943 288 960 ι
307 932 495 970 Apprehendit
514 929 713 958 fortitudinem.
738 938 748 956 ι
776 928 866 956 Colles
892 927 975 955 etiam
1001 926 1030 953 in

1120 935 1130 952 ι
1154 925 1308 953 Συνέλαδιν
1330 925 1418 961 ἰσχύν.
1445 936 1455 952 ι
1479 926 1536 953 Καὶ
1548 927 1573 954 οι
1590 926 1679 961 βουνοὶ
1695 927 1724 952 ὲν
1741 925 1877 959 ἀνάγκαις

239 979 449 1008 necessitatibus
464 977 590 1013 praesidia
607 980 688 1008 sunt;
714 974 743 1002 in
755 974 810 1002 illis
829 973 904 1001 enim
928 975 1032 1000 stantes

240 1024 343 1060 lapides
353 1024 382 1050 in
398 1022 570 1051 adversarios
583 1022 706 1049 mittunt.

276 1070 309 1098 γ,
322 1070 364 1098 l8.
384 1079 393 1095 ι
411 1069 445 1096 Et
458 1076 513 1096 non
533 1067 694 1096 habitabit.»
712 1066 775 1094 Haec
787 1065 879 1093 omnia
890 1065 930 1092 sic
945 1063 1032 1091 histo-

239 1118 288 1145 riae
306 1116 487 1147 conveniunt,
505 1119 595 1142 tamen
611 1118 639 1141 et
666 1116 730 1148 post
754 1111 857 1140 Christi
885 1111 1031 1138 adventum

237 1167 334 1191 contra
344 1162 499 1190 daemonum
528 1167 636 1188 errores
656 1159 715 1186 haec
739 1157 796 1185 ﬁeri
822 1161 982 1192 coeperunt.
1004 1155 1032 1182 in

239 1207 532 1240 consummationeque
546 1205 640 1232 mundi
656 1204 739 1232 finem
755 1203 907 1240 habebunt.

276 1252 310 1280 ν.
326 1253 370 1280 l9.
393 1262 402 1277 ι
426 1252 496 1279 Ecce
519 1251 599 1286 quasi
629 1250 674 1278 leo
696 1250 837 1278 ascendet.
862 1258 872 1275 ι
895 1247 1031 1276 Dominus

238 1298 391 1326 aseendens
402 1305 418 1325 e
428 1297 546 1325 lavacro.

278 1351 289 1368 ι
305 1342 340 1370 Et
352 1342 479 1377 juvenes,
495 1349 579 1377 super
594 1348 654 1368 eam
671 1344 751 1368 state.
768 1349 778 1366 ι
804 1340 843 1367 De
862 1339 963 1375 quibus
989 1338 1032 1366 di—

239 1391 314 1414 ctum
326 1390 385 1414 est:
401 1386 501 1421 Scripsi
517 1386 598 1419 vobis,
615 1394 630 1412 ο
639 1386 757 1420 juvenes,
772 1385 841 1420 quod
852 1385 950 1413 vicistis
972 1392 1031 1411 ma—

240 1433 342 1470 lignum
356 1433 389 1465 ",
403 1433 523 1460 infantes
538 1440 646 1460 eorum.

278 1487 288 1504 ‹
309 1477 338 1506 Si
360 1485 414 1505 non
438 1477 511 1504 invia
531 1477 587 1504 liet.
609 1486 618 1502 ι
645 1475 685 1503 Ne
709 1475 839 1511 deinceps
861 1474 1032 1503 daemonibus

239 1523 313 1551 ullus
330 1523 502 1558 relinquatur
518 1521 696 1550 habitationis
720 1522 806 1554 locus,
829 1521 987 1549 hominibus
1003 1521 1031 1548 in

240 1569 394 1596 libertatem
407 1568 552 1600 restitutis,
568 1571 596 1594 et
612 1567 683 1594 fanis
698 1567 830 1594 idolorum
844 1567 959 1594 eversis.

275 1613 310 1641 ν.
323 1613 369 1640 2‘2.
391 1622 401 1639 ι
419 1613 490 1640 Ecce
503 1612 581 1648 quasi
615 1611 718 1648 aquila.
737 1621 746 1638 ι
764 1611 830 1645 Quae
859 1611 1031 1640 destructura

241 1663 283 1686 est
300 1658 383 1686 illam.

276 1704 366 1732 v.23.
386 1713 396 1730 ι
416 1703 558 1732 Damasco.
583 1713 593 1730 ι
608 1703 732 1732 Damasci
748 1703 874 1739 praedicit
887 1711 1030 1740 expugna-

242 1751 355 1779 tionem.

277 1796 310 1824 V.
323 1797 369 1824 Ξῖ).
392 1806 401 1823 ι
415 1796 534 1824 Confusa
557 1800 610 1824 est.
629 1805 639 1821 ι
662 1795 761 1823 Emath
776 1800 803 1823 et
818 1794 954 1831 Arphath,
971 1803 1032 1831 quae

241 1850 316 1870 nunc
329 1842 485 1874 Antiochia.
498 1846 565 1870 tunc
587 1841 756 1874 vocabatur;
777 1845 857 1868 erant
871 1844 964 1868 autem
989 1841 1032 1868 lo-

240 1896 272 1916 ca
288 1888 332 1915 illa
356 1893 421 1916 tunc
432 1888 564 1923 temporis
579 1888 630 1915 sub
645 1887 749 1915 ditione
766 1887 901 1920 Damasci,
913 1895 974 1922 qua:
984 1894 1031 1914 rc-

239 1934 283 1970 gia
295 1935 393 1962 civitas
405 1935 537 1970 Syrorum
548 1937 617 1961 erat.

276 1980 308 2007 ν.
320 1980 366 2008 25.
388 1989 397 2006 ι
422 1979 563 2013 Quomodo
588 1987 643 2007 non
660 1979 832 2015 reliquerunt
842 1979 1002 2007 civitatem?
1019 1989 1028 2005 ι

237 2027 308 2054 Cum
325 2026 419 2054 hostes
430 2026 580 2054 adventare
593 2026 733 2058 audirent,
760 2026 844 2053 urbes
869 2025 1032 2053 deserentes

238 2072 274 2100 ad
288 2072 365 2100 vicos
385 2072 590 2108 confugiebant.
612 2071 756 2105 Quomodo
785 2071 887 2106 itaque,
900 2071 948 2104 ait,
974 2071 1032 2098 haec

238 2117 383 2145 audientes
396 2117 532 2145 civitatem
548 2125 603 2144 non
634 2122 714 2145 erant
735 2116 882 2149 deserturi,
897 2121 927 2143 ut
950 2123 980 2144 se
1003 2116 1032 2143 in

240 2169 325 2198 pagos
338 2162 514 2189 conferrent?
528 2162 668 2190 Civitatem
696 2169 761 2190 vero
775 2170 860 2189 meum
872 2162 946 2194 dicit,
962 2169 1031 2196 quo-

240 2207 314 2234 niam
331 2214 427 2234 omnes
437 2207 563 2235 civitates
580 2208 627 2236 Dei
639 2213 713 2236 sunt.

1083 972 1252 1008 ὀχυρώματά
1266 973 1337 1000 εἰσιν
1348 980 1355 988 ·
1367 973 1412 999 ἐπ’
1425 973 1517 1000 αὐτῶν
1538 972 1594 1008 γὰρ
1607 972 1748 1008 ῑστᾶμενοι
1759 990 1768 1003 ,
1782 970 1875 1002 λίθους

1083 1019 1155 1046 κατὰ
1167 1019 1221 1045 τῶν
1236 1018 1372 1054 πολεμίων
1386 1019 1551 1054 πέμπουσιν.

1121 1073 1131 1090 ι
1153 1064 1208 1091 Καὶ
1227 1065 1258 1090 οὺ
1282 1064 1321 1100 μὴ
1335 1065 1504 1099 κατοικήσει.
1527 1074 1536 1090 ι
1559 1063 1652 1092 Ταῦτα
1674 1064 1766 1092 πάντα
1788 1062 1875 1095 οὕτως

1082 1111 1116 1146 τῇ
1136 1110 1243 1146 ἱστορίᾳ
1261 1111 1388 1145 ἁρμόζει.
1414 1111 1533 1146 Ἤρξατο
1546 1111 1574 1138 δὲ
1593 1110 1664 1138 κατὰ
1684 1107 1874 1146 τῆςδαιμονι-

1083 1157 1135 1192 κῆς
1158 1156 1264 1191 πλάνης
1288 1157 1411 1192 γίνεσθαι
1434 1157 1488 1184 ἀπὸ
1502 1157 1551 1192 τῆς
1573 1156 1724 1192 παρουσίας
1745 1155 1876 1191 Χριστοῦ,

1084 1202 1132 1228 καὶ
1145 1202 1232 1237 πέρας
1250 1202 1358 1234 ἕξουσιν
1373 1204 1402 1230 ἐν
1415 1204 1449 1239 τῇ
1466 1202 1617 1238 συντελεῐᾳ.

1118 1257 1131 1274 4
1151 1248 1217 1276 Ἰδοὺ
1229 1249 1324 1285 ὥσπερ
1338 1249 1406 1276 λέων
1416 1249 1593 1284 ἅναὸήσεται.
1608 1258 1619 1275 ι
1637 1248 1667 1275 '0
1679 1248 1782 1283 Κύριος
1796 1247 1877 1275 ἀνελ-

1083 1294 1138 1322 θὼν
1150 1295 1183 1321 ἐκ
1195 1295 1243 1322 τοῦ
1262 1295 1460 1331 βαπτίσματος.

1121 1354 1131 1371 ι
1148 1345 1204 1372 Καὶ
1232 1345 1296 1376 τοὺς
1312 1345 1471 1376 νεανίσκους
1485 1344 1530 1371 ἐπ’
1554 1343 1639 1380 αὐτὴν
1660 1343 1836 1379 ἔπιστήσατε.
1862 1352 1872 1369 ι

1083 1391 1155 1425 Κερὶ
1184 1387 1221 1417 ὧν
1240 1390 1348 1425 εἴρηται
1363 1397 1370 1404 ⁸
1387 1389 1523 1424 Ἔγραψα
1549 1389 1631 1424 ὑμῖν,
1646 1389 1813 1421 νεανίσκοι,
1829 1387 1877 1415 ὅτι

1082 1436 1262 1471 νενικήκατε
1275 1435 1330 1463 τὸν
1343 1435 1478 1469 πονηρόν
1490 1443 1496 1449 ·
1512 1435 1546 1462 τὰ
1562 1435 1648 1470 νήπια
1661 1434 1760 1461 αὐτῶν.

1121 1491 1130 1508 ι
1155 1482 1219 1508 Ἐὰν
1234 1480 1272 1516 μὴ
1284 1480 1423 1516 ἁόατωθῇ.
1443 1489 1452 1506 ι
1471 1480 1529 1506 Ἵνα
1543 1479 1644 1515 μηκέτι
1663 1479 1747 1514 ἔχωσι
1761 1478 1814 1506 ποῦ
1824 1487 1876 1506 κα-

1082 1527 1197 1555 ταλῦσαι
1216 1527 1242 1553 οι
1267 1527 1413 1562 δαίμονες,
1430 1526 1485 1553 τῶν
1504 1525 1658 1561 ἀνθρώπων
1678 1525 1876 1561 ἐλευθερουμέ-

1083 1581 1146 1606 νων,
1162 1573 1209 1599 καὶ
1223 1573 1278 1599 τῶν
1291 1572 1420 1599 είδωλίων
1438 1571 1714 1607 καταστρεφομένων.

1120 1628 1130 1645 ι
1157 1619 1224 1646 Ἰδοὺ
1247 1618 1343 1654 ὥσπερ
1357 1618 1447 1650 ἀετός.
1473 1627 1482 1644 ι
1504 1618 1533 1644 '0
1556 1618 1663 1653 μέλλων
1681 1617 1765 1654 αὐτὴν
1788 1625 1876 1645 κατα-

1082 1665 1167 1694 λύειν.

1119 1722 1128 1738 ι
1147 1713 1186 1748 Τῇ
1208 1712 1358 1748 Δαμασκῷ.
1377 1722 1386 1738 ι
1418 1712 1475 1748 Τῆς
1500 1711 1649 1748 Δαμασκοῦ
1668 1710 1798 1747 προλέγει
1824 1709 1875 1745 τὴν

1082 1766 1195 1785 αΛωσιν.

1120 1813 1130 1829 ι
1152 1803 1345 1840 Κατῃσχύνθη.
1364 1802 1452 1839 Ἦμὰθ
1475 1803 1653 1839 καὶἏρφὰθ,
1669 1804 1686 1839 ἡ
1709 1803 1758 1831 νῦν
1773 1803 1875 1830 Ἀντιό-

1082 1857 1155 1884 χεια,
1182 1849 1244 1875 τότε
1270 1848 1406 1875 ἐκαλεῖτο.
1430 1847 1660 1884 Ἐϐασιλεύον[το]
1685 1848 1713 1874 δὲ
1738 1849 1831 1875 ἐκεῖνα
1840 1849 1875 1875 τὰ

1082 1895 1171 1930 χωρία
1181 1895 1242 1921 τότε
1258 1894 1311 1921 ὑπὸ
1332 1895 1382 1930 τῆς
1395 1893 1546 1930 Δαμασκοῦ
1567 1902 1573 1908 ·
1590 1893 1661 1930 αὕτη
1681 1893 1736 1930 γὰρ
1751 1892 1786 1930 ἣν
1812 1894 1874 1921 τότε

1082 1941 1100 1975 ἡ
1113 1940 1168 1967 τῶν
1176 1940 1271 1975 Σύρων
1285 1940 1416 1975 βασιλικὴ
1429 1940 1518 1976 χώρα.

1121 1996 1129 2012 ι
1145 1986 1206 2018 Πῶς
1217 1986 1278 2021 οὐχὶ
1288 1987 1450 2021 ἐγκατέλιπε
1466 1987 1560 2020 πόλιν;
1577 1996 1586 2014 ι
1603 1987 1649 2014 ‘Ev
1658 1987 1718 2019 ταῖς
1728 1987 1782 2014 τῶν
1794 1986 1874 2015 πολι-

1084 2031 1154 2066 μιων
1182 2031 1278 2063 ἀκοαῖς
1292 2031 1548 2067 καταλιμπάνοντες
1570 2032 1620 2064 τὰς
1635 2032 1740 2064 πόλεις.
1762 2033 1803 2064 είς
1823 2033 1874 2064 τὰς

1083 2076 1181 2112 κώμας
1209 2077 1336 2111 ἔφευγον.
1363 2077 1425 2109 Πῶς
1451 2075 1513 2112 οὖν,
1537 2079 1638 2113 φησὶν,
1663 2078 1710 2105 ἐπὶ
1732 2079 1873 2110 τοιαύταις

1081 2123 1179 2154 ἀκοαῖς
1202 2123 1252 2149 οὐκ
1273 2122 1386 2158 ἔμελλον
1408 2123 1629 2158 καταλιμπάνειν
1649 2123 1700 2160 τὴν
1715 2124 1805 2156 πόλιν,
1825 2124 1874 2151 καὶ

1082 2170 1193 2197 ἀπιέναι
1218 2172 1258 2203 εἰς
1279 2171 1329 2202 τὰς
1355 2171 1470 2207 κώμας;
1500 2173 1595 2200 Πόλιν
1624 2172 1653 2199 δὲ
1675 2173 1871 2208 ὲμήν,φησὶν,

1082 2215 1176 2251 ἐπειδὴ
1191 2217 1218 2243 αι
1236 2217 1323 2243 πᾶσαι
1338 2217 1430 2249 πόλεις
1443 2217 1490 2244 τοῦ
1500 2217 1569 2244 Θεοῦ
1585 2219 1666 2245 είσιν.

277 2251 308 2280 V.
324 2253 371 2280 27.
389 2262 398 2278 ι
417 2252 503 2280 Bivia.
527 2263 535 2279 ι
552 2253 643 2289 Reges
670 2253 800 2288 Syrorum
815 2252 888 2280 Ader
902 2251 1029 2280 nomina-

1119 2270 1128 2287 ι
1149 2262 1284 2296 ’Δμφοδα.
1303 2272 1311 2288 ι
1322 2262 1367 2294 Ὠς
1379 2262 1498 2297 βασιλεῖς
1510 2263 1703 2299 Σύρων,¹’Δδερ
1714 2263 1871 2297 ὶκαλοῦνὶο,

239 2298 351 2332 bantur,
367 2297 437 2326 sicut
447 2302 475 2325 et
489 2298 678 2334 Egyptiorum
693 2298 810 2325 Pharao.

275 2344 308 2372 Ὗ.
329 2344 374 2372 30.
388 2354 398 2370 ι
415 2344 523 2380 Fugite,
543 2345 693 2380 demergite
710 2344 737 2371 in
764 2344 926 2372 sessionem.
947 2354 956 2370 ι
976 2344 1029 2372 Pu-

239 2389 318 2417 tastis
327 2389 356 2417 in
366 2393 426 2417 tuto
441 2390 548 2422 sedere,
561 2389 589 2417 id
604 2394 647 2417 est
661 2390 797 2417 habitare.

277 2444 288 2461 ι
313 2434 342 2462 ln
358 2435 429 2462 aula.
449 2444 458 2461 ι
477 2436 508 2462 ιιι
532 2436 657 2469 deserto;
681 2439 796 2463 vocatur
811 2443 876 2462 vero
887 2435 947 2462 aula
966 2435 1028 2470 quia

240 2481 292 2509 sub
307 2481 363 2508 dio.

277 2525 310 2553 ν.
327 2527 371 2553 51.
385 2535 394 2551 ι
409 2525 559 2562 Consurge,
579 2531 607 2554 et
630 2527 761 2555 ascende.
786 2536 795 2552 ι
818 2527 966 2555 Sedentem
979 2535 1028 2555 vo-

240 2573 378 2608 luptuose,
400 2573 493 2608 quiete
506 2572 660 2608 degentem,
677 2578 705 2601 et
717 2573 886 2602 conﬁdenter
899 2573 1028 2602 habitan-

240 2623 306 2645 tcm.

275 2673 285 2690 ι
301 2663 407 2697 Quibus
419 2671 476 2691 non
492 2667 556 2691 sunt
571 2668 663 2698 porta'.
673 2673 682 2690 ι
702 2664 806 2699 Baiani,
823 2665 850 2693 id
863 2669 905 2693 est
923 2665 1026 2700 claves,

238 2720 271 2739 er
290 2717 325 2738 eo
346 2710 419 2745 quod
432 2710 484 2738 sub
499 2711 545 2738 dio
560 2711 726 2739 habitarent.

278 2766 288 2784 ι
318 2754 376 2782 Soli
404 2755 537 2783 habitant.
555 2765 564 2782 ι
581 2756 635 2784 Pro
647 2757 776 2792 dispersi.

274 2807 286 2825 ι
303 2799 443 2828 Attonsos.
461 2809 470 2827 ι
487 2800 517 2829 Id
533 2806 575 2829 est
589 2801 689 2830 decore
702 2810 752 2830 suo
765 2802 904 2838 privatos;
918 2803 963 2832 alii
978 2811 1026 2831 co-

238 2842 424 2881 diceslegunt.
439 2846 614 2881 commistos,
631 2846 689 2875 scil.
709 2847 848 2876 confusos.

1081 2305 1119 2338 ὡς
1137 2306 1184 2333 καὶ
1202 2307 1226 2333 οἱ
1242 2306 1386 2341 Αἰγύπτιοι
1402 2307 1511 2343 Φαραώ,

1120 2361 1130 2378 ι
1159 2352 1227 2380 Δίαν
1256 2353 1429 2387 ἑμόαθύνατε
1457 2354 1498 2386 εις
1521 2354 1641 2382 κάθισιν.
1674 2363 1683 2380 ι
1709 2354 1871 2390 Ἐνομίσατι

1082 2398 1211 2433 ἀσφαλῶς
1229 2398 1379 2434 καθῆσθαι,
1393 2399 1533 2427 τουτέστιν
1545 2400 1641 2427 οἰκεῖν.

1119 2453 1129 2470 ι
1149 2444 1195 2470 Ἐν
1218 2445 1252 2479 τῇ
1276 2444 1355 2481 αὐλῇ.
1376 2454 1385 2472 ι
1408 2445 1453 2473 Ἐν
1472 2447 1507 2482 τῇ
1523 2447 1629 2483 ἐρήμῳ.
1650 2446 1724 2482 Αὑλὴ
1736 2446 1765 2473 δὲ
1784 2446 1829 2474 διὰ
1839 2445 1871 2473 τδ

1082 2489 1198 2526 αἴθριον.

1120 2543 1129 2560 ι
1144 2535 1292 2572 ’Δνάστηθι
1306 2536 1354 2564 καὶ
1368 2537 1496 2572 ὰνάῦηθι.
1513 2547 1523 2565 ι
1539 2538 1703 2575 Καθήμςνον
1716 2539 1756 2570 εἰς
1769 2537 1871 2573 ἀναψυ-

1081 2579 1142 2614 χὴν,
1163 2581 1311 2617 ἡσυχάζον,
1323 2581 1484 2610 εὐσταθοῦν.

1120 2677 1129 2695 ι
1142 2666 1190 2700 οἷς
1204 2669 1255 2696 οὐκ
1263 2669 1317 2697 εῑσὶ
1326 2669 1418 2707 θύραι.
1432 2681 1441 2698 ›
1453 2671 1578 2705 Βάλανοι,
1594 2673 1622 2700 αι
1654 2672 1758 2706 κλεῖδες
1767 2694 1774 2707 ,
1787 2672 1832 2700 διὰ
1841 2672 1871 2701 τὺ

1081 2713 1205 2749 αῑθρίους
1222 2715 1317 2742 οἰκεῖν,

1119 2769 1128 2785 ι
1145 2760 1230 2787 Μόνοι
1242 2761 1416 2791 καταλύουσι.
1438 2771 1449 2789 ι
1469 2763 1546 2791 Ἀντὶ
1559 2763 1617 2797 τοῦ,
1628 2764 1834 2801 διεσπαρμένοι.

1118 2814 1128 2831 ι
1147 2805 1353 2842 Κεκαρμένους.
1372 2818 1382 2834 ι
1396 2808 1470 2836 ’Δντὶ
1484 2809 1543 2842 τοῦ,
1554 2810 1603 2846 τὴν
1614 2811 1782 2848 εὐπρέπειαν
1815 2812 1870 2846 ἀφ·

1080 2851 1237 2886 ῃρημένους
1255 2852 1343 2879 -ἄλλα
1367 2853 1395 2880 δὲ
1426 2853 1517 2888 βιὸλία
1539 2855 1639 2891 ἔχουσι,
1668 2857 1869 2893 κεκραμένους.

1080 2897 1140 2923 ἀντὶ
1159 2896 1217 2930 τοῦ,
1235 2900 1466 2935 συγκεχυμένους.
