2052 3150
185 151 234 184 117

745 149 975 179 FRAGMENTA
993 150 1033 179 ΙΝ
1053 149 1259 180 JEREMIAM.

1761 151 1811 184 na

222 220 232 236 ι
251 209 302 236 Διὰ
312 209 392 236 τοῦτο
409 208 631 244 κατοικήσουσιν.
654 217 663 233 ι
681 207 860 242 Ὀμοιώματα
872 206 974 242 ἀνθρώ-

1064 206 1094 234 ν.
1113 208 1156 235 59.
1179 218 1187 234 ι
1202 207 1347 244 Propterea
1365 209 1536 237 habitabant.
1557 219 1565 235 ι
1587 209 1737 238 Simulacra
1761 212 1811 238 ho-

185 265 254 288 πων,
273 255 324 282 οὐκ
339 254 498 289 ἄνθρωποι,
525 253 570 280 ινα
593 253 660 290 είπῃ
673 254 722 288 τὴν
753 253 894 280 ἀσθένειαν
918 253 973 280 τῶν

186 301 407 336 συμμαχούντων
423 300 480 331 τοῖς
507 299 664 334 βασιλείοις.
683 299 738 326 Καὶ
763 299 819 334 γὰρ
843 299 890 325 καὶ
911 300 973 330 τοὺς

183 345 407 379 ἀντιπράεαντας
422 343 477 370 τῶν
492 343 631 378 νησιωτῶν
655 341 729 369 εἷλεν
757 344 771 370 ό
794 343 895 377 Κύρος.
919 343 974 377 Τὴν

129 406 133 410 ~
183 392 211 418 δὲ
226 389 329 417 τούτων
349 389 470 425 ἐρημίαν
495 388 624 424 σημαίνει
640 388 685 416 διὰ
698 388 754 415 τῶν
775 389 923 424 Σειρήνων,
937 388 975 420 ὡς

183 434 432 470 ἁνθρωπομὸρφων
455 433 549 460 λοιπὸν
575 433 734 468 δαιμονίων,
760 433 777 467 ἢ
798 433 844 459 καὶ
869 433 975 468 ᾠδικῶν

184 480 298 515 ὀρνέων,
312 479 357 506 διὰ
372 479 422 514 τὴν
434 479 555 515 ἐρημίαν
570 477 719 506 οἰκούντων
730 478 793 509 τοὺς
809 478 921 510 τόπους.

223 536 233 552 ε
263 526 330 553 Ὶδοὺ
354 525 419 557 λαὸς
440 525 561 561 ἔρχεται.
591 534 601 551 t
628 524 660 551 Ol.
690 524 720 556 ἐξ
748 524 834 550 ἐθνῶν
866 524 976 551 πιστεύ-

187 581 294 604 σαντες.

225 628 234 644 ε
253 618 309 646 Καὶ
320 617 443 653 βασιλεῖς
459 616 564 643 πολλοί.
578 626 587 642 ι
604 615 701 646 Ἔθνος
721 615 776 651 γάρ
795 616 865 641 εἰσιν
884 615 974 649 ἅγιον,

187 665 325 700 βασίλειον
347 664 515 700 ἱεράτευμα·
533 662 620 689 ταῦτα
634 662 662 688 δὲ
682 662 739 688 ἑνοῖ
753 661 823 696 μετά
841 661 889 696 τὴν
908 662 977 687 ἱστο-

207 711 260 738 ίαν.
603 723 605 726 ⁴

188 720 260 784 Plu;
280 757 310 783 ὲν
337 755 377 791 τῷ
401 755 525 791 Ἰορδάνῃ
551 753 750 788 βαπτιζόμενος
773 752 847 784 λαός.
873 752 904 778 '0
930 752 979 786 τὴν

187 803 287 839 νοητὴν
300 801 451 829 Βαϐυλῶνα
466 799 680 834 καταπολεμῶν.

226 858 236 875 ι
255 849 300 880 El;
316 847 436 882 Γαιοάμ.
463 857 472 873 ι
498 846 606 880 Γαιθὰμ
627 845 709 875 τόπος
724 844 773 871 τοῦ
788 843 933 880 Ἰορδάνου,
951 843 979 869 ὲν

188 892 210 929 ᾧ
225 894 320 922 πολλοὶ
337 894 455 924 λέοντες.

227 952 235 967 ι
255 941 318 968 Ὀτι
332 938 438 974 ταχέως
453 936 574 969 ὲκδιώξω
592 936 701 968 αὐτούς.
719 946 729 963 ι
745 936 814 967 Τοὺς
829 934 980 967 Χαλδαίους

188 988 221 1014 ὲκ
236 987 286 1022 τῆς
305 987 474 1018 Βαϐυλῶνος.

228 1043 237 1060 ι
256 1034 311 1060 Kell.
327 1033 369 1064 τίς
383 1030 460 1064 οὗτος
484 1031 599 1066 ποιμήν.
620 1040 629 1056 ι
645 1030 698 1057 Τοῦ
718 1029 773 1064 γὰρ
795 1028 900 1064 ἀγαθοῦ
922 1037 981 1055 ποι-

191 1080 271 1115 μένος
287 1078 483 1114 ὲξαιρουμένου
494 1078 580 1114 ἡμᾶς,
590 1076 668 1103 οὐδὲν
684 1077 750 1112 ἡμῖν
766 1076 855 1102 ποιεῖν
870 1075 981 1102 δύναται

190 1127 204 1152 ὁ
221 1126 363 1160 πολέμιος.

229 1181 239 1197 ι
259 1172 324 1198 Ἐὰν
342 1170 380 1206 μὴ
406 1168 568 1203 διαφανισθῇ
595 1167 666 1202 νομὴ
683 1167 731 1194 ἀπ’
753 1166 857 1194 αὐτῶν.
878 1176 887 1193 ι
908 1167 983 1193 Ἀντὶ

190 1217 248 1250 τοῦ,
269 1217 387 1251 φίλτατα
400 1214 483 1242 τέκνα
496 1222 501 1229 -
513 1214 612 1248 δεῖγμα
627 1213 656 1239 δὲ
669 1212 750 1239 τοῦτο
768 1213 871 1248 πικρᾶς
883 1213 983 1248 αἰχμα-

191 1263 302 1294 λυσίας.

501 1307 579 1333 ΚΕΦ.
599 1305 663 1332 NA'.

229 1363 238 1379 ι
259 1354 379 1387 Ἄνεμον
411 1353 540 1379 καύσωνα
567 1350 770 1386 διαφθείροντα.
797 1359 807 1376 ι
835 1351 913 1378 Μετὰ
934 1351 983 1386 τὴν

195 1399 313 1435 ἱστορίαν
329 1399 386 1425 νόει
401 1398 464 1428 τοὺς
481 1397 534 1424 ὑπὸ
555 1396 602 1423 τοῦ
631 1397 710 1431 ἁγίου
729 1396 887 1432 Πνεύματος
919 1396 983 1432 βοη-

193 1445 354 1480 Θουμένους,
370 1445 434 1476 τοὺς
450 1443 631 1479 ξηραίνοντας
646 1444 694 1470 καὶ
713 1443 923 1478 διαφθείροντας
935 1443 984 1476 τῆς

193 1492 293 1522 κακίας
308 1490 342 1517 τὰ
361 1489 498 1525 ῥεύματα.

230 1545 240 1562 1
263 1536 320 1562 Kal.
337 1535 374 1571 μὴ
390 1534 528 1569 φείσεσθε.
545 1544 554 1560 ι
573 1534 647 1561 Ἀντὶ
661 1533 719 1564 τοῦ,
736 1534 773 1569 μὴ
785 1534 923 1580 πτοηθῆτε
934 1534 983 1569 τὴν
997 1551 1019 1580 c

193 1583 308 1618 ἀπειλὴν
325 1582 380 1608 τῶν
391 1582 537 1617 δαιμόνων.
554 1580 626 1614 Ἐγὼ
641 1579 696 1614 γάρ
712 1580 770 1614 ειμι
789 1579 850 1614 μεθ’
868 1579 954 1614 ὑμῶν.

231 1639 240 1654 ι
258 1629 321 1656 Ὀτι
344 1629 361 1663 ἡ
380 1628 417 1663 γῆ
437 1627 537 1654 αὐτῶν.
560 1636 569 1652 ι
587 1627 729 1662 Πλήρωμα
744 1625 809 1660 γὰρ.
835 1625 912 1660 φησὶ,
933 1625 984 1659 τῆς

193 1674 301 1704 ἀδικίας
324 1673 379 1700 τῶν
394 1673 546 1705 Χαλδαίων,
563 1672 595 1698 τὸ
614 1671 662 1698 καί
687 1671 720 1697 τὰ
745 1670 830 1705 σκεύη
857 1670 892 1697 τὰ
918 1670 986 1704 ἅγια

195 1720 242 1746 καὶ
258 1719 355 1753 ἁγίους
365 1718 466 1754 ἄνδρας
485 1718 615 1753 μετάγειν
630 1718 670 1748 είς
683 1716 843 1743 Βαϐυλῶνα.

232 1774 242 1790 ε
254 1764 373 1798 Φεύγετε
392 1764 424 1790 ὲκ
440 1764 524 1798 μέσου
538 1762 711 1793 Βαϐυλῶνος.
728 1771 738 1788 ι
759 1761 873 1795 Φεύγειν
887 1761 901 1787 ὁ
917 1769 985 1796 προ-

195 1813 284 1846 (ιςὴτης
304 1810 411 1837 κελεύει
426 1811 458 1836 ὲκ
479 1809 563 1844 μέσου
580 1809 631 1843 τῆς
647 1807 806 1839 Βαϐυλῶνος
820 1807 884 1839 τοὺς
899 1805 985 1839 σωζο-

197 1858 304 1892 μένους,
317 1857 372 1883 εἴτε
384 1857 434 1892 τῆς
460 1855 604 1891 αἰσθητῆς,
616 1855 673 1882 εῐτε
687 1854 736 1881 καὶ
758 1854 810 1889 τῆς
821 1853 869 1880 τοῦ
882 1853 985 1888 κόσμου

196 1902 282 1937 συγχύ
287 1911 366 1934 σεως.

233 1957 243 1973 ι
259 1947 393 1982 Ποτήριον
409 1946 528 1982 χρυσοῦν
544 1945 682 1973 Βαϐυλών.
700 1955 710 1972 ο
732 1946 864 1980 Ποτήριον
887 1943 985 1971 πολλα-

196 1993 243 2028 χοῦ
257 1993 333 2028 παρὰ
343 1994 376 2028 τῇ
390 1993 450 2028 θείᾳ
461 1992 557 2028 Γραφῇ
568 1992 726 2027 ὠνόμασται
737 1991 753 2026 ἡ
765 1990 903 2025 λεγομένη
917 1989 985 2025 ὀργὴ

196 2039 243 2066 τοῦ
259 2039 338 2066 Θεοῦ.
347 2038 458 2074 Ἐπειδὴ
469 2036 516 2066 οὖν
527 2038 590 2070 τοὺς
602 2037 824 2073 προσκυνοῦντας
835 2035 911 2071 αὐτῷ
920 2035 986 2066 Θεὸς

196 2085 240 2111 διὰ
255 2085 438 2112 Βαϐυλωνίων
451 2085 626 2119 ἐτιμωρεῖτο,
643 2079 775 2118 πδτήριον
792 2081 927 2117 μεθύσκον
938 2080 987 2108 αὐ-

196 2130 245 2164 τὴν
266 2129 402 2165 κέκληκεν
416 2137 422 2144 ·
441 2129 560 2166 χρυσοῦν
577 2129 620 2161 δὶ,
636 2129 682 2156 διὰ
696 2128 741 2156 τὸν
763 2129 791 2154 ὲν
812 2128 881 2163 αὐτῇ
905 2126 987 2152 πλοῦ-

197 2185 252 2203 τον.

1026 252 1141 284 minum,
1159 260 1214 280 non
1228 252 1363 286 homines.
1380 258 1407 281 ut
1421 262 1515 282 eoruln
1524 255 1568 290 qui
1579 255 1732 290 Babyloniis
1747 265 1810 290 snp-

1026 298 1111 332 pctias
1136 298 1266 331 ferebant,
1293 299 1478 328 infirmitatem
1508 302 1684 336 exprimeret.
1698 303 1764 329 Nam
1786 308 1814 330 et

1027 342 1176 369 insularum
1192 343 1302 376 incolas,
1318 345 1364 379 qui
1379 345 1429 372 sibi
1443 346 1617 379 obstiterant,
1634 347 1706 381 cepit
1716 347 1813 391 Cyrus.

1027 385 1079 412 Eas
1102 394 1183 421 porro
1196 387 1286 415 nullos
1305 388 1407 416 incolas
1418 389 1518 417 habere
1534 399 1583 425 per
1597 390 1707 418 Sirenes
1727 385 1813 426 signi-

1027 432 1100 466 licat,
1116 441 1176 468 quae
1189 433 1322 461 daemonia
1338 439 1401 461 sunt
1428 435 1546 463 humana
1568 437 1662 472 ﬁgura,
1683 437 1726 464 vel
1750 444 1815 465 aves

1027 485 1133 505 canore:
1146 486 1206 513 qua:
1217 478 1336 507 solitaria
1348 480 1406 508 loca
1421 480 1584 514 inhabitant.

1063 523 1095 550 V.
1107 523 1151 550 41.
1171 533 1181 550 ι
1194 523 1262 552 Ecce
1273 525 1389 560 populus
1401 527 1484 554 venit.
1499 536 1508 552 ι
1524 527 1575 560 Qui
1587 535 1602 555 e
1616 528 1743 563 gentibus
1756 536 1816 557 cre-

1028 567 1167 595 diderunt.

1066 622 1076 638 ι
1089 612 1121 639 Ει
1143 621 1220 649 reges
1239 615 1326 642 multi.
1345 624 1354 642 ι
1371 615 1446 644 Gens
1468 617 1540 645 enim
1568 624 1661 647 sancta
1683 625 1747 648 sunt
1770 628 1815 648 re-

1029 658 1088 693 gale
1117 658 1343 688 sacerdotium":
1375 662 1433 691 haec
1454 667 1544 690 autem
1569 663 1690 692 histm'iae
1714 666 1817 694 subne-

1029 705 1063 731 cti
1068 709 1086 732 t.

1064 752 1182 787 Populus
1193 754 1239 788 qui
1254 753 1281 781 in
1294 754 1413 783 Jordane
1427 755 1589 791 baptizatur.
1604 756 1655 790 Qui
1666 757 1816 793 spiritalem

1030 796 1192 832 Babylonem
1207 805 1352 836 expugnat.

1069 842 1098 869 V.
1111 843 1156 871 «H.
1185 854 1194 870 ‹
1209 845 1236 872 In
1260 846 1392 874 G:etham.
1410 856 1419 873 ι
1437 847 1526 875 Locus
1541 853 1582 876 est
1606 849 1732 878 Iordanis
1758 850 1819 878 Ca:-

996 883 1017 910 B
1032 887 1117 919 math,
1138 888 1260 917 leonibus
1274 891 1424 919 abundans.

1069 942 1078 958 ι
1097 933 1164 966 Quia
1193 935 1248 962 cito
1277 937 1410 972 expellam
1429 945 1486 965 eos.
1507 947 1517 964 ι
1538 938 1680 968 Chaldaeos
1693 948 1708 968 e
1731 941 1820 977 Baby-

1030 978 1102 1006 Ione.

1068 1024 1099 1051 Et
1119 1025 1180 1061 quis
1210 1026 1259 1054 iste
1276 1032 1378 1062 pastor.
1395 1038 1404 1054 ι
1421 1029 1489 1057 Nam
1504 1036 1613 1066 pastore
1629 1033 1702 1060 bono
1720 1041 1770 1061 nos
1786 1033 1819 1060 li-

1031 1070 1153 1103 bcrante,
1168 1073 1236 1099 nihil
1251 1074 1330 1101 nobis
1345 1082 1443 1103 nocere
1455 1081 1544 1111 potest
1558 1077 1742 1107 adversarius.

1068 1161 1100 1189 V.
1114 1163 1158 1189 45.
1175 1173 1182 1188 ι
1198 1163 1252 1191 Nisi
1265 1170 1475 1200 corrumpantur
1489 1166 1549 1202 agni
1560 1168 1663 1196 ovium.
1676 1177 1686 1194 ι
1699 1169 1756 1198 Hoc
1768 1175 1820 1202 est.

1032 1208 1189 1236 charissima
1206 1209 1327 1245 pignora,
1349 1211 1451 1239 indicat
1468 1220 1550 1248 porro
1572 1213 1626 1241 hoc
1647 1215 1822 1244 durissimam

1033 1254 1229 1290 captivitatem.

1363 1303 1439 1332 CAP.
1454 1304 1496 1331 ιι.

1070 1346 1102 1373 V.
1119 1347 1143 1374 l.
1161 1357 1170 1373 ‹
1187 1347 1303 1375 Ventum
1319 1354 1452 1377 urentem.
1469 1360 1478 1376 ι
1505 1351 1570 1379 Post
1595 1360 1704 1380 sensum
1736 1353 1824 1382 histo-

1035 1392 1120 1420 ricum
1136 1393 1255 1428 intelligo
1272 1402 1320 1421 eos
1337 1403 1406 1429 quos
1430 1397 1541 1430 adjuvat
1568 1397 1685 1433 Spiritus
1701 1406 1822 1434 sanctus,

1035 1439 1203 1466 exsiccantes
1230 1443 1258 1467 et
1285 1445 1493 1476 corrumpentes
1519 1443 1649 1477 nequitiae
1679 1443 1822 1474 ﬂuxiones.

1074 1531 1104 1557 V.
1117 1532 1143 1558 5.
1173 1541 1181 1557 ι
1198 1532 1230 1559 Et
1253 1540 1287 1559 ne
1300 1533 1427 1568 parcatis.
1444 1543 1453 1560 ι
1476 1533 1533 1562 Hoc
1546 1540 1597 1567 est,
1617 1543 1653 1563 ne
1679 1536 1825 1565 timueritis

1035 1576 1188 1603 (Ιςεηιοιιυιη
1203 1576 1301 1604 mittas.
1313 1577 1370 1613 Ego
1381 1578 1455 1605 enim
1468 1586 1529 1606 sum
1540 1579 1690 1608 vobiscum.

1072 1620 1101 1647 ν.
1114 1621 1140 1648 5.
1155 1631 1163 1647 ι
1179 1621 1247 1654 Quia
1267 1626 1338 1650 terra
1351 1630 1455 1651 eorum.
1470 1633 1479 1650 ι
1494 1623 1729 1660 Complementum
1752 1627 1826 1655 enim

1035 1667 1175 1701 iniustitia:
1185 1667 1375 1696 Chaldaeorum
1392 1669 1430 1696 ait
1440 1669 1546 1708 fuisse,
1556 1672 1628 1706 quod
1642 1676 1736 1700 sancta
1761 1681 1826 1701 vasa

1035 1717 1200 1748 sanctosque
1216 1714 1339 1742 homines
1347 1714 1511 1750 Babylonem
1527 1718 1727 1747 transtulerint.

1072 1759 1102 1786 V.
1131 1759 1158 1787 6.
1184 1769 1193 1786 ‹
1219 1760 1313 1796 Fugite
1332 1761 1366 1788 de
1388 1762 1479 1790 medio
1501 1763 1655 1799 Babylonis.
1677 1774 1687 1791 ι
1721 1765 1827 1803 Fugere

1034 1805 1112 1840 jubet
1125 1807 1257 1841 propheta
1273 1807 1307 1834 de
1323 1808 1414 1835 medio
1429 1808 1576 1844 Babylonis
1595 1817 1642 1837 eos
1654 1811 1702 1846 qui
1716 1812 1826 1840 salvan-

1038 1856 1090 1885 tur,
1115 1852 1157 1880 vel
1168 1860 1228 1887 quze
1242 1853 1277 1880 ad
1291 1860 1402 1881 sensum
1418 1855 1546 1889 pertinet,
1563 1856 1605 1883 vel
1618 1856 1652 1883 de
1664 1856 1828 1886 confusione

1036 1897 1139 1926 mundi.

1072 1943 1142 1970 v.7.
1169 1952 1178 1969 ‹
1198 1943 1273 1971 Calix
1295 1951 1395 1972 aureus
1419 1945 1550 1981 Babylon.
1574 1955 1584 1973 ι
1602 1946 1677 1974 Calix
1701 1954 1773 1983 saepe
1798 1948 1827 1975 in

1037 1988 1121 2014 sacris
1133 1987 1243 2015 Litteris
1256 1993 1350 2016 vocata
1365 1993 1416 2021 est.
1437 1997 1498 2025 qua:
1511 1991 1610 2018 dicitur
1625 1991 1662 2018 ira
1677 1991 1735 2019 Dei.
1753 1993 1827 2025 Quo-

1036 2031 1110 2059 niam
1136 2032 1219 2067 igitur
1238 2032 1309 2061 Deus
1324 2034 1441 2062 cultores
1458 2042 1522 2063 suos
1542 2036 1648 2071 punivit
1671 2045 1720 2072 per
1740 2037 1828 2074 Baby-

1037 2078 1135 2112 lonios,
1148 2078 1260 2107 calicem
1276 2079 1456 2108 inebriantem
1467 2088 1525 2108 eam
1537 2082 1682 2117 appellavit
1694 2092 1700 2116 ;
1714 2091 1826 2113 aureum

1038 2132 1113 2156 vero,
1134 2129 1245 2160 propter
1260 2126 1320 2161 ejus
1335 2126 1455 2155 divitias.

235 2222 366 2257 «Ἔγειρε
391 2221 492 2258 Κύριος
513 2221 544 2248 τὺ
566 2221 676 2256 πνεῦμα
693 2219 825 2255 βασιλέως
840 2219 950 2255 Μήδων.
972 2228 981 2244 ι

1074 2215 1103 2242 ν.
1122 2215 1166 2241 Η.
1188 2224 1196 2240 ι
1218 2214 1365 2243 Suscitavit
1385 2214 1517 2243 Dominus
1539 2216 1664 2251 spiritum
1679 2219 1752 2255 regis
1770 2219 1828 2248 Me-

198 2267 351 2303 Προφητῶν
365 2267 383 2302 ἡ
397 2266 474 2302 φωνὴ
491 2265 728 2302 εὑχαριστούντων
738 2285 745 2298 ,
758 2265 799 2292 ὅτι
819 2263 959 2300 ἑλυτρὼθη
973 2265 988 2291 ό

198 2313 261 2344 λαὸς
277 2312 328 2347 τῆς
350 2321 380 2338 τε
398 2312 459 2338 καθ’
471 2311 593 2347 ἱστορίαν
610 2310 810 2347 αἰχμαλωσίας,
826 2310 872 2336 καὶ
888 2309 936 2344 τῆς
956 2310 989 2336 ὲκ

198 2355 245 2382 τοῦ
265 2355 367 2390 κόσμου
385 2356 545 2390 συγχύσεως
557 2354 602 2382 διὰ
613 2354 660 2382 τοῦ
675 2354 800 2390 Σωτῆρος
814 2354 893 2390 ήμῶν
902 2353 987 2389 Ἰησοῦ

199 2400 330 2436 Χριστοῦ.

234 2455 245 2472 ι
260 2444 508 2480 Κατασκηνοῦντας
532 2444 575 2479 ἐφ’
588 2443 665 2470 ὕδασι
688 2444 806 2475 πολλοῖς.
825 2453 834 2469 ι
854 2443 908 2470 Τοῦ
929 2443 987 2470 Κύ-

199 2498 247 2524 ρου
258 2498 264 2504 ·
281 2490 348 2524 φασὶ
363 2489 391 2515 δὲ
406 2489 496 2524 ἕτεροι
512 2489 638 2524 Δαρείου.
656 2489 724 2516 Καθ’
738 2489 870 2524 ἱστορίαν,
886 2489 920 2524 τῇ
937 2497 989 2516 πο-

197 2535 350 2571 λυπληθείᾳ
371 2535 426 2562 τῶν
449 2534 566 2570 ἀνδρῶν,
579 2535 648 2570 πρὸς
665 2534 695 2561 δὲ
710 2534 829 2562 διάνοιαν
839 2554 847 2567 ,
860 2535 916 2566 τοῖς
941 2536 991 2570 τῆς

200 2581 314 2616 καρδίας
331 2580 477 2616 ῥεύμασιν,

239 2626 316 2652 ι”Οτι
338 2625 432 2660 ὤμοσε
446 2625 550 2661 Κύριος
568 2625 638 2652 κατὰ
651 2623 698 2651 τοῦ
714 2624 867 2660 βραχίονος.
883 2634 892 2651 ι
911 2625 989 2652 Κατὰ

201 2672 250 2707 τῆς
262 2671 359 2698 ἑαυτοῦ
372 2671 527 2707 δυνάμεως.

239 2726 249 2743 1
262 2717 318 2745 Καὶ
333 2716 495 2752 φθέγξονται
510 2716 555 2744 ἐπὶ
569 2715 628 2745 σι.)
651 2715 723 2744 ’Δντὶ
737 2715 796 2749 τοῦ,
813 2715 987 2749 ὀνειδίζοντές

207 2771 245 2791 σε.

240 2859 261 2874 ³⁸
274 2859 284 2887 Ι
298 2855 371 2889 Petr.
385 2868 413 2894 n,
428 2859 454 2888 9.

1037 2260 1144 2288 dorum.
1170 2269 1179 2285 ι
1202 2259 1398 2295 Prophetarum
1418 2268 1469 2287 vox
1482 2261 1583 2296 gratias
1607 2262 1663 2290 Deo
1677 2264 1827 2304 agentium,

1036 2306 1108 2341 quod
1125 2305 1255 2334 liberatus
1270 2306 1305 2334 sit
1327 2306 1443 2342 populus
1465 2311 1492 2334 et
1510 2307 1544 2335 ab
1571 2307 1700 2336 historica
1714 2309 1829 2346 captivi-

1037 2356 1104 2385 tate,
1115 2356 1143 2379 et
1155 2359 1170 2379 e
1185 2351 1280 2379 mundi
1293 2352 1454 2380 confusione
1464 2361 1513 2386 per
1524 2352 1692 2381 Salvatorem
1704 2359 1828 2384 itostrutn

1036 2397 1128 2425 Jesum
1142 2397 1292 2425 Christum.

1071 2443 1104 2470 ν.
1122 2443 1165 2470 l3.
1189 2453 1198 2469 (
1216 2442 1375 2472 Habitantes
1389 2443 1415 2471 in
1437 2445 1515 2480 aquis
1537 2445 1640 2474 multis.
1665 2454 1674 2472 ι
1692 2445 1755 2482 Cyri
1771 2447 1832 2482 qui-

1037 2489 1099 2516 dam
1110 2489 1203 2523 aiunt;
1220 2490 1265 2516 alii
1278 2490 1361 2517 Darii.
1377 2489 1418 2518 Ad
1434 2498 1546 2518 sensum
1565 2491 1737 2526 historicum,
1753 2493 1831 2528 copia

1040 2534 1180 2562 hominum
1193 2543 1200 2568 ;
1219 2535 1343 2570 mystice,
1359 2535 1525 2564 ﬂuxionibus
1541 2537 1641 2565 cordis.

1079 2622 1109 2649 V.
1138 2622 1182 2650 M.
1204 2631 1214 2648 ι
1233 2623 1301 2656 Quia
1330 2623 1432 2658 juravit
1451 2623 1583 2652 Dominus
1613 2631 1663 2660 per
1688 2624 1831 2653 brachium

1042 2675 1132 2696 suum.
1153 2677 1162 2694 ι
1178 2668 1231 2696 Per
1245 2676 1322 2696 suam
1337 2669 1478 2697 virtutem.

1080 2726 1090 2742 ‹
1115 2717 1149 2745 Et
1165 2717 1312 2753 loquentur
1332 2724 1414 2753 super
1432 2721 1469 2747 te.
1483 2727 1492 2744 ›
1518 2717 1581 2752 Pro,
1599 2717 1647 2746 tibi
1661 2716 1832 2754 exprobran-

1042 2767 1092 2790 tes.
