2052 3150
223 182 275 213 'll9

770 165 1028 200 OLYMPIODORI
1049 161 1313 194 ALEXANDRINI

1802 165 1853 196 ’7Ξο

259 239 290 267 ν.
308 239 349 266 15.
377 247 387 263 ι
407 234 537 263 Dominus
560 231 663 259 faciens
683 234 792 256 terram.
813 237 823 254 ι
843 227 884 254 Ab
898 224 1007 260 opiﬁcio

1097 230 1105 246 I
1121 220 1225 255 Κύριος
1244 218 1331 245 ποιῶν
1344 217 1408 251 γῆν.
1423 224 1432 241 ι
1450 214 1518 241 Ἀπὸ
1530 213 1580 248 τῆς
1593 211 1776 248 δημιουργίας
1787 212 1852 238 ἁνα-

224 286 307 312 Dcum
324 280 498 318 proportione
516 272 734 311 eo'guoscendum
747 273 836 301 docet.
855 271 884 298 lu
895 269 964 297 coelo
978 268 1012 296 ad

225 327 387 364 exploranda
410 325 538 351 tonitrua.

262 360 291 399 ἦν.
311 372 351 398 17.
380 379 389 395 ι
408 369 512 396 Stultus
532 367 619 394 factus
635 369 677 392 est
691 363 780 392 omnis
795 363 878 389 homo
893 369 907 387 a
921 360 1012 387 scien-

226 420 272 446 tia.
293 428 301 442 ›
327 417 384 443 Non
406 415 545 442 intellecto
565 411 663 447 opiﬁce
685 418 718 437 ex
739 408 838 444 opiﬁcii
860 406 1012 442 pulchritu-

225 465 298 495 dine.
316 463 357 490 vel
370 460 541 497 generaliter,
563 458 626 493 quia
646 465 718 484 nune
733 463 766 482 ex
783 459 858 489 parte
871 451 1013 487 cognosci-

226 517 297 537 ιιιιις.

263 553 293 580 V.
314 553 359 580 ‘20.
378 561 387 577 ι
413 550 549 585 Dispcrgis
571 554 598 576 tu
621 547 688 575 mihi
708 553 771 573 vasa
797 543 867 571 helli.
885 552 894 569 ι
917 542 956 569 Ad
969 542 1014 568 lit-

226 605 310 628 teram
328 598 437 633 quidem
468 595 631 630 Babylonem
652 592 763 629 respicit
781 591 825 617 hic
840 596 950 620 sermo;
967 587 1014 615 sed

226 652 291 672 vero
317 643 430 679 propius
458 645 511 672 est,
532 639 622 667 omnia
647 646 708 673 qua:
730 639 884 671 sequuntur
907 633 939 660 ad
965 633 1015 660 Sa-

227 697 316 718 tanam
333 688 410 723 dirigi
425 696 457 714 ex
471 693 585 721 persona
598 684 655 712 Dei.
667 683 719 713 Tu,
730 682 827 717 inquit,
843 681 894 707 hoc
911 679 969 714 agis
987 682 1016 705 ut

226 737 364 770 dispergas
387 734 445 768 pios
471 732 594 759 homines
619 730 666 764 qui
691 733 779 756 tecum
809 733 930 762 pugnare
953 732 1016 759 pos-

227 788 301 810 sunt.
332 782 388 816 Ego
413 787 476 806 vero
500 779 654 813 dispergam
682 782 838 803 universam
861 773 1015 800 daemonum

227 827 439 857 multitudinem,
454 829 481 852 et
497 825 542 859 qui
560 824 587 851 in
603 823 654 850 illis
669 826 733 849 sunt
750 821 784 847 ad
805 820 904 847 malum
921 821 1016 852 poten-

228 874 320 901 tiores.

264 919 433 953 Voluptalem
453 916 568 943 feminea
583 914 698 942 libidine
714 917 888 943 atstuantem,
904 911 1018 945 ejusque
1034 902 1055 929 Β

227 964 354 999 opiﬁcem
370 963 532 990 daemonem.

264 1009 296 1043 νε
328 1009 374 1035 21.
403 1017 411 1033 ι
429 1008 462 1034 Et
475 1007 627 1042 dispergam
651 1005 677 1031 iu
705 1010 731 1031 te
757 1011 869 1038 equum.
887 1012 896 1028 ι
923 1001 1020 1028 lnanes

228 1056 319 1091 gloria:
329 1060 357 1081 et
369 1053 545 1089 pecuniarum
561 1051 708 1086 appetitus,
718 1056 867 1083 eorumque
881 1046 1021 1082 operarios

228 1103 375 1129 daemones.

265 1146 298 1173 γ.
329 1146 374 1173 22.
407 1154 415 1170 ι
438 1144 470 1171 Et
493 1143 645 1178 dispergam
672 1141 699 1168 in
729 1145 754 1167 te
772 1139 983 1166 adolescentem.
1009 1146 1018 1162 ι

229 1193 341 1221 Steriles
353 1191 386 1218 ad
399 1189 539 1217 ferendum
555 1188 682 1214 fructum.

269 1248 277 1263 ι
297 1238 330 1264 Ει
346 1237 500 1270 dispergam
516 1235 543 1260 in
568 1238 593 1260 te
610 1233 697 1260 virum
716 1236 744 1258 et
757 1231 892 1258 mulieres.
913 1239 923 1254 ι
939 1229 1022 1256 Volu-

231 1283 314 1318 ptatis
329 1281 459 1308 studium.

268 1327 299 1354 V.
317 1327 363 1353 25.
382 1335 391 1351 ι
410 1325 442 1352 Et
450 1324 608 1359 dispergam
623 1324 650 1350 in
668 1328 693 1350 te
713 1329 859 1357 pastorem.
881 1331 890 1346 ι
908 1320 1022 1347 Fallacis

232 1373 353 1401 scientiae
368 1371 505 1402 doctores,
521 1374 548 1397 et
562 1369 723 1396 obedientes
737 1368 799 1396 illis.
879 1360 883 1367 ”

272 1469 280 1485 ι
305 1459 338 1486 Et
358 1457 513 1492 dispergam
534 1456 562 1483 in
579 1461 605 1483 te
620 1455 776 1491 agricolam.
801 1463 810 1479 ι
829 1453 964 1481 [dolorum
980 1459 1022 1480 sa-

233 1505 349 1538 criﬁcos,
364 1509 391 1532 et
407 1503 542 1531 sacriﬁcia
558 1509 663 1534 eorum,
679 1506 706 1528 et.
723 1501 803 1527 idola.

1063 267 1150 300 λόγως
1166 265 1330 300 θεωρεῖσθαι
1344 263 1464 289 διδάσκει
1479 260 1525 287 τὸν
1540 259 1672 286 Θεὸν.Ἑν
1682 258 1722 294 τῷ
1733 258 1852 294 οὐρανῷ,

1063 313 1104 344 είς
1121 311 1150 338 τὸ
1164 310 1307 337 ἀποτελεῖν
1323 307 1449 344 βροντάς.

1100 367 1109 383 Ι
1121 355 1282 392 Ἐμωράνθη
1309 355 1363 386 πᾶς
1385 353 1528 389 ἄνθρωπος
1552 352 1606 378 ἀπὸ
1623 350 1762 386 γνώσεως.
1781 359 1791 376 ι
1809 348 1856 385 Μὴ

1063 404 1162 439 νοήσας
1178 402 1232 428 ἀπὸ
1249 401 1299 436 τῆς
1314 400 1446 434 καλλονῆς
1461 399 1516 425 τῶν
1531 398 1691 432 κτισμάτων
1704 397 1751 423 τὸν
1765 395 1857 423 αὐτῶν

1063 448 1241 485 δημιουργὸν,
1257 447 1274 482 ἣ
1291 447 1338 474 καὶ
1351 445 1479 473 καθόλου.
1493 445 1534 471 ὃτι
1550 443 1597 470 νῦν
1612 444 1645 470 ὲκ
1659 443 1759 478 μέρους
1770 441 1857 476 γινώ-

1065 503 1179 530 σκομεν.

1103 552 1112 567 ι
1129 540 1339 574 Διασκορπίζεις
1356 538 1388 565 σύ
1408 547 1454 573 μοι
1470 536 1554 572 σκεύη
1579 535 1711 570 πολέμου.
1733 543 1743 560 r
1757 533 1858 568 Αἰσθη-

1064 587 1120 618 τῶς
1140 588 1200 622 μὲν,
1216 586 1253 617 ὡς
1270 585 1339 620 πρὸς
1355 585 1404 620 τὴν
1420 582 1568 610 Βαὸυλῶνα
1578 583 1592 608 ὁ
1602 581 1680 614 λόγος
1690 590 1697 596 '
1711 580 1859 615 ἀληθέστε-

1068 642 1112 669 ρον
1129 633 1157 659 δὲ
1175 633 1260 658 πάντα
1278 630 1378 666 ἑφεξῆς
1395 630 1464 666 πρὸς
1478 630 1524 655 τὸν
1538 628 1660 654 Σατανᾶν
1675 626 1802 661 εἴρηται·
1820 625 1859 656 ὡς

1066 678 1097 703 ὲκ
1115 676 1163 703 τοῦ
1185 676 1263 702 Θεοῦ.
1290 676 1337 707 Σὺ,
1360 675 1453 709 φησὶν,
1478 674 1628 708 ἐπιχειρεῖς
1655 671 1859 707 διασκορπίζειν

1065 723 1128 754 τοὺς
1149 722 1309 757 ἀνθρώπους
1323 721 1386 752 τοὺς
1403 719 1549 750 θεοσεϐεῖς,
1562 719 1625 749 τοὺς
1641 717 1806 752 δυναμένους
1818 723 1859 742 σοι

1067 769 1211 802 πολεμεῖν·
1227 767 1283 801 ἐγὼ
1296 767 1324 793 δὲ
1339 765 1528 800 διασκορπῐζω
1542 773 1590 791 σου
1608 765 1699 790 πᾶσαν
1715 761 1861 797 δαιμονιώ-

1067 814 1099 848 δη
1115 813 1230 848 πληθὺν,
1248 813 1296 838 καὶ
1315 813 1378 844 τοὺς
1393 811 1482 839 αὐτῶν
1503 811 1532 837 έν
1554 810 1639 845 κακίᾳ
1662 807 1861 843 ἐπικρατεστέ-

1071 868 1144 895 ρους.

1111 905 1223 939 Ἡδονὴν
1232 904 1282 939 τὴν
1293 903 1449 939 θηλυμανῆ,
1463 903 1512 930 καὶ
1523 903 1568 929 τὸν
1578 901 1680 935 ταύτην
1694 899 1860 936 ἐνεργοῦντα

1071 951 1114 978 δαί
1119 959 1186 985 μονα
1191 971 1197 977 .

1109 1007 1118 1022 ι
1135 998 1189 1023 Kal.
1204 995 1375 1030 διασκορπιῶ
1387 995 1416 1022 ὲν
1431 995 1472 1021 σοὶ
1488 994 1581 1021 ἵππον.
1596 1003 1605 1019 ι
1629 994 1686 1024 Τὰς
1699 993 1860 1028 φιλοδοξίας,

1070 1042 1120 1074 τὰς
1135 1040 1357 1076 φιλοχρηματίας
1374 1040 1419 1066 καὶ
1432 1039 1495 1070 τοὺς
1510 1038 1595 1070 αὑτὰς
1609 1037 1789 1073 ἐνεργοῦντας
1802 1037 1862 1064 δαί-

1073 1095 1168 1122 μονας.

1110 1142 1119 1158 ι
1139 1133 1191 1159 Kal.
1207 1130 1378 1167 διασκορπιῶ
1401 1130 1431 1157 έν
1457 1129 1499 1156 σοὶ
1523 1129 1676 1156 νεανίσκον.
1691 1137 1700 1154 ι
1715 1128 1785 1160 Τοὺς
1799 1127 1863 1163 ἀγό-

1071 1187 1133 1210 νους
1147 1179 1188 1209 εἰς
1204 1177 1315 1212 ἀρετήν.

1109 1233 1118 1249 ι
1134 1223 1189 1250 Kal.
1207 1222 1376 1258 διασκορπιῶ
1391 1222 1419 1248 ὲν
1435 1222 1477 1248 σοὶ
1491 1221 1575 1256 ἄνδρα
1587 1221 1636 1248 καὶ
1649 1221 1793 1254 γυναῖκα.»
1806 1219 1863 1256 Τὴν

1072 1269 1182 1305 φιληδον
1187 1268 1239 1295 ίαν.

1111 1324 1120 1340 ι
1136 1315 1192 1341 Kal.
1204 1313 1375 1349 διασκορπιῶ
1387 1314 1416 1339 ἐν
1430 1313 1472 1339 σοὶ
1485 1313 1614 1348 ποιμένα.
1628 1322 1637 1338 ι
1653 1313 1722 1344 Τοὺς
1736 1312 1784 1348 τῆς
1798 1312 1865 1347 ψευ-

1072 1361 1198 1396 δωνύμου
1227 1359 1356 1394 γνώσεως
1379 1359 1558 1390 διδασκάλους
1580 1358 1630 1385 σὺν
1654 1360 1712 1390 τοῖς
1733 1358 1864 1393 πειθομέ-

1073 1416 1140 1440 νοις.

1110 1464 1120 1480 ι
1137 1455 1191 1481 Καὶ
1214 1453 1384 1489 διασκορπιῶ
1406 1454 1435 1480 ὲν
1461 1452 1503 1478 σοὶ
1526 1451 1660 1487 γεωργὸν.
1677 1461 1686 1478 ι
1715 1451 1787 1483 Τοὺς
1810 1450 1866 1477 τῶν

1072 1501 1191 1528 εἰδώλων
1212 1500 1384 1536 ίερουργοὺς,
1397 1500 1445 1526 καὶ
1455 1498 1504 1530 τὰς
1525 1498 1637 1529 τελετὰς
1653 1498 1753 1530 αὐτῶν,
1770 1499 1817 1525 καὶ
1831 1498 1866 1525 τὰ

1074 1547 1183 1573 εἴδωλα.

273 1605 281 1621 ι
300 1596 333 1622 Et
345 1595 496 1629 dispergam
510 1592 536 1618 in
551 1596 577 1618 te
597 1590 749 1626 prmiectos.
771 1599 780 1615 ι
813 1588 954 1623 Principes
974 1595 1023 1615 ne-

1113 1602 1122 1618 ‹
1140 1594 1194 1620 Kal.
1216 1593 1388 1629 διασκορπιῶ
1402 1593 1551 1629 ἡγεμόνας.
1570 1603 1578 1620 ι
1601 1594 1670 1624 Τοὺς
1687 1593 1821 1628 ἄρχοντας
1838 1591 1867 1616 ἑν

234 1641 326 1677 quitia:
341 1641 487 1667 ti'cBlllOllaS.

271 1687 302 1713 Υ.
324 1686 369 1712 9.5.
401 1695 409 1710 ι
430 1685 498 1711 Ecce
521 1691 571 1718 ego
591 1682 623 1709 ad
639 1687 663 1708 te
680 1686 799 1708 montem
822 1683 989 1714 corruptum.
1012 1688 1021 1704 ι

236 1732 369 1759 llistoricc
379 1730 488 1765 quidem
504 1729 811 1758 Nabuchodonosorem,
829 1725 945 1760 spiritali
960 1733 1024 1753 vero

236 1785 319 1804 sensu
345 1776 472 1803 Satanam
499 1779 672 1809 corruptum,
693 1773 756 1808 quia
781 1780 842 1799 cum
858 1777 884 1799 et
912 1771 934 1798 is
955 1778 1025 1798 unus

236 1828 310 1850 esset
320 1831 351 1849 ex
369 1820 550 1856 arcltaugelis,
563 1825 659 1855 sponte
674 1827 721 1847 sua
738 1818 874 1853 propriam
896 1818 1025 1845 virtutem

236 1868 366 1897 deseruit.

275 1923 285 1939 ι
303 1914 336 1941 Ει
350 1913 492 1940 extendam
507 1919 617 1939 manum
642 1919 730 1938 meam
745 1918 827 1946 super
844 1913 881 1937 te.
901 1919 911 1936 ι
929 1909 1028 1944 Expel-

239 1961 290 1987 iam
310 1964 335 1986 te
354 1960 388 1986 ab
413 1959 456 1986 his
484 1958 530 1994 qui
550 1958 734 1989 crediderunt.
754 1957 857 1985 sanctis
879 1956 1026 1991 lapidibus,

238 2006 284 2041 qui
296 2012 378 2039 super
387 2008 487 2031 terram
502 2004 668 2037 volutantur,
682 2004 725 2031 vel
733 2004 828 2031 eodem
842 2003 953 2030 nomine
965 2010 1026 2029 eum

238 2056 330 2086 petra,
354 2051 380 2078 id
401 2053 452 2082 est,
480 2049 590 2078 Christo
605 2049 698 2077 ﬁdeles
709 2057 819 2084 quoque
834 2053 919 2084 petrae
941 2047 1027 2075 vocati

239 2102 313 2130 sunt,
336 2103 369 2122 eo
389 2095 463 2130 quod
478 2095 590 2123 credant
609 2095 637 2122 in
656 2095 756 2131 ipsum,
770 2099 798 2122 et
813 2094 894 2122 ﬁdem
910 2094 1028 2121 habeant

240 2144 427 2171 inconcussam
432 2161 439 2168 .

277 2197 287 2213 ι
310 2187 343 2214 Ει
357 2187 427 2213 dabo
447 2191 472 2213 te
492 2187 562 2214 sicut
576 2191 695 2214 montem
711 2186 893 2214 combustum.
910 2195 920 2211 ι
937 2185 1028 2212 infrit-

241 2238 365 2261 etuOSum
382 2231 498 2263 scilicet,
515 2232 648 2261 inutilem.

276 2278 308 2305 V.
325 2277 370 2305 ‘26.
388 2287 397 2302 ‹
414 2278 447 2304 Et
461 2285 516 2305 non
529 2277 664 2312 accipient
674 2277 708 2305 de
720 2282 745 2305 le
759 2277 885 2312 lapidem.
904 2286 912 2302 ι
932 2276 1028 2303 Fortes

241 2332 272 2352 ac
290 2324 348 2352 duri
365 2323 469 2359 lapides
481 2323 514 2350 ad
529 2323 852 2358 fundamenlajaeiuntur
865 2326 892 2349 et
905 2322 930 2348 in
945 2329 1031 2356 augu-

242 2369 292 2396 los.
309 2369 368 2396 Eris
384 2369 486 2403 itaque,
501 2367 692 2401 ait,inﬁrmus,
708 2367 824 2400 inutilis,
834 2371 861 2394 et
875 2367 984 2401 ineptus
997 2366 1031 2392 ad

243 2423 333 2442 usum.

279 2470 290 2487 ι
308 2461 408 2488 Levate
423 2460 529 2496 signant
541 2467 623 2494 super:
639 2463 750 2487 terram.
772 2467 781 2484 ι
800 2458 905 2486 Tubam
922 2458 1028 2493 signum

242 2511 331 2534 vocat.
359 2506 484 2541 Praeipit
504 2513 569 2533 vero
598 2505 650 2533 hoc
667 2505 739 2533 Deus
760 2505 875 2533 fortasse
901 2504 1030 2540 angelicis

242 2552 405 2588 quihusdam
417 2552 564 2579 virtutibus
578 2552 610 2579 ad
628 2552 788 2579 excitandos
801 2551 907 2578 animos
923 2558 1030 2582 eorum,

241 2599 287 2634 qui
304 2598 402 2625 bellum
415 2603 508 2624 contra
523 2597 684 2632 Babylonem
695 2601 774 2624 erant
785 2596 947 2631 suscepturi.
960 2596 1032 2623 Prte-

242 2644 309 2679 cipit
326 2644 390 2671 item
413 2647 441 2670 et
457 2643 587 2677 apostolis
605 2647 635 2670 ut
652 2642 744 2670 ﬁdeles
766 2642 893 2678 colligant
908 2642 1032 2669 illaturos

242 2691 343 2718 bellum
363 2689 531 2716 idololatrite.

281 2745 291 2762 ι
322 2734 496 2763 Sanetiﬁcate
526 2741 609 2768 super
631 2741 690 2761 eam
713 2737 817 2769 gentes.
845 2743 855 2760 ι
886 2733 1031 2768 Segregate

243 2785 338 2808 contra
353 2787 413 2807 eam
430 2783 606 2815 pugnaturos.

282 2836 291 2853 ι
309 2826 406 2854 Tollite
418 2834 432 2853 ιι
448 2833 500 2853 me.
525 2835 534 2852 ι
561 2826 657 2852 Ararat
681 2826 814 2853 Armenia:
831 2831 894 2853 sunt
914 2830 1030 2852 montes.

1076 1639 1160 1675 κακίᾳ
1176 1641 1317 1675 δαίμονας.

1115 1686 1202 1713 ι’]δοὺ
1228 1686 1285 1719 ἐγὼ
1311 1686 1380 1721 πρὸς
1402 1685 1432 1712 σὲ
1453 1684 1483 1712 τὸ
1505 1685 1567 1720 ὅρος
1582 1686 1612 1711 τί)
1626 1683 1836 1720 διεφθαρμένον.
1854 1692 1864 1708 ι
1909 1683 1911 1685 ’

1076 1731 1217 1766 Αἰσθητῶς
1236 1732 1284 1766 μὲν
1296 1732 1343 1758 τὸν
1359 1731 1608 1766 Ναϐουχοδονόσορ,
1626 1730 1694 1766 πρὸς
1706 1730 1735 1757 δὲ
1747 1730 1868 1757 διάνοιαν

1075 1778 1121 1803 τὸν
1144 1777 1266 1804 Σατανᾶν
1288 1775 1497 1811 διεφθαρμένον,
1524 1775 1566 1802 ὅτι
1587 1773 1628 1807 εἷς
1657 1776 1705 1802 καὶ
1721 1775 1805 1806 αὐτὸς
1819 1782 1868 1809 γετ-

1075 1822 1161 1856 γονὼς
1175 1822 1229 1848 τῶν
1244 1821 1435 1858 ἀρχαγγέλων,
1450 1821 1689 1857 αὑτοπροαιρέτως
1697 1821 1748 1857 τῆς
1761 1820 1868 1852 οἰκείας

1076 1869 1205 1902 ἐξέπεσεν
1224 1869 1335 1904 ἀρετῆς.

1113 1923 1123 1938 ε
1140 1914 1193 1941 Καὶ
1207 1913 1310 1941 ἐκτενῶ
1327 1913 1376 1949 τὴν
1388 1913 1467 1948 χεῖρά
1482 1921 1533 1947 μου
1551 1912 1597 1939 ἐπὶ
1611 1912 1651 1940 σέ.
1664 1922 1674 1938 ι
1695 1912 1805 1945 Ἐξώσω
1814 1913 1869 1939 ἀπὺ

1076 1961 1130 1987 τῶν
1146 1960 1378 1992 πεπιστευκότων,
1396 1960 1451 1986 τῶν
1463 1958 1550 1993 ἁγίων
1564 1958 1722 1991 λίθων,τῶν
1737 1959 1868 1994 κυλιομέ-

1077 2015 1130 2033 νων
1142 2006 1187 2032 ὲπὶ
1197 2005 1248 2041 τῆς
1263 2005 1349 2040 γῆς,ἢ
1361 2005 1408 2032 καὶ
1419 2004 1575 2040 ὁμωνύμως
1586 2006 1620 2040 τῇ
1631 2005 1731 2040 πέτρᾳ,
1744 2005 1868 2032 τουτέστι

1077 2052 1198 2088 Χριστῷ,
1210 2053 1257 2079 καὶ
1276 2053 1300 2078 οί
1315 2052 1406 2078 πιστοὶ
1421 2051 1521 2087 πέτραι
1536 2051 1692 2086 ἐκλήθησαν
1706 2052 1751 2078 διὰ
1764 2052 1813 2088 τὴν
1829 2052 1870 2083 εἰς

1078 2099 1160 2125 αὑτὸν
1179 2098 1281 2131 πίστιν,
1298 2098 1346 2125 καὶ
1363 2098 1394 2124 τὺ
1410 2097 1559 2133 ἀκλόνητον
1573 2097 1623 2133 τῆς
1643 2097 1772 2129 πίστεως.

1117 2196 1126 2212 ι
1142 2187 1196 2213 Καὶ
1211 2186 1289 2213 δώσω
1303 2194 1333 2212 σε
1353 2186 1392 2216 ὡς
1412 2185 1475 2222 ὅρος
1497 2186 1751 2222 έμπεπυρισμένον.
1769 2196 1778 2212 ι
1798 2186 1872 2213 Ἀντὶ

1080 2232 1138 2265 τοῦ,
1155 2233 1291 2267 ἄκαρπον,
1304 2233 1420 2268 ἀχρεῖον.

1119 2286 1128 2302 ε
1145 2277 1198 2304 Καὶ
1210 2277 1240 2303 οὺ
1259 2277 1296 2312 μὴ
1309 2276 1414 2303 λάϐωσι
1430 2277 1484 2302 ἀπὸ
1500 2275 1547 2304 σοῦ
1576 2276 1662 2303 λίθον.
1677 2285 1687 2302 ι
1714 2276 1745 2303 οι
1765 2276 1872 2312 στερεοὶ

1079 2324 1127 2361 καὶ
1146 2323 1299 2359 ἐρρωμένοι
1317 2323 1387 2350 λίθοι
1402 2324 1440 2354 είς
1454 2324 1517 2355 τοὺς
1533 2323 1675 2358 θεμελίους
1685 2322 1871 2350 καταϐάλλον-

1079 2379 1136 2401 ται,
1156 2371 1204 2397 καὶ
1225 2371 1266 2402 εἰς
1290 2371 1403 2404 γωνίας.
1418 2371 1488 2406 Ἐσῃ
1512 2369 1559 2397 οὗν
1582 2370 1711 2406 ἀσθενὴς,
1729 2371 1805 2406 φησι,
1824 2372 1872 2397 καὶ

1080 2418 1202 2452 ἀχρεῖος,
1220 2417 1268 2443 καὶ
1286 2417 1441 2451 ἀνωφελής.

1119 2463 1237 2498 ε’Δρατε
1263 2463 1377 2496 σημεῖον
1399 2457 1446 2488 ὲπῒ
1469 2461 1518 2496 τῆς
1544 2461 1606 2496 γῆς.
1622 2471 1632 2488 ι
1648 2461 1704 2497 Τὴν
1731 2462 1871 2496 σάλπιγγα

1079 2508 1194 2543 σημεῖόν
1210 2516 1288 2542 φησι.
1309 2507 1425 2534 Κελεύει
1441 2507 1470 2533 δὲ
1486 2507 1565 2534 τοῦτο
1593 2507 1659 2539 Θεὸς
1680 2508 1745 2539 ῐσως
1761 2508 1872 2542 ἀγγελι-

1079 2555 1141 2584 καῖς
1155 2561 1210 2580 τισι
1227 2553 1386 2588 δυνάμεσιν,
1395 2553 1443 2579 ἐπὶ
1459 2552 1498 2587 τῷ
1512 2552 1645 2587 διεγεῖραι
1657 2553 1706 2585 τὰς
1716 2553 1806 2589 ψυχὰς
1817 2554 1872 2580 τῶν

1082 2597 1233 2632 μελλόντων
1256 2597 1385 2631 πολεμεῖν
1405 2599 1436 2633 τῇ
1458 2597 1606 2624 Βαϐυλῶνι.
1632 2597 1747 2624 Κελεύει
1769 2597 1798 2625 δὲ
1824 2599 1873 2624 καὶ

1080 2643 1137 2675 τοῖς
1154 2643 1317 2674 ἀποστόλοις
1329 2643 1458 2676 συνάγειν
1473 2644 1536 2675 τοὺς
1547 2643 1672 2675 πιστοὺς,
1685 2643 1748 2675 τοὺς
1763 2643 1873 2678 μέλλον-

1082 2698 1130 2720 τας
1147 2689 1276 2724 πολεμεῖν
1290 2690 1323 2724 τῇ
1335 2689 1553 2724 είδωλολατρείᾳ.

1119 2735 1285 2768 ι’Δγιᾶσατε
1311 2735 1353 2761 ἐπ’
1372 2735 1459 2770 αὐτὴν
1481 2734 1558 2769 ἔθνη.
1580 2743 1590 2760 ι
1623 2734 1784 2769 Ἀφορίσατε
1809 2735 1873 2766 τοὺς

1084 2780 1230 2816 μέλλοντας
1245 2780 1288 2806 ἐπ’
1297 2780 1366 2815 αὐτῇ
1378 2780 1443 2806 πολε
1448 2781 1518 2815 μεῖν.

1120 2827 1239 2861 ι’Δρατε
1255 2826 1320 2862 παρ’
1331 2825 1409 2861 ἐμοῦ.
1427 2836 1436 2852 ι
1452 2827 1508 2861 Τῆς
1523 2826 1666 2861 Ἀρμενίας
1678 2826 1728 2862 ὅρη
1743 2827 1775 2853 τὰ
1791 2826 1875 2862 ’Δρα-

1085 2871 1145 2905 ράτ.
