2052 3150
159 205 207 235 ἳ29

649 211 881 243 FRAGMENTA
901 214 942 244 IN
961 215 1097 246 JEREM.
1119 217 1295 248 LAMENT.‘

1731 223 1782 256 730

158 258 208 284 τῶν
217 257 268 304 γότε
280 257 369 304 ᾤκουν
380 259 430 295 τὴν
449 259 637 297 Ἰερουσαλὴμ,
650 266 697 290 καὶ
707 263 780 299 εἶχον
794 267 844 298 τὰς
859 276 934 303 προση

994 278 1055 297 eum
1073 271 1233 298 habitabant
1247 270 1407 304 Jerusalem,
1422 277 1449 299 et
1463 273 1614 302 oblationes
1635 275 1781 304 habebam.

157 303 240 338 φοράς
253 311 260 317 ·
277 303 294 338 ἤ
306 304 354 331 καὶ
375 305 462 337 οὕτως
478 314 485 321 ·
501 306 550 338 Εἰς
569 309 723 344 ἀιάμνησιν
739 309 820 346 ἦλθον
835 313 889 339 τῶν
904 315 944 340 οἰ-

155 349 237 394 κείων
265 349 492 386 ἁμαρτημάτων,
522 352 556 379 δι’
585 353 603 380 ἃ
631 354 744 389 γέγονεν
768 359 808 389 εἰς
839 359 942 394 αἰχμα-

156 393 271 421 λωσίαν.

192 449 202 466 1
219 441 314 468 Πάντα
328 442 362 468 τὰ
379 443 587 479 ἐπιθυμήματα.
608 455 617 472 ι
638 447 712 482 Πρὸς
727 448 777 482 μὲν
798 449 829 476 τὸ
848 451 942 485 ῥητὸν,

154 485 167 511 ὁ
181 485 255 518 ναὸς,
271 486 301 512 αἱ
315 487 495 523 πανηγύρεις,
511 490 538 516 αἱ
557 489 662 523 θυσίαι,
677 492 704 518 αἱ
721 494 888 528 προσ-φοραὶ,
909 496 942 521 τὰ

155 530 213 565 ιερὰ
227 531 325 567 σκεύη.
335 533 406 568 Πρὸς
415 533 443 559 δὲ
454 533 572 561 διάνοιαν
581 543 587 550 ·
598 536 779 572 ’Δνεμνήσθη,
796 540 873 573 φησὶ,
887 539 941 566 τῶν

153 575 307 612 ἐπιθυμιῶν
322 577 419 614 αὐτῆς,
435 575 479 610 αἷς
493 579 733 616 ὲξακολουθήσασα
748 583 860 617 γέγονεν
880 585 942 620 αἰχ-

154 619 288 654 μάλωτος.

189 675 198 692 1
223 666 334 699 Ἰδόντες
350 668 375 695 οἱ
394 668 487 704 ἐχθροὶ
503 670 589 706 αὐτῆς
605 672 749 706 ἐγέλασαν.
766 683 775 699 ι
796 675 940 709 Πεφύκασα.

152 711 207 747 γὰρ
222 713 246 738 οῑ
263 712 389 748 δαίμονες
406 715 476 749 μετὰ
485 716 516 742 τδ
530 718 695 745 καταὸαλείν
710 719 759 755 τὴν
770 720 939 756 ψυχὴν,τότε

153 757 198 783 καὶ
213 759 346 794 ὲπιγελᾷν
365 760 447 796 αὐτῇ.

188 812 198 829 1
221 804 374 840 Ἀμαρτίαν
394 806 529 842 ἦμαρτεν.
548 817 557 834 ι
583 809 641 840 Πᾶς
667 810 716 845 μὲν
735 812 749 837 6
772 811 939 848 ἁμαρτάνων

152 849 230 884 δῆλον
255 850 295 876 ὃτι
322 850 371 886 τὴν
395 852 534 888 ἁμαρτίαν
555 855 719 889 ἐργάζεται·
744 857 884 893 ἁμαρτίαν
910 859 938 885 δὲ

151 895 323 931 ἁμαρτάνειν
337 896 458 931 λέγεται,
474 900 488 925 ὁ
499 900 529 926 ὲν
544 901 644 935 γνώσει
657 902 832 938 ἁμαρτάνων.
845 905 938 932 Αἰνετ-

151 950 226 969 τεται
240 942 270 969 δὲ
284 944 347 975 τοὺς
366 944 510 977 Ἰουδαίους
523 966 530 978 ,
547 947 588 974 ὅτι
608 948 654 975 τὸν
667 951 936 986 προκηρυττόμενον,

151 987 196 1014 καὶ
222 989 450 1024 προσδοκώμενον
474 992 520 1018 ὑπ’
546 993 636 1020 αὐτῶν
653 995 766 1030 Κύριον,
784 1005 939 1033 παραγεγο-

151 1032 213 1058 νότα
231 1034 418 1070 ἐσταύρωσαν.

186 1087 196 1103 1
215 1078 322 1111 Πάντες
334 1080 360 1106 οι
371 1080 530 1113 δοξάζοντες
543 1083 638 1118 αὑτήν.
658 1093 666 1108 ι
687 1084 760 1118 Πρὸς
774 1085 823 1119 μὲν
843 1079 940 1122 fin-rev,-

150 1124 165 1158 ἡ
183 1125 329 1161 συναγωγὴ
343 1127 594 1161 αἰχμαλωῖισθεῖσα
606 1148 613 1160 ,
636 1131 703 1165 πρὸς
723 1130 752 1156 δὲ
767 1131 898 1163 διάνοιαν,
919 1133 935 1168 ἡ

152 1171 272 1206 ομαρτίᾳ
287 1172 402 1199 νοσοῦσα
424 1173 498 1209 ψυχὴ
511 1194 518 1207 ,
540 1175 590 1210 τῆς
609 1175 694 1210 ὀρθῆς
708 1176 830 1209 στάσεως
850 1187 936 1213 παρα-

149 1215 301 1250 κινηθεῖσα.

185 1272 194 1288 1
206 1263 412 1291 Ἐταπείνωσαν
426 1266 523 1301 αὺτὴν.
535 1276 545 1293 ι
559 1267 594 1294 Ἦ
608 1268 632 1294 οἱ
645 1268 773 1304 δαίμονες
783 1291 790 1303 ,
802 1270 828 1296 οἱ
841 1271 935 1306 πρώην

148 1309 232 1346 αὐτὴν
246 1311 529 1346 ὰναπτεροῦντες,ὅτε
547 1313 639 1345 αὐτοῖς
655 1314 732 1341 ἔθυεν
746 1316 761 1351 ἡ
776 1317 932 1352 συναγωγὴ,

147 1355 193 1386 οὓς
214 1356 261 1382 καὶ
286 1355 401 1392 ὕστερον
425 1359 601 1394 ἀπεστράφη,
626 1360 642 1395 ἦ
668 1361 715 1387 καὶ
730 1362 758 1388 αἱ
777 1363 832 1389 τῶν
848 1364 934 1397 ἁγίων

146 1401 242 1434 ψυχαὶ,
261 1402 289 1428 αἱ
310 1403 342 1428 ἐκ
359 1403 508 1435 διαθέσεως
520 1405 666 1438 ἀγαπῶσαι
682 1406 733 1441 τὴν
745 1407 933 1444 Ἰερουσαλὴμ,

147 1447 194 1472 καὶ
207 1446 369 1478 δοξάζουσαι
381 1444 466 1484 αὐτὴν
482 1449 706 1484 εὺπράττουσαν,
722 1451 935 1487 ἁμαρτάνουσαν

147 1491 174 1518 δὲ
190 1493 441 1528 ἀποστρεφόμεναι.

184 1546 193 1562 1
213 1535 290 1564 Εἶδον
310 1539 364 1574 γὰρ
379 1540 429 1575 τὴν
447 1539 644 1576 ἀσχημοσύνην
665 1542 761 1577 αὐτῆς.
780 1553 789 1569 ι
811 1545 861 1571 Διὰ
880 1545 933 1580 γὰρ

997 315 1043 341 Vel
1059 319 1087 341 et
1102 315 1141 342 sic
1159 324 1166 342 :
1185 315 1359 349 Propriorum
1375 317 1537 346 delictorum
1556 321 1689 348 recordati
1706 326 1780 355 sunt,

995 366 1105 395 propter
1123 369 1185 395 quae
1200 361 1343 396 captivitas
1360 363 1443 391 venit.

1031 457 1040 474 1
1059 448 1186 476 Omnium
1198 449 1404 478 desideriorum.
1419 461 1428 478 ι
1443 451 1483 479 Ad
1496 453 1624 485 litteram,
1636 456 1778 491 templum,

993 494 1194 528 solemnitates,
1226 495 1371 528 sacriﬁcia,
1401 497 1568 531 oblationes,
1597 507 1661 527 vasa
1691 509 1779 529 sacra.

993 539 1081 567 Sensu
1102 548 1167 568 vero
1189 541 1314 576 mystico,
1331 543 1471 570 recordata
1495 549 1547 576 est,
1563 545 1610 577 ait,
1628 546 1777 574 desiderio-

992 593 1052 613 rum
1065 594 1189 618 suorum,
1203 594 1264 622 quae
1276 591 1389 621 sectata,
1403 589 1509 624 captiva
1524 589 1593 618 facta
1603 595 1654 619 est.

1029 681 1038 697 1
1062 671 1190 700 Videntes
1220 672 1323 701 inimici
1353 674 1412 708 ejus
1442 675 1570 701 riserunt.
1594 685 1603 701 ι
1632 675 1776 711 Propriam

990 717 1089 753 quippe
1116 718 1269 745 daemonum
1292 724 1344 750 est,
1368 720 1414 747 ubi
1438 721 1554 748 animam
1566 723 1776 756 prostraverint,

992 768 1055 790 tunc
1071 763 1152 791 etiam
1169 764 1293 792 irridere.

1025 807 1057 834 V.
1074 808 1100 835 8.
1118 818 1127 834 1
1142 808 1288 836 Peccatum
1302 809 1434 844 peccavit.
1450 819 1458 835 ι
1474 809 1572 844 Liquet
1585 817 1694 838 omnem
1709 818 1774 846 pec-

989 858 1096 881 cantem
1138 860 1280 889 peccatum
1316 856 1481 888 admittere;
1525 861 1672 896 peccatum.
1709 865 1775 885 vero

990 907 1102 934 peccare
1134 900 1156 927 is
1183 900 1294 932 dicitur,
1323 901 1368 936 qui
1398 901 1514 929 scienter
1546 907 1650 937 peccat.
1683 902 1775 930 Innuit

989 953 1071 980 porro
1097 945 1221 978 Judaeos,
1246 947 1292 981 qui
1326 948 1536 982 praenuntiatum
1568 953 1596 975 et
1631 954 1775 983 exspecta-

990 995 1046 1018 tum
1087 991 1140 1018 illis
1176 991 1339 1027 Dominum,
1368 993 1412 1020 ubi
1443 993 1570 1026 advenit,
1600 994 1627 1021 in
1663 1002 1773 1022 crucem

987 1040 1112 1071 egerunt.

1025 1092 1034 1108 1
1053 1082 1155 1110 Omnes
1178 1083 1224 1118 qui
1249 1083 1437 1119 gloriﬁeabant
1462 1092 1532 1111 eam.
1553 1094 1562 1111 ι
1589 1085 1629 1112 Ad
1653 1085 1771 1112 litteram

986 1129 1259 1165 quidem,Synagoga
1290 1129 1317 1156 in
1344 1131 1530 1164 captivitatem
1554 1130 1635 1158 ducta
1659 1140 1665 1157 :
1689 1139 1771 1158 sensu

985 1182 1051 1202 vero
1063 1175 1162 1208 altiori,
1175 1175 1318 1210 iniquitate
1330 1175 1456 1203 laborans
1471 1176 1572 1208 anima,
1585 1184 1600 1203 a
1612 1181 1686 1203 recto
1699 1181 1770 1204 statu

985 1221 1097 1248 dimota.

1024 1276 1032 1293 1
1052 1267 1271 1294 Humiliaverunt
1288 1267 1371 1294 illam.
1390 1276 1398 1292 )
1419 1266 1463 1293 Vel
1480 1267 1617 1294 dminones
1634 1267 1678 1301 qui
1696 1267 1771 1302 prius

985 1320 1047 1339 eam
1082 1311 1227 1344 inﬂabant,
1255 1319 1315 1338 rum
1343 1311 1397 1338 illis
1423 1310 1561 1346 Synagoga
1590 1311 1770 1344 sacriﬁcabat,

985 1365 1053 1392 quos
1068 1358 1149 1384 etiam
1167 1362 1306 1391 postremo
1326 1361 1448 1383 aversata
1468 1360 1510 1383 est
1524 1366 1531 1383 :
1544 1356 1586 1383 vel
1605 1357 1687 1383 etiam
1708 1363 1770 1383 san-

985 1409 1090 1430 ctorum
1113 1403 1220 1433 animaa,
1239 1410 1298 1436 quae
1316 1410 1348 1429 ex
1366 1402 1446 1428 corde
1464 1401 1591 1428 amabant
1609 1401 1769 1433 Jerusalem,

984 1457 1098 1483 eamque
1126 1452 1199 1475 recte
1227 1451 1353 1482 agentem
1380 1447 1582 1482 glorilieabant,
1611 1450 1768 1480 peccantem

985 1503 1049 1522 vero
1064 1494 1288 1521 adversabantur.

1023 1550 1032 1566 1
1044 1539 1178 1566 Viderunt
1189 1539 1261 1565 enim
1274 1537 1452 1572 ignominiam
1467 1537 1536 1571 ejus.
1550 1545 1559 1561 ι
1574 1536 1655 1563 Gravi
1670 1535 1769 1570 quippe

146 1580 194 1614 τῆς
212 1582 332 1618 σφοδρᾶς
348 1585 483 1619 τιμωρίας
505 1585 733 1621 ἀνεκαλύφθησαν
755 1589 802 1614 καὶ
833 1590 931 1623 ἐφανε-

986 1585 1118 1621 sttpplicio
1135 1585 1249 1612 detecta
1270 1589 1334 1610 sunt
1350 1588 1378 1609 et
1394 1583 1481 1618 palam
1507 1582 1584 1609 factm
1601 1581 1768 1616 iniquitates,

147 1625 274 1661 ρὼθησαν
286 1627 315 1653 αἱ
328 1628 480 1664 ἁμαρτίαι,
494 1629 528 1655 δι’
543 1629 575 1660 ἃς
592 1631 639 1656 καὶ
654 1631 704 1663 τὰς
723 1634 859 1669 τιμωρίας
879 1635 932 1661 ὺπ-

147 1671 222 1707 έστη.

182 1727 192 1743 1
213 1719 300 1754 Καίγε
324 1721 394 1757 αὑτὴ
415 1724 594 1757 στενάζουσα.
615 1737 624 1753 ι
651 1727 683 1754 'H
712 1727 763 1761 μὲν
786 1728 931 1763 συναγωγὴ

147 1763 237 1791 οὐκέτι
250 1765 414 1795 δουλεύουσα
431 1769 557 1806 δαίμοσιν
567 1780 573 1787 ·
597 1773 613 1808 ή
628 1772 656 1799 δὲ
669 1773 782 1807 τοιαύτη
797 1773 870 1809 ψυχὴ
892 1775 932 1806 εὶς

148 1811 323 1846 συναίσθησιν
337 1813 485 1851 ἐρχομένη,
510 1817 557 1843 καὶ
574 1818 755 1852 στενάζουσα,
771 1820 818 1845 καὶ
833 1820 932 1854 τρόπον

146 1857 206 1883 τινὰ
220 1857 371 1895 βουλομένη
382 1861 559 1895 ἀποποδίζειν
579 1865 612 1890 ἐκ
635 1864 689 1890 τῶν
712 1865 930 1900 ἁμαρτημάτων.

183 1911 192 1927 1
217 1904 385 1940 ’Δκαθαρσία
407 1908 492 1942 αὐτῆς
516 1909 569 1944 πρὸ
595 1909 684 1936 ποδῶν
708 1910 803 1945 αὐτῆς.
824 1921 832 1936 ο
860 1911 932 1937 Ἀντὶ

146 1947 202 1980 τοῦ,
219 1950 427 1986 μεμολυσμέναι
443 1954 522 1981 εισίν.

183 2002 192 2018 1
209 1993 266 2021 Οὐχ
277 1995 402 2032 ἐμνήσθη
422 1997 526 2033 ἔσχατα
538 2000 634 2033 αὐτῆς.
652 2009 661 2026 ι
681 2001 712 2027 El
729 2001 851 2036 ἐμνήσθη
863 2021 870 2033 ,
883 2010 932 2036 φη-

146 2039 197 2071 σὶν,
219 2041 260 2067 ὃτι
283 2042 358 2069 ἐστὶν
374 2044 566 2077 ἀνταπόδοσις,
586 2045 659 2081 εἶχεν
677 2047 778 2080 ἑαυτῆς
794 2047 931 2072 ταπεινώ-

145 2093 201 2112 σειν
224 2087 273 2119 τὴν
293 2089 496 2124 ὑπερηφανίαν,
514 2091 557 2118 ἵνα
573 2092 610 2126 μὴ
626 2092 697 2128 πέσῃ
716 2093 767 2119 ὑπὸ
783 2092 831 2128 τὴν
850 2101 931 2127 τιμω-

145 2132 220 2166 ρίαν·
235 2135 248 2160 ὁ
265 2134 315 2169 μὲν
330 2137 383 2171 γὰρ
398 2137 552 2172 ὑπέρογκος
567 2138 755 2169 ταπεινοῦται,
766 2139 780 2164 ὁ
791 2138 819 2164 δὲ
833 2147 930 2164 sarrit-

144 2178 186 2209 νὸς
202 2179 328 2213 ὑψοῦται.

181 2233 190 2249 1
207 2225 270 2257 Ἴδε,
295 2226 406 2261 Κύριος.
426 2236 435 2252 ι
463 2228 673 2255 οἰκειοποιετται
695 2230 709 2255 ὁ
726 2228 804 2263 ἅγιος
826 2230 931 2256 ἐκεῖθεν

144 2269 196 2295 τῶν
212 2271 424 2306 ἁμαρτανόντων
437 2273 471 2299 τὰ
487 2274 540 2308 πλη
546 2274 635 2309 μμὲλη
640 2283 713 2308 ματα
722 2295 729 2307 ,
743 2276 790 2302 καὶ
801 2275 849 2311 τὴν
861 2276 931 2311 ὑπὲρ

143 2316 232 2342 αὑτῶν
249 2317 383 2351 προσάγει
400 2318 501 2353 δέησιν.

182 2370 191 2386 1
214 2362 302 2393 Χεῖρα
324 2362 406 2389 αὑτοῦ
428 2364 576 2395 ὲξεπὲτασε
594 2365 704 2392 θλίϐων.
726 2375 735 2391 ›
755 2366 826 2401 "pb;
839 2366 888 2400 μὲν
902 2366 932 2393 τὸ

145 2406 236 2442 ῥητὸν,
250 2407 384 2442 πρότερος
405 2409 419 2434 ὁ
438 2408 609 2441 Βαῦυλὼνιος
622 2429 628 2440 ,
653 2404 767 2445 ὕστὲρον
786 2411 814 2436 δὲ
834 2411 881 2437 καὶ
907 2411 931 2437 οἱ

109 2454 114 2460 ’
150 2451 280 2486 Ῥωμαῖοι
295 2453 329 2480 τὰ
343 2454 500 2489 ἐπιθυμητὰ
517 2455 612 2490 σκεύη,
631 2456 678 2482 καὶ
696 2457 745 2483 ὅσα
756 2454 789 2491 ἦν
805 2456 932 2488 ἀξιόλογα

143 2498 170 2523 ὲν
184 2499 217 2532 τῇ
231 2497 410 2534 Ἰερουσαλὴμ
427 2499 578 2534 εἰλήφασιν.
592 2500 661 2535 Πρὸς
674 2500 702 2526 δὲ
713 2501 843 2532 διάνοιαν,
858 2501 932 2528 ἐτόλ-

145 2551 225 2576 μησε,
245 2544 340 2578 φησὶν,
358 2545 374 2579 ἡ
393 2545 488 2578 κακία,
499 2545 662 2580 ὲφήπλωσεν
682 2547 781 2582 ἑαυτὴν
790 2548 862 2574 κατὰ
883 2549 932 2583 τῆς

143 2588 243 2623 ψυχῆς,
258 2591 307 2619 καὶ
321 2590 496 2617 ὲπεσκὸτισεν
510 2591 596 2625 αὐτῆς
616 2593 665 2627 τὴν
689 2592 861 2628 ἐπιθυμητὴν
874 2593 933 2620 θεο-

144 2634 274 2667 γνωσῐαν.

182 2689 191 2706 1
210 2679 270 2706 Εἷδε
289 2681 342 2716 γὰρ
358 2681 432 2716 ἔθνη.
450 2692 458 2708 ι
485 2683 644 2710 Ἐκέλευσεν
667 2685 679 2710 ὁ
696 2684 763 2715 Θεὸς
785 2685 933 2715 Μωαϐίτας

145 2727 191 2752 καὶ
210 2725 380 2760 Ἀμμανίτας
396 2727 433 2761 μὴ
456 2728 496 2758 εἰς
523 2729 670 2762 ἐκκλησίαν
682 2730 786 2764 Κυρίου
802 2730 930 2756 εἰσιέναι·

146 2769 336 2805 ἐρημωθείσης
351 2769 397 2797 οὖν
408 2771 458 2805 τῆς
479 2771 675 2807 Ἰερουσαλὴμ,
690 2773 816 2808 εἰσῆλθον
832 2774 877 2800 καὶ
889 2771 934 2801 οὗ-

147 2824 187 2842 τοι
205 2817 243 2847 εἰς
256 2816 301 2842 τὸν
317 2817 391 2842 ναόν.
410 2817 482 2852 Πρὸς
503 2817 531 2844 δὲ
547 2817 677 2850 διάνοιαν,
694 2818 846 2853 ἀκάθαρτοι
862 2828 933 2851 τινες

147 2859 270 2897 λογισμοὶ
282 2864 322 2894 εἰς
339 2864 368 2890 τὸ
380 2864 476 2892 ἄδυτον
495 2867 544 2901 τῆς
559 2866 648 2901 ψυχῆς
663 2866 818 2902 ἐχώρησαν.

183 2918 204 2932 ⁸⁷
219 2918 296 2946 Deut.
311 2927 340 2951 ιι,
353 2920 396 2947 29.

984 1633 1019 1659 ob
1033 1639 1100 1666 quas
1116 1630 1197 1658 etiam
1211 1630 1299 1664 pomis
1313 1629 1419 1657 addicta
1433 1634 1485 1656 est.

1022 1740 1031 1756 1
1053 1731 1141 1764 Atque
1161 1729 1218 1763 ipsa
1240 1735 1363 1763 gemens.
1383 1737 1392 1753 ι
1416 1727 1554 1763 Synagoga
1583 1727 1693 1762 quidem
1715 1733 1769 1754 non

983 1774 1100 1809 amplius
1115 1773 1284 1801 dat-monibus
1299 1773 1431 1805 serviens,
1448 1773 1581 1808 ejusmodi
1599 1780 1662 1799 vero
1679 1772 1770 1798 anima

984 1820 1009 1846 in
1029 1827 1058 1846 se
1080 1818 1198 1851 rediens,
1214 1822 1240 1845 et
1264 1825 1386 1852 gemens,
1403 1821 1431 1844 et
1455 1817 1655 1852 quodammodo
1676 1816 1770 1843 volens

983 1864 1080 1899 pedem
1095 1864 1128 1891 de
1145 1868 1258 1898 peccato
1271 1863 1420 1890 retrahere.

1018 1909 1050 1936 V.
1066 1909 1092 1936 9.
1112 1918 1120 1934 1
1142 1907 1316 1935 [inmunditia
1339 1907 1399 1942 ejus
1419 1911 1482 1933 ante
1499 1905 1582 1940 pedes
1597 1905 1665 1939 ejus.
1686 1914 1695 1930 ›
1714 1903 1771 1931 lloc

982 1958 1032 1987 est,
1048 1953 1157 1988 polluta:
1172 1956 1244 1980 sunt.

1021 2008 1029 2024 1
1049 1999 1109 2025 Non
1123 2003 1164 2025 est
1180 1997 1319 2024 recordata
1335 1996 1545 2023 novissimorum
1558 1996 1691 2022 'suorum.
1710 2002 1719 2019 ι
1741 1993 1770 2020 Si

984 2042 1123 2068 recordata
1144 2045 1228 2073 esset,
1240 2040 1339 2075 inquit,
1356 2039 1564 2066 retributionem
1590 2038 1677 2073 sequi,
1693 2045 1769 2064 suam

983 2088 1076 2123 utique
1093 2087 1247 2122 superbiam
1264 2086 1482 2121 compressisset,
1499 2093 1533 2111 ne
1551 2084 1639 2119 pinnis
1653 2083 1769 2110 obnoxia

983 2134 1061 2161 lieret
1077 2141 1083 2159 :
1101 2132 1211 2160 inﬂatus
1231 2131 1304 2160 enim
1331 2131 1500 2162 humiliatur,
1521 2135 1548 2157 at
1560 2130 1671 2157 humilis
1695 2129 1769 2156 exal-

983 2184 1066 2207 tatur.

1020 2233 1029 2250 1
1052 2223 1130 2255 Vide,
1148 2222 1274 2250 Domine.
1297 2231 1307 2247 »
1337 2221 1394 2249 Sibi
1420 2221 1532 2248 ascribit
1564 2221 1628 2248 inde
1659 2226 1769 2248 sanctus

983 2276 1157 2304 peccatorum
1174 2269 1282 2300 delicta,
1301 2273 1382 2302 atque
1401 2275 1449 2302 pro
1465 2267 1518 2293 illis
1533 2274 1627 2301 preces
1642 2267 1768 2294 eﬁ'undit.

1020 2368 1050 2395 ν.
1068 2368 1110 2394 Η).
1136 2377 1144 2393 1
1163 2366 1271 2393 Manum
1297 2373 1374 2392 suam
1400 2364 1519 2392 extendit
1534 2363 1678 2390 tribulans.
1697 2371 1708 2389 ι
1728 2362 1770 2390 Ad

982 2415 1099 2442 litteram
1115 2414 1219 2449 priores
1235 2411 1386 2447 Babylonii.
1402 2411 1501 2438 deinde
1522 2414 1549 2437 et
1568 2408 1682 2436 Romani
1698 2408 1770 2435 desi-

983 2460 1113 2488 derabilia
1130 2467 1204 2490 vasa,
1219 2463 1246 2485 et
1260 2457 1391 2492 quidquid
1409 2460 1467 2483 erat
1489 2456 1639 2490 pretiosum
1659 2453 1769 2480 .leroso-

983 2506 1061 2541 lvmis
1079 2506 1263 2540 diripuerunt.
1289 2504 1328 2530 Ad
1357 2502 1527 2538 sententiam.
1547 2505 1637 2528 autem
1662 2499 1767 2534 spirita-

983 2553 1036 2579 lem
1052 2562 1058 2579 ί
1075 2552 1157 2583 Ausa,
1174 2551 1274 2585 inquit,
1292 2554 1333 2576 est
1347 2548 1484 2583 nequitia;
1499 2547 1594 2574 eﬂ'udit
1616 2554 1645 2573 se
1665 2546 1691 2572 in
1711 2546 1772 2572 ani-

983 2605 1072 2628 mam,
1095 2595 1358 2630 desiderabilemque
1387 2595 1412 2620 in
1445 2594 1488 2620 illa
1518 2593 1565 2620 Dei
1588 2592 1770 2628 cognitionem

984 2643 1184 2670 Obtcnebravit.

1021 2698 1029 2713 1
1053 2687 1123 2714 Vidit
1140 2687 1213 2714 enim
1232 2691 1336 2722 gentes.
1357 2695 1365 2710 ι
1382 2685 1505 2712 Iusserat
1519 2684 1590 2711 Deus
1602 2683 1624 2699 "°
1641 2683 1769 2710 Moabilas

984 2738 1011 2760 et
1029 2733 1198 2760 Ammonitas
1222 2732 1248 2758 in
1276 2730 1382 2757 Domini
1398 2729 1540 2757 ecclesiam
1565 2736 1619 2755 non
1640 2725 1746 2762 ingredi
1763 2735 1768 2752 :

985 2777 1105 2805 desolata
1130 2777 1212 2812 igitur
1234 2776 1411 2810 Jerosolyma,
1427 2773 1542 2809 ingressi
1558 2777 1623 2801 sunt
1640 2771 1770 2806 templum

985 2829 1012 2851 et
1026 2824 1076 2858 ipsi
1091 2832 1098 2850 :
1112 2822 1290 2857 spiritualiter
1301 2829 1377 2853 vero,
1391 2821 1505 2855 impune
1525 2819 1647 2855 qumdam
1667 2817 1770 2853 cogita-

986 2869 1075 2895 tiones
1090 2869 1116 2895 in
1131 2869 1188 2896 loca
1202 2867 1298 2895 anima:
1314 2872 1420 2894 secreta
1435 2869 1622 2902 penetrarunt.
