2052 3150
286 211 336 244 735

828 212 1087 243 OLYMPIODORI
1103 213 1371 243 ALEXANDRINI

1866 212 1919 245 736

320 267 352 294 Υ.
365 266 410 294 21.
429 275 438 292 ι
452 266 555 293 Omnes
564 266 667 294 inimici
684 267 748 295 mei.
767 277 776 294 ι
793 268 901 295 Inimici
918 269 1071 296 animaeima

1162 278 1172 294 ‹
1194 269 1298 300 Πάντες
1313 269 1339 295 οι
1353 268 1446 303 ἐχθροί
1464 276 1524 304 μου.
1548 278 1556 294 ι
1583 267 1693 304 Ἐχθροὶ
1713 268 1764 302 τῆς
1783 268 1874 304 ψυχῆς
1893 278 1908 295 ο

287 312 348 348 puri
358 312 496 339 daemones
510 317 585 344 sunt,
601 312 649 346 qui
665 317 693 340 et
704 317 841 340 amatores
856 314 917 348 ejus
933 314 1073 341 dicuntur.

286 357 352 384 Nam
362 365 424 384 cum
436 357 528 384 hostes
542 357 607 389 sint,
617 366 708 385 amare
722 359 865 391 simulam;
876 360 923 394 qui
933 365 1074 394 postquam

286 401 319 429 ad
333 407 472 437 peceatum
485 403 673 437 perduxerint,
689 404 813 432 demoliri
830 413 939 440 quoque
954 413 1015 433 eum
1027 414 1075 442 ag-

287 449 459 484 gredinntur.

325 503 334 519 ι
345 494 487 521 Adduxisti
503 494 584 521 diem.
598 504 607 520 ι
629 494 792 523 Punitionis.

324 547 334 564 ί
357 537 413 565 Heu
432 538 508 569 mihi,
526 539 578 565 licu
595 539 672 566 mihi.
690 549 699 565 ι
731 539 867 575 Repetitio
878 541 979 569 doloris
994 543 1076 570 vehe-

287 584 418 611 mentiam
435 584 579 618 signiﬁcat.

323 628 355 655 V.
371 630 416 656 2‘2.
436 638 445 654 α
465 630 635 665 lngrediatur
654 632 754 658 omnis.
775 641 784 657 ι
818 631 886 665 Fiat,
907 633 1006 669 inquit,
1033 635 1076 661 in-

288 673 397 707 quisitio
408 675 590 709 prementium
606 684 649 703 me
661 677 814 705 secundum
824 679 969 706 veritatem
988 684 1073 708 tuam.

288 719 382 747 Facies
394 721 467 747 enim
483 721 530 748 Dei
547 722 646 750 veritas
661 728 713 750 est.

326 775 335 790 ι
355 765 500 794 Vindemio
515 775 572 795 eos.
590 777 599 792 ι
612 768 751 796 Racemuli
777 774 843 797 sunt
870 770 967 798 minuti
993 771 1074 805 botri,

288 809 336 844 qui
347 817 535 844 smpenumero
552 812 766 841 vindemiatores
783 815 926 849 eﬂ'ugiunt.
943 816 993 848 Qui
1010 825 1074 852 ergo

288 855 415 889 reliquias
424 857 562 891 colligunt,
579 858 638 885 illos
667 859 835 887 vindemiant
855 862 961 889 curiosa
980 863 1074 898 exqui-

288 897 387 925 sitione
399 899 467 926 vites
483 902 667 935 explorantes.
686 904 764 931 Sit-ut
783 904 921 938 igitur'me
938 907 1075 936 dtemones

288 943 386 970 acerbe
404 944 607 979 impetiverunt,
623 948 667 975 vel
683 949 753 976 sicut
767 956 899 978 curarunt
911 957 940 979 ut
963 953 1077 988 diligeu-
1092 943 1113 971 Β

289 992 330 1014 ter
354 988 538 1024 inquireretur
562 992 588 1019 in
609 999 718 1027 peccata
748 1003 809 1022 mea
833 998 1077 1034 pseudoprophetze

288 1037 315 1060 et
328 1035 553 1072 pseudomagistri
569 1038 738 1074 deeipientes
753 1049 807 1074 me,
820 1042 856 1069 ita
875 1043 1020 1079 diligenter
1031 1056 1037 1062 -
1048 1046 1075 1073 in

287 1077 316 1105 in
334 1085 392 1112 eos,
410 1079 533 1114 Domine,
551 1082 658 1117 inquire
667 1085 819 1112 secundum
837 1077 973 1121 judicium
989 1092 1075 1116 tuum.

623 1171 698 1199 CAP.
712 1172 744 1199 ll.

322 1211 394 1239 V.l.
414 1221 423 1237 ι
441 1213 583 1246 Quomodo
609 1217 715 1243 obtexit
748 1218 872 1253 caligine.
896 1229 905 1246 ι
935 1219 1077 1254 Quomodo

288 1256 362 1283 velut
375 1258 481 1285 cuidam
499 1259 607 1294 caligini
641 1261 760 1289 hostium
795 1264 939 1300 irruptioni
958 1267 1075 1295 tradidit.

325 1309 336 1326 ι
353 1300 470 1335 Projeeit
484 1303 518 1330 de
533 1305 603 1332 cmlo
629 1305 657 1332 in
678 1311 790 1337 terram.
806 1319 815 1335 ι
850 1310 961 1338 Caelesti
985 1320 1076 1346 parem

288 1345 436 1380 splendori,
451 1348 497 1380 ait,
511 1349 636 1378 decorem
654 1354 950 1383 convertitJerusalem
975 1345 1003 1384 in
1028 1358 1076 1385 de-

287 1391 380 1424 decus,
397 1393 518 1427 projecta
537 1395 581 1422 illa
596 1397 630 1424 ab
648 1398 733 1433 ipsius
753 1405 884 1435 perpetua
902 1403 1072 1431 visitatione.

325 1488 335 1505 ε
349 1479 382 1506 Ει
395 1489 447 1508 non
455 1487 497 1509 est
513 1484 681 1513 recordatus.
694 1496 703 1512 ι
717 1487 870 1516 Scabellum
885 1489 932 1516 Dei
945 1492 1075 1526 templum

288 1529 375 1557 vocat,
390 1530 518 1562 tanquam
534 1529 738 1565 Dci‘praesentia
748 1533 781 1560 de
795 1535 864 1561 caelo
888 1535 914 1562 in
928 1535 994 1563 illud
1011 1544 1074 1571 per-

289 1570 419 1606 lingente,
440 1573 482 1600 vel
496 1575 577 1602 etiam
587 1576 764 1606 lsraelitieum
777 1582 907 1615 populum
921 1582 967 1609 Dei
981 1584 1074 1618 cogni-

289 1615 362 1643 tione
377 1617 527 1652 dignatum.
547 1620 674 1650 Tlironus
690 1607 791 1659 quippe
808 1607 854 1652 Dei
881 1627 979 1654 emlum
994 1607 1074 1656 vgea-
1089 1607 1111 1638 c

289 1663 341 1691 tur,
371 1663 444 1696 quod
468 1663 496 1690 in
525 1666 678 1699 purissimis
700 1669 754 1696 illic
781 1671 918 1699 mentibus
942 1673 1072 1708 quiescat.

287 1704 440 1735 Scabellum
456 1713 546 1737 autem
561 1711 634 1739 illius
651 1718 732 1747 terra,
752 1717 825 1750 quod
854 1725 939 1752 usque
951 1704 1002 1746 ἐκ]
1024 1728 1074 1747 nos

287 1758 338 1785 pro
348 1757 440 1781 nostra
453 1757 604 1790 capacitate
621 1759 742 1794 cognitio
759 1761 824 1796 ejus
837 1764 985 1797 perveniat.

321 1896 354 1926 V.
370 1900 397 1926 2.
414 1909 422 1925 ι
441 1900 537 1929 Omnia
552 1904 687 1937 speciosa.
708 1914 718 1931 ι
740 1906 779 1933 Ad
799 1907 914 1935 litteram
929 1928 936 1940 ,
963 1916 1072 1938 omnem

286 1944 398 1979 legalem
412 1947 576 1980 cultum;ad
595 1957 707 1977 sensum
730 1956 823 1979 autem
851 1953 992 1985 latentem.
1013 1963 1073 1989 pro.

232 2014 234 2016 .
286 1991 373 2024 posita
389 1992 508 2026 pietatis.

323 2045 333 2062 «
349 2037 494 2080 Destruxit.
515 2049 523 2066 I
541 2040 757 2070 Destructionem
771 2049 850 2072 vocat
862 2045 896 2072 al)
919 2046 986 2081 ipsis
1008 2047 1072 2074 fun-

285 2077 420 2111 damentis
433 2085 594 2114 motionem.

323 2137 336 2153 ι
351 2128 524 2159 Munitiones.
543 2142 553 2158 ι
584 2133 624 2160 Ad
637 2133 769 2167 litteram,
788 2138 929 2172 templum,
947 2140 989 2166 vel
1017 2148 1073 2167 ma-

285 2177 378 2206 gnates
391 2175 476 2206 urbis.
489 2177 522 2203 al
536 2184 646 2205 sensum
674 2188 740 2207 vero
769 2182 924 2216 mysticum,
956 2185 1072 2213 virtutes

284 2216 508 2254 inexpugnabiles
521 2222 548 2250 in
566 2227 666 2252 terram
677 2225 787 2259 dejeeit.

322 2272 332 2288 ι
350 2263 448 2293 Polluit
462 2274 552 2302 regem
566 2270 636 2303 ejus.
655 2279 665 2296 ›
696 2271 738 2298 Ad
753 2271 883 2304 litteram.
901 2275 1070 2308 potentiores

282 2306 359 2341 ejus;
373 2309 533 2344 spiritaliter
544 2321 619 2346 vero,
641 2314 776 2349 impuros.
797 2317 844 2349 ait,
869 2306 989 2347 ostendit
1002 2328 1069 2354 pne-

283 2354 464 2384 stantissimos
483 2359 632 2388 voluntatis
648 2361 708 2395 ejus
721 2366 822 2390 motus.
848 2356 851 2357 ν

317 2397 350 2424 ν.
361 2400 388 2427 5.
408 2410 417 2426 ι
442 2401 528 2430 Omne
549 2412 646 2432 cornu.
665 2415 675 2431 ι
705 2405 746 2432 Ad
773 2406 915 2435 historiam
947 2409 1068 2444 quidem,

282 2449 378 2471 omnes
396 2446 492 2479 tribus,
514 2449 554 2476 vel
578 2457 674 2478 omnes
702 2456 850 2486 potentes:
870 2454 902 2481 ad
934 2455 1068 2483 internam

283 2495 348 2516 vero
359 2490 586 2527 intelligentiam,‘
606 2503 715 2524 omnem
746 2497 830 2524 animi
855 2499 987 2527 victorem
1012 2509 1070 2528 mo-

281 2534 357 2562 dum.

318 2589 329 2606 r
349 2581 509 2611 Retrorsnm
536 2586 664 2613 avertit.»
681 2586 729 2615 Vel
750 2588 836 2622 ipsius
867 2589 947 2617 Israel
979 2595 1069 2618 rectas

280 2626 413 2659 actiones,
444 2630 594 2662 posteriora
631 2632 703 2660 enim
737 2639 800 2665 sunt
832 2635 941 2662 sinistra
978 2636 1068 2663 omnia

280 2671 393 2704 dextris,
407 2673 435 2700 in
452 2674 528 2708 pejus
541 2676 649 2707 avertit.
663 2677 714 2705 hoc
725 2679 802 2706 estin
818 2680 911 2707 laevam
923 2689 929 2706 :
945 2681 985 2708 Vel
998 2681 1069 2709 Dens

281 2725 345 2744 snas
358 2718 429 2746 vires
440 2719 567 2753 detinuit,
580 2729 630 2749 nec
643 2723 696 2751 illis
706 2732 785 2759 opem
801 2726 872 2755 tulit.
887 2733 949 2753 cum
967 2727 1000 2755 ab
1017 2728 1067 2755 llO-

281 2760 370 2790 sti’bus
386 2764 457 2793 bello
471 2773 670 2800 premerentur.

319 2817 328 2833 ι
345 2808 519 2839 Etaccendit.
541 2823 549 2839 ›
571 2814 683 2842 Factum
707 2824 756 2850 per
772 2816 909 2844 Rotnanos
921 2819 1067 2847 excidium.

284 2852 323 2880 Ira
338 2855 427 2891 itaque
441 2858 486 2885 Dei
500 2860 575 2893 quasi
593 2861 682 2895 ignem
700 2863 824 2890 accendit
838 2864 968 2891 adversus
985 2865 1068 2894 Jacob

284 2898 404 2930 ultricem
420 2903 479 2939 ejus
488 2904 624 2932 virtutem.

1125 314 1278 349 ἀκάθαρτοι
1294 315 1433 350 δαίμονες,
1448 314 1548 345 οἵτινες
1577 314 1624 340 καὶ
1645 314 1761 346 ἐρασταὶ
1773 314 1859 350 αὐτῆς
1876 314 1916 341 λέ-

1125 367 1231 393 γονται.
1248 360 1303 386 Καὶ
1316 359 1370 393 γὰρ
1386 358 1480 393 ἐχθροὶ
1493 358 1580 392 ὄντες,
1597 359 1664 394 ὲρᾷν
1686 360 1918 395 προσποιοῦνται·

1126 405 1223 436 οἵτινες
1248 405 1317 438 μετὰ
1328 405 1358 431 τὸ
1371 405 1480 440 ποιῆσαι
1491 404 1660 440 ἁμαρτάνειν
1683 406 1731 432 καὶ
1745 405 1919 442 ἐπιχειροῦσι

1126 451 1159 486 τῇ
1177 450 1261 484 αὐτῆς
1277 449 1391 477 πτώσει.

1165 505 1174 521 ι
1199 495 1355 530 Ἑπήγαγες
1370 495 1489 530 ἡμέραν.
1508 504 1516 521 ι
1532 495 1587 530 Τὴν
1599 495 1652 530 τῆς
1663 497 1812 529 κολάσεως.

1164 550 1174 566 ι
1189 542 1278 576 Οἴμοι,
1301 541 1385 577 οἴμοι.
1404 551 1413 567 ι
1439 541 1468 568 '0
1481 541 1680 576 διπλασιασμὸς
1695 542 1726 569 τὺ
1754 543 1920 580 ἐπιτεταμέ-

1127 596 1171 614 νον
1186 587 1235 622 τῆς
1248 587 1346 623 ρδύνης
1363 588 1505 623 σημαίνει.

1165 644 1173 660 ι
1195 622 1317 660 Εἱσέλοοι
1329 622 1414 661 πᾶσα.
1439 635 1577 667 ιΓένοιτο,
1594 635 1689 670 φησὶν,
1703 636 1719 671 ἠ
1731 635 1856 668 ἐξέτασις
1863 637 1919 663 τῶν

1126 679 1305 714 ἀμυνομένων
1328 687 1363 713 με
1377 681 1451 706 κακὶι
1470 680 1528 716 [Ζσ.
1548 680 1632 716 κατὰ]
1647 681 1697 716 τὴν
1709 681 1838 717 ἀλήθειάν
1855 691 1916 709 σου·

1125 725 1156 751 τὸ
1170 725 1224 760 γὰρ
1240 726 1386 759 πρόσωπον
1398 726 1443 752 τοῦ
1455 726 1525 753 Θεοῦ
1540 727 1556 761 ὴ
1575 727 1700 762 ἀλήθεια.

1165 780 1175 796 ‹
1202 770 1411 804 Ἐπιφύλλισσον
1440 771 1544 803 αὐτοῖς.
1563 781 1572 798 ι
1588 772 1780 807 Ἐπιφυλλίδες
1804 773 1858 800 εἰσὶ
1883 773 1917 800 τα

1129 816 1215 850 μικρὰ
1240 816 1377 851 βοτρύδια,
1405 816 1422 843 ἂ
1442 817 1576 849 πολλάκις
1598 818 1647 844 καὶ
1670 819 1734 850 τοὺς
1758 818 1917 854 τρυγῶντας

1127 861 1316 890 λανθάνουσιν.
1325 863 1356 889 Ol
1366 862 1430 896 γοῦν
1441 863 1638 898 καλαμώμενοι
1646 863 1733 891 ταῦτα
1747 865 1915 898 ἐκλέγονται.

1127 907 1250 942 ἀκριὸὦς
1274 908 1324 939 τὰς
1356 908 1498 943 ἀμπέλους
1521 910 1707 942 ἐξετάζοντες.
1736 910 1842 945 Ὥσπερ
1868 909 1916 937 οὖν

1128 953 1237 988 πικρῶς
1261 953 1393 980 ἐπέθεντό
1422 962 1466 988 μοι
1485 955 1510 980 οἱ
1534 954 1675 989 δαίμονες·
1705 955 1721 990 ἢ
1745 956 1791 982 καὶ
1820 955 1914 991 ὥσπερ

1127 998 1248 1033 ἀκριὸῶς
1273 998 1452 1034 ἐξετασθῆναι
1479 1000 1648 1034 πεποιήκασι
1669 1001 1704 1027 τὰ
1727 1001 1916 1036 ἁμαρτήματά

1130 1052 1180 1078 μου
1195 1044 1219 1070 οἱ
1244 1043 1484 1078 ψευδοδιδάσκαλοι
1501 1045 1547 1070 καὶ
1564 1044 1786 1080 ψευδοπροφῆται
1807 1047 1913 1079 ἀπατή-

1128 1089 1225 1120 σαντές
1241 1098 1285 1124 με,
1301 1089 1389 1121 οὕτως
1404 1090 1528 1126 ἀκριῦὦς
1552 1090 1650 1117 ἐτασον
1671 1091 1768 1122 αὐτοὺς
1793 1092 1862 1118 κατὰ
1884 1091 1915 1118 τὸ

1128 1134 1173 1160 σδν
1189 1134 1285 1169 κρίμα,
1301 1134 1399 1169 Κύριε.

1456 1180 1535 1206 ιςεφ.
1554 1179 1592 1207 B’.

1166 1233 1175 1249 ‹
1195 1223 1256 1255 Πῶς
1273 1224 1440 1258 ὲγνόφωσεν.
1461 1234 1470 1250 ι
1495 1225 1568 1256 ῐΙῶς,
1586 1225 1681 1260 ὥσπερ
1695 1226 1748 1254 τινὶ
1763 1227 1865 1262 γνόερῳ,
1882 1230 1916 1263 τῇ

1126 1269 1181 1296 τῶν
1196 1269 1301 1306 ὲχθρῶν
1318 1270 1406 1306 ἐφόδῳ
1422 1270 1625 1304 παραδέδωκεν.

1166 1324 1175 1340 ε
1194 1315 1369 1351 Κατέῤῥιψεν
1389 1316 1419 1348 ἐξ
1436 1316 1553 1351 οὐρανοῦ
1569 1318 1609 1348 είς
1624 1317 1685 1351 γῆν.
1711 1327 1720 1342 ι
1737 1318 1791 1353 Τὴν
1805 1318 1917 1354 οὐρανο-

1127 1361 1237 1396 πρεπῆ,
1262 1363 1366 1396 φησὶν,
1403 1362 1572 1397 εὐπρέπειαν
1600 1363 1649 1397 τῆς
1670 1363 1847 1399 Ἰερουσαλὴμ
1876 1366 1916 1395 εἰς

1126 1407 1240 1441 ἀτιμίαν
1259 1408 1438 1442 μετέστησεν,
1453 1409 1638 1444 ἀπωσάμενος
1648 1409 1731 1444 αὐτὴν
1743 1410 1775 1435 ἐκ
1788 1410 1837 1445 τῆς
1850 1410 1916 1436 ἐαυ-

1126 1453 1173 1478 τοῦ
1187 1452 1329 1487 διηνεκοῦς
1345 1454 1529 1489 ἐπισκέψεως.

1165 1507 1173 1523 ι
1191 1498 1244 1523 Καὶ
1258 1498 1307 1524 οὐκ
1323 1498 1458 1534 ἐμνήσθη.
1481 1509 1490 1525 ι
1517 1499 1679 1526 Ύποπόδιόν
1703 1508 1772 1535 φησι
1787 1499 1854 1527 Θεοῦ
1869 1502 1915 1528 τὸν

1127 1541 1200 1573 ναὸν,
1223 1543 1260 1574 ὡς
1277 1542 1433 1578 φθανούσης
1447 1544 1488 1575 εἰς
1507 1544 1588 1570 αὑτὸν
1612 1545 1644 1570 ἐκ
1664 1545 1712 1571 τοῦ
1734 1545 1850 1580 οὐρανοῦ
1865 1545 1915 1580 τῆς

1128 1587 1201 1619 θείας
1220 1589 1462 1625 ὲπιφοιτήσεως,ῆ
1488 1591 1535 1616 καὶ
1553 1590 1599 1617 τὸν
1627 1591 1824 1626 Ἰσραηλιτικὺν
1839 1591 1913 1622 λαὸν.

1126 1634 1171 1660 τὸν
1187 1633 1340 1669 ἠξιωμένον
1363 1635 1414 1669 τῆς
1434 1635 1561 1669 γνώσεως
1576 1636 1623 1663 τοῦ
1649 1637 1726 1663 Θεοῦ.
1749 1637 1849 1672 Θρόνος
1865 1638 1915 1672 μὲν

1125 1680 1179 1712 γὰρ
1192 1680 1259 1706 Θεοῦ
1280 1681 1405 1707 καλεῖται
1420 1682 1434 1707 ὁ
1447 1681 1572 1716 οὐρανδς,
1591 1681 1630 1713 ὡς
1642 1683 1698 1713 τοῖς
1713 1683 1770 1708 ἐκεῖ
1786 1683 1913 1717 καθαρω-

1124 1724 1216 1755 τάτοις
1237 1723 1356 1757 λογικοῖς
1371 1726 1618 1760 ὲπαναπαυομένου
1632 1726 1677 1753 τοῦ
1693 1727 1771 1754 Θεοῦ,
1794 1727 1914 1754 ’Υποπό-

1124 1769 1179 1795 διον
1202 1769 1231 1796 δὲ
1255 1770 1337 1797 αὐτοῦ
1359 1772 1376 1806 ή
1394 1772 1440 1806 γῆ,
1464 1772 1501 1803 ὡς
1521 1772 1566 1798 καὶ
1591 1773 1631 1803 εις
1656 1773 1730 1807 ἡμᾶς
1759 1772 1914 1809 φθανοὺσης

1125 1814 1195 1841 κατὰ
1210 1815 1260 1849 τὴν
1286 1816 1486 1844 ὲπιὸάλλουσαν
1503 1818 1568 1852 ἡμῖν
1591 1818 1738 1853 ἀναλογίαν
1759 1821 1809 1854 τῆς
1829 1820 1913 1846 αὑτοῦ

1124 1860 1263 1893 γνώσεως.
1453 1883 1455 1885 ι

1162 1915 1171 1932 ι
1190 1907 1282 1934 Πάντα
1296 1909 1330 1934 τὰ
1353 1908 1456 1943 ὡραῖα.
1475 1918 1484 1934 ι
1512 1909 1584 1944 Πρὸς
1611 1909 1660 1943 μὲν
1688 1909 1720 1936 τὸ
1750 1911 1842 1946 ῥητὸν,
1863 1911 1913 1946 τὴν

1124 1952 1241 1988 νομικὴν
1255 1954 1345 1980 πᾶσαν
1355 1953 1486 1989 λατρείαν
1497 1963 1505 1970 ·
1520 1955 1589 1990 πρὸς
1604 1955 1633 1982 δὲ
1649 1955 1779 1989 διάνοιαν,
1789 1958 1854 1989 τοὺς
1864 1958 1913 1992 τῆς

1124 1996 1266 2028 εὐσεϐείας
1283 1998 1413 2032 τρόπους.

1161 2053 1171 2069 ί
1190 2043 1332 2071 Καθεῖλεν.
1359 2053 1368 2070 ν
1387 2045 1557 2081 Καθαίρεσίν
1577 2055 1659 2082 φησιν
1675 2047 1724 2082 τὴν
1734 2049 1766 2074 ὲκ
1780 2048 1914 2084 θεμελίων

1124 2089 1242 2124 κίνησιν.

1161 2143 1171 2160 ‹
1195 2135 1236 2161 Τὰ
1251 2135 1428 2171 ὀχυρώματα.
1449 2147 1458 2163 ›
1479 2137 1551 2172 Πρὸς
1572 2138 1622 2172 μὲν
1638 2138 1729 2173 ῥητὸν,
1747 2139 1793 2166 τὸν
1807 2140 1913 2175 ναδν,ἦ

1123 2180 1246 2212 καὶτοὺς
1270 2181 1298 2207 ὲν
1324 2182 1393 2217 αὐτῇ
1409 2182 1555 2215 δυνατούς·
1580 2184 1649 2219 πρὸς
1668 2184 1696 2210 δὲ
1716 2185 1848 2218 διάνοιαν,
1863 2186 1916 2218 τὰς

1123 2226 1354 2261 ὰκαταμαχήτους
1368 2228 1472 2263 ἀρετὰς
1490 2230 1548 2261 τοῖς
1559 2230 1666 2264 γηΐνοις
1678 2230 1842 2266 ἀπέρριψεν.

1089 2273 1110 2300 Ι)
1163 2282 1171 2297 ι
1198 2273 1384 2308 Ἐὃεὸήλωσεν
1399 2274 1513 2309 βασιλέα
1528 2276 1623 2311 αὐτῆς.
1642 2286 1651 2301 ι
1667 2276 1738 2311 Πρὸς
1757 2278 1805 2311 μὲν
1820 2279 1912 2313 ῥητὸν,

1122 2318 1185 2349 τοὺς
1194 2319 1222 2344 ὲν
1232 2319 1300 2354 αὐτῇ
1310 2320 1439 2351 δυνατούς
1451 2329 1458 2336 ·
1468 2321 1536 2356 πρὸς
1546 2321 1574 2347 δὲ
1587 2321 1717 2351 διάνοιαν,
1729 2321 1912 2358 ἀκαθάρτους,

1123 2365 1218 2398 φησὶν,
1232 2361 1358 2397 ἀπέδειξε
1372 2366 1435 2397 τοὺς
1447 2367 1508 2393 κατ’
1523 2366 1618 2402 ἐξοχὴν
1632 2368 1716 2402 αὐτῆς
1732 2368 1859 2402 τρόπους.

1161 2418 1170 2433 ‹
1192 2409 1248 2435 Πᾶν
1272 2410 1367 2444 κέρας.
1401 2420 1410 2436 ι
1439 2411 1509 2438 Καθ’
1536 2411 1656 2446 ἱστορίαν
1679 2412 1739 2445 μὲν,
1757 2412 1845 2444 πάσας
1862 2413 1913 2444 τᾶς

1123 2454 1219 2488 φυλὰς.
1235 2456 1251 2490 ἢ
1270 2456 1375 2487 πάντας
1393 2457 1456 2488 τοὺς
1475 2457 1607 2489 δυνατούς
1618 2464 1625 2471 '
1650 2457 1721 2492 πρὸς
1737 2458 1766 2484 δὲ
1781 2457 1912 2494 θεωρίαν,

1123 2500 1213 2527 πάντα
1229 2501 1362 2528 ἐπινίκιον
1379 2502 1428 2536 τῆς
1444 2502 1534 2537 ψυχῆς
1548 2503 1662 2539 τρόπον.

1163 2600 1171 2615 ε
1194 2590 1391 2625 Ἀπέστρεψεν.
1410 2599 1419 2615 ι
1437 2590 1473 2617 ’Ἠ
1489 2591 1572 2618 αὑτοῦ
1587 2592 1634 2618 τοῦ
1668 2593 1779 2629 Ἰσραὴλ
1801 2595 1852 2628 τὰς
1867 2596 1911 2622 δε-

1124 2635 1183 2668 ξιὰς
1196 2635 1309 2670 πράξεις
1323 2636 1363 2666 εὶς
1378 2635 1409 2663 τὸ
1428 2633 1509 2672 ἦττον
1523 2637 1704 2673 ἀπέστρεψεν,
1720 2641 1860 2668 τουτέστιν
1871 2643 1912 2672 εἰς

1122 2681 1156 2708 τὰ
1167 2682 1318 2717 ἀριστερόν
1336 2682 1424 2708 ὀπίσω
1446 2680 1500 2718 γὰρ
1515 2683 1568 2709 τῶν
1590 2684 1686 2716 δεξιῶν
1707 2686 1742 2712 τὰ
1761 2687 1911 2722 ἀριστερά·

1122 2727 1139 2762 ἢ
1155 2728 1168 2754 ὁ
1179 2727 1246 2758 Θεὸς
1261 2727 1310 2762 τὴν
1335 2727 1417 2754 αὐτοῦ
1429 2727 1544 2763 δύναμιν
1567 2729 1694 2764 ἐπέσχεν,
1710 2731 1757 2757 καὶ
1779 2732 1829 2758 οὐκ
1859 2733 1910 2759 ἐπ-

1124 2773 1230 2807 ήμυνεν
1247 2773 1340 2804 αὐτοῖς
1356 2773 1572 2808 πολεμουμένοις
1588 2775 1642 2801 ὑπὸ
1659 2775 1714 2802 τῶν
1730 2777 1849 2812 ἐχθρῶν.

1161 2828 1170 2844 ε
1193 2818 1247 2844 Καὶ
1263 2819 1377 2853 ἀνῆψεν,
1407 2829 1415 2845 ι
1442 2820 1498 2854 Τὴν
1514 2820 1559 2847 διὰ
1583 2821 1727 2856 Ῥωμαίων
1747 2822 1859 2850 ἅλωσιν.
1880 2825 1911 2850 'Il

1122 2864 1191 2899 ὀργὴ
1208 2864 1255 2890 οὖν
1270 2864 1317 2890 τοῦ
1338 2865 1406 2891 Θεοῦ
1421 2865 1458 2896 ὡς
1476 2865 1529 2901 πῦρ
1542 2866 1645 2902 ἀνῆψεν
1663 2868 1732 2895 κατὰ
1749 2870 1796 2895 τοῦ
1813 2869 1911 2896 Ἰακωε

1123 2911 1171 2945 τὴν
1192 2910 1337 2946 ἐταστικὴν
1356 2911 1440 2947 αὺῑῆς
1452 2910 1575 2947 δύναμιν.
