2052 3150
125 178 172 210 737
625 176 857 206 FRAGMENTA
875 177 915 207 IN
935 177 1071 208 JEREM.
1092 178 1257 208 LAMENT.

1707 178 1758 212 738

160 248 168 262 ι
191 235 327 262 Ἐνέτεινε
343 232 421 267 τόξον
436 232 531 260 αὑτοῦ.
552 242 560 258 ι
574 232 630 268 Τὴν
646 233 768 268 παντελῆ
783 233 917 269 ἀποστρο-

1009 235 1041 263 V.
1057 235 1081 262 ι.
1098 245 1107 260 1
1125 234 1252 262 'l‘etendit
1265 242 1359 262 arcum
1387 242 1479 262 suum.
1499 243 1509 260 ι
1542 233 1692 262 Perfectam
1712 234 1758 262 Dei

125 283 176 319 φῆν
187 281 236 308 τοῦ
255 280 324 307 Θεοῦ
340 279 434 314 λέγει’
450 276 484 314 ἦς
494 278 641 314 γινομένης
655 277 764 314 καιρίαι
780 279 856 314 παρὰ
865 278 920 306 τῶν

124 329 230 366 ἐχθρῶν
245 326 425 361 ἐπιφέρονται
446 324 562 359 πληγαί.

160 385 170 401 1
192 375 250 401 Καὶ
265 372 440 399 ἀπέκτεινεν.
462 379 471 396 ι
500 370 572 405 Πρὸς
597 369 648 405 μὲν
669 369 751 405 ῥητὸν
766 370 829 401 τοὺς
843 369 919 401 υἱοὺς

124 422 225 451 αὐτῶν,
247 419 294 446 καὶ
311 418 360 450 τὰς
383 417 548 452 θυγατέρας,
573 417 622 443 καὶ
640 416 676 442 ·εῐ
691 425 718 443 τι
734 416 801 451 παρ’
825 416 919 447 αὐτοῖς

123 469 194 500 ζῶον
209 467 301 501 τίμιον
313 473 320 480 ο
335 463 402 499 πρὸς
424 463 453 490 δὲ
476 463 608 494 διάνοιαν,
628 462 678 493 τὰς
697 462 855 497 κρείττονας
869 462 919 496 τῆς

122 513 213 548 ψυχῆς
237 510 354 546 ὀρέξεις.
383 508 469 535 Τοῦτο
488 509 544 543 γὰρ
569 509 641 534 ποιεῖ
655 509 671 542 ἡ
687 507 848 542 ἀποστροφὴ
870 507 917 533 τοῦ

123 558 202 584 Θεοῦ.
226 557 259 582 'll
275 557 330 592 γὰρ
348 554 497 588 ἐπίσκεψις
512 553 597 580 αὑτοῦ
613 553 671 588 ζωὴ
685 554 824 588 τυγχάνει.

161 613 170 629 1
189 603 281 637 Σκηνῇ
302 600 438 636 θυγατρὸς
457 600 538 627 Σιών.
567 609 577 626 ι
602 599 673 626 Καθ’
706 599 829 634 ίστορίαν
857 599 915 634 μὲν,

123 651 152 676 ὲν
166 649 205 683 τῷ
224 648 282 682 ναῷ
299 644 322 680 ᾧ
347 645 554 681 ἐφονεύθησαν
577 645 646 680 πρδς
670 645 698 671 δὲ
725 644 863 677 διάνοιαν,
888 645 917 672 ἐν

123 695 184 725 ταῖς
204 693 254 725 τῆς
269 693 359 726 ψυχῆς
379 690 579 717 ἀναπαύσεσιν.

162 748 171 765 1
193 737 330 773 Ἐγενήθη
348 737 462 772 Κύριος.
491 746 500 762 ι
521 735 616 762 Λύτῶν
641 736 757 767 ἑαυτοὺς
779 744 917 771 καταστη-

126 785 234 812 σάντων
253 784 368 818 ἐχθροὺς
388 782 436 808 τοῦ
454 781 523 808 Θεοῦ
542 781 586 808 διὰ
600 781 655 807 τῶν
671 782 711 813 εἰς
723 781 806 808 αὐτὸν
823 790 913 817 παραυ

124 829 227 865 νομιῶν
238 838 245 844 ·
263 829 330 859 Ge";
346 828 401 863 γὰρ
413 828 442 854 οὐ
461 829 545 862 μισεῖ.

163 883 172 899 1
194 873 340 908 Διέφθειρε
354 873 399 900 τά.
420 883 429 899 ι
450 873 522 908 Πρὸς
540 873 590 908 μὲν
609 873 700 909 ῥητὸν,
716 873 750 898 τὰ
762 872 850 907 τείχη,
870 873 917 899 καὶ

973 281 1146 308 aversionem
1160 280 1224 307 dicit
1240 289 1246 306 :
1261 287 1294 308 ex
1307 288 1362 315 quo
1377 280 1407 307 ﬁt
1423 285 1452 308 ut
1468 279 1578 307 iethalia
1593 281 1704 308 vulnera
1718 281 1760 308 in-

973 325 1108 362 ﬂigantur.

1011 381 1019 397 1
1038 372 1070 399 Et
1087 371 1194 399 occidit.
1217 381 1226 398 ι
1242 371 1280 399 Ad
1295 371 1425 405 litteram,
1444 371 1514 398 ﬁlios
1523 379 1616 398 eorum
1638 376 1666 399 rt
1680 372 1760 407 ﬁlias,

972 422 999 445 et
1012 418 1035 444 si
1055 418 1128 452 quod
1141 417 1239 444 animal
1255 418 1352 444 eratin
1378 418 1465 452 pretio
1479 417 1552 452 apud
1569 425 1626 444 eos.
1645 417 1684 444 Ad
1695 425 1755 444 sen-

972 471 1032 490 sum
1047 471 1112 490 vero
1126 463 1296 496 interiorem,
1314 464 1433 498 potiores
1455 463 1538 490 animi
1552 463 1734 498 appetitiones

972 509 1055 544 hujus
1066 509 1138 536 enim
1153 517 1234 536 causa
1247 514 1289 536 est
1315 509 1423 537 aversio
1440 509 1500 536 Dei.
1513 509 1620 536 Etenim
1641 508 1759 535 visitatio

971 555 1029 590 ejus
1043 555 1096 582 vita
1115 559 1166 582 est.

1010 610 1018 626 1
1037 601 1064 627 In
1074 601 1249 628 tabernaculo
1258 601 1318 628 (ilize
1328 600 1420 628 Sion.)
1437 600 1593 627 Secundum
1605 599 1758 632 historiam,

971 645 998 672 in
1015 647 1116 681 templo
1131 646 1157 672 in
1169 646 1321 680 quonecati
1333 651 1396 673 sunt
1409 655 1415 672 :
1430 645 1598 680 spiritaliter,
1609 645 1653 672 ubi
1668 644 1758 671 anima

970 692 1137 726 quiescebat.

1007 737 1039 764 V.
1059 737 1085 764 5.
1103 747 1111 762 1
1128 737 1229 765 Ft-ctus
1253 742 1295 765 est
1317 737 1459 764 Dominus.
1477 746 1487 763 ι
1513 736 1581 771 Ipsis
1599 735 1760 770 semetipsos

971 781 1096 809 inimicos
1107 782 1153 808 Dei
1169 782 1400 809 constituentibus
1409 785 1520 816 propter
1533 786 1644 815 peccata
1661 779 1688 806 in
1697 787 1760 806 eum

970 828 1090 855 admissa
1109 837 1115 854 :
1133 828 1206 855 Deus
1224 828 1298 855 enim
1319 827 1457 854 neminem
1475 827 1542 854 odit.

1010 883 1019 900 1
1038 874 1174 909 Corrupit.
1192 884 1200 899 ι
1214 874 1254 901 Ad
1271 874 1399 906 litteram,
1416 877 1445 900 et
1455 872 1566 904 mmnia,
1579 876 1607 899 et
1617 871 1758 907 templum.

125 919 262 959 τὸνμαὺν,
287 920 335 945 καὶ
350 919 399 950 τὰς
415 919 504 950 οἰκίας
528 919 615 953 φησι·
640 918 708 954 πρὸς
735 918 764 944 δὲ
786 918 918 950 διάνοιαν,

974 923 998 945 et
1010 918 1106 946 domos
1119 919 1165 946 ait.
1177 918 1296 953 Spiritali
1312 919 1498 949 sensu,bonas
1511 918 1688 953 cogitationes
1701 918 1760 944 ani-

125 966 189 997 τοὺς
203 965 443 1000 περιφράττοντας
458 963 507 999 τὴν
519 963 608 999 ψυχὴν
625 963 747 998 ἀγαθοὺς
761 963 919 998 λογισμούς.

127 1011 194 1047 [Καὶ
210 1010 327 1046 ἄλλων]
342 1011 404 1038 Ὀτι
421 1010 514 1037 οὐκέτι
528 1009 605 1045 παρὰ
635 1010 772 1041 Ἰουδαίοις
787 1011 855 1045 μετὰ
873 1010 922 1046 τὴν

126 1056 200 1083 κατὰ
219 1056 266 1082 τοῦ
290 1055 413 1091 Χριστοῦ
430 1056 535 1090 τόλμαν
552 1056 582 1082 οὐ
604 1056 759 1091 προφήτης,
778 1056 831 1082 οὐκ
854 1057 922 1082 ἀπο·

130 1103 258 1134 κάλυκιις,
274 1102 325 1129 οὐκ
342 1102 454 1137 ἔννομος
470 1102 622 1138 ἱερουργία.

165 1159 173 1175 ι
195 1149 416 1184 Ταπεινούμενα.
436 1158 446 1174 ι
464 1148 542 1175 Μετὰ
565 1147 616 1183 τὴν
630 1147 761 1182 ἱστορίαν,
785 1148 847 1179 τοὺς
870 1148 922 1175 ὑπὸ

126 1195 176 1230 τῆς
189 1195 327 1230 ἁμαρτίας
343 1193 541 1229 ἁλισκομένους
561 1193 654 1228 φησίν.

165 1250 174 1266 1
197 1241 252 1267 Καὶ
273 1239 435 1267 διεπέτασεν
453 1239 491 1271 ὠς
505 1239 638 1274 ἄμπελον.
662 1248 672 1265 ι
693 1240 727 1266 Ἢ
746 1239 825 1266 τοῦτό
841 1247 920 1274 φησι,

126 1286 167 1312 ῡῑι
184 1286 235 1320 τὴν
252 1284 349 1320 πρώην
366 1285 404 1316 ὡς
433 1284 557 1319 ἄμπελον
573 1284 736 1311 ὲκταθεῖσαν
755 1285 921 1319 Συναγωγὴν

126 1331 273 1366 παρέδωκε
288 1331 345 1362 τοῖς
360 1329 470 1365 ἐχθροῖς
480 1338 488 1345 ·
503 1329 520 1365 ἢ
536 1329 633 1363 οὕτως,
646 1330 780 1364 ὅτιαίμιὴν
793 1330 922 1364 ἥπλωσεν

126 1380 182 1411 τοις
203 1378 402 1413 διαρπάζουσιν
417 1377 455 1408 ὼς
470 1377 594 1412 ἄμπελον
608 1377 793 1404 ἀσκέπαστον.

165 1435 174 1449 ι
193 1424 353 1458 Διέφθειρεν
366 1424 463 1458 ἑορτὴν
474 1423 568 1449 αὑτοῦ.
585 1433 594 1448 ι
607 1423 664 1458 Τῆς
677 1423 727 1458 μὲν
744 1422 923 1458 Ἰερουσαλὴμ

127 1471 178 1501 τὰς
193 1470 310 1505 νομικὰς
325 1469 423 1505 ἑορτάς
435 1477 440 1483 ·
453 1469 505 1504 τῆς
518 1469 547 1496 δὲ
558 1469 648 1504 ψυχῆς
661 1469 711 1504 τὴν
727 1469 774 1495 ἐπὶ
784 1469 822 1504 τῷ
831 1469 923 1504 κρείτ-

126 1525 186 1543 τονι
201 1517 354 1552 χαρμονήν.
483 1543 488 1547 _

168 1571 178 1587 1
200 1561 365 1587 Ἐπελάθετο
385 1559 500 1596 Κύριος.
521 1569 530 1586 ι
552 1560 759 1596 Κατεφρόνησε,
779 1561 856 1596 φησὶ,
875 1561 922 1588 καὶ

973 971 1046 992 mam
1079 964 1223 991 valluntes.
1248 963 1389 1000 [Mitem]
1418 964 1551 996 Quoniam
1566 963 1637 998 apud
1652 963 1761 990 Judaeos

973 1015 1035 1045 post
1051 1010 1150 1041 scelus.
1167 1010 1239 1044 quod
1255 1010 1282 1036 in
1294 1010 1437 1037 Christum
1457 1010 1516 1036 ausi
1533 1013 1608 1040 sunt,
1630 1016 1684 1035 non
1700 1016 1760 1035 am-

972 1056 1044 1090 plius
1056 1055 1199 1090 propinata,
1212 1063 1266 1082 non
1282 1055 1422 1086 revelatio,
1436 1062 1491 1081 non
1509 1054 1659 1089 legitimum
1674 1053 1760 1080 sacri-

973 1101 1075 1128 ﬁcium.

1009 1156 1019 1172 1
1035 1146 1222 1174 llumiliatam.
1245 1156 1254 1172 ι
1273 1147 1338 1174 Post
1353 1146 1514 1173 historicum
1528 1153 1639 1173 sensum
1650 1151 1697 1172 eos
1715 1144 1760 1171 in-

973 1191 1077 1225 tclligit,
1094 1192 1139 1226 qui
1154 1192 1343 1226 iniquitatibus
1357 1191 1529 1226 captivantur

1008 1235 1040 1263 γ.
1055 1236 1081 1263 6.
1102 1245 1111 1261 1
1132 1237 1165 1263 Et
1175 1236 1304 1270 expandit
1317 1236 1393 1270 quasi
1411 1235 1504 1262 vitem.
1521 1245 1529 1260 ι
1544 1234 1592 1262 Vel
1610 1235 1663 1262 hoc
1672 1234 1757 1261 dicit:

973 1280 1152 1316 Synagogam,
1167 1289 1228 1315 qua:
1238 1284 1319 1307 antea
1342 1285 1471 1314 tanquam
1501 1279 1564 1306 vitis
1581 1279 1691 1306 dilatata
1702 1283 1761 1306 erat

973 1327 1098 1354 traditam
1114 1327 1260 1353 hostibus:
1278 1326 1321 1353 vel
1340 1326 1389 1358 sic,
1408 1325 1480 1360 quod
1494 1325 1580 1360 ipsam
1609 1324 1760 1359 diripienti-

973 1373 1024 1400 bus
1038 1372 1207 1407 expanderit,
1225 1372 1301 1407 quasi
1314 1372 1397 1399 vitem
1410 1371 1578 1398 derelictam.
1713 1374 1719 1379 ‘

1011 1427 1020 1443 1
1037 1418 1166 1452 Corrupit
1180 1417 1355 1444 festivitatem
1367 1424 1456 1443 suam.
1471 1426 1480 1442 ι
1500 1415 1652 1442 Jerusalem
1661 1414 1761 1450 legales

973 1463 1169 1495 solemnitates,
1182 1462 1281 1489 animat
1291 1469 1356 1489 vero
1373 1461 1502 1497 gaudium
1519 1461 1552 1488 de
1569 1461 1635 1487 Deo.

1012 1572 1022 1588 1
1033 1562 1147 1590 -Oblitus
1162 1567 1204 1589 est
1219 1561 1360 1589 Dominus.
1376 1570 1385 1585 ι
1397 1560 1466 1588 Suas
1474 1561 1567 1592 etiam,
1583 1560 1681 1594 inquit,
1688 1559 1760 1595 leges

127 1608 178 1642 τῆς
194 1607 292 1633 ἑαυτοῦ
308 1586 481 1642 νομοθεσῐδας,
491 1606 542 1641 τῆς
557 1586 816 1641 παρακελειίομενὶς
828 1606 919 1641 ἑορτά-

974 1608 1149 1642 contempsit,
1164 1615 1225 1642 qua:
1238 1607 1295 1635 dies
1310 1607 1394 1634 festos
1412 1614 1502 1641 agere,
1516 1610 1544 1633 et
1565 1606 1676 1633 sabbata
1691 1613 1760 1640 pra:-

128 1653 187 1684 ζειν
204 1653 253 1678 καὶ
265 1652 453 1684 σαϐϐατίζειν.

167 1707 177 1724 1
199 1699 254 1724 Kal.
279 1697 450 1733 παρώξυνεν.
473 1706 482 1723 ι
506 1696 654 1723 Ἐπιπλέον
678 1696 853 1723 ἐκθλίϐεσθαι
871 1697 921 1724 αὐ-

128 1744 194 1776 τοὺς
210 1743 412 1778 συνεχώρησεν,
436 1743 453 1778 ἢ
479 1742 562 1774 αὐτὸς
582 1743 814 1778 παροξυνόμενος,
831 1743 847 1778 ἢ
874 1743 922 1770 καὶ

128 1791 212 1822 αὐτὸς
228 1790 390 1826 παροξύνων
402 1789 449 1816 ἐπὶ
470 1791 503 1825 τῇ
519 1789 574 1816 τῶν
595 1790 700 1824 ἐχθρῶν
714 1789 835 1825 εὐθηνίᾳ.

168 1847 177 1862 1
194 1837 340 1863 ’Λπώσατο
371 1835 484 1871 Κύριος.
503 1845 512 1860 ι
529 1835 566 1861 Τὸ
590 1834 711 1869 νομικὸν,
744 1835 788 1861 ἵνα
814 1836 921 1862 ἀντεισ-

128 1882 225 1917 ενεχθῇ
235 1882 267 1908 τὸ
281 1881 332 1916 τῆς
341 1881 447 1916 Καινῆς
461 1881 601 1916 Διαθὴχης
612 1881 808 1914 πνευματικόν.
818 1881 880 1907 Ἐὰν
891 1880 921 1907 δὲ

129 1929 176 1954 ἐπὶ
187 1929 236 1963 τῆς
244 1927 418 1963 αἰχμαλώτου
430 1927 520 1962 ψυχῆς
532 1926 750 1962 ἐκλαμὸἁνηται,
765 1926 809 1953 διὰ
826 1927 855 1953 τὸ
871 1927 920 1953 άν-

129 1973 209 2005 αξίαν
224 1973 310 2008 αὐτὴν
323 1973 441 2008 φανῆναι
454 1973 503 2007 τῆς
519 1972 566 1999 τοῦ
582 1971 651 1998 Θεοῦ
666 1972 803 2006 λατρείας.

168 2029 178 2045 1
202 2018 391 2050 ’Δπετίναξεν.
417 2027 426 2044 ι
453 2018 614 2052 ’Δποτόμως
631 2017 796 2044 ἀπεϐάλετο.

169 2074 178 2092 1
202 2064 298 2101 Φωνὴν
327 2064 445 2092 ἔδωκαν.
477 2074 486 2090 ι
523 2064 586 2090 Ἐπὶ
617 2063 700 2090 πλέον
730 2062 871 2098 χαίροντες
895 2062 920 2088 οἱ

129 2110 233 2146 ἔχθροί.

168 2166 178 2182 1
198 2157 295 2192 Τεῖχος
309 2156 456 2192 θυγατρός.
472 2165 481 2182 ι
495 2155 608 2192 Ἐκρινε
617 2155 672 2192 [ἵσ.
686 2155 808 2192 ἔφθειρε]
821 2157 920 2190 τεῖχος,

128 2201 175 2229 τὸν
194 2202 286 2237 νόμον.

973 1654 1121 1690 cipiebant.

1011 1708 1020 1724 1
1041 1699 1075 1726 Et
1092 1698 1216 1725 irritavit.
1235 1697 1383 1724 )Permisit
1405 1701 1435 1724 ut
1456 1697 1647 1724 vehementius
1661 1696 1762 1732 alllige-

973 1745 1079 1777 rent'ur,
1099 1745 1142 1772 vel
1156 1744 1213 1779 ipse
1223 1743 1355 1776 irritatus,
1368 1744 1411 1771 vel
1426 1747 1454 1770 et
1466 1742 1523 1778 ipse
1539 1743 1648 1770 irritans
1660 1743 1693 1770 de
1709 1743 1761 1770 ho-

973 1790 1056 1817 stium
1067 1790 1258 1825 prosperitate.

1009 1836 1041 1862 V.
1059 1837 1084 1863 7.
1100 1845 1108 1862 1
1129 1836 1239 1871 Repulit
1257 1835 1400 1864 Dominus.
1420 1845 1429 1862 ι
1448 1836 1556 1871 Legale.
1573 1840 1603 1863 ut
1616 1837 1761 1871 spirituale

972 1883 1041 1910 Novi
1055 1882 1222 1909 Testamenti
1233 1883 1400 1910 succederet.
1416 1882 1493 1915 Quod
1507 1883 1529 1909 si
1548 1882 1582 1909 de
1607 1883 1698 1909 anima
1715 1890 1762 1909 ca-

973 1931 1045 1964 ptiva
1063 1931 1114 1958 hoc
1127 1931 1284 1966 accipiatur,
1300 1931 1428 1965 quoniam
1454 1930 1546 1957 divino
1562 1929 1636 1957 cultu
1650 1929 1760 1964 indigna

973 1976 1029 2002 visa
1047 1979 1099 2003 est.
1344 2006 1347 2009 ‘

1010 2030 1020 2047 1
1036 2020 1169 2048 Excussit.
1188 2030 1196 2045 ι
1208 2020 1307 2048 Severe
1317 2020 1424 2055 abjecit.

1010 2075 1020 2092 1
1042 2065 1140 2093 Vocem
1151 2065 1296 2094 dederunt.
1317 2074 1326 2092 ι
1347 2064 1446 2092 Hostes
1459 2063 1574 2091 nimium
1598 2062 1758 2098 gaudentes.

1009 2153 1041 2181 V.
1058 2153 1108 2181 8.1
1133 2153 1240 2180 Murum
1263 2152 1334 2180 filiae.
1358 2162 1368 2178 ι
1395 2151 1537 2180 Destruxit
1569 2157 1688 2183 murum,
1718 2149 1759 2177 le-

973 2207 1044 2234 gem.

169 2257 179 2273 1
197 2248 256 2274 Οὐκ
281 2248 450 2283 ἀπέστρεψε.
475 2257 485 2273 ι
505 2247 542 2274 Τὸ
564 2247 706 2283 σύγκριμα
727 2247 782 2284 [lca
803 2247 834 2274 τὸ
862 2240 919 2273 aliv-

1012 2254 1022 2271 1
1041 2243 1101 2272 Non
1116 2244 1223 2272 avertit.
1244 2253 1254 2271 »
1267 2243 1508 2272 (Ionculcationem
1522 2243 1607 2271 auxit.

130 2302 194 2329 τριμ
201 2294 251 2329 μα]
266 2295 436 2329 παρέτεινεν.

169 2348 178 2364 1
196 2339 253 2365 Καὶ
272 2339 417 2373 ἐπένθησε.
437 2348 447 2364 ι
468 2338 526 2365 Οὐκ
542 2338 672 2373 ἐφείσατο
686 2337 733 2365 τοῦ
750 2338 922 2374 παραρρίψαι

132 2383 172 2416 εις
187 2384 388 2419 καταπάτημα,
414 2384 477 2415 τοὺς
491 2385 530 2416 είς
548 2385 630 2411 αὑτὸν
653 2384 780 2419 ἐμμόνως
797 2384 922 2419 ἁμαρτά-

133 2439 237 2461 νοντας.

169 2485 180 2502 1
197 2475 400 2510 Ἐνεπάγησαν.
419 2486 427 2502 ι
441 2477 473 2503 Οἱ
489 2476 538 2512 τὴν
553 2475 728 2502 διδασκαλίαν
743 2475 922 2510 πεπιστευμέ-

134 2529 174 2547 νοι
188 2520 433 2556 κατισυθήσθησαν
446 2521 486 2552 είς
505 2520 540 2547 τὰ
555 2521 637 2556 γήϊνα
652 2520 815 2555 πράγματα.

171 2576 180 2592 1
199 2565 349 2593 ’Δπώλεσε.
363 2575 372 2591 ι
386 2566 534 2600 Ἠφάνισεν
545 2566 628 2600 αὐτῆς
643 2566 676 2592 τὰ
690 2565 921 2600 παραγγέλματα,

135 2611 203 2639 ὥστε
224 2612 271 2638 τὸν
293 2611 456 2647 βουλόμενον
476 2611 648 2646 εἰσέρχεσθαι
668 2612 798 2646 ἀπορεῖν,
813 2611 860 2637 καὶ
875 2611 920 2646 ζη-

134 2658 200 2686 τείν.

172 2712 182 2728 1
198 2703 345 2730 Ἐκάθισαν
359 2702 399 2734 εἰς
409 2702 459 2738 τὴν
475 2702 537 2738 γῆν.
553 2712 562 2728 ι
573 2701 775 2737 Ἠδαῳίσθησαν
793 2702 827 2728 τὰ
841 2703 922 2737 γήϊνα

138 2750 332 2784 φρονήσαντες.

174 2803 183 2820 1
201 2794 401 2831 Ἐσιώπησαν.›
416 2794 575 2822 Ἀπώλεσαν
590 2794 620 2820 τὸ
634 2793 825 2820 διδασκαλικὸν
839 2793 922 2826 ἀξίω-

139 2849 186 2871 ua,
202 2841 437 2876 dxoxw'gtbiiqsav.

177 2895 186 2911 1
203 2887 390 2914 ’Δνεϐῐῦασαν.
411 2897 420 2912 ι
440 2887 518 2914 Κατὰ
540 2887 589 2921 μὲν
609 2886 793 2921 τὴνὶστορίαν
808 2886 837 2912 τὸ
854 2887 921 2921 σχῆ-

1011 2341 1020 2358 1
1039 2332 1183 2368 Luxilque.
1196 2342 1205 2358 ι
1221 2332 1268 2360 Eis
1287 2340 1342 2359 non
1358 2331 1489 2366 pepercit,
1504 2331 1552 2358 sed
1560 2331 1760 2359 conculcandos

972 2379 1095 2413 proiecit,
1116 2379 1163 2413 qui
1173 2378 1281 2406 assidue
1291 2379 1319 2406 in
1331 2385 1393 2405 eum
1405 2378 1563 2413 peccabant.

1008 2467 1040 2496 V.
1057 2469 1084 2496 9.
1103 2478 1111 2494 1
1124 2468 1222 2495 Delixa:
1233 2468 1329 2495 sunt.')
1346 2467 1451 2500 Quibus
1463 2465 1577 2493 docendi
1589 2472 1690 2492 munus
1701 2471 1759 2492 ere-

973 2515 1059 2542 ditum
1075 2519 1126 2544 est.
1145 2514 1172 2541 in
1187 2522 1230 2542 res
1250 2519 1372 2541 terrenas
1386 2512 1508 2540 immersi
1531 2515 1605 2539 sunt.

1013 2568 1021 2584 1
1041 2558 1172 2585 Perdidit.
1192 2567 1201 2583 »
1221 2557 1323 2585 Monita
1338 2565 1385 2584 seu
1397 2555 1510 2583 consilia
1538 2555 1612 2583 illius
1628 2553 1759 2589 perdidit,

974 2609 1004 2632 ut
1017 2605 1064 2640 qui
1079 2605 1181 2632 intrare
1195 2603 1272 2636 velit,
1284 2604 1386 2630 haereat
1399 2607 1427 2630 et
1441 2605 1554 2637 quaerat.

1008 2703 1041 2730 ν.
1062 2704 1129 2731 l0.1
1149 2703 1286 2731 Sederunt
1301 2703 1327 2730 in
1353 2707 1434 2730 terra.
1449 2711 1458 2728 ι
1481 2701 1617 2729 Sedernnt
1630 2700 1659 2728 in
1688 2704 1760 2728 terra
1790 2727 1791 2730 η

975 2754 1081 2777 terrena
1098 2750 1243 2784 sapientes.

1011 2796 1239 2823 1Conticuerunt.
1256 2805 1265 2821 ι
1298 2793 1444 2830 Magisterii
1475 2793 1632 2829 dignitatem
1659 2792 1767 2819 amiser

974 2845 1047 2873 runt,
1062 2840 1128 2867 muti
1146 2840 1207 2866 laeti
1220 2843 1293 2867 sunt.

1013 2896 1021 2912 1
1042 2886 1241 2920 Imposuernnl.
1259 2895 1266 2910 ι
1285 2884 1439 2912 Secundum
1462 2884 1612 2911 historiam.
1639 2881 1761 2918 lugubris
