2052 3150
266 161 318 193 743

804 156 1064 188 OLYMPIOI)ORI
1085 156 1352 186 ALEXANDRINI

1839 154 1893 186 τίς

265 217 345 244 stium
362 215 388 242 in
403 222 446 242 me
459 214 620 242 adduceres.
639 214 751 250 Mystice
769 221 851 241 vero:
869 214 976 241 Perdita
986 220 1057 245 sum,

1117 213 1260 245 επαγαγεῖν
1278 220 1333 246 μοι.
1351 211 1421 246 Πρὸς
1445 211 1473 238 δὲ
1490 211 1610 238 διάνοιαν
1624 218 1632 226 ’
1650 210 1822 246 Ἐπετύφθην
1839 211 1895 249 [70-

268 267 408 297 moresque
421 259 546 288 inimicos
557 259 745 294 multiplicavi.

601 346 679 374 CAP.
693 347 736 374 Ill.

302 396 374 424 v.1.
389 406 398 418 ι
417 397 473 431 Ego
491 397 533 423 vir
555 395 662 423 videns.
680 404 688 420 ι
720 395 750 421 In
779 401 923 428 personam
950 393 1058 427 quidem

269 442 386 474 Domini,
404 443 438 469 ob
455 441 649 468 exinaltitionls
667 440 789 467 modum.
810 439 839 465 ln
853 439 985 474 propheta
995 446 1059 466 vero

269 488 370 514 fatetur
382 487 499 522 ingenue
513 490 700 521 paupertatem
732 485 995 519 mulabilitatemque
1009 492 1059 511 na-

271 537 354 564 lurze;
372 532 472 559 malum
484 532 557 559 enim
572 539 627 557 non
642 536 737 557 natura
758 535 812 562 est,
830 530 876 557 sed
891 534 1058 557 transmuta-

273 578 359 604 tione.

304 623 337 650 V.
353 624 380 649 ‘2.
400 632 409 648 ι
429 622 465 648 In”
475 622 549 656 virga
571 621 682 648 furoris.
698 631 707 648 ›
739 621 777 648 Ex
805 629 920 656 persona
948 621 1058 656 quidem

272 669 376 695 Domini
389 668 537 695 secundum
551 668 616 694 illud
632 677 638 694 :
660 667 689 694 lu
708 676 747 694 me
776 668 946 701 conﬁrmatus
963 672 1000 694 est
1016 669 1058 700 [ιι-

271 722 314 740 ror
328 714 433 740 tuus“.
451 713 488 740 lix
514 721 629 748 persona
654 721 719 740 vero
741 713 891 748 prophetae,
920 713 1058 744 Inimicus.

272 759 369 793 inquit,
384 759 507 786 diabolus
520 759 593 794 virga
605 759 705 786 furoris
714 759 755 786 sui
768 767 832 786 usus
845 764 887 786 est
901 759 927 785 in
942 767 985 786 me
993 767 1060 786 con-

272 804 399 830 versione
416 804 442 830 in
458 809 619 838 peccatum;
638 811 701 838 ergo
720 811 860 830 assumens
883 804 927 830 ille
959 812 999 830 me
1013 804 1062 830 ab-

273 850 349 877 duxit
361 850 388 876 in
403 851 532 882 tenebras,
547 856 570 876 et
584 858 635 877 non
662 849 756 876 lucem.
770 849 831 876 Haec
847 854 938 876 autent
952 849 1062 876 nomine

276 896 361 923 totius
374 900 479 923 natura:
493 896 619 922 humanae
632 895 744 930 profert.

306 992 380 1018 v.3.
400 1002 409 1018 ι
429 992 547 1019 Tantum
568 993 596 1020 in
612 1001 665 1020 me.
682 1003 691 1018 ι
717 993 776 1020 Non
789 993 865 1025 satis,
894 993 990 1028 inquit,
1009 993 1062 1020 ini-

272 1038 344 1065 mico
353 1038 413 1069 fuit.
428 1046 471 1066 me
483 1039 508 1065 in
519 1039 645 1066 tenebras
656 1039 801 1071 abducere,
816 1039 864 1066 sed
878 1041 958 1066 etiam
975 1040 1063 1074 ptenis

275 1082 381 1109 alllixit.
397 1081 466 1109 lllud
479 1090 560 1116 porro
575 1087 630 1108 tota
645 1083 697 1114 die,
725 1082 795 1109 idem
811 1086 852 1109 est
867 1090 898 1109 ac
915 1082 937 1109 si
949 1082 1062 1113 diceret,

273 1127 348 1154 omni
361 1131 482 1161 tempore
495 1134 550 1161 quo
559 1127 611 1153 sub
626 1127 686 1160 ejus
703 1131 838 1161 potestate
851 1126 913 1154 fuit.

309 1171 341 1198 V.
357 1173 384 1199 4.
403 1181 411 1197 ι
432 1171 572 1198 Vetustam
585 1172 648 1199 fecit
666 1180 777 1199 carnem
789 1179 888 1199 meam.
907 1181 916 1197 ι
933 1172 972 1198 Ex
1000 1179 1063 1205 per—

273 1225 339 1245 sona
354 1217 463 1251 quidem
493 1217 610 1248 Domini,
628 1216 810 1248 Mendacium,
825 1216 872 1247 ait,
901 1217 1063 1243 aediﬁcatum

273 1267 315 1290 est
328 1267 422 1289 contra
438 1270 490 1289 me.
505 1261 570 1287 Nam
583 1261 667 1289 multa
685 1262 816 1289 adversus
830 1269 892 1288 eum
921 1262 1064 1289 etl‘utivere

274 1307 426 1334 mendacia.
446 1307 484 1333 Ex
503 1314 620 1340 persona
636 1314 702 1333 vero
728 1306 855 1334 humana:
871 1310 991 1338 natum,
1004 1306 1063 1334 Non

274 1354 339 1384 hoc.
356 1353 405 1384 ait,
423 1352 533 1380 inimico
557 1352 622 1380 satis
632 1352 693 1385 fuit,
709 1352 775 1379 mihi
802 1360 897 1387 pinnas
926 1353 1062 1387 inﬂigere;

275 1399 323 1427 sed
343 1399 379 1426 ita
389 1399 461 1426 circa
473 1406 516 1426 me
528 1399 624 1426 extulit
635 1398 756 1431 aditicia,
769 1403 799 1425 ut
809 1398 929 1434 effugere
939 1407 994 1426 non
1002 1407 1065 1434 pos-

276 1445 339 1472 sim.

313 1500 323 1516 ι
341 1490 369 1517 In
385 1490 574 1518 tenebricosis.
594 1500 603 1516 ι
633 1490 692 1518 Hoc
720 1490 795 1525 prior
821 1491 903 1523 David
921 1491 944 1508 “
960 1490 993 1518 de
1010 1481 1064 1518 bo-

275 1536 349 1563 mino
364 1540 475 1570 propter
488 1536 657 1570 sepulturam
687 1536 747 1570 ejus
774 1536 1016 1570 prmnuntiaverat.
1034 1536 1063 1564 Si
1079 1547 1100 1575 α

275 1590 340 1610 vero
354 1582 435 1609 etiam
451 1582 485 1609 de
497 1582 587 1609 anima
604 1582 779 1617 intelligatur,
797 1582 858 1608 ideo
879 1582 987 1613 dicitur,
1005 1583 1067 1617 quia

277 1628 397 1655 tenebris
417 1635 477 1654 eam
491 1627 642 1662 oppleverit
669 1627 830 1662 iutelligibili
847 1627 950 1654 lumine
977 1628 1068 1662 priva-

277 1678 344 1700 tam.

312 1717 343 1744 V.
361 1719 386 1744 7.
410 1727 418 1743 ι
434 1717 597 1744 Aidiﬁcavit.
615 1726 624 1743 ι
650 1717 689 1744 De
717 1717 832 1744 Domino
857 1717 976 1752 quidem,
999 1725 1068 1752 quo-

278 1762 351 1789 niam
368 1762 414 1796 qui
429 1769 491 1788 eum
507 1762 533 1788 in
548 1761 675 1796 sepulcro
691 1766 840 1796 posuerant
852 1761 964 1789 minime
979 1770 1069 1789 resur—

277 1812 417 1834 recturum
432 1806 624 1840 opinabantur.
639 1806 677 1833 De
691 1806 782 1832 anima
802 1813 878 1838 vero,
894 1811 1006 1842 propter
1020 1815 1069 1834 cu-

277 1853 391 1880 stodiam
402 1860 463 1887 quia
477 1852 503 1879 in
522 1853 594 1879 illam
608 1852 730 1880 adhibita
747 1857 800 1880 est.

315 1908 324 1924 ι
343 1897 505 1933 Aggravavit
525 1905 563 1925 aes
589 1905 691 1925 meum.
707 1907 717 1924 ι
737 1897 775 1925 De
801 1891 928 1931 Domino,
957 1903 1069 1933 propter

277 1944 354 1979 signa
386 1944 446 1978 ejus
472 1949 651 1971 monumento
676 1944 852 1978 adjecta;de
875 1945 964 1972 anima
978 1965 986 1976 ,
1005 1953 1069 1980 pro-

277 1996 337 2025 pter
349 1994 459 2018 catenas
474 1990 588 2025 peccati,
602 1990 701 2026 quibus
712 1998 771 2018 eam
794 1990 922 2018 inimicus
949 1991 1067 2018 obstrin-

276 2036 325 2064 xit.

313 2080 344 2108 V.
360 2081 387 2108 8.
405 2090 414 2106 ί
433 2080 521 2108 Etiam
536 2088 597 2108 cum
628 2080 809 2108 vociferabor.
831 2090 840 2107 ι
871 2080 1067 2116 Multiplicalis,

277 2125 325 2157 ait,
340 2130 512 2160 peccatorum
528 2125 625 2152 studiis
637 2126 764 2160 precibus
781 2125 850 2152 riam
868 2125 900 2152 ad
917 2125 1001 2152 Deum
1025 2125 1067 2152 in-

279 2169 413 2195 terclusit.
427 2168 490 2196 Haec
501 2175 592 2196 autem
609 2169 674 2197 dicit
689 2170 790 2203 anima,
800 2169 929 2204 quoniam
944 2174 972 2196 et
997 2169 1068 2197 idola

277 2213 414 2240 adoravit.

273 2268 277 2272 -
316 2257 346 2284 ν.
363 2257 389 2285 9.
406 2266 415 2283 ι
433 2256 696 2286 Οἰπαυῐηιεᾱὶίὶοδνίῑ.
716 2268 726 2285 ι
742 2259 782 2286 Es
797 2267 914 2294 persona
927 2260 1068 2293 Ecclesiae,

278 2302 399 2338 Populus
413 2303 580 2336 Judaaorum.
597 2305 643 2337 ait,
660 2312 755 2332 omnes
782 2305 900 2333 intendit
924 2307 1007 2339 vires,
1035 2315 1069 2334 ne

278 2350 401 2377 doctrina
414 2350 626 2385 praedicaretur;
645 2355 673 2377 et
686 2351 760 2378 hunc
774 2351 846 2377 leoni
871 2355 898 2378 ct
913 2359 976 2379 urso
1002 2353 1071 2380 assi-

279 2396 353 2423 milat
379 2401 488 2431 propter
519 2396 698 2429 iracundiam,
729 2401 757 2424 et
773 2397 871 2431 quoad,
894 2397 992 2433 inquit,
1020 2399 1072 2426 fuit

279 2443 305 2468 in
323 2442 378 2474 illo,
395 2443 485 2477 posuit
500 2450 544 2470 me
563 2443 722 2470 desolatam.
733 2443 774 2470 Ex
790 2451 904 2478 persona
930 2454 994 2473 vero
1010 2446 1071 2472 ani-

279 2495 330 2515 ma:
344 2497 352 2516 :
369 2487 501 2521 Occlusit,
519 2489 616 2524 inquit,
629 2489 687 2516 vias
701 2498 776 2518 meas
789 2491 926 2519 inimicus.

314 2576 346 2603 V.
368 2576 410 2603 10.
440 2575 643 2604 «Conturbavit
672 2586 760 2606 ursus.
779 2588 788 2606 ι
815 2580 902 2607 Ursus
929 2585 1070 2616 peceatum

226 2630 234 2637 ν
279 2627 334 2654 est;
351 2622 481 2648 insidians
507 2630 583 2655 vero,
602 2623 627 2650 id
640 2628 682 2650 est
696 2626 779 2657 varie,
795 2630 823 2652 et
837 2627 946 2654 smvitcr
973 2635 1070 2663 aggre-

279 2669 366 2696 tliens.

317 2724 325 2740 ι
345 2714 381 2743 Ut
398 2716 450 2743 leo.
469 2725 478 2741 ι
495 2715 579 2744 Ursus
591 2717 624 2744 ad
641 2717 767 2745 timorem
798 2719 888 2746 minor
915 2725 957 2747 est
981 2720 1069 2747 leone.

280 2759 374 2795 Itaque
387 2761 520 2795 diabolus,
536 2763 642 2791 turbata
654 2764 731 2800 prius
746 2771 795 2799 per
813 2770 954 2800 peccatum
970 2766 1070 2798 anima,

315 2861 338 2877 “
350 2862 420 2891 Psal.
434 2871 553 2897 Lxxxvu,
571 2865 596 2891 8.
637 2865 658 2880 ιδ
675 2865 739 2892 ibid.
765 2867 790 2892 7.

1108 257 1259 292 ἑπετύφην]
1272 277 1280 289 ,
1299 258 1347 283 καὶ
1371 257 1594 284 ἐπολυπλασίασα
1612 257 1673 288 τοὺς
1693 256 1809 291 ὲχθροὺς
1832 258 1896 292 ’τρό-

1109 311 1186 334 πους.

1437 348 1514 375 ΚΕΦ.
1535 349 1572 375 Γ.

1147 404 1156 419 ι
1183 394 1252 427 Ἐγὼ
1268 394 1337 429 ἀνὴρ
1351 395 1376 420 ὁ.
1396 404 1406 419 ι
1420 394 1482 420 Ἐπὶ
1502 394 1551 428 μὲν
1564 393 1612 420 τοῦ
1628 394 1775 430 προσώπου
1796 395 1899 430 Κυρίου

1109 441 1153 468 διὰ
1166 441 1198 467 τὰ
1215 442 1302 476 μέτρα
1321 441 1371 475 τῆς
1387 442 1539 472 κενώσεως.
1565 442 1626 470 Ἐπὶ
1644 441 1672 468 δὲ
1687 442 1735 468 τοῦ
1753 444 1900 478 προφήτου

1110 485 1291 520 εὐγνωμόνως
1308 486 1443 521 ὁμολογεῖ,
1469 487 1498 512 τὺ
1523 487 1631 521 πτωχὸν
1646 487 1692 513 καὶ
1716 487 1835 521 τρεπτδν
1849 487 1901 522 τῆς

1111 530 1219 565 φύσεως
1231 540 1238 548 ·
1260 531 1291 557 οὺ
1308 531 1362 567 γὰρ
1378 531 1457 565 φύσει
1474 531 1504 558 τὸ
1519 531 1620 564 κακὸν,
1637 531 1706 559 ἀλλὰ
1721 533 1822 567 τροπῇ.

1149 627 1160 644 ί
1183 619 1222 654 Τῇ
1239 618 1329 654 ῥάϐδῳ
1342 617 1440 652 θυμοῦ.
1457 626 1466 644 ι
1488 617 1535 644 Ἐκ
1551 617 1599 652 μὲν
1618 617 1665 644 τοῦ
1682 617 1829 652 προσώπου
1843 618 1902 644 Κυ-

1114 665 1170 700 ρίου
1185 664 1256 692 κατὰ
1274 665 1304 691 τὸ
1319 665 1465 699 εἰρημένον
1482 672 1490 680 ο
1513 665 1575 692 Ἐπ’
1592 663 1644 698 ἐμὲ
1657 663 1859 698 ἐπεστηριχθη
1885 665 1902 690 ὁ

1112 712 1204 746 θυμός
1229 718 1298 738 σου.
1327 711 1376 738 Ἐκ
1397 712 1425 737 δὲ
1442 711 1589 746 προσώπου
1610 709 1657 736 τοῦ
1677 711 1819 745 προφήτου
1834 717 1842 724 ·
1872 709 1902 734 '0

1112 757 1206 793 ἐχθρὸς
1216 778 1224 790 ,
1242 759 1310 792 φησι
1324 776 1332 789 ,
1347 756 1471 788 διάϐολος
1487 758 1520 792 τῇ
1534 756 1625 791 ῥάϐδῳ
1642 755 1689 782 τοῦ
1714 755 1801 791 θυμοῦ
1818 755 1901 782 αὑτοῦ

1114 803 1251 838 ἐχρήσατό
1267 811 1322 837 μοι,
1337 804 1369 838 τῇ
1386 803 1472 837 τροπῇ
1493 803 1526 837 τῇ
1542 802 1582 833 εἰς
1605 801 1760 836 ἁμαρτίαν·
1779 801 1841 827 ὅθεν
1856 801 1904 827 καὶ

1115 847 1280 883 παραλαϐών
1297 856 1342 882 με,
1358 847 1514 882 ἀπήτατέν
1537 856 1575 882 με
1588 849 1631 880 εις
1646 847 1771 880 σκότος,
1796 846 1846 873 καὶ
1867 847 1904 873 οὐ

1113 894 1187 928 φῶς.
1206 894 1301 920 Ταῦτα
1319 894 1348 920 δὲ
1363 893 1498 929 προφέρει
1512 893 1567 920 ἀπὸ
1583 893 1673 921 κοινοῦ
1687 893 1737 928 τῆς
1759 892 1904 928 ἀνθρωπό-

1113 947 1203 974 τητος.

1152 993 1161 1010 ι
1194 983 1268 1019 Πλὴν
1296 984 1325 1010 ὲν
1349 983 1421 1018 ὲμοί.
1442 992 1452 1008 ι
1477 983 1514 1011 Οὺ
1542 984 1634 1019 μόνον,
1653 984 1731 1019 φησὶ,
1754 983 1876 1020 ἠρκέσθη
1892 985 1906 1010 6

1113 1030 1209 1065 ἐχθρὸς
1220 1031 1374 1064 ἀπαγαγεῖν
1391 1038 1424 1065 με
1441 1031 1482 1060 εἰς
1497 1030 1602 1063 σκότος,
1622 1030 1690 1057 ἀλλὰ
1703 1030 1751 1057 καὶ
1770 1030 1906 1066 ἐτιμωρή-

1115 1076 1179 1102 σατό
1191 1075 1275 1110 με.Τδ
1284 1075 1322 1107 δὲ,
1333 1074 1410 1109 ὅλην
1419 1074 1477 1108 τὴν
1483 1075 1608 1109 ἡμέραν,
1618 1076 1680 1102 ἀντὶ
1691 1075 1748 1108 τοῦ,
1758 1075 1846 1101 πάντα
1858 1075 1905 1101 τὸν

1115 1120 1221 1154 καιρὸν,
1238 1119 1267 1145 ὃν
1285 1119 1399 1153 γέγονεν
1414 1119 1459 1145 ὑπ’
1477 1119 1562 1154 αὐτῷ.

1151 1175 1162 1190 ε
1190 1165 1360 1192 Ἐπαλαίωσε
1389 1165 1478 1200 σάρκα
1507 1173 1568 1200 μου.
1589 1174 1598 1191 ι
1621 1166 1671 1192 Ἐκ
1694 1165 1744 1200 μὲν
1758 1165 1906 1201 προσώπου

1114 1211 1160 1237 τοῦ
1175 1212 1289 1246 Κυρίου,
1302 1211 1333 1237 τὸ
1343 1211 1452 1246 ψεῦδος,
1466 1213 1559 1246 φησὶν,
1575 1211 1737 1247 ᾠκοδομήθη
1750 1212 1811 1238 κατ’
1825 1211 1905 1247 ἐμοῦ,

1115 1257 1202 1284 πολλὰ
1222 1257 1275 1293 γὰρ
1301 1257 1384 1284 αὑτοῦ
1405 1258 1627 1292 κατεψεύδοντο.,
1640 1257 1688 1284 Ἐκ
1708 1258 1737 1284 δὲ
1759 1258 1907 1294 προσώπου

1114 1304 1165 1339 τῆς
1179 1303 1351 1339 ἀνθρωπείας
1366 1304 1486 1338 φύσεως,
1496 1305 1532 1330 Οὐ
1550 1304 1642 1339 μόνον,
1652 1305 1745 1339 φησὶν,
1755 1305 1879 1340 ἠρκέσθη
1893 1305 1907 1331 ό

1115 1349 1213 1384 ἐχθρὸς
1242 1349 1452 1384 τιμωρήσασθαί
1484 1357 1529 1384 με,
1543 1349 1613 1376 ἀλλὰ
1626 1349 1673 1376 καὶ
1688 1348 1760 1376 οὕτω
1774 1357 1908 1385 περιῳκο-

1115 1395 1217 1430 δόμησε
1244 1396 1304 1422 κατ’
1335 1394 1414 1430 ἐμοῦ,
1440 1394 1478 1427 ώς
1507 1394 1545 1430 μὴ
1571 1395 1701 1422 δύνασθαί
1731 1403 1767 1430 με
1793 1396 1907 1430 διαφεύ-

1115 1450 1185 1476 γειν.

1154 1497 1162 1513 ι
1175 1488 1218 1513 Ἐν
1239 1487 1397 1518 σκοτεινοῖς.
1419 1496 1428 1512 ι
1454 1487 1540 1514 Τοῦτο
1556 1487 1689 1524 πρότερος
1703 1487 1718 1514 ὁ
1740 1487 1822 1514 Δασὶδ
1843 1489 1909 1524 περὶ

1117 1533 1164 1560 τοῦ
1185 1534 1290 1568 Κυρίου
1319 1533 1556 1569 προκατήγγειλεν
1575 1533 1621 1561 διὰ
1641 1533 1688 1561 τὸν
1715 1535 1809 1569 τάφον.
1827 1535 1858 1561 Εἰ
1878 1534 1909 1561 δὲ

1117 1580 1172 1607 om?)
1190 1579 1280 1606 κοινοῦ
1293 1581 1342 1615 τῆς
1358 1579 1458 1614 ψυχῆς.
1475 1579 1603 1613 λέγεται,
1623 1581 1664 1607 ὃτι
1686 1581 1797 1613 σκότους
1821 1581 1909 1616 αὐτὴν

1117 1628 1289 1662 ἐπλήρωσεν,
1302 1627 1495 1662 ἀποστερήσας
1505 1626 1552 1653 τοῦ
1565 1627 1662 1662 νοητοῦ
1679 1627 1777 1662 φωτός,

1157 1726 1166 1742 ‹
1190 1715 1405 1751 Ἀνῳκοδόμησε.
1422 1725 1431 1741 ι
1446 1715 1509 1741 Ἐπὶ
1521 1715 1573 1750 μὲν
1584 1715 1632 1741 τοῦ
1644 1715 1747 1750 Κυρίου
1757 1735 1765 1748 ,
1775 1715 1817 1742 ὃτι
1825 1715 1909 1751 ᾤοντο

1120 1762 1219 1798 μηκέτι
1230 1761 1311 1789 αὑτὸν
1321 1761 1523 1796 ἀναστήσεσθαι
1536 1762 1561 1788 οἱ
1575 1761 1758 1796 ὲμῦἁλλοντες
1772 1761 1855 1789 αὐτὸν
1871 1761 1910 1797 τῷ

1118 1810 1207 1844 τάερῳ.
1232 1809 1294 1834 Ἐπὶ
1309 1808 1337 1834 δὲ
1354 1807 1405 1842 τῆς
1419 1807 1519 1843 ψυχῆς.
1537 1807 1583 1834 διὰ
1595 1807 1646 1844 τὴν
1659 1808 1720 1836 κατ’
1734 1809 1819 1844 αὐτῆς
1831 1817 1911 1844 γενο-

1121 1855 1205 1891 μένην
1219 1854 1353 1890 φρουράν.

1158 1910 1167 1926 ι
1192 1901 1326 1935 Ἐδὰρυνε
1345 1899 1446 1935 χαλκόν
1472 1908 1534 1935 μου.
1553 1910 1562 1926 ι
1586 1901 1647 1927 Ἐπὶ
1665 1900 1716 1936 μὲν
1731 1900 1778 1928 τοῦ
1795 1900 1910 1940 Κυρίου,

1119 1947 1164 1975 διὰ
1187 1947 1237 1979 τὰς
1253 1947 1405 1982 σφραγῖδας
1419 1946 1468 1978 τὰς
1483 1946 1627 1982 βληθείσας
1646 1948 1675 1974 ὲν
1688 1946 1727 1982 τῷ
1744 1946 1828 1973 αὐτοῦ
1845 1946 1913 1981 μνή-

1121 2001 1187 2027 ματι
1197 2000 1204 2008 ·
1221 1992 1268 2018 ἐπὶ
1280 1992 1309 2019 δὲ
1322 1992 1372 2026 τῆς
1384 1992 1473 2027 ψυχῆς
1484 2013 1492 2025 ,
1504 1992 1548 2019 διὰ
1559 1993 1622 2024 τοὺς
1636 1992 1744 2024 κλοιοϋς
1757 1993 1807 2028 τῆς
1820 1992 1912 2028 ἁμαρ-

1119 2038 1191 2070 τίας,
1206 2037 1253 2070 οὓς
1269 2038 1434 2073 περιέθηκεν
1448 2038 1517 2074 αὐτῇ
1528 2039 1542 2065 ὁ
1556 2038 1664 2074 ἐχθρός.

1159 2094 1168 2110 ι
1183 2084 1238 2111 Καί
1252 2092 1285 2118 γε
1294 2085 1335 2111 ὅτι
1348 2084 1546 2120 κεκράξομαι.»
1561 2085 1713 2119 Πληθύνας,
1726 2085 1803 2120 φησὶ,
1812 2084 1847 2111 τὰ
1855 2085 1911 2111 ἑπι-

1119 2129 1278 2164 τηδεύματα
1291 2129 1344 2156 τῶν
1357 2130 1516 2166 ἁμαρτιῶν,
1529 2131 1578 2166 τὴν
1593 2131 1659 2166 πρὸς
1674 2132 1720 2158 τὸν
1734 2131 1801 2158 Θεὸν
1818 2132 1911 2165 δέησιν

1120 2175 1290 2210 ἀπέφραξεν.
1307 2176 1388 2208 Λέγει
1407 2175 1435 2202 δὲ
1450 2176 1536 2203 ταῦτα
1550 2176 1661 2212 ἡψυχὴ,
1677 2177 1723 2204 διὰ
1735 2177 1765 2203 τὸ
1776 2178 1824 2204 καὶ
1835 2177 1913 2204 εἰδώ-

1084 2213 1107 2241 D
1121 2222 1177 2253 λοις
1189 2221 1388 2256 προσκυνῆσαι.

1162 2277 1171 2293 ι
1203 2267 1436 2302 ’Δνῳκοδόμησεν.
1464 2277 1474 2293 ι
1498 2268 1546 2295 Ἐκ
1568 2268 1619 2302 μὲν
1645 2268 1697 2303 τῆς
1730 2268 1914 2304 Ἐκκλησίας,

1130 2313 1278 2346 Ἰουδαίων,
1288 2313 1382 2348 φησὶν,
1397 2313 1461 2345 λαὸς
1489 2315 1615 2345 παντοῖος
1632 2314 1744 2348 γέγονεν
1769 2315 1915 2349 ἐμποδίσαι

1124 2360 1157 2394 τῇ
1185 2359 1346 2395 διδασκαλίᾳ
1372 2359 1420 2386 τοῦ
1458 2360 1658 2395 κηρύγματος·
1685 2359 1781 2387 τοῦτον
1805 2361 1834 2388 δὲ
1868 2361 1916 2388 καὶ

1125 2405 1213 2432 λέοντι
1227 2406 1273 2432 καὶ
1286 2405 1380 2440 ἄρκτῳ
1392 2405 1494 2438 εἰκάζει
1521 2406 1567 2433 διὰ
1579 2407 1609 2433 τὺ
1619 2407 1772 2442 θυμιτικόν·
1785 2407 1832 2434 καὶ
1842 2408 1915 2442 τόγε,

1126 2452 1218 2486 φησὶν,
1238 2450 1281 2485 ἐφ’
1307 2452 1413 2486 ἑαυτῷ,
1437 2452 1513 2479 ἔθετό
1535 2461 1568 2488 με
1591 2453 1792 2489 ὴφανισμένην.
1816 2453 1865 2480 Ἐκ
1888 2454 1917 2480 δὲ

1122 2496 1271 2531 προσώπου
1284 2496 1335 2531 τῆς
1347 2497 1448 2532 ψυχῆς,
1463 2498 1635 2532 Συνὲκλεισε,
1649 2499 1727 2534 φησὶ,
1741 2498 1791 2530 τὰς
1804 2499 1918 2535 πορείας

1124 2551 1176 2577 μου
1192 2543 1206 2568 ό
1224 2542 1331 2579 ἐχθρός.

1161 2594 1169 2610 ι
1182 2585 1328 2621 Ἐτάραξεν
1335 2586 1447 2622 ἄρκτος.
1455 2588 1501 2613 »Ἃ
1507 2596 1588 2623 ρκτος
1598 2589 1613 2624 ή
1624 2589 1756 2624 ἁμαρτία.
1766 2588 1919 2623 Ἐνεδρεύ-

1123 2640 1203 2659 ουσα
1217 2632 1256 2665 δὲ,
1272 2633 1403 2665 ποικίλως
1424 2634 1599 2670 ἐπιτιθεμένη
1616 2636 1662 2662 καὶ
1678 2635 1830 2671 θηριωδῶς.

1166 2730 1176 2747 ε
1195 2722 1281 2754 Αὐτός
1295 2731 1341 2757 μοι
1357 2723 1394 2755 ὡς
1407 2723 1486 2750 λέων.
1507 2733 1516 2749 ι
1538 2723 1566 2751 '0
1577 2725 1679 2760 ἄρκτος
1690 2724 1758 2760 πρὸς
1771 2724 1855 2759 φόϐον
1869 2722 1919 2760 ἦτ-

1126 2768 1173 2794 τόν
1187 2767 1244 2795 ἐστι
1267 2766 1316 2795 τοῦ
1345 2768 1463 2801 λέοντος.
1482 2770 1682 2806 Προταράττων
1702 2768 1749 2797 οὖν
1762 2770 1812 2805 τὴν
1827 2769 1918 2804 ψυχὴν
