2052 3150
214 166 223 172 ’
254 179 305 215 7'51

803 180 1067 212 OLYMPIODORI
1084 181 1350 214 ALEXANDRINI

1839 181 1894 214 75?

293 238 323 266 ν.
339 237 383 266 65.
402 245 412 262 1
431 235 538 263 lleddes
553 234 592 262 eis
610 235 807 269 protectionem
826 235 917 262 cordis
929 236 1050 263 laborem

1114 233 1117 234 ⁷
1141 237 1327 268 ι’Δποδώσεις
1349 237 1443 268 αὐτοῖς
1468 236 1678 273 ὑπερασπισμὺν
1702 237 1817 272 καρδίας
1842 246 1895 272 μου

257 285 321 312 illis.
346 294 355 310 1
385 282 484 313 Meum,
503 281 601 315 inquit,
623 288 671 308 cor
705 284 862 316 protegens.
885 281 1050 308 adversariis

256 330 353 357 reddes
373 329 503 355 laborem.
534 326 576 354 Tu
598 327 655 361 ipse
685 327 859 362 persequeris
870 327 897 354 in
910 328 969 359 ira;
987 327 1049 354 nul-

255 377 308 403 lius
330 367 430 410 quippe
455 370 570 401 alterius
593 379 635 401 est
660 373 783 412 nefarios
803 373 941 401 dmmonas
956 367 1057 409 depel-'

257 421 322 452 lere.
338 420 366 447 in
376 420 524 455 fugamque
541 424 657 453 vertere,
675 419 729 447 nisi
743 419 850 447 Domini
878 420 965 447 nostri
983 420 1049 448 Jesu

255 467 370 494 Christi.

582 511 658 539 CAP.
678 512 724 540 IV.

292 558 324 585 V.
341 558 367 585 1.
386 567 395 584 1
412 558 526 588 Aurum,
551 567 560 583 ›
581 556 708 585 Doctrina
723 559 889 593 evangelica.

294 612 304 629 1
320 602 478 630 Mutabitur.
498 612 508 628 ι
528 602 585 630 Lex
600 602 728 635 Mosaica,
743 610 805 637 qua:
817 603 887 630 bona
900 603 962 635 fuit,
979 611 1049 638 quo-

257 648 331 675 niam
346 656 360 675 a
378 648 433 675 Deo
451 648 504 675 illis
520 648 577 675 sola
591 647 736 683 inspirata,
755 657 816 676 cum
833 649 905 684 apud
923 649 1050 676 homines

257 695 350 722 multat
364 698 458 722 essent
471 695 564 730 leges..

295 748 305 765 1
324 739 409 766 ΕΠυεί
421 739 606 773 suntlapides.
622 748 631 765 ι
645 737 732 766 Fluidi
745 738 806 766 facti
824 743 888 766 sunt
901 738 1050 774 unusquis-

258 790 312 819 que
332 783 361 810 in
378 783 429 811 sibi
445 784 584 818 proposita
603 783 706 811 ratione
726 783 846 810 vivendi.
867 783 964 811 Sermo
986 792 1051 819 por-

258 837 289 857 ro
304 830 351 858 hic
364 829 502 857 invehitur
517 834 545 857 et
560 828 691 856 adversus
708 830 847 857 daamoues
861 830 908 864 qui
924 830 982 858 haec
995 831 1052 858 eili-

256 876 346 904 ciunt.

292 921 326 949 V.
344 923 371 950 2.
390 930 399 947 1
415 921 517 949 Elevati
532 921 560 948 in
575 929 653 948 auro.
677 931 686 947 ι
705 921 743 948 Ex
765 921 943 949 similitudine
954 930 1050 949 eorum

258 975 319 1003 quae
338 967 582 1003 apprehenduntur
610 967 636 993 in
653 971 765 999 statera,
783 968 899 1002 sumpsit
914 968 985 1002 quod
1002 968 1050 996 ait.

254 1013 310 1047 Qui
324 1013 560 1049 appendebantur,
578 1013 625 1044 ait,
641 1006 682 1040 ex
698 1013 814 1041 adverso
835 1014 899 1047 (hoc
917 1014 990 1041 enim
1001 1014 1051 1042 sibi

255 1059 325 1091 vult,
354 1059 460 1086 elevati‘
478 1059 506 1085 in
531 1057 626 1092 auro),
657 1058 710 1086 hoc
737 1063 789 1091 est,
824 1059 951 1086 valebant
979 1060 1052 1094 quod

258 1111 302 1131 res
330 1104 458 1138 quaelibet
483 1104 624 1139 pretiosa:
642 1104 780 1138 quomodo
811 1103 874 1132 facti
906 1109 971 1132 sunt
989 1113 1052 1132 vasa

257 1149 361 1186 fragilia
404 1155 434 1177 ut
467 1155 642 1185 peccatorum
674 1150 792 1177 illisione
829 1150 1053 1186 confringantur?

258 1196 301 1223 vel
314 1202 348 1223 eo
363 1195 435 1231 quod
460 1203 514 1222 non
534 1200 713 1230 permaneant
728 1195 755 1222 in
773 1195 844 1223 bono
862 1196 966 1223 scilicet
987 1204 1052 1230 pro-

256 1241 360 1276 posito.

292 1284 325 1311 ν.
343 1284 370 1311 5.
387 1292 397 1310 1
414 1284 555 1311 Mammas.
572 1292 581 1309 ›
602 1283 744 1311 Venenosa
757 1284 883 1324 dogmata
898 1286 940 1314 vel
956 1294 1054 1322 pravas

258 1329 510 1364 interpretationes.
728 1328 733 1333 '

296 1384 310 1403 ι
325 1373 438 1401 Catulos
455 1381 530 1402 suos.
550 1383 560 1401 ›
577 1374 630 1402 Eos
644 1375 689 1410 qui
707 1375 785 1403 Iidem
799 1375 852 1404 illis
869 1375 981 1405 habent.

1102 283 1210 319 μόχθον.
1228 293 1238 310 ι
1257 284 1351 319 Ἑμοῢ,
1370 284 1464 319 φησὶν,
1479 284 1530 318 τῆς
1553 283 1667 318 καρδίας
1684 281 1894 319 ὑπερασπίζων,

1099 331 1155 361 τοῖς
1171 329 1281 365 ἐχθροῖς
1302 329 1456 361 ἀποδώσεις
1474 329 1583 364 μόχθον.
1602 329 1638 355 Σὺ
1655 328 1738 360 αὐτὸς
1761 324 1895 355 καταξιώ-

1101 373 1157 407 ξεις
1172 375 1201 400 ὲν
1215 374 1296 410 ὀργῇ*
1312 374 1419 406 οὐδενὸς
1434 374 1489 409 γὰρ
1501 372 1581 401 ἄλλου
1595 373 1658 405 τοὺς
1671 372 1829 409 ἀλιτηρίους
1839 373 1911 401 δαί-.

1102 428 1186 454 μονας
1209 419 1376 453 χαταδιῶξαι
1398 421 1444 447 καὶ
1468 418 1675 458 τροπώσασθαι,
1689 419 1707 455 ἢ
1727 419 1775 446 τοῦ
1791 420 1896 454 Κυρίου

1100 464 1178 499 ἡμῶν
1196 464 1286 500 Ἰησοῦ
1304 464 1435 500 Χριστοῦ.

1280 509 1283 511 ’
1405 512 1532 539 ΚΕΦΔΛ.
1551 510 1588 537 A'.

1139 565 1148 582 1
1162 556 1292 592 Χρυσίον.
1308 566 1318 582 ι
1338 557 1370 584 Ἦ
1383 557 1550 592 εὖαγγελικὴ
1565 555 1739 583 διδασκαλία.
1754 564 1757 565 ⁷
1787 590 1789 593 ν

1139 611 1149 627 1
1160 602 1399 638 Ἀλλοιωθήσεται.
1416 613 1425 628 r
1438 603 1472 628 "0
1494 603 1578 638 νόμος
1592 603 1606 629 ὁ
1620 601 1779 634 Μωσαῖκέμς,
1795 602 1898 636 ἀγαθὸς

1100 647 1140 679 δὲ,
1155 648 1195 675 ὅτι
1212 648 1393 681 θεόπνευστος
1407 649 1487 684 μόνος
1501 649 1594 681 αὐτοῖς
1604 669 1613 682 ,
1626 649 1717 675 καίτοι
1732 648 1840 675 πολλῶν
1851 648 1898 675 δν-

1100 699 1155 720 των
1173 693 1240 729 παρ’
1252 694 1406 730 ἀνθρώποις
1421 694 1524 730 νόμων.
1864 701 1872 705 ’

1139 748 1148 765 1
1161 739 1344 775 Ἐξεκύθησαν
1363 740 1444 767 λίθοι.
1460 749 1469 765 ι
1495 739 1608 767 Χυδαῖοι
1633 739 1759 774 ἐγένοντο
1779 738 1898 772 ἕκαστος

1101 785 1148 811 ὲπὶ
1164 787 1197 821 τῇ
1217 785 1346 821 προθέσει
1364 786 1414 822 τῆς
1430 785 1570 817 πολιτείας
1593 785 1626 820 τῇ
1642 785 1823 820 προκειμένῃ.
1841 785 1900 811 Κα-

1101 831 1202 867 ταϐοὴν
1219 832 1248 858 δὲ
1265 831 1323 867 ἔχει
1341 833 1355 858 ὁ
1377 831 1468 866 λόγος,
1486 831 1533 858 καὶ
1551 832 1621 858 κατὰ
1636 831 1691 857 τῶν
1707 831 1794 860 ταῦτα
1819 830 1898 866 ἐνερ-

1102 875 1224 909 γούντων
1235 877 1383 912 δαιμόνων.
1745 874 1752 882 ’

1141 931 1150 947 1
1166 923 1197 948 Οἱ
1212 923 1366 958 ἐπηρμένοι
1381 923 1410 949 ὲν
1425 923 1542 958 χρυσίῳ.
1561 933 1570 950 ι
1587 923 1634 956 Ἐξ
1649 924 1753 956 εἰκόνος
1767 924 1822 951 τῶν
1835 932 1900 951 στα-

1102 965 1275 1001 θμιζομένων
1291 968 1320 994 ὲν
1336 967 1412 1003 ζυγῷ
1425 968 1472 994 τὸν
1490 967 1568 1002 λόγον
1582 967 1704 1003 εἴληφεν.
1722 969 1752 995 Οί
1772 969 1899 995 ἀντιστα-

1103 1011 1278 1046 θμιςόμενοι,
1304 1013 1396 1048 φησίν.
1412 1011 1498 1040 Τοῦτο
1519 1014 1575 1049 γὰρ
1592 1014 1669 1049 δηλοί
1682 1014 1722 1047 τὸ,
1737 1014 1899 1049 ἐπηρμένοι

1102 1057 1143 1090 τῷ
1167 1057 1283 1091 χρυσῷ,
1308 1058 1434 1085 τουτέστι
1461 1059 1543 1086 παντὶ
1567 1060 1674 1096 τιμίῳ·
1699 1060 1758 1091 πῶς
1776 1061 1902 1094 ἐγένοντο

1104 1102 1189 1138 σκεύη
1204 1103 1358 1138 εὔθρυπτα.
1375 1104 1428 1131 ὑπὸ
1447 1105 1497 1140 τῆς
1523 1106 1680 1143 προσϐολῆς
1694 1107 1744 1142 τῆς
1759 1107 1900 1142 ἁμαρτίας

1105 1147 1324 1184 συντριϐόμενα;
1347 1150 1364 1185 ἤ
1388 1151 1444 1177 ἀπὸ
1458 1151 1506 1181 τοῦ
1524 1152 1562 1188 μὴ
1577 1153 1720 1188 ἐμμένειν,
1733 1156 1790 1185 τοῖς
1809 1153 1901 1188 κρείτ-

1105 1201 1165 1220 τοσι
1178 1194 1312 1229 δηλονότι.
1708 1201 1711 1203 λ

1144 1248 1153 1264 1
1169 1240 1309 1273 Μαστούς.
1327 1250 1337 1267 ι
1353 1242 1394 1268 Τὰ
1418 1242 1508 1269 ίοὸόλα
1530 1243 1667 1279 δόγματα,
1693 1245 1709 1281 ἢ
1738 1246 1901 1282 παρεξηγή-

1107 1293 1190 1319 ματα.
1411 1293 1415 1296 ‘

1143 1339 1153 1357 1
1168 1331 1288 1368 Σκύμνοι
1305 1333 1406 1360 αὐτῶν.
1424 1343 1434 1359 ι
1454 1335 1525 1367 Τοὺς
1541 1337 1635 1369 αὐτοῖς
1658 1337 1846 1372 πειθομένους.

1143 1386 1153 1403 1
1167 1377 1328 1415 Θυγατέρας
1343 1379 1410 1406 λαοῦ
1429 1389 1492 1415 μου.
1508 1391 1518 1407 ι
1536 1382 1570 1408 Αἰ
1582 1383 1616 1409 τὰ
1632 1383 1786 1419 φθοροποιὰ
1809 1385 1902 1412 αὐτῶν

293 1429 303 1446 1
326 1419 401 1447 Filiae
417 1420 510 1455 populi
535 1421 601 1448 mei.
622 1429 631 1446 ι
658 1421 764 1448 Animae
786 1429 847 1455 quae
874 1428 1052 1458 susceperunt

1108 1423 1260 1458 μαθήματα
1285 1426 1512 1462 παραδεξάμεναι
1537 1429 1712 1465 ψυχαί.Ύπδ
1734 1431 1902 1467 “meum;

252 1464 424 1499 perniciosas
447 1472 542 1492 eorum
565 1465 723 1500 disciplinas
737 1467 815 1501 quasi
831 1467 950 1495 struthio
963 1468 990 1495 in
1004 1468 1054 1496 de-

255 1515 340 1538 serto.
359 1509 401 1537 0b
412 1509 548 1538 defectum
560 1511 664 1538 auxilii.

1106 1470 1174 1505 ἀγρε
1180 1470 1298 1497 υθεϊσαι.

291 1555 326 1586 Ὗ.
354 1555 381 1584 5.
406 1564 420 1582 ι(
440 1556 492 1589 Qui
509 1557 691 1584 vescebantur
714 1556 830 1585 deliciis.
853 1568 862 1583 ›
897 1558 1052 1594 Voluptates

1133 1548 1154 1583 '1
1169 1558 1199 1584 Ui
1213 1558 1348 1590 ἐσθίοντες
1360 1559 1409 1591 τὰς
1426 1553 1542 1596 τρυφάς.
1560 1570 1569 1587 ›
1584 1561 1640 1594 Τὰς
1652 1563 1683 1588 ἐκ
1698 1562 1745 1589 τοῦ
1760 1563 1840 1598 λόγου
1855 1565 1903 1592 καὶ

256 1608 317 1636 quae
330 1601 467 1628 habentur
483 1610 516 1629 ex
530 1602 624 1634 verbo,
641 1603 820 1637 doctrinaque
836 1604 980 1639 spirituali.

295 1656 305 1673 1
336 1646 512 1675 lnterierunt.
530 1657 540 1673 ι
556 1647 651 1675 Mutati
678 1652 742 1676 sunt
759 1649 786 1676 in
809 1651 978 1685 propositis:
1013 1653 1053 1679 vel

256 1692 338 1719 etiam
363 1692 424 1719 sic:
453 1692 520 1720 Cum
537 1693 632 1728 spiritu
653 1695 808 1728 'cwpissem,
827 1704 907 1723 carne
932 1706 1053 1725 consum-

254 1738 404 1764 mantur".
423 1738 491 1766 Nam
518 1744 647 1767 vtrtutem
671 1740 800 1776 aggredi,
824 1743 972 1771 multorum
1000 1750 1052 1778 est,

252 1782 389 1817 perﬁcere
400 1790 465 1810 vero
483 1790 645 1818 paucorum.
841 1783 845 1786 ’

291 1837 304 1853 ·‹
325 1827 377 1862 Qui
396 1829 593 1857 nutriebantur
618 1830 646 1858 in
673 1837 767 1859 cocco.
799 1841 810 1858 ι
832 1831 882 1860 Vel
909 1833 935 1861 in
949 1833 1053 1863 floridis

255 1873 422 1906 virtutibus;
436 1875 478 1901 vel
491 1876 639 1910 coccineis,
656 1877 707 1904 hoc
719 1881 771 1911 est,
780 1878 974 1914 redemptionis
988 1888 1053 1908 san-
1083 1878 1088 1883 ’

256 1919 345 1954 guinis
356 1920 456 1947 Christi
475 1921 578 1956 figuris.

294 1974 302 1989 1
322 1965 474 1999 Amplexati
490 1970 566 1992 sunt.
586 1975 596 1992 ι
613 1966 696 2002 Regia
712 1972 786 1994 reste
799 1968 915 2002 abjecta,
932 1977 993 2004 qua:
1005 1978 1053 2004 per

252 2015 368 2036 coccum
392 2009 572 2045 signiﬁcatur,
597 2012 714 2046 propriis
736 2013 927 2048 iniquitatibus
938 2015 1051 2042 arefacti

251 2059 327 2088 sunt,
344 2056 478 2083 maculata
493 2057 584 2085 carnis
599 2058 689 2085 tunica
701 2059 798 2087 induti.

290 2140 322 2169 γ.
337 2141 363 2168 6.
383 2151 393 2168 1
411 2142 445 2170 Et
459 2145 630 2180 magniﬁcam
643 2152 695 2174 est.
713 2156 722 2172 ι
741 2147 888 2183 Comparat
900 2148 1050 2178 Jerusalem

253 2194 316 2214 cum
355 2189 495 2221 Sodomis.
528 2197 561 2218 et
583 2193 668 2228 magis
705 2202 763 2221 eam
800 2203 928 2230 peccasse
956 2201 1049 2225 osten-

1105 1603 1154 1639 τῆς
1167 1603 1340 1636 διδασκαλίας
1355 1605 1405 1640 τῆς
1418 1608 1620 1642 πνευματικῆς.

1144 1658 1153 1673 1
1165 1648 1382 1684 Ἡφανισθησαν.
1397 1659 1406 1675 ι
1423 1645 1627 1687 Ἦλλοιώθησαν
1646 1654 1675 1679 ἐν
1693 1655 1753 1686 ταῖς
1767 1655 1902 1690 προθέσε-

1106 1702 1158 1721 σιν.
1177 1695 1210 1720 Ἢ
1236 1695 1285 1721 καὶ
1309 1695 1414 1735 οὖτωςξ
1438 1697 1650 1732 Ἐναρξάμενοι
1679 1701 1902 1735 πνευματικῶς,

1104 1741 1193 1774 (mpii
1209 1741 1427 1769 ἐπιτελοῦνται.
1446 1743 1483 1769 Τὸ
1502 1743 1552 1779 μὲν
1568 1745 1622 1780 γὰρ
1638 1737 1739 1782 ἀρετῆς
1752 1747 1901 1783 ἄρξασθαι,

1104 1786 1227 1813 πολλῶν·
1241 1787 1272 1813 τὺ
1289 1787 1318 1814 δὲ
1333 1789 1500 1822 ἐπιτελέσαι,
1514 1790 1625 1825 ὀλίγων.

1144 1842 1153 1858 1
1168 1833 1199 1860 οἳ
1215 1833 1405 1870 τιθηνούμενοι
1420 1836 1468 1862 ἐπὶ
1485 1837 1663 1865 κόκκων.›Ἣ
1681 1839 1728 1866 ἐπὶ
1745 1840 1800 1867 τῶν
1814 1841 1900 1876 ἀνθη-

1103 1878 1159 1914 ρῶν
1173 1879 1292 1914 ἀρετῶν,
1311 1880 1328 1915 ἧ
1351 1880 1397 1906 ἐπὶ
1412 1882 1558 1916 χοκκὶνων,
1571 1885 1712 1912 τουτέστιν
1726 1886 1772 1912 ἐπὶ
1785 1886 1840 1913 τῶν
1851 1889 1902 1923 τῆς

1103 1923 1321 1960 ἀπολυτρώσεως
1334 1926 1381 1953 τοῦ
1397 1926 1513 1962 αἵματος
1527 1929 1573 1955 τοῦ
1589 1930 1710 1965 Χριστοῦ
1725 1931 1846 1967 τρόπων.

1141 1979 1151 1996 1
1166 1971 1390 2006 Περιεΰάλλοντο.
1406 1982 1415 1998 ι
1433 1973 1626 2010 ’Δπωσάμενοι
1649 1976 1680 2002 τὺ
1697 1977 1840 2012 βασιλικὸν
1854 1978 1900 2005 Ξυ-

1102 2015 1185 2050 δυμα,
1200 2016 1214 2042 ὃ
1238 2017 1403 2051 σημαίνεται
1429 2018 1473 2045 διὰ
1498 2019 1546 2045 τοῦ
1571 2021 1683 2052 κόκκου,
1708 2023 1768 2053 ταῖς
1793 2023 1899 2049 ἑαυτῶν

1102 2061 1251 2097 ἁμαρτίαις
1264 2063 1488 2098 συνεφρύγησαν,
1507 2065 1552 2091 τὸν
1568 2066 1756 2101 ἐσπιλωμένον
1771 2070 1821 2103 τῆς
1833 2077 1900 2104 σαρ-

1102 2107 1149 2139 κὸς
1165 2107 1267 2142 χιτῶνα
1283 2109 1472 2144 ἐνδυσάμενοι.

1139 2163 1148 2178 1
1165 2155 1219 2180 Καὶ
1241 2155 1426 2191 ἐμεγαλὺνϐη.
1443 2166 1451 2182 ι
1479 2156 1625 2192 Συγχρίνει
1649 2159 1700 2194 τὴν
1718 2159 1902 2197 Ἰερουσαλὴμ

1101 2199 1157 2230 τοῖς
1175 2199 1312 2240 Σοδόμοις,
1331 2201 1378 2227 καὶ
1390 2201 1527 2228 δείκνυσιν
1539 2203 1624 2239 αὐτὴν
1642 2205 1756 2239 μείζονα
1769 2207 1899 2243 ήμαῇτη-

254 2233 295 2260 dit
309 2239 420 2269 propter
433 2243 529 2264 necem
552 2237 658 2266 Domini
672 2247 680 2273 ;
701 2245 728 2267 et
743 2242 881 2269 excidium
902 2243 962 2278 ejus
976 2251 1047 2278 prae-

256 2279 317 2290 .11-:-

1101 2246 1181 2271 κυῖαν
1196 2233 1305 2281 διὰλτὴν
1319 2246 1365 2272 τοῦ
1383 2247 1486 2282 Κυρίου
1507 2233 1625 2284 σφαγήν,
1640 2233 1838 2287 ίίαὶ-προλέγεί
1850 2233 1901 2290 τήν
1947 2278 1950 2280 .

253 2279 328 2307 dicit.

290 2334 300 2350 1
319 2325 401 2359 Quasi
426 2328 541 2356 cursim.
565 2339 575 2356 ι
594 2329 662 2358 Nam
677 2332 751 2367 regio
772 2332 955 2362 Sodomorum
969 2335 1047 2362 subi-

251 2376 306 2398 tam
320 2379 352 2398 ac
373 2373 545 2408 repentinam
565 2383 646 2411 passa
663 2382 706 2405 est
720 2378 905 2406 eversionem.

289 2425 299 2442 1
319 2415 352 2444 Et
378 2425 433 2446 non
467 2419 670 2449 laboraverunt.
693 2431 703 2448 ι
736 2422 792 2451 Hoc
820 2429 878 2457 est.
907 2432 961 2453 non
983 2432 1048 2455 sunt

249 2461 386 2499 defatigati
419 2465 447 2492 in
479 2467 551 2494 male
574 2469 710 2503 agendo:
742 2469 797 2497 Deo
821 2471 959 2505 patienter
994 2473 1048 2501 hoc

250 2508 370 2543 ferente,
391 2511 439 2546 qui
460 2511 589 2541 similiter
601 2520 763 2550 peccantem
783 2524 837 2544 non
855 2518 937 2546 simili
950 2519 1048 2547 multat

249 2561 341 2590 poena.

285 2601 316 2628 V.
335 2603 361 2630 7.
391 2614 399 2629 1
419 2603 510 2634 Mundi
529 2607 605 2636 fuere
621 2609 752 2638 Nazanei.
771 2620 781 2636 ι
804 2610 924 2639 Νοῑιιτωί
940 2612 968 2639 iu
987 2613 1046 2649 lege

247 2653 328 2695 sunt,
336 2650 382 2695 qui
397 2658 412 2677 e
431 2651 510 2680 vidua
529 2654 584 2682 Deo
597 2656 731 2692 Segregati
743 2662 825 2690 sunt;
842 2657 967 2695 intelligit
980 2667 1045 2695 ergo

247 2693 368 2727 nequitia
387 2694 532 2725 immunes.

284 2746 295 2764 1
315 2740 404 2774 Super
419 2741 468 2769 lac.
487 2753 495 2768 ν
514 2743 599 2776 Quasi
610 2746 724 2782 diceret,
740 2756 795 2777 non
811 2749 890 2778 effusi
907 2756 980 2786 sunt,
995 2752 1042 2780 sed

247 2786 381 2821 coagulati
397 2793 461 2816 sunt
477 2789 503 2816 iu
523 2791 636 2820 virtute.

293 2889 314 2904 "
331 2889 416 2919 Galat,
431 2898 472 2924 lli,
489 2892 516 2921 5.

1097 2291 1183 2325 αὐτῆς
1196 2292 1376 2319 κατάπτωσιν
1389 2293 1445 2330 [ῖσ.
1462 2296 1682 2336 καταστροφήν].

1136 2337 1257 2373 «Ὥσπερ
1277 2339 1390 2375 σπουδῇ.
1406 2349 1417 2365 ι
1435 2341 1491 2368 Καὶ
1508 2341 1563 2378 γὰρ
1578 2343 1595 2378 ἡ
1608 2343 1735 2380 Σοδόμων
1748 2345 1784 2381 γῆ
1800 2346 1900 2373 ἀπότο-

1099 2391 1149 2417 μον
1166 2384 1213 2411 καὶ
1228 2384 1320 2417 ὀξεῖαν
1333 2385 1396 2422 ἔσχε
1410 2387 1460 2422 τὴν
1473 2389 1681 2425 καταστροφήν.

1137 2440 1146 2456 1
1163 2430 1218 2456 Kal.
1245 2431 1295 2457 οὐκ
1321 2431 1466 2460 ἑπόνεσαν.
1483 2443 1493 2459 ν
1514 2433 1589 2461 ’Λντὶ
1602 2435 1661 2468 τοῦ,
1678 2436 1729 2462 οὐκ
1753 2437 1900 2473 ἀπέκαμον

1098 2475 1311 2508 κακοποιοῦντες
1321 2486 1329 2493 ·
1346 2478 1393 2504 καὶ
1406 2479 1494 2505 ταῦτα
1510 2479 1557 2506 τοῦ
1574 2480 1642 2507 Θεοῦ
1658 2481 1898 2516 ἀνεξικακοῦντος,

1097 2521 1138 2557 [ὃς
1151 2522 1196 2549 τὸν
1211 2523 1271 2559 όμ.]
1284 2523 1329 2550 τὸν
1345 2525 1447 2560 ὁμοίως
1461 2526 1576 2558 ἐκείνοις
1591 2527 1782 2562 ἁμαρτάνοντα
1796 2529 1899 2564 ὁμοίως

1097 2567 1216 2603 [videtur
1229 2569 1350 2605 legend,
1363 2569 1412 2606 οὺχ
1424 2571 1539 2608 ὁμοίως]
1559 2575 1734 2609 τιμωρεῖται.

1132 2623 1144 2639 1
1156 2613 1400 2652 Ἐκαοαριώθησαν
1431 2617 1594 2653 Ναζηραῖοι.
1611 2629 1619 2645 ι
1638 2619 1791 2655 Ναζηρειῖοι
1822 2622 1898 2658 παρὰ

1096 2659 1134 2695 τῷ
1152 2661 1227 2697 νόμῳ
1247 2663 1272 2689 οἱ
1288 2663 1320 2689 ὲκ
1334 2664 1441 2698 μήτρας
1459 2665 1654 2701 ἀφορισοέντες
1667 2667 1742 2703 Θεῷ·
1755 2668 1838 2703 φησὶν
1850 2669 1898 2696 οὖν

1097 2707 1161 2738 τοὺς
1173 2708 1325 2744 ἀμετόχους
1339 2711 1448 2741 κακίας.

1137 2763 1146 2778 1
1159 2752 1244 2790 ’Υπὲρ
1258 2754 1355 2789 γάλα.»
1370 2756 1444 2783 Ἀντὶ
1458 2757 1557 2791 τοῦ,οὑ
1571 2758 1745 2795 διεχύοησαν,
1759 2759 1817 2787 ἀλλ’
1828 2760 1902 2788 ἐπά-

1100 2806 1190 2834 γησαν
1206 2800 1235 2827 ἐν
1248 2801 1281 2836 τῇ
1299 2801 1394 2838 ἀρετῇ.
