  <div class='ocr_page' id='page_1' title='image "/cluster/home/n/w/nwhite01/storage/ocr_20150623/93/njp.32101077772836/420.png"; bbox 0 0 2052 3150; ppageno 0'>
   <div class='ocr_carea' id='block_1_1' title="bbox 171 196 221 228">
    <p class='ocr_par' dir='ltr' id='par_1_1' title="bbox 171 196 221 228">
     <span class='ocr_line' id='line_1_1' title="bbox 171 196 221 228; baseline -0.02 0"><span class='ocrx_word' id='word_1_1' title='bbox 171 196 221 228; x_wconf 81' lang='lat'><strong>761</strong></span> 
     </span>
    </p>
   </div>
   <div class='ocr_carea' id='block_1_2' title="bbox 665 195 1314 227">
    <p class='ocr_par' dir='ltr' id='par_1_2' title="bbox 665 195 1314 227">
     <span class='ocr_line' id='line_1_2' title="bbox 665 195 1314 227; baseline 0.003 -3"><span class='ocrx_word' id='word_1_2' title='bbox 665 195 897 225; x_wconf 68' lang='lat' dir='ltr'><strong>FBAGMENTA</strong></span> <span class='ocrx_word' id='word_1_3' title='bbox 919 195 957 226; x_wconf 86' lang='lat' dir='ltr'><strong>1N</strong></span> <span class='ocrx_word' id='word_1_4' title='bbox 980 196 1129 226; x_wconf 79' lang='lat' dir='ltr'><strong>LIBRUM</strong></span> <span class='ocrx_word' id='word_1_5' title='bbox 1149 196 1314 227; x_wconf 77' lang='lat' dir='ltr'><strong>BARUCll.</strong></span> 
     </span>
    </p>
   </div>
   <div class='ocr_carea' id='block_1_3' title="bbox 1747 199 1799 230">
    <p class='ocr_par' dir='ltr' id='par_1_3' title="bbox 1747 199 1799 230">
     <span class='ocr_line' id='line_1_3' title="bbox 1747 199 1799 230; baseline 0.019 -1"><span class='ocrx_word' id='word_1_6' title='bbox 1747 199 1799 230; x_wconf 77' lang='grc'><strong>762</strong></span> 
     </span>
    </p>
   </div>
   <div class='ocr_carea' id='block_1_4' title="bbox 171 251 968 290">
    <p class='ocr_par' dir='ltr' id='par_1_4' title="bbox 171 252 961 290">
     <span class='ocr_line' id='line_1_4' title="bbox 171 252 961 290; baseline -0.004 -9"><span class='ocrx_word' id='word_1_7' title='bbox 171 253 356 290; x_wconf 74' lang='grc' dir='ltr'><strong>ἀνῃρέθησαν.</strong></span> <span class='ocrx_word' id='word_1_8' title='bbox 373 253 419 285; x_wconf 78' lang='grc' dir='ltr'><strong>Εἰς</strong></span> <span class='ocrx_word' id='word_1_9' title='bbox 433 253 461 280; x_wconf 75' lang='grc' dir='ltr'><strong>δὲ</strong></span> <span class='ocrx_word' id='word_1_10' title='bbox 474 253 536 284; x_wconf 78' lang='grc' dir='ltr'>τοὺς</span> <span class='ocrx_word' id='word_1_11' title='bbox 557 252 700 288; x_wconf 75' lang='grc' dir='ltr'>μάρτυρας</span> <span class='ocrx_word' id='word_1_12' title='bbox 725 253 835 286; x_wconf 82' lang='grc' dir='ltr'><strong>ἀνάγων</strong></span> <span class='ocrx_word' id='word_1_13' title='bbox 858 252 903 279; x_wconf 85' lang='grc' dir='ltr'><strong>τὺν</strong></span> <span class='ocrx_word' id='word_1_14' title='bbox 917 252 961 278; x_wconf 74' lang='grc' dir='ltr'><strong>λό-</strong></span> 
     </span>
    </p>
   </div>
   <div class='ocr_carea' id='block_1_5' title="bbox 1017 251 1800 290">
    <p class='ocr_par' dir='ltr' id='par_1_5' title="bbox 1017 251 1800 287">
     <span class='ocr_line' id='line_1_5' title="bbox 1017 251 1800 287; baseline 0.003 -9"><span class='ocrx_word' id='word_1_15' title='bbox 1017 258 1085 287; x_wconf 74' lang='lat' dir='ltr'><strong>Lyres</strong></span> <span class='ocrx_word' id='word_1_16' title='bbox 1096 252 1198 279; x_wconf 89' lang='lat' dir='ltr'><strong>dictum</strong></span> <span class='ocrx_word' id='word_1_17' title='bbox 1213 252 1412 283; x_wconf 71' lang='lat' dir='ltr'><strong>accommodas,</strong></span> <span class='ocrx_word' id='word_1_18' title='bbox 1441 251 1576 287; x_wconf 72' lang='lat' dir='ltr'><strong>intelligas</strong></span> <span class='ocrx_word' id='word_1_19' title='bbox 1593 260 1639 279; x_wconf 82' lang='lat' dir='ltr'><strong>cos</strong></span> <span class='ocrx_word' id='word_1_20' title='bbox 1664 252 1697 279; x_wconf 81' lang='lat' dir='ltr'><strong>ab</strong></span> <span class='ocrx_word' id='word_1_21' title='bbox 1725 252 1800 280; x_wconf 70' lang='lat' dir='ltr'><strong>exitu</strong></span> 
     </span>
    </p>
   </div>
   <div class='ocr_carea' id='block_1_6' title="bbox 171 298 962 334">
    <p class='ocr_par' dir='ltr' id='par_1_6' title="bbox 171 298 962 334">
     <span class='ocr_line' id='line_1_6' title="bbox 171 298 962 334; baseline -0.003 -8"><span class='ocrx_word' id='word_1_22' title='bbox 171 307 219 333; x_wconf 86' lang='grc' dir='ltr'><strong>γον</strong></span> <span class='ocrx_word' id='word_1_23' title='bbox 233 300 351 334; x_wconf 77' lang='grc' dir='ltr'>νοήσεις,</span> <span class='ocrx_word' id='word_1_24' title='bbox 374 299 414 325; x_wconf 79' lang='grc' dir='ltr'>ὅτι</span> <span class='ocrx_word' id='word_1_25' title='bbox 426 300 479 326; x_wconf 79' lang='grc' dir='ltr'><strong>ἀπὸ</strong></span> <span class='ocrx_word' id='word_1_26' title='bbox 496 299 586 332; x_wconf 72' lang='grc' dir='ltr'>ἐξόίου</span> <span class='ocrx_word' id='word_1_27' title='bbox 603 299 651 325; x_wconf 78' lang='grc' dir='ltr'>τοῦ</span> <span class='ocrx_word' id='word_1_28' title='bbox 672 299 770 330; x_wconf 74' lang='grc' dir='ltr'>αἰῶνος</span> <span class='ocrx_word' id='word_1_29' title='bbox 786 298 881 325; x_wconf 78' lang='grc' dir='ltr'>τούτου</span> <span class='ocrx_word' id='word_1_30' title='bbox 897 307 962 324; x_wconf 82' lang='grc' dir='ltr'>κατ-</span> 
     </span>
    </p>
   </div>
   <div class='ocr_carea' id='block_1_7' title="bbox 173 345 691 380">
    <p class='ocr_par' dir='ltr' id='par_1_7' title="bbox 173 345 691 380">
     <span class='ocr_line' id='line_1_7' title="bbox 173 345 691 380; baseline 0.004 -10"><span class='ocrx_word' id='word_1_31' title='bbox 173 345 309 376; x_wconf 79' lang='grc' dir='ltr'>έπαυσαν,</span> <span class='ocrx_word' id='word_1_32' title='bbox 324 345 464 371; x_wconf 81' lang='grc' dir='ltr'>τουτέστιν</span> <span class='ocrx_word' id='word_1_33' title='bbox 482 345 691 380; x_wconf 63' lang='grc' dir='ltr'>ἐτελειώθησαν.</span> 
     </span>
    </p>
   </div>
   <div class='ocr_carea' id='block_1_8' title="bbox 210 390 963 428">
    <p class='ocr_par' dir='ltr' id='par_1_8' title="bbox 210 390 963 428">
     <span class='ocr_line' id='line_1_8' title="bbox 210 390 963 428; baseline 0.004 -12"><span class='ocrx_word' id='word_1_34' title='bbox 210 400 220 417; x_wconf 86' lang='lat'><strong>1</strong></span> <span class='ocrx_word' id='word_1_35' title='bbox 240 390 358 417; x_wconf 81' lang='grc' dir='ltr'><strong>Ἔπεσεν</strong></span> <span class='ocrx_word' id='word_1_36' title='bbox 370 392 384 417; x_wconf 86' lang='grc' dir='ltr'><strong>ὁ</strong></span> <span class='ocrx_word' id='word_1_37' title='bbox 395 392 536 425; x_wconf 81' lang='grc' dir='ltr'>στέφανος.</span> <span class='ocrx_word' id='word_1_38' title='bbox 554 401 564 418; x_wconf 69' lang='grc' dir='ltr'><strong>ι</strong></span> <span class='ocrx_word' id='word_1_39' title='bbox 590 392 712 419; x_wconf 78' lang='grc' dir='ltr'>Ἰουδαῖοι</span> <span class='ocrx_word' id='word_1_40' title='bbox 728 392 778 428; x_wconf 83' lang='grc' dir='ltr'><strong>μὲν</strong></span> <span class='ocrx_word' id='word_1_41' title='bbox 791 393 869 419; x_wconf 81' lang='grc' dir='ltr'>τοῦτό</span> <span class='ocrx_word' id='word_1_42' title='bbox 880 401 963 427; x_wconf 72' lang='grc' dir='ltr'>φασιν</span> 
     </span>
    </p>
   </div>
   <div class='ocr_carea' id='block_1_9' title="bbox 172 435 963 472">
    <p class='ocr_par' dir='ltr' id='par_1_9' title="bbox 172 435 963 472">
     <span class='ocr_line' id='line_1_9' title="bbox 172 435 963 472; baseline 0.004 -10"><span class='ocrx_word' id='word_1_43' title='bbox 172 435 217 462; x_wconf 70' lang='grc' dir='ltr'>διὰ</span> <span class='ocrx_word' id='word_1_44' title='bbox 231 436 277 462; x_wconf 83' lang='grc' dir='ltr'>τδν</span> <span class='ocrx_word' id='word_1_45' title='bbox 294 436 386 471; x_wconf 85' lang='grc' dir='ltr'>νόμον,</span> <span class='ocrx_word' id='word_1_46' title='bbox 399 437 423 462; x_wconf 87' lang='grc' dir='ltr'><strong>οί</strong></span> <span class='ocrx_word' id='word_1_47' title='bbox 436 437 465 463; x_wconf 80' lang='grc' dir='ltr'>δὲ</span> <span class='ocrx_word' id='word_1_48' title='bbox 485 436 536 471; x_wconf 75' lang='grc' dir='ltr'><strong>τῆς</strong></span> <span class='ocrx_word' id='word_1_49' title='bbox 555 437 716 472; x_wconf 69' lang='grc' dir='ltr'>Ἑκκλῃσίας</span> <span class='ocrx_word' id='word_1_50' title='bbox 732 438 776 464; x_wconf 82' lang='grc' dir='ltr'>διὰ.</span> <span class='ocrx_word' id='word_1_51' title='bbox 791 438 852 470; x_wconf 81' lang='grc' dir='ltr'>τοὺς</span> <span class='ocrx_word' id='word_1_52' title='bbox 869 438 963 465; x_wconf 81' lang='grc' dir='ltr'><strong>διασύ-</strong></span> 
     </span>
    </p>
   </div>
   <div class='ocr_carea' id='block_1_10' title="bbox 175 477 685 517">
    <p class='ocr_par' dir='ltr' id='par_1_10' title="bbox 175 477 685 517">
     <span class='ocr_line' id='line_1_10' title="bbox 175 477 685 517; baseline 0.004 -10"><span class='ocrx_word' id='word_1_53' title='bbox 175 489 271 516; x_wconf 78' lang='grc' dir='ltr'>ροντας</span> <span class='ocrx_word' id='word_1_54' title='bbox 284 481 330 507; x_wconf 71' lang='grc' dir='ltr'>τοῦ</span> <span class='ocrx_word' id='word_1_55' title='bbox 344 481 462 516; x_wconf 82' lang='grc' dir='ltr'>σταυροῦ</span> <span class='ocrx_word' id='word_1_56' title='bbox 477 477 508 508; x_wconf 80' lang='grc' dir='ltr'>τδ</span> <span class='ocrx_word' id='word_1_57' title='bbox 524 483 685 517; x_wconf 66' lang='grc' dir='ltr'>μυστήριον.</span> 
     </span>
    </p>
   </div>
   <div class='ocr_carea' id='block_1_11' title="bbox 211 523 963 566">
    <p class='ocr_par' dir='ltr' id='par_1_11' title="bbox 211 523 963 566">
     <span class='ocr_line' id='line_1_11' title="bbox 211 523 963 566; baseline 0.003 -12"><span class='ocrx_word' id='word_1_58' title='bbox 211 538 221 554; x_wconf 91' lang='lat'><strong>1</strong></span> <span class='ocrx_word' id='word_1_59' title='bbox 240 528 309 563; x_wconf 74' lang='grc' dir='ltr'><strong>Περὶ</strong></span> <span class='ocrx_word' id='word_1_60' title='bbox 324 527 422 554; x_wconf 79' lang='grc' dir='ltr'>τούτου</span> <span class='ocrx_word' id='word_1_61' title='bbox 445 523 638 555; x_wconf 46' lang='grc' dir='ltr'><strong>ὲσκότασανᾙ»</strong></span> <span class='ocrx_word' id='word_1_62' title='bbox 663 529 762 561; x_wconf 75' lang='grc' dir='ltr'>Σκότος</span> <span class='ocrx_word' id='word_1_63' title='bbox 777 529 831 566; x_wconf 79' lang='grc' dir='ltr'>γὰρ</span> <span class='ocrx_word' id='word_1_64' title='bbox 851 530 916 565; x_wconf 78' lang='grc' dir='ltr'><strong>ἡμῖν</strong></span> <span class='ocrx_word' id='word_1_65' title='bbox 933 530 963 563; x_wconf 77' lang='grc' dir='ltr'><strong>ἐξ</strong></span> 
     </span>
    </p>
   </div>
   <div class='ocr_carea' id='block_1_12' title="bbox 173 572 964 610">
    <p class='ocr_par' dir='ltr' id='par_1_12' title="bbox 173 572 964 610">
     <span class='ocr_line' id='line_1_12' title="bbox 173 572 964 610; baseline 0.003 -10"><span class='ocrx_word' id='word_1_66' title='bbox 173 573 295 608; x_wconf 75' lang='grc' dir='ltr'><strong>ἀθυμίας</strong></span> <span class='ocrx_word' id='word_1_67' title='bbox 309 573 325 607; x_wconf 85' lang='grc' dir='ltr'><strong>ὴ</strong></span> <span class='ocrx_word' id='word_1_68' title='bbox 341 573 392 607; x_wconf 81' lang='grc' dir='ltr'>τῆς</span> <span class='ocrx_word' id='word_1_69' title='bbox 405 572 497 608; x_wconf 85' lang='grc' dir='ltr'>χώρας</span> <span class='ocrx_word' id='word_1_70' title='bbox 509 573 614 608; x_wconf 80' lang='grc' dir='ltr'>ὲρημία</span> <span class='ocrx_word' id='word_1_71' title='bbox 627 574 784 610; x_wconf 82' lang='grc' dir='ltr'>παρείχετο,</span> <span class='ocrx_word' id='word_1_72' title='bbox 798 575 964 602; x_wconf 81' lang='grc' dir='ltr'>πλεονασάν-</span> 
     </span>
    </p>
   </div>
   <div class='ocr_carea' id='block_1_13' title="bbox 173 618 961 656">
    <p class='ocr_par' dir='ltr' id='par_1_13' title="bbox 173 618 961 656">
     <span class='ocr_line' id='line_1_13' title="bbox 173 618 961 656; baseline 0.004 -12"><span class='ocrx_word' id='word_1_73' title='bbox 173 627 230 645; x_wconf 82' lang='grc' dir='ltr'>των</span> <span class='ocrx_word' id='word_1_74' title='bbox 245 619 275 645; x_wconf 85' lang='grc' dir='ltr'><strong>ἐν</strong></span> <span class='ocrx_word' id='word_1_75' title='bbox 300 619 369 654; x_wconf 74' lang='grc' dir='ltr'>αὐτῇ</span> <span class='ocrx_word' id='word_1_76' title='bbox 391 619 446 645; x_wconf 84' lang='grc' dir='ltr'>τῶν</span> <span class='ocrx_word' id='word_1_77' title='bbox 467 618 684 654; x_wconf 77' lang='grc' dir='ltr'>φιληδονούντων</span> <span class='ocrx_word' id='word_1_78' title='bbox 712 621 816 656; x_wconf 70' lang='grc' dir='ltr'>ἐρημίᾳ</span> <span class='ocrx_word' id='word_1_79' title='bbox 842 620 961 656; x_wconf 82' lang='grc' dir='ltr'>θηρίων·</span> 
     </span>
    </p>
   </div>
   <div class='ocr_carea' id='block_1_14' title="bbox 173 662 963 701">
    <p class='ocr_par' dir='ltr' id='par_1_14' title="bbox 173 662 963 701">
     <span class='ocr_line' id='line_1_14' title="bbox 173 662 963 701; baseline 0.004 -12"><span class='ocrx_word' id='word_1_80' title='bbox 173 663 232 690; x_wconf 82' lang='grc' dir='ltr'>ἀλλ’</span> <span class='ocrx_word' id='word_1_81' title='bbox 248 663 278 690; x_wconf 77' lang='grc' dir='ltr'>οὐ</span> <span class='ocrx_word' id='word_1_82' title='bbox 297 662 343 689; x_wconf 80' lang='grc' dir='ltr'><strong>σοῦ</strong></span> <span class='ocrx_word' id='word_1_83' title='bbox 359 663 472 697; x_wconf 80' lang='grc' dir='ltr'>γέγονεν</span> <span class='ocrx_word' id='word_1_84' title='bbox 486 663 602 699; x_wconf 80' lang='grc' dir='ltr'>ἔρημος,</span> <span class='ocrx_word' id='word_1_85' title='bbox 614 664 662 691; x_wconf 80' lang='grc' dir='ltr'>τοῦ</span> <span class='ocrx_word' id='word_1_86' title='bbox 677 665 817 700; x_wconf 79' lang='grc' dir='ltr'><strong>πανταχοῦ</strong></span> <span class='ocrx_word' id='word_1_87' title='bbox 830 666 963 701; x_wconf 82' lang='grc' dir='ltr'><strong>παρόντος</strong></span> 
     </span>
    </p>
   </div>
   <div class='ocr_carea' id='block_1_15' title="bbox 173 709 442 740">
    <p class='ocr_par' dir='ltr' id='par_1_15' title="bbox 173 709 442 740">
     <span class='ocr_line' id='line_1_15' title="bbox 173 709 442 740; baseline 0.004 -5"><span class='ocrx_word' id='word_1_88' title='bbox 173 709 221 735; x_wconf 76' lang='grc' dir='ltr'>καὶ</span> <span class='ocrx_word' id='word_1_89' title='bbox 233 709 442 740; x_wconf 78' lang='grc' dir='ltr'>ὲποπτεύοντος.</span> 
     </span>
    </p>
   </div>
   <div class='ocr_carea' id='block_1_16' title="bbox 212 753 963 795">
    <p class='ocr_par' dir='ltr' id='par_1_16' title="bbox 212 753 963 795">
     <span class='ocr_line' id='line_1_16' title="bbox 212 753 963 795; baseline 0.004 -15"><span class='ocrx_word' id='word_1_90' title='bbox 212 763 222 780; x_wconf 95' lang='lat'><strong>1</strong></span> <span class='ocrx_word' id='word_1_91' title='bbox 242 753 408 786; x_wconf 74' lang='grc' dir='ltr'>Ἀλώπεκες.</span> <span class='ocrx_word' id='word_1_92' title='bbox 427 764 436 780; x_wconf 80' lang='grc' dir='ltr'><strong>ι</strong></span> <span class='ocrx_word' id='word_1_93' title='bbox 457 755 489 781; x_wconf 89' lang='grc' dir='ltr'><strong>οι</strong></span> <span class='ocrx_word' id='word_1_94' title='bbox 505 755 535 782; x_wconf 80' lang='grc' dir='ltr'><strong>ὲν</strong></span> <span class='ocrx_word' id='word_1_95' title='bbox 554 755 708 792; x_wconf 70' lang='grc' dir='ltr'>πανουργίᾳ</span> <span class='ocrx_word' id='word_1_96' title='bbox 721 756 881 795; x_wconf 80' lang='grc' dir='ltr'>πικρότατοι</span> <span class='ocrx_word' id='word_1_97' title='bbox 903 756 963 791; x_wconf 68' lang='grc' dir='ltr'><strong>ἑτε-</strong></span> 
     </span>
    </p>
   </div>
   <div class='ocr_carea' id='block_1_17' title="bbox 176 799 321 836">
    <p class='ocr_par' dir='ltr' id='par_1_17' title="bbox 176 799 321 836">
     <span class='ocr_line' id='line_1_17' title="bbox 176 799 321 836; baseline 0 -10"><span class='ocrx_word' id='word_1_98' title='bbox 176 800 290 836; x_wconf 76' lang='grc' dir='ltr'>ρόδοξοι.</span> <span class='ocrx_word' id='word_1_99' title='bbox 318 799 321 801; x_wconf 78' lang='grc'><em>’</em></span> 
     </span>
    </p>
   </div>
   <div class='ocr_carea' id='block_1_18' title="bbox 213 844 965 884">
    <p class='ocr_par' dir='ltr' id='par_1_18' title="bbox 213 844 965 884">
     <span class='ocr_line' id='line_1_18' title="bbox 213 844 965 884; baseline 0.008 -14"><span class='ocrx_word' id='word_1_100' title='bbox 213 854 223 870; x_wconf 87' lang='lat'><strong>1</strong></span> <span class='ocrx_word' id='word_1_101' title='bbox 244 845 280 871; x_wconf 82' lang='grc' dir='ltr'><strong>Σὺ</strong></span> <span class='ocrx_word' id='word_1_102' title='bbox 293 845 332 877; x_wconf 72' lang='grc' dir='ltr'>δὲ,</span> <span class='ocrx_word' id='word_1_103' title='bbox 344 844 442 881; x_wconf 76' lang='grc' dir='ltr'>Κύριε,</span> <span class='ocrx_word' id='word_1_104' title='bbox 457 845 497 877; x_wconf 78' lang='grc' dir='ltr'><strong>είς</strong></span> <span class='ocrx_word' id='word_1_105' title='bbox 509 846 555 872; x_wconf 77' lang='grc' dir='ltr'><strong>τὸν</strong></span> <span class='ocrx_word' id='word_1_106' title='bbox 571 846 668 874; x_wconf 85' lang='grc' dir='ltr'>αἰῶνα.</span> <span class='ocrx_word' id='word_1_107' title='bbox 688 856 697 873; x_wconf 71' lang='lat'><strong>1</strong></span> <span class='ocrx_word' id='word_1_108' title='bbox 717 847 831 882; x_wconf 83' lang='grc' dir='ltr'>Ἥγουν,</span> <span class='ocrx_word' id='word_1_109' title='bbox 846 849 965 884; x_wconf 77' lang='grc' dir='ltr'><strong>ἀνάκτη-</strong></span> 
     </span>
    </p>
   </div>
   <div class='ocr_carea' id='block_1_19' title="bbox 177 891 563 925">
    <p class='ocr_par' dir='ltr' id='par_1_19' title="bbox 177 891 563 925">
     <span class='ocr_line' id='line_1_19' title="bbox 177 891 563 925; baseline 0.005 -9"><span class='ocrx_word' id='word_1_110' title='bbox 177 898 222 916; x_wconf 85' lang='grc' dir='ltr'>σαι</span> <span class='ocrx_word' id='word_1_111' title='bbox 240 891 314 925; x_wconf 74' lang='grc' dir='ltr'><strong>ἡμᾶς</strong></span> <span class='ocrx_word' id='word_1_112' title='bbox 330 899 395 917; x_wconf 86' lang='grc' dir='ltr'>ποτε</span> <span class='ocrx_word' id='word_1_113' title='bbox 413 891 450 922; x_wconf 75' lang='grc' dir='ltr'><strong>ὡς</strong></span> <span class='ocrx_word' id='word_1_114' title='bbox 466 891 563 924; x_wconf 71' lang='grc' dir='ltr'>ἀΐδιος.</span> 
     </span>
    </p>
   </div>
   <div class='ocr_carea' id='block_1_20' title="bbox 1013 299 1103 326">
    <p class='ocr_par' dir='ltr' id='par_1_20' title="bbox 1013 299 1103 326">
     <span class='ocr_line' id='line_1_20' title="bbox 1013 299 1103 326; baseline 0 -1"><span class='ocrx_word' id='word_1_115' title='bbox 1013 299 1103 326; x_wconf 70' lang='lat' dir='ltr'><strong>seculi</strong></span> 
     </span>
    </p>
   </div>
   <div class='ocr_carea' id='block_1_21' title="bbox 1013 351 1200 373">
    <p class='ocr_par' dir='ltr' id='par_1_21' title="bbox 1013 351 1200 373">
     <span class='ocr_line' id='line_1_21' title="bbox 1013 351 1200 373; baseline -0.005 -2"><span class='ocrx_word' id='word_1_116' title='bbox 1013 351 1072 371; x_wconf 65' lang='lat'><strong>(3838</strong></span> <span class='ocrx_word' id='word_1_117' title='bbox 1077 365 1082 370; x_wconf 94' lang='lat'><strong>.</strong></span> <span class='ocrx_word' id='word_1_118' title='bbox 1194 367 1200 373; x_wconf 92' lang='lat'><em>,</em></span> 
     </span>
    </p>
   </div>
   <div class='ocr_carea' id='block_1_22' title="bbox 1050 389 1802 424">
    <p class='ocr_par' dir='ltr' id='par_1_22' title="bbox 1050 389 1802 424">
     <span class='ocr_line' id='line_1_22' title="bbox 1050 389 1802 424; baseline 0 -8"><span class='ocrx_word' id='word_1_119' title='bbox 1050 389 1080 417; x_wconf 86' lang='lat' dir='ltr'><strong>V.</strong></span> <span class='ocrx_word' id='word_1_120' title='bbox 1099 389 1140 417; x_wconf 82' lang='lat' dir='ltr'><strong>I6.</strong></span> <span class='ocrx_word' id='word_1_121' title='bbox 1171 400 1178 414; x_wconf 88' lang='grc' dir='ltr'><strong>ι</strong></span> <span class='ocrx_word' id='word_1_122' title='bbox 1211 389 1314 417; x_wconf 88' lang='lat' dir='ltr'><strong>Cecidit</strong></span> <span class='ocrx_word' id='word_1_123' title='bbox 1335 398 1445 416; x_wconf 85' lang='lat' dir='ltr'><strong>corona.</strong></span> <span class='ocrx_word' id='word_1_124' title='bbox 1473 399 1481 414; x_wconf 74' lang='grc' dir='ltr'><strong>ι</strong></span> <span class='ocrx_word' id='word_1_125' title='bbox 1505 389 1590 416; x_wconf 69' lang='grc' dir='ltr'>,Ιιιιίωί</span> <span class='ocrx_word' id='word_1_126' title='bbox 1613 389 1722 424; x_wconf 87' lang='lat' dir='ltr'><strong>quidem</strong></span> <span class='ocrx_word' id='word_1_127' title='bbox 1751 390 1802 416; x_wconf 78' lang='lat' dir='ltr'><strong>hoe</strong></span> 
     </span>
    </p>
   </div>
   <div class='ocr_carea' id='block_1_23' title="bbox 1012 434 1801 470">
    <p class='ocr_par' dir='ltr' id='par_1_23' title="bbox 1012 434 1801 470">
     <span class='ocr_line' id='line_1_23' title="bbox 1012 434 1801 470; baseline 0 -8"><span class='ocrx_word' id='word_1_128' title='bbox 1012 434 1089 462; x_wconf 84' lang='lat' dir='ltr'><strong>aiunt</strong></span> <span class='ocrx_word' id='word_1_129' title='bbox 1107 440 1217 470; x_wconf 90' lang='lat' dir='ltr'><strong>propter</strong></span> <span class='ocrx_word' id='word_1_130' title='bbox 1233 435 1318 470; x_wconf 77' lang='lat' dir='ltr'><strong>legem</strong></span> <span class='ocrx_word' id='word_1_131' title='bbox 1335 444 1341 461; x_wconf 87' lang='lat'>:</span> <span class='ocrx_word' id='word_1_132' title='bbox 1358 435 1476 462; x_wconf 78' lang='lat' dir='ltr'><strong>Ecclesia</strong></span> <span class='ocrx_word' id='word_1_133' title='bbox 1488 443 1552 462; x_wconf 81' lang='lat' dir='ltr'><strong>vero</strong></span> <span class='ocrx_word' id='word_1_134' title='bbox 1568 440 1680 470; x_wconf 86' lang='lat' dir='ltr'><strong>propter</strong></span> <span class='ocrx_word' id='word_1_135' title='bbox 1693 443 1740 462; x_wconf 87' lang='lat' dir='ltr'><strong>eos</strong></span> <span class='ocrx_word' id='word_1_136' title='bbox 1753 435 1801 469; x_wconf 84' lang='lat' dir='ltr'><strong>qui</strong></span> 
     </span>
    </p>
   </div>
   <div class='ocr_carea' id='block_1_24' title="bbox 1012 481 1430 516">
    <p class='ocr_par' dir='ltr' id='par_1_24' title="bbox 1012 481 1430 516">
     <span class='ocr_line' id='line_1_24' title="bbox 1012 481 1430 516; baseline -0.002 -7"><span class='ocrx_word' id='word_1_137' title='bbox 1012 481 1102 509; x_wconf 87' lang='lat' dir='ltr'><strong>crucis</strong></span> <span class='ocrx_word' id='word_1_138' title='bbox 1121 481 1279 516; x_wconf 76' lang='lat' dir='ltr'><strong>mysterium</strong></span> <span class='ocrx_word' id='word_1_139' title='bbox 1293 481 1430 509; x_wconf 85' lang='lat' dir='ltr'><strong>derident.</strong></span> 
     </span>
    </p>
   </div>
   <div class='ocr_carea' id='block_1_25' title="bbox 1048 524 1802 561">
    <p class='ocr_par' dir='ltr' id='par_1_25' title="bbox 1048 524 1802 561">
     <span class='ocr_line' id='line_1_25' title="bbox 1048 524 1802 561; baseline -0.001 -9"><span class='ocrx_word' id='word_1_140' title='bbox 1048 524 1081 552; x_wconf 78' lang='grc' dir='ltr'><strong>ν.</strong></span> <span class='ocrx_word' id='word_1_141' title='bbox 1108 526 1151 561; x_wconf 70' lang='lat' dir='ltr'><strong>l7.</strong></span> <span class='ocrx_word' id='word_1_142' title='bbox 1176 536 1185 551; x_wconf 92' lang='lat'><strong>1</strong></span> <span class='ocrx_word' id='word_1_143' title='bbox 1213 525 1277 553; x_wconf 83' lang='lat' dir='ltr'><strong>Ideo</strong></span> <span class='ocrx_word' id='word_1_144' title='bbox 1301 526 1489 554; x_wconf 85' lang='lat' dir='ltr'><strong>contenebrati</strong></span> <span class='ocrx_word' id='word_1_145' title='bbox 1518 530 1592 554; x_wconf 90' lang='lat' dir='ltr'><strong>sunt.</strong></span> <span class='ocrx_word' id='word_1_146' title='bbox 1621 535 1630 551; x_wconf 72' lang='grc' dir='ltr'><strong>ι</strong></span> <span class='ocrx_word' id='word_1_147' title='bbox 1662 525 1802 553; x_wconf 79' lang='lat' dir='ltr'><strong>Tenebras</strong></span> 
     </span>
    </p>
   </div>
   <div class='ocr_carea' id='block_1_26' title="bbox 1014 571 1802 603">
    <p class='ocr_par' dir='ltr' id='par_1_26' title="bbox 1014 571 1802 603">
     <span class='ocr_line' id='line_1_26' title="bbox 1014 571 1802 603; baseline 0.001 -6"><span class='ocrx_word' id='word_1_148' title='bbox 1014 571 1086 598; x_wconf 83' lang='lat' dir='ltr'><strong>enim</strong></span> <span class='ocrx_word' id='word_1_149' title='bbox 1102 571 1180 598; x_wconf 79' lang='lat' dir='ltr'><strong>nobis</strong></span> <span class='ocrx_word' id='word_1_150' title='bbox 1194 572 1228 599; x_wconf 89' lang='lat' dir='ltr'><strong>ob</strong></span> <span class='ocrx_word' id='word_1_151' title='bbox 1244 580 1389 600; x_wconf 75' lang='lat' dir='ltr'><strong>mmrorcm</strong></span> <span class='ocrx_word' id='word_1_152' title='bbox 1408 578 1486 600; x_wconf 66' lang='lat' dir='ltr'><strong>terra:</strong></span> <span class='ocrx_word' id='word_1_153' title='bbox 1501 572 1631 600; x_wconf 81' lang='lat' dir='ltr'><strong>desolatio</strong></span> <span class='ocrx_word' id='word_1_154' title='bbox 1646 572 1802 603; x_wconf 75' lang='lat' dir='ltr'><strong>exhibebat,</strong></span> 
     </span>
    </p>
   </div>
   <div class='ocr_carea' id='block_1_27' title="bbox 1014 617 1802 654">
    <p class='ocr_par' dir='ltr' id='par_1_27' title="bbox 1014 617 1802 654">
     <span class='ocr_line' id='line_1_27' title="bbox 1014 617 1802 654; baseline 0.003 -11"><span class='ocrx_word' id='word_1_155' title='bbox 1014 624 1076 643; x_wconf 91' lang='lat' dir='ltr'><strong>cum</strong></span> <span class='ocrx_word' id='word_1_156' title='bbox 1095 617 1280 645; x_wconf 84' lang='lat' dir='ltr'><strong>abundasscnt</strong></span> <span class='ocrx_word' id='word_1_157' title='bbox 1300 617 1327 644; x_wconf 91' lang='lat' dir='ltr'><strong>in</strong></span> <span class='ocrx_word' id='word_1_158' title='bbox 1349 626 1380 645; x_wconf 87' lang='lat' dir='ltr'><strong>ea</strong></span> <span class='ocrx_word' id='word_1_159' title='bbox 1405 618 1478 650; x_wconf 66' lang='lat' dir='ltr'><strong>ferae,</strong></span> <span class='ocrx_word' id='word_1_160' title='bbox 1497 627 1557 653; x_wconf 75' lang='lat' dir='ltr'><strong>qua:</strong></span> <span class='ocrx_word' id='word_1_161' title='bbox 1575 619 1720 646; x_wconf 81' lang='lat' dir='ltr'><strong>solitudine</strong></span> <span class='ocrx_word' id='word_1_162' title='bbox 1737 627 1802 654; x_wconf 81' lang='lat' dir='ltr'><strong>gau—</strong></span> 
     </span>
    </p>
   </div>
   <div class='ocr_carea' id='block_1_28' title="bbox 1014 661 1802 697">
    <p class='ocr_par' dir='ltr' id='par_1_28' title="bbox 1014 661 1802 697">
     <span class='ocr_line' id='line_1_28' title="bbox 1014 661 1802 697; baseline 0.003 -10"><span class='ocrx_word' id='word_1_163' title='bbox 1014 661 1080 688; x_wconf 86' lang='lat' dir='ltr'><strong>dent</strong></span> <span class='ocrx_word' id='word_1_164' title='bbox 1097 670 1104 688; x_wconf 89' lang='lat'>:</span> <span class='ocrx_word' id='word_1_165' title='bbox 1121 661 1168 689; x_wconf 85' lang='lat' dir='ltr'><strong>sed</strong></span> <span class='ocrx_word' id='word_1_166' title='bbox 1192 666 1316 696; x_wconf 81' lang='lat' dir='ltr'><strong>respectu</strong></span> <span class='ocrx_word' id='word_1_167' title='bbox 1341 662 1378 689; x_wconf 91' lang='lat' dir='ltr'><strong>tui</strong></span> <span class='ocrx_word' id='word_1_168' title='bbox 1400 663 1507 690; x_wconf 84' lang='lat' dir='ltr'><strong>deserta</strong></span> <span class='ocrx_word' id='word_1_169' title='bbox 1530 671 1583 689; x_wconf 89' lang='lat' dir='ltr'><strong>non</strong></span> <span class='ocrx_word' id='word_1_170' title='bbox 1603 668 1655 694; x_wconf 77' lang='lat' dir='ltr'><strong>est,</strong></span> <span class='ocrx_word' id='word_1_171' title='bbox 1675 663 1720 697; x_wconf 89' lang='lat' dir='ltr'><strong>qui</strong></span> <span class='ocrx_word' id='word_1_172' title='bbox 1743 663 1802 689; x_wconf 91' lang='lat' dir='ltr'><strong>ubi—</strong></span> 
     </span>
    </p>
   </div>
   <div class='ocr_carea' id='block_1_29' title="bbox 1014 706 1446 740">
    <p class='ocr_par' dir='ltr' id='par_1_29' title="bbox 1014 706 1446 740">
     <span class='ocr_line' id='line_1_29' title="bbox 1014 706 1446 740; baseline 0.005 -8"><span class='ocrx_word' id='word_1_173' title='bbox 1014 714 1067 740; x_wconf 87' lang='lat' dir='ltr'><strong>que</strong></span> <span class='ocrx_word' id='word_1_174' title='bbox 1081 706 1146 733; x_wconf 84' lang='lat' dir='ltr'><strong>adcs</strong></span> <span class='ocrx_word' id='word_1_175' title='bbox 1162 711 1190 733; x_wconf 88' lang='lat' dir='ltr'><strong>et</strong></span> <span class='ocrx_word' id='word_1_176' title='bbox 1205 707 1271 734; x_wconf 87' lang='lat' dir='ltr'><strong>nihil</strong></span> <span class='ocrx_word' id='word_1_177' title='bbox 1288 715 1341 734; x_wconf 90' lang='lat' dir='ltr'><strong>non</strong></span> <span class='ocrx_word' id='word_1_178' title='bbox 1361 707 1446 735; x_wconf 80' lang='lat' dir='ltr'><strong>vides.</strong></span> 
     </span>
    </p>
   </div>
   <div class='ocr_carea' id='block_1_30' title="bbox 1053 752 1802 788">
    <p class='ocr_par' dir='ltr' id='par_1_30' title="bbox 1053 752 1802 788">
     <span class='ocr_line' id='line_1_30' title="bbox 1053 752 1802 788; baseline 0.003 -10"><span class='ocrx_word' id='word_1_179' title='bbox 1053 761 1063 778; x_wconf 90' lang='lat'><strong>1</strong></span> <span class='ocrx_word' id='word_1_180' title='bbox 1085 752 1195 788; x_wconf 82' lang='lat' dir='ltr'><strong>Vulpes.</strong></span> <span class='ocrx_word' id='word_1_181' title='bbox 1215 763 1223 779; x_wconf 74' lang='grc' dir='ltr'><strong>ι</strong></span> <span class='ocrx_word' id='word_1_182' title='bbox 1241 753 1391 781; x_wconf 78' lang='lat' dir='ltr'><strong>Calliditate</strong></span> <span class='ocrx_word' id='word_1_183' title='bbox 1407 753 1552 788; x_wconf 82' lang='lat' dir='ltr'><strong>pollentes,</strong></span> <span class='ocrx_word' id='word_1_184' title='bbox 1568 753 1730 780; x_wconf 80' lang='lat' dir='ltr'><strong>amarissimi</strong></span> <span class='ocrx_word' id='word_1_185' title='bbox 1748 753 1802 780; x_wconf 58' lang='lat' dir='ltr'><strong>luxv</strong></span> 
     </span>
    </p>
   </div>
   <div class='ocr_carea' id='block_1_31' title="bbox 1015 804 1304 827">
    <p class='ocr_par' dir='ltr' id='par_1_31' title="bbox 1015 804 1304 827">
     <span class='ocr_line' id='line_1_31' title="bbox 1015 804 1304 827; baseline 0 -2"><span class='ocrx_word' id='word_1_186' title='bbox 1015 807 1106 826; x_wconf 81' lang='lat' dir='ltr'><strong>rcsunt</strong></span> <span class='ocrx_word' id='word_1_187' title='bbox 1121 804 1192 826; x_wconf 77' lang='lat' dir='ltr'><strong>secta</strong></span> <span class='ocrx_word' id='word_1_188' title='bbox 1198 804 1280 827; x_wconf 78' lang='lat' dir='ltr'><strong>tores.</strong></span> <span class='ocrx_word' id='word_1_189' title='bbox 1296 809 1304 826; x_wconf 80' lang='grc' dir='ltr'><strong>ι</strong></span> 
     </span>
    </p>
   </div>
   <div class='ocr_carea' id='block_1_32' title="bbox 1052 844 1804 877">
    <p class='ocr_par' dir='ltr' id='par_1_32' title="bbox 1052 844 1804 877">
     <span class='ocr_line' id='line_1_32' title="bbox 1052 844 1804 877; baseline 0 -6"><span class='ocrx_word' id='word_1_190' title='bbox 1052 845 1082 872; x_wconf 88' lang='lat' dir='ltr'><strong>V.</strong></span> <span class='ocrx_word' id='word_1_191' title='bbox 1100 846 1139 872; x_wconf 89' lang='lat' dir='ltr'><strong>l9.</strong></span> <span class='ocrx_word' id='word_1_192' title='bbox 1160 855 1169 871; x_wconf 82' lang='lat'><strong>1</strong></span> <span class='ocrx_word' id='word_1_193' title='bbox 1190 845 1229 872; x_wconf 75' lang='lat' dir='ltr'><strong>&#39;l&#39;u</strong></span> <span class='ocrx_word' id='word_1_194' title='bbox 1245 850 1348 877; x_wconf 84' lang='lat' dir='ltr'><strong>autem,</strong></span> <span class='ocrx_word' id='word_1_195' title='bbox 1365 844 1488 877; x_wconf 83' lang='lat' dir='ltr'><strong>Domine,</strong></span> <span class='ocrx_word' id='word_1_196' title='bbox 1505 846 1531 871; x_wconf 90' lang='lat' dir='ltr'><strong>in</strong></span> <span class='ocrx_word' id='word_1_197' title='bbox 1552 850 1696 872; x_wconf 70' lang='lat' dir='ltr'><strong>:eternum.</strong></span> <span class='ocrx_word' id='word_1_198' title='bbox 1717 853 1726 870; x_wconf 79' lang='grc' dir='ltr'><strong>ι</strong></span> <span class='ocrx_word' id='word_1_199' title='bbox 1748 845 1804 871; x_wconf 91' lang='lat' dir='ltr'><strong>lloc</strong></span> 
     </span>
    </p>
   </div>
   <div class='ocr_carea' id='block_1_33' title="bbox 1015 891 1802 926">
    <p class='ocr_par' dir='ltr' id='par_1_33' title="bbox 1015 891 1802 926">
     <span class='ocr_line' id='line_1_33' title="bbox 1015 891 1802 926; baseline -0.004 -8"><span class='ocrx_word' id='word_1_200' title='bbox 1015 895 1067 918; x_wconf 84' lang='lat' dir='ltr'><strong>est.</strong></span> <span class='ocrx_word' id='word_1_201' title='bbox 1082 891 1208 918; x_wconf 83' lang='lat' dir='ltr'><strong>restitues</strong></span> <span class='ocrx_word' id='word_1_202' title='bbox 1226 899 1277 918; x_wconf 90' lang='lat' dir='ltr'><strong>nos</strong></span> <span class='ocrx_word' id='word_1_203' title='bbox 1298 892 1344 918; x_wconf 83' lang='lat' dir='ltr'><strong>tibi</strong></span> <span class='ocrx_word' id='word_1_204' title='bbox 1366 891 1512 926; x_wconf 73' lang='lat' dir='ltr'><strong>aliquando</strong></span> <span class='ocrx_word' id='word_1_205' title='bbox 1528 897 1655 925; x_wconf 81' lang='lat' dir='ltr'><strong>tanquam</strong></span> <span class='ocrx_word' id='word_1_206' title='bbox 1674 895 1802 917; x_wconf 61' lang='lat' dir='ltr'><strong>attentus.</strong></span> 
     </span>
    </p>
   </div>
   <div class='ocr_carea' id='block_1_34' title="bbox 1140 299 1800 333">
    <p class='ocr_par' dir='ltr' id='par_1_34' title="bbox 1140 299 1800 333">
     <span class='ocr_line' id='line_1_34' title="bbox 1140 299 1800 333; baseline 0 -7"><span class='ocrx_word' id='word_1_207' title='bbox 1140 299 1221 333; x_wconf 86' lang='lat' dir='ltr'><strong>hujus</strong></span> <span class='ocrx_word' id='word_1_208' title='bbox 1246 299 1418 332; x_wconf 74' lang='lat' dir='ltr'><strong>cessaviSse,</strong></span> <span class='ocrx_word' id='word_1_209' title='bbox 1455 299 1506 326; x_wconf 84' lang='lat' dir='ltr'><strong>hoc</strong></span> <span class='ocrx_word' id='word_1_210' title='bbox 1533 304 1574 327; x_wconf 89' lang='lat' dir='ltr'><strong>est</strong></span> <span class='ocrx_word' id='word_1_211' title='bbox 1598 305 1800 326; x_wconf 74' lang='lat' dir='ltr'><strong>consummatos</strong></span> 
     </span>
    </p>
   </div>
   <div class='ocr_carea' id='block_1_35' title="bbox 215 922 968 974">
    <p class='ocr_par' dir='ltr' id='par_1_35' title="bbox 215 922 966 974">
     <span class='ocr_line' id='line_1_35' title="bbox 215 922 966 974; baseline 0.007 -13"><span class='ocrx_word' id='word_1_212' title='bbox 215 945 225 961; x_wconf 98' lang='lat'><strong>1</strong></span> <span class='ocrx_word' id='word_1_213' title='bbox 243 922 305 962; x_wconf 46' lang='grc' dir='ltr'>λίνα</span> <span class='ocrx_word' id='word_1_214' title='bbox 322 935 347 961; x_wconf 87' lang='grc' dir='ltr'><strong>τί</strong></span> <span class='ocrx_word' id='word_1_215' title='bbox 368 936 407 967; x_wconf 82' lang='grc' dir='ltr'><strong>εἰς</strong></span> <span class='ocrx_word' id='word_1_216' title='bbox 422 938 514 969; x_wconf 59' lang='lat' dir='ltr'><strong>xli-1.0;;</strong></span> <span class='ocrx_word' id='word_1_217' title='bbox 566 937 626 963; x_wconf 86' lang='grc' dir='ltr'>’Ὶνα</span> <span class='ocrx_word' id='word_1_218' title='bbox 644 937 669 964; x_wconf 81' lang='grc' dir='ltr'><strong>τί</strong></span> <span class='ocrx_word' id='word_1_219' title='bbox 694 938 800 974; x_wconf 79' lang='grc' dir='ltr'><strong>σιωπᾷς</strong></span> <span class='ocrx_word' id='word_1_220' title='bbox 818 938 859 970; x_wconf 81' lang='grc' dir='ltr'>είς</span> <span class='ocrx_word' id='word_1_221' title='bbox 879 938 909 965; x_wconf 83' lang='grc' dir='ltr'>τδ</span> <span class='ocrx_word' id='word_1_222' title='bbox 928 947 966 965; x_wconf 88' lang='grc' dir='ltr'>νι-</span> 
     </span>
    </p>
   </div>
   <div class='ocr_carea' id='block_1_36' title="bbox 1017 922 1804 974">
    <p class='ocr_par' dir='ltr' id='par_1_36' title="bbox 1052 937 1804 970">
     <span class='ocr_line' id='line_1_36' title="bbox 1052 937 1804 970; baseline -0.003 -6"><span class='ocrx_word' id='word_1_223' title='bbox 1052 937 1081 964; x_wconf 81' lang='grc' dir='ltr'><strong>ν.</strong></span> <span class='ocrx_word' id='word_1_224' title='bbox 1094 938 1139 964; x_wconf 72' lang='grc'><strong>20.</strong></span> <span class='ocrx_word' id='word_1_225' title='bbox 1161 947 1170 963; x_wconf 92' lang='lat'><strong>1</strong></span> <span class='ocrx_word' id='word_1_226' title='bbox 1187 938 1276 970; x_wconf 83' lang='lat' dir='ltr'><strong>Quare</strong></span> <span class='ocrx_word' id='word_1_227' title='bbox 1292 937 1318 964; x_wconf 86' lang='lat' dir='ltr'><strong>in</strong></span> <span class='ocrx_word' id='word_1_228' title='bbox 1331 938 1497 964; x_wconf 65' lang='lat' dir='ltr'><strong>victoriam.»</strong></span> <span class='ocrx_word' id='word_1_229' title='bbox 1515 937 1604 970; x_wconf 82' lang='lat' dir='ltr'><strong>Quare</strong></span> <span class='ocrx_word' id='word_1_230' title='bbox 1618 937 1692 969; x_wconf 76' lang='lat' dir='ltr'><strong>siles,</strong></span> <span class='ocrx_word' id='word_1_231' title='bbox 1710 943 1739 964; x_wconf 87' lang='lat' dir='ltr'><strong>ut</strong></span> <span class='ocrx_word' id='word_1_232' title='bbox 1754 945 1804 963; x_wconf 76' lang='lat' dir='ltr'><strong>nos</strong></span> 
     </span>
    </p>
   </div>
   <div class='ocr_carea' id='block_1_37' title="bbox 176 980 400 1016">
    <p class='ocr_par' dir='ltr' id='par_1_37' title="bbox 176 980 400 1016">
     <span class='ocr_line' id='line_1_37' title="bbox 176 980 400 1016; baseline -0.013 0"><span class='ocrx_word' id='word_1_233' title='bbox 176 980 292 1016; x_wconf 80' lang='grc' dir='ltr'>κηθῆναι</span> <span class='ocrx_word' id='word_1_234' title='bbox 309 981 400 1016; x_wconf 54' lang='lat' dir='ltr'><strong>nam</strong></span> 
     </span>
    </p>
   </div>
   <div class='ocr_carea' id='block_1_38' title="bbox 214 1027 962 1066">
    <p class='ocr_par' dir='ltr' id='par_1_38' title="bbox 214 1027 962 1066">
     <span class='ocr_line' id='line_1_38' title="bbox 214 1027 962 1066; baseline 0.008 -14"><span class='ocrx_word' id='word_1_235' title='bbox 214 1036 223 1051; x_wconf 89' lang='lat'><strong>1</strong></span> <span class='ocrx_word' id='word_1_236' title='bbox 241 1027 408 1062; x_wconf 74' lang='grc' dir='ltr'>Καταλείψει</span> <span class='ocrx_word' id='word_1_237' title='bbox 421 1028 508 1063; x_wconf 78' lang='grc' dir='ltr'><strong>ἡμᾶς.</strong></span> <span class='ocrx_word' id='word_1_238' title='bbox 534 1036 543 1053; x_wconf 72' lang='grc' dir='ltr'><strong><em>ι</em></strong></span> <span class='ocrx_word' id='word_1_239' title='bbox 566 1028 756 1063; x_wconf 75' lang='grc' dir='ltr'>Παρεκτείνων</span> <span class='ocrx_word' id='word_1_240' title='bbox 774 1028 825 1065; x_wconf 74' lang='grc' dir='ltr'>τὴν</span> <span class='ocrx_word' id='word_1_241' title='bbox 843 1030 962 1066; x_wconf 66' lang='grc' dir='ltr'><strong>ὲγκατάτ</strong></span> 
     </span>
    </p>
   </div>
   <div class='ocr_carea' id='block_1_39' title="bbox 177 1070 277 1100">
    <p class='ocr_par' dir='ltr' id='par_1_39' title="bbox 177 1070 277 1100">
     <span class='ocr_line' id='line_1_39' title="bbox 177 1070 277 1100; baseline -0.01 -3"><span class='ocrx_word' id='word_1_242' title='bbox 177 1070 277 1100; x_wconf 73' lang='grc' dir='ltr'>λειψιν,</span> 
     </span>
    </p>
   </div>
   <div class='ocr_carea' id='block_1_40' title="bbox 215 1080 966 1159">
    <p class='ocr_par' dir='ltr' id='par_1_40' title="bbox 215 1080 966 1159">
     <span class='ocr_line' id='line_1_40' title="bbox 215 1080 277 1100; baseline 0 -3"><span class='ocrx_word' id='word_1_243' title='bbox 215 1080 231 1097; x_wconf 68' lang='grc' dir='ltr'><strong>,ν</strong></span> <span class='ocrx_word' id='word_1_244' title='bbox 242 1081 277 1100; x_wconf 88' lang='grc' dir='ltr'>ιν.</span> 
     </span>
     <span class='ocr_line' id='line_1_41' title="bbox 215 1080 966 1159; baseline 0.005 -17"><span class='ocrx_word' id='word_1_245' title='bbox 215 1080 427 1159; x_wconf 47' lang='grc' dir='ltr'>ΪῈπίστρεψον</span> <span class='ocrx_word' id='word_1_246' title='bbox 441 1119 527 1154; x_wconf 79' lang='grc' dir='ltr'><strong>ἡμᾶς.</strong></span> <span class='ocrx_word' id='word_1_247' title='bbox 545 1128 554 1144; x_wconf 78' lang='grc' dir='ltr'><strong><em>ι</em></strong></span> <span class='ocrx_word' id='word_1_248' title='bbox 571 1119 683 1155; x_wconf 79' lang='grc' dir='ltr'><strong>Ἐπειδὴ</strong></span> <span class='ocrx_word' id='word_1_249' title='bbox 695 1119 739 1146; x_wconf 78' lang='grc' dir='ltr'>διὰ</span> <span class='ocrx_word' id='word_1_250' title='bbox 757 1119 860 1155; x_wconf 83' lang='grc' dir='ltr'>πλῆθος</span> <span class='ocrx_word' id='word_1_251' title='bbox 876 1120 966 1156; x_wconf 82' lang='grc' dir='ltr'>ἁμαρ-</span> 
     </span>
    </p>
   </div>
   <div class='ocr_carea' id='block_1_41' title="bbox 177 1163 963 1202">
    <p class='ocr_par' dir='ltr' id='par_1_41' title="bbox 177 1163 963 1202">
     <span class='ocr_line' id='line_1_42' title="bbox 177 1163 963 1202; baseline 0.005 -13"><span class='ocrx_word' id='word_1_252' title='bbox 177 1163 243 1189; x_wconf 83' lang='grc' dir='ltr'>τιῶν</span> <span class='ocrx_word' id='word_1_253' title='bbox 269 1164 498 1200; x_wconf 80' lang='grc' dir='ltr'>ἀπορῤιπτόμεθα</span> <span class='ocrx_word' id='word_1_254' title='bbox 512 1186 519 1198; x_wconf 85' lang='grc'><strong>,</strong></span> <span class='ocrx_word' id='word_1_255' title='bbox 544 1165 659 1201; x_wconf 81' lang='grc' dir='ltr'><strong>ἱλασμὸν</strong></span> <span class='ocrx_word' id='word_1_256' title='bbox 678 1166 749 1193; x_wconf 83' lang='grc' dir='ltr'>αὶτεῖ</span> <span class='ocrx_word' id='word_1_257' title='bbox 771 1167 785 1192; x_wconf 87' lang='grc' dir='ltr'>ὁ</span> <span class='ocrx_word' id='word_1_258' title='bbox 809 1166 963 1202; x_wconf 70' lang='grc' dir='ltr'>προφήτης,</span> 
     </span>
    </p>
   </div>
   <div class='ocr_carea' id='block_1_42' title="bbox 177 1205 963 1246">
    <p class='ocr_par' dir='ltr' id='par_1_42' title="bbox 177 1205 963 1246">
     <span class='ocr_line' id='line_1_43' title="bbox 177 1205 963 1246; baseline 0.004 -11"><span class='ocrx_word' id='word_1_259' title='bbox 177 1208 212 1235; x_wconf 85' lang='grc' dir='ltr'><strong>δι’</strong></span> <span class='ocrx_word' id='word_1_260' title='bbox 229 1205 260 1235; x_wconf 68' lang='grc' dir='ltr'><strong>οὗ</strong></span> <span class='ocrx_word' id='word_1_261' title='bbox 278 1209 294 1244; x_wconf 85' lang='grc' dir='ltr'><strong>ή</strong></span> <span class='ocrx_word' id='word_1_262' title='bbox 311 1209 465 1246; x_wconf 72' lang='grc' dir='ltr'>ἐπιστροφὴ</span> <span class='ocrx_word' id='word_1_263' title='bbox 481 1209 631 1246; x_wconf 76' lang='grc' dir='ltr'>προθύμως</span> <span class='ocrx_word' id='word_1_264' title='bbox 647 1210 716 1246; x_wconf 81' lang='grc' dir='ltr'>πρὸς</span> <span class='ocrx_word' id='word_1_265' title='bbox 734 1210 837 1246; x_wconf 85' lang='grc' dir='ltr'>Κύριον</span> <span class='ocrx_word' id='word_1_266' title='bbox 848 1211 963 1245; x_wconf 79' lang='grc' dir='ltr'>γίνεται.</span> 
     </span>
    </p>
   </div>
   <div class='ocr_carea' id='block_1_43' title="bbox 219 1296 966 1333">
    <p class='ocr_par' dir='ltr' id='par_1_43' title="bbox 219 1296 966 1333">
     <span class='ocr_line' id='line_1_44' title="bbox 219 1296 966 1333; baseline 0.003 -11"><span class='ocrx_word' id='word_1_267' title='bbox 219 1305 229 1322; x_wconf 88' lang='lat'><strong>1</strong></span> <span class='ocrx_word' id='word_1_268' title='bbox 247 1296 302 1323; x_wconf 80' lang='grc' dir='ltr'><strong>Καὶ</strong></span> <span class='ocrx_word' id='word_1_269' title='bbox 317 1296 493 1324; x_wconf 86' lang='grc' dir='ltr'>ἀνακαίνισον</span> <span class='ocrx_word' id='word_1_270' title='bbox 509 1297 594 1332; x_wconf 82' lang='grc' dir='ltr'>ἡμᾶς.</span> <span class='ocrx_word' id='word_1_271' title='bbox 619 1306 629 1323; x_wconf 68' lang='grc' dir='ltr'><strong>ι</strong></span> <span class='ocrx_word' id='word_1_272' title='bbox 648 1296 724 1324; x_wconf 60' lang='lat' dir='ltr'><strong>mea</strong></span> <span class='ocrx_word' id='word_1_273' title='bbox 738 1298 786 1324; x_wconf 79' lang='grc' dir='ltr'><strong>καὶ</strong></span> <span class='ocrx_word' id='word_1_274' title='bbox 803 1297 874 1324; x_wconf 81' lang='grc' dir='ltr'>κατὰ</span> <span class='ocrx_word' id='word_1_275' title='bbox 898 1298 966 1333; x_wconf 83' lang='grc' dir='ltr'>πρό-</span> 
     </span>
    </p>
   </div>
   <div class='ocr_carea' id='block_1_44' title="bbox 178 1341 894 1378">
    <p class='ocr_par' dir='ltr' id='par_1_44' title="bbox 178 1341 894 1378">
     <span class='ocr_line' id='line_1_45' title="bbox 178 1341 894 1378; baseline 0.001 -11"><span class='ocrx_word' id='word_1_276' title='bbox 178 1348 279 1375; x_wconf 81' lang='grc' dir='ltr'>γνωσιν</span> <span class='ocrx_word' id='word_1_277' title='bbox 291 1341 450 1377; x_wconf 79' lang='grc' dir='ltr'>προώρισας</span> <span class='ocrx_word' id='word_1_278' title='bbox 463 1341 512 1376; x_wconf 83' lang='grc' dir='ltr'>τὴν</span> <span class='ocrx_word' id='word_1_279' title='bbox 527 1341 665 1377; x_wconf 82' lang='grc' dir='ltr'><strong>σωτηρίαν</strong></span> <span class='ocrx_word' id='word_1_280' title='bbox 679 1341 726 1368; x_wconf 82' lang='grc' dir='ltr'>τοῦ</span> <span class='ocrx_word' id='word_1_281' title='bbox 739 1341 894 1378; x_wconf 78' lang='grc' dir='ltr'>ἀνθρώπου.</span> 
     </span>
    </p>
   </div>
   <div class='ocr_carea' id='block_1_45' title="bbox 1015 983 1217 1011">
    <p class='ocr_par' dir='ltr' id='par_1_45' title="bbox 1015 983 1217 1011">
     <span class='ocr_line' id='line_1_46' title="bbox 1015 983 1217 1011; baseline -0.01 -1"><span class='ocrx_word' id='word_1_282' title='bbox 1015 983 1173 1011; x_wconf 74' lang='lat' dir='ltr'><strong>vincamur?</strong></span> <span class='ocrx_word' id='word_1_283' title='bbox 1215 1005 1217 1008; x_wconf 15' lang='grc' dir='ltr'><strong>ι</strong></span> 
     </span>
    </p>
   </div>
   <div class='ocr_carea' id='block_1_46' title="bbox 1053 1028 1721 1062">
    <p class='ocr_par' dir='ltr' id='par_1_46' title="bbox 1053 1028 1721 1062">
     <span class='ocr_line' id='line_1_47' title="bbox 1053 1028 1721 1062; baseline 0 -8"><span class='ocrx_word' id='word_1_284' title='bbox 1053 1038 1062 1054; x_wconf 91' lang='lat'><strong>1</strong></span> <span class='ocrx_word' id='word_1_285' title='bbox 1084 1029 1270 1062; x_wconf 85' lang='lat' dir='ltr'><strong>Derelinques.</strong></span> <span class='ocrx_word' id='word_1_286' title='bbox 1292 1038 1301 1054; x_wconf 77' lang='grc' dir='ltr'><strong>ι</strong></span> <span class='ocrx_word' id='word_1_287' title='bbox 1327 1028 1484 1055; x_wconf 83' lang='lat' dir='ltr'><strong>Produccns</strong></span> <span class='ocrx_word' id='word_1_288' title='bbox 1503 1028 1721 1055; x_wconf 83' lang='lat' dir='ltr'><strong>derelictionem.</strong></span> 
     </span>
    </p>
   </div>
   <div class='ocr_carea' id='block_1_47' title="bbox 1053 1112 1802 1149">
    <p class='ocr_par' dir='ltr' id='par_1_47' title="bbox 1053 1112 1802 1149">
     <span class='ocr_line' id='line_1_48' title="bbox 1053 1112 1802 1149; baseline -0.003 -9"><span class='ocrx_word' id='word_1_289' title='bbox 1053 1123 1062 1139; x_wconf 89' lang='lat'><strong>1</strong></span> <span class='ocrx_word' id='word_1_290' title='bbox 1084 1113 1220 1140; x_wconf 78' lang='lat' dir='ltr'><strong>Converte</strong></span> <span class='ocrx_word' id='word_1_291' title='bbox 1247 1121 1307 1140; x_wconf 89' lang='lat' dir='ltr'><strong>nos.</strong></span> <span class='ocrx_word' id='word_1_292' title='bbox 1329 1123 1337 1139; x_wconf 70' lang='grc' dir='ltr'><strong>ι</strong></span> <span class='ocrx_word' id='word_1_293' title='bbox 1368 1114 1437 1146; x_wconf 88' lang='lat' dir='ltr'><strong>Quia</strong></span> <span class='ocrx_word' id='word_1_294' title='bbox 1466 1118 1576 1149; x_wconf 78' lang='lat' dir='ltr'><strong>propter</strong></span> <span class='ocrx_word' id='word_1_295' title='bbox 1601 1112 1802 1140; x_wconf 74' lang='lat' dir='ltr'><strong>multitudinem</strong></span> 
     </span>
    </p>
   </div>
   <div class='ocr_carea' id='block_1_48' title="bbox 1016 1159 1803 1195">
    <p class='ocr_par' dir='ltr' id='par_1_48' title="bbox 1016 1159 1803 1195">
     <span class='ocr_line' id='line_1_49' title="bbox 1016 1159 1803 1195; baseline -0.003 -9"><span class='ocrx_word' id='word_1_296' title='bbox 1016 1164 1191 1195; x_wconf 85' lang='lat' dir='ltr'><strong>peccatorum</strong></span> <span class='ocrx_word' id='word_1_297' title='bbox 1219 1160 1372 1194; x_wconf 73' lang='lat' dir='ltr'><strong>ubjicimur,</strong></span> <span class='ocrx_word' id='word_1_298' title='bbox 1398 1160 1619 1194; x_wconf 69' lang='lat' dir='ltr'><strong>propitiatirmem</strong></span> <span class='ocrx_word' id='word_1_299' title='bbox 1648 1159 1714 1194; x_wconf 86' lang='lat' dir='ltr'><strong>petit</strong></span> <span class='ocrx_word' id='word_1_300' title='bbox 1741 1167 1803 1193; x_wconf 87' lang='lat' dir='ltr'><strong>pro-</strong></span> 
     </span>
    </p>
   </div>
   <div class='ocr_carea' id='block_1_49' title="bbox 1016 1204 1804 1240">
    <p class='ocr_par' dir='ltr' id='par_1_49' title="bbox 1016 1204 1804 1240">
     <span class='ocr_line' id='line_1_50' title="bbox 1016 1204 1804 1240; baseline -0.004 -8"><span class='ocrx_word' id='word_1_301' title='bbox 1016 1206 1110 1240; x_wconf 70' lang='lat' dir='ltr'><strong>phesa,</strong></span> <span class='ocrx_word' id='word_1_302' title='bbox 1125 1213 1174 1240; x_wconf 90' lang='lat' dir='ltr'><strong>per</strong></span> <span class='ocrx_word' id='word_1_303' title='bbox 1193 1213 1274 1240; x_wconf 84' lang='lat' dir='ltr'><strong>quam</strong></span> <span class='ocrx_word' id='word_1_304' title='bbox 1297 1205 1424 1232; x_wconf 79' lang='lat' dir='ltr'><strong>alacriter</strong></span> <span class='ocrx_word' id='word_1_305' title='bbox 1447 1207 1476 1232; x_wconf 81' lang='lat' dir='ltr'><strong>lit</strong></span> <span class='ocrx_word' id='word_1_306' title='bbox 1495 1205 1639 1232; x_wconf 81' lang='lat' dir='ltr'><strong>conversio</strong></span> <span class='ocrx_word' id='word_1_307' title='bbox 1660 1204 1692 1231; x_wconf 87' lang='lat' dir='ltr'><strong>ad</strong></span> <span class='ocrx_word' id='word_1_308' title='bbox 1712 1204 1804 1230; x_wconf 87' lang='lat' dir='ltr'><strong>Domi-</strong></span> 
     </span>
    </p>
   </div>
   <div class='ocr_carea' id='block_1_50' title="bbox 1017 1259 1093 1278">
    <p class='ocr_par' dir='ltr' id='par_1_50' title="bbox 1017 1259 1093 1278">
     <span class='ocr_line' id='line_1_51' title="bbox 1017 1259 1093 1278; baseline 0 -1"><span class='ocrx_word' id='word_1_309' title='bbox 1017 1259 1093 1278; x_wconf 79' lang='grc' dir='ltr'>ιιυιιι.</span> 
     </span>
    </p>
   </div>
   <div class='ocr_carea' id='block_1_51' title="bbox 1057 1296 1806 1332">
    <p class='ocr_par' dir='ltr' id='par_1_51' title="bbox 1057 1296 1806 1332">
     <span class='ocr_line' id='line_1_52' title="bbox 1057 1296 1806 1332; baseline -0.003 -8"><span class='ocrx_word' id='word_1_310' title='bbox 1057 1306 1066 1323; x_wconf 94' lang='lat'><strong>1</strong></span> <span class='ocrx_word' id='word_1_311' title='bbox 1089 1297 1122 1324; x_wconf 84' lang='lat' dir='ltr'><strong>Et</strong></span> <span class='ocrx_word' id='word_1_312' title='bbox 1147 1297 1244 1324; x_wconf 89' lang='lat' dir='ltr'><strong>innova</strong></span> <span class='ocrx_word' id='word_1_313' title='bbox 1268 1297 1328 1324; x_wconf 74' lang='lat' dir='ltr'><strong>dies</strong></span> <span class='ocrx_word' id='word_1_314' title='bbox 1349 1302 1467 1324; x_wconf 79' lang='lat' dir='ltr'><strong>nostros.</strong></span> <span class='ocrx_word' id='word_1_315' title='bbox 1491 1306 1500 1323; x_wconf 77' lang='grc' dir='ltr'><strong>ι</strong></span> <span class='ocrx_word' id='word_1_316' title='bbox 1524 1298 1610 1325; x_wconf 83' lang='lat' dir='ltr'><strong>Sicuti</strong></span> <span class='ocrx_word' id='word_1_317' title='bbox 1637 1296 1806 1332; x_wconf 72' lang='lat' dir='ltr'><strong>prmscicntia</strong></span> 
     </span>
    </p>
   </div>
   <div class='ocr_carea' id='block_1_52' title="bbox 1021 1343 1497 1376">
    <p class='ocr_par' dir='ltr' id='par_1_52' title="bbox 1021 1343 1497 1376">
     <span class='ocr_line' id='line_1_53' title="bbox 1021 1343 1497 1376; baseline 0 -6"><span class='ocrx_word' id='word_1_318' title='bbox 1021 1347 1065 1370; x_wconf 86' lang='lat' dir='ltr'><strong>tua</strong></span> <span class='ocrx_word' id='word_1_319' title='bbox 1080 1343 1221 1376; x_wconf 69' lang='lat' dir='ltr'><strong>praeﬁnisti</strong></span> <span class='ocrx_word' id='word_1_320' title='bbox 1237 1343 1353 1369; x_wconf 80' lang='lat' dir='ltr'><strong>salutem</strong></span> <span class='ocrx_word' id='word_1_321' title='bbox 1370 1343 1497 1370; x_wconf 84' lang='lat' dir='ltr'><strong>hominis.</strong></span> 
     </span>
    </p>
   </div>
   <div class='ocr_carea' id='block_1_53' title="bbox 455 1510 1523 1585">
    <p class='ocr_par' dir='ltr' id='par_1_53' title="bbox 455 1510 1523 1585">
     <span class='ocr_line' id='line_1_54' title="bbox 455 1510 1523 1585; baseline 0.002 -6"><span class='ocrx_word' id='word_1_322' title='bbox 455 1510 812 1585; x_wconf 68' lang='lat' dir='ltr'><strong>FRAGMENTA</strong></span> <span class='ocrx_word' id='word_1_323' title='bbox 865 1536 929 1581; x_wconf 89' lang='lat' dir='ltr'><strong>IN</strong></span> <span class='ocrx_word' id='word_1_324' title='bbox 987 1536 1216 1581; x_wconf 74' lang='lat' dir='ltr'><strong>LIBRUM</strong></span> <span class='ocrx_word' id='word_1_325' title='bbox 1270 1535 1523 1582; x_wconf 83' lang='lat' dir='ltr'><strong>BARUCH.</strong></span> 
     </span>
    </p>
   </div>
   <div class='ocr_carea' id='block_1_54' title="bbox 460 1709 696 1739">
    <p class='ocr_par' dir='ltr' id='par_1_54' title="bbox 460 1709 696 1739">
     <span class='ocr_line' id='line_1_55' title="bbox 460 1709 696 1739; baseline 0.004 -2"><span class='ocrx_word' id='word_1_326' title='bbox 460 1709 637 1737; x_wconf 76' lang='grc' dir='ltr'><strong>ΚΕΦΑΑΙΟΝ</strong></span> <span class='ocrx_word' id='word_1_327' title='bbox 655 1711 696 1739; x_wconf 80' lang='grc' dir='ltr'><strong>Δ’.</strong></span> 
     </span>
    </p>
   </div>
   <div class='ocr_carea' id='block_1_55' title="bbox 219 1756 972 1793">
    <p class='ocr_par' dir='ltr' id='par_1_55' title="bbox 219 1756 972 1793">
     <span class='ocr_line' id='line_1_56' title="bbox 219 1756 972 1793; baseline -0.003 -7"><span class='ocrx_word' id='word_1_328' title='bbox 219 1768 228 1786; x_wconf 96' lang='lat'><strong>1</strong></span> <span class='ocrx_word' id='word_1_329' title='bbox 250 1757 316 1786; x_wconf 82' lang='grc' dir='ltr'><strong>Υἱοῦ</strong></span> <span class='ocrx_word' id='word_1_330' title='bbox 332 1757 458 1784; x_wconf 76' lang='grc' dir='ltr'><strong>Χελκίου.</strong></span> <span class='ocrx_word' id='word_1_331' title='bbox 479 1766 490 1784; x_wconf 73' lang='grc' dir='ltr'><strong>ι</strong></span> <span class='ocrx_word' id='word_1_332' title='bbox 506 1757 586 1788; x_wconf 82' lang='grc' dir='ltr'><strong>Ἴσως</strong></span> <span class='ocrx_word' id='word_1_333' title='bbox 605 1757 642 1788; x_wconf 88' lang='grc' dir='ltr'><strong>ὼς</strong></span> <span class='ocrx_word' id='word_1_334' title='bbox 657 1756 806 1791; x_wconf 77' lang='grc' dir='ltr'>ἀξιολόγων</span> <span class='ocrx_word' id='word_1_335' title='bbox 823 1757 881 1784; x_wconf 79' lang='grc' dir='ltr'><strong>τῶν</strong></span> <span class='ocrx_word' id='word_1_336' title='bbox 903 1765 972 1793; x_wconf 84' lang='grc' dir='ltr'>προ-</span> 
     </span>
    </p>
   </div>
   <div class='ocr_carea' id='block_1_56' title="bbox 180 1803 620 1840">
    <p class='ocr_par' dir='ltr' id='par_1_56' title="bbox 180 1803 620 1840">
     <span class='ocr_line' id='line_1_57' title="bbox 180 1803 620 1840; baseline -0.005 -9"><span class='ocrx_word' id='word_1_337' title='bbox 180 1805 268 1840; x_wconf 72' lang='grc' dir='ltr'>γόνων</span> <span class='ocrx_word' id='word_1_338' title='bbox 283 1803 331 1831; x_wconf 82' lang='grc' dir='ltr'><strong>τοῦ</strong></span> <span class='ocrx_word' id='word_1_339' title='bbox 344 1803 453 1838; x_wconf 76' lang='grc' dir='ltr'>Βαροὺχ</span> <span class='ocrx_word' id='word_1_340' title='bbox 471 1803 620 1838; x_wconf 81' lang='grc' dir='ltr'>μέμνηται.</span> 
     </span>
    </p>
   </div>
   <div class='ocr_carea' id='block_1_57' title="bbox 221 1847 971 1886">
    <p class='ocr_par' dir='ltr' id='par_1_57' title="bbox 221 1847 971 1886">
     <span class='ocr_line' id='line_1_58' title="bbox 221 1847 971 1886; baseline -0.003 -9"><span class='ocrx_word' id='word_1_341' title='bbox 221 1861 231 1877; x_wconf 93' lang='lat'><strong>1</strong></span> <span class='ocrx_word' id='word_1_342' title='bbox 260 1851 304 1878; x_wconf 83' lang='grc' dir='ltr'>Ἑν</span> <span class='ocrx_word' id='word_1_343' title='bbox 321 1850 360 1885; x_wconf 76' lang='grc' dir='ltr'>τῷ</span> <span class='ocrx_word' id='word_1_344' title='bbox 382 1849 482 1886; x_wconf 84' lang='grc' dir='ltr'>καιρῷ.</span> <span class='ocrx_word' id='word_1_345' title='bbox 512 1858 521 1874; x_wconf 73' lang='grc' dir='ltr'><strong>ι</strong></span> <span class='ocrx_word' id='word_1_346' title='bbox 551 1849 608 1876; x_wconf 84' lang='grc' dir='ltr'>οὐκ</span> <span class='ocrx_word' id='word_1_347' title='bbox 628 1847 705 1876; x_wconf 68' lang='grc' dir='ltr'>εἶπεν</span> <span class='ocrx_word' id='word_1_348' title='bbox 721 1850 750 1876; x_wconf 79' lang='grc' dir='ltr'>ἐν</span> <span class='ocrx_word' id='word_1_349' title='bbox 774 1849 815 1885; x_wconf 87' lang='grc' dir='ltr'><strong>τῷ</strong></span> <span class='ocrx_word' id='word_1_350' title='bbox 843 1849 971 1885; x_wconf 73' lang='grc' dir='ltr'>ἐνιαυτῷ,</span> 
     </span>
    </p>
   </div>
   <div class='ocr_carea' id='block_1_58' title="bbox 183 1895 972 1932">
    <p class='ocr_par' dir='ltr' id='par_1_58' title="bbox 183 1895 972 1932">
     <span class='ocr_line' id='line_1_59' title="bbox 183 1895 972 1932; baseline -0.001 -9"><span class='ocrx_word' id='word_1_351' title='bbox 183 1897 242 1923; x_wconf 79' lang='grc' dir='ltr'>ἀλλ’</span> <span class='ocrx_word' id='word_1_352' title='bbox 267 1897 297 1923; x_wconf 77' lang='grc' dir='ltr'>ἐν</span> <span class='ocrx_word' id='word_1_353' title='bbox 319 1896 359 1932; x_wconf 79' lang='grc' dir='ltr'>τῷ</span> <span class='ocrx_word' id='word_1_354' title='bbox 383 1895 483 1930; x_wconf 78' lang='grc' dir='ltr'>καιρῷ,</span> <span class='ocrx_word' id='word_1_355' title='bbox 513 1895 558 1922; x_wconf 82' lang='grc' dir='ltr'>ἵνα</span> <span class='ocrx_word' id='word_1_356' title='bbox 580 1895 656 1931; x_wconf 72' lang='grc' dir='ltr'><strong>εἴπῃ.</strong></span> <span class='ocrx_word' id='word_1_357' title='bbox 676 1896 737 1922; x_wconf 82' lang='grc' dir='ltr'>κατ’</span> <span class='ocrx_word' id='word_1_358' title='bbox 764 1895 885 1927; x_wconf 77' lang='grc' dir='ltr'><strong>ἐκείνους</strong></span> <span class='ocrx_word' id='word_1_359' title='bbox 909 1896 972 1927; x_wconf 71' lang='grc' dir='ltr'>τοὺς</span> 
     </span>
    </p>
   </div>
   <div class='ocr_carea' id='block_1_59' title="bbox 183 1941 972 1978">
    <p class='ocr_par' dir='ltr' id='par_1_59' title="bbox 183 1941 972 1978">
     <span class='ocr_line' id='line_1_60' title="bbox 183 1941 972 1978; baseline -0.003 -9"><span class='ocrx_word' id='word_1_360' title='bbox 183 1943 296 1978; x_wconf 76' lang='grc' dir='ltr'>χρόνους</span> <span class='ocrx_word' id='word_1_361' title='bbox 307 1951 313 1957; x_wconf 92' lang='grc'><strong>·</strong></span> <span class='ocrx_word' id='word_1_362' title='bbox 329 1942 359 1968; x_wconf 72' lang='grc' dir='ltr'>οὗ</span> <span class='ocrx_word' id='word_1_363' title='bbox 375 1942 429 1977; x_wconf 84' lang='grc' dir='ltr'>γὰρ</span> <span class='ocrx_word' id='word_1_364' title='bbox 445 1942 474 1967; x_wconf 78' lang='grc' dir='ltr'>ὲν</span> <span class='ocrx_word' id='word_1_365' title='bbox 491 1941 529 1976; x_wconf 86' lang='grc' dir='ltr'>τῷ</span> <span class='ocrx_word' id='word_1_366' title='bbox 547 1941 676 1976; x_wconf 80' lang='grc' dir='ltr'>πέμπτῳ,</span> <span class='ocrx_word' id='word_1_367' title='bbox 698 1941 759 1967; x_wconf 77' lang='grc' dir='ltr'>οὗτε</span> <span class='ocrx_word' id='word_1_368' title='bbox 785 1941 814 1967; x_wconf 81' lang='grc' dir='ltr'>ὲν</span> <span class='ocrx_word' id='word_1_369' title='bbox 830 1941 869 1976; x_wconf 85' lang='grc' dir='ltr'><strong>τῷ</strong></span> <span class='ocrx_word' id='word_1_370' title='bbox 886 1942 972 1977; x_wconf 76' lang='grc' dir='ltr'>ἐνάτῳ</span> 
     </span>
    </p>
   </div>
   <div class='ocr_carea' id='block_1_60' title="bbox 182 1987 973 2023">
    <p class='ocr_par' dir='ltr' id='par_1_60' title="bbox 182 1987 973 2023">
     <span class='ocr_line' id='line_1_61' title="bbox 182 1987 973 2023; baseline 0 -9"><span class='ocrx_word' id='word_1_371' title='bbox 182 1989 300 2022; x_wconf 71' lang='grc' dir='ltr'>ἓτειτῆς</span> <span class='ocrx_word' id='word_1_372' title='bbox 314 1987 454 2023; x_wconf 55' lang='lat' dir='ltr'><strong>Beothius</strong></span> <span class='ocrx_word' id='word_1_373' title='bbox 471 1987 596 2014; x_wconf 73' lang='grc' dir='ltr'><strong>Σεδεκίω</strong></span> <span class='ocrx_word' id='word_1_374' title='bbox 608 1988 665 2023; x_wconf 74' lang='grc' dir='ltr'>ἥλω</span> <span class='ocrx_word' id='word_1_375' title='bbox 682 1988 699 2023; x_wconf 84' lang='grc' dir='ltr'>ὴ</span> <span class='ocrx_word' id='word_1_376' title='bbox 713 1988 800 2020; x_wconf 81' lang='grc' dir='ltr'>πόλις,</span> <span class='ocrx_word' id='word_1_377' title='bbox 816 1987 875 2015; x_wconf 70' lang='grc' dir='ltr'>ἀλλ’</span> <span class='ocrx_word' id='word_1_378' title='bbox 891 1989 920 2014; x_wconf 79' lang='grc' dir='ltr'><strong>ὲν</strong></span> <span class='ocrx_word' id='word_1_379' title='bbox 933 1987 973 2021; x_wconf 81' lang='grc' dir='ltr'>τῷ</span> 
     </span>
    </p>
   </div>
   <div class='ocr_carea' id='block_1_61' title="bbox 184 2033 330 2067">
    <p class='ocr_par' dir='ltr' id='par_1_61' title="bbox 184 2033 330 2067">
     <span class='ocr_line' id='line_1_62' title="bbox 184 2033 330 2067; baseline 0.007 -8"><span class='ocrx_word' id='word_1_380' title='bbox 184 2033 330 2067; x_wconf 76' lang='grc' dir='ltr'><strong>ἑνδεκάτῳ.</strong></span> 
     </span>
    </p>
   </div>
   <div class='ocr_carea' id='block_1_62' title="bbox 197 2072 974 2114">
    <p class='ocr_par' dir='ltr' id='par_1_62' title="bbox 197 2072 974 2114">
     <span class='ocr_line' id='line_1_63' title="bbox 197 2072 974 2114; baseline -0.003 -9"><span class='ocrx_word' id='word_1_381' title='bbox 197 2072 202 2076; x_wconf 64' lang='grc'><em>’</em></span> <span class='ocrx_word' id='word_1_382' title='bbox 221 2088 231 2104; x_wconf 96' lang='lat'><strong>1</strong></span> <span class='ocrx_word' id='word_1_383' title='bbox 253 2079 298 2105; x_wconf 83' lang='lat' dir='ltr'><strong>‘Ev</strong></span> <span class='ocrx_word' id='word_1_384' title='bbox 311 2077 379 2104; x_wconf 77' lang='grc' dir='ltr'><strong>ὠσὶν</strong></span> <span class='ocrx_word' id='word_1_385' title='bbox 400 2077 537 2113; x_wconf 83' lang='grc' dir='ltr'>Ἰεχονίου.</span> <span class='ocrx_word' id='word_1_386' title='bbox 559 2087 568 2104; x_wconf 78' lang='grc' dir='ltr'><strong>ι</strong></span> <span class='ocrx_word' id='word_1_387' title='bbox 584 2077 686 2104; x_wconf 77' lang='grc' dir='ltr'>Τοῦτον</span> <span class='ocrx_word' id='word_1_388' title='bbox 698 2077 832 2114; x_wconf 78' lang='grc' dir='ltr'>πρότερον</span> <span class='ocrx_word' id='word_1_389' title='bbox 848 2078 974 2113; x_wconf 77' lang='grc' dir='ltr'><strong>μετοικῆ-</strong></span> 
     </span>
    </p>
   </div>
   <div class='ocr_carea' id='block_1_63' title="bbox 186 2121 973 2159">
    <p class='ocr_par' dir='ltr' id='par_1_63' title="bbox 186 2121 973 2159">
     <span class='ocr_line' id='line_1_64' title="bbox 186 2121 973 2159; baseline -0.003 -8"><span class='ocrx_word' id='word_1_390' title='bbox 186 2132 236 2156; x_wconf 79' lang='grc' dir='ltr'><strong>σας</strong></span> <span class='ocrx_word' id='word_1_391' title='bbox 264 2121 299 2159; x_wconf 74' lang='grc' dir='ltr'>ἦν</span> <span class='ocrx_word' id='word_1_392' title='bbox 322 2124 363 2154; x_wconf 86' lang='grc' dir='ltr'><strong>είς</strong></span> <span class='ocrx_word' id='word_1_393' title='bbox 382 2123 531 2150; x_wconf 78' lang='grc' dir='ltr'>Βαϐυλῶνα</span> <span class='ocrx_word' id='word_1_394' title='bbox 547 2124 561 2150; x_wconf 83' lang='grc' dir='ltr'><strong>ό</strong></span> <span class='ocrx_word' id='word_1_395' title='bbox 579 2123 825 2158; x_wconf 76' lang='grc' dir='ltr'>Ναϐουχοδονόσορ.</span> <span class='ocrx_word' id='word_1_396' title='bbox 849 2124 877 2150; x_wconf 93' lang='grc'><strong>’0</strong></span> <span class='ocrx_word' id='word_1_397' title='bbox 893 2122 973 2155; x_wconf 77' lang='grc' dir='ltr'>αὐτὸς</span> 
     </span>
    </p>
   </div>
   <div class='ocr_carea' id='block_1_64' title="bbox 185 2168 974 2205">
    <p class='ocr_par' dir='ltr' id='par_1_64' title="bbox 185 2168 974 2205">
     <span class='ocr_line' id='line_1_65' title="bbox 185 2168 974 2205; baseline -0.001 -8"><span class='ocrx_word' id='word_1_398' title='bbox 185 2170 214 2196; x_wconf 76' lang='grc' dir='ltr'>δὲ</span> <span class='ocrx_word' id='word_1_399' title='bbox 228 2168 305 2201; x_wconf 76' lang='grc' dir='ltr'>οὗτος</span> <span class='ocrx_word' id='word_1_400' title='bbox 324 2170 453 2205; x_wconf 73' lang='grc' dir='ltr'>Ἰεχονίας</span> <span class='ocrx_word' id='word_1_401' title='bbox 477 2169 535 2201; x_wconf 74' lang='grc' dir='ltr'>υἱὸς</span> <span class='ocrx_word' id='word_1_402' title='bbox 563 2169 702 2203; x_wconf 77' lang='grc' dir='ltr'><strong>Ίωακεὶμ,</strong></span> <span class='ocrx_word' id='word_1_403' title='bbox 721 2169 768 2195; x_wconf 77' lang='grc' dir='ltr'>καὶ</span> <span class='ocrx_word' id='word_1_404' title='bbox 784 2169 865 2201; x_wconf 72' lang='grc' dir='ltr'>αὐτὸς</span> <span class='ocrx_word' id='word_1_405' title='bbox 884 2169 974 2196; x_wconf 81' lang='grc' dir='ltr'>Ἐλια-</span> 
     </span>
    </p>
   </div>
   <div class='ocr_carea' id='block_1_65' title="bbox 187 2215 612 2252">
    <p class='ocr_par' dir='ltr' id='par_1_65' title="bbox 187 2215 612 2252">
     <span class='ocr_line' id='line_1_66' title="bbox 187 2215 612 2252; baseline -0.002 -10"><span class='ocrx_word' id='word_1_406' title='bbox 187 2217 252 2252; x_wconf 77' lang='grc' dir='ltr'><strong>κεὶμ</strong></span> <span class='ocrx_word' id='word_1_407' title='bbox 265 2216 398 2248; x_wconf 71' lang='grc' dir='ltr'>ἐκαλεῖτο,</span> <span class='ocrx_word' id='word_1_408' title='bbox 415 2216 549 2251; x_wconf 81' lang='grc' dir='ltr'>διώνυμος</span> <span class='ocrx_word' id='word_1_409' title='bbox 562 2215 612 2242; x_wconf 79' lang='grc' dir='ltr'>ὥν.</span> 
     </span>
    </p>
   </div>
   <div class='ocr_carea' id='block_1_66' title="bbox 225 2258 974 2298">
    <p class='ocr_par' dir='ltr' id='par_1_66' title="bbox 225 2258 974 2298">
     <span class='ocr_line' id='line_1_67' title="bbox 225 2258 974 2298; baseline 0 -12"><span class='ocrx_word' id='word_1_410' title='bbox 225 2270 234 2286; x_wconf 94' lang='lat'><strong>1</strong></span> <span class='ocrx_word' id='word_1_411' title='bbox 257 2262 314 2288; x_wconf 71' lang='grc' dir='ltr'><strong>Καὶ</strong></span> <span class='ocrx_word' id='word_1_412' title='bbox 330 2261 359 2288; x_wconf 84' lang='grc' dir='ltr'>ὲν</span> <span class='ocrx_word' id='word_1_413' title='bbox 374 2261 426 2287; x_wconf 77' lang='grc' dir='ltr'><strong>ὠσὶ</strong></span> <span class='ocrx_word' id='word_1_414' title='bbox 439 2261 548 2298; x_wconf 55' lang='grc' dir='ltr'>παντὸς.</span> <span class='ocrx_word' id='word_1_415' title='bbox 570 2269 579 2286; x_wconf 82' lang='grc' dir='ltr'><strong>ι</strong></span> <span class='ocrx_word' id='word_1_416' title='bbox 597 2261 672 2287; x_wconf 68' lang='grc' dir='ltr'><strong>’Λντὶ</strong></span> <span class='ocrx_word' id='word_1_417' title='bbox 689 2259 748 2294; x_wconf 77' lang='grc' dir='ltr'>τοῦ,</span> <span class='ocrx_word' id='word_1_418' title='bbox 765 2259 819 2286; x_wconf 85' lang='grc' dir='ltr'>τῶν</span> <span class='ocrx_word' id='word_1_419' title='bbox 835 2258 974 2286; x_wconf 70' lang='grc' dir='ltr'>συνελθόνι</span> 
     </span>
    </p>
   </div>
   <div class='ocr_carea' id='block_1_67' title="bbox 186 2307 516 2342">
    <p class='ocr_par' dir='ltr' id='par_1_67' title="bbox 186 2307 516 2342">
     <span class='ocr_line' id='line_1_68' title="bbox 186 2307 516 2342; baseline 0.003 -9"><span class='ocrx_word' id='word_1_420' title='bbox 186 2315 241 2333; x_wconf 80' lang='grc' dir='ltr'><strong>των</strong></span> <span class='ocrx_word' id='word_1_421' title='bbox 257 2308 296 2339; x_wconf 77' lang='grc' dir='ltr'><strong>εἰς</strong></span> <span class='ocrx_word' id='word_1_422' title='bbox 308 2307 358 2342; x_wconf 83' lang='grc' dir='ltr'>τὴν</span> <span class='ocrx_word' id='word_1_423' title='bbox 371 2307 516 2342; x_wconf 73' lang='grc' dir='ltr'>ἀκρόασιν.</span> 
     </span>
    </p>
   </div>
   <div class='ocr_carea' id='block_1_68' title="bbox 225 2351 976 2387">
    <p class='ocr_par' dir='ltr' id='par_1_68' title="bbox 225 2351 976 2387">
     <span class='ocr_line' id='line_1_69' title="bbox 225 2351 976 2387; baseline -0.001 -9"><span class='ocrx_word' id='word_1_424' title='bbox 225 2362 234 2378; x_wconf 97' lang='lat'><strong>1</strong></span> <span class='ocrx_word' id='word_1_425' title='bbox 253 2353 309 2379; x_wconf 78' lang='grc' dir='ltr'><strong>Καὶ</strong></span> <span class='ocrx_word' id='word_1_426' title='bbox 325 2352 450 2380; x_wconf 80' lang='grc' dir='ltr'>ἁνοίσατε</span> <span class='ocrx_word' id='word_1_427' title='bbox 480 2352 526 2378; x_wconf 78' lang='grc' dir='ltr'><strong>ἐπὶ</strong></span> <span class='ocrx_word' id='word_1_428' title='bbox 549 2351 579 2378; x_wconf 82' lang='grc' dir='ltr'>τδ</span> <span class='ocrx_word' id='word_1_429' title='bbox 597 2351 800 2387; x_wconf 78' lang='grc' dir='ltr'>ουσιαστῆριον.</span> <span class='ocrx_word' id='word_1_430' title='bbox 831 2360 840 2376; x_wconf 76' lang='grc' dir='ltr'><strong>ι</strong></span> <span class='ocrx_word' id='word_1_431' title='bbox 865 2351 897 2378; x_wconf 87' lang='lat' dir='ltr'><strong>El</strong></span> <span class='ocrx_word' id='word_1_432' title='bbox 928 2351 976 2378; x_wconf 78' lang='grc' dir='ltr'><strong>καὶ</strong></span> 
     </span>
    </p>
   </div>
   <div class='ocr_carea' id='block_1_69' title="bbox 188 2397 975 2434">
    <p class='ocr_par' dir='ltr' id='par_1_69' title="bbox 188 2397 975 2434">
     <span class='ocr_line' id='line_1_70' title="bbox 188 2397 975 2434; baseline -0.003 -9"><span class='ocrx_word' id='word_1_433' title='bbox 188 2400 378 2434; x_wconf 58' lang='grc' dir='ltr'>κατασκαφὰς</span> <span class='ocrx_word' id='word_1_434' title='bbox 395 2397 428 2434; x_wconf 83' lang='grc' dir='ltr'>ἧν</span> <span class='ocrx_word' id='word_1_435' title='bbox 440 2400 454 2425; x_wconf 85' lang='grc' dir='ltr'>ὁ</span> <span class='ocrx_word' id='word_1_436' title='bbox 467 2399 541 2431; x_wconf 82' lang='grc' dir='ltr'>ναὸς,</span> <span class='ocrx_word' id='word_1_437' title='bbox 556 2398 614 2426; x_wconf 78' lang='grc' dir='ltr'>ἀλλ’</span> <span class='ocrx_word' id='word_1_438' title='bbox 639 2398 667 2424; x_wconf 83' lang='grc' dir='ltr'>ὲν</span> <span class='ocrx_word' id='word_1_439' title='bbox 683 2398 721 2432; x_wconf 78' lang='grc' dir='ltr'>τῷ</span> <span class='ocrx_word' id='word_1_440' title='bbox 736 2398 811 2432; x_wconf 78' lang='grc' dir='ltr'>τόπῳ</span> <span class='ocrx_word' id='word_1_441' title='bbox 835 2397 926 2424; x_wconf 82' lang='grc' dir='ltr'>ἑουον·</span> <span class='ocrx_word' id='word_1_442' title='bbox 945 2397 975 2423; x_wconf 79' lang='grc' dir='ltr'>οὔ</span> 
     </span>
    </p>
   </div>
   <div class='ocr_carea' id='block_1_70' title="bbox 187 2443 974 2481">
    <p class='ocr_par' dir='ltr' id='par_1_70' title="bbox 187 2443 974 2481">
     <span class='ocr_line' id='line_1_71' title="bbox 187 2443 974 2481; baseline -0.001 -10"><span class='ocrx_word' id='word_1_443' title='bbox 187 2446 242 2481; x_wconf 84' lang='grc' dir='ltr'><strong>γὰρ</strong></span> <span class='ocrx_word' id='word_1_444' title='bbox 253 2443 286 2481; x_wconf 82' lang='grc' dir='ltr'>ἦν</span> <span class='ocrx_word' id='word_1_445' title='bbox 306 2445 366 2477; x_wconf 67' lang='grc' dir='ltr'>ἐξὸν</span> <span class='ocrx_word' id='word_1_446' title='bbox 381 2444 511 2480; x_wconf 81' lang='grc' dir='ltr'><strong>ἀλλαχοῦ,</strong></span> <span class='ocrx_word' id='word_1_447' title='bbox 527 2445 552 2471; x_wconf 79' lang='grc' dir='ltr'><strong>εἰ</strong></span> <span class='ocrx_word' id='word_1_448' title='bbox 567 2444 605 2480; x_wconf 83' lang='grc' dir='ltr'><strong>μὴ</strong></span> <span class='ocrx_word' id='word_1_449' title='bbox 623 2445 650 2470; x_wconf 80' lang='grc' dir='ltr'>ὲν</span> <span class='ocrx_word' id='word_1_450' title='bbox 670 2443 848 2479; x_wconf 76' lang='grc' dir='ltr'>Ἰερουσαλὴμ</span> <span class='ocrx_word' id='word_1_451' title='bbox 864 2443 913 2475; x_wconf 74' lang='grc' dir='ltr'>τὰς</span> <span class='ocrx_word' id='word_1_452' title='bbox 926 2443 974 2470; x_wconf 84' lang='grc' dir='ltr'><strong>Θυ-</strong></span> 
     </span>
    </p>
   </div>
   <div class='ocr_carea' id='block_1_71' title="bbox 190 2491 411 2522">
    <p class='ocr_par' dir='ltr' id='par_1_71' title="bbox 190 2491 411 2522">
     <span class='ocr_line' id='line_1_72' title="bbox 190 2491 411 2522; baseline 0 -5"><span class='ocrx_word' id='word_1_453' title='bbox 190 2491 250 2522; x_wconf 81' lang='grc' dir='ltr'>σίας</span> <span class='ocrx_word' id='word_1_454' title='bbox 265 2491 411 2518; x_wconf 79' lang='grc' dir='ltr'>ἐπιτελεῖν.</span> 
     </span>
    </p>
   </div>
   <div class='ocr_carea' id='block_1_72' title="bbox 226 2535 975 2572">
    <p class='ocr_par' dir='ltr' id='par_1_72' title="bbox 226 2535 975 2572">
     <span class='ocr_line' id='line_1_73' title="bbox 226 2535 975 2572; baseline -0.003 -9"><span class='ocrx_word' id='word_1_455' title='bbox 226 2546 236 2562; x_wconf 83' lang='lat'><strong>1</strong></span> <span class='ocrx_word' id='word_1_456' title='bbox 258 2537 312 2563; x_wconf 76' lang='grc' dir='ltr'><strong>Καὶ</strong></span> <span class='ocrx_word' id='word_1_457' title='bbox 335 2536 518 2572; x_wconf 75' lang='grc' dir='ltr'><strong>προσεύξεσθε</strong></span> <span class='ocrx_word' id='word_1_458' title='bbox 537 2537 666 2572; x_wconf 77' lang='grc' dir='ltr'>περὶτῆς</span> <span class='ocrx_word' id='word_1_459' title='bbox 688 2536 761 2571; x_wconf 79' lang='grc' dir='ltr'><strong>ζωῆς</strong></span> <span class='ocrx_word' id='word_1_460' title='bbox 787 2535 975 2570; x_wconf 78' lang='grc' dir='ltr'><strong>Νασυχοδονό-</strong></span> 
     </span>
    </p>
   </div>
   <div class='ocr_carea' id='block_1_73' title="bbox 191 2580 975 2618">
    <p class='ocr_par' dir='ltr' id='par_1_73' title="bbox 191 2580 975 2618">
     <span class='ocr_line' id='line_1_74' title="bbox 191 2580 975 2618; baseline -0.003 -9"><span class='ocrx_word' id='word_1_461' title='bbox 191 2590 248 2618; x_wconf 84' lang='grc' dir='ltr'>σορ.</span> <span class='ocrx_word' id='word_1_462' title='bbox 267 2591 277 2608; x_wconf 79' lang='grc' dir='ltr'><strong><em>ι</em></strong></span> <span class='ocrx_word' id='word_1_463' title='bbox 291 2582 358 2614; x_wconf 68' lang='grc' dir='ltr'><strong>Θεὸς</strong></span> <span class='ocrx_word' id='word_1_464' title='bbox 369 2580 404 2617; x_wconf 77' lang='grc' dir='ltr'>ἦν</span> <span class='ocrx_word' id='word_1_465' title='bbox 420 2581 575 2617; x_wconf 80' lang='grc' dir='ltr'>προστάξας</span> <span class='ocrx_word' id='word_1_466' title='bbox 587 2582 678 2613; x_wconf 79' lang='grc' dir='ltr'>αὺτοῖς</span> <span class='ocrx_word' id='word_1_467' title='bbox 697 2581 825 2617; x_wconf 73' lang='grc' dir='ltr'><strong>εὔχεσθαι</strong></span> <span class='ocrx_word' id='word_1_468' title='bbox 841 2582 905 2616; x_wconf 82' lang='grc' dir='ltr'>περὶ</span> <span class='ocrx_word' id='word_1_469' title='bbox 927 2582 975 2615; x_wconf 76' lang='grc' dir='ltr'><strong>τῆς</strong></span> 
     </span>
    </p>
   </div>
   <div class='ocr_carea' id='block_1_74' title="bbox 1281 1713 1560 1742">
    <p class='ocr_par' dir='ltr' id='par_1_74' title="bbox 1281 1713 1560 1742">
     <span class='ocr_line' id='line_1_75' title="bbox 1281 1713 1560 1742; baseline 0.004 -1"><span class='ocrx_word' id='word_1_470' title='bbox 1281 1713 1394 1741; x_wconf 77' lang='lat' dir='ltr'><strong>CAPUT</strong></span> <span class='ocrx_word' id='word_1_471' title='bbox 1414 1713 1560 1742; x_wconf 85' lang='lat' dir='ltr'><strong>PRIMUM.</strong></span> 
     </span>
    </p>
   </div>
   <div class='ocr_carea' id='block_1_75' title="bbox 1058 1759 1809 1797">
    <p class='ocr_par' dir='ltr' id='par_1_75' title="bbox 1058 1759 1809 1797">
     <span class='ocr_line' id='line_1_76' title="bbox 1058 1759 1809 1797; baseline 0.005 -12"><span class='ocrx_word' id='word_1_472' title='bbox 1058 1759 1090 1786; x_wconf 89' lang='lat' dir='ltr'><strong>V.</strong></span> <span class='ocrx_word' id='word_1_473' title='bbox 1110 1759 1135 1786; x_wconf 87' lang='lat' dir='ltr'><strong>l.</strong></span> <span class='ocrx_word' id='word_1_474' title='bbox 1157 1769 1166 1786; x_wconf 97' lang='lat'><strong>1</strong></span> <span class='ocrx_word' id='word_1_475' title='bbox 1192 1759 1252 1788; x_wconf 72' lang='lat' dir='ltr'><strong>Filii</strong></span> <span class='ocrx_word' id='word_1_476' title='bbox 1271 1760 1398 1789; x_wconf 67' lang='lat' dir='ltr'><strong>Chelcim.</strong></span> <span class='ocrx_word' id='word_1_477' title='bbox 1422 1771 1432 1788; x_wconf 75' lang='grc' dir='ltr'><strong>ι</strong></span> <span class='ocrx_word' id='word_1_478' title='bbox 1461 1761 1584 1788; x_wconf 84' lang='lat' dir='ltr'><strong>Meminit</strong></span> <span class='ocrx_word' id='word_1_479' title='bbox 1607 1761 1809 1797; x_wconf 80' lang='lat' dir='ltr'><strong>progenitorum</strong></span> 
     </span>
    </p>
   </div>
   <div class='ocr_carea' id='block_1_76' title="bbox 1022 1803 1590 1842">
    <p class='ocr_par' dir='ltr' id='par_1_76' title="bbox 1022 1803 1590 1842">
     <span class='ocr_line' id='line_1_77' title="bbox 1022 1803 1590 1842; baseline 0.005 -12"><span class='ocrx_word' id='word_1_480' title='bbox 1022 1803 1128 1831; x_wconf 88' lang='lat' dir='ltr'><strong>Baruch</strong></span> <span class='ocrx_word' id='word_1_481' title='bbox 1143 1804 1258 1832; x_wconf 82' lang='lat' dir='ltr'><strong>fortasse</strong></span> <span class='ocrx_word' id='word_1_482' title='bbox 1272 1810 1302 1832; x_wconf 86' lang='lat' dir='ltr'><strong>ut</strong></span> <span class='ocrx_word' id='word_1_483' title='bbox 1317 1806 1422 1834; x_wconf 87' lang='lat' dir='ltr'><strong>honore</strong></span> <span class='ocrx_word' id='word_1_484' title='bbox 1435 1806 1590 1842; x_wconf 80' lang='lat' dir='ltr'><strong>dignorum.</strong></span> 
     </span>
    </p>
   </div>
   <div class='ocr_carea' id='block_1_77' title="bbox 1057 1849 1809 1886">
    <p class='ocr_par' dir='ltr' id='par_1_77' title="bbox 1057 1849 1809 1886">
     <span class='ocr_line' id='line_1_78' title="bbox 1057 1849 1809 1886; baseline 0 -9"><span class='ocrx_word' id='word_1_485' title='bbox 1057 1849 1089 1877; x_wconf 84' lang='lat' dir='ltr'><strong>V.</strong></span> <span class='ocrx_word' id='word_1_486' title='bbox 1105 1850 1133 1877; x_wconf 74' lang='lat'><strong>&#39;2.</strong></span> <span class='ocrx_word' id='word_1_487' title='bbox 1160 1859 1169 1875; x_wconf 93' lang='lat'><strong>1</strong></span> <span class='ocrx_word' id='word_1_488' title='bbox 1191 1850 1220 1877; x_wconf 93' lang='lat' dir='ltr'><strong>In</strong></span> <span class='ocrx_word' id='word_1_489' title='bbox 1241 1855 1374 1886; x_wconf 85' lang='lat' dir='ltr'><strong>tempore.</strong></span> <span class='ocrx_word' id='word_1_490' title='bbox 1402 1861 1411 1877; x_wconf 72' lang='grc' dir='ltr'><strong>ι</strong></span> <span class='ocrx_word' id='word_1_491' title='bbox 1438 1851 1497 1878; x_wconf 88' lang='lat' dir='ltr'><strong>Non</strong></span> <span class='ocrx_word' id='word_1_492' title='bbox 1519 1852 1587 1879; x_wconf 73' lang='lat' dir='ltr'><strong>dixit</strong></span> <span class='ocrx_word' id='word_1_493' title='bbox 1610 1852 1636 1878; x_wconf 92' lang='lat' dir='ltr'><strong>in</strong></span> <span class='ocrx_word' id='word_1_494' title='bbox 1657 1859 1740 1883; x_wconf 82' lang='lat' dir='ltr'><strong>anno,</strong></span> <span class='ocrx_word' id='word_1_495' title='bbox 1762 1851 1809 1878; x_wconf 87' lang='lat' dir='ltr'><strong>sed</strong></span> 
     </span>
    </p>
   </div>
   <div class='ocr_carea' id='block_1_78' title="bbox 1023 1894 1810 1932">
    <p class='ocr_par' dir='ltr' id='par_1_78' title="bbox 1023 1894 1810 1932">
     <span class='ocr_line' id='line_1_79' title="bbox 1023 1894 1810 1932; baseline 0.001 -10"><span class='ocrx_word' id='word_1_496' title='bbox 1023 1894 1050 1922; x_wconf 88' lang='lat' dir='ltr'><strong>in</strong></span> <span class='ocrx_word' id='word_1_497' title='bbox 1068 1899 1200 1930; x_wconf 80' lang='lat' dir='ltr'><strong>tempore,</strong></span> <span class='ocrx_word' id='word_1_498' title='bbox 1218 1896 1296 1931; x_wconf 85' lang='lat' dir='ltr'><strong>quasi</strong></span> <span class='ocrx_word' id='word_1_499' title='bbox 1320 1897 1423 1924; x_wconf 75' lang='lat' dir='ltr'><strong>diceret</strong></span> <span class='ocrx_word' id='word_1_500' title='bbox 1450 1905 1500 1932; x_wconf 87' lang='lat' dir='ltr'><strong>per</strong></span> <span class='ocrx_word' id='word_1_501' title='bbox 1523 1897 1567 1924; x_wconf 82' lang='lat' dir='ltr'><strong>illa</strong></span> <span class='ocrx_word' id='word_1_502' title='bbox 1593 1903 1715 1932; x_wconf 83' lang='lat' dir='ltr'><strong>tempora</strong></span> <span class='ocrx_word' id='word_1_503' title='bbox 1732 1906 1738 1923; x_wconf 73' lang='grc' dir='ltr'><strong>ι</strong></span> <span class='ocrx_word' id='word_1_504' title='bbox 1756 1905 1810 1923; x_wconf 83' lang='lat' dir='ltr'><strong>non</strong></span> 
     </span>
    </p>
   </div>
   <div class='ocr_carea' id='block_1_79' title="bbox 1023 1941 1811 1977">
    <p class='ocr_par' dir='ltr' id='par_1_79' title="bbox 1023 1941 1811 1977">
     <span class='ocr_line' id='line_1_80' title="bbox 1023 1941 1811 1977; baseline 0.001 -10"><span class='ocrx_word' id='word_1_505' title='bbox 1023 1941 1095 1971; x_wconf 82' lang='lat' dir='ltr'><strong>enim</strong></span> <span class='ocrx_word' id='word_1_506' title='bbox 1114 1941 1220 1975; x_wconf 89' lang='lat' dir='ltr'><strong>quinto,</strong></span> <span class='ocrx_word' id='word_1_507' title='bbox 1237 1946 1285 1968; x_wconf 85' lang='lat' dir='ltr'><strong>aut</strong></span> <span class='ocrx_word' id='word_1_508' title='bbox 1303 1950 1376 1968; x_wconf 91' lang='lat' dir='ltr'><strong>nono</strong></span> <span class='ocrx_word' id='word_1_509' title='bbox 1393 1943 1467 1977; x_wconf 68' lang='lat' dir='ltr'><strong>regni</strong></span> <span class='ocrx_word' id='word_1_510' title='bbox 1490 1941 1610 1969; x_wconf 69' lang='lat' dir='ltr'><strong>Scdecize</strong></span> <span class='ocrx_word' id='word_1_511' title='bbox 1629 1950 1702 1968; x_wconf 82' lang='lat' dir='ltr'><strong>anno</strong></span> <span class='ocrx_word' id='word_1_512' title='bbox 1716 1941 1811 1969; x_wconf 80' lang='lat' dir='ltr'><strong>civitas</strong></span> 
     </span>
    </p>
   </div>
   <div class='ocr_carea' id='block_1_80' title="bbox 1022 1986 1414 2021">
    <p class='ocr_par' dir='ltr' id='par_1_80' title="bbox 1022 1986 1414 2021">
     <span class='ocr_line' id='line_1_81' title="bbox 1022 1986 1414 2021; baseline 0.005 -9"><span class='ocrx_word' id='word_1_513' title='bbox 1022 1990 1101 2021; x_wconf 82' lang='lat' dir='ltr'><strong>capta</strong></span> <span class='ocrx_word' id='word_1_514' title='bbox 1117 1986 1178 2021; x_wconf 79' lang='lat' dir='ltr'><strong>fuit,</strong></span> <span class='ocrx_word' id='word_1_515' title='bbox 1195 1986 1243 2014; x_wconf 88' lang='lat' dir='ltr'><strong>sed</strong></span> <span class='ocrx_word' id='word_1_516' title='bbox 1260 1987 1414 2015; x_wconf 82' lang='lat' dir='ltr'><strong>undecimo.</strong></span> 
     </span>
    </p>
   </div>
   <div class='ocr_carea' id='block_1_81' title="bbox 1062 2072 1811 2110">
    <p class='ocr_par' dir='ltr' id='par_1_81' title="bbox 1062 2072 1811 2110">
     <span class='ocr_line' id='line_1_82' title="bbox 1062 2072 1811 2110; baseline 0.003 -10"><span class='ocrx_word' id='word_1_517' title='bbox 1062 2072 1092 2101; x_wconf 86' lang='lat' dir='ltr'><strong>V.</strong></span> <span class='ocrx_word' id='word_1_518' title='bbox 1112 2075 1138 2102; x_wconf 81' lang='lat'><strong>5.</strong></span> <span class='ocrx_word' id='word_1_519' title='bbox 1157 2083 1166 2100; x_wconf 94' lang='lat'><strong>1</strong></span> <span class='ocrx_word' id='word_1_520' title='bbox 1187 2075 1227 2102; x_wconf 79' lang='lat' dir='ltr'><strong>Ad</strong></span> <span class='ocrx_word' id='word_1_521' title='bbox 1251 2082 1332 2102; x_wconf 82' lang='lat' dir='ltr'><strong>aures</strong></span> <span class='ocrx_word' id='word_1_522' title='bbox 1353 2075 1501 2102; x_wconf 61' lang='lat' dir='ltr'><strong>Jcchonize.</strong></span> <span class='ocrx_word' id='word_1_523' title='bbox 1526 2085 1534 2102; x_wconf 73' lang='grc' dir='ltr'><strong>ι</strong></span> <span class='ocrx_word' id='word_1_524' title='bbox 1563 2075 1642 2102; x_wconf 90' lang='lat' dir='ltr'><strong>llunc</strong></span> <span class='ocrx_word' id='word_1_525' title='bbox 1665 2075 1741 2110; x_wconf 88' lang='lat' dir='ltr'><strong>prius</strong></span> <span class='ocrx_word' id='word_1_526' title='bbox 1762 2075 1811 2102; x_wconf 86' lang='lat' dir='ltr'><strong>ab-</strong></span> 
     </span>
    </p>
   </div>
   <div class='ocr_carea' id='block_1_82' title="bbox 1024 2120 1810 2157">
    <p class='ocr_par' dir='ltr' id='par_1_82' title="bbox 1024 2120 1810 2157">
     <span class='ocr_line' id='line_1_83' title="bbox 1024 2120 1810 2157; baseline 0.003 -10"><span class='ocrx_word' id='word_1_527' title='bbox 1024 2120 1141 2148; x_wconf 82' lang='lat' dir='ltr'><strong>duxerat</strong></span> <span class='ocrx_word' id='word_1_528' title='bbox 1168 2121 1332 2157; x_wconf 82' lang='lat' dir='ltr'><strong>Babylonem</strong></span> <span class='ocrx_word' id='word_1_529' title='bbox 1359 2120 1620 2149; x_wconf 60' lang='lat' dir='ltr'><strong>Niibuchodonosor.</strong></span> <span class='ocrx_word' id='word_1_530' title='bbox 1648 2122 1698 2150; x_wconf 86' lang='lat' dir='ltr'><strong>Hie</strong></span> <span class='ocrx_word' id='word_1_531' title='bbox 1721 2127 1810 2149; x_wconf 79' lang='lat' dir='ltr'><strong>autem</strong></span> 
     </span>
    </p>
   </div>
   <div class='ocr_carea' id='block_1_83' title="bbox 1024 2166 1812 2205">
    <p class='ocr_par' dir='ltr' id='par_1_83' title="bbox 1024 2166 1812 2205">
     <span class='ocr_line' id='line_1_84' title="bbox 1024 2166 1812 2205; baseline 0 -11"><span class='ocrx_word' id='word_1_532' title='bbox 1024 2166 1083 2202; x_wconf 90' lang='lat' dir='ltr'><strong>ipse</strong></span> <span class='ocrx_word' id='word_1_533' title='bbox 1104 2167 1250 2195; x_wconf 83' lang='lat' dir='ltr'><strong>Jechonias</strong></span> <span class='ocrx_word' id='word_1_534' title='bbox 1275 2168 1346 2195; x_wconf 80' lang='lat' dir='ltr'><strong>ﬁlius</strong></span> <span class='ocrx_word' id='word_1_535' title='bbox 1364 2167 1501 2201; x_wconf 84' lang='lat' dir='ltr'><strong>Joachim,</strong></span> <span class='ocrx_word' id='word_1_536' title='bbox 1516 2173 1543 2196; x_wconf 87' lang='lat' dir='ltr'><strong>rt</strong></span> <span class='ocrx_word' id='word_1_537' title='bbox 1566 2168 1675 2205; x_wconf 79' lang='lat' dir='ltr'><strong>Eliacitn</strong></span> <span class='ocrx_word' id='word_1_538' title='bbox 1698 2169 1812 2196; x_wconf 83' lang='lat' dir='ltr'><strong>vocaba-</strong></span> 
     </span>
    </p>
   </div>
   <div class='ocr_carea' id='block_1_84' title="bbox 1026 2214 1417 2245">
    <p class='ocr_par' dir='ltr' id='par_1_84' title="bbox 1026 2214 1417 2245">
     <span class='ocr_line' id='line_1_85' title="bbox 1026 2214 1417 2245; baseline 0.005 -5"><span class='ocrx_word' id='word_1_539' title='bbox 1026 2219 1079 2245; x_wconf 89' lang='lat' dir='ltr'><strong>tur,</strong></span> <span class='ocrx_word' id='word_1_540' title='bbox 1096 2221 1158 2241; x_wconf 83' lang='lat' dir='ltr'><strong>cmn</strong></span> <span class='ocrx_word' id='word_1_541' title='bbox 1174 2214 1321 2242; x_wconf 88' lang='lat' dir='ltr'><strong>binominis</strong></span> <span class='ocrx_word' id='word_1_542' title='bbox 1335 2219 1417 2242; x_wconf 85' lang='lat' dir='ltr'><strong>esset.</strong></span> 
     </span>
    </p>
   </div>
   <div class='ocr_carea' id='block_1_85' title="bbox 1063 2259 1812 2296">
    <p class='ocr_par' dir='ltr' id='par_1_85' title="bbox 1063 2259 1812 2296">
     <span class='ocr_line' id='line_1_86' title="bbox 1063 2259 1812 2296; baseline 0.004 -11"><span class='ocrx_word' id='word_1_543' title='bbox 1063 2269 1071 2285; x_wconf 91' lang='lat'><strong>1</strong></span> <span class='ocrx_word' id='word_1_544' title='bbox 1092 2259 1124 2286; x_wconf 80' lang='lat' dir='ltr'><strong>Et</strong></span> <span class='ocrx_word' id='word_1_545' title='bbox 1140 2260 1167 2286; x_wconf 94' lang='lat' dir='ltr'><strong>in</strong></span> <span class='ocrx_word' id='word_1_546' title='bbox 1191 2260 1302 2287; x_wconf 83' lang='lat' dir='ltr'><strong>auribus</strong></span> <span class='ocrx_word' id='word_1_547' title='bbox 1319 2260 1438 2288; x_wconf 84' lang='lat' dir='ltr'><strong>universi</strong></span> <span class='ocrx_word' id='word_1_548' title='bbox 1463 2261 1565 2296; x_wconf 88' lang='lat' dir='ltr'><strong>populi.</strong></span> <span class='ocrx_word' id='word_1_549' title='bbox 1586 2270 1595 2286; x_wconf 64' lang='grc' dir='ltr'><strong>ι</strong></span> <span class='ocrx_word' id='word_1_550' title='bbox 1614 2261 1666 2288; x_wconf 80' lang='lat' dir='ltr'><strong>Pro</strong></span> <span class='ocrx_word' id='word_1_551' title='bbox 1688 2270 1721 2288; x_wconf 86' lang='lat' dir='ltr'><strong>co</strong></span> <span class='ocrx_word' id='word_1_552' title='bbox 1740 2261 1812 2296; x_wconf 91' lang='lat' dir='ltr'><strong>quod</strong></span> 
     </span>
    </p>
   </div>
   <div class='ocr_carea' id='block_1_86' title="bbox 1025 2306 1693 2342">
    <p class='ocr_par' dir='ltr' id='par_1_86' title="bbox 1025 2306 1693 2342">
     <span class='ocr_line' id='line_1_87' title="bbox 1025 2306 1693 2342; baseline 0.001 -9"><span class='ocrx_word' id='word_1_553' title='bbox 1025 2311 1076 2339; x_wconf 84' lang='lat' dir='ltr'><strong>cst,</strong></span> <span class='ocrx_word' id='word_1_554' title='bbox 1094 2314 1188 2334; x_wconf 89' lang='lat' dir='ltr'><strong>eorum</strong></span> <span class='ocrx_word' id='word_1_555' title='bbox 1204 2307 1249 2342; x_wconf 90' lang='lat' dir='ltr'><strong>qui</strong></span> <span class='ocrx_word' id='word_1_556' title='bbox 1266 2306 1298 2334; x_wconf 86' lang='lat' dir='ltr'><strong>ad</strong></span> <span class='ocrx_word' id='word_1_557' title='bbox 1315 2307 1481 2334; x_wconf 86' lang='lat' dir='ltr'><strong>audientiam</strong></span> <span class='ocrx_word' id='word_1_558' title='bbox 1497 2312 1693 2335; x_wconf 85' lang='lat' dir='ltr'><strong>convenerant.</strong></span> 
     </span>
    </p>
   </div>
   <div class='ocr_carea' id='block_1_87' title="bbox 1063 2351 1813 2387">
    <p class='ocr_par' dir='ltr' id='par_1_87' title="bbox 1063 2351 1813 2387">
     <span class='ocr_line' id='line_1_88' title="bbox 1063 2351 1813 2387; baseline -0.001 -9"><span class='ocrx_word' id='word_1_559' title='bbox 1063 2351 1095 2378; x_wconf 84' lang='lat' dir='ltr'><strong>V.</strong></span> <span class='ocrx_word' id='word_1_560' title='bbox 1116 2351 1155 2379; x_wconf 88' lang='lat' dir='ltr'><strong>l0.</strong></span> <span class='ocrx_word' id='word_1_561' title='bbox 1175 2361 1184 2377; x_wconf 91' lang='lat'><strong>1</strong></span> <span class='ocrx_word' id='word_1_562' title='bbox 1200 2351 1232 2380; x_wconf 86' lang='lat' dir='ltr'><strong>Et</strong></span> <span class='ocrx_word' id='word_1_563' title='bbox 1246 2351 1343 2379; x_wconf 84' lang='lat' dir='ltr'><strong>oll&#39;erte</strong></span> <span class='ocrx_word' id='word_1_564' title='bbox 1359 2360 1441 2387; x_wconf 87' lang='lat' dir='ltr'><strong>super</strong></span> <span class='ocrx_word' id='word_1_565' title='bbox 1460 2352 1553 2380; x_wconf 80' lang='lat' dir='ltr'><strong>altare.</strong></span> <span class='ocrx_word' id='word_1_566' title='bbox 1573 2361 1583 2378; x_wconf 88' lang='grc'><strong>›</strong></span> <span class='ocrx_word' id='word_1_567' title='bbox 1609 2351 1666 2379; x_wconf 86' lang='lat' dir='ltr'><strong>Etsi</strong></span> <span class='ocrx_word' id='word_1_568' title='bbox 1683 2351 1813 2386; x_wconf 78' lang='lat' dir='ltr'><strong>tenq-lum</strong></span> 
     </span>
    </p>
   </div>
   <div class='ocr_carea' id='block_1_88' title="bbox 992 2387 1812 2434">
    <p class='ocr_par' dir='ltr' id='par_1_88' title="bbox 992 2387 1812 2434">
     <span class='ocr_line' id='line_1_89' title="bbox 992 2387 1812 2434; baseline 0.001 -9"><span class='ocrx_word' id='word_1_569' title='bbox 992 2387 1013 2415; x_wconf 82' lang='lat' dir='ltr'><strong>D</strong></span> <span class='ocrx_word' id='word_1_570' title='bbox 1028 2399 1086 2425; x_wconf 86' lang='lat' dir='ltr'><strong>solo</strong></span> <span class='ocrx_word' id='word_1_571' title='bbox 1099 2402 1158 2426; x_wconf 81' lang='lat' dir='ltr'><strong>erat</strong></span> <span class='ocrx_word' id='word_1_572' title='bbox 1172 2404 1319 2434; x_wconf 65' lang='lat' dir='ltr'><strong>aequatum.</strong></span> <span class='ocrx_word' id='word_1_573' title='bbox 1336 2404 1427 2426; x_wconf 84' lang='lat' dir='ltr'><strong>tamen</strong></span> <span class='ocrx_word' id='word_1_574' title='bbox 1444 2399 1471 2426; x_wconf 90' lang='lat' dir='ltr'><strong>in</strong></span> <span class='ocrx_word' id='word_1_575' title='bbox 1487 2408 1519 2427; x_wconf 89' lang='lat' dir='ltr'><strong>eo</strong></span> <span class='ocrx_word' id='word_1_576' title='bbox 1534 2400 1593 2428; x_wconf 91' lang='lat' dir='ltr'><strong>loco</strong></span> <span class='ocrx_word' id='word_1_577' title='bbox 1608 2399 1812 2432; x_wconf 79' lang='lat' dir='ltr'><strong>sacriﬁcabant;</strong></span> 
     </span>
    </p>
   </div>
   <div class='ocr_carea' id='block_1_89' title="bbox 1029 2445 1815 2482">
    <p class='ocr_par' dir='ltr' id='par_1_89' title="bbox 1029 2445 1815 2482">
     <span class='ocr_line' id='line_1_90' title="bbox 1029 2445 1815 2482; baseline 0.001 -11"><span class='ocrx_word' id='word_1_578' title='bbox 1029 2445 1100 2472; x_wconf 89' lang='lat' dir='ltr'><strong>haud</strong></span> <span class='ocrx_word' id='word_1_579' title='bbox 1123 2446 1195 2473; x_wconf 87' lang='lat' dir='ltr'><strong>enim</strong></span> <span class='ocrx_word' id='word_1_580' title='bbox 1217 2446 1279 2473; x_wconf 83' lang='lat' dir='ltr'><strong>alibi</strong></span> <span class='ocrx_word' id='word_1_581' title='bbox 1298 2446 1338 2473; x_wconf 81' lang='lat' dir='ltr'><strong>fas</strong></span> <span class='ocrx_word' id='word_1_582' title='bbox 1357 2451 1416 2474; x_wconf 86' lang='lat' dir='ltr'><strong>erat</strong></span> <span class='ocrx_word' id='word_1_583' title='bbox 1431 2454 1511 2481; x_wconf 86' lang='lat' dir='ltr'><strong>quam</strong></span> <span class='ocrx_word' id='word_1_584' title='bbox 1531 2445 1708 2482; x_wconf 82' lang='lat' dir='ltr'><strong>Jcrosolymis</strong></span> <span class='ocrx_word' id='word_1_585' title='bbox 1730 2446 1815 2473; x_wconf 90' lang='lat' dir='ltr'><strong>sacri-</strong></span> 
     </span>
    </p>
   </div>
   <div class='ocr_carea' id='block_1_90' title="bbox 1028 2491 1207 2518">
    <p class='ocr_par' dir='ltr' id='par_1_90' title="bbox 1028 2491 1207 2518">
     <span class='ocr_line' id='line_1_91' title="bbox 1028 2491 1207 2518; baseline 0 0"><span class='ocrx_word' id='word_1_586' title='bbox 1028 2491 1087 2518; x_wconf 85' lang='lat' dir='ltr'><strong>licia</strong></span> <span class='ocrx_word' id='word_1_587' title='bbox 1105 2491 1207 2518; x_wconf 81' lang='lat' dir='ltr'><strong>oﬂ‘erri.</strong></span> 
     </span>
    </p>
   </div>
   <div class='ocr_carea' id='block_1_91' title="bbox 1066 2537 1812 2574">
    <p class='ocr_par' dir='ltr' id='par_1_91' title="bbox 1066 2537 1812 2574">
     <span class='ocr_line' id='line_1_92' title="bbox 1066 2537 1812 2574; baseline 0.003 -11"><span class='ocrx_word' id='word_1_588' title='bbox 1066 2537 1097 2564; x_wconf 69' lang='grc' dir='ltr'>γ.</span> <span class='ocrx_word' id='word_1_589' title='bbox 1120 2538 1161 2564; x_wconf 79' lang='lat' dir='ltr'><strong>ll.</strong></span> <span class='ocrx_word' id='word_1_590' title='bbox 1189 2547 1198 2564; x_wconf 92' lang='lat'><strong>1</strong></span> <span class='ocrx_word' id='word_1_591' title='bbox 1221 2538 1254 2565; x_wconf 81' lang='lat' dir='ltr'><strong>Et</strong></span> <span class='ocrx_word' id='word_1_592' title='bbox 1272 2543 1347 2566; x_wconf 89' lang='lat' dir='ltr'><strong>orate</strong></span> <span class='ocrx_word' id='word_1_593' title='bbox 1370 2547 1419 2574; x_wconf 94' lang='lat' dir='ltr'><strong>pro</strong></span> <span class='ocrx_word' id='word_1_594' title='bbox 1442 2539 1496 2566; x_wconf 85' lang='lat' dir='ltr'><strong>vita</strong></span> <span class='ocrx_word' id='word_1_595' title='bbox 1521 2538 1781 2566; x_wconf 78' lang='lat' dir='ltr'><strong>Nabuchodonosor.</strong></span> <span class='ocrx_word' id='word_1_596' title='bbox 1803 2549 1812 2565; x_wconf 75' lang='grc' dir='ltr'><strong>ι</strong></span> 
     </span>
    </p>
   </div>
   <div class='ocr_carea' id='block_1_92' title="bbox 1030 2582 1816 2621">
    <p class='ocr_par' dir='ltr' id='par_1_92' title="bbox 1030 2582 1816 2621">
     <span class='ocr_line' id='line_1_93' title="bbox 1030 2582 1816 2621; baseline 0.005 -12"><span class='ocrx_word' id='word_1_597' title='bbox 1030 2582 1100 2610; x_wconf 82' lang='lat' dir='ltr'><strong>Deus</strong></span> <span class='ocrx_word' id='word_1_598' title='bbox 1121 2590 1181 2611; x_wconf 91' lang='lat' dir='ltr'><strong>erat</strong></span> <span class='ocrx_word' id='word_1_599' title='bbox 1201 2584 1248 2618; x_wconf 91' lang='lat' dir='ltr'><strong>qui</strong></span> <span class='ocrx_word' id='word_1_600' title='bbox 1265 2591 1344 2612; x_wconf 85' lang='lat' dir='ltr'><strong>orare</strong></span> <span class='ocrx_word' id='word_1_601' title='bbox 1361 2589 1530 2619; x_wconf 67' lang='lat' dir='ltr'><strong>praeceperat</strong></span> <span class='ocrx_word' id='word_1_602' title='bbox 1545 2585 1599 2612; x_wconf 84' lang='lat' dir='ltr'><strong>illis</strong></span> <span class='ocrx_word' id='word_1_603' title='bbox 1613 2593 1662 2620; x_wconf 92' lang='lat' dir='ltr'><strong>pro</strong></span> <span class='ocrx_word' id='word_1_604' title='bbox 1679 2593 1745 2621; x_wconf 85' lang='lat' dir='ltr'><strong>pace</strong></span> <span class='ocrx_word' id='word_1_605' title='bbox 1766 2585 1816 2612; x_wconf 82' lang='lat' dir='ltr'><strong>Ba-</strong></span> 
     </span>
    </p>
   </div>
   <div class='ocr_carea' id='block_1_93' title="bbox 191 2628 968 2673">
    <p class='ocr_par' dir='ltr' id='par_1_93' title="bbox 191 2628 968 2665">
     <span class='ocr_line' id='line_1_94' title="bbox 191 2628 968 2665; baseline -0.001 -10"><span class='ocrx_word' id='word_1_606' title='bbox 191 2630 302 2665; x_wconf 72' lang='grc' dir='ltr'><strong>εἰρήνης</strong></span> <span class='ocrx_word' id='word_1_607' title='bbox 326 2629 387 2658; x_wconf 67' lang='grc' dir='ltr'><strong>’ὦν</strong></span> <span class='ocrx_word' id='word_1_608' title='bbox 415 2629 594 2656; x_wconf 72' lang='grc' dir='ltr'>Βαϐυλωνίων</span> <span class='ocrx_word' id='word_1_609' title='bbox 609 2649 616 2661; x_wconf 86' lang='grc'><strong>,</strong></span> <span class='ocrx_word' id='word_1_610' title='bbox 648 2629 692 2655; x_wconf 77' lang='grc' dir='ltr'>ἶνα</span> <span class='ocrx_word' id='word_1_611' title='bbox 717 2628 766 2655; x_wconf 79' lang='grc' dir='ltr'><strong>καὶ</strong></span> <span class='ocrx_word' id='word_1_612' title='bbox 792 2628 869 2654; x_wconf 75' lang='grc' dir='ltr'>αὐτοὶ</span> <span class='ocrx_word' id='word_1_613' title='bbox 905 2629 968 2662; x_wconf 59' lang='grc' dir='ltr'><strong>εἰρηη</strong></span> 
     </span>
    </p>
   </div>
   <div class='ocr_carea' id='block_1_94' title="bbox 1017 2628 1614 2673">
    <p class='ocr_par' dir='ltr' id='par_1_94' title="bbox 1029 2629 1614 2673">
     <span class='ocr_line' id='line_1_95' title="bbox 1029 2629 1614 2673; baseline 0.003 -17"><span class='ocrx_word' id='word_1_614' title='bbox 1029 2629 1209 2664; x_wconf 82' lang='lat' dir='ltr'><strong>byloniorum,</strong></span> <span class='ocrx_word' id='word_1_615' title='bbox 1223 2634 1253 2656; x_wconf 90' lang='lat' dir='ltr'><strong>ut</strong></span> <span class='ocrx_word' id='word_1_616' title='bbox 1267 2634 1295 2657; x_wconf 89' lang='lat' dir='ltr'><strong>et</strong></span> <span class='ocrx_word' id='word_1_617' title='bbox 1310 2630 1360 2665; x_wconf 92' lang='lat' dir='ltr'><strong>ipsi</strong></span> <span class='ocrx_word' id='word_1_618' title='bbox 1374 2630 1466 2673; x_wconf 78' lang='lat' dir='ltr'><strong>quiete</strong></span> <span class='ocrx_word' id='word_1_619' title='bbox 1479 2631 1614 2658; x_wconf 83' lang='lat' dir='ltr'><strong>viverent.</strong></span> 
     </span>
    </p>
   </div>
   <div class='ocr_carea' id='block_1_95' title="bbox 193 2684 319 2703">
    <p class='ocr_par' dir='ltr' id='par_1_95' title="bbox 193 2684 319 2703">
     <span class='ocr_line' id='line_1_96' title="bbox 193 2684 319 2703; baseline 0.008 -2"><span class='ocrx_word' id='word_1_620' title='bbox 193 2684 319 2703; x_wconf 79' lang='grc' dir='ltr'>νευωσιν.</span> 
     </span>
    </p>
   </div>
   <div class='ocr_carea' id='block_1_96' title="bbox 229 2715 980 2756">
    <p class='ocr_par' dir='ltr' id='par_1_96' title="bbox 229 2715 980 2756">
     <span class='ocr_line' id='line_1_97' title="bbox 229 2715 980 2756; baseline -0.004 -8"><span class='ocrx_word' id='word_1_621' title='bbox 229 2730 239 2747; x_wconf 90' lang='lat'><strong>1</strong></span> <span class='ocrx_word' id='word_1_622' title='bbox 258 2722 317 2748; x_wconf 86' lang='grc' dir='ltr'>Ἰνα</span> <span class='ocrx_word' id='word_1_623' title='bbox 340 2717 408 2747; x_wconf 73' lang='grc' dir='ltr'>ὦσιν</span> <span class='ocrx_word' id='word_1_624' title='bbox 423 2721 449 2747; x_wconf 81' lang='lat' dir='ltr'><strong>al</strong></span> <span class='ocrx_word' id='word_1_625' title='bbox 475 2721 577 2756; x_wconf 81' lang='grc' dir='ltr'>ἡμέραι</span> <span class='ocrx_word' id='word_1_626' title='bbox 595 2720 695 2746; x_wconf 77' lang='grc' dir='ltr'>αὐτῶν.</span> <span class='ocrx_word' id='word_1_627' title='bbox 716 2730 724 2745; x_wconf 76' lang='grc' dir='ltr'><strong>ι</strong></span> <span class='ocrx_word' id='word_1_628' title='bbox 741 2720 801 2746; x_wconf 60' lang='lat' dir='ltr'><strong>&quot;Iv;</strong></span> <span class='ocrx_word' id='word_1_629' title='bbox 817 2715 884 2746; x_wconf 78' lang='grc' dir='ltr'>ὦσιν</span> <span class='ocrx_word' id='word_1_630' title='bbox 899 2718 980 2745; x_wconf 80' lang='grc' dir='ltr'>πολυ-</span> 
     </span>
    </p>
   </div>
   <div class='ocr_carea' id='block_1_97' title="bbox 194 2765 762 2802">
    <p class='ocr_par' dir='ltr' id='par_1_97' title="bbox 194 2765 762 2802">
     <span class='ocr_line' id='line_1_98' title="bbox 194 2765 762 2802; baseline -0.004 -9"><span class='ocrx_word' id='word_1_631' title='bbox 194 2767 306 2801; x_wconf 73' lang='grc' dir='ltr'>χρόνιοι,</span> <span class='ocrx_word' id='word_1_632' title='bbox 322 2767 352 2802; x_wconf 74' lang='grc' dir='ltr'>ἦ,</span> <span class='ocrx_word' id='word_1_633' title='bbox 366 2767 410 2793; x_wconf 83' lang='grc' dir='ltr'>ἵνα</span> <span class='ocrx_word' id='word_1_634' title='bbox 423 2767 494 2793; x_wconf 79' lang='grc' dir='ltr'><strong>κατὰ</strong></span> <span class='ocrx_word' id='word_1_635' title='bbox 505 2765 650 2792; x_wconf 74' lang='grc' dir='ltr'>εὐσέϐειαν</span> <span class='ocrx_word' id='word_1_636' title='bbox 668 2765 762 2797; x_wconf 81' lang='grc' dir='ltr'>ζῶσιν.</span> 
     </span>
    </p>
   </div>
   <div class='ocr_carea' id='block_1_98' title="bbox 231 2808 981 2849">
    <p class='ocr_par' dir='ltr' id='par_1_98' title="bbox 231 2808 981 2849">
     <span class='ocr_line' id='line_1_99' title="bbox 231 2808 981 2849; baseline -0.003 -10"><span class='ocrx_word' id='word_1_637' title='bbox 231 2822 240 2839; x_wconf 96' lang='lat'><strong>1</strong></span> <span class='ocrx_word' id='word_1_638' title='bbox 257 2813 303 2840; x_wconf 84' lang='lat' dir='ltr'><strong>‘Ev</strong></span> <span class='ocrx_word' id='word_1_639' title='bbox 324 2808 444 2849; x_wconf 62' lang='grc' dir='ltr'>ἡμέραις</span> <span class='ocrx_word' id='word_1_640' title='bbox 464 2813 573 2849; x_wconf 78' lang='grc' dir='ltr'>ἑορτῆς.</span> <span class='ocrx_word' id='word_1_641' title='bbox 591 2821 601 2838; x_wconf 72' lang='grc' dir='ltr'><strong>ι</strong></span> <span class='ocrx_word' id='word_1_642' title='bbox 622 2812 677 2839; x_wconf 81' lang='grc' dir='ltr'><strong>Καὶ</strong></span> <span class='ocrx_word' id='word_1_643' title='bbox 699 2813 753 2848; x_wconf 78' lang='grc' dir='ltr'>γὰρ</span> <span class='ocrx_word' id='word_1_644' title='bbox 771 2809 845 2847; x_wconf 73' lang='grc' dir='ltr'>εἶχον</span> <span class='ocrx_word' id='word_1_645' title='bbox 867 2811 981 2848; x_wconf 78' lang='grc' dir='ltr'>καιρούς</span> 
     </span>
    </p>
   </div>
   <div class='ocr_carea' id='block_1_99' title="bbox 195 2858 541 2893">
    <p class='ocr_par' dir='ltr' id='par_1_99' title="bbox 195 2858 541 2893">
     <span class='ocr_line' id='line_1_100' title="bbox 195 2858 541 2893; baseline 0 -9"><span class='ocrx_word' id='word_1_646' title='bbox 195 2866 270 2890; x_wconf 78' lang='grc' dir='ltr'>τινας</span> <span class='ocrx_word' id='word_1_647' title='bbox 282 2858 413 2893; x_wconf 74' lang='grc' dir='ltr'>διαφορὰς</span> <span class='ocrx_word' id='word_1_648' title='bbox 428 2859 541 2893; x_wconf 80' lang='grc' dir='ltr'>ἑορτῶν,</span> 
     </span>
    </p>
   </div>
   <div class='ocr_carea' id='block_1_100' title="bbox 233 2903 978 2941">
    <p class='ocr_par' dir='ltr' id='par_1_100' title="bbox 233 2903 978 2941">
     <span class='ocr_line' id='line_1_101' title="bbox 233 2903 978 2941; baseline -0.003 -10"><span class='ocrx_word' id='word_1_649' title='bbox 233 2913 243 2931; x_wconf 84' lang='lat'><strong>1</strong></span> <span class='ocrx_word' id='word_1_650' title='bbox 260 2904 314 2932; x_wconf 76' lang='grc' dir='ltr'><strong>Καὶ</strong></span> <span class='ocrx_word' id='word_1_651' title='bbox 331 2905 419 2938; x_wconf 77' lang='grc' dir='ltr'>ἐρεῖτε</span> <span class='ocrx_word' id='word_1_652' title='bbox 431 2904 526 2941; x_wconf 80' lang='grc' dir='ltr'>Κυρίῳ</span> <span class='ocrx_word' id='word_1_653' title='bbox 541 2903 600 2940; x_wconf 87' lang='grc' dir='ltr'><strong>Θεῷ</strong></span> <span class='ocrx_word' id='word_1_654' title='bbox 619 2903 707 2939; x_wconf 84' lang='grc' dir='ltr'>ἡμῶν.</span> <span class='ocrx_word' id='word_1_655' title='bbox 737 2913 746 2929; x_wconf 70' lang='grc' dir='ltr'><strong>ι</strong></span> <span class='ocrx_word' id='word_1_656' title='bbox 765 2903 844 2930; x_wconf 80' lang='grc' dir='ltr'>Κατὰ</span> <span class='ocrx_word' id='word_1_657' title='bbox 865 2903 910 2930; x_wconf 67' lang='grc' dir='ltr'>τὸν</span> <span class='ocrx_word' id='word_1_658' title='bbox 933 2903 978 2930; x_wconf 76' lang='grc' dir='ltr'>τοῦ</span> 
     </span>
    </p>
   </div>
   <div class='ocr_carea' id='block_1_101' title="bbox 1065 2717 1816 2753">
    <p class='ocr_par' dir='ltr' id='par_1_101' title="bbox 1065 2717 1816 2753">
     <span class='ocr_line' id='line_1_102' title="bbox 1065 2717 1816 2753; baseline 0 -9"><span class='ocrx_word' id='word_1_659' title='bbox 1065 2726 1075 2743; x_wconf 93' lang='lat'><strong>1</strong></span> <span class='ocrx_word' id='word_1_660' title='bbox 1097 2717 1131 2745; x_wconf 91' lang='lat' dir='ltr'><strong>Ut</strong></span> <span class='ocrx_word' id='word_1_661' title='bbox 1146 2718 1200 2745; x_wconf 85' lang='lat' dir='ltr'><strong>sint</strong></span> <span class='ocrx_word' id='word_1_662' title='bbox 1216 2718 1275 2746; x_wconf 88' lang='lat' dir='ltr'><strong>dies</strong></span> <span class='ocrx_word' id='word_1_663' title='bbox 1288 2721 1394 2745; x_wconf 82' lang='lat' dir='ltr'><strong>eorum’.</strong></span> <span class='ocrx_word' id='word_1_664' title='bbox 1413 2727 1422 2744; x_wconf 74' lang='grc' dir='ltr'><strong>ι</strong></span> <span class='ocrx_word' id='word_1_665' title='bbox 1451 2717 1485 2745; x_wconf 93' lang='lat' dir='ltr'><strong>Ut</strong></span> <span class='ocrx_word' id='word_1_666' title='bbox 1507 2717 1622 2753; x_wconf 74' lang='lat' dir='ltr'><strong>longzevi</strong></span> <span class='ocrx_word' id='word_1_667' title='bbox 1644 2717 1744 2748; x_wconf 81' lang='lat' dir='ltr'><strong>forent,</strong></span> <span class='ocrx_word' id='word_1_668' title='bbox 1761 2717 1816 2749; x_wconf 79' lang='lat' dir='ltr'><strong>vel.</strong></span> 
     </span>
    </p>
   </div>
   <div class='ocr_carea' id='block_1_102' title="bbox 1030 2765 1621 2799">
    <p class='ocr_par' dir='ltr' id='par_1_102' title="bbox 1030 2765 1621 2799">
     <span class='ocr_line' id='line_1_103' title="bbox 1030 2765 1621 2799; baseline -0.002 -8"><span class='ocrx_word' id='word_1_669' title='bbox 1030 2769 1059 2791; x_wconf 90' lang='lat' dir='ltr'><strong>ut</strong></span> <span class='ocrx_word' id='word_1_670' title='bbox 1073 2765 1222 2792; x_wconf 89' lang='lat' dir='ltr'><strong>secundum</strong></span> <span class='ocrx_word' id='word_1_671' title='bbox 1236 2765 1365 2799; x_wconf 85' lang='lat' dir='ltr'><strong>pietatem</strong></span> <span class='ocrx_word' id='word_1_672' title='bbox 1381 2765 1463 2792; x_wconf 79' lang='lat' dir='ltr'><strong>vitam</strong></span> <span class='ocrx_word' id='word_1_673' title='bbox 1479 2765 1621 2792; x_wconf 88' lang='lat' dir='ltr'><strong>ducerent.</strong></span> 
     </span>
    </p>
   </div>
   <div class='ocr_carea' id='block_1_103' title="bbox 1065 2808 1815 2839">
    <p class='ocr_par' dir='ltr' id='par_1_103' title="bbox 1065 2808 1815 2839">
     <span class='ocr_line' id='line_1_104' title="bbox 1065 2808 1815 2839; baseline -0.001 -2"><span class='ocrx_word' id='word_1_674' title='bbox 1065 2810 1097 2837; x_wconf 79' lang='grc' dir='ltr'><strong>ν.</strong></span> <span class='ocrx_word' id='word_1_675' title='bbox 1117 2810 1159 2838; x_wconf 76' lang='grc' dir='ltr'>Η.</span> <span class='ocrx_word' id='word_1_676' title='bbox 1181 2819 1190 2836; x_wconf 92' lang='lat'><strong>1</strong></span> <span class='ocrx_word' id='word_1_677' title='bbox 1209 2810 1239 2837; x_wconf 91' lang='lat' dir='ltr'><strong>ln</strong></span> <span class='ocrx_word' id='word_1_678' title='bbox 1260 2811 1304 2838; x_wconf 83' lang='lat' dir='ltr'><strong>die</strong></span> <span class='ocrx_word' id='word_1_679' title='bbox 1330 2811 1520 2839; x_wconf 84' lang='lat' dir='ltr'><strong>solemnitatis.</strong></span> <span class='ocrx_word' id='word_1_680' title='bbox 1541 2821 1550 2837; x_wconf 78' lang='grc' dir='ltr'><strong>ι</strong></span> <span class='ocrx_word' id='word_1_681' title='bbox 1577 2811 1721 2838; x_wconf 82' lang='lat' dir='ltr'><strong>Habebam</strong></span> <span class='ocrx_word' id='word_1_682' title='bbox 1741 2808 1815 2836; x_wconf 83' lang='lat' dir='ltr'><strong>enim</strong></span> 
     </span>
    </p>
   </div>
   <div class='ocr_carea' id='block_1_104' title="bbox 1027 2856 1521 2892">
    <p class='ocr_par' dir='ltr' id='par_1_104' title="bbox 1027 2856 1521 2892">
     <span class='ocr_line' id='line_1_105' title="bbox 1027 2856 1521 2892; baseline 0 -8"><span class='ocrx_word' id='word_1_683' title='bbox 1027 2860 1101 2884; x_wconf 85' lang='lat' dir='ltr'><strong>Certa</strong></span> <span class='ocrx_word' id='word_1_684' title='bbox 1117 2856 1223 2884; x_wconf 89' lang='lat' dir='ltr'><strong>dierum</strong></span> <span class='ocrx_word' id='word_1_685' title='bbox 1239 2857 1371 2884; x_wconf 77' lang='lat' dir='ltr'><strong>festorum</strong></span> <span class='ocrx_word' id='word_1_686' title='bbox 1387 2861 1521 2892; x_wconf 85' lang='lat' dir='ltr'><strong>tempora.</strong></span> 
     </span>
    </p>
   </div>
   <div class='ocr_carea' id='block_1_105' title="bbox 1064 2900 1816 2932">
    <p class='ocr_par' dir='ltr' id='par_1_105' title="bbox 1064 2900 1816 2932">
     <span class='ocr_line' id='line_1_106' title="bbox 1064 2900 1816 2932; baseline 0 -3"><span class='ocrx_word' id='word_1_687' title='bbox 1064 2903 1094 2929; x_wconf 89' lang='lat' dir='ltr'><strong>V.</strong></span> <span class='ocrx_word' id='word_1_688' title='bbox 1118 2903 1158 2932; x_wconf 79' lang='lat' dir='ltr'><strong>lii.</strong></span> <span class='ocrx_word' id='word_1_689' title='bbox 1185 2912 1194 2929; x_wconf 94' lang='lat'><strong>1</strong></span> <span class='ocrx_word' id='word_1_690' title='bbox 1219 2903 1251 2931; x_wconf 85' lang='lat' dir='ltr'><strong>Et</strong></span> <span class='ocrx_word' id='word_1_691' title='bbox 1273 2903 1369 2932; x_wconf 87' lang='lat' dir='ltr'><strong>dicetis</strong></span> <span class='ocrx_word' id='word_1_692' title='bbox 1386 2903 1502 2932; x_wconf 87' lang='lat' dir='ltr'><strong>Domino</strong></span> <span class='ocrx_word' id='word_1_693' title='bbox 1521 2904 1577 2932; x_wconf 88' lang='lat' dir='ltr'><strong>Dco</strong></span> <span class='ocrx_word' id='word_1_694' title='bbox 1593 2908 1698 2932; x_wconf 86' lang='lat' dir='ltr'><strong>nostro.</strong></span> <span class='ocrx_word' id='word_1_695' title='bbox 1718 2912 1727 2929; x_wconf 73' lang='grc' dir='ltr'><strong>ι</strong></span> <span class='ocrx_word' id='word_1_696' title='bbox 1751 2900 1816 2931; x_wconf 80' lang='lat' dir='ltr'><strong>.lure</strong></span> 
     </span>
    </p>
   </div>
  </div>
