  <div class='ocr_page' id='page_1' title='image "/cluster/home/n/w/nwhite01/storage/ocr_20150623/93/njp.32101077772836/425.png"; bbox 0 0 2052 3150; ppageno 0'>
   <div class='ocr_carea' id='block_1_1' title="bbox 214 164 306 213">
    <p class='ocr_par' dir='ltr' id='par_1_1' title="bbox 214 164 306 213">
     <span class='ocr_line' id='line_1_1' title="bbox 214 164 306 213; baseline 0 -1"><span class='ocrx_word' id='word_1_1' title='bbox 214 164 223 169; x_wconf 87' lang='grc'><em>’</em></span> <span class='ocrx_word' id='word_1_2' title='bbox 255 177 306 213; x_wconf 80' lang='grc'><strong>751</strong></span> 
     </span>
    </p>
   </div>
   <div class='ocr_carea' id='block_1_2' title="bbox 804 160 1351 210">
    <p class='ocr_par' dir='ltr' id='par_1_2' title="bbox 804 160 1351 210">
     <span class='ocr_line' id='line_1_2' title="bbox 804 160 1351 210; baseline 0.004 -3"><span class='ocrx_word' id='word_1_3' title='bbox 804 177 1067 208; x_wconf 81' lang='lat' dir='ltr'><strong>OLYMPIODORI</strong></span> <span class='ocrx_word' id='word_1_4' title='bbox 1085 160 1351 210; x_wconf 77' lang='lat' dir='ltr'><strong>ALEXANDRINI</strong></span> 
     </span>
    </p>
   </div>
   <div class='ocr_carea' id='block_1_3' title="bbox 1840 177 1895 210">
    <p class='ocr_par' dir='ltr' id='par_1_3' title="bbox 1840 177 1895 210">
     <span class='ocr_line' id='line_1_3' title="bbox 1840 177 1895 210; baseline 0 0"><span class='ocrx_word' id='word_1_5' title='bbox 1840 177 1895 210; x_wconf 72' lang='lat'><strong>7‘52</strong></span> 
     </span>
    </p>
   </div>
   <div class='ocr_carea' id='block_1_4' title="bbox 294 231 1053 269">
    <p class='ocr_par' dir='ltr' id='par_1_4' title="bbox 294 231 1051 266">
     <span class='ocr_line' id='line_1_4' title="bbox 294 231 1051 266; baseline -0.003 -4"><span class='ocrx_word' id='word_1_6' title='bbox 294 234 324 264; x_wconf 81' lang='grc' dir='ltr'><strong>ν.</strong></span> <span class='ocrx_word' id='word_1_7' title='bbox 340 234 384 262; x_wconf 83' lang='grc'>65.</span> <span class='ocrx_word' id='word_1_8' title='bbox 403 243 412 259; x_wconf 90' lang='lat'><strong>1</strong></span> <span class='ocrx_word' id='word_1_9' title='bbox 431 232 538 260; x_wconf 81' lang='lat' dir='ltr'><strong>Reddes</strong></span> <span class='ocrx_word' id='word_1_10' title='bbox 553 231 592 258; x_wconf 87' lang='lat' dir='ltr'><strong>eis</strong></span> <span class='ocrx_word' id='word_1_11' title='bbox 610 232 808 266; x_wconf 85' lang='lat' dir='ltr'><strong>protectionem</strong></span> <span class='ocrx_word' id='word_1_12' title='bbox 826 232 917 259; x_wconf 85' lang='lat' dir='ltr'><strong>cordis</strong></span> <span class='ocrx_word' id='word_1_13' title='bbox 930 233 1051 260; x_wconf 78' lang='lat' dir='ltr'><strong>laborem</strong></span> 
     </span>
    </p>
   </div>
   <div class='ocr_carea' id='block_1_5' title="bbox 1103 231 1896 269">
    <p class='ocr_par' dir='ltr' id='par_1_5' title="bbox 1141 233 1896 269">
     <span class='ocr_line' id='line_1_5' title="bbox 1141 233 1896 269; baseline -0.001 -9"><span class='ocrx_word' id='word_1_14' title='bbox 1141 233 1327 264; x_wconf 82' lang='grc' dir='ltr'>ι’Δποδώσεις</span> <span class='ocrx_word' id='word_1_15' title='bbox 1349 233 1443 265; x_wconf 81' lang='grc' dir='ltr'>αὐτοῖς</span> <span class='ocrx_word' id='word_1_16' title='bbox 1468 233 1679 269; x_wconf 70' lang='grc' dir='ltr'>ὑπερασπισμον</span> <span class='ocrx_word' id='word_1_17' title='bbox 1703 233 1818 268; x_wconf 75' lang='grc' dir='ltr'>καρδίας</span> <span class='ocrx_word' id='word_1_18' title='bbox 1844 242 1896 269; x_wconf 84' lang='grc' dir='ltr'><strong>μου</strong></span> 
     </span>
    </p>
   </div>
   <div class='ocr_carea' id='block_1_6' title="bbox 257 277 1050 313">
    <p class='ocr_par' dir='ltr' id='par_1_6' title="bbox 257 277 1050 313">
     <span class='ocr_line' id='line_1_6' title="bbox 257 277 1050 313; baseline -0.006 -4"><span class='ocrx_word' id='word_1_19' title='bbox 257 282 322 309; x_wconf 82' lang='lat' dir='ltr'><strong>illis.</strong></span> <span class='ocrx_word' id='word_1_20' title='bbox 346 290 356 307; x_wconf 74' lang='grc' dir='ltr'><strong>ι</strong></span> <span class='ocrx_word' id='word_1_21' title='bbox 385 279 485 310; x_wconf 81' lang='lat' dir='ltr'><strong>Meum,</strong></span> <span class='ocrx_word' id='word_1_22' title='bbox 504 277 601 312; x_wconf 91' lang='lat' dir='ltr'><strong>inquit,</strong></span> <span class='ocrx_word' id='word_1_23' title='bbox 624 285 672 305; x_wconf 88' lang='lat' dir='ltr'><strong>eor</strong></span> <span class='ocrx_word' id='word_1_24' title='bbox 706 281 862 313; x_wconf 74' lang='lat' dir='ltr'><strong>protegens,</strong></span> <span class='ocrx_word' id='word_1_25' title='bbox 885 277 1050 305; x_wconf 84' lang='lat' dir='ltr'><strong>adversariis</strong></span> 
     </span>
    </p>
   </div>
   <div class='ocr_carea' id='block_1_7' title="bbox 256 323 1058 366">
    <p class='ocr_par' dir='ltr' id='par_1_7' title="bbox 256 323 1058 366">
     <span class='ocr_line' id='line_1_7' title="bbox 256 323 1058 366; baseline -0.005 -12"><span class='ocrx_word' id='word_1_26' title='bbox 256 327 353 354; x_wconf 82' lang='lat' dir='ltr'><strong>reddes</strong></span> <span class='ocrx_word' id='word_1_27' title='bbox 374 326 503 352; x_wconf 82' lang='lat' dir='ltr'><strong>laborem.</strong></span> <span class='ocrx_word' id='word_1_28' title='bbox 535 323 576 351; x_wconf 90' lang='lat' dir='ltr'><strong>Tu</strong></span> <span class='ocrx_word' id='word_1_29' title='bbox 599 324 655 358; x_wconf 92' lang='lat' dir='ltr'><strong>ipse</strong></span> <span class='ocrx_word' id='word_1_30' title='bbox 685 323 859 358; x_wconf 89' lang='lat' dir='ltr'><strong>persequeris</strong></span> <span class='ocrx_word' id='word_1_31' title='bbox 871 323 897 350; x_wconf 95' lang='lat' dir='ltr'><strong>in</strong></span> <span class='ocrx_word' id='word_1_32' title='bbox 911 324 970 356; x_wconf 83' lang='lat' dir='ltr'><strong>ira;</strong></span> <span class='ocrx_word' id='word_1_33' title='bbox 988 324 1058 366; x_wconf 72' lang='lat' dir='ltr'><strong>nul-_</strong></span> 
     </span>
    </p>
   </div>
   <div class='ocr_carea' id='block_1_8' title="bbox 256 364 1049 408">
    <p class='ocr_par' dir='ltr' id='par_1_8' title="bbox 256 364 1049 408">
     <span class='ocr_line' id='line_1_8' title="bbox 256 364 1049 408; baseline -0.003 -8"><span class='ocrx_word' id='word_1_34' title='bbox 256 373 309 400; x_wconf 83' lang='lat' dir='ltr'><strong>lius</strong></span> <span class='ocrx_word' id='word_1_35' title='bbox 331 364 431 407; x_wconf 83' lang='lat' dir='ltr'><strong>quippe</strong></span> <span class='ocrx_word' id='word_1_36' title='bbox 456 371 570 398; x_wconf 77' lang='lat' dir='ltr'><strong>alterius</strong></span> <span class='ocrx_word' id='word_1_37' title='bbox 594 375 636 398; x_wconf 85' lang='lat' dir='ltr'><strong>est</strong></span> <span class='ocrx_word' id='word_1_38' title='bbox 660 370 784 408; x_wconf 82' lang='lat' dir='ltr'><strong>nefarios</strong></span> <span class='ocrx_word' id='word_1_39' title='bbox 803 370 942 398; x_wconf 65' lang='lat' dir='ltr'><strong>daemonas</strong></span> <span class='ocrx_word' id='word_1_40' title='bbox 956 370 1049 405; x_wconf 90' lang='lat' dir='ltr'><strong>depel—</strong></span> 
     </span>
    </p>
   </div>
   <div class='ocr_carea' id='block_1_9' title="bbox 257 415 1050 452">
    <p class='ocr_par' dir='ltr' id='par_1_9' title="bbox 257 415 1050 452">
     <span class='ocr_line' id='line_1_9' title="bbox 257 415 1050 452; baseline -0.001 -7"><span class='ocrx_word' id='word_1_41' title='bbox 257 418 322 449; x_wconf 86' lang='lat' dir='ltr'><strong>lere,</strong></span> <span class='ocrx_word' id='word_1_42' title='bbox 339 417 367 444; x_wconf 93' lang='lat' dir='ltr'><strong>in</strong></span> <span class='ocrx_word' id='word_1_43' title='bbox 377 417 525 452; x_wconf 79' lang='lat' dir='ltr'><strong>fugamque</strong></span> <span class='ocrx_word' id='word_1_44' title='bbox 542 421 657 450; x_wconf 75' lang='lat' dir='ltr'><strong>vertere,</strong></span> <span class='ocrx_word' id='word_1_45' title='bbox 676 415 730 443; x_wconf 88' lang='lat' dir='ltr'><strong>nisi</strong></span> <span class='ocrx_word' id='word_1_46' title='bbox 743 416 851 443; x_wconf 89' lang='lat' dir='ltr'><strong>Domini</strong></span> <span class='ocrx_word' id='word_1_47' title='bbox 879 416 966 444; x_wconf 89' lang='lat' dir='ltr'><strong>nostri</strong></span> <span class='ocrx_word' id='word_1_48' title='bbox 984 417 1050 445; x_wconf 87' lang='lat' dir='ltr'><strong>Jesu</strong></span> 
     </span>
    </p>
   </div>
   <div class='ocr_carea' id='block_1_10' title="bbox 256 464 370 491">
    <p class='ocr_par' dir='ltr' id='par_1_10' title="bbox 256 464 370 491">
     <span class='ocr_line' id='line_1_10' title="bbox 256 464 370 491; baseline 0 0"><span class='ocrx_word' id='word_1_49' title='bbox 256 464 370 491; x_wconf 80' lang='lat' dir='ltr'><strong>Christi.</strong></span> 
     </span>
    </p>
   </div>
   <div class='ocr_carea' id='block_1_11' title="bbox 583 508 725 537">
    <p class='ocr_par' dir='ltr' id='par_1_11' title="bbox 583 508 725 537">
     <span class='ocr_line' id='line_1_11' title="bbox 583 508 725 537; baseline 0.014 -2"><span class='ocrx_word' id='word_1_50' title='bbox 583 508 659 536; x_wconf 77' lang='lat' dir='ltr'><strong>CAP.</strong></span> <span class='ocrx_word' id='word_1_51' title='bbox 679 509 725 537; x_wconf 77' lang='grc' dir='ltr'><strong>ΠΙ.</strong></span> 
     </span>
    </p>
   </div>
   <div class='ocr_carea' id='block_1_12' title="bbox 292 553 890 589">
    <p class='ocr_par' dir='ltr' id='par_1_12' title="bbox 292 553 890 589">
     <span class='ocr_line' id='line_1_12' title="bbox 292 553 890 589; baseline 0 -7"><span class='ocrx_word' id='word_1_52' title='bbox 292 555 324 582; x_wconf 79' lang='grc' dir='ltr'><strong>ν.</strong></span> <span class='ocrx_word' id='word_1_53' title='bbox 342 556 368 582; x_wconf 83' lang='lat' dir='ltr'><strong>l.</strong></span> <span class='ocrx_word' id='word_1_54' title='bbox 386 564 396 581; x_wconf 88' lang='lat'><strong>1</strong></span> <span class='ocrx_word' id='word_1_55' title='bbox 412 555 527 585; x_wconf 85' lang='lat' dir='ltr'><strong>Aurum,</strong></span> <span class='ocrx_word' id='word_1_56' title='bbox 551 563 560 580; x_wconf 74' lang='grc' dir='ltr'><strong>ι</strong></span> <span class='ocrx_word' id='word_1_57' title='bbox 582 553 709 582; x_wconf 75' lang='lat' dir='ltr'><strong>Doctrina</strong></span> <span class='ocrx_word' id='word_1_58' title='bbox 724 555 890 589; x_wconf 78' lang='lat' dir='ltr'><strong>evangelica.</strong></span> 
     </span>
    </p>
   </div>
   <div class='ocr_carea' id='block_1_13' title="bbox 294 599 1050 634">
    <p class='ocr_par' dir='ltr' id='par_1_13' title="bbox 294 599 1050 634">
     <span class='ocr_line' id='line_1_13' title="bbox 294 599 1050 634; baseline 0 -8"><span class='ocrx_word' id='word_1_59' title='bbox 294 609 304 626; x_wconf 92' lang='lat'><strong>1</strong></span> <span class='ocrx_word' id='word_1_60' title='bbox 321 599 479 627; x_wconf 85' lang='lat' dir='ltr'><strong>Mutabitur.</strong></span> <span class='ocrx_word' id='word_1_61' title='bbox 499 609 509 626; x_wconf 74' lang='grc' dir='ltr'><strong>ι</strong></span> <span class='ocrx_word' id='word_1_62' title='bbox 529 599 586 626; x_wconf 79' lang='lat' dir='ltr'><strong>Lex</strong></span> <span class='ocrx_word' id='word_1_63' title='bbox 601 599 728 631; x_wconf 80' lang='lat' dir='ltr'><strong>Mosaica,</strong></span> <span class='ocrx_word' id='word_1_64' title='bbox 744 607 806 634; x_wconf 70' lang='lat' dir='ltr'><strong>quae</strong></span> <span class='ocrx_word' id='word_1_65' title='bbox 817 599 888 626; x_wconf 87' lang='lat' dir='ltr'><strong>bona</strong></span> <span class='ocrx_word' id='word_1_66' title='bbox 900 599 962 631; x_wconf 90' lang='lat' dir='ltr'><strong>fuit,</strong></span> <span class='ocrx_word' id='word_1_67' title='bbox 980 607 1050 634; x_wconf 88' lang='lat' dir='ltr'><strong>quo-</strong></span> 
     </span>
    </p>
   </div>
   <div class='ocr_carea' id='block_1_14' title="bbox 258 645 1051 681">
    <p class='ocr_par' dir='ltr' id='par_1_14' title="bbox 258 645 1051 681">
     <span class='ocr_line' id='line_1_14' title="bbox 258 645 1051 681; baseline 0.001 -9"><span class='ocrx_word' id='word_1_68' title='bbox 258 645 331 672; x_wconf 85' lang='lat' dir='ltr'><strong>niam</strong></span> <span class='ocrx_word' id='word_1_69' title='bbox 346 653 361 672; x_wconf 90' lang='lat' dir='ltr'><strong>a</strong></span> <span class='ocrx_word' id='word_1_70' title='bbox 380 645 434 672; x_wconf 85' lang='lat' dir='ltr'><strong>Deo</strong></span> <span class='ocrx_word' id='word_1_71' title='bbox 452 645 505 672; x_wconf 87' lang='lat' dir='ltr'><strong>illis</strong></span> <span class='ocrx_word' id='word_1_72' title='bbox 521 645 577 672; x_wconf 85' lang='lat' dir='ltr'><strong>sola</strong></span> <span class='ocrx_word' id='word_1_73' title='bbox 591 645 737 680; x_wconf 76' lang='lat' dir='ltr'><strong>inspirata,</strong></span> <span class='ocrx_word' id='word_1_74' title='bbox 755 653 817 672; x_wconf 87' lang='lat' dir='ltr'><strong>eum</strong></span> <span class='ocrx_word' id='word_1_75' title='bbox 833 645 906 681; x_wconf 92' lang='lat' dir='ltr'><strong>apud</strong></span> <span class='ocrx_word' id='word_1_76' title='bbox 923 645 1051 673; x_wconf 84' lang='lat' dir='ltr'><strong>homines</strong></span> 
     </span>
    </p>
   </div>
   <div class='ocr_carea' id='block_1_15' title="bbox 258 692 565 726">
    <p class='ocr_par' dir='ltr' id='par_1_15' title="bbox 258 692 565 726">
     <span class='ocr_line' id='line_1_15' title="bbox 258 692 565 726; baseline -0.003 -7"><span class='ocrx_word' id='word_1_77' title='bbox 258 692 351 719; x_wconf 61' lang='lat' dir='ltr'><strong>multa!</strong></span> <span class='ocrx_word' id='word_1_78' title='bbox 365 695 459 719; x_wconf 88' lang='lat' dir='ltr'><strong>essent</strong></span> <span class='ocrx_word' id='word_1_79' title='bbox 473 692 565 726; x_wconf 80' lang='lat' dir='ltr'><strong>leges..</strong></span> 
     </span>
    </p>
   </div>
   <div class='ocr_carea' id='block_1_16' title="bbox 296 734 1050 771">
    <p class='ocr_par' dir='ltr' id='par_1_16' title="bbox 296 734 1050 771">
     <span class='ocr_line' id='line_1_16' title="bbox 296 734 1050 771; baseline 0 -9"><span class='ocrx_word' id='word_1_80' title='bbox 296 745 306 762; x_wconf 89' lang='lat'><strong>1</strong></span> <span class='ocrx_word' id='word_1_81' title='bbox 325 735 410 762; x_wconf 82' lang='lat' dir='ltr'><strong>Eﬂ‘usi</strong></span> <span class='ocrx_word' id='word_1_82' title='bbox 422 735 607 771; x_wconf 77' lang='lat' dir='ltr'><strong>suntlapides.</strong></span> <span class='ocrx_word' id='word_1_83' title='bbox 622 745 631 762; x_wconf 76' lang='grc' dir='ltr'><strong>ι</strong></span> <span class='ocrx_word' id='word_1_84' title='bbox 645 734 733 763; x_wconf 86' lang='lat' dir='ltr'><strong>Fluidi</strong></span> <span class='ocrx_word' id='word_1_85' title='bbox 746 735 807 762; x_wconf 83' lang='lat' dir='ltr'><strong>facti</strong></span> <span class='ocrx_word' id='word_1_86' title='bbox 824 739 890 762; x_wconf 90' lang='lat' dir='ltr'><strong>sunt</strong></span> <span class='ocrx_word' id='word_1_87' title='bbox 901 734 1050 771; x_wconf 87' lang='lat' dir='ltr'><strong>unusquis-</strong></span> 
     </span>
    </p>
   </div>
   <div class='ocr_carea' id='block_1_17' title="bbox 259 779 1052 816">
    <p class='ocr_par' dir='ltr' id='par_1_17' title="bbox 259 779 1052 816">
     <span class='ocr_line' id='line_1_17' title="bbox 259 779 1052 816; baseline -0.003 -9"><span class='ocrx_word' id='word_1_88' title='bbox 259 787 313 816; x_wconf 89' lang='lat' dir='ltr'><strong>que</strong></span> <span class='ocrx_word' id='word_1_89' title='bbox 333 780 362 807; x_wconf 89' lang='lat' dir='ltr'><strong>in</strong></span> <span class='ocrx_word' id='word_1_90' title='bbox 379 780 430 807; x_wconf 88' lang='lat' dir='ltr'><strong>sibi</strong></span> <span class='ocrx_word' id='word_1_91' title='bbox 445 781 584 815; x_wconf 83' lang='lat' dir='ltr'><strong>proposita</strong></span> <span class='ocrx_word' id='word_1_92' title='bbox 603 779 706 807; x_wconf 90' lang='lat' dir='ltr'><strong>ratione</strong></span> <span class='ocrx_word' id='word_1_93' title='bbox 727 779 846 807; x_wconf 82' lang='lat' dir='ltr'><strong>vivendi.</strong></span> <span class='ocrx_word' id='word_1_94' title='bbox 868 779 965 808; x_wconf 89' lang='lat' dir='ltr'><strong>Sermo</strong></span> <span class='ocrx_word' id='word_1_95' title='bbox 987 789 1052 816; x_wconf 80' lang='lat' dir='ltr'><strong>por-</strong></span> 
     </span>
    </p>
   </div>
   <div class='ocr_carea' id='block_1_18' title="bbox 258 825 1052 861">
    <p class='ocr_par' dir='ltr' id='par_1_18' title="bbox 258 825 1052 861">
     <span class='ocr_line' id='line_1_18' title="bbox 258 825 1052 861; baseline 0.001 -7"><span class='ocrx_word' id='word_1_96' title='bbox 258 833 290 854; x_wconf 84' lang='lat' dir='ltr'><strong>ro</strong></span> <span class='ocrx_word' id='word_1_97' title='bbox 305 826 351 854; x_wconf 84' lang='lat' dir='ltr'><strong>hic</strong></span> <span class='ocrx_word' id='word_1_98' title='bbox 365 826 504 854; x_wconf 83' lang='lat' dir='ltr'><strong>invehitur</strong></span> <span class='ocrx_word' id='word_1_99' title='bbox 518 831 545 853; x_wconf 88' lang='lat' dir='ltr'><strong>et</strong></span> <span class='ocrx_word' id='word_1_100' title='bbox 561 825 692 854; x_wconf 83' lang='lat' dir='ltr'><strong>adversus</strong></span> <span class='ocrx_word' id='word_1_101' title='bbox 709 826 848 854; x_wconf 63' lang='lat' dir='ltr'><strong>dmmones</strong></span> <span class='ocrx_word' id='word_1_102' title='bbox 861 826 909 861; x_wconf 89' lang='lat' dir='ltr'><strong>qui</strong></span> <span class='ocrx_word' id='word_1_103' title='bbox 925 826 984 854; x_wconf 58' lang='lat' dir='ltr'><strong>hate</strong></span> <span class='ocrx_word' id='word_1_104' title='bbox 995 827 1052 855; x_wconf 83' lang='lat' dir='ltr'><strong>eili-</strong></span> 
     </span>
    </p>
   </div>
   <div class='ocr_carea' id='block_1_19' title="bbox 258 873 347 900">
    <p class='ocr_par' dir='ltr' id='par_1_19' title="bbox 258 873 347 900">
     <span class='ocr_line' id='line_1_19' title="bbox 258 873 347 900; baseline 0 0"><span class='ocrx_word' id='word_1_105' title='bbox 258 873 347 900; x_wconf 86' lang='lat' dir='ltr'><strong>ciunt.</strong></span> 
     </span>
    </p>
   </div>
   <div class='ocr_carea' id='block_1_20' title="bbox 292 917 1051 946">
    <p class='ocr_par' dir='ltr' id='par_1_20' title="bbox 292 917 1051 946">
     <span class='ocr_line' id='line_1_20' title="bbox 292 917 1051 946; baseline 0 0"><span class='ocrx_word' id='word_1_106' title='bbox 292 918 327 946; x_wconf 82' lang='lat' dir='ltr'><strong>V.</strong></span> <span class='ocrx_word' id='word_1_107' title='bbox 345 919 372 946; x_wconf 76' lang='lat'><strong>2.</strong></span> <span class='ocrx_word' id='word_1_108' title='bbox 391 927 400 944; x_wconf 89' lang='lat'><strong>1</strong></span> <span class='ocrx_word' id='word_1_109' title='bbox 416 918 518 946; x_wconf 87' lang='lat' dir='ltr'><strong>Elevati</strong></span> <span class='ocrx_word' id='word_1_110' title='bbox 532 917 561 945; x_wconf 91' lang='lat' dir='ltr'><strong>in</strong></span> <span class='ocrx_word' id='word_1_111' title='bbox 576 925 653 945; x_wconf 75' lang='lat' dir='ltr'><strong>auro.</strong></span> <span class='ocrx_word' id='word_1_112' title='bbox 678 927 687 943; x_wconf 76' lang='grc' dir='ltr'><strong>ι</strong></span> <span class='ocrx_word' id='word_1_113' title='bbox 705 918 743 945; x_wconf 76' lang='lat' dir='ltr'><strong>Ex</strong></span> <span class='ocrx_word' id='word_1_114' title='bbox 765 918 944 946; x_wconf 87' lang='lat' dir='ltr'><strong>similitudine</strong></span> <span class='ocrx_word' id='word_1_115' title='bbox 954 926 1051 946; x_wconf 88' lang='lat' dir='ltr'><strong>eorum</strong></span> 
     </span>
    </p>
   </div>
   <div class='ocr_carea' id='block_1_21' title="bbox 259 964 1051 999">
    <p class='ocr_par' dir='ltr' id='par_1_21' title="bbox 259 964 1051 999">
     <span class='ocr_line' id='line_1_21' title="bbox 259 964 1051 999; baseline 0 -7"><span class='ocrx_word' id='word_1_116' title='bbox 259 972 320 999; x_wconf 68' lang='lat' dir='ltr'><strong>qua:</strong></span> <span class='ocrx_word' id='word_1_117' title='bbox 339 964 583 999; x_wconf 84' lang='lat' dir='ltr'><strong>apprehenduntur</strong></span> <span class='ocrx_word' id='word_1_118' title='bbox 610 964 637 990; x_wconf 92' lang='lat' dir='ltr'><strong>in</strong></span> <span class='ocrx_word' id='word_1_119' title='bbox 654 967 765 996; x_wconf 83' lang='lat' dir='ltr'><strong>statera,</strong></span> <span class='ocrx_word' id='word_1_120' title='bbox 784 964 900 998; x_wconf 87' lang='lat' dir='ltr'><strong>sumpsit</strong></span> <span class='ocrx_word' id='word_1_121' title='bbox 916 964 987 999; x_wconf 87' lang='lat' dir='ltr'><strong>quod</strong></span> <span class='ocrx_word' id='word_1_122' title='bbox 1003 965 1051 992; x_wconf 87' lang='lat' dir='ltr'><strong>ait.</strong></span> 
     </span>
    </p>
   </div>
   <div class='ocr_carea' id='block_1_22' title="bbox 255 1003 1051 1046">
    <p class='ocr_par' dir='ltr' id='par_1_22' title="bbox 255 1003 1051 1046">
     <span class='ocr_line' id='line_1_22' title="bbox 255 1003 1051 1046; baseline 0.001 -9"><span class='ocrx_word' id='word_1_123' title='bbox 255 1010 311 1044; x_wconf 73' lang='lat' dir='ltr'><strong>Qui</strong></span> <span class='ocrx_word' id='word_1_124' title='bbox 326 1010 560 1046; x_wconf 85' lang='lat' dir='ltr'><strong>appendebantur,</strong></span> <span class='ocrx_word' id='word_1_125' title='bbox 579 1009 626 1041; x_wconf 90' lang='lat' dir='ltr'><strong>ait,</strong></span> <span class='ocrx_word' id='word_1_126' title='bbox 642 1003 683 1036; x_wconf 77' lang='lat' dir='ltr'><strong>ex</strong></span> <span class='ocrx_word' id='word_1_127' title='bbox 699 1010 816 1037; x_wconf 90' lang='lat' dir='ltr'><strong>adverso</strong></span> <span class='ocrx_word' id='word_1_128' title='bbox 836 1011 900 1043; x_wconf 91' lang='lat' dir='ltr'><strong>(hoc</strong></span> <span class='ocrx_word' id='word_1_129' title='bbox 918 1011 990 1038; x_wconf 90' lang='lat' dir='ltr'><strong>enim</strong></span> <span class='ocrx_word' id='word_1_130' title='bbox 1001 1010 1051 1038; x_wconf 85' lang='lat' dir='ltr'><strong>sibi</strong></span> 
     </span>
    </p>
   </div>
   <div class='ocr_carea' id='block_1_23' title="bbox 257 1054 1053 1091">
    <p class='ocr_par' dir='ltr' id='par_1_23' title="bbox 257 1054 1053 1091">
     <span class='ocr_line' id='line_1_23' title="bbox 257 1054 1053 1091; baseline 0 -8"><span class='ocrx_word' id='word_1_131' title='bbox 257 1056 326 1088; x_wconf 78' lang='lat' dir='ltr'><strong>vult,</strong></span> <span class='ocrx_word' id='word_1_132' title='bbox 355 1055 461 1082; x_wconf 65' lang='lat' dir='ltr'><strong>elevati‘</strong></span> <span class='ocrx_word' id='word_1_133' title='bbox 479 1055 507 1082; x_wconf 81' lang='lat' dir='ltr'><strong>in</strong></span> <span class='ocrx_word' id='word_1_134' title='bbox 531 1054 627 1089; x_wconf 83' lang='lat' dir='ltr'><strong>auro),</strong></span> <span class='ocrx_word' id='word_1_135' title='bbox 658 1055 710 1082; x_wconf 85' lang='lat' dir='ltr'><strong>hoc</strong></span> <span class='ocrx_word' id='word_1_136' title='bbox 737 1059 790 1087; x_wconf 87' lang='lat' dir='ltr'><strong>est,</strong></span> <span class='ocrx_word' id='word_1_137' title='bbox 825 1055 952 1083; x_wconf 87' lang='lat' dir='ltr'><strong>valebant</strong></span> <span class='ocrx_word' id='word_1_138' title='bbox 980 1056 1053 1091; x_wconf 92' lang='lat' dir='ltr'><strong>quod</strong></span> 
     </span>
    </p>
   </div>
   <div class='ocr_carea' id='block_1_24' title="bbox 259 1100 1054 1136">
    <p class='ocr_par' dir='ltr' id='par_1_24' title="bbox 259 1100 1054 1136">
     <span class='ocr_line' id='line_1_24' title="bbox 259 1100 1054 1136; baseline 0.001 -8"><span class='ocrx_word' id='word_1_139' title='bbox 259 1108 303 1129; x_wconf 86' lang='lat' dir='ltr'><strong>res</strong></span> <span class='ocrx_word' id='word_1_140' title='bbox 331 1101 459 1135; x_wconf 70' lang='lat' dir='ltr'><strong>quaelibet</strong></span> <span class='ocrx_word' id='word_1_141' title='bbox 484 1101 625 1136; x_wconf 84' lang='lat' dir='ltr'><strong>pretiosa:</strong></span> <span class='ocrx_word' id='word_1_142' title='bbox 643 1100 780 1135; x_wconf 92' lang='lat' dir='ltr'><strong>quomodo</strong></span> <span class='ocrx_word' id='word_1_143' title='bbox 812 1100 875 1128; x_wconf 82' lang='lat' dir='ltr'><strong>facti</strong></span> <span class='ocrx_word' id='word_1_144' title='bbox 907 1106 971 1128; x_wconf 93' lang='lat' dir='ltr'><strong>sunt</strong></span> <span class='ocrx_word' id='word_1_145' title='bbox 990 1110 1054 1129; x_wconf 73' lang='lat' dir='ltr'><strong>vasa</strong></span> 
     </span>
    </p>
   </div>
   <div class='ocr_carea' id='block_1_25' title="bbox 258 1146 1054 1182">
    <p class='ocr_par' dir='ltr' id='par_1_25' title="bbox 258 1146 1054 1182">
     <span class='ocr_line' id='line_1_25' title="bbox 258 1146 1054 1182; baseline -0.001 -8"><span class='ocrx_word' id='word_1_146' title='bbox 258 1146 363 1182; x_wconf 77' lang='lat' dir='ltr'><strong>fragilia</strong></span> <span class='ocrx_word' id='word_1_147' title='bbox 404 1152 435 1173; x_wconf 91' lang='lat' dir='ltr'><strong>ut</strong></span> <span class='ocrx_word' id='word_1_148' title='bbox 468 1151 643 1181; x_wconf 85' lang='lat' dir='ltr'><strong>peccatorum</strong></span> <span class='ocrx_word' id='word_1_149' title='bbox 675 1146 793 1174; x_wconf 89' lang='lat' dir='ltr'><strong>illisione</strong></span> <span class='ocrx_word' id='word_1_150' title='bbox 830 1147 1054 1182; x_wconf 80' lang='lat' dir='ltr'><strong>confringantur?</strong></span> 
     </span>
    </p>
   </div>
   <div class='ocr_carea' id='block_1_26' title="bbox 259 1191 1053 1227">
    <p class='ocr_par' dir='ltr' id='par_1_26' title="bbox 259 1191 1053 1227">
     <span class='ocr_line' id='line_1_26' title="bbox 259 1191 1053 1227; baseline 0.001 -8"><span class='ocrx_word' id='word_1_151' title='bbox 259 1192 301 1220; x_wconf 86' lang='lat' dir='ltr'><strong>vel</strong></span> <span class='ocrx_word' id='word_1_152' title='bbox 315 1199 349 1219; x_wconf 90' lang='lat' dir='ltr'><strong>eo</strong></span> <span class='ocrx_word' id='word_1_153' title='bbox 364 1191 436 1227; x_wconf 91' lang='lat' dir='ltr'><strong>quod</strong></span> <span class='ocrx_word' id='word_1_154' title='bbox 460 1199 515 1219; x_wconf 88' lang='lat' dir='ltr'><strong>non</strong></span> <span class='ocrx_word' id='word_1_155' title='bbox 535 1197 714 1227; x_wconf 83' lang='lat' dir='ltr'><strong>permaneant</strong></span> <span class='ocrx_word' id='word_1_156' title='bbox 729 1192 756 1218; x_wconf 94' lang='lat' dir='ltr'><strong>in</strong></span> <span class='ocrx_word' id='word_1_157' title='bbox 773 1192 845 1219; x_wconf 89' lang='lat' dir='ltr'><strong>bono</strong></span> <span class='ocrx_word' id='word_1_158' title='bbox 863 1192 967 1220; x_wconf 86' lang='lat' dir='ltr'><strong>scilicet</strong></span> <span class='ocrx_word' id='word_1_159' title='bbox 988 1200 1053 1227; x_wconf 91' lang='lat' dir='ltr'><strong>pro-</strong></span> 
     </span>
    </p>
   </div>
   <div class='ocr_carea' id='block_1_27' title="bbox 258 1237 726 1272">
    <p class='ocr_par' dir='ltr' id='par_1_27' title="bbox 258 1237 726 1272">
     <span class='ocr_line' id='line_1_27' title="bbox 258 1237 726 1272; baseline 0.004 -7"><span class='ocrx_word' id='word_1_160' title='bbox 258 1237 361 1272; x_wconf 86' lang='lat' dir='ltr'><strong>posito.</strong></span> <span class='ocrx_word' id='word_1_161' title='bbox 722 1252 726 1255; x_wconf 59' lang='grc' dir='ltr'>λ</span> 
     </span>
    </p>
   </div>
   <div class='ocr_carea' id='block_1_28' title="bbox 293 1279 1055 1320">
    <p class='ocr_par' dir='ltr' id='par_1_28' title="bbox 293 1279 1055 1320">
     <span class='ocr_line' id='line_1_28' title="bbox 293 1279 1055 1320; baseline 0.003 -12"><span class='ocrx_word' id='word_1_162' title='bbox 293 1280 326 1308; x_wconf 79' lang='grc' dir='ltr'><strong>ν.</strong></span> <span class='ocrx_word' id='word_1_163' title='bbox 344 1281 371 1307; x_wconf 81' lang='grc'>5.</span> <span class='ocrx_word' id='word_1_164' title='bbox 389 1288 399 1306; x_wconf 88' lang='lat'><strong>1</strong></span> <span class='ocrx_word' id='word_1_165' title='bbox 415 1279 557 1307; x_wconf 80' lang='lat' dir='ltr'><strong>Mammas.</strong></span> <span class='ocrx_word' id='word_1_166' title='bbox 573 1289 582 1305; x_wconf 81' lang='grc' dir='ltr'><strong>ι</strong></span> <span class='ocrx_word' id='word_1_167' title='bbox 603 1279 745 1308; x_wconf 83' lang='lat' dir='ltr'><strong>Venenosa</strong></span> <span class='ocrx_word' id='word_1_168' title='bbox 759 1281 885 1320; x_wconf 79' lang='lat' dir='ltr'><strong>dogmata</strong></span> <span class='ocrx_word' id='word_1_169' title='bbox 900 1282 941 1310; x_wconf 92' lang='lat' dir='ltr'><strong>vel</strong></span> <span class='ocrx_word' id='word_1_170' title='bbox 958 1291 1055 1318; x_wconf 85' lang='lat' dir='ltr'><strong>pravas</strong></span> 
     </span>
    </p>
   </div>
   <div class='ocr_carea' id='block_1_29' title="bbox 260 1325 735 1360">
    <p class='ocr_par' dir='ltr' id='par_1_29' title="bbox 260 1325 735 1360">
     <span class='ocr_line' id='line_1_29' title="bbox 260 1325 735 1360; baseline 0 -8"><span class='ocrx_word' id='word_1_171' title='bbox 260 1325 511 1360; x_wconf 88' lang='lat' dir='ltr'><strong>interpretationes.</strong></span> <span class='ocrx_word' id='word_1_172' title='bbox 729 1325 735 1330; x_wconf 84' lang='lat'>&#39;</span> 
     </span>
    </p>
   </div>
   <div class='ocr_carea' id='block_1_30' title="bbox 297 1369 982 1406">
    <p class='ocr_par' dir='ltr' id='par_1_30' title="bbox 297 1369 982 1406">
     <span class='ocr_line' id='line_1_30' title="bbox 297 1369 982 1406; baseline 0.006 -9"><span class='ocrx_word' id='word_1_173' title='bbox 297 1379 312 1399; x_wconf 84' lang='lat'><strong>1.</strong></span> <span class='ocrx_word' id='word_1_174' title='bbox 327 1369 439 1398; x_wconf 86' lang='lat' dir='ltr'><strong>Catulos</strong></span> <span class='ocrx_word' id='word_1_175' title='bbox 456 1378 531 1398; x_wconf 84' lang='lat' dir='ltr'><strong>suos.</strong></span> <span class='ocrx_word' id='word_1_176' title='bbox 551 1380 561 1397; x_wconf 72' lang='grc' dir='ltr'><strong>ι</strong></span> <span class='ocrx_word' id='word_1_177' title='bbox 578 1371 632 1398; x_wconf 83' lang='lat' dir='ltr'><strong>Eos</strong></span> <span class='ocrx_word' id='word_1_178' title='bbox 645 1371 690 1406; x_wconf 87' lang='lat' dir='ltr'><strong>qui</strong></span> <span class='ocrx_word' id='word_1_179' title='bbox 707 1371 786 1399; x_wconf 83' lang='lat' dir='ltr'><strong>fidem</strong></span> <span class='ocrx_word' id='word_1_180' title='bbox 801 1372 853 1400; x_wconf 93' lang='lat' dir='ltr'><strong>illis</strong></span> <span class='ocrx_word' id='word_1_181' title='bbox 870 1372 982 1401; x_wconf 86' lang='lat' dir='ltr'><strong>habent.</strong></span> 
     </span>
    </p>
   </div>
   <div class='ocr_carea' id='block_1_31' title="bbox 292 1415 1057 1454">
    <p class='ocr_par' dir='ltr' id='par_1_31' title="bbox 292 1415 1057 1454">
     <span class='ocr_line' id='line_1_31' title="bbox 292 1415 1057 1454; baseline 0.008 -12"><span class='ocrx_word' id='word_1_182' title='bbox 292 1425 305 1441; x_wconf 57' lang='lat'><strong>&#39;1</strong></span> <span class='ocrx_word' id='word_1_183' title='bbox 327 1415 402 1443; x_wconf 68' lang='lat' dir='ltr'><strong>Filiae</strong></span> <span class='ocrx_word' id='word_1_184' title='bbox 419 1416 512 1451; x_wconf 89' lang='lat' dir='ltr'><strong>populi</strong></span> <span class='ocrx_word' id='word_1_185' title='bbox 536 1417 602 1444; x_wconf 90' lang='lat' dir='ltr'><strong>mei.</strong></span> <span class='ocrx_word' id='word_1_186' title='bbox 623 1426 632 1443; x_wconf 84' lang='grc'><strong>›</strong></span> <span class='ocrx_word' id='word_1_187' title='bbox 659 1418 764 1445; x_wconf 73' lang='lat' dir='ltr'><strong>Animae</strong></span> <span class='ocrx_word' id='word_1_188' title='bbox 787 1426 848 1451; x_wconf 67' lang='lat' dir='ltr'><strong>qua:</strong></span> <span class='ocrx_word' id='word_1_189' title='bbox 875 1425 1057 1454; x_wconf 89' lang='lat' dir='ltr'><strong>susceperunt</strong></span> 
     </span>
    </p>
   </div>
   <div class='ocr_carea' id='block_1_32' title="bbox 253 1460 1056 1498">
    <p class='ocr_par' dir='ltr' id='par_1_32' title="bbox 253 1460 1056 1498">
     <span class='ocr_line' id='line_1_32' title="bbox 253 1460 1056 1498; baseline 0.007 -11"><span class='ocrx_word' id='word_1_190' title='bbox 253 1460 425 1495; x_wconf 75' lang='lat' dir='ltr'><strong>perniciosas</strong></span> <span class='ocrx_word' id='word_1_191' title='bbox 448 1468 543 1489; x_wconf 89' lang='lat' dir='ltr'><strong>eorum</strong></span> <span class='ocrx_word' id='word_1_192' title='bbox 566 1461 724 1496; x_wconf 88' lang='lat' dir='ltr'><strong>disciplinas</strong></span> <span class='ocrx_word' id='word_1_193' title='bbox 738 1463 816 1498; x_wconf 85' lang='lat' dir='ltr'><strong>quasi</strong></span> <span class='ocrx_word' id='word_1_194' title='bbox 832 1464 951 1492; x_wconf 88' lang='lat' dir='ltr'><strong>struthio</strong></span> <span class='ocrx_word' id='word_1_195' title='bbox 964 1465 992 1492; x_wconf 92' lang='lat' dir='ltr'><strong>in</strong></span> <span class='ocrx_word' id='word_1_196' title='bbox 1005 1465 1056 1493; x_wconf 88' lang='lat' dir='ltr'><strong>de-</strong></span> 
     </span>
    </p>
   </div>
   <div class='ocr_carea' id='block_1_33' title="bbox 255 1506 665 1535">
    <p class='ocr_par' dir='ltr' id='par_1_33' title="bbox 255 1506 665 1535">
     <span class='ocr_line' id='line_1_33' title="bbox 255 1506 665 1535; baseline 0.002 -1"><span class='ocrx_word' id='word_1_197' title='bbox 255 1511 341 1534; x_wconf 72' lang='lat' dir='ltr'><strong>aet-to.</strong></span> <span class='ocrx_word' id='word_1_198' title='bbox 360 1506 401 1534; x_wconf 88' lang='lat' dir='ltr'><strong>0b</strong></span> <span class='ocrx_word' id='word_1_199' title='bbox 413 1507 549 1535; x_wconf 87' lang='lat' dir='ltr'><strong>defectum</strong></span> <span class='ocrx_word' id='word_1_200' title='bbox 561 1507 665 1535; x_wconf 81' lang='lat' dir='ltr'><strong>auxilii.</strong></span> 
     </span>
    </p>
   </div>
   <div class='ocr_carea' id='block_1_34' title="bbox 1103 278 1895 324">
    <p class='ocr_par' dir='ltr' id='par_1_34' title="bbox 1103 278 1895 324">
     <span class='ocr_line' id='line_1_34' title="bbox 1103 278 1895 324; baseline -0.003 -17"><span class='ocrx_word' id='word_1_201' title='bbox 1103 280 1211 316; x_wconf 83' lang='grc' dir='ltr'><strong>μόχθον.</strong></span> <span class='ocrx_word' id='word_1_202' title='bbox 1228 289 1238 306; x_wconf 76' lang='grc' dir='ltr'><strong>ι</strong></span> <span class='ocrx_word' id='word_1_203' title='bbox 1257 280 1351 315; x_wconf 80' lang='grc' dir='ltr'><strong>Ἐμοῦ,</strong></span> <span class='ocrx_word' id='word_1_204' title='bbox 1370 280 1465 315; x_wconf 79' lang='grc' dir='ltr'>φησὶν,</span> <span class='ocrx_word' id='word_1_205' title='bbox 1480 280 1530 315; x_wconf 84' lang='grc' dir='ltr'>τῆς</span> <span class='ocrx_word' id='word_1_206' title='bbox 1554 280 1668 315; x_wconf 82' lang='grc' dir='ltr'>καρδίας</span> <span class='ocrx_word' id='word_1_207' title='bbox 1685 278 1895 324; x_wconf 75' lang='grc' dir='ltr'>ὑπερασπίζων,</span> 
     </span>
    </p>
   </div>
   <div class='ocr_carea' id='block_1_35' title="bbox 1100 324 1897 362">
    <p class='ocr_par' dir='ltr' id='par_1_35' title="bbox 1100 324 1897 362">
     <span class='ocr_line' id='line_1_35' title="bbox 1100 324 1897 362; baseline -0.003 -10"><span class='ocrx_word' id='word_1_208' title='bbox 1100 327 1156 357; x_wconf 82' lang='grc' dir='ltr'>τοῖς</span> <span class='ocrx_word' id='word_1_209' title='bbox 1172 325 1281 362; x_wconf 76' lang='grc' dir='ltr'><strong>ἐχθροῖς</strong></span> <span class='ocrx_word' id='word_1_210' title='bbox 1302 326 1456 357; x_wconf 79' lang='grc' dir='ltr'><strong>ἀποδώσεις</strong></span> <span class='ocrx_word' id='word_1_211' title='bbox 1475 325 1584 360; x_wconf 81' lang='grc' dir='ltr'><strong>μόχθον.</strong></span> <span class='ocrx_word' id='word_1_212' title='bbox 1603 325 1639 351; x_wconf 83' lang='grc' dir='ltr'><strong>Σὺ</strong></span> <span class='ocrx_word' id='word_1_213' title='bbox 1657 324 1739 362; x_wconf 65' lang='grc' dir='ltr'>αυτὸς</span> <span class='ocrx_word' id='word_1_214' title='bbox 1762 325 1897 351; x_wconf 77' lang='grc' dir='ltr'>καταδιώι</span> 
     </span>
    </p>
   </div>
   <div class='ocr_carea' id='block_1_36' title="bbox 1102 368 1911 406">
    <p class='ocr_par' dir='ltr' id='par_1_36' title="bbox 1102 368 1911 406">
     <span class='ocr_line' id='line_1_36' title="bbox 1102 368 1911 406; baseline 0.001 -9"><span class='ocrx_word' id='word_1_215' title='bbox 1102 370 1158 404; x_wconf 78' lang='grc' dir='ltr'>ξεις</span> <span class='ocrx_word' id='word_1_216' title='bbox 1173 371 1201 397; x_wconf 81' lang='grc' dir='ltr'>ὲν</span> <span class='ocrx_word' id='word_1_217' title='bbox 1216 371 1297 406; x_wconf 72' lang='grc' dir='ltr'>ὀργῇ¹</span> <span class='ocrx_word' id='word_1_218' title='bbox 1312 371 1420 403; x_wconf 73' lang='grc' dir='ltr'>οὐδενὸς</span> <span class='ocrx_word' id='word_1_219' title='bbox 1435 371 1490 405; x_wconf 87' lang='grc' dir='ltr'>γὰρ</span> <span class='ocrx_word' id='word_1_220' title='bbox 1502 368 1582 398; x_wconf 75' lang='grc' dir='ltr'>ἄλλου</span> <span class='ocrx_word' id='word_1_221' title='bbox 1596 370 1660 401; x_wconf 81' lang='grc' dir='ltr'>τοὺς</span> <span class='ocrx_word' id='word_1_222' title='bbox 1672 368 1830 405; x_wconf 72' lang='grc' dir='ltr'><strong>ἀλιτηρίους</strong></span> <span class='ocrx_word' id='word_1_223' title='bbox 1841 369 1911 398; x_wconf 87' lang='grc' dir='ltr'>δαί-.</span> 
     </span>
    </p>
   </div>
   <div class='ocr_carea' id='block_1_37' title="bbox 1102 415 1898 454">
    <p class='ocr_par' dir='ltr' id='par_1_37' title="bbox 1102 415 1898 454">
     <span class='ocr_line' id='line_1_37' title="bbox 1102 415 1898 454; baseline 0 -12"><span class='ocrx_word' id='word_1_224' title='bbox 1102 424 1187 450; x_wconf 79' lang='grc' dir='ltr'>μονας</span> <span class='ocrx_word' id='word_1_225' title='bbox 1209 415 1377 450; x_wconf 78' lang='grc' dir='ltr'>καταδιῶξαι</span> <span class='ocrx_word' id='word_1_226' title='bbox 1398 417 1444 443; x_wconf 55' lang='grc' dir='ltr'><strong>καὶ¹</strong></span> <span class='ocrx_word' id='word_1_227' title='bbox 1468 415 1677 454; x_wconf 81' lang='grc' dir='ltr'>τροπὼσασθαι,</span> <span class='ocrx_word' id='word_1_228' title='bbox 1690 415 1708 451; x_wconf 72' lang='grc' dir='ltr'>ἦ</span> <span class='ocrx_word' id='word_1_229' title='bbox 1728 415 1776 442; x_wconf 79' lang='grc' dir='ltr'><strong>τοῦ</strong></span> <span class='ocrx_word' id='word_1_230' title='bbox 1792 416 1898 450; x_wconf 81' lang='grc' dir='ltr'>Κυρίου</span> 
     </span>
    </p>
   </div>
   <div class='ocr_carea' id='block_1_38' title="bbox 1101 460 1436 497">
    <p class='ocr_par' dir='ltr' id='par_1_38' title="bbox 1101 460 1436 497">
     <span class='ocr_line' id='line_1_38' title="bbox 1101 460 1436 497; baseline 0.009 -11"><span class='ocrx_word' id='word_1_231' title='bbox 1101 460 1178 496; x_wconf 83' lang='grc' dir='ltr'>ήμῶν</span> <span class='ocrx_word' id='word_1_232' title='bbox 1197 460 1287 496; x_wconf 80' lang='grc' dir='ltr'><strong>Ἰησοῦ</strong></span> <span class='ocrx_word' id='word_1_233' title='bbox 1305 460 1436 497; x_wconf 74' lang='grc' dir='ltr'>Χριστοῦ.</span> 
     </span>
    </p>
   </div>
   <div class='ocr_carea' id='block_1_39' title="bbox 1281 505 1588 535">
    <p class='ocr_par' dir='ltr' id='par_1_39' title="bbox 1281 505 1588 535">
     <span class='ocr_line' id='line_1_39' title="bbox 1281 505 1588 535; baseline 0.003 -2"><span class='ocrx_word' id='word_1_234' title='bbox 1281 505 1283 508; x_wconf 48' lang='grc'><em>⁴</em></span> <span class='ocrx_word' id='word_1_235' title='bbox 1405 508 1532 535; x_wconf 76' lang='grc' dir='ltr'><strong>ΚΕΦΑΛ.</strong></span> <span class='ocrx_word' id='word_1_236' title='bbox 1552 506 1588 534; x_wconf 89' lang='grc' dir='ltr'><strong>Δ’.</strong></span> 
     </span>
    </p>
   </div>
   <div class='ocr_carea' id='block_1_40' title="bbox 1139 550 1790 589">
    <p class='ocr_par' dir='ltr' id='par_1_40' title="bbox 1139 550 1790 589">
     <span class='ocr_line' id='line_1_40' title="bbox 1139 550 1790 589; baseline 0.002 -11"><span class='ocrx_word' id='word_1_237' title='bbox 1139 562 1149 578; x_wconf 96' lang='lat'><strong>1</strong></span> <span class='ocrx_word' id='word_1_238' title='bbox 1163 553 1293 588; x_wconf 84' lang='grc' dir='ltr'>Χρυσίον.</span> <span class='ocrx_word' id='word_1_239' title='bbox 1309 562 1318 579; x_wconf 77' lang='lat' dir='ltr'><strong>t</strong></span> <span class='ocrx_word' id='word_1_240' title='bbox 1339 554 1371 580; x_wconf 82' lang='lat' dir='ltr'><strong>&#39;H</strong></span> <span class='ocrx_word' id='word_1_241' title='bbox 1383 553 1550 589; x_wconf 74' lang='grc' dir='ltr'>εὖαγγελικὴ</span> <span class='ocrx_word' id='word_1_242' title='bbox 1566 550 1740 580; x_wconf 76' lang='grc' dir='ltr'>διδασκαλία.</span> <span class='ocrx_word' id='word_1_243' title='bbox 1788 586 1790 589; x_wconf 28' lang='grc' dir='ltr'><strong><em>ι</em></strong></span> 
     </span>
    </p>
   </div>
   <div class='ocr_carea' id='block_1_41' title="bbox 1140 597 1899 634">
    <p class='ocr_par' dir='ltr' id='par_1_41' title="bbox 1140 597 1899 634">
     <span class='ocr_line' id='line_1_41' title="bbox 1140 597 1899 634; baseline 0.001 -10"><span class='ocrx_word' id='word_1_244' title='bbox 1140 607 1150 623; x_wconf 84' lang='lat'><strong>1</strong></span> <span class='ocrx_word' id='word_1_245' title='bbox 1161 598 1400 634; x_wconf 83' lang='grc' dir='ltr'>Ἀλλοιωθήσεται.</span> <span class='ocrx_word' id='word_1_246' title='bbox 1417 609 1425 624; x_wconf 78' lang='grc' dir='ltr'><strong>ι</strong></span> <span class='ocrx_word' id='word_1_247' title='bbox 1439 599 1472 625; x_wconf 79' lang='lat'><strong>&quot;0</strong></span> <span class='ocrx_word' id='word_1_248' title='bbox 1495 600 1579 634; x_wconf 86' lang='grc' dir='ltr'>νόμος</span> <span class='ocrx_word' id='word_1_249' title='bbox 1592 600 1606 625; x_wconf 82' lang='grc' dir='ltr'>ὀ</span> <span class='ocrx_word' id='word_1_250' title='bbox 1621 597 1780 630; x_wconf 67' lang='grc' dir='ltr'>Μωσαῖκὶς,</span> <span class='ocrx_word' id='word_1_251' title='bbox 1796 599 1899 632; x_wconf 78' lang='grc' dir='ltr'>ἀγαθὸς</span> 
     </span>
    </p>
   </div>
   <div class='ocr_carea' id='block_1_42' title="bbox 1101 643 1899 681">
    <p class='ocr_par' dir='ltr' id='par_1_42' title="bbox 1101 643 1899 681">
     <span class='ocr_line' id='line_1_42' title="bbox 1101 643 1899 681; baseline 0.003 -11"><span class='ocrx_word' id='word_1_252' title='bbox 1101 643 1141 675; x_wconf 81' lang='grc' dir='ltr'><strong>δὲ,</strong></span> <span class='ocrx_word' id='word_1_253' title='bbox 1156 645 1196 671; x_wconf 83' lang='grc' dir='ltr'>ὅτι</span> <span class='ocrx_word' id='word_1_254' title='bbox 1213 645 1393 677; x_wconf 82' lang='grc' dir='ltr'><strong>θεόπνευστος</strong></span> <span class='ocrx_word' id='word_1_255' title='bbox 1408 645 1488 681; x_wconf 81' lang='grc' dir='ltr'>μόνος</span> <span class='ocrx_word' id='word_1_256' title='bbox 1502 646 1595 677; x_wconf 80' lang='grc' dir='ltr'>αὐτοῖς</span> <span class='ocrx_word' id='word_1_257' title='bbox 1604 665 1613 679; x_wconf 82' lang='lat'><strong>,</strong></span> <span class='ocrx_word' id='word_1_258' title='bbox 1627 645 1717 671; x_wconf 81' lang='grc' dir='ltr'>καίτοι</span> <span class='ocrx_word' id='word_1_259' title='bbox 1733 643 1841 671; x_wconf 80' lang='grc' dir='ltr'><strong>πολλῶν</strong></span> <span class='ocrx_word' id='word_1_260' title='bbox 1852 643 1899 672; x_wconf 68' lang='grc' dir='ltr'>δν-</span> 
     </span>
    </p>
   </div>
   <div class='ocr_carea' id='block_1_43' title="bbox 1101 690 1524 726">
    <p class='ocr_par' dir='ltr' id='par_1_43' title="bbox 1101 690 1524 726">
     <span class='ocr_line' id='line_1_43' title="bbox 1101 690 1524 726; baseline 0.005 -11"><span class='ocrx_word' id='word_1_261' title='bbox 1101 695 1156 716; x_wconf 86' lang='grc' dir='ltr'><strong>των</strong></span> <span class='ocrx_word' id='word_1_262' title='bbox 1174 690 1241 725; x_wconf 76' lang='grc' dir='ltr'>παρ’</span> <span class='ocrx_word' id='word_1_263' title='bbox 1253 690 1407 726; x_wconf 77' lang='grc' dir='ltr'>ἀνθρώποις</span> <span class='ocrx_word' id='word_1_264' title='bbox 1422 691 1524 726; x_wconf 78' lang='grc' dir='ltr'>νόμων.</span> 
     </span>
    </p>
   </div>
   <div class='ocr_carea' id='block_1_44' title="bbox 1140 735 1899 771">
    <p class='ocr_par' dir='ltr' id='par_1_44' title="bbox 1140 735 1899 771">
     <span class='ocr_line' id='line_1_44' title="bbox 1140 735 1899 771; baseline 0 -9"><span class='ocrx_word' id='word_1_265' title='bbox 1140 744 1150 761; x_wconf 83' lang='lat'><strong>1</strong></span> <span class='ocrx_word' id='word_1_266' title='bbox 1162 735 1345 771; x_wconf 74' lang='grc' dir='ltr'>Ἐξεχύθησαν</span> <span class='ocrx_word' id='word_1_267' title='bbox 1364 736 1445 763; x_wconf 80' lang='grc' dir='ltr'><strong>λίθοι.</strong></span> <span class='ocrx_word' id='word_1_268' title='bbox 1461 745 1470 762; x_wconf 69' lang='lat' dir='ltr'><strong>t</strong></span> <span class='ocrx_word' id='word_1_269' title='bbox 1496 736 1609 763; x_wconf 83' lang='grc' dir='ltr'>Χυδαῖοι</span> <span class='ocrx_word' id='word_1_270' title='bbox 1633 735 1759 770; x_wconf 67' lang='grc' dir='ltr'>ἐγένοντο</span> <span class='ocrx_word' id='word_1_271' title='bbox 1779 735 1899 768; x_wconf 68' lang='grc' dir='ltr'>ἕκαστος</span> 
     </span>
    </p>
   </div>
   <div class='ocr_carea' id='block_1_45' title="bbox 1102 781 1900 817">
    <p class='ocr_par' dir='ltr' id='par_1_45' title="bbox 1102 781 1900 817">
     <span class='ocr_line' id='line_1_45' title="bbox 1102 781 1900 817; baseline 0 -10"><span class='ocrx_word' id='word_1_272' title='bbox 1102 781 1149 808; x_wconf 73' lang='grc' dir='ltr'><strong>ἐπὶ</strong></span> <span class='ocrx_word' id='word_1_273' title='bbox 1165 783 1199 817; x_wconf 83' lang='grc' dir='ltr'><strong>τῇ</strong></span> <span class='ocrx_word' id='word_1_274' title='bbox 1218 782 1347 817; x_wconf 73' lang='grc' dir='ltr'><strong>προθέσει</strong></span> <span class='ocrx_word' id='word_1_275' title='bbox 1365 782 1415 817; x_wconf 84' lang='grc' dir='ltr'>τῆς</span> <span class='ocrx_word' id='word_1_276' title='bbox 1431 781 1570 813; x_wconf 81' lang='grc' dir='ltr'><strong>πολιτείας</strong></span> <span class='ocrx_word' id='word_1_277' title='bbox 1593 781 1626 816; x_wconf 80' lang='grc' dir='ltr'><strong>τῇ</strong></span> <span class='ocrx_word' id='word_1_278' title='bbox 1643 781 1824 816; x_wconf 72' lang='grc' dir='ltr'><strong>προκειμένῃ.</strong></span> <span class='ocrx_word' id='word_1_279' title='bbox 1842 781 1900 807; x_wconf 83' lang='grc' dir='ltr'><strong>Κα-</strong></span> 
     </span>
    </p>
   </div>
   <div class='ocr_carea' id='block_1_46' title="bbox 1102 826 1898 863">
    <p class='ocr_par' dir='ltr' id='par_1_46' title="bbox 1102 826 1898 863">
     <span class='ocr_line' id='line_1_46' title="bbox 1102 826 1898 863; baseline 0 -10"><span class='ocrx_word' id='word_1_280' title='bbox 1102 827 1203 862; x_wconf 77' lang='grc' dir='ltr'>ταΰοὴν</span> <span class='ocrx_word' id='word_1_281' title='bbox 1220 828 1249 855; x_wconf 77' lang='grc' dir='ltr'>δὲ</span> <span class='ocrx_word' id='word_1_282' title='bbox 1265 828 1323 863; x_wconf 72' lang='grc' dir='ltr'>ἔχει</span> <span class='ocrx_word' id='word_1_283' title='bbox 1342 829 1356 855; x_wconf 80' lang='grc' dir='ltr'>ὁ</span> <span class='ocrx_word' id='word_1_284' title='bbox 1378 827 1469 862; x_wconf 75' lang='grc' dir='ltr'>λόγος,</span> <span class='ocrx_word' id='word_1_285' title='bbox 1487 828 1534 855; x_wconf 68' lang='grc' dir='ltr'>καὶ</span> <span class='ocrx_word' id='word_1_286' title='bbox 1551 828 1622 855; x_wconf 87' lang='grc' dir='ltr'>κατὰ</span> <span class='ocrx_word' id='word_1_287' title='bbox 1637 828 1692 854; x_wconf 82' lang='grc' dir='ltr'>τῶν</span> <span class='ocrx_word' id='word_1_288' title='bbox 1707 827 1794 857; x_wconf 77' lang='grc' dir='ltr'>ταῦτα</span> <span class='ocrx_word' id='word_1_289' title='bbox 1820 826 1898 862; x_wconf 77' lang='grc' dir='ltr'>ἐνερ-</span> 
     </span>
    </p>
   </div>
   <div class='ocr_carea' id='block_1_47' title="bbox 1103 870 1753 908">
    <p class='ocr_par' dir='ltr' id='par_1_47' title="bbox 1103 870 1753 908">
     <span class='ocr_line' id='line_1_47' title="bbox 1103 870 1753 908; baseline 0.008 -10"><span class='ocrx_word' id='word_1_290' title='bbox 1103 871 1224 906; x_wconf 83' lang='grc' dir='ltr'>γούντων</span> <span class='ocrx_word' id='word_1_291' title='bbox 1237 873 1385 908; x_wconf 85' lang='grc' dir='ltr'><strong>δαιμόνων.</strong></span> <span class='ocrx_word' id='word_1_292' title='bbox 1745 870 1753 878; x_wconf 79' lang='grc'><em>”</em></span> 
     </span>
    </p>
   </div>
   <div class='ocr_carea' id='block_1_48' title="bbox 1142 919 1900 954">
    <p class='ocr_par' dir='ltr' id='par_1_48' title="bbox 1142 919 1900 954">
     <span class='ocr_line' id='line_1_48' title="bbox 1142 919 1900 954; baseline 0.005 -10"><span class='ocrx_word' id='word_1_293' title='bbox 1142 927 1150 944; x_wconf 81' lang='grc' dir='ltr'><strong>ι</strong></span> <span class='ocrx_word' id='word_1_294' title='bbox 1167 919 1198 945; x_wconf 82' lang='grc' dir='ltr'>Οἱ</span> <span class='ocrx_word' id='word_1_295' title='bbox 1213 919 1367 954; x_wconf 78' lang='grc' dir='ltr'>ἐπηρμένοι</span> <span class='ocrx_word' id='word_1_296' title='bbox 1382 920 1411 946; x_wconf 81' lang='grc' dir='ltr'>ἐν</span> <span class='ocrx_word' id='word_1_297' title='bbox 1426 919 1542 954; x_wconf 86' lang='grc' dir='ltr'>χρυσίῳ,</span> <span class='ocrx_word' id='word_1_298' title='bbox 1562 930 1571 946; x_wconf 74' lang='grc' dir='ltr'><strong>ι</strong></span> <span class='ocrx_word' id='word_1_299' title='bbox 1587 919 1635 953; x_wconf 80' lang='grc' dir='ltr'><strong>Ἐξ</strong></span> <span class='ocrx_word' id='word_1_300' title='bbox 1650 921 1754 952; x_wconf 76' lang='grc' dir='ltr'>εἰκόνος</span> <span class='ocrx_word' id='word_1_301' title='bbox 1768 921 1822 948; x_wconf 82' lang='grc' dir='ltr'>τῶν</span> <span class='ocrx_word' id='word_1_302' title='bbox 1836 928 1900 947; x_wconf 81' lang='grc' dir='ltr'>στα-</span> 
     </span>
    </p>
   </div>
   <div class='ocr_carea' id='block_1_49' title="bbox 1103 962 1900 1000">
    <p class='ocr_par' dir='ltr' id='par_1_49' title="bbox 1103 962 1900 1000">
     <span class='ocr_line' id='line_1_49' title="bbox 1103 962 1900 1000; baseline 0.004 -12"><span class='ocrx_word' id='word_1_303' title='bbox 1103 962 1275 998; x_wconf 83' lang='grc' dir='ltr'>θμιζομὲνων</span> <span class='ocrx_word' id='word_1_304' title='bbox 1292 964 1321 990; x_wconf 81' lang='grc' dir='ltr'>ὲν</span> <span class='ocrx_word' id='word_1_305' title='bbox 1337 964 1413 999; x_wconf 83' lang='grc' dir='ltr'><strong>ζυγῷ</strong></span> <span class='ocrx_word' id='word_1_306' title='bbox 1426 964 1473 990; x_wconf 86' lang='grc' dir='ltr'><strong>τὸν</strong></span> <span class='ocrx_word' id='word_1_307' title='bbox 1490 964 1569 998; x_wconf 79' lang='grc' dir='ltr'>λόγον</span> <span class='ocrx_word' id='word_1_308' title='bbox 1583 964 1706 1000; x_wconf 79' lang='grc' dir='ltr'>εἴληφεν.</span> <span class='ocrx_word' id='word_1_309' title='bbox 1722 965 1753 991; x_wconf 80' lang='lat' dir='ltr'><strong>0i</strong></span> <span class='ocrx_word' id='word_1_310' title='bbox 1773 965 1900 991; x_wconf 83' lang='grc' dir='ltr'>ἀντιστα-</span> 
     </span>
    </p>
   </div>
   <div class='ocr_carea' id='block_1_50' title="bbox 1104 1007 1900 1046">
    <p class='ocr_par' dir='ltr' id='par_1_50' title="bbox 1104 1007 1900 1046">
     <span class='ocr_line' id='line_1_50' title="bbox 1104 1007 1900 1046; baseline 0.005 -12"><span class='ocrx_word' id='word_1_311' title='bbox 1104 1008 1278 1043; x_wconf 75' lang='grc' dir='ltr'>θμιζόμενοι,</span> <span class='ocrx_word' id='word_1_312' title='bbox 1304 1010 1397 1045; x_wconf 77' lang='grc' dir='ltr'>φησίν.</span> <span class='ocrx_word' id='word_1_313' title='bbox 1414 1007 1499 1036; x_wconf 75' lang='grc' dir='ltr'>Τοῦτο</span> <span class='ocrx_word' id='word_1_314' title='bbox 1521 1010 1576 1045; x_wconf 65' lang='grc' dir='ltr'>γὰρ</span> <span class='ocrx_word' id='word_1_315' title='bbox 1593 1010 1670 1046; x_wconf 81' lang='grc' dir='ltr'>δηλοῖ</span> <span class='ocrx_word' id='word_1_316' title='bbox 1683 1011 1723 1043; x_wconf 83' lang='grc' dir='ltr'>τὸ,</span> <span class='ocrx_word' id='word_1_317' title='bbox 1738 1010 1900 1045; x_wconf 76' lang='grc' dir='ltr'><strong>ἐπηρμένοι</strong></span> 
     </span>
    </p>
   </div>
   <div class='ocr_carea' id='block_1_51' title="bbox 1103 1053 1902 1092">
    <p class='ocr_par' dir='ltr' id='par_1_51' title="bbox 1103 1053 1902 1092">
     <span class='ocr_line' id='line_1_51' title="bbox 1103 1053 1902 1092; baseline 0.004 -12"><span class='ocrx_word' id='word_1_318' title='bbox 1103 1054 1144 1086; x_wconf 81' lang='grc' dir='ltr'>τῷ</span> <span class='ocrx_word' id='word_1_319' title='bbox 1167 1053 1284 1088; x_wconf 80' lang='grc' dir='ltr'>χρυσῷ,</span> <span class='ocrx_word' id='word_1_320' title='bbox 1309 1054 1435 1081; x_wconf 86' lang='grc' dir='ltr'><strong>τουτέστι</strong></span> <span class='ocrx_word' id='word_1_321' title='bbox 1461 1055 1544 1082; x_wconf 83' lang='grc' dir='ltr'>παντὶ</span> <span class='ocrx_word' id='word_1_322' title='bbox 1568 1056 1652 1092; x_wconf 76' lang='grc' dir='ltr'>τιμίῳ</span> <span class='ocrx_word' id='word_1_323' title='bbox 1667 1064 1674 1072; x_wconf 79' lang='grc'><em>’</em></span> <span class='ocrx_word' id='word_1_324' title='bbox 1699 1056 1759 1088; x_wconf 86' lang='grc' dir='ltr'><strong>πῶς</strong></span> <span class='ocrx_word' id='word_1_325' title='bbox 1777 1057 1902 1090; x_wconf 67' lang='grc' dir='ltr'>ἐγένοντο</span> 
     </span>
    </p>
   </div>
   <div class='ocr_carea' id='block_1_52' title="bbox 1105 1099 1900 1139">
    <p class='ocr_par' dir='ltr' id='par_1_52' title="bbox 1105 1099 1900 1139">
     <span class='ocr_line' id='line_1_52' title="bbox 1105 1099 1900 1139; baseline 0.006 -14"><span class='ocrx_word' id='word_1_326' title='bbox 1105 1099 1190 1135; x_wconf 73' lang='grc' dir='ltr'>σκεύη</span> <span class='ocrx_word' id='word_1_327' title='bbox 1205 1099 1359 1135; x_wconf 82' lang='grc' dir='ltr'>εῠθρυπτα,</span> <span class='ocrx_word' id='word_1_328' title='bbox 1376 1101 1428 1127; x_wconf 82' lang='grc' dir='ltr'><strong>ὑπὸ</strong></span> <span class='ocrx_word' id='word_1_329' title='bbox 1448 1101 1498 1137; x_wconf 86' lang='grc' dir='ltr'>τῆς</span> <span class='ocrx_word' id='word_1_330' title='bbox 1524 1103 1681 1139; x_wconf 77' lang='grc' dir='ltr'>προσϐολῆς</span> <span class='ocrx_word' id='word_1_331' title='bbox 1695 1104 1744 1138; x_wconf 85' lang='grc' dir='ltr'>τῆς</span> <span class='ocrx_word' id='word_1_332' title='bbox 1760 1103 1900 1139; x_wconf 78' lang='grc' dir='ltr'>ἁμαρτίας</span> 
     </span>
    </p>
   </div>
   <div class='ocr_carea' id='block_1_53' title="bbox 1106 1144 1902 1185">
    <p class='ocr_par' dir='ltr' id='par_1_53' title="bbox 1106 1144 1902 1185">
     <span class='ocr_line' id='line_1_53' title="bbox 1106 1144 1902 1185; baseline 0.008 -15"><span class='ocrx_word' id='word_1_333' title='bbox 1106 1144 1324 1180; x_wconf 73' lang='grc' dir='ltr'>συντριϐόμενα;</span> <span class='ocrx_word' id='word_1_334' title='bbox 1348 1146 1365 1181; x_wconf 84' lang='grc' dir='ltr'>ἢ</span> <span class='ocrx_word' id='word_1_335' title='bbox 1389 1147 1444 1174; x_wconf 79' lang='grc' dir='ltr'><strong>ἀπὸ</strong></span> <span class='ocrx_word' id='word_1_336' title='bbox 1458 1147 1506 1177; x_wconf 77' lang='grc' dir='ltr'>τοῦ</span> <span class='ocrx_word' id='word_1_337' title='bbox 1525 1149 1563 1183; x_wconf 77' lang='grc' dir='ltr'>μὴ</span> <span class='ocrx_word' id='word_1_338' title='bbox 1578 1149 1720 1185; x_wconf 75' lang='grc' dir='ltr'>ἐμμένειν,</span> <span class='ocrx_word' id='word_1_339' title='bbox 1734 1151 1791 1181; x_wconf 86' lang='grc' dir='ltr'>τοῖς</span> <span class='ocrx_word' id='word_1_340' title='bbox 1810 1149 1902 1184; x_wconf 80' lang='grc' dir='ltr'>κρείτ-</span> 
     </span>
    </p>
   </div>
   <div class='ocr_carea' id='block_1_54' title="bbox 1106 1190 1712 1226">
    <p class='ocr_par' dir='ltr' id='par_1_54' title="bbox 1106 1190 1712 1226">
     <span class='ocr_line' id='line_1_54' title="bbox 1106 1190 1712 1226; baseline 0.007 -10"><span class='ocrx_word' id='word_1_341' title='bbox 1106 1198 1166 1216; x_wconf 87' lang='grc' dir='ltr'>τοσι</span> <span class='ocrx_word' id='word_1_342' title='bbox 1179 1190 1313 1226; x_wconf 87' lang='grc' dir='ltr'>δηλονότι.</span> <span class='ocrx_word' id='word_1_343' title='bbox 1710 1197 1712 1199; x_wconf 84' lang='grc'><strong>’</strong></span> 
     </span>
    </p>
   </div>
   <div class='ocr_carea' id='block_1_55' title="bbox 1145 1236 1902 1278">
    <p class='ocr_par' dir='ltr' id='par_1_55' title="bbox 1145 1236 1902 1278">
     <span class='ocr_line' id='line_1_55' title="bbox 1145 1236 1902 1278; baseline 0.011 -17"><span class='ocrx_word' id='word_1_344' title='bbox 1145 1244 1155 1260; x_wconf 91' lang='lat'><strong>1</strong></span> <span class='ocrx_word' id='word_1_345' title='bbox 1170 1236 1311 1269; x_wconf 77' lang='grc' dir='ltr'>Μαστούς.</span> <span class='ocrx_word' id='word_1_346' title='bbox 1328 1247 1338 1263; x_wconf 71' lang='grc' dir='ltr'><strong>ι</strong></span> <span class='ocrx_word' id='word_1_347' title='bbox 1354 1238 1395 1265; x_wconf 85' lang='grc' dir='ltr'><strong>Τὰ</strong></span> <span class='ocrx_word' id='word_1_348' title='bbox 1418 1239 1509 1266; x_wconf 79' lang='grc' dir='ltr'>ίοὸὁλα</span> <span class='ocrx_word' id='word_1_349' title='bbox 1531 1240 1668 1276; x_wconf 79' lang='grc' dir='ltr'>δόγματα,</span> <span class='ocrx_word' id='word_1_350' title='bbox 1694 1240 1710 1277; x_wconf 85' lang='grc' dir='ltr'>ἢ</span> <span class='ocrx_word' id='word_1_351' title='bbox 1739 1242 1902 1278; x_wconf 72' lang='grc' dir='ltr'>παρεξηγή-</span> 
     </span>
    </p>
   </div>
   <div class='ocr_carea' id='block_1_56' title="bbox 1108 1289 1415 1316">
    <p class='ocr_par' dir='ltr' id='par_1_56' title="bbox 1108 1289 1415 1316">
     <span class='ocr_line' id='line_1_56' title="bbox 1108 1289 1415 1316; baseline 0.013 -9"><span class='ocrx_word' id='word_1_352' title='bbox 1108 1289 1191 1316; x_wconf 85' lang='grc' dir='ltr'>ματα.</span> <span class='ocrx_word' id='word_1_353' title='bbox 1412 1289 1415 1293; x_wconf 81' lang='grc'><strong>”</strong></span> 
     </span>
    </p>
   </div>
   <div class='ocr_carea' id='block_1_57' title="bbox 1145 1327 1847 1369">
    <p class='ocr_par' dir='ltr' id='par_1_57' title="bbox 1145 1327 1847 1369">
     <span class='ocr_line' id='line_1_57' title="bbox 1145 1327 1847 1369; baseline 0.011 -16"><span class='ocrx_word' id='word_1_354' title='bbox 1145 1337 1154 1353; x_wconf 92' lang='lat'><strong>1</strong></span> <span class='ocrx_word' id='word_1_355' title='bbox 1170 1327 1289 1364; x_wconf 82' lang='grc' dir='ltr'>Σκύμνοι</span> <span class='ocrx_word' id='word_1_356' title='bbox 1306 1329 1408 1357; x_wconf 79' lang='grc' dir='ltr'>αὐτῶν.</span> <span class='ocrx_word' id='word_1_357' title='bbox 1425 1339 1435 1356; x_wconf 72' lang='grc' dir='ltr'><strong>ι</strong></span> <span class='ocrx_word' id='word_1_358' title='bbox 1455 1331 1525 1363; x_wconf 71' lang='grc' dir='ltr'>Τοὺς</span> <span class='ocrx_word' id='word_1_359' title='bbox 1542 1333 1637 1365; x_wconf 84' lang='grc' dir='ltr'>αὐτοῖς</span> <span class='ocrx_word' id='word_1_360' title='bbox 1658 1334 1847 1369; x_wconf 83' lang='grc' dir='ltr'>πειθομένους.</span> 
     </span>
    </p>
   </div>
   <div class='ocr_carea' id='block_1_58' title="bbox 1144 1373 1902 1416">
    <p class='ocr_par' dir='ltr' id='par_1_58' title="bbox 1144 1373 1902 1416">
     <span class='ocr_line' id='line_1_58' title="bbox 1144 1373 1902 1416; baseline 0.011 -16"><span class='ocrx_word' id='word_1_361' title='bbox 1144 1382 1154 1399; x_wconf 91' lang='lat'><strong>1</strong></span> <span class='ocrx_word' id='word_1_362' title='bbox 1169 1373 1329 1412; x_wconf 80' lang='grc' dir='ltr'>Θυγατέρας</span> <span class='ocrx_word' id='word_1_363' title='bbox 1345 1375 1411 1402; x_wconf 77' lang='grc' dir='ltr'>λαοῦ</span> <span class='ocrx_word' id='word_1_364' title='bbox 1430 1385 1493 1412; x_wconf 83' lang='grc' dir='ltr'>μου.</span> <span class='ocrx_word' id='word_1_365' title='bbox 1509 1387 1519 1404; x_wconf 75' lang='grc' dir='ltr'><strong>ι</strong></span> <span class='ocrx_word' id='word_1_366' title='bbox 1537 1378 1571 1405; x_wconf 86' lang='lat' dir='ltr'><strong>Ai.</strong></span> <span class='ocrx_word' id='word_1_367' title='bbox 1583 1380 1617 1405; x_wconf 75' lang='grc' dir='ltr'><strong>τὰ</strong></span> <span class='ocrx_word' id='word_1_368' title='bbox 1633 1380 1787 1416; x_wconf 80' lang='grc' dir='ltr'>φθοροποιὰ</span> <span class='ocrx_word' id='word_1_369' title='bbox 1810 1381 1902 1409; x_wconf 82' lang='grc' dir='ltr'>αὐτῶν</span> 
     </span>
    </p>
   </div>
   <div class='ocr_carea' id='block_1_59' title="bbox 1109 1419 1902 1463">
    <p class='ocr_par' dir='ltr' id='par_1_59' title="bbox 1109 1419 1902 1463">
     <span class='ocr_line' id='line_1_59' title="bbox 1109 1419 1902 1463; baseline 0.011 -17"><span class='ocrx_word' id='word_1_370' title='bbox 1109 1419 1261 1455; x_wconf 81' lang='grc' dir='ltr'>μαθήματα</span> <span class='ocrx_word' id='word_1_371' title='bbox 1286 1423 1513 1459; x_wconf 72' lang='grc' dir='ltr'>παραδεξάμεναι</span> <span class='ocrx_word' id='word_1_372' title='bbox 1539 1425 1713 1461; x_wconf 72' lang='grc' dir='ltr'>ψυχαί.¹Υπδ</span> <span class='ocrx_word' id='word_1_373' title='bbox 1735 1427 1902 1463; x_wconf 78' lang='grc' dir='ltr'>ἁϐοηθησίας</span> 
     </span>
    </p>
   </div>
   <div class='ocr_carea' id='block_1_60' title="bbox 1108 1466 1299 1501">
    <p class='ocr_par' dir='ltr' id='par_1_60' title="bbox 1108 1466 1299 1501">
     <span class='ocr_line' id='line_1_60' title="bbox 1108 1466 1299 1501; baseline 0.01 -9"><span class='ocrx_word' id='word_1_374' title='bbox 1108 1466 1299 1501; x_wconf 78' lang='grc' dir='ltr'>ἀτρευθεῖσαι.</span> 
     </span>
    </p>
   </div>
   <div class='ocr_carea' id='block_1_61' title="bbox 293 1545 1053 1603">
    <p class='ocr_par' dir='ltr' id='par_1_61' title="bbox 293 1552 1053 1591">
     <span class='ocr_line' id='line_1_61' title="bbox 293 1552 1053 1591; baseline 0.008 -12"><span class='ocrx_word' id='word_1_375' title='bbox 293 1552 327 1582; x_wconf 70' lang='grc' dir='ltr'><strong>ν.</strong></span> <span class='ocrx_word' id='word_1_376' title='bbox 356 1552 382 1580; x_wconf 84' lang='lat'><strong>5.</strong></span> <span class='ocrx_word' id='word_1_377' title='bbox 407 1561 421 1578; x_wconf 66' lang='lat'><strong>&#39;1</strong></span> <span class='ocrx_word' id='word_1_378' title='bbox 441 1553 493 1586; x_wconf 86' lang='lat' dir='ltr'><strong>Qui</strong></span> <span class='ocrx_word' id='word_1_379' title='bbox 511 1554 693 1580; x_wconf 85' lang='lat' dir='ltr'><strong>vescebantur</strong></span> <span class='ocrx_word' id='word_1_380' title='bbox 715 1553 832 1582; x_wconf 85' lang='lat' dir='ltr'><strong>deliciis.</strong></span> <span class='ocrx_word' id='word_1_381' title='bbox 854 1564 863 1580; x_wconf 76' lang='grc' dir='ltr'><strong>ι</strong></span> <span class='ocrx_word' id='word_1_382' title='bbox 897 1555 1053 1591; x_wconf 72' lang='lat' dir='ltr'><strong>Voluptates</strong></span> 
     </span>
    </p>
   </div>
   <div class='ocr_carea' id='block_1_62' title="bbox 1103 1545 1903 1603">
    <p class='ocr_par' dir='ltr' id='par_1_62' title="bbox 1134 1545 1903 1595">
     <span class='ocr_line' id='line_1_62' title="bbox 1134 1545 1903 1595; baseline 0.01 -15"><span class='ocrx_word' id='word_1_383' title='bbox 1134 1545 1155 1580; x_wconf 22' lang='lat' dir='ltr'><strong>V1</strong></span> <span class='ocrx_word' id='word_1_384' title='bbox 1170 1554 1201 1580; x_wconf 87' lang='grc' dir='ltr'>Οἱ</span> <span class='ocrx_word' id='word_1_385' title='bbox 1214 1555 1349 1587; x_wconf 73' lang='grc' dir='ltr'>ἐσθίοντες</span> <span class='ocrx_word' id='word_1_386' title='bbox 1362 1555 1411 1588; x_wconf 78' lang='grc' dir='ltr'><strong>τὰς</strong></span> <span class='ocrx_word' id='word_1_387' title='bbox 1427 1550 1544 1592; x_wconf 72' lang='grc' dir='ltr'>τρυιράς.</span> <span class='ocrx_word' id='word_1_388' title='bbox 1562 1567 1570 1583; x_wconf 72' lang='grc' dir='ltr'><strong>ι</strong></span> <span class='ocrx_word' id='word_1_389' title='bbox 1586 1557 1642 1590; x_wconf 80' lang='grc' dir='ltr'>Τὰς</span> <span class='ocrx_word' id='word_1_390' title='bbox 1650 1559 1684 1587; x_wconf 71' lang='grc' dir='ltr'><strong>,ἐκ</strong></span> <span class='ocrx_word' id='word_1_391' title='bbox 1699 1559 1745 1586; x_wconf 79' lang='grc' dir='ltr'>τοῦ</span> <span class='ocrx_word' id='word_1_392' title='bbox 1761 1559 1842 1595; x_wconf 76' lang='grc' dir='ltr'>λόγου</span> <span class='ocrx_word' id='word_1_393' title='bbox 1856 1561 1903 1588; x_wconf 79' lang='grc' dir='ltr'>καὶ</span> 
     </span>
    </p>
   </div>
   <div class='ocr_carea' id='block_1_63' title="bbox 258 1598 981 1636">
    <p class='ocr_par' dir='ltr' id='par_1_63' title="bbox 258 1598 981 1636">
     <span class='ocr_line' id='line_1_63' title="bbox 258 1598 981 1636; baseline 0.004 -11"><span class='ocrx_word' id='word_1_394' title='bbox 258 1605 318 1632; x_wconf 65' lang='lat' dir='ltr'><strong>quae</strong></span> <span class='ocrx_word' id='word_1_395' title='bbox 331 1598 468 1626; x_wconf 83' lang='lat' dir='ltr'><strong>habentur</strong></span> <span class='ocrx_word' id='word_1_396' title='bbox 485 1606 517 1626; x_wconf 81' lang='lat' dir='ltr'><strong>ex</strong></span> <span class='ocrx_word' id='word_1_397' title='bbox 531 1599 625 1631; x_wconf 89' lang='lat' dir='ltr'><strong>verbo,</strong></span> <span class='ocrx_word' id='word_1_398' title='bbox 642 1599 821 1634; x_wconf 86' lang='lat' dir='ltr'><strong>doctrinaque</strong></span> <span class='ocrx_word' id='word_1_399' title='bbox 837 1601 981 1636; x_wconf 85' lang='lat' dir='ltr'><strong>spirituali.</strong></span> 
     </span>
    </p>
   </div>
   <div class='ocr_carea' id='block_1_64' title="bbox 296 1643 1055 1681">
    <p class='ocr_par' dir='ltr' id='par_1_64' title="bbox 296 1643 1055 1681">
     <span class='ocr_line' id='line_1_64' title="bbox 296 1643 1055 1681; baseline 0.008 -11"><span class='ocrx_word' id='word_1_400' title='bbox 296 1653 306 1669; x_wconf 87' lang='lat'><strong>1</strong></span> <span class='ocrx_word' id='word_1_401' title='bbox 337 1643 513 1671; x_wconf 84' lang='lat' dir='ltr'><strong>Interieruut.</strong></span> <span class='ocrx_word' id='word_1_402' title='bbox 531 1653 541 1670; x_wconf 70' lang='grc' dir='ltr'><strong>ι</strong></span> <span class='ocrx_word' id='word_1_403' title='bbox 558 1644 653 1671; x_wconf 86' lang='lat' dir='ltr'><strong>Mutati</strong></span> <span class='ocrx_word' id='word_1_404' title='bbox 680 1649 744 1672; x_wconf 88' lang='lat' dir='ltr'><strong>sunt</strong></span> <span class='ocrx_word' id='word_1_405' title='bbox 761 1645 788 1672; x_wconf 93' lang='lat' dir='ltr'><strong>in</strong></span> <span class='ocrx_word' id='word_1_406' title='bbox 810 1647 979 1681; x_wconf 90' lang='lat' dir='ltr'><strong>propositis:</strong></span> <span class='ocrx_word' id='word_1_407' title='bbox 1014 1650 1055 1676; x_wconf 75' lang='lat' dir='ltr'><strong>vel</strong></span> 
     </span>
    </p>
   </div>
   <div class='ocr_carea' id='block_1_65' title="bbox 258 1688 1054 1725">
    <p class='ocr_par' dir='ltr' id='par_1_65' title="bbox 258 1688 1054 1725">
     <span class='ocr_line' id='line_1_65' title="bbox 258 1688 1054 1725; baseline 0.006 -9"><span class='ocrx_word' id='word_1_408' title='bbox 258 1688 339 1716; x_wconf 80' lang='lat' dir='ltr'><strong>etiam</strong></span> <span class='ocrx_word' id='word_1_409' title='bbox 365 1689 426 1716; x_wconf 86' lang='lat' dir='ltr'><strong>sic:</strong></span> <span class='ocrx_word' id='word_1_410' title='bbox 454 1689 521 1716; x_wconf 85' lang='lat' dir='ltr'><strong>Cum</strong></span> <span class='ocrx_word' id='word_1_411' title='bbox 538 1690 633 1724; x_wconf 75' lang='lat' dir='ltr'><strong>spiritu</strong></span> <span class='ocrx_word' id='word_1_412' title='bbox 655 1691 809 1725; x_wconf 72' lang='lat' dir='ltr'><strong>mapissent,</strong></span> <span class='ocrx_word' id='word_1_413' title='bbox 828 1700 908 1720; x_wconf 81' lang='lat' dir='ltr'><strong>carne</strong></span> <span class='ocrx_word' id='word_1_414' title='bbox 933 1702 1054 1721; x_wconf 74' lang='lat' dir='ltr'><strong>consum-</strong></span> 
     </span>
    </p>
   </div>
   <div class='ocr_carea' id='block_1_66' title="bbox 255 1734 1053 1774">
    <p class='ocr_par' dir='ltr' id='par_1_66' title="bbox 255 1734 1053 1774">
     <span class='ocr_line' id='line_1_66' title="bbox 255 1734 1053 1774; baseline 0.011 -14"><span class='ocrx_word' id='word_1_415' title='bbox 255 1734 405 1761; x_wconf 72' lang='lat' dir='ltr'><strong>mantur&quot;.</strong></span> <span class='ocrx_word' id='word_1_416' title='bbox 424 1734 492 1762; x_wconf 88' lang='lat' dir='ltr'><strong>Nam</strong></span> <span class='ocrx_word' id='word_1_417' title='bbox 520 1740 648 1764; x_wconf 77' lang='lat' dir='ltr'><strong>Virtutem</strong></span> <span class='ocrx_word' id='word_1_418' title='bbox 672 1737 801 1773; x_wconf 73' lang='lat' dir='ltr'><strong>aggredi,</strong></span> <span class='ocrx_word' id='word_1_419' title='bbox 825 1739 974 1767; x_wconf 88' lang='lat' dir='ltr'><strong>multorum</strong></span> <span class='ocrx_word' id='word_1_420' title='bbox 1001 1746 1053 1774; x_wconf 86' lang='lat' dir='ltr'><strong>est,</strong></span> 
     </span>
    </p>
   </div>
   <div class='ocr_carea' id='block_1_67' title="bbox 254 1778 846 1815">
    <p class='ocr_par' dir='ltr' id='par_1_67' title="bbox 254 1778 846 1815">
     <span class='ocr_line' id='line_1_67' title="bbox 254 1778 846 1815; baseline 0.01 -10"><span class='ocrx_word' id='word_1_421' title='bbox 254 1778 390 1813; x_wconf 77' lang='lat' dir='ltr'><strong>perficere</strong></span> <span class='ocrx_word' id='word_1_422' title='bbox 400 1786 466 1807; x_wconf 88' lang='lat' dir='ltr'><strong>vero</strong></span> <span class='ocrx_word' id='word_1_423' title='bbox 485 1787 647 1815; x_wconf 85' lang='lat' dir='ltr'><strong>paucorum.</strong></span> <span class='ocrx_word' id='word_1_424' title='bbox 842 1779 846 1782; x_wconf 67' lang='grc'><em>”</em></span> 
     </span>
    </p>
   </div>
   <div class='ocr_carea' id='block_1_68' title="bbox 292 1824 1054 1859">
    <p class='ocr_par' dir='ltr' id='par_1_68' title="bbox 292 1824 1054 1859">
     <span class='ocr_line' id='line_1_68' title="bbox 292 1824 1054 1859; baseline 0.012 -9"><span class='ocrx_word' id='word_1_425' title='bbox 292 1833 305 1850; x_wconf 55' lang='grc' dir='ltr'>νι</span> <span class='ocrx_word' id='word_1_426' title='bbox 327 1824 378 1858; x_wconf 85' lang='lat' dir='ltr'><strong>Qui</strong></span> <span class='ocrx_word' id='word_1_427' title='bbox 398 1825 594 1854; x_wconf 88' lang='lat' dir='ltr'><strong>nutriebantur</strong></span> <span class='ocrx_word' id='word_1_428' title='bbox 619 1826 648 1854; x_wconf 91' lang='lat' dir='ltr'><strong>in</strong></span> <span class='ocrx_word' id='word_1_429' title='bbox 675 1834 768 1856; x_wconf 85' lang='lat' dir='ltr'><strong>cocco.</strong></span> <span class='ocrx_word' id='word_1_430' title='bbox 801 1837 811 1855; x_wconf 83' lang='grc'><strong>›</strong></span> <span class='ocrx_word' id='word_1_431' title='bbox 834 1828 883 1856; x_wconf 89' lang='lat' dir='ltr'><strong>Vel</strong></span> <span class='ocrx_word' id='word_1_432' title='bbox 910 1829 936 1857; x_wconf 93' lang='lat' dir='ltr'><strong>in</strong></span> <span class='ocrx_word' id='word_1_433' title='bbox 951 1830 1054 1859; x_wconf 85' lang='lat' dir='ltr'><strong>ﬂoridis</strong></span> 
     </span>
    </p>
   </div>
   <div class='ocr_carea' id='block_1_69' title="bbox 257 1869 1089 1910">
    <p class='ocr_par' dir='ltr' id='par_1_69' title="bbox 257 1869 1089 1910">
     <span class='ocr_line' id='line_1_69' title="bbox 257 1869 1089 1910; baseline 0.011 -14"><span class='ocrx_word' id='word_1_434' title='bbox 257 1869 405 1897; x_wconf 83' lang='lat' dir='ltr'><strong>virtutibus</strong></span> <span class='ocrx_word' id='word_1_435' title='bbox 417 1879 424 1902; x_wconf 86' lang='lat'><strong>;</strong></span> <span class='ocrx_word' id='word_1_436' title='bbox 437 1871 480 1898; x_wconf 75' lang='lat' dir='ltr'><strong>vui</strong></span> <span class='ocrx_word' id='word_1_437' title='bbox 492 1872 640 1906; x_wconf 85' lang='lat' dir='ltr'><strong>coccineis,</strong></span> <span class='ocrx_word' id='word_1_438' title='bbox 657 1873 709 1901; x_wconf 87' lang='lat' dir='ltr'><strong>hoc</strong></span> <span class='ocrx_word' id='word_1_439' title='bbox 720 1877 772 1907; x_wconf 87' lang='lat' dir='ltr'><strong>est,</strong></span> <span class='ocrx_word' id='word_1_440' title='bbox 781 1874 976 1910; x_wconf 90' lang='lat' dir='ltr'><strong>redemptionis</strong></span> <span class='ocrx_word' id='word_1_441' title='bbox 989 1885 1054 1905; x_wconf 85' lang='lat' dir='ltr'><strong>san-</strong></span> <span class='ocrx_word' id='word_1_442' title='bbox 1085 1874 1089 1879; x_wconf 91' lang='grc'><strong>’</strong></span> 
     </span>
    </p>
   </div>
   <div class='ocr_carea' id='block_1_70' title="bbox 257 1915 580 1952">
    <p class='ocr_par' dir='ltr' id='par_1_70' title="bbox 257 1915 580 1952">
     <span class='ocr_line' id='line_1_70' title="bbox 257 1915 580 1952; baseline 0.009 -11"><span class='ocrx_word' id='word_1_443' title='bbox 257 1915 347 1950; x_wconf 68' lang='lat' dir='ltr'><strong>guinis</strong></span> <span class='ocrx_word' id='word_1_444' title='bbox 357 1917 457 1944; x_wconf 84' lang='lat' dir='ltr'><strong>Christi</strong></span> <span class='ocrx_word' id='word_1_445' title='bbox 476 1917 580 1952; x_wconf 79' lang='lat' dir='ltr'><strong>figuris.</strong></span> 
     </span>
    </p>
   </div>
   <div class='ocr_carea' id='block_1_71' title="bbox 295 1961 1054 2001">
    <p class='ocr_par' dir='ltr' id='par_1_71' title="bbox 295 1961 1054 2001">
     <span class='ocr_line' id='line_1_71' title="bbox 295 1961 1054 2001; baseline 0.008 -14"><span class='ocrx_word' id='word_1_446' title='bbox 295 1970 304 1986; x_wconf 91' lang='lat'><strong>1</strong></span> <span class='ocrx_word' id='word_1_447' title='bbox 323 1961 475 1996; x_wconf 78' lang='lat' dir='ltr'><strong>Amplexati</strong></span> <span class='ocrx_word' id='word_1_448' title='bbox 491 1967 567 1989; x_wconf 89' lang='lat' dir='ltr'><strong>sunt.</strong></span> <span class='ocrx_word' id='word_1_449' title='bbox 587 1972 597 1989; x_wconf 77' lang='grc' dir='ltr'><strong>ι</strong></span> <span class='ocrx_word' id='word_1_450' title='bbox 615 1962 697 1999; x_wconf 78' lang='lat' dir='ltr'><strong>Regia</strong></span> <span class='ocrx_word' id='word_1_451' title='bbox 713 1968 788 1991; x_wconf 85' lang='lat' dir='ltr'><strong>veste</strong></span> <span class='ocrx_word' id='word_1_452' title='bbox 801 1965 916 1999; x_wconf 87' lang='lat' dir='ltr'><strong>abjceta,</strong></span> <span class='ocrx_word' id='word_1_453' title='bbox 933 1973 994 2000; x_wconf 69' lang='lat' dir='ltr'><strong>qua:</strong></span> <span class='ocrx_word' id='word_1_454' title='bbox 1006 1974 1054 2001; x_wconf 87' lang='lat' dir='ltr'><strong>per</strong></span> 
     </span>
    </p>
   </div>
   <div class='ocr_carea' id='block_1_72' title="bbox 254 2005 1052 2044">
    <p class='ocr_par' dir='ltr' id='par_1_72' title="bbox 254 2005 1052 2044">
     <span class='ocr_line' id='line_1_72' title="bbox 254 2005 1052 2044; baseline 0.009 -13"><span class='ocrx_word' id='word_1_455' title='bbox 254 2011 370 2033; x_wconf 72' lang='lat' dir='ltr'><strong>coccum</strong></span> <span class='ocrx_word' id='word_1_456' title='bbox 393 2005 574 2041; x_wconf 79' lang='lat' dir='ltr'><strong>signiﬁcatur,</strong></span> <span class='ocrx_word' id='word_1_457' title='bbox 598 2009 716 2043; x_wconf 88' lang='lat' dir='ltr'><strong>propriis</strong></span> <span class='ocrx_word' id='word_1_458' title='bbox 738 2009 928 2044; x_wconf 78' lang='lat' dir='ltr'><strong>iniquitatibus</strong></span> <span class='ocrx_word' id='word_1_459' title='bbox 940 2011 1052 2039; x_wconf 82' lang='lat' dir='ltr'><strong>arefacti</strong></span> 
     </span>
    </p>
   </div>
   <div class='ocr_carea' id='block_1_73' title="bbox 253 2052 799 2084">
    <p class='ocr_par' dir='ltr' id='par_1_73' title="bbox 253 2052 799 2084">
     <span class='ocr_line' id='line_1_73' title="bbox 253 2052 799 2084; baseline 0.007 -5"><span class='ocrx_word' id='word_1_460' title='bbox 253 2055 329 2084; x_wconf 77' lang='lat' dir='ltr'><strong>sunt,</strong></span> <span class='ocrx_word' id='word_1_461' title='bbox 345 2052 479 2079; x_wconf 70' lang='lat' dir='ltr'><strong>maculata</strong></span> <span class='ocrx_word' id='word_1_462' title='bbox 494 2053 585 2082; x_wconf 81' lang='lat' dir='ltr'><strong>carnis</strong></span> <span class='ocrx_word' id='word_1_463' title='bbox 599 2055 690 2082; x_wconf 86' lang='lat' dir='ltr'><strong>tunica</strong></span> <span class='ocrx_word' id='word_1_464' title='bbox 703 2055 799 2083; x_wconf 88' lang='lat' dir='ltr'><strong>induti.</strong></span> 
     </span>
    </p>
   </div>
   <div class='ocr_carea' id='block_1_74' title="bbox 291 2137 1052 2180">
    <p class='ocr_par' dir='ltr' id='par_1_74' title="bbox 291 2137 1052 2180">
     <span class='ocr_line' id='line_1_74' title="bbox 291 2137 1052 2180; baseline 0.014 -17"><span class='ocrx_word' id='word_1_465' title='bbox 291 2137 324 2166; x_wconf 88' lang='lat' dir='ltr'><strong>V.</strong></span> <span class='ocrx_word' id='word_1_466' title='bbox 339 2138 365 2165; x_wconf 84' lang='lat'><strong>6.</strong></span> <span class='ocrx_word' id='word_1_467' title='bbox 384 2147 394 2165; x_wconf 86' lang='lat'><strong>1</strong></span> <span class='ocrx_word' id='word_1_468' title='bbox 413 2139 446 2167; x_wconf 87' lang='lat' dir='ltr'><strong>Et</strong></span> <span class='ocrx_word' id='word_1_469' title='bbox 460 2141 631 2176; x_wconf 80' lang='lat' dir='ltr'><strong>inagniticata</strong></span> <span class='ocrx_word' id='word_1_470' title='bbox 644 2148 696 2170; x_wconf 87' lang='lat' dir='ltr'><strong>est.</strong></span> <span class='ocrx_word' id='word_1_471' title='bbox 714 2153 723 2169; x_wconf 70' lang='grc' dir='ltr'><strong>ι</strong></span> <span class='ocrx_word' id='word_1_472' title='bbox 742 2144 1052 2180; x_wconf 83' lang='lat' dir='ltr'><strong>ComparatJerusalem</strong></span> 
     </span>
    </p>
   </div>
   <div class='ocr_carea' id='block_1_75' title="bbox 254 2185 1050 2226">
    <p class='ocr_par' dir='ltr' id='par_1_75' title="bbox 254 2185 1050 2226">
     <span class='ocr_line' id='line_1_75' title="bbox 254 2185 1050 2226; baseline 0.015 -17"><span class='ocrx_word' id='word_1_473' title='bbox 254 2191 318 2211; x_wconf 89' lang='lat' dir='ltr'><strong>cum</strong></span> <span class='ocrx_word' id='word_1_474' title='bbox 356 2185 495 2218; x_wconf 84' lang='lat' dir='ltr'><strong>Sodomis,</strong></span> <span class='ocrx_word' id='word_1_475' title='bbox 530 2193 562 2216; x_wconf 84' lang='lat' dir='ltr'><strong>et</strong></span> <span class='ocrx_word' id='word_1_476' title='bbox 584 2190 669 2225; x_wconf 82' lang='lat' dir='ltr'><strong>magis</strong></span> <span class='ocrx_word' id='word_1_477' title='bbox 706 2198 765 2218; x_wconf 90' lang='lat' dir='ltr'><strong>eam</strong></span> <span class='ocrx_word' id='word_1_478' title='bbox 802 2200 930 2226; x_wconf 82' lang='lat' dir='ltr'><strong>peccasse</strong></span> <span class='ocrx_word' id='word_1_479' title='bbox 957 2197 1050 2221; x_wconf 85' lang='lat' dir='ltr'><strong>osten-</strong></span> 
     </span>
    </p>
   </div>
   <div class='ocr_carea' id='block_1_76' title="bbox 1106 1600 1622 1639">
    <p class='ocr_par' dir='ltr' id='par_1_76' title="bbox 1106 1600 1622 1639">
     <span class='ocr_line' id='line_1_76' title="bbox 1106 1600 1622 1639; baseline 0.01 -13"><span class='ocrx_word' id='word_1_480' title='bbox 1106 1601 1156 1635; x_wconf 84' lang='grc' dir='ltr'>τῆς</span> <span class='ocrx_word' id='word_1_481' title='bbox 1168 1600 1341 1633; x_wconf 76' lang='grc' dir='ltr'>διδασκαλίας</span> <span class='ocrx_word' id='word_1_482' title='bbox 1357 1601 1406 1636; x_wconf 84' lang='grc' dir='ltr'>τῆς</span> <span class='ocrx_word' id='word_1_483' title='bbox 1420 1604 1622 1639; x_wconf 81' lang='grc' dir='ltr'>πνευματικῆς,</span> 
     </span>
    </p>
   </div>
   <div class='ocr_carea' id='block_1_77' title="bbox 1145 1641 1902 1687">
    <p class='ocr_par' dir='ltr' id='par_1_77' title="bbox 1145 1641 1902 1687">
     <span class='ocr_line' id='line_1_77' title="bbox 1145 1641 1902 1687; baseline 0.012 -17"><span class='ocrx_word' id='word_1_484' title='bbox 1145 1654 1154 1670; x_wconf 87' lang='lat'><strong>1</strong></span> <span class='ocrx_word' id='word_1_485' title='bbox 1166 1645 1383 1681; x_wconf 72' lang='grc' dir='ltr'>Ἡφανίσοησαν.</span> <span class='ocrx_word' id='word_1_486' title='bbox 1398 1656 1407 1671; x_wconf 73' lang='grc' dir='ltr'><strong>ι</strong></span> <span class='ocrx_word' id='word_1_487' title='bbox 1424 1641 1629 1684; x_wconf 72' lang='grc' dir='ltr'>Ὴλλοιώοηταν</span> <span class='ocrx_word' id='word_1_488' title='bbox 1647 1650 1676 1676; x_wconf 76' lang='grc' dir='ltr'>ἐν</span> <span class='ocrx_word' id='word_1_489' title='bbox 1694 1651 1754 1682; x_wconf 83' lang='grc' dir='ltr'>ταῖς</span> <span class='ocrx_word' id='word_1_490' title='bbox 1769 1652 1902 1687; x_wconf 77' lang='grc' dir='ltr'>προθέσε-</span> 
     </span>
    </p>
   </div>
   <div class='ocr_carea' id='block_1_78' title="bbox 1107 1691 1901 1732">
    <p class='ocr_par' dir='ltr' id='par_1_78' title="bbox 1107 1691 1901 1732">
     <span class='ocr_line' id='line_1_78' title="bbox 1107 1691 1901 1732; baseline 0.014 -17"><span class='ocrx_word' id='word_1_491' title='bbox 1107 1698 1159 1718; x_wconf 89' lang='grc' dir='ltr'>σιν.</span> <span class='ocrx_word' id='word_1_492' title='bbox 1178 1691 1212 1716; x_wconf 85' lang='grc' dir='ltr'><em>Ἣ</em></span> <span class='ocrx_word' id='word_1_493' title='bbox 1237 1691 1286 1717; x_wconf 72' lang='grc' dir='ltr'><strong>καὶ</strong></span> <span class='ocrx_word' id='word_1_494' title='bbox 1311 1691 1415 1731; x_wconf 64' lang='grc' dir='ltr'>οὖτωςς</span> <span class='ocrx_word' id='word_1_495' title='bbox 1439 1693 1652 1728; x_wconf 78' lang='grc' dir='ltr'>Ἐναρξάμενοι</span> <span class='ocrx_word' id='word_1_496' title='bbox 1680 1697 1901 1732; x_wconf 73' lang='grc' dir='ltr'>πνευματικῶς.</span> 
     </span>
    </p>
   </div>
   <div class='ocr_carea' id='block_1_79' title="bbox 1106 1734 1901 1779">
    <p class='ocr_par' dir='ltr' id='par_1_79' title="bbox 1106 1734 1901 1779">
     <span class='ocr_line' id='line_1_79' title="bbox 1106 1734 1901 1779; baseline 0.013 -17"><span class='ocrx_word' id='word_1_497' title='bbox 1106 1737 1195 1771; x_wconf 62' lang='lat' dir='ltr'><strong>(mpii</strong></span> <span class='ocrx_word' id='word_1_498' title='bbox 1211 1737 1428 1766; x_wconf 76' lang='grc' dir='ltr'>ἐπιτελοῦνται.</span> <span class='ocrx_word' id='word_1_499' title='bbox 1448 1739 1485 1766; x_wconf 85' lang='grc' dir='ltr'><strong>Τὸ</strong></span> <span class='ocrx_word' id='word_1_500' title='bbox 1504 1740 1554 1775; x_wconf 82' lang='grc' dir='ltr'>μὲν</span> <span class='ocrx_word' id='word_1_501' title='bbox 1570 1742 1624 1776; x_wconf 77' lang='grc' dir='ltr'><strong>γὰρ</strong></span> <span class='ocrx_word' id='word_1_502' title='bbox 1640 1734 1740 1778; x_wconf 64' lang='grc' dir='ltr'>ἀρετῆς</span> <span class='ocrx_word' id='word_1_503' title='bbox 1754 1744 1901 1779; x_wconf 79' lang='grc' dir='ltr'>ἄρξασθαι,</span> 
     </span>
    </p>
   </div>
   <div class='ocr_carea' id='block_1_80' title="bbox 1106 1783 1626 1822">
    <p class='ocr_par' dir='ltr' id='par_1_80' title="bbox 1106 1783 1626 1822">
     <span class='ocr_line' id='line_1_80' title="bbox 1106 1783 1626 1822; baseline 0.012 -14"><span class='ocrx_word' id='word_1_504' title='bbox 1106 1783 1227 1809; x_wconf 65' lang='grc' dir='ltr'>πολλῶν</span> <span class='ocrx_word' id='word_1_505' title='bbox 1243 1783 1273 1810; x_wconf 80' lang='grc' dir='ltr'>τὸ</span> <span class='ocrx_word' id='word_1_506' title='bbox 1290 1784 1320 1810; x_wconf 79' lang='grc' dir='ltr'>δὲ</span> <span class='ocrx_word' id='word_1_507' title='bbox 1335 1785 1502 1818; x_wconf 78' lang='grc' dir='ltr'>ἐπιτελέσαι,</span> <span class='ocrx_word' id='word_1_508' title='bbox 1516 1786 1626 1822; x_wconf 83' lang='grc' dir='ltr'>ὀλίγων.</span> 
     </span>
    </p>
   </div>
   <div class='ocr_carea' id='block_1_81' title="bbox 1145 1830 1900 1872">
    <p class='ocr_par' dir='ltr' id='par_1_81' title="bbox 1145 1830 1900 1872">
     <span class='ocr_line' id='line_1_81' title="bbox 1145 1830 1900 1872; baseline 0.013 -17"><span class='ocrx_word' id='word_1_509' title='bbox 1145 1838 1154 1855; x_wconf 92' lang='lat'><strong>1</strong></span> <span class='ocrx_word' id='word_1_510' title='bbox 1169 1830 1201 1856; x_wconf 84' lang='grc' dir='ltr'><strong>Οῖ</strong></span> <span class='ocrx_word' id='word_1_511' title='bbox 1216 1830 1407 1866; x_wconf 76' lang='grc' dir='ltr'>τιθηνούμενοι</span> <span class='ocrx_word' id='word_1_512' title='bbox 1422 1833 1470 1858; x_wconf 79' lang='grc' dir='ltr'><strong>ἐπὶ</strong></span> <span class='ocrx_word' id='word_1_513' title='bbox 1487 1834 1665 1861; x_wconf 77' lang='grc' dir='ltr'>κόκκων.›Ἦ</span> <span class='ocrx_word' id='word_1_514' title='bbox 1682 1836 1730 1862; x_wconf 75' lang='grc' dir='ltr'>ἐπὶ</span> <span class='ocrx_word' id='word_1_515' title='bbox 1746 1836 1801 1864; x_wconf 80' lang='grc' dir='ltr'><strong>τῶν</strong></span> <span class='ocrx_word' id='word_1_516' title='bbox 1816 1837 1900 1872; x_wconf 78' lang='grc' dir='ltr'>ἀνθη-</span> 
     </span>
    </p>
   </div>
   <div class='ocr_carea' id='block_1_82' title="bbox 1105 1874 1902 1919">
    <p class='ocr_par' dir='ltr' id='par_1_82' title="bbox 1105 1874 1902 1919">
     <span class='ocr_line' id='line_1_82' title="bbox 1105 1874 1902 1919; baseline 0.013 -19"><span class='ocrx_word' id='word_1_517' title='bbox 1105 1874 1161 1910; x_wconf 83' lang='grc' dir='ltr'>ρῶν</span> <span class='ocrx_word' id='word_1_518' title='bbox 1174 1875 1294 1910; x_wconf 75' lang='grc' dir='ltr'>ἀρετῶν.</span> <span class='ocrx_word' id='word_1_519' title='bbox 1313 1876 1329 1911; x_wconf 85' lang='grc' dir='ltr'>ἢ</span> <span class='ocrx_word' id='word_1_520' title='bbox 1353 1877 1399 1903; x_wconf 74' lang='grc' dir='ltr'><strong>ἐπὶ</strong></span> <span class='ocrx_word' id='word_1_521' title='bbox 1413 1878 1560 1912; x_wconf 79' lang='grc' dir='ltr'>κοκκίνων,</span> <span class='ocrx_word' id='word_1_522' title='bbox 1573 1881 1713 1908; x_wconf 82' lang='grc' dir='ltr'>τουτέστιν</span> <span class='ocrx_word' id='word_1_523' title='bbox 1728 1882 1773 1908; x_wconf 71' lang='grc' dir='ltr'><strong>ἐπὶ</strong></span> <span class='ocrx_word' id='word_1_524' title='bbox 1787 1882 1841 1909; x_wconf 83' lang='grc' dir='ltr'><strong>τῶν</strong></span> <span class='ocrx_word' id='word_1_525' title='bbox 1851 1885 1902 1919; x_wconf 72' lang='grc' dir='ltr'>τῆς</span> 
     </span>
    </p>
   </div>
   <div class='ocr_carea' id='block_1_83' title="bbox 1104 1920 1848 1963">
    <p class='ocr_par' dir='ltr' id='par_1_83' title="bbox 1104 1920 1848 1963">
     <span class='ocr_line' id='line_1_83' title="bbox 1104 1920 1848 1963; baseline 0.015 -17"><span class='ocrx_word' id='word_1_526' title='bbox 1104 1920 1322 1956; x_wconf 82' lang='grc' dir='ltr'>ἀπολυτρώσεως</span> <span class='ocrx_word' id='word_1_527' title='bbox 1335 1923 1382 1949; x_wconf 81' lang='grc' dir='ltr'>τοῦ</span> <span class='ocrx_word' id='word_1_528' title='bbox 1399 1923 1515 1958; x_wconf 80' lang='grc' dir='ltr'>αἵματος</span> <span class='ocrx_word' id='word_1_529' title='bbox 1528 1925 1575 1952; x_wconf 81' lang='grc' dir='ltr'>τοῦ</span> <span class='ocrx_word' id='word_1_530' title='bbox 1591 1927 1711 1962; x_wconf 77' lang='grc' dir='ltr'>Χριστοῦ</span> <span class='ocrx_word' id='word_1_531' title='bbox 1726 1928 1848 1963; x_wconf 78' lang='grc' dir='ltr'>τρόπων.</span> 
     </span>
    </p>
   </div>
   <div class='ocr_carea' id='block_1_84' title="bbox 1143 1967 1901 2008">
    <p class='ocr_par' dir='ltr' id='par_1_84' title="bbox 1143 1967 1901 2008">
     <span class='ocr_line' id='line_1_84' title="bbox 1143 1967 1901 2008; baseline 0.012 -15"><span class='ocrx_word' id='word_1_532' title='bbox 1143 1975 1152 1992; x_wconf 82' lang='grc' dir='ltr'><strong>ι</strong></span> <span class='ocrx_word' id='word_1_533' title='bbox 1168 1967 1391 2002; x_wconf 80' lang='grc' dir='ltr'>Περιεϐάλλοντο.</span> <span class='ocrx_word' id='word_1_534' title='bbox 1408 1978 1417 1995; x_wconf 83' lang='grc'><strong>›</strong></span> <span class='ocrx_word' id='word_1_535' title='bbox 1435 1970 1628 2006; x_wconf 80' lang='grc' dir='ltr'>’Δπωσάμενοι</span> <span class='ocrx_word' id='word_1_536' title='bbox 1651 1972 1682 1999; x_wconf 85' lang='grc' dir='ltr'>τὸ</span> <span class='ocrx_word' id='word_1_537' title='bbox 1699 1972 1841 2008; x_wconf 80' lang='grc' dir='ltr'>βασιλικὸν</span> <span class='ocrx_word' id='word_1_538' title='bbox 1855 1975 1901 2002; x_wconf 73' lang='grc' dir='ltr'><strong>εν-</strong></span> 
     </span>
    </p>
   </div>
   <div class='ocr_carea' id='block_1_85' title="bbox 1103 2011 1900 2050">
    <p class='ocr_par' dir='ltr' id='par_1_85' title="bbox 1103 2011 1900 2050">
     <span class='ocr_line' id='line_1_85' title="bbox 1103 2011 1900 2050; baseline 0.01 -12"><span class='ocrx_word' id='word_1_539' title='bbox 1103 2011 1187 2047; x_wconf 81' lang='grc' dir='ltr'>δυμα,</span> <span class='ocrx_word' id='word_1_540' title='bbox 1202 2012 1216 2039; x_wconf 78' lang='grc' dir='ltr'><strong>ὅ</strong></span> <span class='ocrx_word' id='word_1_541' title='bbox 1240 2015 1405 2048; x_wconf 81' lang='grc' dir='ltr'>σημαίνεται</span> <span class='ocrx_word' id='word_1_542' title='bbox 1430 2015 1474 2041; x_wconf 80' lang='grc' dir='ltr'><strong>διὰ</strong></span> <span class='ocrx_word' id='word_1_543' title='bbox 1500 2016 1547 2042; x_wconf 83' lang='grc' dir='ltr'>τοῦ</span> <span class='ocrx_word' id='word_1_544' title='bbox 1573 2018 1684 2049; x_wconf 72' lang='grc' dir='ltr'>κόκκου,</span> <span class='ocrx_word' id='word_1_545' title='bbox 1709 2019 1770 2050; x_wconf 80' lang='grc' dir='ltr'>ταῖς</span> <span class='ocrx_word' id='word_1_546' title='bbox 1795 2020 1900 2045; x_wconf 73' lang='grc' dir='ltr'>ἑαυτῶν</span> 
     </span>
    </p>
   </div>
   <div class='ocr_carea' id='block_1_86' title="bbox 1103 2057 1900 2100">
    <p class='ocr_par' dir='ltr' id='par_1_86' title="bbox 1103 2057 1900 2100">
     <span class='ocr_line' id='line_1_86' title="bbox 1103 2057 1900 2100; baseline 0.01 -17"><span class='ocrx_word' id='word_1_547' title='bbox 1103 2057 1254 2094; x_wconf 80' lang='grc' dir='ltr'>ἁμαρτίαις</span> <span class='ocrx_word' id='word_1_548' title='bbox 1266 2060 1489 2095; x_wconf 75' lang='grc' dir='ltr'>συνεφρύγησαν,</span> <span class='ocrx_word' id='word_1_549' title='bbox 1509 2061 1555 2087; x_wconf 76' lang='grc' dir='ltr'>τὸν</span> <span class='ocrx_word' id='word_1_550' title='bbox 1570 2063 1758 2098; x_wconf 75' lang='grc' dir='ltr'>ἐσπιλωμένον</span> <span class='ocrx_word' id='word_1_551' title='bbox 1773 2066 1822 2100; x_wconf 74' lang='grc' dir='ltr'>τῆς</span> <span class='ocrx_word' id='word_1_552' title='bbox 1834 2074 1900 2100; x_wconf 80' lang='grc' dir='ltr'>σαρ-</span> 
     </span>
    </p>
   </div>
   <div class='ocr_carea' id='block_1_87' title="bbox 1103 2104 1474 2140">
    <p class='ocr_par' dir='ltr' id='par_1_87' title="bbox 1103 2104 1474 2140">
     <span class='ocr_line' id='line_1_87' title="bbox 1103 2104 1474 2140; baseline 0.008 -10"><span class='ocrx_word' id='word_1_553' title='bbox 1103 2104 1151 2135; x_wconf 80' lang='grc' dir='ltr'>κὸς</span> <span class='ocrx_word' id='word_1_554' title='bbox 1167 2104 1269 2138; x_wconf 79' lang='grc' dir='ltr'>χιτῶνα</span> <span class='ocrx_word' id='word_1_555' title='bbox 1285 2105 1345 2132; x_wconf 70' lang='grc' dir='ltr'>ὲνδυ</span> <span class='ocrx_word' id='word_1_556' title='bbox 1350 2106 1474 2140; x_wconf 77' lang='grc' dir='ltr'>σάμενοι.</span> 
     </span>
    </p>
   </div>
   <div class='ocr_carea' id='block_1_88' title="bbox 1140 2151 1901 2194">
    <p class='ocr_par' dir='ltr' id='par_1_88' title="bbox 1140 2151 1901 2194">
     <span class='ocr_line' id='line_1_88' title="bbox 1140 2151 1901 2194; baseline 0.012 -19"><span class='ocrx_word' id='word_1_557' title='bbox 1140 2159 1150 2175; x_wconf 94' lang='lat'><strong>1</strong></span> <span class='ocrx_word' id='word_1_558' title='bbox 1167 2151 1220 2176; x_wconf 77' lang='grc' dir='ltr'><strong>Καὶ</strong></span> <span class='ocrx_word' id='word_1_559' title='bbox 1243 2151 1427 2188; x_wconf 78' lang='grc' dir='ltr'>ἐμεγαλύνση.</span> <span class='ocrx_word' id='word_1_560' title='bbox 1444 2163 1453 2178; x_wconf 71' lang='grc' dir='ltr'><strong>ι</strong></span> <span class='ocrx_word' id='word_1_561' title='bbox 1481 2153 1627 2189; x_wconf 67' lang='grc' dir='ltr'>Συγκρίνει</span> <span class='ocrx_word' id='word_1_562' title='bbox 1651 2156 1701 2190; x_wconf 85' lang='grc' dir='ltr'>τὴν</span> <span class='ocrx_word' id='word_1_563' title='bbox 1719 2155 1901 2194; x_wconf 79' lang='grc' dir='ltr'>Ἰερουσαλὴμ</span> 
     </span>
    </p>
   </div>
   <div class='ocr_carea' id='block_1_89' title="bbox 1103 2196 1899 2239">
    <p class='ocr_par' dir='ltr' id='par_1_89' title="bbox 1103 2196 1899 2239">
     <span class='ocr_line' id='line_1_89' title="bbox 1103 2196 1899 2239; baseline 0.013 -18"><span class='ocrx_word' id='word_1_564' title='bbox 1103 2196 1158 2227; x_wconf 84' lang='grc' dir='ltr'>τοῖς</span> <span class='ocrx_word' id='word_1_565' title='bbox 1177 2196 1314 2237; x_wconf 79' lang='grc' dir='ltr'>Σοδόμοις,</span> <span class='ocrx_word' id='word_1_566' title='bbox 1333 2198 1380 2223; x_wconf 73' lang='grc' dir='ltr'>καὶ</span> <span class='ocrx_word' id='word_1_567' title='bbox 1392 2198 1528 2225; x_wconf 79' lang='grc' dir='ltr'>δείκνυσιν</span> <span class='ocrx_word' id='word_1_568' title='bbox 1541 2200 1626 2236; x_wconf 81' lang='grc' dir='ltr'>αὐτὴν</span> <span class='ocrx_word' id='word_1_569' title='bbox 1644 2201 1758 2236; x_wconf 76' lang='grc' dir='ltr'>μείζονα</span> <span class='ocrx_word' id='word_1_570' title='bbox 1771 2203 1899 2239; x_wconf 73' lang='grc' dir='ltr'>ἡμαρτη-</span> 
     </span>
    </p>
   </div>
   <div class='ocr_carea' id='block_1_90' title="bbox 255 2229 1053 2286">
    <p class='ocr_par' dir='ltr' id='par_1_90' title="bbox 255 2229 1049 2286">
     <span class='ocr_line' id='line_1_90' title="bbox 255 2229 1049 2275; baseline 0.015 -19"><span class='ocrx_word' id='word_1_571' title='bbox 255 2229 296 2256; x_wconf 85' lang='lat' dir='ltr'><strong>dit</strong></span> <span class='ocrx_word' id='word_1_572' title='bbox 310 2235 422 2266; x_wconf 83' lang='lat' dir='ltr'><strong>propter</strong></span> <span class='ocrx_word' id='word_1_573' title='bbox 435 2239 530 2260; x_wconf 84' lang='lat' dir='ltr'><strong>necem</strong></span> <span class='ocrx_word' id='word_1_574' title='bbox 553 2234 659 2263; x_wconf 89' lang='lat' dir='ltr'><strong>Domini</strong></span> <span class='ocrx_word' id='word_1_575' title='bbox 674 2244 681 2269; x_wconf 92' lang='lat'><strong>;</strong></span> <span class='ocrx_word' id='word_1_576' title='bbox 702 2242 730 2264; x_wconf 90' lang='lat' dir='ltr'><strong>et</strong></span> <span class='ocrx_word' id='word_1_577' title='bbox 744 2238 882 2265; x_wconf 86' lang='lat' dir='ltr'><strong>excidium</strong></span> <span class='ocrx_word' id='word_1_578' title='bbox 904 2239 963 2274; x_wconf 86' lang='lat' dir='ltr'><strong>ejus</strong></span> <span class='ocrx_word' id='word_1_579' title='bbox 977 2247 1049 2275; x_wconf 69' lang='lat' dir='ltr'><strong>prae-</strong></span> 
     </span>
     <span class='ocr_line' id='line_1_91' title="bbox 258 2275 318 2286; baseline 0 0"><span class='ocrx_word' id='word_1_580' title='bbox 258 2275 318 2286; x_wconf 54' lang='grc' dir='ltr'>λε-..</span> 
     </span>
    </p>
   </div>
   <div class='ocr_carea' id='block_1_91' title="bbox 1103 2229 1950 2286">
    <p class='ocr_par' dir='ltr' id='par_1_91' title="bbox 1103 2229 1950 2286">
     <span class='ocr_line' id='line_1_92' title="bbox 1103 2229 1950 2286; baseline 0.012 -19"><span class='ocrx_word' id='word_1_581' title='bbox 1103 2243 1182 2268; x_wconf 83' lang='grc' dir='ltr'>κυῖαν</span> <span class='ocrx_word' id='word_1_582' title='bbox 1198 2232 1306 2277; x_wconf 69' lang='grc' dir='ltr'>διὰτὴν</span> <span class='ocrx_word' id='word_1_583' title='bbox 1321 2242 1367 2269; x_wconf 85' lang='grc' dir='ltr'>τοῦ</span> <span class='ocrx_word' id='word_1_584' title='bbox 1385 2243 1488 2279; x_wconf 78' lang='grc' dir='ltr'>Κυρίου</span> <span class='ocrx_word' id='word_1_585' title='bbox 1508 2247 1626 2281; x_wconf 67' lang='grc' dir='ltr'>σφαγήν.</span> <span class='ocrx_word' id='word_1_586' title='bbox 1642 2247 1698 2274; x_wconf 75' lang='grc' dir='ltr'><strong>Καὶ</strong></span> <span class='ocrx_word' id='word_1_587' title='bbox 1709 2229 1841 2284; x_wconf 44' lang='grc' dir='ltr'>προλέἱίεί</span> <span class='ocrx_word' id='word_1_588' title='bbox 1851 2229 1901 2286; x_wconf 53' lang='grc' dir='ltr'><strong>τήν</strong></span> <span class='ocrx_word' id='word_1_589' title='bbox 1946 2274 1950 2277; x_wconf 80' lang='grc'><strong>.</strong></span> 
     </span>
    </p>
   </div>
   <div class='ocr_carea' id='block_1_92' title="bbox 255 2275 329 2303">
    <p class='ocr_par' dir='ltr' id='par_1_92' title="bbox 255 2275 329 2303">
     <span class='ocr_line' id='line_1_93' title="bbox 255 2275 329 2303; baseline -0.014 0"><span class='ocrx_word' id='word_1_590' title='bbox 255 2275 329 2303; x_wconf 90' lang='lat' dir='ltr'><strong>dicit.</strong></span> 
     </span>
    </p>
   </div>
   <div class='ocr_carea' id='block_1_93' title="bbox 291 2321 1049 2364">
    <p class='ocr_par' dir='ltr' id='par_1_93' title="bbox 291 2321 1049 2364">
     <span class='ocr_line' id='line_1_94' title="bbox 291 2321 1049 2364; baseline 0.015 -16"><span class='ocrx_word' id='word_1_591' title='bbox 291 2331 301 2347; x_wconf 89' lang='lat'><strong>1</strong></span> <span class='ocrx_word' id='word_1_592' title='bbox 320 2321 402 2355; x_wconf 86' lang='lat' dir='ltr'><strong>Quasi</strong></span> <span class='ocrx_word' id='word_1_593' title='bbox 428 2324 542 2353; x_wconf 85' lang='lat' dir='ltr'><strong>cursim.</strong></span> <span class='ocrx_word' id='word_1_594' title='bbox 567 2335 576 2353; x_wconf 78' lang='grc' dir='ltr'><strong>ι</strong></span> <span class='ocrx_word' id='word_1_595' title='bbox 596 2326 663 2354; x_wconf 82' lang='lat' dir='ltr'><strong>Nam</strong></span> <span class='ocrx_word' id='word_1_596' title='bbox 678 2329 753 2364; x_wconf 67' lang='lat' dir='ltr'><strong>regio</strong></span> <span class='ocrx_word' id='word_1_597' title='bbox 773 2329 956 2358; x_wconf 88' lang='lat' dir='ltr'><strong>Sodomorum</strong></span> <span class='ocrx_word' id='word_1_598' title='bbox 971 2331 1049 2359; x_wconf 79' lang='lat' dir='ltr'><strong>subi-</strong></span> 
     </span>
    </p>
   </div>
   <div class='ocr_carea' id='block_1_94' title="bbox 253 2370 906 2407">
    <p class='ocr_par' dir='ltr' id='par_1_94' title="bbox 253 2370 906 2407">
     <span class='ocr_line' id='line_1_95' title="bbox 253 2370 906 2407; baseline 0.014 -13"><span class='ocrx_word' id='word_1_599' title='bbox 253 2372 307 2395; x_wconf 86' lang='lat' dir='ltr'><strong>tam</strong></span> <span class='ocrx_word' id='word_1_600' title='bbox 321 2376 353 2395; x_wconf 89' lang='lat' dir='ltr'><strong>ac</strong></span> <span class='ocrx_word' id='word_1_601' title='bbox 375 2370 546 2404; x_wconf 79' lang='lat' dir='ltr'><strong>repentinam</strong></span> <span class='ocrx_word' id='word_1_602' title='bbox 566 2380 647 2407; x_wconf 85' lang='lat' dir='ltr'><strong>passa</strong></span> <span class='ocrx_word' id='word_1_603' title='bbox 664 2379 707 2401; x_wconf 89' lang='lat' dir='ltr'><strong>est</strong></span> <span class='ocrx_word' id='word_1_604' title='bbox 721 2375 906 2403; x_wconf 88' lang='lat' dir='ltr'><strong>eversionem.</strong></span> 
     </span>
    </p>
   </div>
   <div class='ocr_carea' id='block_1_95' title="bbox 290 2412 1050 2453">
    <p class='ocr_par' dir='ltr' id='par_1_95' title="bbox 290 2412 1050 2453">
     <span class='ocr_line' id='line_1_96' title="bbox 290 2412 1050 2453; baseline 0.016 -14"><span class='ocrx_word' id='word_1_605' title='bbox 290 2421 300 2438; x_wconf 89' lang='lat'><strong>1</strong></span> <span class='ocrx_word' id='word_1_606' title='bbox 320 2412 353 2440; x_wconf 89' lang='lat' dir='ltr'><strong>Et</strong></span> <span class='ocrx_word' id='word_1_607' title='bbox 379 2422 434 2442; x_wconf 92' lang='lat' dir='ltr'><strong>non</strong></span> <span class='ocrx_word' id='word_1_608' title='bbox 468 2415 671 2445; x_wconf 82' lang='lat' dir='ltr'><strong>laboraverunt.</strong></span> <span class='ocrx_word' id='word_1_609' title='bbox 694 2428 704 2445; x_wconf 73' lang='grc' dir='ltr'><strong>ι</strong></span> <span class='ocrx_word' id='word_1_610' title='bbox 737 2419 794 2448; x_wconf 85' lang='lat' dir='ltr'><strong>Hoc</strong></span> <span class='ocrx_word' id='word_1_611' title='bbox 821 2425 879 2453; x_wconf 87' lang='lat' dir='ltr'><strong>est,</strong></span> <span class='ocrx_word' id='word_1_612' title='bbox 908 2429 962 2449; x_wconf 88' lang='lat' dir='ltr'><strong>non</strong></span> <span class='ocrx_word' id='word_1_613' title='bbox 984 2428 1050 2451; x_wconf 88' lang='lat' dir='ltr'><strong>sunt</strong></span> 
     </span>
    </p>
   </div>
   <div class='ocr_carea' id='block_1_96' title="bbox 250 2458 1050 2502">
    <p class='ocr_par' dir='ltr' id='par_1_96' title="bbox 250 2458 1050 2502">
     <span class='ocr_line' id='line_1_97' title="bbox 250 2458 1050 2502; baseline 0.014 -17"><span class='ocrx_word' id='word_1_614' title='bbox 250 2458 388 2495; x_wconf 79' lang='lat' dir='ltr'><strong>defatigati</strong></span> <span class='ocrx_word' id='word_1_615' title='bbox 421 2461 448 2488; x_wconf 93' lang='lat' dir='ltr'><strong>in</strong></span> <span class='ocrx_word' id='word_1_616' title='bbox 480 2463 552 2491; x_wconf 86' lang='lat' dir='ltr'><strong>male</strong></span> <span class='ocrx_word' id='word_1_617' title='bbox 575 2465 711 2500; x_wconf 76' lang='lat' dir='ltr'><strong>agendo:</strong></span> <span class='ocrx_word' id='word_1_618' title='bbox 743 2466 798 2494; x_wconf 90' lang='lat' dir='ltr'><strong>Deo</strong></span> <span class='ocrx_word' id='word_1_619' title='bbox 823 2468 961 2502; x_wconf 84' lang='lat' dir='ltr'><strong>patienter</strong></span> <span class='ocrx_word' id='word_1_620' title='bbox 997 2469 1050 2497; x_wconf 86' lang='lat' dir='ltr'><strong>hoc</strong></span> 
     </span>
    </p>
   </div>
   <div class='ocr_carea' id='block_1_97' title="bbox 251 2504 1050 2546">
    <p class='ocr_par' dir='ltr' id='par_1_97' title="bbox 251 2504 1050 2546">
     <span class='ocr_line' id='line_1_98' title="bbox 251 2504 1050 2546; baseline 0.015 -15"><span class='ocrx_word' id='word_1_621' title='bbox 251 2504 371 2538; x_wconf 81' lang='lat' dir='ltr'><strong>ferente,</strong></span> <span class='ocrx_word' id='word_1_622' title='bbox 392 2507 440 2542; x_wconf 89' lang='lat' dir='ltr'><strong>qui</strong></span> <span class='ocrx_word' id='word_1_623' title='bbox 461 2508 590 2538; x_wconf 90' lang='lat' dir='ltr'><strong>similiter</strong></span> <span class='ocrx_word' id='word_1_624' title='bbox 602 2517 764 2546; x_wconf 85' lang='lat' dir='ltr'><strong>peccantem</strong></span> <span class='ocrx_word' id='word_1_625' title='bbox 784 2521 838 2541; x_wconf 94' lang='lat' dir='ltr'><strong>non</strong></span> <span class='ocrx_word' id='word_1_626' title='bbox 856 2514 938 2542; x_wconf 91' lang='lat' dir='ltr'><strong>simili</strong></span> <span class='ocrx_word' id='word_1_627' title='bbox 952 2516 1050 2544; x_wconf 82' lang='lat' dir='ltr'><strong>multat</strong></span> 
     </span>
    </p>
   </div>
   <div class='ocr_carea' id='block_1_98' title="bbox 249 2558 342 2586">
    <p class='ocr_par' dir='ltr' id='par_1_98' title="bbox 249 2558 342 2586">
     <span class='ocr_line' id='line_1_99' title="bbox 249 2558 342 2586; baseline 0 -8"><span class='ocrx_word' id='word_1_628' title='bbox 249 2558 342 2586; x_wconf 68' lang='lat' dir='ltr'><strong>mena.</strong></span> 
     </span>
    </p>
   </div>
   <div class='ocr_carea' id='block_1_99' title="bbox 285 2597 1048 2646">
    <p class='ocr_par' dir='ltr' id='par_1_99' title="bbox 285 2597 1048 2646">
     <span class='ocr_line' id='line_1_100' title="bbox 285 2597 1048 2646; baseline 0.017 -22"><span class='ocrx_word' id='word_1_629' title='bbox 285 2597 316 2624; x_wconf 88' lang='lat' dir='ltr'><strong>V.</strong></span> <span class='ocrx_word' id='word_1_630' title='bbox 337 2599 361 2627; x_wconf 87' lang='lat'><strong>7.</strong></span> <span class='ocrx_word' id='word_1_631' title='bbox 392 2610 401 2625; x_wconf 88' lang='lat'><strong>1</strong></span> <span class='ocrx_word' id='word_1_632' title='bbox 420 2599 511 2630; x_wconf 79' lang='lat' dir='ltr'><strong>Mundi</strong></span> <span class='ocrx_word' id='word_1_633' title='bbox 531 2603 607 2632; x_wconf 90' lang='lat' dir='ltr'><strong>fuere</strong></span> <span class='ocrx_word' id='word_1_634' title='bbox 623 2605 753 2634; x_wconf 69' lang='lat' dir='ltr'><strong>Nazaraci.</strong></span> <span class='ocrx_word' id='word_1_635' title='bbox 772 2617 781 2633; x_wconf 78' lang='grc' dir='ltr'><strong>ι</strong></span> <span class='ocrx_word' id='word_1_636' title='bbox 806 2607 925 2637; x_wconf 77' lang='lat' dir='ltr'><strong>Nazaraei</strong></span> <span class='ocrx_word' id='word_1_637' title='bbox 941 2609 969 2636; x_wconf 86' lang='lat' dir='ltr'><strong>in</strong></span> <span class='ocrx_word' id='word_1_638' title='bbox 988 2610 1048 2646; x_wconf 80' lang='lat' dir='ltr'><strong>lege</strong></span> 
     </span>
    </p>
   </div>
   <div class='ocr_carea' id='block_1_100' title="bbox 248 2646 1046 2692">
    <p class='ocr_par' dir='ltr' id='par_1_100' title="bbox 248 2646 1046 2692">
     <span class='ocr_line' id='line_1_101' title="bbox 248 2646 1046 2692; baseline 0.019 -23"><span class='ocrx_word' id='word_1_639' title='bbox 248 2646 413 2692; x_wconf 19' lang='lat' dir='ltr'><strong>iung—quire</strong></span> <span class='ocrx_word' id='word_1_640' title='bbox 432 2647 511 2676; x_wconf 90' lang='lat' dir='ltr'><strong>vidua</strong></span> <span class='ocrx_word' id='word_1_641' title='bbox 530 2650 586 2678; x_wconf 89' lang='lat' dir='ltr'><strong>Deo</strong></span> <span class='ocrx_word' id='word_1_642' title='bbox 599 2653 733 2689; x_wconf 71' lang='lat' dir='ltr'><strong>segregati</strong></span> <span class='ocrx_word' id='word_1_643' title='bbox 744 2658 827 2688; x_wconf 87' lang='lat' dir='ltr'><strong>sunt;</strong></span> <span class='ocrx_word' id='word_1_644' title='bbox 844 2655 969 2692; x_wconf 79' lang='lat' dir='ltr'><strong>intelligit</strong></span> <span class='ocrx_word' id='word_1_645' title='bbox 982 2664 1046 2692; x_wconf 82' lang='lat' dir='ltr'><strong>ergo</strong></span> 
     </span>
    </p>
   </div>
   <div class='ocr_carea' id='block_1_101' title="bbox 248 2689 534 2723">
    <p class='ocr_par' dir='ltr' id='par_1_101' title="bbox 248 2689 534 2723">
     <span class='ocr_line' id='line_1_102' title="bbox 248 2689 534 2723; baseline 0.024 -9"><span class='ocrx_word' id='word_1_646' title='bbox 248 2689 369 2723; x_wconf 85' lang='lat' dir='ltr'><strong>nequitia</strong></span> <span class='ocrx_word' id='word_1_647' title='bbox 387 2691 534 2721; x_wconf 87' lang='lat' dir='ltr'><strong>immunes.</strong></span> 
     </span>
    </p>
   </div>
   <div class='ocr_carea' id='block_1_102' title="bbox 285 2736 1044 2785">
    <p class='ocr_par' dir='ltr' id='par_1_102' title="bbox 285 2736 1044 2785">
     <span class='ocr_line' id='line_1_103' title="bbox 285 2736 1044 2785; baseline 0.02 -24"><span class='ocrx_word' id='word_1_648' title='bbox 285 2743 296 2761; x_wconf 90' lang='lat'><strong>1</strong></span> <span class='ocrx_word' id='word_1_649' title='bbox 316 2736 405 2771; x_wconf 82' lang='lat' dir='ltr'><strong>Super</strong></span> <span class='ocrx_word' id='word_1_650' title='bbox 420 2737 470 2766; x_wconf 84' lang='lat' dir='ltr'><strong>lac.</strong></span> <span class='ocrx_word' id='word_1_651' title='bbox 489 2749 497 2764; x_wconf 71' lang='grc' dir='ltr'><strong>ι</strong></span> <span class='ocrx_word' id='word_1_652' title='bbox 516 2739 597 2772; x_wconf 82' lang='lat' dir='ltr'><strong>Quasi</strong></span> <span class='ocrx_word' id='word_1_653' title='bbox 611 2742 725 2780; x_wconf 82' lang='lat' dir='ltr'><strong>diceret,</strong></span> <span class='ocrx_word' id='word_1_654' title='bbox 742 2754 796 2775; x_wconf 92' lang='lat' dir='ltr'><strong>non</strong></span> <span class='ocrx_word' id='word_1_655' title='bbox 813 2747 891 2775; x_wconf 59' lang='lat' dir='ltr'><strong>Cﬂllsi</strong></span> <span class='ocrx_word' id='word_1_656' title='bbox 908 2753 981 2785; x_wconf 86' lang='lat' dir='ltr'><strong>sunt,</strong></span> <span class='ocrx_word' id='word_1_657' title='bbox 997 2748 1044 2776; x_wconf 89' lang='lat' dir='ltr'><strong>sed</strong></span> 
     </span>
    </p>
   </div>
   <div class='ocr_carea' id='block_1_103' title="bbox 248 2783 636 2818">
    <p class='ocr_par' dir='ltr' id='par_1_103' title="bbox 248 2783 636 2818">
     <span class='ocr_line' id='line_1_104' title="bbox 248 2783 636 2818; baseline 0.023 -10"><span class='ocrx_word' id='word_1_658' title='bbox 248 2783 382 2818; x_wconf 81' lang='lat' dir='ltr'><strong>coagulati</strong></span> <span class='ocrx_word' id='word_1_659' title='bbox 398 2790 463 2812; x_wconf 88' lang='lat' dir='ltr'><strong>sunt</strong></span> <span class='ocrx_word' id='word_1_660' title='bbox 478 2786 504 2813; x_wconf 89' lang='lat' dir='ltr'><strong>iu</strong></span> <span class='ocrx_word' id='word_1_661' title='bbox 524 2788 636 2817; x_wconf 79' lang='lat' dir='ltr'><strong>virtute.</strong></span> 
     </span>
    </p>
   </div>
   <div class='ocr_carea' id='block_1_104' title="bbox 293 2886 516 2921">
    <p class='ocr_par' dir='ltr' id='par_1_104' title="bbox 293 2886 516 2921">
     <span class='ocr_line' id='line_1_105' title="bbox 293 2886 516 2921; baseline 0.018 -9"><span class='ocrx_word' id='word_1_662' title='bbox 293 2886 315 2902; x_wconf 79' lang='lat'><strong>&quot;</strong></span> <span class='ocrx_word' id='word_1_663' title='bbox 331 2886 416 2917; x_wconf 48' lang='lat' dir='ltr'><strong>Galat,</strong></span> <span class='ocrx_word' id='word_1_664' title='bbox 432 2896 472 2921; x_wconf 91' lang='lat' dir='ltr'><strong>lll,</strong></span> <span class='ocrx_word' id='word_1_665' title='bbox 489 2889 516 2918; x_wconf 80' lang='lat'><strong>&#39;5.</strong></span> 
     </span>
    </p>
   </div>
   <div class='ocr_carea' id='block_1_105' title="bbox 1099 2288 1684 2332">
    <p class='ocr_par' dir='ltr' id='par_1_105' title="bbox 1099 2288 1684 2332">
     <span class='ocr_line' id='line_1_106' title="bbox 1099 2288 1684 2332; baseline 0.01 -18"><span class='ocrx_word' id='word_1_666' title='bbox 1099 2288 1184 2322; x_wconf 80' lang='grc' dir='ltr'>αὐτῆς</span> <span class='ocrx_word' id='word_1_667' title='bbox 1198 2289 1378 2316; x_wconf 85' lang='grc' dir='ltr'>κατάπτωσιν</span> <span class='ocrx_word' id='word_1_668' title='bbox 1390 2289 1446 2326; x_wconf 61' lang='lat' dir='ltr'><strong>[tot</strong></span> <span class='ocrx_word' id='word_1_669' title='bbox 1463 2293 1684 2332; x_wconf 74' lang='grc' dir='ltr'>καταστροφήν].</span> 
     </span>
    </p>
   </div>
   <div class='ocr_carea' id='block_1_106' title="bbox 1137 2334 1900 2378">
    <p class='ocr_par' dir='ltr' id='par_1_106' title="bbox 1137 2334 1900 2378">
     <span class='ocr_line' id='line_1_107' title="bbox 1137 2334 1900 2378; baseline 0.016 -19"><span class='ocrx_word' id='word_1_670' title='bbox 1137 2334 1259 2370; x_wconf 80' lang='grc' dir='ltr'>«Ὥσπερ</span> <span class='ocrx_word' id='word_1_671' title='bbox 1278 2335 1392 2372; x_wconf 82' lang='grc' dir='ltr'>σπουδῇ.</span> <span class='ocrx_word' id='word_1_672' title='bbox 1408 2345 1418 2362; x_wconf 60' lang='grc' dir='ltr'><em>φ</em></span> <span class='ocrx_word' id='word_1_673' title='bbox 1436 2337 1493 2364; x_wconf 74' lang='grc' dir='ltr'><strong>Καὶ</strong></span> <span class='ocrx_word' id='word_1_674' title='bbox 1510 2338 1565 2374; x_wconf 83' lang='grc' dir='ltr'><strong>γὰρ</strong></span> <span class='ocrx_word' id='word_1_675' title='bbox 1581 2340 1597 2375; x_wconf 77' lang='grc' dir='ltr'><strong>ἡ</strong></span> <span class='ocrx_word' id='word_1_676' title='bbox 1610 2340 1737 2377; x_wconf 79' lang='grc' dir='ltr'>Σοδόμων</span> <span class='ocrx_word' id='word_1_677' title='bbox 1750 2342 1786 2378; x_wconf 81' lang='grc' dir='ltr'><strong>γῆ</strong></span> <span class='ocrx_word' id='word_1_678' title='bbox 1802 2343 1900 2370; x_wconf 77' lang='grc' dir='ltr'>ἀπότο-</span> 
     </span>
    </p>
   </div>
   <div class='ocr_carea' id='block_1_107' title="bbox 1101 2380 1683 2422">
    <p class='ocr_par' dir='ltr' id='par_1_107' title="bbox 1101 2380 1683 2422">
     <span class='ocr_line' id='line_1_108' title="bbox 1101 2380 1683 2422; baseline 0.012 -16"><span class='ocrx_word' id='word_1_679' title='bbox 1101 2388 1151 2414; x_wconf 86' lang='grc' dir='ltr'><strong>μον</strong></span> <span class='ocrx_word' id='word_1_680' title='bbox 1168 2381 1214 2407; x_wconf 78' lang='grc' dir='ltr'><strong>καὶ</strong></span> <span class='ocrx_word' id='word_1_681' title='bbox 1229 2380 1321 2413; x_wconf 78' lang='grc' dir='ltr'>ὀξεῖαν</span> <span class='ocrx_word' id='word_1_682' title='bbox 1334 2382 1397 2418; x_wconf 76' lang='grc' dir='ltr'>ἔσχε</span> <span class='ocrx_word' id='word_1_683' title='bbox 1411 2383 1461 2418; x_wconf 77' lang='grc' dir='ltr'><strong>τὴν</strong></span> <span class='ocrx_word' id='word_1_684' title='bbox 1475 2385 1683 2422; x_wconf 75' lang='grc' dir='ltr'>καταστροφήν.</span> 
     </span>
    </p>
   </div>
   <div class='ocr_carea' id='block_1_108' title="bbox 1139 2427 1899 2470">
    <p class='ocr_par' dir='ltr' id='par_1_108' title="bbox 1139 2427 1899 2470">
     <span class='ocr_line' id='line_1_109' title="bbox 1139 2427 1899 2470; baseline 0.012 -18"><span class='ocrx_word' id='word_1_685' title='bbox 1139 2437 1148 2452; x_wconf 84' lang='grc' dir='ltr'><strong>ι</strong></span> <span class='ocrx_word' id='word_1_686' title='bbox 1165 2427 1219 2453; x_wconf 76' lang='grc' dir='ltr'><strong>Καὶ</strong></span> <span class='ocrx_word' id='word_1_687' title='bbox 1246 2427 1296 2454; x_wconf 77' lang='grc' dir='ltr'>οὐκ</span> <span class='ocrx_word' id='word_1_688' title='bbox 1322 2428 1467 2457; x_wconf 75' lang='grc' dir='ltr'>ἐπόνεσαν.</span> <span class='ocrx_word' id='word_1_689' title='bbox 1485 2440 1494 2456; x_wconf 75' lang='lat'><strong>1</strong></span> <span class='ocrx_word' id='word_1_690' title='bbox 1516 2430 1592 2458; x_wconf 74' lang='grc' dir='ltr'>’Δντὶ</span> <span class='ocrx_word' id='word_1_691' title='bbox 1604 2432 1663 2465; x_wconf 82' lang='grc' dir='ltr'>τοῦ,</span> <span class='ocrx_word' id='word_1_692' title='bbox 1680 2433 1730 2460; x_wconf 78' lang='grc' dir='ltr'>οὐκ</span> <span class='ocrx_word' id='word_1_693' title='bbox 1755 2434 1899 2470; x_wconf 80' lang='grc' dir='ltr'>ἀπέκαμον</span> 
     </span>
    </p>
   </div>
   <div class='ocr_carea' id='block_1_109' title="bbox 1100 2472 1897 2512">
    <p class='ocr_par' dir='ltr' id='par_1_109' title="bbox 1100 2472 1897 2512">
     <span class='ocr_line' id='line_1_110' title="bbox 1100 2472 1897 2512; baseline 0.01 -14"><span class='ocrx_word' id='word_1_694' title='bbox 1100 2472 1313 2505; x_wconf 75' lang='grc' dir='ltr'>κακοποιοῦντες</span> <span class='ocrx_word' id='word_1_695' title='bbox 1323 2482 1330 2490; x_wconf 89' lang='grc'>·</span> <span class='ocrx_word' id='word_1_696' title='bbox 1348 2475 1394 2500; x_wconf 80' lang='grc' dir='ltr'>καὶ</span> <span class='ocrx_word' id='word_1_697' title='bbox 1407 2475 1496 2502; x_wconf 80' lang='grc' dir='ltr'>ταῦτα</span> <span class='ocrx_word' id='word_1_698' title='bbox 1512 2476 1560 2502; x_wconf 79' lang='grc' dir='ltr'>τοῦ</span> <span class='ocrx_word' id='word_1_699' title='bbox 1576 2476 1644 2503; x_wconf 80' lang='grc' dir='ltr'>Θεοῦ</span> <span class='ocrx_word' id='word_1_700' title='bbox 1660 2477 1897 2512; x_wconf 77' lang='grc' dir='ltr'>ἁνεξικακοῦντος,</span> 
     </span>
    </p>
   </div>
   <div class='ocr_carea' id='block_1_110' title="bbox 1099 2517 1899 2560">
    <p class='ocr_par' dir='ltr' id='par_1_110' title="bbox 1099 2517 1899 2560">
     <span class='ocr_line' id='line_1_111' title="bbox 1099 2517 1899 2560; baseline 0.011 -16"><span class='ocrx_word' id='word_1_701' title='bbox 1099 2517 1140 2554; x_wconf 80' lang='grc' dir='ltr'><strong>[ὃς</strong></span> <span class='ocrx_word' id='word_1_702' title='bbox 1153 2519 1197 2546; x_wconf 82' lang='grc' dir='ltr'><strong>τδν</strong></span> <span class='ocrx_word' id='word_1_703' title='bbox 1212 2519 1272 2556; x_wconf 79' lang='grc' dir='ltr'>ὁμ.]</span> <span class='ocrx_word' id='word_1_704' title='bbox 1285 2520 1330 2547; x_wconf 75' lang='grc' dir='ltr'>τὸν</span> <span class='ocrx_word' id='word_1_705' title='bbox 1346 2521 1449 2556; x_wconf 80' lang='grc' dir='ltr'>ὁμοίως</span> <span class='ocrx_word' id='word_1_706' title='bbox 1462 2522 1578 2555; x_wconf 77' lang='grc' dir='ltr'>ἐκείνοις</span> <span class='ocrx_word' id='word_1_707' title='bbox 1593 2524 1784 2559; x_wconf 75' lang='grc' dir='ltr'>ἁμαρτάνοντα</span> <span class='ocrx_word' id='word_1_708' title='bbox 1797 2526 1899 2560; x_wconf 83' lang='grc' dir='ltr'>ὁμοίως</span> 
     </span>
    </p>
   </div>
   <div class='ocr_carea' id='block_1_111' title="bbox 1100 2563 1736 2605">
    <p class='ocr_par' dir='ltr' id='par_1_111' title="bbox 1100 2563 1736 2605">
     <span class='ocr_line' id='line_1_112' title="bbox 1100 2563 1736 2605; baseline 0.009 -14"><span class='ocrx_word' id='word_1_709' title='bbox 1100 2563 1217 2600; x_wconf 87' lang='lat' dir='ltr'><strong>[videtur</strong></span> <span class='ocrx_word' id='word_1_710' title='bbox 1230 2565 1351 2601; x_wconf 64' lang='lat' dir='ltr'><strong>legend,</strong></span> <span class='ocrx_word' id='word_1_711' title='bbox 1364 2565 1414 2603; x_wconf 81' lang='grc' dir='ltr'><strong>οὖχ</strong></span> <span class='ocrx_word' id='word_1_712' title='bbox 1425 2568 1541 2605; x_wconf 75' lang='grc' dir='ltr'>ὁμοίως]</span> <span class='ocrx_word' id='word_1_713' title='bbox 1560 2571 1736 2605; x_wconf 78' lang='grc' dir='ltr'>τιμωρεῖται.</span> 
     </span>
    </p>
   </div>
   <div class='ocr_carea' id='block_1_112' title="bbox 1134 2610 1899 2654">
    <p class='ocr_par' dir='ltr' id='par_1_112' title="bbox 1134 2610 1899 2654">
     <span class='ocr_line' id='line_1_113' title="bbox 1134 2610 1899 2654; baseline 0.012 -18"><span class='ocrx_word' id='word_1_714' title='bbox 1134 2619 1145 2636; x_wconf 88' lang='lat'><strong>1</strong></span> <span class='ocrx_word' id='word_1_715' title='bbox 1157 2610 1402 2648; x_wconf 82' lang='grc' dir='ltr'>Ἐκαθαριώθησαν</span> <span class='ocrx_word' id='word_1_716' title='bbox 1433 2614 1595 2650; x_wconf 79' lang='grc' dir='ltr'>Ναζηραῖοι.</span> <span class='ocrx_word' id='word_1_717' title='bbox 1613 2626 1621 2642; x_wconf 74' lang='grc' dir='ltr'><strong>ι</strong></span> <span class='ocrx_word' id='word_1_718' title='bbox 1640 2616 1793 2652; x_wconf 73' lang='grc' dir='ltr'>Ναζηραῖοι</span> <span class='ocrx_word' id='word_1_719' title='bbox 1823 2618 1899 2654; x_wconf 71' lang='grc' dir='ltr'>παρὰ</span> 
     </span>
    </p>
   </div>
   <div class='ocr_carea' id='block_1_113' title="bbox 1098 2655 1899 2700">
    <p class='ocr_par' dir='ltr' id='par_1_113' title="bbox 1098 2655 1899 2700">
     <span class='ocr_line' id='line_1_114' title="bbox 1098 2655 1899 2700; baseline 0.012 -18"><span class='ocrx_word' id='word_1_720' title='bbox 1098 2655 1136 2691; x_wconf 85' lang='grc' dir='ltr'>τῷ</span> <span class='ocrx_word' id='word_1_721' title='bbox 1154 2657 1229 2694; x_wconf 77' lang='grc' dir='ltr'>νόμῳ</span> <span class='ocrx_word' id='word_1_722' title='bbox 1248 2660 1273 2685; x_wconf 80' lang='grc' dir='ltr'>οἰ</span> <span class='ocrx_word' id='word_1_723' title='bbox 1289 2659 1321 2686; x_wconf 79' lang='grc' dir='ltr'>ἐκ</span> <span class='ocrx_word' id='word_1_724' title='bbox 1335 2661 1443 2695; x_wconf 78' lang='grc' dir='ltr'>μήτρας</span> <span class='ocrx_word' id='word_1_725' title='bbox 1461 2661 1656 2697; x_wconf 72' lang='grc' dir='ltr'>ἀφορισθέντες</span> <span class='ocrx_word' id='word_1_726' title='bbox 1669 2663 1743 2700; x_wconf 80' lang='grc' dir='ltr'><strong>Θεῷ·</strong></span> <span class='ocrx_word' id='word_1_727' title='bbox 1757 2665 1840 2700; x_wconf 73' lang='grc' dir='ltr'>φησὶν</span> <span class='ocrx_word' id='word_1_728' title='bbox 1851 2665 1899 2692; x_wconf 75' lang='grc' dir='ltr'>οὖν</span> 
     </span>
    </p>
   </div>
   <div class='ocr_carea' id='block_1_114' title="bbox 1099 2703 1449 2740">
    <p class='ocr_par' dir='ltr' id='par_1_114' title="bbox 1099 2703 1449 2740">
     <span class='ocr_line' id='line_1_115' title="bbox 1099 2703 1449 2740; baseline 0.011 -11"><span class='ocrx_word' id='word_1_729' title='bbox 1099 2703 1162 2734; x_wconf 80' lang='grc' dir='ltr'>τοὺς</span> <span class='ocrx_word' id='word_1_730' title='bbox 1175 2704 1326 2740; x_wconf 74' lang='grc' dir='ltr'>ἀμετοχους</span> <span class='ocrx_word' id='word_1_731' title='bbox 1341 2708 1449 2738; x_wconf 74' lang='grc' dir='ltr'>κακίας.</span> 
     </span>
    </p>
   </div>
   <div class='ocr_carea' id='block_1_115' title="bbox 1139 2749 1902 2791">
    <p class='ocr_par' dir='ltr' id='par_1_115' title="bbox 1139 2749 1902 2791">
     <span class='ocr_line' id='line_1_116' title="bbox 1139 2749 1902 2791; baseline 0.012 -16"><span class='ocrx_word' id='word_1_732' title='bbox 1139 2759 1147 2775; x_wconf 93' lang='lat'><strong>1</strong></span> <span class='ocrx_word' id='word_1_733' title='bbox 1160 2749 1246 2786; x_wconf 76' lang='grc' dir='ltr'><strong>’Υπὲρ</strong></span> <span class='ocrx_word' id='word_1_734' title='bbox 1259 2751 1357 2785; x_wconf 70' lang='grc' dir='ltr'>γάλα.»</span> <span class='ocrx_word' id='word_1_735' title='bbox 1372 2753 1446 2780; x_wconf 80' lang='grc' dir='ltr'>Ἀντὶ</span> <span class='ocrx_word' id='word_1_736' title='bbox 1460 2754 1518 2788; x_wconf 75' lang='grc' dir='ltr'>τοῦ,</span> <span class='ocrx_word' id='word_1_737' title='bbox 1528 2755 1558 2782; x_wconf 80' lang='grc' dir='ltr'>οὐ</span> <span class='ocrx_word' id='word_1_738' title='bbox 1573 2754 1747 2791; x_wconf 75' lang='grc' dir='ltr'>διεχύθηταν,</span> <span class='ocrx_word' id='word_1_739' title='bbox 1761 2754 1818 2784; x_wconf 71' lang='grc' dir='ltr'>ἀλλ’</span> <span class='ocrx_word' id='word_1_740' title='bbox 1830 2756 1902 2784; x_wconf 69' lang='grc' dir='ltr'><strong>ἑπά-</strong></span> 
     </span>
    </p>
   </div>
   <div class='ocr_carea' id='block_1_116' title="bbox 1102 2797 1396 2835">
    <p class='ocr_par' dir='ltr' id='par_1_116' title="bbox 1102 2797 1396 2835">
     <span class='ocr_line' id='line_1_117' title="bbox 1102 2797 1396 2835; baseline 0.017 -14"><span class='ocrx_word' id='word_1_741' title='bbox 1102 2803 1191 2830; x_wconf 76' lang='grc' dir='ltr'>γησαν</span> <span class='ocrx_word' id='word_1_742' title='bbox 1207 2797 1236 2823; x_wconf 76' lang='grc' dir='ltr'>ἐν</span> <span class='ocrx_word' id='word_1_743' title='bbox 1249 2798 1283 2832; x_wconf 78' lang='grc' dir='ltr'>τῇ</span> <span class='ocrx_word' id='word_1_744' title='bbox 1300 2798 1396 2835; x_wconf 78' lang='grc' dir='ltr'>ἀρετῇ.</span> 
     </span>
    </p>
   </div>
  </div>
