2052 3150
180 207 232 240 753

687 213 919 244 FRAGMENTA
936 214 978 244 IN
997 214 1133 245 JEREM.
1151 217 1315 248 LAMENT.
1354 249 1358 251 ,

1764 223 1818 254 ’⁷58

215 269 325 305 ιὙπὶρ
347 269 433 297 λίθου.
449 279 459 295 ι
478 269 585 306 Τιμιος,
604 271 699 307 φησὶν,
725 271 772 298 καὶ
794 271 932 308 ἄφθαρτος
957 273 973 309 ἡ

1064 282 1073 299 1
1092 272 1181 309 Super
1199 274 1327 310 lapidem.
1350 284 1360 302 ι
1387 275 1520 311 Pretiosa,
1540 276 1588 310 ait,
1606 277 1817 316 incorruptaque

178 314 279 350 ἐκλογὴ
294 315 398 342 αὐτῶν.

216 371 226 388 1
247 361 423 388 Ἑσιιότασεν.
447 371 456 387 ι
483 362 543 389 Τῶν
568 363 597 389 ὲν
625 362 770 398 ὑποκρίσει
798 355 848 399 τήν
873 364 973 400 ἀρετὴν

177 407 306 444 ἐχόντων.

214 464 225 480 1
248 454 305 483 Οὐκ
330 453 554 489 ὲπεγνώσθησαν,
576 463 585 480 ι
620 454 835 491 Ἐϐδελύχοησαν
861 457 890 483 ὲν
912 457 974 488 ταῖς

175 500 301 535 πορείαις
312 499 414 526 αὐτῶν.

216 556 225 571 1
248 545 354 580 Ἐπάγη
369 545 469 581 δέρμα.
487 555 496 571 ι
513 545 564 572 Διὰ
577 546 607 572 τὸ
618 546 657 582 μὴ
668 546 740 582 ἔχειν
755 547 803 583 τὴν
814 547 915 582 ἰκμάδα
925 549 973 576 τοῦ

174 592 344 627 πνεύματος·
360 592 448 619 ταῦτα
472 592 502 619 δὲ
525 593 626 628 συνέϐη
648 594 695 620 καὶ
714 595 769 626 τοίς
788 594 974 630 αἰχμαλώτοις

174 639 209 664 ἐκ
221 638 271 672 τῆς
283 637 482 669 κακοπαθείας.

214 692 224 709 1
248 683 462 719 Ἐξηράνθησαν.
483 693 492 710 ι
522 684 703 718 Ἑκκοπέντες
721 686 754 713 ἐκ
771 687 821 721 τῆς
836 686 909 721 ζωῆς
925 686 973 713 τοῦ

177 729 256 763 θεοῦ,
273 731 320 757 καὶ
333 730 529 765 μαρανθέντες.
658 767 661 769 _

215 785 225 802 1
251 776 338 803 Καλοὶ
349 774 430 812 ἦσαν.
450 787 460 803 ι
484 778 644 810 Καλλίονες,
659 778 754 814 φησὶν,
775 771 845 814 ἦσαν
863 779 887 806 οἱ
911 778 972 814 μηδ’

176 821 246 854 ὅλως
262 822 452 856 ἐπεγνωκότες
472 824 522 859 τὴν
539 824 599 851 ὁδὸν
613 825 662 859 τῆς
685 824 826 859 ἀληθείας,
841 823 898 851 ἀλλ’
922 823 974 851 ὑπὸ

177 867 294 895 Θάνατον
316 868 404 901 ὄντες,
419 869 436 904 ἢ
463 869 488 895 οἱ
505 869 696 904 ἐπεγνωκότες
718 869 779 905 μὲν,
794 868 973 905 στερηθέντες

175 913 206 940 δὲ
224 914 275 949 τῆς
288 914 408 950 ἀληθοῦς
427 915 547 950 τροφῆς,
560 915 578 951 ἦ
598 915 673 942 ἐστιν
693 916 707 942 ὁ
725 914 805 950 λόγος
823 915 872 950 τῆς
892 913 973 950 ὀρθο-

176 960 278 993 εοξίας.

215 1016 224 1032 1
249 1007 456 1043 Ἐπορεύοησαν
473 1008 706 1043 ὲκκεκεντημένοι
720 1007 774 1035 ἀπὸ
793 1006 978 1042 γεννημάτων

177 1053 281 1088 ἀγρῶν.
300 1063 310 1079 ι
335 1054 401 1080 Ἀπὸ
420 1054 549 1089 πράξεων
562 1054 713 1090 κοσμικῶν.
732 1053 829 1089 Ἀγρὸς
838 1053 892 1089 γὰρ
908 1052 974 1080 πολι

177 1098 261 1133 λαχοῦ
275 1100 289 1125 ό
303 1098 405 1133 κόσμος
420 1099 575 1134 θεωρεῖται.

217 1154 226 1170 1
241 1146 341 1180 Χείρες
355 1145 506 1179 γυναικῶν.
523 1155 532 1172 ι
553 1145 625 1181 Πρὸς
640 1145 690 1181 μὲν
701 1144 834 1180 ἱστορίαν,
847 1143 896 1180 μία
909 1142 972 1170 τοὺ-

178 1201 232 1218 των
243 1190 277 1226 ἦν
288 1192 383 1227 Μαρία
395 1200 447 1223 τις,
461 1192 522 1226 ἣτις
536 1191 588 1218 ὑπὸ
603 1193 652 1226 τῆς
665 1191 725 1226 βίας
733 1191 788 1217 τῶν
801 1189 973 1217 στασιαστῶν

180 1237 341 1271 πιεζομένη,
358 1237 401 1263 ἀεὶ
419 1237 449 1263 τὸ
463 1237 642 1272 ποριζόμενον
659 1235 848 1272 ἁρπαζόντων,
863 1235 910 1262 καὶ
925 1234 972 1261 τοῦ

178 1281 259 1316 λιμοῦ
281 1281 329 1308 τοῦ
351 1281 418 1308 ἰδίου
442 1281 539 1308 τέκνου
563 1281 612 1313 τὰς
638 1275 747 1317 σάρκας
761 1281 874 1316 ἔφαγεν.
899 1279 972 1314 Πρὸς

177 1327 206 1353 δὲ
223 1327 351 1362 θεωρίαν,
373 1328 401 1354 αἱ
415 1327 470 1353 τῶν
496 1327 666 1362 Ἐκκλησιῶν
683 1326 813 1354 δοκοῦσαι
827 1324 898 1352 εἷναι
917 1326 973 1360 χεῖ-

180 1382 238 1408 pag.
253 1374 278 1400 oi
290 1373 538 1408 ψευδοπροφῆται,ζ
548 1374 595 1400 καὶ
611 1371 862 1408 ψευδοδιδάσκαλοι,
878 1371 925 1402 οὓς
938 1372 972 1406 τῇ

179 1420 447 1454 πίε-τεμὲγέννησαν,
459 1419 590 1454 συνέσχον
605 1420 633 1445 ὲν
650 1418 827 1452 πειρασμοῖς⁹
840 1416 888 1443 καὶ
906 1415 973 1447 ἴσως

178 1463 313 1498 ἀργυρίου
332 1463 425 1499 χάριν,
449 1463 466 1499 ἦ
490 1472 564 1495 τινος
582 1463 679 1499 ἑτέρου
702 1463 752 1494 τὰς
771 1461 861 1497 ψυχὰς
883 1460 972 1487 αὐτῶν

178 1509 365 1537 ἐθανάτωσαν.
809 1528 812 1531 -

217 1565 228 1582 1
255 1555 451 1591 Ἐγενήϐησαν.
467 1565 477 1581 ι
497 1556 530 1582 Ui
554 1554 721 1590 οεοκάπηλοι
738 1554 772 1581 δι’
789 1554 888 1580 οἰκεῖον
909 1552 974 1588 κέρ-

177 1601 223 1632 δος
239 1600 396 1628 κατεσθίειν
410 1600 540 1634 λέγονται
561 1599 611 1631 τὰς
628 1598 718 1634 ψυχὰς
740 1597 796 1624 τῶν
820 1595 973 1632 ἀνθρώπων

179 1646 251 1673 κατὰ
270 1646 302 1672 τὸ
329 1647 358 1673 ὲν
374 1646 516 1681 Ψαλμοῖς·
530 1646 563 1672 υἱ
587 1643 808 1675 κατεσθίοντες,
825 1642 879 1669 τὸν
895 1640 973 1668 λαόν

178 1701 238 1727 μου
250 1691 285 1718 ἐν
296 1691 413 1726 βρώσει
431 1691 536 1726 ἀρτοῦ.

218 1748 228 1764 1
253 1738 298 1764 Ἐν
314 1738 353 1773 τῷ
375 1737 571 1773 συντρίμματι.
588 1745 597 1762 ι
619 1734 744 1766 Διὰτὰς
768 1733 869 1765 πολλὰς
884 1733 975 1768 ἁμαρ-

180 1785 240 1816 τίας
254 1783 307 1811 ὑπὸ
320 1784 453 1816 τοιούτοις
468 1782 631 1819 ἡγουμένοις
650 1779 881 1816 συγχωρουμένου
899 1778 976 1813 γενέ-

179 1830 245 1856 σθαι
258 1830 306 1857 τοῦ
321 1829 399 1857 λαοῦ.
712 1834 719 1838 ’

219 1887 228 1901 1
243 1877 298 1903 Καὶ
312 1877 453 1911 κατέφαγε
471 1875 506 1902 τὰ
528 1875 645 1909 θεμέλια
662 1873 757 1907 αὐτῆς.
778 1882 787 1898 ι
805 1871 844 1898 Τὸ
857 1871 975 1907 ἑδραῖον,

179 1922 230 1957 τὴν
250 1922 345 1950 στάσιν
358 1922 408 1957 τῆς
428 1921 531 1957 ψυχῆς·
556 1920 643 1947 ταῦτα
655 1920 684 1946 δὲ
698 1919 760 1946 καθ’
773 1917 896 1953 ἱστορίας
911 1925 976 1944 συν-

179 1967 243 2003 έεη.

210 2023 229 2040 -1
243 2014 301 2041 Οὐκ
312 2013 490 2046 ἐπίστευσαν,
515 2023 524 2051 ρ
541 2013 574 2041 Οἱ
599 2013 659 2039 κατ’
677 2011 774 2047 ἐξοχὴν
788 2011 817 2036 ἐν
833 2010 931 2045 ἀρετῇ,
946 2008 977 2036 τὸ

181 2059 319 2095 βασίλειον
338 2059 502 2095 ἱεράτευμα.

220 2115 230 2132 1
250 2100 356 2137 Πάντες
380 2106 405 2131 οἱ
431 2103 635 2134 κατοικοῦντες.
660 2112 669 2128 ι
697 2102 729 2128 'H
756 2101 809 2128 ὑπὸ
835 2100 882 2127 τοῦ
908 2099 977 2126 Θεοῦ

179 2151 226 2178 διὰ
247 2151 348 2182 παντὸς
370 2149 528 2185 σκεπομένη
548 2147 664 2184 πληθύς·
685 2149 702 2183 ἠ
728 2147 783 2183 γὰρ
804 2146 885 2181 ἑτέρα
911 2145 977 2181 Epri-

205 2205 244 2228 ος.

184 2207 244 2268 μυί.
259 2243 321 2269 ὐτι
337 2240 532 2268 εἰσελεύσεται.
553 2249 562 2266 ι
584 2239 634 2266 Διὰ
653 2238 684 2266 τὸ
701 2238 747 2265 τὸν
764 2237 865 2273 Κύριον
877 2237 976 2264 εἰπεῖν·

1024 326 1120 347 eorum
1135 320 1241 348 electio.
1759 355 1763 358 ,

1059 364 1092 391 V.
1108 365 1135 392 8.
1154 375 1162 391 1
1183 365 1332 393 Obscuram
1342 371 1393 394 est.
1409 377 1418 394 ι
1432 367 1534 397 Eorum
1549 369 1594 404 qui
1611 369 1737 398 virtutem
1754 377 1816 399 cum

1024 410 1241 439 dissimulatione
1258 412 1409 446 possident.

1062 465 1072 482 1
1086 456 1146 484 Non
1165 461 1229 485 sunt
1249 458 1361 494 cogniti.
1377 457 1396 485 ἰ
1425 459 1628 489 Abominationi
1656 462 1765 494 fuerunt
1788 461 1816 490 in

1024 503 1075 530 viis
1090 502 1156 530 suis.

1064 558 1074 575 1
1092 549 1214 577 Adhaasit
1228 550 1318 585 pellis.
1340 560 1348 576 ι
1367 551 1445 584 Quod
1462 551 1605 580 humorem
1625 553 1738 589 spiritus
1761 562 1816 582 non

1026 595 1177 630 habebant;
1194 596 1252 624 haec
1267 604 1331 624 vero
1346 597 1428 625 etiam
1441 598 1557 634 captivis
1569 600 1604 627 ob
1617 601 1749 628 malorum
1761 601 1816 629 vim

1024 649 1084 676 qua:
1100 641 1282 676 patiebantur,
1301 648 1462 671 evenerunt.
1499 649 1501 651 '

1062 696 1072 713 1
1094 689 1242 716 Aruerunt.
1264 698 1274 714 ›
1293 689 1410 717 Excisie
1425 689 1479 718 vita
1497 690 1556 723 Dei,
1575 695 1603 718 et
1615 692 1744 720 emortui.

1061 776 1128 805 v.9.
1146 777 1271 806 Mcliores
1287 783 1376 806 erant.
1401 789 1410 804 ι
1440 779 1576 813 Meliores,
1605 780 1704 816 inquit,
1726 787 1815 811 erant.

1024 823 1071 857 qui
1085 823 1155 850 viam
1172 824 1292 857 veritatis
1308 825 1420 853 omnino
1438 820 1642 861 ignoraverant.
1657 827 1706 854 sed
1735 829 1815 856 morti

1024 867 1140 902 subjecti
1161 873 1250 902 erant,
1273 877 1354 904 quam
1377 871 1436 904 qui,
1453 871 1498 898 ubi
1523 879 1584 899 eam
1613 872 1816 907 cognovissent,

1025 920 1089 940 vero
1103 912 1232 941 alimento
1248 914 1347 950 privati
1367 921 1442 948 sunt,
1455 917 1527 951 quod
1547 921 1589 946 est
1605 922 1686 945 rectae
1709 917 1818 953 pietatis

989 949 1010 977 Β
1025 953 1127 988 se'rmo.

1066 1015 1076 1032 1
1094 1005 1229 1034 Abierunt
1241 1007 1376 1035 vulnerati
1392 1015 1408 1035 a
1424 1008 1547 1045 frugibus
1558 1010 1626 1045 agri.
1646 1020 1657 1038 ›
1672 1010 1713 1039 Ab
1732 1012 1818 1039 actio—

1023 1050 1104 1079 nibus
1118 1052 1276 1082 mundanis.
1294 1053 1366 1089 Ager
1378 1055 1451 1082 enim
1472 1063 1544 1091 saepe
1561 1063 1612 1091 pro
1627 1057 1730 1085 mundo
1743 1057 1817 1086 acci-

1023 1096 1106 1131 pitur.

1060 1142 1092 1169 V.
1186 1153 1195 1168 1
1215 1142 1309 1171 Manus
1337 1144 1494 1173 mulierum.
1510 1155 1520 1172 ι
1548 1145 1683 1174 Historice
1703 1147 1816 1182 quidem

1023 1195 1076 1214 una
1093 1187 1144 1213 fuit
1165 1187 1260 1214 harum
1273 1188 1356 1216 Maria
1364 1190 1498 1224 quaedam,
1515 1199 1576 1227 qua).
1591 1191 1817 1220 viseditiosorum

1022 1239 1162 1267 oppressa,
1193 1233 1239 1267 qui
1262 1234 1393 1269 quidquid
1421 1234 1589 1263 invenissent
1609 1236 1761 1272 rapiebant,
1789 1241 1818 1265 et

1023 1278 1094 1305 l‘ame
1112 1284 1216 1311 coacta,
1238 1279 1339 1314 proprii
1359 1280 1406 1307 ﬁlii
1431 1288 1528 1308 carnes
1549 1282 1678 1310 comedit.
1701 1281 1816 1317 Spirita-

1023 1323 1085 1350 liter
1104 1332 1178 1356 vero,
1194 1325 1240 1359 qui
1268 1325 1455 1353 Ecclesiarum
1471 1335 1569 1355 manus
1591 1334 1653 1355 esse
1678 1327 1816 1361 videntur,

1023 1368 1268 1404 pseudopropth
1281 1375 1309 1397 et
1324 1372 1563 1407 pseudomagistri,
1580 1380 1648 1408 quos
1664 1373 1717 1401 [ide
1732 1381 1818 1408 pepe-

1024 1419 1129 1448 rerum,
1145 1415 1172 1442 in
1193 1415 1431 1449 persecutionihus
1447 1417 1640 1450 detinuerunt,
1659 1424 1687 1446 et
1701 1417 1818 1446 fortasse

1023 1460 1130 1496 argenti
1155 1461 1253 1497 gratia,
1278 1461 1320 1489 vel
1344 1463 1497 1498 cujuspiam
1527 1463 1565 1490 rei
1583 1463 1688 1503 alerius
1713 1464 1818 1492 animas

1023 1513 1118 1533 eorum
1133 1506 1304 1534 Occiderunt.
1341 1502 1343 1505 ’

1062 1561 1071 1578 1
1092 1552 1165 1580 Facti
1180 1557 1254 1580 sunt.
1275 1562 1284 1578 ι
1304 1552 1401 1581 Divina
1418 1559 1604 1588 cauponantes
1622 1554 1657 1582 ob
1675 1554 1818 1590 proprium

1023 1603 1168 1633 qumstum,
1197 1599 1303 1626 animas
1339 1599 1481 1627 hominum
1505 1600 1635 1628 dicuntur
1673 1600 1816 1632 devorare.

1022 1646 1100 1681 juxta
1111 1646 1177 1674 illud
1192 1647 1293 1676 Psalmi
1311 1647 1384 1681 ιριιὶ
1396 1649 1524 1676 devorant
1546 1648 1649 1684 plebem
1675 1656 1763 1676 meum
1789 1651 1818 1674 ut

1024 1692 1112 1719 cibum
1123 1694 1200 1727 panis
1216 1694 1248 1721 ".

1062 1738 1115 1775 1‘ln
1139 1740 1315 1769 contritione.
1335 1749 1344 1767 ι
1367 1740 1483 1776 Propter
1504 1740 1589 1768 multa
1616 1743 1739 1776 peccata,
1763 1739 1819 1767 Deo

1022 1785 1200 1820 permittente
1221 1791 1250 1814 ut
1277 1787 1329 1815 sub
1344 1787 1444 1815 talibus
1456 1786 1573 1815 ducibus
1591 1789 1665 1814 esset
1690 1785 1817 1821 populus.

1062 1874 1095 1902 V.
1111 1874 1155 1904 ll.
1173 1885 1183 1902 1
1201 1875 1234 1904 Et
1245 1876 1388 1904 devoravit
1402 1875 1582 1904 fundamenta
1598 1875 1660 1910 ejus
1687 1884 1697 1901 ι
1720 1873 1820 1902 Firmi-

1026 1924 1109 1947 tatem
1123 1921 1353 1957 stabilitatemque
1368 1921 1466 1949 animae
1481 1930 1489 1948 :
1504 1921 1563 1949 haac
1577 1920 1660 1948 etiam
1668 1919 1820 1947 secundum

1027 1965 1170 1994 historiam
1184 1967 1368 2002 contigerunt.
1538 1960 1541 1963 ’

1045 2011 1097 2048 _V.
1110 2012 1154 2040 η.
1173 2006 1259 2040 (Non
1277 2013 1466 2041 crediderunt.
1486 2022 1496 2039 ι
1520 2011 1572 2046 Qui
1585 2017 1693 2040 summa
1719 2009 1821 2038 virtute

1027 2056 1175 2091 pollebant,
1190 2058 1279 2093 regale
1295 2058 1491 2086 sacerdotium.

1065 2111 1074 2128 1
1097 2102 1223 2132 Universi
1242 2105 1421 2133 habitatores.
1443 2114 1452 2130 ι
1470 2105 1517 2132 Illa
1529 2113 1591 2140 qme
1605 2112 1620 2132 a
1636 2104 1693 2132 Deo
1712 2111 1821 2138 semper

1028 2149 1220 2185 protegebatur
1233 2151 1379 2188 multitudo
1391 2159 1399 2185 ;
1410 2151 1496 2178 altera
1510 2151 1612 2187 quippe
1628 2150 1737 2179 deserta
1750 2153 1819 2178 erat.

1067 2247 1076 2264 1
1095 2237 1229 2271 Quoniam
1244 2238 1422 2274 ingredietur.
1442 2248 1451 2265 I
1465 2238 1505 2266 Eo
1525 2239 1598 2274 quod
1613 2239 1716 2270 dixerit
1729 2237 1822 2266 Domi-

182 2288 280 2315 Πύλαι
294 2287 370 2321 ᾅδου
385 2288 420 2314 οὐ
436 2286 682 2320 κατισχύσουσιν
696 2284 802 2318 αὺῐῆς,
818 2283 913 2319 ὥσπερ
931 2281 976 2309 οὖν

1031 2292 1108 2311 nus:
1136 2284 1170 2311 Et
1196 2289 1278 2318 porta:
1307 2284 1386 2320 inferi
1416 2292 1468 2311 non
1496 2284 1672 2321 praeualebunt
1698 2284 1822 2312 adversus

181 2334 243 2361 οὐδὲ
264 2335 448 2368 κατίσχυσαν,
458 2332 483 2359 εἰ
507 2333 555 2359 καὶ
568 2331 638 2367 πρὸς
652 2330 750 2367 καιρὸν
766 2329 885 2366 ταράξαι
913 2337 978 2356 συν-

182 2378 375 2414 εχωρήθησαν.

220 2436 229 2452 1
250 2425 297 2458 Ἐξ
323 2424 477 2460 ἁμαρτιῶν.
499 2434 508 2451 ι
527 2424 686 2455 Τουτέστιν,
711 2423 761 2450 οὐκ
786 2421 817 2454 ἐξ
837 2421 980 2453 ἀσθενείας

181 2471 229 2498 τοῦ
258 2471 424 2506 μυστηρίου,
443 2471 501 2497 ἀλλ’
517 2470 547 2504 ἐξ
574 2469 719 2505 ἁμαρτιῶν
741 2468 795 2495 τῶν
814 2467 881 2494 αὐτὸ
899 2468 980 2498 ἐγκε-

183 2517 366 2553 χειρισμένων
382 2517 545 2552 οἰκονομεῖν.

222 2572 231 2589 1
250 2563 312 2590 Τῶν
336 2563 489 2597 ἐκχεόντων
514 2560 596 2598 αἷμα.
621 2572 630 2588 ι
654 2563 694 2598 Τῇ
725 2562 775 2597 μὲν
802 2556 986 2597 Ἰερουσιίλὶιιμ¹

184 2608 271 2635 ταῦτα
291 2607 391 2644 σλνέὸη
416 2608 468 2634 ὑπὸ
495 2608 639 2643 Ῥωμαίων
657 2609 702 2635 διὰ
721 2607 751 2634 τὸ
765 2604 836 2641 αἷμα
845 2605 892 2632 τοῦ
913 2606 981 2641 Χρι-

187 2653 258 2681 στοῦ.
275 2653 398 2681 Καθόλου
415 2653 444 2680 δέ
460 2662 528 2689 φησι
548 2655 611 2690 περὶ
628 2653 688 2680 τῶν
706 2653 980 2687 ἀνασταυροῦντων

187 2700 239 2726 τὸν
251 2701 319 2727 Υιὸν
336 2700 390 2727 τοῦ
412 2700 498 2733 Θεοῦ,
520 2700 571 2728 καὶ
591 2699 916 2735 παραδειγματιζόντων
934 2698 980 2724 διὰ

188 2747 233 2774 τοῦ
255 2747 306 2783 τὴν
331 2747 405 2779 ἅπαξ
427 2747 580 2783 γενομένην
603 2747 740 2783 λύτρωσιν
761 2746 927 2782 ἀνατρέπειν
938 2744 983 2771 διὰ

188 2794 358 2828 ηνοφωνῶν.
755 2814 761 2818 .

226 2849 235 2865 1
247 2839 460 2877 Ἑσαλεύθησαν.
481 2850 490 2867 ι
501 2841 564 2868 Ἐπὶ
581 2841 631 2875 μὲν
643 2838 764 2875 Χριστοῦ
780 2838 825 2866 διὰ
840 2838 886 2865 τὸν
899 2837 982 2873 φόϐον

226 2939 248 2957 ⁵³
266 2939 339 2968 Psal.
354 2948 402 2974 Lu,
414 2940 439 2969 5.
479 2941 500 2958 ”
515 2939 612 2968 Matth.
628 2948 683 2973 xvi,
707 2940 748 2969 18.
797 2942 818 2958 ⁵³
831 2939 914 2968 llcbr.
930 2947 965 2972 γι,
981 2938 1007 2966 6.

1033 2338 1093 2357 eam
1104 2330 1138 2363 υ,
1152 2330 1224 2358 sicut
1232 2331 1314 2358 etiam
1321 2338 1375 2359 non
1382 2330 1593 2367 praevalneruru,
1605 2329 1657 2357 etsi
1666 2329 1701 2357 ad
1716 2334 1823 2364 tempus

1034 2376 1088 2404 illis
1099 2385 1158 2404 eam
1175 2377 1285 2405 turbare
1301 2377 1464 2412 permissum
1483 2381 1536 2404 est.
1724 2380 1726 2383 '

1069 2423 1101 2451 V.
1119 2424 1161 2451 15.
1182 2434 1190 2450 1
1210 2424 1323 2458 Pr0pter
1335 2429 1458 2459 peccata.
1471 2433 1480 2448 ι
1495 2423 1552 2450 Hoc
1561 2427 1614 2454 est,
1629 2428 1684 2449 non
1693 2428 1728 2448 ex
1740 2419 1826 2462 impo-

1034 2469 1118 2496 tentia
1133 2470 1266 2505 mysterii.
1278 2470 1331 2497 sed,
1344 2473 1455 2504 propter
1472 2473 1583 2504 peccata
1598 2474 1695 2497 eorum
1726 2465 1831 2500 quibus.

1034 2516 1210 2544 incumbebat
1225 2517 1284 2551 ejus
1299 2515 1511 2542 administratio.

1072 2573 1081 2589 1
1095 2563 1299 2591 Ell‘undentium
1314 2561 1484 2597 sanguinem.
1498 2570 1507 2586 ι
1517 2557 1825 2594 Ιίἰετοςοιγιιιωίιιιίᾱοιη

1034 2610 1092 2638 Ιπηο
1105 2610 1263 2645 obtigerunt
1273 2609 1309 2636 ob
1325 2608 1485 2644 sanguinein
1498 2606 1612 2634 Christi.
1625 2604 1655 2633 In
1668 2604 1826 2632 universum

1035 2664 1097 2684 \ero
1124 2656 1190 2684 dicit
1214 2656 1248 2682 dc
1274 2655 1345 2683 his:
1376 2655 1426 2687 Qui
1452 2662 1543 2681 rursus
1562 2653 1634 2680 cruci
1668 2651 1787 2686 inﬂigunt,
1802 2654 1826 2676 et

1033 2703 1145 2731 ostentui
1158 2702 1252 2729 [iubent
1267 2702 1300 2735 ⁸⁵,
1307 2701 1387 2736 quod
1405 2698 1720 2735 redemptionem-semel
1729 2697 1834 2725 iactam.

1035 2755 1085 2784 per
1100 2755 1199 2776 vocum
1211 2747 1348 2775 novitates
1362 2749 1497 2774 evertant.

1072 2837 1105 2865 V.
1124 2837 1167 2864 14.
1197 2846 1207 2863 1
1229 2835 1365 2864 Commoti
1401 2838 1477 2863 sunt.
1494 2843 1503 2860 ι
1523 2833 1552 2860 ln
1579 2830 1690 2860 Christo
1717 2827 1831 2864 quidem
