2052 3150
219 216 272 246 763

756 209 1017 242 OLYMPIODORI
1029 209 1248 240 ALEXANDRI
1254 209 1295 239 NI

1804 203 1858 236 764

222 274 325 308 optimo
339 278 366 300 et
384 273 454 299 Deus
471 271 588 306 punit-it,
606 276 634 298 ct
657 279 708 298 nos
734 271 762 298 in
788 270 949 298 confusione
973 277 1019 296 su-

1087 268 1175 295 ικαίου
1191 268 1280 302 λόγον,
1302 267 1351 294 καὶ
1365 267 1431 298 Θεὸς
1451 267 1654 303 ἐτιμωρήσατο,
1669 265 1719 300 καὶ
1732 265 1815 300 ἡμεῖς
1829 265 1858 291 ἐν

223 329 284 347 mus
300 320 389 350 hodie,
404 319 590 353 captivitatem
604 318 678 352 justo
694 317 874 345 sustinentes.

261 407 290 436 ι’.
310 410 352 436 19.
372 419 381 435 ‹
402 409 434 436 Et
451 410 627 444 vagabantur.
646 419 655 434 ι
673 408 904 442 Prtetcxcbamus,
920 415 1019 436 causas

224 455 423 490 contingentes.
676 489 679 492 _

563 502 639 529 CAP.
660 501 692 528 ll.

261 548 293 574 V.
313 547 356 575 11.
375 557 384 574 ‹
404 546 437 575 Et
464 547 551 575 fecisti
580 548 628 575 tibi
657 555 768 576 nomen.
788 557 796 573 ι
825 547 877 575 Per
901 555 932 576 ea
957 556 1018 583 qtne

227 594 404 622 continenter
430 594 543 630 patrasti
571 595 721 627 mirabilia;
749 595 776 621 in
804 594 917 630 gratiam
944 595 1017 622 enim

229 641 381 676 prophetae,
396 645 425 668 et
439 646 596 668 sanctorum
616 641 737 667 omnium
755 641 825 668 Deus
842 649 896 667 non
918 640 1020 668 desinit

230 687 299 713 mira
324 686 442 719 efﬁcere,
462 686 510 713 sed
540 693 647 721 semper
667 686 694 712 in
721 686 787 721 ipsis
813 685 944 713 mirabilis
965 691 1018 713 est.

230 731 287 759 Nisi
304 733 431 760 ostendat
445 732 532 767 signa,
548 732 722 759 admirationi
738 740 793 759 non
808 736 859 760 est.

267 778 298 806 V.
315 779 358 805 18.
377 787 386 804 ι
407 779 460 805 Sed
475 779 576 806 anima.
593 787 601 804 ι
623 778 716 813 Magna
735 782 844 813 portant
863 786 957 810 onera,
974 779 1019 813 qui

224 832 287 860 Vnon
305 823 472 852 sustinentes
495 829 654 852 curvantur.
670 824 767 851 Anima
788 824 877 859 igitur.
896 824 945 855 ait,
960 831 1020 859 quae

233 869 422 904 iniquitatibus
448 870 591 904 premitur,
621 877 773 905 magnoque
800 877 918 897 maerore
940 877 1021 897 vexa-

236 909 288 946 tur,
301 923 384 942 curva
402 920 429 942 et
446 916 551 942 infirma
569 916 723 943 confitetur.

275 971 284 986 ε
302 962 336 988 Et
348 962 418 988 oculi
436 962 604 990 deficientes.
624 972 633 988 ›
660 963 723 990 Sive
743 963 893 990 secundum
914 970 1024 990 sensum

236 1012 349 1041 propter
372 1008 552 1040 calamitates,
571 1009 616 1036 rvel
639 1010 719 1036 etiam
736 1017 768 1036 ex
792 1009 891 1036 mentis
912 1009 1026 1036 medita-

237 1054 310 1081 tione
330 1054 510 1082 olfuscantur.

273 1099 305 1126 ν.
320 1101 364 1127 24.
386 1109 395 1125 ι
412 1100 448 1127 Ut
469 1100 684 1128 transferrentur
708 1108 771 1128 ossa
797 1108 892 1136 regum
917 1105 1029 1128 nostro-

240 1153 309 1171 rum.
332 1155 341 1171 ›
363 1146 392 1172 ln
409 1145 516 1181 signum
534 1146 617 1173 futuri
640 1146 732 1180 iudicii
753 1150 815 1181 post
835 1150 949 1174 mortem
967 1153 1030 1174 ossa

238 1199 335 1220 eorum
350 1192 443 1220 multa;
457 1193 688 1235 subjiciebantur.

557 1246 633 1274 CAP.
655 1246 700 1274 Ill.

275 1291 307 1318 V.
321 1291 349 1318 5.
369 1300 379 1317 ι
396 1290 464 1323 Quia
481 1296 509 1318 tu
523 1291 603 1319 sedes
617 1291 645 1319 in
659 1292 869 1327 sempiternum.
885 1302 894 1319 ι
914 1293 966 1325 Tu,
980 1293 1030 1326 ait,

240 1336 425 1370 sempiternus
440 1344 480 1370 es,
498 1342 526 1364 et
542 1337 713 1371 dominator;
731 1346 781 1366 nos
797 1343 887 1366 autem
902 1339 1031 1367 mortales

241 1386 269 1409 et
287 1381 363 1409 ﬂuxi.

279 1426 309 1454 V.
329 1428 355 1455 Δ.
377 1436 387 1453 ‹
405 1427 521 1456 Domine
539 1428 730 1464 omnipotens,
748 1429 811 1457 audi
833 1437 909 1457 nunc
929 1429 1032 1457 oratio-

241 1481 304 1500 nem
328 1478 510 1501 mortuorum.
529 1484 538 1500 ι
555 1474 737 1507 Mortuorum,
751 1475 799 1508 ait,
813 1483 907 1503 eorum
923 1476 950 1503 in
964 1484 1033 1510 quos

241 1520 376 1546 sententia
395 1519 447 1547 lata
465 1524 507 1547 est
523 1524 636 1555 propter
652 1525 804 1555 peccatum.
819 1535 855 1540 —
868 1520 957 1548 Verba
975 1521 1034 1548 hau.

243 1565 386 1600 perspicue
402 1566 593 1594 demonstrant
606 1567 838 1594 immortalitatem
853 1567 961 1594 animat.

279 1611 310 1639 V.
327 1612 354 1639 5.
377 1622 387 1638 ‹
409 1612 462 1640 Sed
489 1618 639 1640 memento.
662 1623 671 1639 ι
702 1613 851 1646 Consueta.
881 1614 929 1646 ait,
955 1614 1067 1642 utereC

243 1658 436 1685 miraculorum
463 1659 575 1685 virtute.
598 1658 686 1693 thue
711 1659 829 1687 eduxisli
849 1667 882 1686 ex
904 1659 1030 1694 Egyptn,

243 1704 284 1731 sic
306 1712 321 1732 e
345 1704 481 1740 Babylone
508 1705 602 1732 libera.
618 1704 801 1738 --Qnoniam
829 1706 947 1740 populus
971 1710 1033 1732 tuus

243 1757 274 1776 Sll
280 1756 349 1775 lllllS.

281 1794 313 1820 V.
335 1794 361 1821 8.
384 1803 394 1819 ι
414 1794 482 1821 Ecce
499 1802 550 1822 nos
573 1795 655 1822 hodie
678 1795 705 1822 in
727 1795 883 1830 captivitate
899 1800 1001 1823 nostra.
1022 1805 1030 1822 ι

245 1841 310 1873 Nos,
326 1841 423 1876 inquit,
443 1841 516 1876 ipsos
526 1841 756 1873 examinavimus;
773 1841 871 1868 merito
888 1842 960 1869 enim
983 1849 1033 1869 n0-

244 1887 287 1914 bis
305 1891 458 1914 evenerunt
476 1891 588 1922 propter
601 1895 684 1922 opera
702 1891 810 1922 patrum
827 1891 997 1914 nostrorum.

260 1960 262 1962 .
282 1932 313 1960 V.
331 1933 357 1961 9.
378 1942 386 1958 ι
401 1933 482 1965 Audi,
497 1933 592 1960 Israel.
611 1941 621 1958 ι
642 1933 712 1960 Hinc
735 1933 907 1967 prophetiam
928 1932 1033 1959 Barucb

243 1979 403 2013 exorditur;
421 1987 484 2006 nam
505 1987 565 2014 quae
585 1983 784 2014 praecesserunt
805 1979 897 2012 verba,
913 1978 1035 2013 captivo-

246 2034 306 2052 rum
329 2031 395 2053 sunt
418 2025 520 2057 omnia,
537 2025 583 2060 qui
598 2033 613 2052 e
627 2024 764 2060 Babylone
787 2024 956 2060 scripserant
976 2025 1036 2060 epi—

245 2073 332 2106 stolae,
349 2072 531 2100 confessionis
547 2071 628 2100 modo
641 2071 759 2106 prolata.

281 2160 314 2187 ν.
342 2161 384 2188 ll.
412 2169 423 2186 1
444 2160 616 2190 lnvcterasti.
639 2170 649 2188 ι
677 2160 845 2196 Ρταεεοριιιιη
868 2161 948 2192 vitae.
972 2167 1038 2196 pru-

245 2206 348 2234 dentia.
854 2227 857 2230 .
1004 2211 1010 2216 ν

287 2263 296 2277 ι
316 2251 465 2287 Deputatus
478 2260 518 2280 es.
538 2262 548 2279 ι
565 2253 635 2281 Cum
649 2253 683 2281 iis
695 2253 742 2289 qui
756 2253 804 2281 Dei
821 2254 975 2290 cognitione
991 2260 1038 2282 ca-

249 2302 320 2325 rent.
334 2298 448 2325 —Cum
465 2298 498 2326 iis
510 2298 556 2334 qui
575 2299 665 2327 adhuc
681 2299 841 2327 detinentur
852 2307 868 2326 a
885 2305 986 2328 morte.

285 2344 316 2372 ν.
334 2345 376 2372 l2.
395 2354 405 2370 ‹
424 2345 608 2380 Dereliquisti.
624 2355 634 2372 ι
652 2345 798 2373 Dominum
811 2350 935 2373 nostrum
947 2346 1039 2374 Jesum

248 2390 400 2417 cla-istum.
417 2390 469 2422 Tu,
490 2390 588 2425 inquit,
606 2389 766 2425 ti‘bimetipsi
789 2390 887 2417 horum
907 2390 1040 2417 malorum

249 2440 345 2462 auctor
366 2435 442 2463 fuisti
461 2444 467 2462 ε
488 2443 551 2463 cum
568 2435 642 2463 enim
664 2431 761 2463 ducem
787 2434 865 2470 sequi
886 2435 974 2470 legem
991 2435 1041 2463 de-

252 2479 340 2513 bet-cs,
356 2489 437 2516 quam
453 2481 593 2517 sapientia:
609 2481 670 2509 fons
685 2481 788 2513 intulit,
804 2486 897 2509 secuta
913 2489 943 2509 es
957 2489 1041 2508 vanas

250 2527 440 2562 cogitationes.

293 2573 324 2601 ν.
351 2575 393 2602 15.
420 2583 430 2600 ί
444 2574 483 2610 λιιι
501 2574 542 2602 via
571 2574 629 2602 Dei.
648 2585 658 2601 ι
677 2573 808 2602 Dominus
828 2574 887 2601 ait:
909 2573 965 2609 Ego
984 2582 1042 2600 sum

251 2621 293 2648 υἰιι
311 2620 344 2648 ⁶¹.
369 2619 420 2653 Qui
446 2621 536 2655 itaque
559 2621 594 2648 ad
619 2621 679 2656 ejus
703 2620 883 2648 imitationem
911 2621 1042 2652 ambulat,

251 2667 311 2702 ejus
326 2667 369 2694 via
385 2666 516 2693 ambulat.

289 2713 319 2740 ν.
338 2713 380 2740 Μ.
402 2722 412 2739 ι
433 2712 511 2740 Disce
534 2712 579 2740 ubi
599 2713 635 2740 sit
659 2712 814 2747 prudentia.
837 2721 846 2738 ι
868 2711 1044 2746 Quandoqui-

252 2759 315 2786 dem
330 2757 426 2785 litterae
441 2757 574 2792 adbazres,
595 2758 680 2792 disce,
699 2757 730 2785 in
749 2757 853 2793 Spiritu
868 2762 964 2785 sancto
978 2765 1044 2792 pru-

253 2803 374 2832 dentiam
391 2811 463 2832 esse.

292 2861 301 2876 ι
321 2850 370 2878 Ubi
384 2851 420 2878 sit
432 2836 555 2880 virtus.i
571 2852 649 2880 Nunc
668 2852 760 2887 itaque
774 2859 836 2879 cum
856 2850 883 2879 id
899 2850 974 2885 prius
990 2858 1042 2877 non

290 2941 310 2956 “
326 2940 402 2968 .loan.
418 2949 461 2967 xtv
475 2961 482 2974 ,
497 2939 523 2966 6.

1071 315 1186 350 αἰσχύνῃ
1206 315 1291 350 ἐσμὲν
1314 315 1445 349 σήμερον,
1468 314 1497 340 ἐν
1524 312 1698 349 αἰχμαλωσίᾳ
1722 311 1799 342 ὄντες
1819 310 1859 337 δι-

1072 369 1166 392 καιως.

1109 415 1118 432 ι
1155 407 1210 433 Καὶ
1227 405 1432 441 ὲσχεδιάζομεν.
1463 414 1473 432 ›
1507 402 1752 440 Προὺφασιζόμεοα
1772 402 1860 433 αἰτίας

1071 451 1302 482 ἀναπλάττοντες.
1540 476 1544 481 ,

1395 496 1474 524 ΚΕΦ.
1496 495 1533 523 Β¹.

1112 555 1121 571 ι
1140 544 1196 571 Καὶ
1215 544 1348 579 ἐποίησας
1364 543 1470 579 σεαυτῷ
1483 543 1579 577 ὄνομα.
1593 550 1603 566 ι
1615 539 1694 567 Κατὰ
1705 539 1739 566 τὰ
1751 538 1863 573 διηνεκῆ

1075 600 1120 618 σου
1151 590 1313 625 θαυμάσια-
1338 588 1377 624 τῷ
1401 589 1456 624 γὰρ
1480 588 1607 624 προφήτῃ
1635 586 1684 613 καὶ
1713 586 1781 612 πᾶσι
1808 584 1865 614 τοῖς

1073 637 1163 671 ἁγίοις
1182 637 1212 663 οὐ
1235 635 1412 671 διαλιμπάνει
1433 633 1653 669 θαυματουργῶν
1678 633 1692 658 ὁ
1715 631 1792 663 Θεὸς,
1807 629 1864 657 ἀλλ’

1072 684 1117 710 ἀεὶ
1137 683 1298 718 Θαυμαστὸς
1315 682 1379 718 παρ’
1393 682 1497 713 αὐτοῖς.
1521 680 1552 707 Et
1571 679 1609 715 μὴ
1632 679 1735 713 ποιήσῃ
1750 678 1864 712 σημεῖα,

1073 730 1104 756 οὐ
1122 729 1307 764 θαυμάζεται.

1110 784 1126 800 «-
1136 774 1218 801 Ἀλλὰ
1233 775 1249 809 ή
1263 774 1349 809 ψυχή.
1366 783 1375 800 ι
1393 773 1425 800 Οἱ
1440 771 1547 808 μεγάλα
1562 770 1661 806 φορτία
1674 770 1866 805 βαστάζοντες,

1074 820 1253 851 ἀσθενοῦντες
1269 819 1416 846 κύπτουσι.
1436 816 1519 852 Ψυχὴ
1529 815 1588 849 οὖν,
1610 815 1706 850 φησὶν,
1721 815 1738 849 ἡ
1749 812 1795 840 διὰ
1817 812 1869 844 τὰς

1075 864 1214 901 ἁμαρτίας
1234 863 1404 898 κακουμένη,
1437 862 1485 889 καὶ
1508 860 1626 897 μέγεθος
1645 859 1745 895 ἔχουσα
1766 858 1875 894 λύπης,

1076 912 1221 938 κὺπτουσα
1233 911 1281 938 καὶ
1294 909 1447 937 ἀσθενοῦσα
1460 907 1645 943 ὁμολογεῖται.

1115 967 1124 983 ι
1140 956 1195 983 Καὶ
1208 956 1233 982 oi
1248 954 1384 990 ὀφθαλμοὶ
1403 955 1429 981 οἱ
1451 953 1636 983 ἐκλείποντες.
1660 961 1670 978 ι
1691 949 1754 977 Εἴτε
1771 949 1868 992 αἰσθη-

1076 1002 1131 1035 τῶς
1144 1002 1189 1029 διὰ
1205 1002 1254 1033 τὰς
1270 999 1424 1036 συμφορὰς,
1442 999 1497 1026 εἴτε
1511 998 1559 1025 καὶ
1572 999 1605 1025 ὲκ
1624 997 1675 1032 τῆς
1688 997 1785 1032 νοητῆς
1801 995 1870 1021 θεω-

1080 1049 1140 1085 ρίας
1155 1047 1372 1083 ὰμαυρούμενοι.

1116 1105 1126 1121 ‹
1148 1095 1201 1121 Τοῦ
1213 1093 1389 1128 ἐξενεχθῆναι
1405 1091 1439 1118 τὰ
1458 1090 1525 1117 ὀστᾶ
1539 1089 1671 1125 βασιλέων
1685 1087 1777 1123 ήμῶν.
1796 1096 1806 1113 )
1822 1086 1871 1117 El;

1079 1140 1180 1174 δεῖγμα
1195 1138 1245 1174 τῆς
1266 1137 1419 1173 μελλούσης
1443 1135 1572 1170 κρίσεως,
1603 1133 1674 1168 μετὰ
1690 1131 1818 1168 τελευτήν
1836 1130 1873 1158 τὰ

1079 1184 1148 1211 ὀστᾶ
1159 1182 1249 1210 αὐτῶν
1261 1181 1459 1217 ἐτιμωροῦντο.

1403 1236 1483 1263 ΚΕΦ.
1504 1234 1542 1263 Γ’.
1573 1235 1575 1239 ¹

1119 1292 1129 1310 ι
1154 1284 1217 1310 Ὅτι
1246 1282 1278 1309 σὺ
1303 1280 1458 1316 καθήμενος
1481 1280 1527 1306 τὸν
1551 1279 1648 1306 αίῶνα.
1669 1287 1680 1304 ι
1705 1278 1753 1310 Σὺ,
1779 1276 1872 1312 φησὶν,

1081 1329 1167 1359 ἀίδιος
1182 1326 1207 1355 ei
1221 1328 1269 1355 καὶ
1292 1326 1483 1360 ὲξουσιαστὴς,
1495 1326 1578 1361 ἡμεῖς
1593 1324 1623 1351 δὲ
1638 1323 1731 1358 θνητοὶ
1746 1322 1794 1349 καὶ
1812 1321 1874 1348 ὲπί-

1082 1383 1174 1411 κηροι.

1120 1431 1129 1447 ι
1150 1420 1238 1456 Κύριε
1249 1418 1463 1454 παντοκράτωρ.
1477 1417 1596 1444 ἄκουσον
1610 1416 1643 1451 δή
1655 1416 1704 1451 τῆς
1718 1413 1884 1449 προσευχῆς-

1084 1468 1136 1495 τῶν
1149 1466 1330 1502 τεθνηκότων.
1351 1474 1360 1491 ι
1386 1463 1577 1498 Τεθνηχότων,
1593 1462 1672 1497 (moi,
1687 1461 1743 1488 τῶν
1759 1460 1811 1487 ὑπὸ
1825 1460 1875 1496 τὴν

1082 1514 1221 1548 ἀπόφασιν
1239 1510 1396 1547 γενομένων
1414 1510 1458 1537 διὰ
1480 1509 1529 1544 τήν
1542 1507 1694 1544 ἁμαρτίαν.
1705 1521 1740 1528 -
1752 1505 1877 1539 Ἕδειξεν

1083 1561 1096 1587 ὁ
1109 1559 1189 1594 λόγος
1203 1558 1298 1592 σαφῶς
1313 1557 1364 1592 τῆς
1383 1555 1476 1591 ψυχῆς
1487 1555 1518 1581 τὸ
1533 1554 1679 1582 ἀθάνατον.

1121 1615 1130 1631 ε
1149 1604 1232 1632 Ἀλλὰ
1252 1602 1402 1639 μνήσθητι.
1422 1611 1432 1627 ›
1448 1601 1488 1636 Τῇ
1506 1599 1634 1635 .συνήθει,
1661 1598 1756 1633 φησὶν,
1773 1596 1876 1632 χρῆσαι

1088 1650 1308 1686 Θαυματουργίᾳ,
1322 1649 1371 1676 καὶ
1382 1648 1420 1680 ὡς
1435 1647 1569 1683 ἐξήγαγες
1581 1645 1611 1678 ἐξ
1621 1645 1774 1679 Αἰγύπτου.
1790 1643 1879 1674 οὕτως

1087 1698 1271 1733 ἐλευθέρωσον
1288 1697 1320 1723 ὲκ
1347 1694 1517 1725 Βαῦυλῶνος.
1533 1707 1570 1714 -—
1584 1692 1647 1719 Ὂτι
1668 1691 1714 1723 σδς
1727 1690 1793 1722 λαὸς
1810 1697 1880 1725 χρη-

1090 1743 1250 1780 ματίζομεν.

1127 1799 1136 1815 ι
1168 1789 1234 1815 Ἰδοὺ
1260 1788 1341 1823 ἡμεῖς
1362 1786 1481 1822 σήμερον
1502 1786 1531 1812 ὲν
1557 1785 1591 1820 τῇ
1618 1783 1733 1818 ἀποικίᾳ
1758 1782 1846 1818 ήμῶν.
1866 1790 1877 1807 ι

1096 1836 1225 1867 Ἑαυτοὺς
1236 1855 1243 1867 ,
1261 1834 1354 1870 φησὶν,
1377 1833 1537 1868 ἐκρίναμεν,
1564 1833 1611 1858 καὶ
1626 1829 1824 1865 ἐμεμψάμεθα,
1839 1828 1880 1854 ὅτι

1090 1882 1173 1916 ἀξίως
1186 1882 1274 1915 ἐπέϐη
1289 1880 1356 1915 ἡμῖν
1369 1879 1415 1906 διὰ
1427 1879 1462 1905 τὰ
1477 1878 1547 1913 ἔργα
1559 1877 1614 1903 τῶν
1627 1876 1754 1912 πατέρων
1766 1874 1854 1909 ήμῶν.

1128 1938 1138 1955 ‹
1158 1929 1269 1959 Ἄκουε,
1294 1925 1412 1961 Ἰσραήλ.
1433 1934 1442 1950 ι
1469 1923 1611 1951 Ἐντεῦθεν
1631 1923 1746 1957 ἄρχεται
1774 1928 1881 1955 προφη-

1090 1975 1180 2002 τεύειν
1205 1974 1218 1999 ὸ
1247 1972 1372 2008 Βαρούχ·
1389 1971 1423 1997 τὰ
1449 1971 1504 2005 γὰρ
1530 1968 1749 2004 προηγησάμενα
1773 1967 1882 2002 ῥήματα

1091 2021 1182 2048 πάντα
1201 2020 1250 2054 τῆς
1276 2017 1422 2052 ἐπιστολῆς
1441 2016 1495 2043 τῶν
1517 2014 1700 2050 αἰχμαλώτων
1717 2013 1770 2039 τῶν
1782 2013 1814 2039 ὲκ
1828 2012 1881 2038 Βα-

1091 2067 1176 2098 λῶνος
1192 2064 1401 2092 ἔπεσταλκότων
1423 2063 1507 2095 ἐστὶν,
1526 2061 1566 2099 ᾡς
1578 2060 1801 2095 ἐξομολογήσεως
1815 2058 1883 2093 σχή-

1094 2122 1160 2150 ματι
1167 2112 1378 2148 ,προφερόμενα.

1129 2158 1332 2192 Ἐπαλαιώθης.
1353 2166 1362 2183 ι
1376 2154 1490 2191 Ἐντολὴ
1504 2154 1589 2189 ζωῆς,
1607 2154 1625 2189 ἡ
1641 2152 1784 2188 φρόνησις.

1132 2258 1142 2275 ‹
1159 2243 1390 2283 Προσελογίσθης.
1407 2251 1417 2268 ι
1444 2241 1507 2273 Τοῖς
1529 2239 1668 2275 ἀγνωσίαν
1681 2237 1751 2265 Θεοῦ
1765 2237 1882 2273 ἔχουσιν.

1056 2291 1079 2319 1)
1092 2311 1127 2317 -
1138 2294 1200 2321 Τῶν
1217 2289 1414 2327 κρατουμένων
1428 2288 1467 2314 ἔτι
1483 2288 1536 2314 ὑπο
1546 2286 1594 2313 τοῦ
1612 2285 1740 2313 θανάτου.

1132 2350 1141 2366 ι
1166 2336 1374 2372 Ἑγκατέλιπες.
1391 2344 1400 2360 ι
1416 2334 1468 2360 Τὸν
1481 2333 1584 2368 Κύριον
1600 2332 1679 2367 ήμῶν
1698 2330 1804 2365 Ἰησοῦν
1819 2330 1886 2363 Χριο

1095 2388 1168 2415 στόν.
1190 2383 1296 2418 Σαυτῷ,
1312 2381 1389 2417 φησὶ,
1406 2380 1538 2416 πρόξενος
1551 2378 1647 2413 ἐγένου
1662 2377 1717 2404 τῶν
1740 2377 1885 2412 παρόντων

1094 2432 1197 2461 κακῶν.
1214 2431 1279 2457 Δέον
1293 2428 1349 2463 γάρ
1370 2435 1400 2453 σε
1424 2425 1538 2460 ποδηγῷ
1558 2424 1715 2460 χρήσασθαι
1735 2422 1775 2458 τῷ
1799 2422 1884 2456 νόμῳ,

1093 2478 1123 2505 ὃν
1139 2478 1156 2513 ή
1170 2477 1220 2512 τῆς
1235 2474 1330 2509 σοφίας
1342 2471 1419 2508 πηγὴ
1443 2471 1654 2505 προσενήνοχεν,
1681 2467 1808 2504 ματαίοις
1822 2467 1887 2501 ἡκο-

1094 2523 1230 2559 λοὺθησας
1246 2520 1400 2555 λογισμοῖς.

1134 2581 1142 2596 ι
1164 2557 1204 2605 Τῇ
1219 2567 1271 2603 ὀδῷ
1296 2566 1344 2593 τοῦ
1361 2565 1440 2592 Θεοῦ.
1461 2575 1470 2590 ι
1504 2564 1534 2590 '0
1561 2561 1664 2598 Κύριός
1681 2565 1784 2595 φησιν·
1815 2557 1888 2605 Ἐγώ

1094 2619 1152 2652 εἰμι
1168 2616 1186 2649 ἢ
1208 2614 1288 2646 ὁδός.
1307 2613 1337 2639 ὐ
1349 2611 1397 2638 οὖν
1413 2611 1482 2637 κατὰ
1505 2610 1622 2645 μίμησιν
1636 2604 1888 2655 αὺτοιὶπορευὸμε-

1095 2671 1150 2694 νος,
1166 2662 1199 2696 τῇ
1212 2659 1264 2694 ὸδῷ
1276 2657 1359 2684 αὑτοῦ
1372 2656 1532 2692 πορεύεται.

1137 2718 1147 2734 ι
1166 2706 1244 2734 Μάοε
1261 2704 1312 2731 ποῦ
1334 2704 1392 2730 ἐστι
1409 2702 1551 2737 φρόνησις.
1577 2709 1587 2726 ι
1612 2697 1723 2733 Ἐπειδὴ
1741 2695 1780 2732 τῷ
1795 2695 1888 2731 γράμ-

1100 2762 1165 2790 ματι
1186 2750 1362 2786 κεκόλλησαι,
1389 2747 1459 2784 μάθε
1474 2747 1516 2773 ὅτι
1528 2747 1557 2774 ὲν
1570 2744 1640 2781 ἁγίῳ
1659 2743 1801 2779 Πνεῦματι
1815 2741 1889 2768 ἐστὶν

1099 2802 1115 2837 ἡ
1131 2800 1274 2835 φρόνησις.

1138 2833 1222 2872 cllo-3
1233 2845 1307 2870 ἐστιν
1321 2840 1408 2877 ἰσχύς.
1428 2849 1437 2865 ι
1451 2838 1509 2865 Νῦν
1522 2837 1599 2872 γοῦν,
1615 2836 1763 2872 ἐπειδήπερ
1777 2834 1808 2861 οὐ
1822 2833 1890 2869 πρό-
