2052 3150
261 216 314 248 767

791 217 1052 248 OLYMPIODORI
1079 219 1347 251 ALEXANDRINI

1832 223 1895 256 ’⁸1ῦὸ

261 283 350 305 rantes
363 277 431 305 enim
447 277 492 304 Dei
504 277 648 311 justitiam,
665 281 689 303 et
705 276 842 311 propriam
857 277 966 311 ﬁrmare
977 286 1050 308 qua-

1109 278 1299 313 Ἆτνοοῦντες
1330 278 1386 313 γὰρ
1406 277 1463 312 τὴν
1485 278 1539 305 τοῦ
1567 277 1643 304 Θεοῦ
1675 278 1894 312 δικαιοσύνην,

261 328 356 356 rentes,
371 323 485 358 justitiw
502 323 550 350 Dei
572 331 622 350 non
639 323 805 350 obediuerum
820 323 853 350 θ’.

297 423 307 439 ‹
330 414 519 450 Negotiatores
536 414 646 442 Moram.
667 425 676 441 I
709 415 896 451 Negotiatores
922 424 971 444 eos
1000 425 1050 452 ap-

259 459 351 494 pellat,
368 464 397 486 ut
409 460 583 495 agriculturae
599 461 765 495 inexpertos.
787 461 870 489 Positi
888 463 961 489 enim
979 463 1050 489 \‘ini-

261 509 344 536 tores.
363 505 422 533 loco
438 514 497 533 uva:
514 507 607 541 spinas
624 507 837 534 \‘imlemiarnnt.
857 507 958 535 Meraln
974 516 1049 541 vero.

261 556 287 578 et
303 550 425 578 Theman
446 552 569 580 barbarae
592 557 696 588 gentes,
722 553 755 580 ad
775 561 854 588 quas,
873 553 1002 582 videlicet
1016 555 1050 582 ad

261 597 363 624 ferinus
379 606 479 630 inores,
496 598 718 632 negotiantnrlti
738 599 785 634 qui
801 599 861 627 vitae
875 599 958 635 hujus
972 601 1050 629 vani-

260 650 314 671 tate
328 645 536 678 pertrahuntur.

297 698 306 715 ι
335 689 367 716 Ει
392 689 566 718 fabulatnres.
587 701 596 717 ι
626 691 678 725 Qui
706 693 767 721 loco
791 693 930 728 nnecepti.
949 693 1051 728 Deique

257 734 438 769 iudiciorum,
469 743 614 763 urceornm
650 738 865 774 poculorumque
897 738 1052 766 ablutiones

260 781 409 808 commenti
435 786 510 810 sunt.
530 781 663 809 I‘rzeterea
681 783 826 817 judicium,
847 788 875 811 et
897 783 1052 811 misericor-

259 824 331 852 diam
348 826 386 858 “,
414 825 550 862 ﬁdemque
578 827 756 862 rejicientes.
787 832 862 856 rutas
890 834 1052 864 meritasque

260 869 444 897 decimabant.

298 924 308 940 ‹
329 914 363 942 Ει
387 917 576 951 exquisitores.
604 927 614 943 ι
642 918 693 951 Qui
723 919 904 954 exquirebant
928 921 1051 956 quidem,

259 961 307 988 sed
320 959 531 996 exquisitionem
546 964 696 998 prudenter
706 972 787 1000 agere
800 966 970 994 nesciebant.

304 1015 316 1033 ι
333 1005 410 1034 Viam
429 1013 521 1036 autem
536 1010 677 1044 sapientia:
694 1012 863 1040 nescierunt.
875 1022 885 1038 ι
905 1012 1050 1041 Dominum

261 1051 398 1080 videlicet.

297 1108 306 1125 ι
340 1099 434 1135 Neque
461 1102 668 1129 commemorati
705 1107 770 1130 sunt
805 1104 917 1132 semitas
946 1105 1016 1140 ejus.
1038 1114 1047 1131 ι

259 1145 397 1174 Doctrina:
416 1147 522 1180 modos.

293 1191 325 1218 V.
343 1192 388 1220 24.
409 1202 419 1219 ν
433 1192 456 1220 0
471 1193 657 1228 lsrael,quam
677 1202 772 1229 magna
791 1200 833 1221 est
847 1195 944 1222 domus
963 1196 1020 1223 Dei.
1039 1206 1048 1222 ι

257 1239 387 1271 Ecclesia,
406 1244 433 1266 et
449 1240 568 1275 mysterii
592 1241 670 1268 ratio.
686 1255 721 1260 —
735 1240 805 1274 Quia
833 1249 906 1268 nunc
918 1249 949 1268 ex
974 1247 1051 1277 parte

256 1285 456 1319 cognoscimus,
472 1285 644 1320 cognitioque
667 1285 785 1320 perfecta
808 1294 862 1313 non
879 1291 930 1314 est.
948 1286 1049 1314 Locum

256 1336 321 1356 vero
344 1329 474 1363 pietatem
498 1330 637 1364 appellat:
654 1329 791 1365 ingentem
817 1337 910 1359 autem
939 1336 1051 1368 propter

255 1379 432 1410 augmentum
445 1375 518 1411 quod
530 1383 637 1411 semper
653 1376 680 1404 in
698 1377 796 1405 melius
812 1378 852 1405 ﬁt.

293 1429 302 1446 ι
319 1420 409 1448 Locus
422 1421 613 1456 possessionis.
636 1431 645 1448 ι
664 1422 798 1456 Quoniam
824 1423 945 1451 caelestis
967 1422 1050 1460 Regis

256 1466 386 1502 mysteria
400 1467 534 1496 continet.

294 1513 324 1540 V.
339 1513 384 1540 26.
404 1522 413 1539 ι
430 1513 468 1541 lbi
499 1513 611 1542 luerunt
634 1515 766 1551 gigantes.
784 1524 793 1542 ›
813 1515 852 1543 De
877 1516 1051 1545 daemonibus

255 1559 385 1595 loquitur,
402 1560 449 1595 qui
464 1561 498 1588 ab
513 1560 591 1588 initio
607 1569 659 1588 una
673 1569 735 1589 cum
758 1562 862 1598 angelis
884 1563 1050 1599 enumerati,

1101 325 1150 351 mil
1167 325 1225 358 τὴν
1243 325 1322 352 ἰδίαν
1343 323 1502 358 ζητοῦντες
1521 323 1645 358 στῆσαι,
1659 323 1698 358 τῇ
1714 324 1894 360 δικαιοσύνῃ

1101 370 1155 397 τοῦ
1172 371 1247 398 Θεοῦ
1262 371 1319 405 οὐχ
1337 370 1544 405 ὑπετάγησαν.

1139 426 1149 442 ι
1172 415 1204 443 Ol
1224 416 1342 451 ἔμποροι
1366 416 1416 450 τῆς
1440 416 1565 452 Μεῤῥάν.
1585 425 1595 441 ι
1619 416 1776 450 Ἐμπὸρους
1795 415 1896 448 αὐτούς

1102 471 1170 498 φησι
1196 462 1242 489 διὰ
1266 462 1297 489 τὸ
1325 463 1451 498 ἁπειρεῖν
1481 462 1629 498 γεωργίας.
1656 462 1810 497 Ταχθέντες
1840 463 1894 498 γὰρ

1103 508 1305 544 ἁμπελουργοὶ,
1337 509 1398 535 ἀντὶ
1422 508 1561 543 σταφυλῆς
1580 507 1705 540 ἀκάνθας
1726 508 1894 542 ὲτρὺγησαν.

1101 554 1216 589 Μερῤὰν
1230 553 1260 580 δὲ
1277 554 1324 580 καὶ
1347 552 1457 588 Θαιμὰν
1476 552 1605 588 βάρϐαρα
1621 551 1704 586 φῦλα,
1718 553 1759 583 είς
1775 551 1794 578 ἃ
1808 553 1896 587 ἐμπο-

1103 598 1239 634 ρεύονται,
1258 598 1333 634 ἅπερ
1350 598 1419 625 εἰσὶν
1432 599 1456 625 oi
1469 597 1615 634 θηριώδεις
1629 598 1739 632 τρόποι,
1754 598 1779 624 οἱ
1792 598 1827 633 τῇ
1844 606 1896 632 μα-

1102 645 1224 678 ταιότητι
1236 644 1285 671 τοῦ
1301 644 1360 680 βίου
1369 644 1466 671 τούτου
1479 643 1744 679 συγκαθελκόμενοι.

1142 699 1150 716 ι
1169 690 1224 717 Καὶ
1238 691 1264 717 ot
1281 690 1436 726 μυθολόγοι.
1458 699 1468 716 ι
1497 690 1530 716 Οἳ
1545 689 1607 716 ἀντὶ
1627 689 1749 725 ἐντολῆς,
1763 689 1811 716 καὶ
1835 699 1896 725 κρι-

1103 736 1198 770 μάτων
1231 735 1317 767 Θεοῦ,
1343 736 1520 771 βαπτισμοὺς
1547 735 1687 770 ποτηρίων
1717 735 1766 762 καὶ
1793 735 1896 769 ξεστῶν

1101 782 1322 817 ἐμυθολόγησαν.
1340 783 1402 810 Ἔτι
1413 782 1442 809 δὲ
1457 782 1505 808 καὶ
1527 782 1577 816 τὴν
1589 782 1692 817 κρίσιν,
1705 782 1753 809 καὶ
1765 782 1796 809 τδ
1809 782 1894 813 ἔλεος,

1102 828 1151 855 καὶ
1164 828 1215 864 τὴν
1227 829 1320 855 πίστιν
1339 827 1542 863 ἀπωθούμεναι,
1567 829 1681 863 πήγανα
1702 829 1750 855 καὶ
1771 828 1897 864 ἡδύοσμα

1102 873 1327 901 ἁπεδεκάτωσαν.
1524 875 1527 877 ”

1141 928 1151 946 ι
1179 920 1235 946 Καὶ
1256 920 1282 946 οἱ
1301 919 1462 954 ὲκζητηταί.
1484 928 1493 944 ι
1512 918 1544 945 Οί
1567 918 1748 953 ὲκζητοῠντες
1773 919 1834 954 μὲν,
1857 919 1896 954 μὴ

1102 966 1203 998 εἰδότες
1217 965 1246 992 δὲ
1261 965 1381 997 συνετῶς
1398 965 1446 1000 τὴν
1463 965 1581 1000 ζήτησιν
1593 965 1742 992 ποιεῖσθαι.

1141 1019 1150 1036 ι
1176 1009 1251 1036 ὐδδν
1276 1009 1305 1036 δὲ
1330 1009 1426 1044 σοφίας
1445 1010 1497 1037 οὐκ
1521 1010 1660 1044 ἔγνωσαν.
1683 1020 1692 1037 ν
1712 1010 1766 1036 Τὸν
1794 1009 1897 1045 Κύριον

1101 1056 1236 1092 δηλονότι.

1140 1111 1150 1128 ι
1171 1102 1239 1129 Οὐδὲ
1263 1101 1443 1138 ἐμνήσθησαν
1457 1101 1507 1133 τὰς
1533 1100 1646 1136 τρίϐους
1671 1100 1768 1136 αὐτῆς.
1788 1109 1798 1127 ι
1815 1100 1897 1133 -Τοὺς

1100 1147 1220 1183 τρόπους
1234 1147 1285 1182 τῆς
1300 1147 1488 1180 διδασκαλίας.
1742 1157 1744 1159 ·

1140 1205 1149 1220 ι
1172 1193 1208 1221 Ὦ
1231 1194 1355 1230 Ἰσραὴλ,
1374 1195 1414 1226 ὡς
1436 1195 1525 1229 μέγας
1548 1191 1648 1224 ὸοῐκος
1667 1192 1715 1220 τοῦ
1733 1193 1813 1220 Θεοῦ.
1832 1202 1842 1219 ι
1864 1193 1896 1219 'll

1100 1240 1250 1275 Ἐκκλησία
1262 1260 1270 1272 ,
1292 1240 1340 1266 καὶ
1353 1239 1367 1266 ὁ
1386 1239 1435 1266 τοῦ
1458 1239 1614 1275 μυστηρίου
1628 1239 1718 1274 λόγος.
1735 1253 1771 1258 -
1785 1238 1897 1272 Ἐπειδὴ

1101 1286 1148 1313 νῦν
1163 1287 1195 1312 ὶκ
1210 1286 1311 1321 μέρους
1328 1285 1512 1320 γινώσκομεν,
1530 1285 1578 1312 καὶ
1600 1284 1679 1312 οὔπω
1693 1285 1743 1320 τῆς
1766 1283 1896 1318 γνώσεως

1101 1333 1131 1359 τὸ
1147 1332 1261 1359 τέλειον.
1286 1332 1374 1359 Τόπον
1391 1331 1419 1358 δὲ
1438 1332 1517 1358 καλεῖ
1532 1332 1582 1367 τὴν
1595 1331 1737 1358 εὐσέϐειαν
1749 1340 1757 1348 ν
1771 1330 1898 1367 ἐπιμήκη

1101 1375 1129 1403 δὲ
1140 1375 1186 1402 διὰ
1196 1375 1246 1410 τὴν
1257 1376 1301 1402 ἀεὶ
1317 1375 1366 1402 ἐπὶ
1380 1376 1410 1402 τὸ
1425 1377 1550 1411 κρεῖττον
1561 1375 1689 1412 αῡξησιν.

1141 1430 1150 1448 ι
1176 1421 1207 1449 '0
1222 1421 1304 1454 τόπος
1316 1422 1366 1456 τῆς
1376 1423 1513 1457 κτήσεως.
1531 1431 1542 1448 ι
1561 1422 1622 1449 Ὅτι
1635 1422 1800 1457 ἐπουρανίου
1818 1422 1897 1457 βασι-

1101 1467 1170 1499 λέως
1184 1468 1321 1503 μυστήρια
1337 1467 1471 1502 περιέχει.

1139 1521 1148 1538 ι
1168 1513 1243 1539 Ἐκεῖ
1268 1512 1442 1548 ἐγενήθησαν
1460 1513 1486 1540 οἱ
1502 1513 1641 1548 γίγαντες.
1664 1522 1674 1540 ι
1696 1513 1764 1550 Περὶ
1773 1513 1829 1540 τῶν
1840 1513 1898 1540 δαι-

1104 1558 1193 1595 μόνων
1207 1559 1300 1593 φησὶν,
1318 1559 1360 1585 ὃτι
1383 1559 1431 1585 ἀπ’
1451 1559 1540 1595 ἀρχῆς
1558 1561 1627 1595 μετὰ
1638 1559 1693 1585 τῶν
1706 1559 1831 1594 ἀγγέλων
1850 1568 1900 1586 τα-

255 1605 365 1641 propria
383 1606 535 1634 temeritate
548 1614 564 1634 a
578 1607 681 1634 caelesti
695 1607 814 1635 culmine
827 1607 964 1635 deturbati
974 1611 1052 1635 sunt.

1102 1604 1208 1638 γέντες,
1222 1604 1253 1637 ἐξ
1268 1605 1398 1637 ἀϐουλίας
1415 1605 1475 1638 τῶν¹
1486 1606 1622 1641 οὐρανίων
1634 1605 1737 1640 ἀψίδων
1751 1606 1899 1640 ἐκϐέϐλην-

255 1651 392 1679 Nominati
416 1656 518 1685 autem,
541 1652 670 1687 quoniam
701 1655 735 1681 de
758 1653 811 1680 illis
837 1653 1050 1688 praenuntiatum

256 1697 345 1725 fuerat
363 1707 369 1725 :
383 1702 486 1726 statura
503 1699 567 1725 item
581 1706 688 1734 magna,
701 1703 834 1734 tanquam
847 1699 971 1726 fastuosi.

295 1753 305 1770 ι
320 1744 444 1772 Scientes
460 1744 572 1772 bellum.
597 1754 606 1770 ι
633 1744 737 1781 lndigui
758 1746 831 1773 enim
857 1753 923 1781 pace
948 1745 1050 1774 Christi

257 1791 414 1819 maluerunt
430 1791 531 1819 bellum
543 1796 572 1819 et
582 1791 730 1824 daemones,
743 1796 770 1819 et
787 1792 918 1820 lucretici.

293 1879 324 1907 V.
339 1879 386 1908 ‘29.
400 1890 409 1906 ι
423 1880 491 1914 Quis
504 1880 628 1909 ascendit
639 1881 664 1908 in
674 1882 793 1909 coelum?
809 1891 818 1907 ›
833 1882 1052 1917 Sicutscriptum

257 1931 299 1954 est
310 1935 318 1954 :
331 1926 390 1953 Non
400 1927 470 1962 quod
489 1935 535 1954 nos
552 1927 635 1954 Deum
648 1927 828 1960 dilexerimus,
843 1928 888 1955 sed
905 1929 974 1963 quod
996 1929 1052 1962 ipse

257 1972 350 2000 diluit
365 1981 411 2000 nos
427 1974 476 2006 η’,
487 1977 514 2001 ct
531 1981 592 2001 cum
608 1973 759 2007 dilexisset,
777 1974 914 2002 inclinavit
924 1975 1010 2008 caelos,
1027 1981 1052 2004 et

259 2019 391 2046 descendit
405 2019 440 2046 "‘.

295 2065 326 2092 V.
343 2065 387 2094 50.
404 2075 413 2092 ι
428 2065 495 2099 Quis
511 2065 706 2094 transfretavit.
725 2075 734 2092 ι
751 2066 890 2099 Dominus,
901 2067 948 2102 qui
964 2067 1051 2095 dixit:

258 2112 396 2146 Canftdite,
410 2121 455 2147 ego
467 2113 517 2139 vici
527 2113 654 2149 mundum
668 2114 701 2139 ".
717 2113 796 2140 Solus
808 2113 881 2141 enim
895 2113 953 2149 ipse
963 2119 1053 2142 trans-

259 2159 333 2184 navit
363 2162 514 2192 peecatum.
536 2159 604 2186 lllud
627 2166 701 2192 vero,
724 2160 821 2186 invenit
847 2160 934 2191 illam.
959 2165 1000 2188 est
1021 2169 1054 2188 ac

260 2204 283 2231 si
299 2204 419 2232 diceret:
434 2203 559 2232 Ostendit
575 2205 654 2233 nobis
667 2206 804 2240 quomodo
831 2206 1005 2234 inveniamus
1021 2206 1053 2234 il-

261 2249 324 2276 lam.

299 2303 308 2320 ι
323 2293 356 2322 Et
366 2294 460 2322 allcret
469 2303 538 2323 eam.
557 2305 565 2322 I
587 2296 720 2329 Quoniam
734 2296 867 2331 sapientia
884 2305 966 2325 omne
991 2306 1053 2333 pre-
1069 2287 1090 2314 θ

261 2341 327 2368 tium
341 2347 469 2377 superat:
487 2342 600 2377 mystico
624 2350 689 2370 vero
704 2350 796 2373 sensu,
809 2350 907 2369 aurum
935 2343 1053 2371 electum

261 2392 302 2415 est
319 2387 396 2420 ﬁdes,
411 2395 460 2423 per
474 2397 554 2424 quam
572 2388 669 2415 Filium
683 2388 883 2423 cognoscimus.

298 2442 308 2459 ι
324 2434 383 2461 Non
398 2439 440 2462 est
453 2435 499 2470 qui
519 2434 587 2462 sciat
601 2435 671 2461 viam
686 2434 755 2469 ejus.
773 2443 781 2459 ι
798 2433 826 2461 Si
841 2434 904 2470 quis
917 2434 990 2462 enim
1003 2436 1055 2463 ali-

261 2477 324 2512 quid
339 2486 420 2506 nosse
431 2479 548 2512 videtur,
565 2479 687 2507 nondum
702 2479 778 2508 novit
802 2480 841 2507 uti
864 2488 945 2509 nosse
973 2489 1056 2517 opor-

263 2528 311 2558 tet,
325 2533 376 2553 nec
391 2526 437 2560 qui
451 2527 598 2562 excogitet.

300 2580 309 2597 ι
326 2570 456 2599 Semitam
466 2571 537 2607 ejus.
558 2581 568 2598 ι
591 2572 742 2604 Doctrinas.
762 2573 901 2602 vaticinia.

298 2660 330 2688 Υ.
341 2661 387 2689 52.
405 2670 415 2687 ι
433 2660 486 2689 Sed
495 2662 545 2697 .qui
559 2663 611 2690 scit
627 2662 729 2690 omnia.
746 2672 755 2688 ι
771 2662 852 2690 Solus
867 2671 987 2699 namque
1003 2664 1056 2691 Pa-

263 2711 306 2734 ter
322 2706 420 2738 Filium
437 2708 522 2735 novit.
970 2702 973 2703 ⁷

302 2762 312 2780 ι
327 2753 474 2780 Adinvenit
489 2761 559 2781 eam.
581 2763 591 2779 ι
609 2753 815 2783 Patefecitvero
834 2756 909 2783 illum
931 2760 959 2784 et
975 2757 1056 2785 nobis

266 2807 314 2834 per
327 2799 437 2834 sapiens
452 2799 648 2828 incarnationis
660 2802 829 2836 mysterium.

303 2854 312 2870 ι
331 2844 381 2878 Qui
402 2846 573 2881 praeparavit.
591 2857 600 2873 ι
621 2847 659 2874 Ad
675 2847 803 2880 litteram,
816 2849 888 2883 quod
904 2857 952 2884 per
970 2849 1058 2877 incar-

309 2947 330 2962 “
352 2947 430 2975 Rom,
446 2956 472 2980 χ,
488 2956 527 2975 tu.

1101 1659 1157 1678 ται.
1172 1651 1336 1686 Ὀνομαστοὶ
1350 1651 1389 1684 δὲ,
1409 1652 1505 1687 ἐπειδὴ
1520 1652 1751 1688 προκατηγγέλοη
1770 1653 1834 1688 περὶ
1847 1652 1898 1679 αὺ-

1100 1698 1155 1725 τῶν
1167 1706 1174 1713 ⁶
1189 1698 1348 1734 εὐμεγέθεις
1360 1699 1399 1731 δὲ,
1413 1699 1451 1730 ὡς
1468 1699 1632 1734 ὑπέρογκοι.

1137 1754 1146 1771 ι
1169 1745 1366 1779 Ἐπιστάμενοι
1388 1745 1518 1781 πόλεμον.
1539 1755 1548 1772 ι
1571 1746 1628 1781 Τῆς
1647 1745 1702 1780 γὰρ
1723 1745 1836 1781 εἰρήνης
1850 1745 1899 1772 τοῦ

1102 1791 1222 1826 Χριστοῦ
1234 1791 1340 1824 ἀνάξιοι
1352 1791 1428 1823 ὀντες
1439 1811 1448 1825 ,
1460 1791 1578 1828 πόλεμον
1590 1792 1715 1828 ἤσκησαν
1732 1791 1789 1818 οῖτε
1801 1791 1900 1827 δαίμο-

1102 1845 1156 1870 νες,
1171 1839 1220 1864 καὶ
1231 1839 1255 1864 οἱ
1269 1839 1415 1873 αίρετικοί.

1140 1893 1150 1909 ι
1170 1884 1218 1916 Τίς
1232 1884 1315 1919 ἀνέϐη
1327 1885 1368 1915 εἰς
1381 1885 1426 1911 τὸν
1437 1883 1569 1918 οὐρανόν;
1585 1891 1594 1908 ι
1610 1882 1709 1914 Καθὼς
1720 1882 1879 1917 γέγραπται
1890 1890 1898 1898 ·

1104 1930 1166 1964 Οὐχ
1183 1930 1228 1957 ὅτι
1250 1930 1337 1965 ἡμεῖς
1356 1929 1562 1964 ἠγαπήσαμεν
1582 1928 1638 1955 τὸν
1657 1928 1734 1955 Θεὸν
1746 1948 1753 1960 ,
1769 1929 1838 1954 ἀλλ’
1854 1928 1901 1954 ὅτι

1103 1977 1196 2008 αὐτὸς
1210 1976 1371 2010 ἠγάπησεν
1382 1975 1462 2010 ἡμᾶς
1479 1975 1528 2002 καὶ
1547 1975 1834 2017 ἀγαπήσας-ἔκλινεν
1849 1975 1905 2000 οὺ-

1099 2022 1215 2057 ρανοὺς
1229 2023 1278 2049 καὶ
1292 2021 1414 2055 κατέϐη.

1141 2078 1150 2094 ι
1168 2068 1215 2100 Τίς
1231 2068 1320 2104 διέϐη.
1343 2077 1351 2094 ι
1380 2067 1409 2094 '0
1426 2068 1529 2103 Κύριος
1540 2067 1642 2099 εἰπὼν.
1658 2065 1819 2100 Θαρσεῖτε,
1843 2065 1903 2100 ἐγὼ

1103 2114 1251 2148 νενίκηκα
1271 2114 1326 2140 τὸν
1339 2113 1467 2146 κόσμον.
1483 2113 1572 2145 Μόνος
1590 2113 1645 2149 γὰρ
1664 2112 1747 2144 αὐτὸς
1760 2111 1837 2147 διέϐη
1851 2111 1904 2147 τὴν

1103 2160 1251 2196 ἁμαρτίαν.
1267 2160 1305 2187 Τὸ
1317 2161 1356 2192 δὲ,
1368 2158 1466 2194 Εὗρεν
1481 2160 1590 2195 αὐτὴν,
1602 2159 1663 2186 ἀντὶ
1670 2160 1729 2192 τοῦ,
1745 2158 1905 2190 ’Υπέδειξεν

1104 2209 1170 2244 ἡμῖν
1181 2208 1272 2243 εὑρεῖν
1292 2207 1388 2245 αὑτῇν.

1143 2307 1152 2323 ι
1172 2297 1226 2324 Καὶ
1238 2297 1307 2323 οἴσει
1319 2295 1417 2331 αὑτήν.
1438 2304 1447 2321 ι
1463 2295 1526 2322 Ὀτι
1536 2295 1672 2330 ἀτίμητος
1684 2295 1701 2330 ἠ
1716 2293 1808 2328 σοφία.
1828 2288 1905 2329 Πρῆς

1102 2342 1132 2369 δὲ
1150 2341 1279 2373 διάνοιαν,
1295 2339 1408 2376 χρυσίον
1423 2340 1552 2367 ἐκλεκτὸν
1568 2341 1585 2376 ἡ
1599 2340 1702 2372 πίστις,
1717 2339 1753 2366 δι’
1772 2336 1806 2375 ἧς
1821 2338 1906 2373 γινώ-

1104 2396 1207 2423 σκομεν
1220 2387 1265 2414 τὸν
1279 2386 1355 2413 Υἱὸν.

1142 2433 1164 2459 ι’
1177 2433 1234 2460 Οὐκ
1247 2432 1321 2459 ἐστιν
1332 2433 1346 2459 ὁ
1366 2430 1511 2466 γινώσκων
1525 2431 1575 2466 τὴν
1595 2430 1654 2457 ὁδὸν
1669 2429 1766 2465 αὐτῆς.
1785 2438 1794 2455 ι
1811 2429 1846 2456 Et
1861 2438 1906 2460 τις

1106 2480 1161 2514 γὰρ
1187 2479 1261 2506 δοκεῖ
1287 2478 1437 2513 ἐγνωκέναι
1470 2486 1508 2510 τι,
1541 2476 1619 2504 οὕπω
1646 2477 1717 2511 ἔγνω
1745 2475 1837 2507 καθὼς
1864 2475 1907 2502 δεῖ

1109 2526 1222 2561 γνῶναι.

1147 2582 1156 2598 ι
1178 2572 1234 2607 Τὴν
1250 2571 1343 2607 τρίϐον
1354 2571 1453 2606 αὐτῆς.
1471 2580 1480 2597 ι
1497 2570 1552 2602 Τὰς
1569 2568 1756 2601 διδασκαλίας,
1773 2567 1824 2599 τὰς
1837 2576 1907 2604 προ-

1108 2619 1234 2654 φητείας.

1145 2675 1154 2690 ι
1176 2664 1274 2691 Ἃλλ⁹ὁ
1291 2662 1368 2694 εἰδὼς
1389 2662 1425 2688 τὰ
1445 2661 1546 2689 πάντα.
1568 2669 1577 2686 ι
1598 2661 1688 2692 Μόνος
1704 2659 1759 2695 γὰρ
1780 2659 1795 2685 ὁ
1808 2658 1906 2695 Πατὴρ

1108 2711 1236 2745 γινώσκει
1254 2710 1300 2736 τὸν
1318 2709 1392 2735 Υἱόν.

1149 2765 1158 2781 ι
1180 2755 1306 2790 Ἐξεῦρεν
1331 2753 1429 2789 αὑτήν.
1450 2762 1459 2778 ι
1476 2752 1482 2762 ’
1500 2751 1683 2786 Εςξανέρωσεν
1707 2750 1735 2776 δὲ
1757 2749 1840 2777 αὐτὸν
1857 2751 1906 2776 καὶ

1107 2802 1172 2836 ἡμῖν
1185 2801 1230 2827 διὰ
1244 2799 1291 2827 τοῦ
1305 2799 1388 2834 σοφοῦ
1401 2799 1451 2833 τῆς
1467 2798 1704 2833 ὲνανθρωπήσεως
1721 2794 1886 2832 μυστηρίου.

1147 2858 1155 2874 ι
1179 2847 1208 2874 '0
1221 2847 1437 2878 κατασκευάσας.
1458 2855 1468 2871 ι
1484 2845 1555 2881 Πρὸς
1574 2844 1622 2880 μὲν
1636 2843 1667 2870 τὺ
1686 2844 1767 2879 ῥητὸν
1779 2863 1787 2876 ,
1804 2843 1845 2870 ὅτι
1860 2842 1907 2870 διὰ

577 2948 598 2963 ευ
613 2947 707 2974 Matth.
723 2954 798 2980 nni,
819 2948 863 2975 25.
903 2948 935 2963 ⁵⁵⁸
951 2948 960 2975 1
978 2947 1054 2976 Joan.
1075 2957 1111 2981 IV,
1126 2947 1166 2975 l0.
1206 2947 1227 2964 ⁷ο
1242 2947 1312 2974 Psal.
1333 2938 1396 2979 ινιι,
1414 2945 1454 2973 10.
1493 2945 1512 2962 ⁷¹
1527 2945 1606 2973 Joan.
1625 2943 1735 2977 xvt,55.
