2052 3150
231 217 283 246 763

768 212 1029 244 OLYMPIODORI
1041 211 1307 242 ALEXANDRINI

1817 207 1871 239 764

233 274 337 308 optimo
351 279 378 300 et
395 274 466 300 Deus
483 273 600 307 punivit,
618 278 646 300 et
668 280 720 300 nos
746 273 774 300 in
800 272 961 300 confusione
985 280 1031 299 su—

1094 271 1188 297 ltxalou
1203 270 1292 305 λόγον,
1315 269 1362 296 καὶ
1376 269 1443 300 θεὸς
1463 269 1667 306 ἐτιμωρήσατο,
1681 269 1731 303 καὶ
1744 269 1827 304 ἡμεῖς
1841 270 1871 295 ἐν

235 329 295 347 tnus
312 320 402 351 hodie,
416 320 602 354 captivitatem
615 320 689 354 justo
706 319 886 347 sustinentes.

272 407 302 436 γ.
322 410 364 437 19.
384 419 393 436 ‹
413 410 447 437 Ει
463 411 639 446 vagabantur.
658 421 667 436 ι
685 410 916 444 Ρπιεῑοκοῇοηιυε,
931 418 1031 438 causas

235 456 434 491 contingentes.

575 503 651 530 CAP.
671 503 704 530 ll.

273 548 305 575 V.
324 547 367 575 11.
386 558 396 575 ι
416 547 449 576 Et
475 549 563 576 fecisti
592 549 639 576 tibi
669 557 779 578 nomen.
799 559 808 575 ι
836 550 888 576 Per
912 558 943 578 ea
969 558 1029 585 qme

238 595 415 623 continenter
442 595 555 630 patrasti
583 595 733 628 mirabilia;
761 596 787 623 in
816 596 929 632 gratiam
955 597 1028 625 enim

240 641 393 676 prophetat,
408 646 434 668 et
451 646 607 669 sanctorum
628 642 748 668 omnium
767 642 836 670 Deus
854 650 907 669 non
930 643 1031 670 desinit

242 687 310 713 mira
335 687 454 720 edicere,
474 687 522 714 sed
552 694 660 721 semper
679 688 705 714 in
732 687 798 722 ipsis
825 687 956 715 mirabilis
977 692 1029 715 est.

242 731 298 759 Nisi
315 733 442 760 ostendat
456 733 543 769 signa.
560 733 734 760 admirationi
750 741 804 760 non
819 738 871 761 est.

278 779 310 806 V.
327 779 369 805 18.
389 787 398 804 ε
419 779 471 806 Sed
486 779 587 806 anima.
603 788 613 804 ι
634 778 728 814 Magna
746 783 856 814 portant
874 787 969 811 onera,
985 780 1030 814 qui

236 832 298 859 ‘non
316 824 483 852 sustinentes
505 830 666 852 curvantur.
681 826 778 853 Anima
799 825 888 861 igitur,
907 826 956 857 ait,
971 833 1031 860 quae

245 869 433 904 iniquitatibus
461 870 602 905 premitur,
632 879 784 906 magnoque
811 879 929 899 maerore
951 879 1032 899 vexa-

247 909 299 947 tur,
312 923 396 942 curva
413 921 440 942 et
457 916 562 943 iniirma
581 914 734 944 confitetur.

286 971 294 987 ι
313 962 347 988 Et
359 962 429 989 oculi
446 962 616 991 deficientes.
635 973 644 989 ι
671 964 734 992 Sive
754 964 904 992 secundum
925 972 1035 991 sensum

247 1012 360 1041 propter
383 1008 562 1041 calamitates,
582 1010 626 1036 vel
650 1010 730 1037 etiam
747 1018 779 1037 ex
803 1009 902 1037 mentis
923 1010 1037 1037 medita-

248 1054 321 1081 tione
341 1054 521 1082 oliuseantur.

284 1099 316 1126 ν.
331 1101 375 1127 24.
397 1110 406 1125 ι
423 1100 459 1128 Ut
480 1101 694 1129 transferrentur
719 1109 782 1129 ossa
808 1110 903 1137 regum
928 1106 1040 1129 nostro-

251 1153 320 1171 rum.
343 1155 352 1171 ι
373 1146 403 1172 in
419 1145 527 1181 signum
545 1147 628 1174 futuri
651 1147 743 1181 iudicii
763 1152 825 1183 post
846 1152 959 1175 mortem
978 1155 1040 1175 ossa

249 1199 346 1219 eorum
361 1193 453 1221 multae
468 1193 696 1228 subjiciebantur.

567 1247 643 1275 CAP.
666 1247 711 1275 ΙΙΙ.

286 1291 318 1318 ν.
331 1291 360 1318 5.
380 1301 390 1318 ι
407 1291 475 1324 Quia
491 1297 520 1319 tu
533 1293 613 1320 sedes
627 1293 655 1320 in
670 1293 879 1329 sempiternum.
895 1303 905 1321 ι
925 1295 976 1327 Τυ,
991 1295 1041 1328 ait,

251 1337 436 1371 sempiternus
451 1345 491 1371 es,
509 1343 536 1366 et
552 1339 724 1372 dominator;
741 1347 792 1368 nos
807 1345 897 1368 autem
912 1341 1041 1369 mortales

251 1387 280 1409 et
298 1382 374 1410 ﬂuxi.

289 1427 320 1455 V.
339 1429 366 1455 4.
387 1437 397 1454 ι
415 1428 531 1456 Domine
549 1429 740 1465 omnipotens,
758 1430 821 1458 audi
843 1439 919 1458 nune
939 1431 1043 1459 oratio-

252 1482 314 1501 nem
338 1479 521 1502 mortuorum.
539 1485 548 1502 ι
565 1475 747 1509 Mortuorum,
761 1477 808 1510 ait,
823 1485 917 1505 eorum
933 1477 960 1505 in
975 1485 1043 1512 quos

251 1521 386 1547 sententia
405 1521 457 1548 lata
475 1524 518 1549 est
533 1525 646 1556 propter
661 1526 814 1556 peccatum.
829 1537 865 1542 —
878 1522 967 1549 Verba
985 1523 1043 1550 hau.

253 1566 395 1600 perspicue
412 1567 602 1594 demonstrant
616 1567 848 1595 immortalitatem
863 1568 971 1596 anim-.e.

289 1611 320 1639 V.
337 1613 364 1640 5.
387 1622 397 1639 ‹
418 1613 472 1640 Sed
499 1619 648 1641 memento.
672 1624 681 1640 ι
712 1614 861 1647 Consueta,
891 1615 940 1647 ait,
964 1616 1077 1643 utereC

254 1657 446 1685 miraculorum
472 1659 584 1686 virtute.
608 1659 696 1694 thue
720 1660 838 1688 eduxiin
858 1669 892 1687 ex
914 1660 1040 1696 Egypt»,

253 1704 294 1731 sic
316 1712 331 1731 e
355 1704 490 1740 Babylone
517 1705 612 1733 libera.
628 1705 811 1739 —Qnoniam
839 1708 956 1742 populus
980 1711 1043 1734 tuus

254 1756 359 1775 SllIHIIS.

291 1793 323 1820 V.
345 1794 370 1820 8.
394 1803 404 1819 ‹
423 1794 491 1821 Ecce
509 1803 559 1822 nos
582 1795 664 1823 hodie
687 1795 715 1822 in
737 1796 892 1831 captivitate
909 1802 1011 1825 nostra.
1031 1807 1040 1824 ι

255 1840 320 1873 Nos,
336 1840 433 1875 inquit,
452 1840 525 1876 ipsos
536 1841 766 1874 examinavimus;
783 1843 880 1870 merito
898 1840 970 1870 enim
992 1851 1043 1870 no-

254 1886 297 1914 bis
315 1892 467 1914 evcnerunt
485 1892 598 1922 propter
611 1895 694 1923 opera
712 1892 819 1923 patrum
837 1893 1006 1916 nostrorum.

292 1932 323 1960 V.
341 1933 367 1961 9.
387 1942 396 1958 ι
411 1933 492 1965 Audi,
507 1933 601 1960 Israel.
621 1942 630 1959 ι
652 1933 722 1961 llinc
745 1934 916 1968 prophetiam
937 1933 1043 1961 Daruch

252 1979 413 2012 exorditur;
431 1987 493 2006 nam
515 1987 575 2014 quae
595 1984 793 2014 prmeesserunt
814 1980 907 2013 verba,
923 1979 1044 2015 captivo-

255 2033 315 2052 rum
339 2030 404 2053 sunt
428 2025 530 2057 omnia,
547 2025 593 2060 qui
608 2033 623 2052 e
637 2025 774 2061 Babylone
796 2025 965 2061 scripserant
985 2026 1045 2062 epi-

254 2073 342 2106 stolas,
358 2072 541 2100 confessionis
556 2072 638 2100 modo
651 2072 768 2107 prolata.

291 2160 323 2188 V.
351 2161 393 2189 ΙΙ.
421 2170 432 2187 ‹
453 2161 626 2191 lnveterasti.
649 2171 659 2188 ι
687 2160 855 2196 Praeceptum
877 2161 958 2194 vitae,
981 2169 1047 2197 pru-

253 2207 356 2235 dentia.
864 2229 866 2232 .
1013 2213 1019 2217 ·

295 2265 304 2279 ι
324 2253 474 2289 Deputatus
487 2262 527 2282 es.
547 2263 557 2281 ι
573 2254 644 2282 Cum
659 2254 692 2282 iis
704 2254 751 2290 qui
765 2255 812 2283 Dei
830 2255 985 2291 cognitione
1000 2263 1047 2283 ca-

257 2304 328 2326 rent.
342 2314 377 2319 —
388 2299 457 2327 Cum
473 2299 506 2327 iis
519 2299 565 2335 qui
583 2301 674 2328 adhuc
690 2301 850 2328 detinentur
862 2309 877 2328 a
895 2306 995 2329 morte.

293 2345 324 2373 ν.
342 2347 384 2373 12.
404 2355 413 2371 ι
432 2346 617 2381 Dcreliquisti.
633 2357 643 2373 ι
661 2346 807 2374 Dominum
820 2352 944 2375 nostrum
955 2347 1049 2375 Jesum

257 2390 408 2418 Christum.
426 2391 477 2423 Tu,
498 2391 597 2427 inquit,
614 2391 774 2426 ti‘bimetipsi
797 2391 895 2418 horum
916 2391 1049 2419 malorum

259 2440 354 2463 auctor
375 2436 451 2464 fuisti
470 2445 476 2463 :
497 2444 558 2464 cum
577 2436 650 2464 enim
672 2432 770 2464 du'cem
795 2436 873 2471 sequi
895 2436 983 2471 legem
1000 2436 1050 2463 de-

261 2478 348 2512 beres,
364 2490 445 2516 quam
462 2483 602 2518 sapientia:
617 2482 678 2510 fons
694 2483 797 2514 intulit,
813 2487 910 2519 secuta
922 2490 952 2510 es
966 2490 1050 2510 vanas

259 2526 449 2562 cogitationes.

302 2573 333 2600 ν.
360 2575 402 2602 15.
429 2584 438 2600 ι
452 2575 491 2611 _ln
510 2575 551 2602 via
579 2575 637 2603 Dei.
657 2586 666 2602 ι
685 2575 816 2603 Dominus
836 2575 896 2603 ait:
918 2575 973 2610 Ego
993 2584 1051 2602 sum

260 2621 302 2647 via
320 2619 353 2647 ".
378 2619 429 2653 Qui
454 2621 544 2655 itaque
568 2622 602 2649 ad
627 2622 687 2657 ejus
712 2621 891 2649 imitationem
919 2622 1051 2654 ambulat,

260 2667 320 2702 ejus
335 2666 378 2693 via
394 2666 525 2693 ambulat.

297 2713 327 2740 V.
346 2713 389 2740 Μ.
411 2721 420 2738 ι
442 2712 520 2739 Disce
543 2714 588 2740 ubi
608 2713 643 2741 sit
667 2714 823 2749 prudentia.
845 2723 854 2739 ι
876 2713 1053 2747 Quandoqui-

260 2759 323 2786 dem
339 2757 436 2784 Iittera:
450 2756 583 2791 adhaereat,
603 2758 688 2793 disce,
707 2759 738 2787 in
756 2759 862 2795 Spiritu
877 2764 973 2787 sancto
987 2766 1053 2794 pru-

261 2803 383 2832 dentiam
400 2810 472 2832 esse.

301 2861 310 2877 ι
329 2850 379 2878 Ubi
393 2851 429 2878 sit
441 2849 538 2878 virtus.
555 2861 564 2877 ι
580 2850 658 2879 Nunc
677 2851 769 2887 itaque
783 2859 845 2879 cum
865 2852 891 2880 id
907 2852 983 2886 prius
999 2859 1051 2879 non

299 2941 318 2956 "
335 2940 411 2968 Joan.
427 2948 470 2967 xw
484 2961 491 2974 ,
506 2939 531 2966 6.

1083 317 1198 353 αἰσχύνῃ
1218 317 1303 352 ἐσμὲν
1325 317 1456 352 σήμερον,
1480 317 1508 343 ὲν
1535 315 1710 352 αἰχμαλωσίᾳ
1735 314 1811 346 ὄντες
1831 314 1872 340 δι-

1084 372 1178 394 καεως.

1120 419 1129 435 ι
1167 409 1221 435 Καὶ
1239 408 1443 444 ὲσχεόιάζομεν.
1474 417 1484 434 ι
1518 406 1764 443 Προὺφασιζόμεθα
1784 405 1873 437 αἰτίας

1083 454 1313 485 ἀναπλάττοντες,
1551 479 1556 484 _

1407 499 1486 527 ΚΕΦ.
1507 498 1545 526 B’.

1124 557 1133 574 ι
1152 547 1207 574 Καὶ
1226 547 1360 582 ἐποίησας
1375 546 1481 582 σεαυτῷ
1495 546 1591 580 ὄνομα,
1604 554 1614 569 ι
1627 543 1705 571 Κατὰ
1716 543 1751 569 τὰ
1762 542 1875 577 διηνεκῆ

1085 602 1132 620 σου
1162 593 1324 628 θαυμάσια·
1349 592 1388 627 τῷ
1412 592 1467 627 γὰρ
1491 591 1618 627 προφήτῃ
1647 590 1696 616 καὶ
1724 589 1792 616 πᾶσι
1820 588 1877 618 τοῖς

1085 639 1174 673 ἁγίοις
1193 640 1223 666 οὐ
1246 639 1423 674 διαλιμπάνει
1444 637 1664 673 θαυματουργῶν
1689 636 1704 662 ό
1727 635 1803 667 Θεὸς,
1818 633 1876 660 ἀλλ’

1084 686 1128 713 ἀεὶ
1149 685 1309 720 θαυμαστὸς
1326 685 1391 721 παρ’
1405 685 1508 716 αὐτοῖς.
1532 684 1563 711 Et
1582 683 1620 719 μὴ
1643 683 1746 717 ποιήσῃ
1761 681 1876 716 σημεῖα,

1084 732 1115 758 οὑ
1133 731 1318 766 θαυμάζεται.

1122 776 1230 803 ’Ἀλλὰ
1244 778 1260 812 ή
1274 777 1360 812 ψυχή.
1377 786 1386 802 ι
1404 777 1436 803 Οἱ
1451 774 1558 811 μεγάλα
1572 774 1672 810 φορτία
1684 773 1878 809 βαπτίζοντες,

1085 822 1264 853 ἀσθενοῦντες
1280 821 1427 848 κύπτουσι.
1447 819 1530 855 Ψυχὴ
1540 819 1599 852 οὖν,
1621 818 1716 853 φησὶν,
1732 817 1749 852 ἡ
1760 815 1805 843 διὰ
1828 816 1880 847 τὰς

1087 867 1225 903 ἁμαρτίας
1245 866 1416 901 καικοι›μένην
1448 865 1496 891 καὶ
1519 863 1636 900 μέγεθος
1656 863 1756 898 ἔχουσα
1777 861 1885 897 λύπης,

1087 913 1232 940 κύπτονσα
1244 913 1291 940 καὶ
1305 911 1458 939 ἀσθενοῦσα
1471 910 1656 945 ὁμολογεῖται.

1126 969 1135 984 ε
1150 959 1206 984 Καὶ
1218 958 1243 984 al
1258 956 1395 992 ὀφθαλμοὶ
1415 957 1440 983 οἱ
1462 955 1647 985 ἐκλείποντες.
1671 964 1680 980 ι
1701 952 1764 980 Εἴτε
1781 952 1879 994 αἰσθη-

1087 1004 1142 1036 τῶς
1155 1004 1200 1030 διὰ
1215 1003 1264 1035 τὰς
1281 1001 1435 1038 συμφορὰς,
1453 1002 1508 1028 εἴτε
1522 1001 1570 1027 καὶ
1583 1001 1615 1027 ὲκ
1634 1000 1685 1035 τῆς
1698 1000 1795 1034 νοητῆς
1811 997 1880 1024 Θεω-

1091 1050 1151 1086 ρίας
1165 1049 1383 1085 ἀμαυρούμενοι.

1127 1106 1136 1122 ι
1158 1097 1212 1123 Τοῦ
1223 1095 1400 1130 ἐξενεχθῆναι
1415 1093 1449 1119 τὰ
1469 1093 1536 1119 ὀστᾶ
1549 1091 1681 1127 βασιλέων
1695 1090 1787 1126 ἡμῶν.
1806 1099 1816 1115 ι
1833 1089 1883 1120 Εῑς

1090 1141 1190 1175 δεῖγμα
1205 1140 1255 1175 τῆς
1277 1139 1430 1175 μελλούσης
1454 1137 1582 1173 κρίσεως,
1614 1135 1684 1171 μετὰ
1700 1134 1829 1170 τελευτὴν
1847 1133 1883 1161 τὰ

1090 1186 1158 1213 ὀστᾶ.
1170 1185 1260 1212 αὐτῶν
1272 1183 1469 1219 ἐτιμωροῦντο.

1414 1238 1494 1265 ΚΕΦ.
1514 1237 1552 1265 Γ’.
1583 1238 1587 1242 ”

1130 1294 1139 1311 ι
1164 1286 1227 1312 Ὅτι
1256 1285 1288 1311 σὺ
1313 1283 1469 1318 καθήμενος
1492 1282 1537 1309 τὸν
1562 1282 1658 1309 αίῶνα.
1679 1291 1689 1308 ι
1715 1281 1763 1312 Σὺ,
1789 1280 1882 1315 φησὶν,

1092 1331 1177 1361 ἀΐδιος
1192 1328 1217 1357 εί
1231 1331 1280 1357 καὶ
1302 1329 1494 1363 ὲξουσιαστὴς,
1506 1329 1588 1363 ἡμεῖς
1604 1327 1633 1354 δὲ
1648 1326 1740 1361 θνητοὶ
1757 1325 1804 1353 καὶ
1822 1325 1884 1352 ἐπί-

1093 1386 1127 1413 κη
1132 1385 1184 1413 ροι.

1130 1433 1140 1449 ι
1160 1423 1247 1458 Κύριε
1259 1421 1473 1457 παντοκράτωρ,
1488 1420 1606 1446 ἄκουσον
1620 1419 1653 1454 δὴ
1665 1419 1714 1453 τῆς
1728 1417 1884 1453 προσευχῆς

1094 1470 1146 1497 τῶν
1159 1468 1340 1504 τεθνηκότων.
1361 1476 1371 1493 ι
1396 1466 1588 1500 Τεθνηκότων,
1603 1464 1682 1500 (mal,
1698 1464 1752 1491 τῶν
1769 1463 1821 1490 ὑπὸ
1834 1464 1885 1499 τὴν

1093 1516 1231 1550 ἀπόφασιν
1250 1513 1405 1549 γενομένων
1424 1512 1468 1539 διὰ
1490 1511 1539 1547 τὴν
1552 1510 1703 1546 ἁμαρτίαν.
1715 1524 1750 1531 -
1763 1509 1887 1542 Ἐδειξεν

1093 1563 1107 1589 ὁ
1119 1561 1198 1596 λόγος
1213 1560 1308 1594 σαφῶς
1322 1559 1374 1594 τῆς
1393 1557 1486 1593 ψυχῆς
1497 1557 1528 1584 τὺ
1543 1556 1689 1584 ἀθάνατον,

1131 1617 1140 1633 ι
1159 1606 1242 1634 Ἀλλὰ
1262 1604 1411 1641 μνήσθητι.
1432 1613 1442 1629 ι
1458 1604 1498 1639 Τῇ
1515 1601 1645 1637 .συνήθει,
1672 1600 1765 1636 φησὶν,
1783 1600 1886 1635 χρῆσαι

1098 1651 1318 1688 Θαυματουργίᾳ,
1332 1651 1380 1678 καὶ
1392 1650 1430 1682 ὼς
1445 1650 1580 1685 ἐξήγαγες
1591 1648 1621 1680 ἐξ
1631 1647 1784 1681 Αἰγύπτου.
1800 1646 1889 1678 οὓτως

1097 1700 1281 1735 ἐλευθέρωσον
1297 1699 1330 1725 εκ
1357 1696 1527 1728 Βαβυλῶνος.
1544 1709 1580 1716 --
1594 1694 1656 1721 ’Ότι
1678 1693 1724 1725 σὸς
1738 1692 1803 1724 λαδς
1820 1700 1889 1728 χρη-

1099 1745 1259 1781 ματίζομεν.
1628 1763 1631 1765 .

1136 1801 1145 1817 ι
1177 1791 1244 1817 Ἰδοὺ
1270 1790 1351 1825 ἡμεῖς
1371 1788 1491 1824 σήμερον
1511 1788 1540 1815 ὲν
1567 1788 1600 1823 τῇ
1628 1785 1742 1821 ἀποικίᾳ
1767 1784 1856 1820 ἡμῶν.
1876 1793 1887 1810 t

1106 1838 1234 1869 Ἑαυτοὺς
1245 1857 1253 1869 ,
1271 1836 1363 1872 φησὶν,
1386 1835 1547 1870 ἐκρίναμεν,
1574 1835 1621 1860 καὶ
1636 1831 1833 1868 ἐμεμψάμεθα,
1848 1830 1889 1856 ὃτι

1099 1884 1183 1917 ἀξίως
1195 1883 1283 1917 ἐπέϐη
1299 1882 1366 1917 ἡμῖν
1379 1881 1424 1908 διὰ
1436 1881 1472 1907 τὰ
1486 1881 1556 1916 ἔργα
1569 1879 1624 1906 τῶν
1636 1879 1763 1914 πατέρων
1775 1877 1864 1912 ἡμῶν.

1138 1939 1148 1956 ι
1167 1931 1278 1961 Ἄκουε,
1303 1927 1422 1963 Ἰσραήλ.
1443 1937 1451 1952 ι
1478 1925 1621 1953 Ἐντεῦθεν
1641 1925 1755 1960 ἄρχεται
1783 1930 1891 1958 προφη-

1099 1977 1190 2004 τεύειν
1214 1975 1228 2002 ὁ
1256 1974 1381 2010 Βαρούχ·
1398 1973 1432 2000 τὰ
1458 1973 1513 2008 γὰρ
1539 1971 1758 2006 προηγησάμενα
1782 1970 1891 2005 ῥήματα

1101 2024 1191 2050 πάντα
1210 2022 1259 2056 τῆς
1285 2019 1431 2054 ἐπιστολῆς
1449 2018 1504 2045 τῶν
1526 2016 1709 2053 αἰχμαλώτων
1725 2015 1779 2042 τῶν
1791 2015 1823 2041 ὲκ
1837 2015 1891 2040 Βα-

1101 2069 1185 2100 λῶνος
1201 2066 1410 2094 ἔπεσταλκότων
1432 2065 1516 2097 ἐστὶν,
1536 2064 1575 2102 ὡς
1587 2062 1810 2098 ὲξομολογήσεως
1824 2061 1891 2095 σχή-

1103 2124 1170 2152 ματι
1176 2123 1270 2150 ,προφε
1274 2114 1387 2149 ρόμενα.

1139 2159 1340 2194 Ἐπαλαιώοης.
1362 2168 1371 2184 ι
1385 2156 1499 2193 Ἐντολὴ
1512 2156 1598 2191 ζωῆς,
1616 2156 1633 2191 ἡ
1650 2155 1793 2191 φρόνησις.

1141 2260 1151 2277 ε
1168 2245 1399 2285 Προσελογισθης.
1416 2253 1425 2270 t
1453 2243 1516 2275 Τοῖς
1538 2242 1677 2276 ἀγνωσίαν
1691 2239 1760 2267 Θεοῦ
1773 2240 1890 2275 ἔχουσιν.

1065 2292 1088 2321 D
1101 2313 1136 2319 —
1147 2296 1209 2323 Τῶν
1226 2291 1423 2329 κρατουμένων
1436 2289 1475 2316 ἔτι
1491 2289 1544 2316 ὑπὸ
1555 2288 1602 2315 τοῦ
1621 2287 1749 2315 θανάτου.

1141 2351 1150 2368 ι
1174 2338 1382 2374 Ἐγκατέλιπες.
1399 2346 1409 2362 ι
1424 2335 1476 2362 Τὸν
1490 2335 1592 2371 Κύριον
1609 2334 1688 2370 ἡμῶν
1707 2333 1813 2368 Ἰησοῦν
1828 2333 1894 2366 Χρι-

1103 2389 1177 2417 στόν.
1198 2385 1304 2420 Σαυτῷ,
1320 2384 1397 2420 φησὶ,
1414 2382 1546 2418 πρόξενος
1560 2381 1655 2415 ἐγένου
1670 2380 1726 2406 τῶν
1749 2379 1894 2414 παρόντων

1103 2434 1206 2462 κακῶν.
1223 2432 1288 2459 Δέον
1302 2430 1357 2465 γάρ
1378 2438 1408 2455 σε
1432 2428 1546 2463 ποδηγῷ
1567 2426 1723 2463 χρήσασθαι
1744 2425 1784 2461 τῷ
1808 2425 1894 2459 νόμῳ,

1103 2479 1132 2506 ὃν
1148 2479 1165 2514 ἡ
1179 2478 1229 2513 τῆς
1243 2477 1338 2510 σοφίας
1351 2474 1427 2510 πηγὴ
1451 2473 1662 2508 προσενήνοχεν,
1689 2470 1817 2507 ματαίοις
1831 2469 1896 2504 ἡκο-

1102 2525 1238 2560 λοὺθησας
1255 2522 1408 2557 λογισμοῖς.

1142 2582 1151 2598 ‹
1173 2570 1213 2606 Τῇ
1227 2569 1280 2604 ὁδῷ
1305 2568 1352 2595 τοῦ
1370 2567 1448 2594 Θεοῦ.
1470 2577 1478 2592 ι
1512 2567 1542 2592 Ὀ
1569 2564 1672 2600 Κύριός
1689 2568 1793 2598 φησιν’
1823 2560 1897 2595 Ἐγώ

1103 2621 1160 2654 εἰμι
1177 2617 1195 2650 ἠ
1216 2616 1297 2648 ὁδός.
1316 2615 1345 2641 ὐ
1357 2613 1405 2641 οὖν
1422 2613 1490 2640 κατὰ
1512 2612 1630 2647 μίμησιν
1645 2607 1897 2658 αὐτοιὶπορευόμε-

1104 2673 1159 2697 νος,
1175 2664 1208 2698 τῇ
1220 2661 1273 2696 ὁδῷ
1284 2659 1368 2686 αὐτοῦ
1381 2658 1540 2694 πορεύεται.

1145 2719 1155 2736 ι
1174 2708 1252 2736 Μάοε
1270 2705 1321 2733 ποῦ
1342 2706 1400 2732 ἐστι
1418 2704 1560 2738 φρόνησις.
1586 2712 1595 2728 ι
1620 2700 1731 2736 Ἐπειδὴ
1749 2699 1788 2735 τῷ
1803 2699 1897 2734 γράμ-

1108 2764 1174 2792 ματι
1194 2752 1370 2788 κεκόλλησαι,
1397 2749 1467 2786 μάθε
1482 2749 1524 2776 ὅτι
1536 2749 1565 2776 ὲν
1578 2747 1648 2783 ἁγίῳ
1667 2745 1809 2782 Πνεΰματι
1823 2745 1897 2771 ἐστὶν

1107 2804 1124 2838 ἡ
1139 2801 1282 2837 φρόνησις.

1146 2858 1154 2872 ι
1175 2846 1229 2874 Ποῦ
1242 2846 1316 2872 ἐστιν
1329 2843 1416 2878 ἰσχύς.
1436 2851 1444 2867 ι
1459 2841 1516 2868 Νῦν
1530 2839 1606 2875 γοῦν,
1623 2838 1771 2875 ἐπειδήπερ
1785 2836 1816 2864 οὗ
1830 2836 1899 2871 πρό-
