2052 3150
238 167 292 198 775

278 229 286 239 τ
300 220 392 256 Usque
407 219 440 246 ad
456 221 647 253 generationes
670 220 788 250 septem.
813 214 892 246 Nota,
916 221 1031 248 genera-
1046 215 1070 243 Α

241 267 343 294 tionem
354 273 414 293 esse
432 264 469 292 illi
480 264 576 290 decem
593 268 728 289 annorum
743 259 872 295 spatium.

279 313 310 340 ν.
329 312 355 339 ϐ.
376 320 386 336 1
401 310 521 345 Angelus
535 309 608 336 enim
629 314 718 334 meus.
745 315 753 331 ›
780 305 925 336 Videlicet,
951 304 1032 331 etiam

241 359 329 386 ductis
344 358 371 384 in
387 356 575 391 captivitalcm
602 357 701 389 pra-sto
729 357 771 379 est
788 351 916 391 angelus,_
936 359 973 379 ne
989 351 1034 378 iu-

242 404 399 431 teruccione
412 403 445 429 ah
459 401 584 428 hostibus
600 403 722 434 pereant.
910 389 916 394 ’

277 450 307 477 ν.
321 450 347 476 7.
363 459 371 475 1
388 449 454 475 Nam
464 448 555 482 lingua
568 447 701 481 ipsorum.
721 454 741 470 ι
761 443 910 475 ldolorum,
929 443 1034 470 scilicet

241 494 536 529 pseudomagistrorum
553 500 566 519 a
587 492 718 518 malorum
733 490 838 517 artilice
858 489 966 516 diabolo
987 495 1035 516 ve-

241 541 284 567 lox
302 541 335 567 ad
349 539 523 567 mendacium
542 537 683 573 ﬁtliiigua.

281 639 289 654 1
314 628 428 663 Ipsaque
450 627 584 654 inaurata.
614 635 624 652 ι
659 623 892 660 Pseudomagistri
915 621 1036 658 speciem

242 683 298 710 pra:
309 682 337 702 sc
351 674 471 701 ferentes
479 672 598 709 pietatis,
619 672 674 699 vim
700 678 783 706 porro
807 670 880 698 illius
899 670 1037 704 abnegau-

244 725 296 747 tes.

281 774 290 790 1
319 762 397 791 Falsa
421 768 513 790 autem
545 767 619 790 sunt.
656 771 666 789 ι
697 761 832 795 Quoniam
861 760 1036 787 mendacium

244 810 386 838 veritatem
404 817 459 836 non
476 809 608 844 loquitur.

280 856 312 884 V.
329 857 371 884 10.
391 865 400 881 ί
423 856 531 882 Dabunt
550 856 584 883 de
598 855 638 883 eis
653 855 738 883 etiam
752 853 945 882 meretricibus
974 860 1036 888 quae

245 903 295 930 sub
311 907 391 928 tecto.
417 910 425 926 ι
441 900 554 928 Tectum
571 900 623 927 hoc
638 900 698 926 loco
712 903 794 926 vocat
816 898 942 932 lupanar.

283 951 313 978 V.
328 950 371 977 ll.
388 959 396 975 1
415 949 446 976 lli
464 953 556 976 autem
575 956 629 975 non
650 948 802 975 liberantur
829 945 863 972 ab
881 944 1010 979 :crugine.
1028 940 1039 969 ί

247 997 286 1024 Dii
301 995 424 1032 gentium
441 1004 448 1020 :
467 994 515 1021 sed
545 1001 596 1021 nec
621 992 850 1029 pseudomagislri
871 1000 885 1019 a
907 989 1041 1019 diabolica

245 1043 375 1078 aerugine.

280 1088 368 1116 v.15.
389 1097 399 1114 ι
416 1087 475 1114 Non
491 1093 556 1122 ergo
580 1084 699 1113 timeatis
728 1091 786 1111 eos.
810 1093 818 1109 ι
836 1082 937 1110 Contra
971 1081 1042 1108 idola

245 1136 320 1163 nulla
335 1135 437 1162 virtute
456 1133 583 1169 praedita.
596 1131 668 1167 quod
682 1131 733 1158 sibi
749 1129 816 1165 ipsis
830 1129 960 1156 auxilium
972 1128 1043 1155 ferre

247 1189 302 1208 non
322 1183 435 1215 queant.
936 1198 939 1200 _

283 1225 378 1252 v.16.
405 1234 414 1249 1
436 1222 514 1250 Oculi
543 1228 652 1249 eorum.
683 1230 692 1246 ι
720 1220 766 1247 Ait
787 1219 897 1254 quidem
928 1227 935 1245 :
967 1217 1043 1245 Oculi

248 1271 401 1301 idolorum,
433 1267 612 1295 nihilominus
645 1271 672 1293 et
701 1266 967 1296 haeresiarcharum.
1001 1263 1044 1291 vel

248 1324 343 1344 eorum
359 1315 403 1350 qui
417 1314 450 1341 ad
467 1321 511 1340 res
540 1316 664 1339 terrenas
693 1311 743 1338 toti
765 1310 938 1340 incmnbuut.
965 1316 1045 1336 men-

249 1362 285 1389 tis
318 1360 390 1389 oculi
415 1359 528 1395 pulvere
539 1357 673 1386 diabolico
692 1361 756 1384 sunt
781 1356 866 1392 pleni,
881 1358 935 1382 non
951 1355 1046 1382 valen-

250 1411 291 1435 tes
307 1407 450 1434 rerilatcm
467 1404 604 1440 inspicere
615 1411 648 1432 ex
664 1402 875 1438 operationibus
889 1401 1045 1434 diabolicis,

250 1461 311 1489 qua:
330 1453 436 1480 intrant
448 1451 475 1478 in
489 1458 548 1478 eos.
1004 1443 1012 1489 ς

284 1497 318 1526 ν.
335 1499 378 1526 13.
396 1507 405 1524 1
424 1497 565 1525 Lucernas
579 1495 746 1524 accendunt.
769 1505 778 1521 ι
810 1495 876 1522 Post
892 1494 963 1527 idola
975 1486 1046 1529 quo-

250 1554 304 1581 que
319 1553 367 1572 eos
379 1544 501 1579 intellige
527 1543 573 1577 qui
600 1541 707 1576 decepti
735 1544 877 1575 nequeunt
902 1535 1082 1567 intendereC

251 1592 346 1619 oculos
363 1591 389 1617 in
405 1590 494 1625 legem
508 1589 564 1620 Dei,
578 1588 611 1615 de
627 1596 679 1622 qua
699 1587 832 1622 scriptum
849 1591 889 1613 est
905 1585 1047 1612 :Lucerna

252 1637 358 1672 pedibus
372 1636 436 1662 meis
457 1635 499 1661 [ex
513 1639 558 1660 tua
574 1634 612 1660 ⁸³.
630 1633 683 1660 Sed
714 1640 804 1668 neque
835 1631 863 1659 in
892 1639 1048 1659 sermonem

253 1683 443 1718 propheticum
467 1686 595 1715 tanquam
619 1680 760 1708 lucernam
785 1679 927 1706 ardentem
945 1678 972 1705 in
999 1678 1048 1706 ub-

254 1736 335 1756 scuro
350 1729 420 1755 loco.

291 1774 321 1800 ν.
338 1773 383 1800 2t).
406 1782 414 1798 1
431 1771 518 1808 Nigra:
537 1777 611 1799 sunt.
628 1781 637 1797 ι
656 1771 792 1798 ldolorum
805 1770 926 1798 cultores
947 1769 1050 1804 similes

255 1821 352 1852 idolis;
371 1819 502 1854 scriptum
517 1826 637 1853 namque
650 1822 708 1845 est:
730 1816 837 1844 Similes
853 1816 908 1844 illis
924 1816 990 1850 ﬁunt
1007 1817 1050 1850 {a-

254 1868 350 1894 cienles
367 1865 413 1892 illa
430 1866 464 1892 ⁸⁸.
484 1865 517 1892 Et
533 1873 629 1892 omnes
657 1864 703 1898 qui
716 1872 730 1890 ιι
757 1863 929 1891 dazmnnibus
941 1862 1050 1896 agitan-

255 1918 309 1943 tur,
327 1912 425 1939 faciem
450 1912 548 1939 animze
581 1911 780 1938 tenebricosam
808 1909 920 1939 habent,
951 1907 1051 1933 obscu-

255 1963 332 1986 rante
349 1965 397 1986 eos
418 1958 494 1985 fumo
509 1957 644 1985 diabolico
657 1956 703 1991 qui
717 1955 744 1982 in
760 1953 841 1982 corde
854 1960 950 1980 eorum
962 1956 1024 1979 est-

291 2055 324 2084 V.
344 2056 390 2083 2|.
414 2064 424 2081 1
457 2055 544 2090 Supra
570 2061 671 2088 corpus
698 2059 804 2079 eorum.
838 2059 850 2076 ι
875 2049 908 2077 Et
933 2049 1050 2076 animam

255 2101 449 2138 ipsorum,ait,
463 2105 491 2128 et
514 2099 665 2134 principem
689 2096 803 2132 partem,
832 2095 938 2123 scilicet
973 2101 1052 2121 men—

257 2152 323 2178 tem.
350 2146 397 2173 vel
417 2149 490 2172 certe
513 2144 657 2172 ecclesiam
686 2149 791 2174 eorum,
822 2144 850 2168 et
891 2139 1052 2175 pra-pesitos

257 2192 364 2219 cmdunt
383 2192 534 2222 daemones,
550 2189 613 2225 quia
638 2188 722 2215 Deum
746 2189 967 2221 protegumeuto
994 2192 1048 2212 non

258 2238 370 2264 habent.

294 2283 326 2310 ν.
340 2284 385 2312 24,
405 2291 414 2308 1
428 2281 458 2310 In
474 2281 574 2316 quibus
588 2287 645 2306 non
662 2283 705 2306 est
715 2277 840 2313 spiritus.
862 2286 871 2302 ι
885 2276 949 2303 Post
967 2276 1059 2314 idola,

257 2337 305 2358 eos
319 2329 401 2357 etiam
414 2327 544 2362 intellige,
570 2326 618 2361 qui
631 2326 665 2353 ab
683 2325 736 2352 illis
758 2323 894 2356 alllantur,
931 2322 1053 2358 Spiritus

258 2376 344 2404 sancti
359 2379 491 2403 exsortes.
791 2366 793 2368 ⁷

292 2421 325 2449 ν.
340 2421 387 2448 27.
411 2429 420 2446 1
439 2419 534 2454 Neque
560 2416 741 2446 mendicanti.
761 2425 771 2442 ι
799 2415 881 2443 Index
893 2419 923 2442 et
937 2413 990 2442 hoc
1010 2419 1051 2442 est

258 2466 400 2494 diabolicae
415 2462 635 2492 inhumanitatis.
995 2463 998 2466 '

294 2510 329 2537 ν.
346 2511 392 2538 28.
412 2520 421 2536 1
435 2509 575 2537 Sacriﬁcia
590 2509 698 2536 illorum
715 2511 898 2536 menstruata.
921 2518 930 2535 ι
949 2509 1053 2536 Notan-

260 2556 323 2583 dum
338 2554 478 2591 estigitur,
491 2555 524 2582 ad
539 2554 631 2581 divina
648 2553 779 2581 sacriﬁcia
790 2561 845 2581 non
856 2553 958 2581 debere
973 2561 1054 2589 puer-

261 2608 353 2636 peram
366 2600 507 2632 accedere,
531 2600 575 2628 vel
599 2604 818 2632 menstruatam;
842 2600 895 2628 hoc
908 2601 980 2628 enim
1010 2600 1054 2627 lex

262 2647 345 2674 etiam
361 2649 538 2681 praeceperat.
555 2645 719 2681 Spiritaliter
738 2654 815 2679 vero,
829 2647 984 2674 immundus
993 2646 1054 2673 ani-

265 2699 418 2721 ntabsacra
431 2691 521 2719 facere
534 2692 671 2726 prohibet.

299 2738 386 2766 v.29.
410 2746 420 2763 1
442 2737 512 2770 Quia
533 2742 676 2772 apponunt
694 2738 834 2765 mulieres.
858 2748 866 2764 ι
885 2738 964 2770 Nota,
996 2746 1056 2765 mu-

262 2783 378 2812 lieribus
393 2782 572 2810 interdictum
587 2790 663 2811 sacra
686 2782 786 2811 facere.
801 2783 912 2819 Mystice
928 2791 1056 2815 ναυβα-

306 2886 412 2922 "Psal.
427 2901 521 2928 cxvm,
540 2894 600 2922 1011.
675 2894 697 2911 ει
710 2893 781 2922 Psal.
797 2900 873 2920 cxm.
891 2892 918 2919 6.

780 154 1040 186 OLYMPIODORI
1063 155 1331 186 ALEXANDRINI

1829 155 1883 186 776

1123 222 1131 238 1
1153 213 1225 244 ’Ἑως
1247 213 1350 246 γενεῶν
1369 212 1450 240 ἑπτά.
1472 221 1481 238 ι
1502 213 1564 239 Ὂτι
1579 212 1628 247 τὴν
1647 210 1745 246 γενεὰν
1764 211 1884 239 ἐνταῦθα

1085 259 1125 290 εἰς
1141 258 1208 285 δέκα
1223 258 1272 294 ἔτη
1287 259 1410 294 ἀριθμεῖ.
1809 265 1813 268 ‘

1123 313 1132 329 1
1158 304 1187 331 Ὀ
1211 305 1266 340 γὰρ
1286 305 1403 339 ἄγγελός
1431 313 1493 340 μου.
1514 315 1523 332 ι
1542 305 1670 340 Δηλονότι
1701 304 1749 332 καὶ
1772 306 1830 336 τοῖς
1853 307 1883 332 ἐν

1085 351 1259 387 αἰχμαλωσίᾳ
1274 351 1388 386 ἄγγελος
1401 351 1547 386 ὲπαμύνει,
1566 351 1608 386 ἐφ’
1655 351 1694 387 μὴ
1709 351 1884 387 πανωλεθρίᾳ

1084 397 1271 433 διαφθαρῆναι
1289 398 1343 424 ὑπὸ
1358 398 1414 424 τῶν
1431 398 1547 434 ἐχθρῶν.

1124 452 1134 469 1
1151 443 1265 471 ι’λῶσσα
1290 444 1345 479 γὰρ
1366 444 1468 478 αὐτῶν.
1487 453 1496 470 ι
1519 443 1580 470 Τῶν
1602 442 1742 477 εἰδώλων,
1760 442 1884 478 δηλονότι

1085 489 1141 516 τῶν
1158 489 1422 524 ’ψευδοδιῗασκάλων
1437 490 1489 516 ὑπὸ
1503 491 1552 516 τοῦ
1572 489 1627 516 τῶν
1649 489 1744 516 κακῶν
1758 483 1884 520 ¹ιέέκτονος

1085 534 1211 562 διαόόλου
1242 536 1408 572 εὑτρὸχαλος
1434 536 1539 570 γίνεται
1568 536 1586 571 ὴ
1609 534 1722 570 γλῶσσα
1747 535 1816 571 πρὸς
1854 535 1884 562 τὸ

1087 581 1195 616 ψεῦδος.

1127 635 1143 653 1'
1156 627 1231 653 Λὺτά
1248 635 1278 653 τε
1302 627 1468 663 περίχρυσα.
1485 636 1495 653 ι
1509 626 1542 655 οι
1561 625 1802 662 ψευδοδιδάσκαλοι
1817 626 1884 663 μύρ-

1088 683 1176 709 φωσιν
1186 674 1294 709 ἔχοντες
1308 674 1464 708 εὐσεϐείας,
1476 675 1526 711 τὴν
1535 675 1563 701 δὲ
1576 674 1693 709 δύναμιν
1704 674 1789 710 αὐτὴν
1799 674 1884 710 ἠρνη-

1090 720 1178 756 μένοι,
1335 751 1338 754 ,
1554 722 1560 728 ”

1127 775 1137 791 1
1155 765 1246 796 Ψευδῆ
1263 765 1285 792 δ’
1296 766 1354 792 ἐστὶ
1377 767 1424 792 καὶ
1443 766 1473 792 οὺ
1491 765 1604 793 δύναται
1617 765 1720 793 λαλεῖν.
1743 774 1754 792 ι
1771 764 1834 792 Ὅτι
1854 768 1885 792 τὸ

1089 811 1186 846 ψεῦδος
1201 813 1334 848 ἀλήθειαν
1352 813 1382 838 οὐ
1396 813 1484 839 λαλεῖ.

1128 866 1137 882 1
1157 858 1213 884 Καὶ
1222 859 1281 889 ταῖς
1294 858 1340 883 ἐπὶ
1351 857 1397 884 τοῦ
1414 858 1527 895 στέγους
1542 857 1668 894 πόρναις.
1687 866 1698 884 ι
1714 857 1777 884 Ὅτι
1790 857 1886 892 στέγος

1091 902 1166 936 λέγει
1181 904 1212 929 τὸ
1230 904 1366 937 πορνεῖον.

1129 958 1138 974 1
1160 945 1239 975 Οὗτοι
1258 949 1285 975 δὲ
1299 941 1329 975 οὗ
1350 935 1598 981 διασώζονταίὰπὸ
1615 948 1666 976 ίοῦ.
1684 958 1694 976 ι
1715 949 1746 975 υἱ
1761 949 1816 976 Osol.
1831 948 1886 975 τῶν

1092 995 1177 1021 ὲϋνῶν
1188 1003 1194 1009 ·
1212 995 1269 1021 ἀλλ’
1287 995 1348 1022 οὐδὲ
1361 996 1384 1022 οἱ
1398 995 1635 1030 ψευδοδιδάσκαλοι
1654 995 1709 1022 ἀπὸ
1725 995 1772 1022 τοῦ
1793 994 1886 1022 620.60-

1093 1041 1169 1069 λικοῦ
1187 1042 1237 1068 [οὗ.

1132 1099 1141 1115 1
1174 1089 1221 1124 Μὴ
1244 1088 1292 1115 οὖν
1322 1088 1461 1124 φοϐηοῆτε
1481 1087 1591 1119 αὐτούς.
1619 1097 1629 1114 ι
1654 1087 1734 1115 Κατὰ
1756 1088 1805 1122 τῆς
1831 1087 1887 1114 τῶν

1053 1159 1055 1162 .
1095 1134 1213 1161 εἰδώλων
1254 1135 1438 1169 σαθρὸτητος,
1468 1135 1510 1161 ὅτι
1545 1135 1653 1166 ἑαυτοῖς
1687 1133 1820 1169 βοηθῆσαι
1855 1133 1887 1160 οὐ

1093 1181 1235 1209 δύνανται.

1133 1236 1142 1253 1
1168 1228 1199 1253 Οῖ
1216 1227 1349 1262 ὀφθαλμοὶ
1362 1226 1463 1254 αὐτῶν.
1486 1237 1495 1253 ι
1512 1227 1596 1262 Φησὶν
1616 1226 1668 1262 μὲν
1682 1226 1737 1254 τῶν
1759 1224 1886 1258 εἵδὼλων,

1094 1274 1170 1300 οὐδὲν
1184 1273 1213 1299 δὲ
1227 1271 1309 1309 ἦττον
1319 1273 1374 1299 τῶν
1386 1273 1583 1308 αἱρεσιαρχῶν,
1602 1273 1618 1308 ἢ
1639 1273 1753 1299 καὶτῶν
1767 1273 1832 1307 περὶ
1854 1273 1893 1301 τὰ,

1095 1320 1179 1355 γήϊνα
1194 1320 1413 1355 ἀσχολουμένων,
1432 1321 1456 1346 οἱ
1473 1321 1522 1354 τῆς
1541 1319 1662 1351 διανοίας
1683 1319 1817 1354 ὀφθαλμοὶ
1830 1319 1890 1345 δια-

1097 1366 1206 1394 δολικοῦ
1227 1366 1370 1402 κονιορτοῦ
1396 1367 1512 1401 πλήρεις
1530 1366 1612 1397 εἰσὶν,
1634 1367 1674 1396 εις
1693 1366 1724 1392 τὸ
1743 1365 1844 1401 ἀληθὲς
1857 1366 1889 1392 οὐ

1096 1413 1242 1449 δυνάμενοι
1255 1413 1374 1441 κατιδεῖν
1385 1413 1417 1439 ὲκ
1427 1413 1481 1440 τῶν
1491 1413 1530 1444 εις
1542 1412 1641 1444 αὐτοὺς
1653 1412 1891 1448 εἰσπορευομένων

1097 1460 1294 1496 ἐνεργημάτων
1307 1458 1479 1486 διαδολιχῶν.

1136 1515 1146 1532 1
1170 1505 1294 1541 Λύχνους
1314 1504 1432 1535 καίουσι.
1451 1513 1468 1530 .ι
1496 1502 1576 1531 Μετὰ
1600 1502 1636 1530 τὰ
1657 1502 1756 1530 εἴδωλα
1774 1503 1831 1530 νόει
1845 1503 1893 1530 καὶ

1098 1552 1163 1583 τοὺς
1186 1549 1380 1586 ἠπατημένους
1401 1549 1499 1576 ἐνιδεῖν
1517 1548 1557 1584 τῷ
1575 1548 1651 1584 νόμῳ
1666 1548 1714 1575 τοῦ
1728 1548 1808 1576 Θεοῦ,
1823 1549 1894 1584 Περὶ

1099 1594 1130 1624 οὗ
1140 1597 1307 1631 γέγραπται·
1322 1594 1439 1628 Λύχνος
1452 1593 1514 1626 ταῖς
1527 1593 1602 1620 ποσί
1612 1602 1674 1628 μου
1689 1595 1706 1620 ὁ
1718 1594 1812 1629 νόμος
1822 1601 1892 1622 σου.

1105 1642 1187 1669 Ἀλλὰ
1205 1641 1273 1677 μηδὲ
1290 1639 1455 1676 προφητικῷ
1470 1638 1543 1674 λόγῳ
1555 1660 1563 1673 ,
1581 1638 1620 1671 ὡς
1633 1638 1723 1675 λύχνῳ
1738 1639 1844 1666 καίοντι
1864 1640 1895 1666 ἐν

1099 1687 1235 1724 αὐχμηρῷ
1252 1686 1338 1722 τόπῳ-

1139 1774 1148 1790 1
1166 1764 1394 1798 Μεμελάνωνται.
1418 1771 1430 1788 ι
1453 1763 1484 1790 Οἱ
1502 1762 1699 1799 εἰδωλολάτραι
1715 1764 1805 1799 ὅμοιοι
1819 1764 1896 1796 ὅντες

1100 1811 1156 1849 τοῖς
1176 1807 1308 1840 εἰδώλοις.
1329 1808 1490 1844 Γέγραπται
1513 1809 1577 1844 γὰρ,
1595 1809 1769 1844 ὄτι-ὐμοιοι
1794 1810 1896 1843 αὐτοῖς

1101 1856 1235 1891 γένοιντο
1254 1856 1280 1882 ol
1300 1850 1457 1888 ποιοῦντεξ
1473 1855 1560 1882 αὐτά.
1577 1856 1633 1882 Καὶ
1651 1855 1791 1887 πάντεςδὲ
1806 1856 1829 1882 οι
1843 1855 1897 1883 ὑπὸ

1101 1901 1237 1937 δαιμόνων
1252 1901 1445 1937 ἐνεργούμενοι
1460 1902 1582 1936 ἀφεγγὲς
1596 1901 1687 1936 ἔχουσι
1700 1902 1750 1937 τῆς
1764 1902 1854 1938 ψυχῆς
1866 1903 1898 1928 τὺ

1101 1948 1261 1982 πρόσωπον,
1278 1947 1332 1974 ἀπὸ
1343 1946 1390 1973 τοῦ
1404 1946 1509 1973 καπνοῦ
1527 1947 1575 1973 τοῦ
1589 1947 1746 1974 διαϐολικοῦ
1757 1948 1805 1975 τοῦ
1817 1949 1846 1975 ὲν
1862 1949 1896 1984 τῇ

1101 1993 1201 2029 καρδία
1214 1993 1305 2020 αὐτῶν
1320 1994 1565 2029 διασκοτιζομενοι.

1140 2040 1159 2064 ι’
1170 2039 1233 2065 Ἐπὶ
1258 2039 1288 2065 τὸ
1303 2039 1392 2073 σῶμα.
1415 2048 1424 2064 ι
1442 2040 1496 2065 Καὶ
1516 2040 1566 2074 τὴν
1578 2040 1668 2075 ψυχὴν
1683 2040 1784 2074 αὐτῶν,
1801 2041 1894 2075 φησιν,

1102 2085 1151 2113 καὶ
1164 2085 1230 2112 αὑτὸ
1243 2086 1275 2112 τὸ
1289 2086 1454 2122 ἡγεμονικὸν
1464 2107 1472 2120 ,
1493 2087 1634 2114 τουτέστιν
1649 2087 1694 2114 τὸν
1715 2087 1778 2115 νοῦν
1792 2109 1799 2120 ,
1817 2088 1833 2123 ἢ
1847 2088 1897 2115 καὶ

1101 2132 1152 2168 τὴν
1176 2132 1326 2167 ἐκκλησίαν
1350 2132 1460 2165 αὐτῶν,
1490 2132 1538 2160 καὶ
1563 2124 1627 2166 meo;
1656 2134 1825 2169 ἡγουμένους
1846 2135 1897 2169 ῥα-

1103 2177 1214 2210 πίζουσι
1239 2178 1378 2213 δαίμονες,
1400 2179 1445 2205 διὰ
1464 2178 1495 2205 τὸ
1523 2178 1561 2215 μὴ
1587 2179 1701 2215 ποιῆσαι
1724 2179 1830 2216 σκέπην
1850 2181 1898 2208 τδν

1103 2225 1180 2251 Θεόν.
1658 2220 1663 2224 ’

1142 2281 1151 2296 1
1178 2271 1222 2298 ‘Ev
1246 2268 1287 2302 οἷς
1308 2271 1358 2298 οὐκ
1379 2270 1438 2297 ἔστι
1463 2270 1582 2307 πνεῦμα.
1603 2281 1612 2297 ι
1641 2271 1719 2299 Μετὰ
1742 2272 1777 2298 τὰ
1801 2271 1898 2298 εἴδωλα

1103 2318 1158 2344 νόει
1171 2319 1217 2344 καὶ
1227 2318 1290 2349 τοὺς
1299 2317 1344 2344 ὑπ’
1360 2316 1450 2344 αὐτῶν
1470 2317 1697 2353 ὲνεργουμένους,
1720 2317 1794 2344 Θείου
1810 2317 1898 2345 Πνεύ-

1105 2373 1189 2400 ματος
1201 2364 1280 2396 ἐκτὸς
1290 2364 1381 2395 ὄντας.

1141 2420 1150 2436 1
1169 2409 1237 2437 Οὖτε
1257 2409 1367 2444 πτωχῷ.
1394 2418 1404 2435 ι
1428 2409 1484 2442 Κιιῖ
1509 2408 1589 2436 τοῦτο
1616 2408 1717 2444 δεῖγμα
1737 2407 1898 2444 δαιιλονικῆς

1106 2455 1327 2490 μισανθρωπίας.

1143 2511 1153 2528 1
1173 2503 1234 2528 Τῶν
1247 2501 1347 2528 (θυσιῶν
1368 2501 1459 2528 αὐτῶν
1475 2500 1685 2536 ἀποκαθημένη.
1703 2509 1712 2526 ι
1729 2499 1901 2535 Σημειωτέον

1105 2547 1162 2582 οὖν,
1178 2549 1216 2580 ὡς
1233 2549 1308 2583 ἱερὰς
1326 2547 1420 2578 θυσίας
1435 2548 1465 2573 οὐ
1481 2547 1522 2574 δεῖ
1536 2546 1606 2582 λεχὼ
1628 2546 1674 2573 καὶ
1687 2545 1901 2580 ἀποκαθημένην

1107 2595 1253 2622 ἆπτεσθαι.
1276 2594 1361 2621 Τοῦτο
1376 2594 1429 2629 γὰρ
1443 2594 1490 2620 καὶ
1512 2593 1526 2619 ὁ
1545 2593 1627 2628 νόμος
1651 2592 1805 2618 ἐκέλευσεν.
1829 2590 1902 2625 Πρὸς

1107 2641 1136 2668 δὲ
1149 2641 1278 2675 Θεωρίαν,
1292 2641 1341 2672 τὰς
1359 2640 1533 2676 ἀκαθάρτους
1550 2639 1641 2674 ψυχὰς
1662 2637 1816 2673 ἱερουργεῖν
1833 2637 1899 2663 ἁπο-

1108 2687 1220 2714 κωλύει.
1304 2688 1306 2691 ’

1146 2743 1158 2760 1
1181 2733 1242 2760 ’Ότι
1266 2733 1395 2767 γυναῖκες
1416 2730 1609 2766 παρατιθέασι.
1635 2739 1643 2755 ι
1662 2726 1843 2764 Σημειωτέον,
1862 2726 1902 2753 ὅτι

1110 2781 1140 2808 οὐ
1156 2781 1196 2808 δεῖ
1207 2780 1339 2814 γυναῖκας
1351 2779 1515 2814 ἱερουργεῖν.
1533 2777 1604 2812 Πρὸς
1615 2775 1643 2803 δὲ
1656 2776 1788 2809 διάνοιαν,
1801 2774 1842 2801 ’ὁτι
1853 2772 1902 2803 τὰς
