2052 3150
162 151 213 184 777

621 147 851 179 FRAGMENTA
871 146 911 177 IN
934 146 1112 178 JEREMIIE
1129 145 1352 176 EPISTOLAM.

1746 143 1800 178 778

162 210 217 237 τῶν
232 208 330 244 ἱερέων
349 206 440 242 ψυχὰς
458 204 509 232 οὐκ
523 204 654 238 ἐκλύτους
673 203 743 232 εἶναι
765 205 814 237 δεῖ,
829 203 886 230 ἀλλ’
910 203 959 231 ἀν-

1011 202 1153 230 cerdotum
1175 202 1279 229 animas
1301 200 1449 228 dissolutas
1467 207 1526 228 esse
1543 208 1597 227 non
1613 200 1721 234 decere,
1752 204 1801 232 sed

163 255 258 289 δρείας
274 254 324 281 καὶ
341 252 465 288 γενικὰς.

201 310 211 327 ι
233 298 287 326 Ὧν
302 300 331 326 αἱ
343 298 461 333 κεφαλαὶ
476 297 629 325 ἁκάλυπτοί
644 297 725 324 εἰσιν.
749 306 758 322 ι
778 296 836 322 Οὐκ
851 295 961 331 ἔχουσαι

163 356 212 384 τοῦ
229 354 366 391 σωτηρίου
382 354 431 391 τὴν
447 353 676 390 περικεφαλαίαν.

205 413 308 439 Ἑνεόν
331 419 398 447 φησι
422 411 454 438 τὺ
478 410 585 437 εἴδωλον
609 410 641 436 τὸ
668 409 785 444 ἄφωνον.
798 408 900 443 Βῆλον
913 407 961 435 Δία

164 458 211 484 καὶ
222 458 353 492 Ἕλληνες
368 455 569 491 ὲσεὸάσθησαν.

204 524 214 541 α
231 516 265 541 Al
286 515 316 542 δὲ
329 515 461 549 γυναῖκες
487 513 668 549 περιθέμεναι
684 513 800 548 σχοινία.
822 521 831 538 ι
850 512 960 547 Σχοινία

163 560 247 595 φησὶν
259 560 294 587 τὰ
307 559 489 595 περιζώματα
501 568 508 574 ·
524 558 712 586 καλύπτουσαι
721 558 776 594 γὰρ
790 558 858 593 μόνα
869 558 902 585 τὰ
911 558 958 584 τοῦ

164 607 293 642 σώματος
304 607 460 642 ἀσχήμονα,
474 606 508 632 τὰ
517 605 601 632 λοιπὰ
615 605 818 641 παρεγύμνουν,
836 614 958 640 προσκα-

163 652 211 679 λού
216 661 296 687 μεναι
312 653 376 683 τοὺς
391 652 521 687 ἐραστάς.

162 725 165 727 _
200 707 210 723 ι
229 697 374 732 Θυμιῶσαι
386 697 421 724 τὰ
435 697 549 732 πίτυρα.
569 707 580 724 ι
598 697 743 734 Ἀφροδίτῃ
759 696 850 732 τυχὸν,
867 697 884 732 ἡ
904 705 957 724 τινι

163 741 419 778 προαγωγῷ.Ἴσως
432 741 461 769 δὲ
476 743 524 769 καὶ
541 743 581 773 είς
594 742 736 778 καθαρμὸν
751 741 831 769 τοῦτο
846 742 956 769 ἐποίουν

161 790 187 815 οἱ
202 788 356 823 δυστυχεῖς.

202 843 212 860 α
232 835 294 860 Ὀτι
305 833 355 860 οὑκ
366 833 490 868 ἠξίωται.
512 843 521 859 ι
541 834 602 860 ’Ὁτι
626 833 676 860 οὐκ
691 833 795 868 ἠξιώθη
810 832 877 860 Θεοῦ
891 833 952 860 ἐπι-

1015 248 1117 279 viriles.
1135 253 1163 275 et
1178 255 1336 283 generosas.

1051 303 1081 330 V.
1095 303 1139 330 50.
1157 312 1166 328 ι
1185 303 1305 336 Quorum
1317 303 1405 338 capita
1417 304 1489 332 nuda
1509 308 1581 332 sunt.
1603 313 1612 330 ›
1626 303 1684 331 Non
1699 305 1803 332 baben-

1012 350 1048 377 tia
1063 349 1190 377 salutaris
1204 349 1318 385 galeam.

1047 407 1079 434 V.
1106 408 1150 435 ιο.
1181 408 1282 435 Mutum
1304 411 1383 435 vocat
1405 407 1506 434 idolum
1536 408 1596 436 sine
1605 415 1681 436 voce.
1695 407 1800 440 Belum,

1009 453 1104 482 lavem
1116 453 1203 481 Graeci
1218 461 1326 489 quoque
1347 454 1502 487 coluerunt.

1046 509 1079 538 V.
1096 510 1142 538 42.
1161 519 1170 536 ι
1189 510 1316 538 Mulieres
1338 515 1429 538 autem
1449 510 1624 538 circumdata:
1647 510 1769 538 funibus.
1789 519 1798 535 ι

1010 557 1101 584 Funes
1109 561 1188 585 vocat
1201 557 1385 592 subligacula:
1401 557 1471 584 solas
1481 557 1555 584 enim
1569 561 1690 592 tegentes
1703 557 1801 584 obsce-

1008 610 1058 630 nas
1071 603 1194 638 corporis
1212 608 1312 638 partes,
1322 609 1420 633 cetera
1435 603 1584 635 nudabant,
1599 602 1631 630 ad
1641 602 1801 630 alliciendos

1008 655 1155 677 amatores.

1048 705 1057 722 ι
1081 696 1231 724 Adolentes
1271 696 1386 724 fnrfura.
1416 706 1426 722 »
1472 696 1571 724 Veneri
1605 696 1729 727 fortasse,
1758 695 1802 722 vel

1009 742 1088 770 alteri
1103 738 1223 774 numini.
1238 744 1310 778 quod
1322 743 1466 770 lenociniis
1492 744 1597 778 praesit.
1610 742 1691 770 Forte
1717 741 1801 769 etiam

1007 789 1041 815 ad
1058 797 1088 816 se
1100 789 1257 816 lnstrandos
1271 790 1363 817 miseri
1379 791 1431 818 hoc
1439 791 1566 826 agebant.

1045 834 1126 863 V45.
1136 845 1145 860 ι
1160 835 1235 869 Quod
1246 844 1300 863 non
1313 836 1349 863 sit
1359 836 1439 872 digna
1450 836 1566 864 habita.»
1578 835 1711 868 Quoniam
1721 834 1803 869 digna

162 881 300 915 σκέψεως.
317 895 354 900 --
369 879 431 911 Πῶς
446 888 478 914 γε
493 879 526 914 δὴ
541 880 634 915 μέλλοι
650 880 684 906 τὰ
699 880 746 906 ὑπ’
764 880 855 907 αὐτῶν
867 889 955 907 κατα-

1011 888 1062 908 non
1078 881 1138 912 fuit.
1160 889 1221 916 qua:
1237 889 1252 909 a
1276 882 1331 909 Deo
1345 881 1556 909 inviseretur.—
1568 880 1710 913 Quomodo
1720 879 1803 915 igitur

163 926 350 953 σκευασθέντα
362 925 430 953 εἶναι
443 926 510 959 θεοὶ,
525 926 566 953 ὅτι
577 926 608 954 τὸ
619 927 672 953 ὑπὸ
683 926 764 953 ἄλλον
775 927 917 962 γινόμενον
927 926 958 953 οὐ

162 971 241 1003 Θεός.

201 1027 211 1043 ι
230 1017 420 1053 Γνωσθὴσεται
435 1017 506 1052 μετὰ
520 1017 606 1044 ταῦτα
619 1017 660 1044 ὅτι
673 1017 732 1044 ἐστὶ
744 1017 839 1052 ψευδῆ.
861 1027 870 1043 ι
884 1018 917 1045 Ὃ
925 1017 958 1053 δὴ

163 1064 212 1090 καὶ
226 1062 340 1097 γέγονεν
355 1062 400 1089 διὰ
411 1063 461 1098 τῆς
472 1061 520 1089 τοῦ
532 1063 659 1097 Σωτῆρος
677 1062 850 1096 ἐπιφανείας.

201 1116 211 1132 ι
229 1107 337 1143 Ὠσπερ
352 1107 407 1142 γὰρ
417 1106 547 1143 κορῶναι.
566 1115 576 1132 ι
598 1107 631 1133 'H
648 1106 755 1142 κορώνη
771 1107 872 1142 πτηνὸν
887 1107 957 1134 ἀκά-

163 1154 278 1190 οαρτον.
299 1154 464 1189 ’Δκάῌαρτοι
476 1151 522 1181 οὖν
533 1154 603 1180 εἰσιν
613 1154 638 1180 οἱ
650 1153 785 1189 δαίμονες,
799 1153 862 1181 οὔτε
877 1155 958 1181 ἐπου-

166 1200 256 1234 ράνιοι
271 1199 348 1231 ὄντες
356 1200 400 1226 διὰ
413 1199 444 1226 τὸ
462 1198 600 1234 ἄτιμοι,οὕ
612 1207 641 1225 τε
657 1199 787 1233 ἐπίγειοι,
803 1200 870 1227 διότι
881 1200 959 1235 ψευδ-

164 1245 272 1280 ώνυμοι
285 1253 293 1261 ·
321 1246 368 1271 καὶ
397 1245 483 1276 ἄλλως
497 1245 527 1271 δὲ
539 1264 547 1276 ,
572 1244 627 1271 ἀπὸ
645 1245 695 1279 μὲν
707 1245 841 1280 οὐρανίων
855 1244 958 1279 ἀψίδων

166 1293 220 1318 ὑπὸ
234 1291 304 1318 Θεοῦ
318 1291 516 1326 ἐξεϐλήθησαν,
529 1291 584 1318 ἀπὸ
600 1291 630 1318 δὲ
645 1291 694 1326 τῆς
704 1291 756 1326 γῆς
770 1290 959 1326 περιελαύνον-

165 1347 212 1365 ται
233 1339 287 1365 ὑπὸ
306 1338 392 1373 ἁγίων
409 1337 562 1373 ἀνθρώπων
578 1337 622 1364 διὰ
636 1337 686 1372 τῆς
699 1337 745 1364 τοῦ
761 1337 879 1372 Χριστοῦ
896 1337 959 1373 βοη-

166 1384 255 1416 θείας.
274 1384 355 1411 Κατὰ
368 1384 397 1411 δὲ
415 1384 494 1417 λόγον
513 1384 643 1418 μυστικὸν
660 1384 708 1410 καὶ
720 1384 734 1410 ὁ
749 1383 845 1419 Σωτὴρ
860 1385 900 1416 είς
912 1384 959 1411 τὸν

166 1431 287 1465 σταυρὸν
307 1430 435 1466 ἀνῆλθεν.
456 1422 503 1457 τὸν
518 1430 588 1465 ἀέρα
600 1429 741 1465 καθαίρων
756 1431 789 1456 ὲκ
801 1431 851 1466 τῆς
867 1430 958 1457 αὐτῶν

166 1476 343 1511 ἀκαθαρσίας
354 1485 361 1491 ⁸
389 1476 438 1503 καὶ
453 1477 494 1507 εες
510 1477 543 1503 τὰ
569 1475 737 1511 καταχθόνια
756 1476 956 1512 παραγέγονεν,

167 1522 315 1550 καταλύων
328 1522 419 1549 αὐτῶν
437 1523 496 1548 ἐκεῖ
507 1521 558 1557 τὴν
569 1521 724 1557 τυραννίδα.

206 1589 216 1604 ι
235 1577 329 1606 Ταῦτα
349 1578 378 1605 δὲ
391 1577 452 1604 οὔτε
472 1579 532 1609 ταῖς
544 1577 637 1609 ἰδέαις.
656 1587 666 1604 ι
685 1577 726 1604 Τὰ
743 1576 848 1610 εἴδωλα,
867 1577 958 1613 φησὶν,

168 1626 231 1652 οὔτε
246 1625 364 1660 λαμπρά
382 1626 462 1657 εἰσιν,
477 1624 515 1656 ὡς
528 1624 603 1660 ἣλιος
619 1623 668 1650 καὶ
684 1623 782 1658 σελήνη
796 1631 802 1639 ·
819 1623 881 1650 οὗτε
895 1623 961 1659 δρα-

169 1669 262 1703 στικὰ,
276 1669 314 1701 ὡς
330 1668 385 1704 πῦρ
404 1669 451 1695 καὶ
470 1668 581 1704 ἄνεμος.
598 1668 630 1694 El
645 1668 674 1694 δὲ
687 1669 746 1700 ταῖς
763 1668 847 1700 ἰδέαις
866 1668 913 1695 καὶ
927 1669 959 1704 τῇ

167 1715 283 1749 δυνάμει
313 1714 488 1750 ἀσυγκρίτως
515 1713 606 1740 αὐτῶν
633 1713 796 1749 διαφέροντα
818 1714 868 1740 οὐκ
891 1713 961 1740 εἰσὶν

169 1762 237 1791 θεοὶ,
256 1760 315 1792 πῶς
332 1760 404 1787 αὐτὰ
417 1759 558 1794 νομιστέον
572 1757 641 1786 εἶναι
658 1759 753 1792 θεούςς

208 1817 217 1832 ι
235 1807 341 1842 Σημεῖά
352 1814 382 1833 τε
404 1807 432 1832 ἐν
449 1806 548 1832 εονεσι.
566 1814 576 1831 ι
595 1806 645 1831 Διὰ
663 1804 742 1832 τοῦτο
758 1806 823 1837 ἴσως
843 1804 891 1832 καὶ
909 1804 961 1832 Φα-

170 1854 272 1889 ρισαῖοι
293 1853 408 1887 ἠρώτων
423 1851 469 1878 τὸν
490 1851 615 1887 Σωτῆρα,
627 1851 752 1885 λέγοντες
763 1859 771 1867 ο
789 1851 820 1878 Τί
834 1851 961 1886 σημεῖον

168 1899 319 1930 δεικνύεις
338 1898 410 1933 ’ἡμῖν
437 1898 488 1925 ἀπ’
509 1897 660 1932 οὺρανοῦ;
676 1898 775 1934 Ἤρκει
794 1897 822 1924 δὲ
846 1897 925 1932 μόνος
947 1897 961 1924 ὁ

169 1947 260 1980 ἀστὴρ
276 1945 361 1977 δεῖξαι
378 1945 423 1971 τὸν
448 1944 578 1979 τεχθέντα
601 1945 643 1971 ὅτι
660 1944 720 1971 ἐστὶ
743 1943 810 1975 Θεός
825 1952 832 1958 ·
856 1944 904 1970 καὶ¹
926 1944 961 1970 τὰ

170 1993 217 2018 ἐπὶ
231 1991 279 2018 τοῦ
299 1990 417 2027 σταυροῦ
431 1991 615 2026 γεγενημένα,
628 1990 728 2023 ἔδειξεν
743 1989 825 2016 αὐτοῦ
841 1989 890 2024 τὴν
905 1988 962 2015 θεό-

170 2048 252 2074 τητα,
273 2039 318 2064 ὅτε
340 2038 354 2064 ὁ
374 2037 450 2072 ἣλιος
472 2037 522 2068 τὰς
539 2036 608 2068 ίδίας
629 2035 798 2062 συνέστειλεν
819 2035 931 2066 ἀκτῖνας
951 2042 958 2048 ·

171 2084 222 2111 καὶ
235 2085 256 2118 ὴ
268 2083 433 2118 οὐρανόθεν
444 2082 602 2117 ἐνεχθεῖσα
616 2081 713 2116 φωνὴ,
734 2079 828 2113 οὗτός
841 2081 926 2107 ἐστιν
943 2081 961 2107 ό

176 2131 243 2162 Υἱός
255 2138 316 2164 μου
338 2129 354 2155 ὀ
372 2128 535 2163 ἀγαπητός.
568 2127 632 2154 Ἰδοὺ
649 2127 794 2163 τοιγαροῦν
819 2126 865 2153 καὶ
882 2126 917 2152 τὰ
931 2125 961 2158 ἐξ

170 2175 288 2211 οὗρανοῦ
302 2175 412 2210 σημεῖα.

1011 927 1159 954 fabrefacta
1176 927 1211 954 ab
1229 927 1281 954 illis
1311 927 1413 955 fuerint
1427 927 1475 960 dii,
1492 935 1554 954 cum
1575 927 1600 954 id
1614 926 1686 962 quod
1699 925 1734 953 ab
1748 925 1803 952 alio

1012 972 1051 1004 fit,
1071 973 1144 1000 Deus
1151 980 1206 1000 non
1218 973 1274 1000 sit?

1046 1016 1080 1044 V.
1099 1017 1143 1045 50.
1161 1026 1171 1043 ι
1189 1017 1298 1046 Seietur
1308 1023 1401 1053 postea
1414 1018 1477 1053 quia
1490 1017 1556 1045 falsa
1574 1023 1648 1045 sunt.
1662 1016 1757 1050 tQuod
1773 1021 1802 1043 ct

1011 1064 1112 1091 factum
1124 1069 1167 1092 est
1177 1072 1226 1100 per
1235 1065 1384 1093 Salvatoris
1395 1065 1553 1092 adventum.

1049 1110 1079 1137 V.
1097 1111 1141 1138 53.
1156 1119 1165 1136 ι
1190 1110 1267 1139 Sicut
1283 1111 1356 1138 enim
1373 1110 1529 1138 corniculat.
1549 1120 1558 1136 ι
1587 1109 1734 1138 Cornicula
1748 1109 1801 1136 im-

1011 1157 1114 1184 munda
1134 1157 1254 1184 volucris
1266 1162 1319 1184 est.
1332 1157 1468 1184 lmmundi
1483 1165 1547 1192 ergo
1565 1162 1630 1185 sunt
1648 1146 1814 1186 dzemonesi

1011 1210 1101 1237 neque
1115 1203 1253 1236 cmlestcs,
1268 1203 1330 1238 quia
1344 1203 1418 1238 pleni
1433 1203 1592 1238 ignominia,
1623 1210 1713 1237 neque
1743 1206 1802 1229 ter-

1012 1247 1081 1279 reni,
1094 1248 1222 1282 quoniam
1234 1247 1292 1274 falsi
1303 1248 1421 1275 nominis
1429 1252 1503 1280 Sunt,
1515 1252 1542 1275 et
1555 1253 1684 1282 praeterea
1697 1248 1730 1274 de
1743 1254 1801 1274 ca:-

1012 1293 1124 1321 lestibns
1152 1293 1302 1321 fornicibus
1320 1294 1401 1329 ejecti
1413 1301 1428 1321 a
1456 1294 1509 1321 Deo
1525 1299 1602 1326 sunt;
1615 1301 1630 1321 e
1644 1298 1715 1320 terra
1736 1300 1802 1320 vero

1011 1345 1061 1373 per
1072 1344 1182 1365 sanctos
1200 1338 1325 1365 homines
1340 1338 1441 1366 Christi
1466 1346 1518 1373 ope
1548 1338 1686 1373 fugantur.
1704 1339 1739 1365 At
1755 1345 1802 1365 ra-

1013 1385 1087 1411 tione
1099 1384 1212 1420 mystica
1223 1384 1347 1412 Salvator
1357 1392 1465 1419 quoque
1488 1384 1516 1412 in
1531 1392 1641 1412 crucem
1666 1384 1799 1414 asecndlt.

1011 1437 1166 1466 expurgatis
1181 1438 1272 1458 aerem
1291 1431 1326 1458 ab
1340 1438 1434 1458 eorum
1459 1431 1646 1464 immonditia;
1661 1435 1689 1458 et
1709 1436 1802 1465 partes

1012 1476 1105 1503 mundi
1122 1477 1316 1504 subterraneas
1332 1476 1408 1508 adiit,
1433 1483 1527 1503 eorum
1557 1476 1593 1503 ibi
1628 1476 1800 1511 tyrannidem

1011 1524 1171 1552 demoliens.

1048 1580 1080 1608 ν.
1097 1580 1141 1608 62.
1162 1590 1172 1606 ι
1194 1578 1257 1608 Ιῐωε
1279 1584 1370 1607 autem
1395 1587 1485 1616 neque
1505 1581 1659 1616 spccieblts.
1679 1589 1688 1606 ι
1714 1579 1799 1613 Idola,

1012 1626 1111 1661 inquit,
1136 1634 1224 1661 neque
1249 1627 1395 1661 splendent
1426 1631 1456 1654 ut
1481 1627 1520 1654 sol
1547 1631 1575 1654 et
1604 1627 1801 1661 Iuna;-neqne

1011 1671 1099 1698 activa
1115 1675 1218 1698 suntut
1232 1671 1301 1706 ignis
1327 1676 1354 1698 et
1365 1676 1472 1698 ventus.
1500 1671 1579 1704 Quod
1596 1671 1617 1698 si
1639 1671 1697 1698 haec
1709 1670 1801 1706 specie

1011 1721 1039 1744 et
1053 1716 1152 1744 virtute
1169 1717 1420 1752 incomparabiliter
1437 1717 1489 1744 illis
1510 1717 1665 1751 praestantia
1680 1717 1717 1743 dii
1745 1724 1799 1743 non

1011 1768 1085 1796 sunt,
1101 1763 1239 1798 quomodo
1251 1763 1309 1798 ipsa
1324 1770 1374 1798 pro
1389 1763 1443 1790 diis
1460 1763 1584 1790 habenda
1595 1763 1677 1790 sunt?

1048 1808 1079 1836 V.
1095 1809 1139 1837 66.
1162 1819 1171 1835 ‹
1192 1809 1273 1845 Signa
1290 1809 1371 1836 etiam
1399 1809 1426 1835 in
1453 1809 1587 1843 gentibus.
1607 1818 1616 1835 ι
1649 1810 1799 1843 Propterea

1011 1856 1126 1883 fortasse
1136 1861 1164 1882 et
1178 1855 1307 1882 Pharismi
1330 1855 1497 1882 Salvatorem
1525 1855 1729 1889 interrogabant
1755 1854 1799 1881 di-

1011 1907 1106 1930 centes
1120 1902 1210 1934 :Quod
1223 1903 1327 1937 signum
1349 1902 1461 1929 ostendis
1476 1902 1548 1928 nobis
1561 1902 1592 1928 dc
1609 1899 1722 1928 cwla"?
1751 1901 1799 1927 Sat

1011 1953 1104 1976 autem
1121 1952 1178 1976 erat
1190 1949 1232 1976 vel
1249 1949 1305 1975 sola
1322 1948 1412 1980 stella,
1429 1948 1462 1974 ad
1488 1948 1688 1975 ostendendum
1713 1947 1797 1974 Deum

1011 2002 1072 2021 esse
1084 1994 1129 2029 qui
1146 1998 1227 2020 natus
1242 1997 1301 2019 erat
1316 2001 1322 2019 :
1337 1998 1432 2028 etquae
1457 1993 1483 2019 in
1509 2000 1591 2020 cruce
1613 1993 1798 2027 contigerunt,

1010 2037 1161 2073 probarunt
1180 2037 1240 2072 ejus
1256 2036 1439 2066 divinitatem.
1454 2036 1564 2071 quando
1587 2035 1627 2062 sol
1657 2042 1722 2062 suos
1732 2042 1799 2061 con-

1011 2083 1094 2110 traxit
1107 2083 1207 2114 radios,
1221 2087 1244 2110 ct
1255 2091 1304 2109 vox
1317 2082 1348 2109 de
1364 2082 1426 2109 caelo
1444 2081 1519 2117 lapsa
1535 2089 1544 2109 :
1579 2080 1629 2108 Hic
1657 2085 1694 2108 est
1714 2080 1798 2108 Filius

1011 2137 1082 2156 "reus
1097 2129 1207 2156 dilectus
1217 2129 1251 2156 ⁸⁸.
1263 2128 1303 2156 En
1321 2128 1402 2164 igitur
1417 2136 1432 2155 e
1442 2128 1512 2156 ρωιο
1520 2128 1602 2155 etiam
1617 2127 1704 2163 signa.

208 2231 218 2247 ι
235 2222 258 2248 ιι
263 2221 452 2257 ροὸασκάνιον.
467 2230 477 2247 ι
488 2220 620 2256 Ἐλλήνων
634 2221 658 2247 οἱ
672 2220 746 2254 λόγοι
759 2218 958 2256 προϐασκάνια,

1050 2218 1082 2246 ν.
1092 2217 1135 2246 69.
1154 2227 1163 2243 ι
1193 2217 1416 2245 Probascanium.
1438 2227 1447 2244 ι
1470 2216 1565 2244 ῦιωεο
1593 2223 1717 2244 sermone
1735 2223 1798 2250 pro-

170 2270 218 2295 κιὶ
236 2267 401 2304 κεράμόηλα
423 2267 562 2300 καλοῦσιν,
583 2268 661 2294 ἅτινα
676 2266 786 2293 ἱστῶσιν
802 2267 826 2293 οἱ
838 2264 961 2302 ἀγροφύ-

170 2314 254 2345 λαχες
272 2313 341 2349 πρὸς
361 2313 444 2348 φόϐον
459 2315 560 2348 ὀρνέων
582 2313 599 2348 ἢ
618 2313 665 2340 καὶ
683 2312 836 2348 ἀνθρώπων
849 2320 855 2326 ·
874 2311 960 2338 ταῦτα

169 2361 197 2387 δὲ
215 2360 263 2387 καὶ
280 2359 467 2396 μορμολύκεια
484 2359 640 2386 καλοῦνται.

208 2416 217 2432 σ
243 2407 318 2433 Δῦτά
341 2415 371 2433 τε
388 2406 418 2438 ὲξ
433 2406 549 2441 ὑστέρου
570 2404 768 2440 βρωοήσονται.
787 2413 797 2429 ι
825 2403 893 2431 Ὑπὸ
913 2404 962 2431 τονΐ

171 2453 270 2488 χρόνον
283 2452 416 2487 δηλονότι.
435 2452 488 2478 Τοῦ
505 2451 577 2478 Θείου
592 2450 804 2486 προστάγματος
823 2449 961 2485 τηροῦντα

170 2500 216 2525 1r)
222 2508 232 2530 ;
248 2499 339 2534 ὄρους.

209 2554 218 2570 ι
235 2545 371 2578 Κρείσσον
387 2541 434 2570 οὖν
445 2542 590 2578 ἄνθρωπος
600 2540 713 2572 δίκαιος.
730 2550 739 2567 ι
753 2541 789 2567 Τὸ
804 2540 959 2575 κρεῖσσον,

170 2591 200 2617 οὐ
221 2591 292 2617 κατὰ
315 2590 478 2625 σύγκρισιν,
500 2590 558 2617 ἀλλ’
572 2591 632 2616 ἀντὶ
651 2589 709 2622 τοῦ,
727 2588 870 2621 ἐπαινετὸς
887 2588 962 2623 παρὰ

170 2636 240 2671 Θεῷ,
269 2636 320 2662 οὐκ
349 2636 418 2671 ἔχων
432 2636 460 2662 δὲ
483 2635 590 2667 εῐδωλα,
605 2635 636 2662 οὐ
653 2635 733 2670 μόνον
754 2634 881 2670 αἰσθητὰ,
901 2633 961 2661 ἀλλ’

170 2682 230 2709 οὐδὲ
251 2682 324 2709 κατὰ
343 2681 432 2718 ψυχὴν
449 2682 484 2708 τὰ
500 2683 550 2717 τῆς
566 2681 705 2717 ἁμαρτίας
728 2681 826 2708 εἴδωλα
843 2680 959 2715 περιφέ-

173 2737 239 2765 ρων.

210 2784 218 2800 ι
240 2775 338 2802 Ἔσται
357 2775 412 2811 γὰρ
437 2773 546 2809 μακρὰν
564 2773 617 2800 ἀπὸ
637 2773 800 2809 οιιειδισμοῦ.
821 2783 829 2797 ι
855 2773 884 2797 '0
905 2771 959 2806 γὰρ

208 2864 231 2882 ⁸³
242 2863 322 2892 Joan.
335 2872 364 2892 II.
379 2863 420 2890 I8.
457 2863 480 2878 ”
494 2862 587 2890 Matth.
605 2869 669 2892 ml,
681 2861 707 2888 ii.

359 2912 493 2940 I‘nnor.
516 2910 574 2941 (in.
599 2910 710 2940 XCIII.

1009 2263 1137 2293 bascania
1149 2268 1177 2291 et
1188 2263 1340 2291 cerarnbela
1356 2263 1410 2290 dici
1441 2262 1540 2295 solent,
1567 2270 1628 2297 qum
1654 2260 1799 2296 praeﬁgunt

1009 2318 1136 2346 agrorum
1152 2311 1281 2337 custodes
1292 2309 1325 2337 ad
1342 2309 1521 2337 deterrendas
1540 2315 1614 2340 aves,
1629 2307 1688 2334 sive
1706 2306 1797 2334 homi-

1011 2364 1072 2388 nes,
1089 2364 1150 2391 qua:
1164 2356 1246 2383 etiam
1263 2355 1390 2383 terricula
1405 2351 1549 2382 vocant'ur.

1045 2402 1077 2430 V.
1091 2402 1135 2430 7I.
1152 2411 1162 2428 ι
1177 2402 1211 2429 Ει
1227 2402 1284 2437 ipsa
1295 2406 1432 2436 postremo
1461 2400 1647 2428 comctlentur.
1669 2408 1678 2424 ι
1696 2397 1798 2432 Nempe

1010 2457 1024 2476 a
1040 2453 1173 2484 tempore.
1188 2447 1276 2475 Divini
1289 2447 1417 2483 pneccpti
1434 2446 1567 2474 terminos
1580 2443 1726 2472 servantia.

1046 2537 1079 2565 ν.
1094 2537 1138 2564 '12.
1155 2546 1164 2563 ι
1183 2536 1275 2564 Melior
1289 2537 1370 2572 igitur
1395 2536 1476 2563 homo
1492 2535 1592 2570 ju~tus.
1616 2543 1625 2559 ι
1642 2532 1733 2560 Melior
1754 2531 1800 2559 hic

1011 2593 1067 2612 non
1084 2584 1268 2619 comparative
1284 2584 1387 2611 dictum
1401 2586 1452 2615 est,
1480 2582 1528 2610 sed
1544 2589 1594 2616 pro
1606 2588 1639 2607 eo
1651 2579 1725 2615 quod
1746 2583 1799 2610 est,

1013 2631 1083 2665 apud
1101 2629 1184 2657 Deum
1198 2630 1408 2664 probatusmon
1425 2629 1528 2656 habens
1543 2635 1626 2663 porro
1645 2626 1728 2659 idola,
1745 2633 1799 2652 non

1015 2679 1119 2704 tantum
1132 2676 1282 2708 sensibilia,
1299 2675 1345 2703 sed
1360 2683 1410 2703 nec
1437 2675 1465 2702 in
1481 2674 1572 2702 animo
1589 2674 1680 2700 ferens
1696 2671 1800 2707 peccati

1015 2723 1095 2751 idola.

1050 2770 1082 2798 ν.
1100 2770 1144 2797 72.
1162 2780 1170 2795 c
1197 2769 1262 2796 Nam
1287 2768 1338 2795 erit
1360 2769 1439 2803 longe
1468 2767 1501 2794 ab
1527 2765 1683 2802 opprobrio.
1706 2773 1714 2790 ι
1748 2762 1800 2796 Qui

1580 2903 1619 2935 25
