2052 3150
178 189 232 222 789

769 187 810 218 1N
826 166 1098 218 LEVlTICUMe—
1114 187 1186 216 Lm.
1204 186 1228 215 ι.

1765 181 1821 212 ’190

180 247 297 282 δρὶηιιω
314 250 337 273 et
348 246 460 277 vah-tntis,
477 249 504 272 ut
518 245 582 279 ﬁdes
598 249 681 272 vestra
693 252 744 271 non
758 245 792 271 sit
804 245 831 271 in
843 245 975 279 sapientia
992 247 1014 275 Α
1029 244 1076 271 sed
1091 247 1236 278 propterea
1259 240 1392 267 modicam
1410 238 1555 274 quamdam
1584 237 1698 273 gratiam
1721 244 1820 265 conse-

183 293 328 324 hominum,
347 292 392 318 sed
414 292 441 318 in
456 292 549 318 virtute
564 291 612 317 Dei
626 293 646 317 '.
665 291 817 324 Quomodo,
851 295 898 317 aut
930 289 977 316 ubi

183 341 228 372 sit,
257 344 285 367 et
301 339 372 374 apud
400 346 468 372 quos
494 337 609 368 habitet,
629 337 714 372 ipsius
741 337 913 364 demonstrat
930 335 977 363 Dei

185 386 302 415 bonitas,
324 385 433 419 quando
447 384 531 410 Paulo
542 383 643 410 auferri
660 383 798 410 stintulum
809 383 900 409 earnis
911 389 976 413 sure,

185 437 212 459 et
227 431 443 465 colaphizantem
464 430 571 456 Satauze
597 430 724 464 angelum
738 429 880 456 discedere
904 436 919 454 a
949 435 978 455 se

187 477 303 512 roganti,
313 477 434 503 dicebat:
450 475 547 510 Sufﬁcit
561 475 607 501 tibi
622 476 710 510 gratia
723 483 780 503 mea
795 483 803 501 .'
822 483 882 500 nam
897 474 979 500 virtus

187 525 213 549 in
222 522 517 557 inﬁrntilalepet‘ﬁcilur
525 522 554 548 ".
568 521 623 548 lloc
632 529 696 556 ergo
706 521 822 548 credens
830 521 930 548 debere
937 528 980 547 me

189 571 278 596 facere
292 577 352 603 quae
367 569 413 595 alii
425 576 479 595 non
496 568 630 598 fecerunt,
646 567 797 602 prmeepisti
821 571 851 594 ut
866 566 979 593 Levitici

190 616 249 642 libri
263 615 412 649 spiritalem
430 614 608 641 intentionem
629 622 677 649 per
695 614 818 640 ordinem
844 613 981 648 interpre-

191 667 272 693 tarcr,
285 661 516 694 defetnleremqne
530 661 646 687 litteram
660 660 750 687 multis
763 660 981 686 adversariorum

191 705 413 733 accusationibus
431 706 630 740 subjacentrm,
647 706 681 732 ad
703 705 829 732 altioretn
849 712 910 731 eattt
939 705 983 731 in-

193 752 329 779 telluctum
358 751 527 778 deducendo.
561 751 690 778 Facerem
717 756 808 779 autem
839 751 902 782 hoc,
927 759 984 778 non

192 798 423 832 quemadmodum
449 798 512 825 olint
522 798 643 832 quidam,
659 805 720 824 rara
731 798 854 833 quzedam
866 798 984 832 capitula

193 848 381 878 excerpentes,
397 845 445 871 sed
459 844 549 871 omnia
564 852 611 878 per
621 843 744 870 ordinem
759 851 843 878 usque
859 844 891 871 ad
904 843 984 870 ﬁnem

194 890 352 918 discutiens.
378 889 456 922 Quod
481 898 562 924 quam
585 890 620 916 sit
642 889 759 921 difﬁcile,
782 897 814 916 ex
845 890 897 917 hoc
931 897 985 917 uno

194 945 339 972 perparvo,
354 941 487 970 quantum
507 936 540 962 ad
555 940 684 963 cunetttm
700 935 821 970 pratdicti
842 936 902 962 libri
918 944 985 963 cott-

196 987 299 1010 te\tum
317 987 391 1010 tanta
410 982 539 1009 varietate
561 982 681 1016 plenum,
701 989 834 1016 cognosce
857 982 985 1016 capitulo.

197 1029 265 1056 Eum
278 1029 324 1064 qui
341 1028 503 1055 sacriﬁcium
516 1028 701 1062 paciﬁcorutu,
718 1036 767 1055 seu
785 1028 904 1055 salutare
919 1028 988 1055 olfe-

197 1079 249 1106 ret,
265 1075 287 1101 si
299 1075 409 1109 quidem
425 1082 474 1109 pro
491 1074 638 1109 gratiarum
654 1074 761 1101 actione
776 1073 884 1105 offeret,
906 1074 932 1100 in
945 1075 988 1101 die

197 1129 251 1155 qua
268 1121 409 1152 obtulerit,
425 1121 472 1153 ait,
482 1120 641 1147 comedetur
654 1129 660 1146 :
674 1127 727 1146 tton
739 1119 932 1147 remanebitex
949 1119 990 1146 eis

199 1174 285 1201 usque
297 1174 386 1193 mane.
399 1166 476 1198 Quod
493 1167 514 1193 si
533 1172 597 1193 voto
617 1166 656 1193 vel
671 1170 768 1200 sponte
780 1166 924 1200 quisquam
939 1165 990 1192 ob-

199 1213 292 1239 tulerit
307 1212 434 1242 hostiam.
451 1213 547 1239 cadent
561 1212 605 1239 dic
630 1219 684 1247 qua
699 1211 840 1243 obtulerit,
864 1211 990 1238 similiter

200 1259 308 1292 edetur,
325 1266 432 1285 necnon
441 1258 565 1293 sequenti
578 1259 631 1285 die.
647 1257 714 1286 Cum
728 1266 792 1293 ergo
806 1257 929 1292 ejusdem
944 1265 991 1292 ge—

202 1305 285 1335 neris,
299 1304 370 1332 sicut
386 1309 509 1339 apparet,
525 1304 655 1332 sacriﬁcia
678 1305 742 1336 sint,
759 1309 904 1338 utrumque
918 1304 992 1330 enim

203 1351 386 1385 paciticorum,
403 1359 452 1378 seu
466 1350 596 1383 salutare,
609 1350 666 1377 ait:
683 1358 715 1377 ex
739 1358 772 1377 eo
793 1350 903 1385 quidem
920 1350 992 1384 quod

203 1400 246 1423 est
263 1397 409 1430 gratiarum
429 1397 555 1427 actionis,
579 1404 628 1424 seu
654 1396 829 1429 laudationis,
861 1396 887 1423 itt
913 1404 994 1423 marte

204 1450 260 1470 non
276 1442 393 1477 relinqui
408 1443 538 1477 praecepit
557 1453 563 1470 :
581 1443 647 1470 illud
663 1447 754 1469 autem
766 1442 838 1476 quod
853 1447 895 1470 est
912 1449 995 1476 spon-

205 1495 327 1522 taneum,
345 1490 417 1517 vesci
441 1490 564 1525 pnecipit
582 1494 610 1517 et
627 1490 654 1516 in
680 1489 842 1516 crastinum.
862 1489 995 1523 Equidem

205 1536 345 1563 simalum
360 1541 419 1563 erat
436 1536 539 1563 servari
565 1536 598 1563 de
623 1535 757 1562 sacriﬁcio
782 1535 809 1562 in
835 1535 995 1567 crastinum,

206 1589 258 1619 pec
273 1583 306 1609 de
318 1582 408 1617 aliquo
420 1590 514 1609 eorum
530 1582 582 1609 ltoc
595 1582 727 1609 debuerat
741 1581 851 1616 prmeipi
869 1590 875 1608 :
894 1581 917 1608 si
932 1589 997 1608 vero
1012 1583 1032 1611 α

207 1629 321 1660 bonum,
336 1628 452 1656 debebat
469 1629 494 1655 itt
511 1633 627 1663 utroque
639 1628 749 1654 sanciri.
776 1627 880 1654 Similia
907 1632 998 1654 autem

208 1673 262 1706 his,
280 1678 307 1700 et
327 1681 375 1708 pI-r
394 1681 502 1700 onmem
526 1672 728 1708 quodammodo
749 1676 906 1699 contextum
933 1671 999 1707 legis

210 1719 292 1753 hujus
307 1719 428 1746 invenies
436 1719 523 1754 egisse
530 1726 579 1753 per
586 1719 711 1753 spiritum
722 1718 914 1752 legislatorem,
922 1717 947 1744 id
958 1722 1001 1745 est

209 1765 414 1800 praecipientem
431 1773 492 1799 quae
504 1768 638 1796 vetuerat,
652 1772 801 1798 rursusque
811 1764 1000 1797 prohibentem

209 1819 271 1847 qua:
281 1810 383 1845 pridem
389 1814 565 1845 praeceperat.
579 1808 656 1842 Quod
668 1814 695 1836 et
706 1809 787 1836 nitnis
798 1809 1000 1836 observantiam

212 1856 389 1891 reprehendit
411 1856 507 1883 litterae
522 1877 529 1888 ,
554 1855 728 1889 ostenditque
753 1855 1001 1882 considerationem

213 1902 397 1930 necessariam
417 1910 476 1930 esse
493 1901 622 1936 spiritalis
653 1901 840 1936 intelligentia:
862 1910 869 1928 :
894 1909 1002 1928 necnon

214 1949 398 1983 evangelieam
422 1948 545 1975 defendit
570 1948 791 1982 praedicationem
810 1947 1003 1982 prohibentem

214 1993 336 2028 qutvdam
346 1993 379 2020 de
392 1993 434 2020 ltis
445 1993 637 2028 qusevidcntur
649 1994 709 2028 legi,
724 1993 874 2020 secundum
888 1993 1004 2019 litteram

217 2039 327 2074 intelligi
340 2039 398 2066 sive
412 2039 466 2072 agi,
478 2044 503 2066 et
518 2047 601 2066 uuttm
617 2039 797 2072 eumdemque
817 2045 877 2064 esse
899 2038 1005 2071 legisla-

218 2089 302 2111 torent
319 2085 488 2111 demonstrat
500 2084 562 2111 novi
579 2084 660 2111 simul
671 2092 702 2111 ac
715 2083 814 2111 veteris
840 2083 1005 2112 testamenti.

218 2131 282 2158 dum
294 2138 326 2157 ex
344 2131 505 2157 auctoritate
519 2131 576 2157 sive
592 2135 738 2165 potestate,
760 2138 819 2164 qtae
843 2129 909 2161 vult,
936 2136 1008 2155 ttuttc

219 2175 443 2210 praecipit,nunc
464 2181 555 2203 autctu
592 2176 729 2210 prohibet,
752 2175 823 2202 Nihil
846 2179 936 2202 autem
958 2174 1008 2201 sibi

219 2221 385 2248 contrarium
413 2221 500 2255 jubet.
517 2222 578 2248 licet
594 2221 733 2255 priocipiat
755 2229 786 2247 ea
815 2229 875 2255 quae
904 2220 1008 2255 pridem

221 2266 368 2300 prohibuit,
386 2271 412 2293 ct
431 2267 572 2301 prohibeat
594 2275 653 2300 que
679 2267 742 2292 olittt
770 2271 905 2300 pneccpta
933 2269 1006 2292 Sllnl.

221 2312 274 2339 Sed
295 2317 321 2338 ct
335 2312 415 2339 nimis
434 2312 522 2339 sancit
546 2313 746 2343 convenientia,
768 2312 819 2338 St‘il
839 2320 853 2338 a
877 2319 930 2345 quo
952 2311 1011 2346 ejus

222 2358 333 2393 intelligi
362 2359 447 2392 possit
477 2359 603 2389 intentio,
628 2363 656 2385 et
672 2359 703 2385 ad
718 2367 798 2392 quem
817 2358 898 2385 linem
924 2357 1012 2392 respi-

221 2405 296 2431 ciant
310 2405 369 2438 ejus
387 2409 486 2432 statuta
498 2405 602 2432 se'utit'i.
619 2405 670 2432 Sed
687 2405 749 2440 quia
769 2405 835 2431 utilti
850 2405 882 2431 de
901 2404 942 2431 Itis
953 2412 1014 2431 vcr-

224 2450 286 2477 bum
303 2449 359 2477 dari
375 2451 401 2476 in
416 2450 585 2484 aprrtionent
601 2443 665 2479 oris.
681 2449 708 2476 in
722 2449 798 2476 omtti
830 2448 961 2483 patientia
988 2452 1015 2474 et

223 2494 412 2521 obsecratione
443 2494 554 2521 fecisti:
575 2494 802 2528 quemadmodum
833 2493 1014 2525 Ephesiorum

225 2538 372 2566 Ecelesiam
386 2539 483 2565 Paulus
499 2546 591 2572 orans,
608 2539 754 2572 deprecare
771 2537 780 2552 ⁸
799 2541 829 2563 ιιι
851 2538 897 2564 fiat
915 2536 1016 2563 oblatio

225 2585 300 2611 verbi
316 2585 368 2612 tnei
383 2586 565 2620 aceeptabilis,
580 2594 633 2613 tton
649 2585 736 2612 solutn
750 2585 776 2611 in
790 2584 954 2614 Jerusalem,
969 2583 1017 2610 sed

225 2633 252 2656 et
271 2629 296 2656 in
313 2631 385 2657 ottttti
404 2634 476 2658 terra
496 2631 523 2657 in
543 2639 595 2666 qua
619 2631 672 2657 Deo
685 2635 823 2658 annuente
840 2629 973 2660 defertur,
987 2633 1018 2655 ut

224 2675 390 2710 glorificetur
402 2677 537 2709 Christus,
562 2677 607 2712 qui
637 2677 719 2704 stulta
737 2676 840 2710 tnundi,
855 2681 881 2704 et
897 2675 1014 2707 infirma,

225 2727 253 2749 et
267 2722 404 2757 ignobilLa,
423 2727 451 2750 ct
470 2732 500 2750 ea
514 2732 575 2759 quae
591 2732 644 2751 non
663 2729 736 2755 sunt,
756 2723 837 2758 elegit
856 2732 862 2749 :
882 2721 962 2749 sicuti
991 2727 1018 2748 et

226 2777 270 2795 me
282 2770 314 2795 ab
329 2770 402 2797 omni
420 2770 525 2804 justitia
541 2771 711 2802 destitutum,
726 2775 753 2797 et
769 2778 783 2796 a
801 2768 934 2804 sapientia
951 2767 1017 2794 alie-

227 2823 306 2847 num,
319 2824 372 2843 tton
389 2816 526 2849 idoneum,
547 2825 598 2844 ttcc
610 2825 717 2844 servum
735 2816 855 2843 inutilem
870 2814 1017 2844 nominari,

266 2914 296 2941 Ἰ
313 2914 376 2942 Cor.
398 2924 427 2949 tt,
440 2916 467 2949 4,
547 2918 567 2932 "
585 2917 603 2943 li
616 2916 678 2944 Cor.
701 2924 746 2949 xtl,
767 2916 794 2942 9.

844 2915 853 2930 ⁸
870 2914 970 2949 Ephes.
989 2921 1026 2945 vt,
1046 2912 1088 2940 18.

1029 293 1132 321 cntum,
1163 293 1192 315 ut
1203 295 1233 314 ea
1249 295 1308 322 quae
1322 285 1393 320 apud
1413 285 1536 311 homines
1551 283 1728 319 impossibilia
1745 288 1820 316 sunt,

1029 334 1168 371 possibilia
1179 333 1250 368 apud
1261 333 1346 359 Deum
1362 335 1520 365 appareant,
1533 338 1594 356 cum
1608 331 1667 364 e‘jus
1681 328 1822 364 sapientia;

1030 380 1156 408 homines
1172 375 1468 411 descrvittntitnperiti.
1484 375 1561 408 Quod
1576 381 1666 402 autem
1676 382 1822 410 argumen-

1031 431 1087 453 tum
1098 425 1179 459 hujus
1195 423 1266 454 libri,
1279 422 1373 456 dequo
1383 422 1434 448 hoc
1445 421 1506 447 loco
1516 420 1664 455 loquimur,
1676 419 1720 451 sit,
1734 419 1822 454 ipsum

1032 471 1168 505 inquirere
1183 469 1345 503 scriptorem
1363 470 1472 500 oportet
1496 474 1502 491 :
1526 473 1557 491 ea
1577 465 1649 491 cuitu
1672 464 1705 491 de
1725 463 1824 498 quibus

1032 517 1138 544 sancire
1153 514 1297 549 disposuit,
1309 513 1429 540 breviter
1440 513 1576 538 instruere
1585 510 1706 545 legentes
1717 509 1822 541 volens,

1033 562 1184 590 Leviticum
1199 561 1284 591 lntne,
1299 559 1371 586 sicut
1387 558 1536 589 cernimus,
1554 556 1698 591 appellavit
1713 564 1719 582 :
1733 554 1825 590 appel-

1033 609 1160 636 lationem
1175 605 1352 634 adinveniens
1366 612 1426 639 quae
1445 611 1499 630 tino
1526 602 1676 636 eodemque
1703 605 1826 634 tempore

1033 663 1114 683 omne
1138 654 1218 688 hujus
1231 652 1293 679 libri
1310 650 1496 678 manifestaret
1514 653 1704 684 argumentum
1728 656 1734 673 :
1762 645 1826 680 quia

1034 701 1099 728 Levi
1111 700 1197 727 tribtts
1207 699 1275 726 sacri
1289 696 1454 724 tabernaculi
1465 694 1648 721 ministerium
1663 692 1757 720 sortita
1773 695 1826 724 est,

1035 747 1062 774 in
1085 754 1140 781 quo
1170 744 1314 779 oportebat
1343 741 1487 773 sacriﬁcia,
1507 740 1699 772 fructuumque
1729 736 1827 772 primi-

1036 793 1096 823 tias,
1113 797 1140 819 et
1154 790 1397 827 primogenitorum
1405 787 1567 818 oblationes,
1578 785 1726 813 secundum
1741 783 1828 818 legem

1036 838 1139 870 offerri,
1168 836 1314 869 celebrari,
1342 835 1424 863 etiatn
1444 840 1623 869 quascunque
1651 831 1695 858 lex
1723 829 1750 856 in
1776 829 1829 856 im-

1038 884 1146 911 mundis
1168 891 1200 910 ex
1217 882 1337 917 qualibet
1351 888 1432 908 causa
1460 878 1671 907 emundationes
1695 874 1828 911 praccipit.

1040 929 1162 957 exhiberi
1179 938 1184 955 :
1205 928 1261 955 haec
1273 935 1393 963 pnesens
1406 926 1475 953 liber
1494 924 1627 955 continet,
1648 921 1755 956 aliaque
1769 926 1837 955 quae

1039 974 1227 1010 hujuscemodi
1247 978 1310 1002 sunt
1322 971 1470 1000 eruditioni
1493 970 1649 1004 conjuncta.
1671 968 1735 994 Sive
1756 965 1829 993 enim

1040 1021 1201 1049 festivitates
1213 1019 1325 1050 dixeris,
1344 1018 1401 1045 sive
1416 1017 1540 1044 ciborum
1560 1013 1738 1043 diﬁercntias,
1771 1018 1831 1046 qua:

1040 1069 1151 1104 quidem
1171 1074 1265 1094 eorum
1296 1065 1408 1097 munda,
1426 1071 1487 1098 qua:
1520 1066 1611 1088 autem
1631 1062 1758 1094 oporteat
1778 1056 1830 1095 dici

1041 1114 1191 1144 immunda.
1206 1113 1264 1139 sive
1276 1111 1434 1146 nuptiarum
1458 1107 1625 1136 illicitarum,
1646 1105 1703 1133 Sive
1729 1101 1831 1129 sacriﬁ-

1041 1161 1145 1188 ciorum
1162 1159 1296 1186 maculam
1316 1155 1475 1183 habentium
1489 1152 1715 1189 prohibitio,tum
1736 1147 1831 1176 altaris

1042 1205 1230 1237 sanctiﬁcatio,
1245 1203 1279 1231 ad
1294 1203 1403 1230 chitas
1422 1200 1561 1236 pertinent
1581 1204 1608 1225 ct
1625 1197 1694 1228 hmc,
1710 1200 1737 1223 et
1755 1202 1832 1230 qua-o

1043 1260 1151 1287 cunque
1166 1251 1218 1278 alia
1241 1248 1367 1285 praesenti
1386 1248 1445 1282 lege
1465 1245 1620 1279 conscripta
1644 1247 1718 1287 sunt.
1735 1240 1789 1268 Sed
1805 1244 1834 1267 ut

1043 1285 1296 1329 nou—superfluum
1324 1293 1532 1319 dinumeremus
1555 1287 1677 1322 singula,
1704 1285 1836 1312 faciemus

1045 1343 1198 1370 exordium.
1220 1340 1288 1367 lllud
1310 1347 1366 1374 prae
1386 1337 1515 1364 omnibus
1537 1342 1628 1363 sermo
1652 1341 1700 1361 eos
1714 1331 1760 1367 qui
1779 1330 1838 1358 hzcc

1045 1388 1141 1416 lecturi
1151 1391 1215 1414 suttt
1229 1388 1412 1415 contestatur,
1432 1382 1505 1418 quod
1519 1388 1633 1408 necesse
1649 1380 1685 1407 sit
1696 1379 1838 1412 interpre—

1047 1435 1177 1462 tationem
1191 1432 1379 1471 ad_auagogen
1397 1429 1478 1460 trahi,
1493 1433 1520 1455 et
1531 1427 1654 1454 auditum
1668 1425 1702 1452 ab
1725 1422 1838 1450 humili-

1045 1481 1098 1508 bus
1110 1479 1145 1506 ad
1159 1468 1316 1506 sublimiora
1338 1474 1491 1508 transferri,
1516 1472 1720 1508 spiritalemque
1737 1468 1840 1496 intelli-

1048 1525 1166 1561 gentiam
1189 1525 1215 1550 itt
1239 1523 1330 1550 littera
1363 1519 1541 1556 perscrutari.
1571 1518 1665 1552 Neque
1689 1515 1763 1542 enim
1789 1514 1841 1540 hoc

1049 1570 1210 1599 contradicit
1226 1568 1289 1604 legi,
1302 1568 1349 1595 sed
1361 1567 1416 1594 into
1428 1566 1513 1601 magis
1526 1564 1648 1592 defendit
1660 1567 1687 1590 et
1697 1561 1842 1589 conﬁrmat

1050 1617 1136 1652 legem
1156 1625 1162 1642 :
1178 1615 1240 1650 quia
1258 1621 1310 1641 nec
1325 1616 1420 1640 contra
1434 1619 1504 1642 eam,
1523 1610 1569 1637 sed
1580 1608 1673 1644 potius
1691 1604 1842 1634 resistenti-

1050 1664 1101 1691 bus
1116 1670 1166 1698 pro
1188 1669 1220 1688 ea
1243 1667 1364 1696 pugnare
1388 1657 1570 1692 suscepimus.
1603 1653 1776 1682 Manifestum
1802 1655 1844 1678 est

1051 1697 1141 1737 autem
1156 1708 1218 1739 ltoc,
1234 1715 1267 1734 ex
1281 1713 1314 1733 eo
1323 1705 1395 1740 quod
1408 1703 1511 1730 inimici
1526 1702 1593 1736 legis
1605 1700 1722 1728 maxime
1736 1705 1795 1726 eam
1816 1697 1843 1724 ia

1052 1755 1144 1782 multis
1158 1753 1226 1780 nihil
1236 1753 1377 1787 juvantem
1389 1755 1416 1778 et
1429 1749 1553 1777 inutilem
1571 1748 1702 1774 accusant
1714 1753 1720 1771 :
1736 1743 1783 1771 sed
1795 1751 1845 1769 nos

1053 1799 1135 1833 huius
1158 1797 1302 1824 maximam
1325 1795 1470 1822 utilitatem
1484 1800 1533 1828 per
1549 1790 1760 1826 iutelligihilium
1778 1796 1845 1815 ana-

1053 1852 1139 1880 gogen
1152 1841 1331 1870 ostendimus.
1343 1840 1398 1867 Nec
1408 1839 1480 1866 enim
1495 1836 1696 1872 reprehendere
1709 1834 1771 1869 quis
1780 1841 1847 1860 aua-

1055 1879 1129 1926 gogac
1142 1887 1392 1923 interpretationes,
1414 1893 1465 1912 nec
1485 1884 1673 1910 intellectuum
1688 1879 1847 1907 considera-

1056 1937 1168 1967 tionem,
1185 1942 1236 1961 nee
1250 1934 1348 1961 litterm
1356 1934 1503 1967 prazsumat
1513 1927 1744 1963 explanationem,
1758 1931 1847 1959 neque

1057 1987 1149 2008 noster
1160 1981 1305 2015 quispiam,
1314 1985 1403 2013 neque
1419 1977 1534 2004 alienus.
1550 1975 1615 2001 Nam
1628 1976 1723 1999 noster
1736 1971 1846 2006 quidem

1059 2025 1212 2054 testimonia
1238 2028 1332 2058 aperta
1364 2020 1517 2049 istiustttodi
1551 2017 1731 2053 expositionis
1765 2016 1849 2042 multa

1059 2069 1433 2105 Ιιηὺιιι,ιιι‹ιιιαιιίίΐυτθιιιίςι;
1457 2067 1540 2095 veluti
1570 2064 1670 2091 (iht'isti
1697 2062 1849 2098 parabolas,

1059 2118 1085 2144 in
1103 2117 1201 2152 quibus
1215 2123 1308 2150 agrum
1332 2113 1474 2144 mundum,
1508 2111 1653 2146 agricolam
1689 2116 1728 2139 se,
1757 2114 1851 2135 semen

1060 2163 1161 2190 bonum
1173 2162 1272 2196 justos,
1289 2160 1392 2186 zizania
1413 2158 1556 2193 malignos,
1572 2162 1707 2183 messores
1730 2153 1850 2189 angelos.

1062 2209 1200 2236 inimicum
1218 2206 1483 2242 superscminantem
1494 2204 1582 2231 tritico
1598 2202 1701 2230 zizania
1717 2200 1854 2228 diaboltttn

1064 2262 1213 2289 exponens,
1240 2251 1454 2286 unumquodque
1478 2249 1671 2284 prtedietorum
1697 2244 1854 2281 appellavit.

1065 2301 1133 2334 Quid
1150 2308 1213 2335 ergo
1226 2300 1416 2333 incongruum,
1436 2297 1458 2323 si
1471 2296 1532 2330 quis
1546 2295 1628 2321 etiatn
1644 2299 1717 2319 ttunc
1732 2298 1855 2326 praesens

1066 2348 1131 2383 legis
1151 2346 1290 2381 negotium
1305 2351 1457 2379 exponens,
1483 2343 1578 2369 bovem
1594 2340 1666 2367 dicat
1690 2346 1750 2365 esse
1770 2338 1858 2364 homi-

1067 2403 1128 2421 nem
1154 2394 1198 2428 qui
1225 2397 1353 2427 operatur
1377 2390 1528 2426 justitiam;
1551 2395 1630 2415 ovetn
1654 2384 1805 2419 simplicem
1830 2387 1858 2410 et

1068 2441 1253 2471 innocentem,
1266 2438 1418 2466 columbam
1439 2440 1484 2463 aut
1499 2440 1633 2462 turturem
1647 2453 1653 2464 ,
1667 2431 1791 2458 viventes
1811 2437 1859 2455 su-

1069 2487 1187 2517 blitttitts,
1204 2482 1482 2519 contemplationique
1495 2484 1632 2509 vacantes.
1644 2477 1697 2505 Sed
1706 2483 1739 2503 tte
1749 2475 1860 2504 Judactts

1069 2534 1178 2568 quidem
1191 2532 1376 2559 contradicere
1389 2528 1545 2565 ltujusntodi
1558 2527 1625 2562 legis
1642 2521 1860 2559 interpretationi

1070 2579 1186 2615 poterit:
1202 2577 1326 2612 nunquid
1350 2584 1404 2603 tton
1426 2574 1577 2602 Jerusalem
1601 2572 1713 2599 letenam
1735 2566 1862 2595 Ezechiel

1071 2614 1201 2662 propheta
1210 2625 1219 2640 ⁸
1228 2623 1390 2658 appellavit?
1399 2621 1518 2649 catulum
1532 2625 1622 2646 autent
1631 2619 1689 2653 ejus
1700 2614 1860 2644 Heliachitn,

1071 2673 1115 2707 qui
1130 2672 1228 2698 ductus
1242 2675 1284 2697 est
1300 2670 1327 2696 itt
1344 2668 1510 2704 Aigyptunt?
1528 2666 1617 2693 Alium
1632 2670 1727 2691 rursus
1743 2661 1862 2689 catulum

1071 2718 1204 2750 Joaehim,
1217 2724 1296 2751 quem
1313 2716 1340 2743 itt
1359 2714 1482 2744 vinculis.
1497 2713 1564 2744 sive,
1578 2715 1608 2739 ut
1622 2709 1692 2738 LXX
1710 2709 1863 2737 ediderunt.

1076 2765 1102 2791 in
1118 2772 1200 2791 cavea
1220 2755 1474 2790 Nabuchodonosor
1486 2760 1622 2794 Babylona
1636 2755 1774 2793 perduxit.
1795 2753 1864 2786 Quia

1075 2816 1166 2838 autem
1182 2808 1341 2843 intelligitur
1357 2807 1446 2842 aquila
1461 2806 1565 2841 magnis
1580 2804 1639 2837 alis,
1660 2802 1727 2837 qttid
1755 2802 1878 2829 inaures.

1129 2917 1138 2927 '
1154 2911 1252 2939 Ezech.
1267 2920 1323 2944 xix,
1343 2911 1353 2938 l
1370 2918 1445 2945 seqq.
