2052 3150
232 210 282 245 791

826 213 1006 244 HESYCHU
1032 211 1268 243 PRESBY’I‘ERI

1812 208 1867 242 792

231 272 260 295 et
272 266 478 299 discriminalia,
494 265 658 302 hyacinthus
668 271 696 295 et
704 267 811 303 byssus,
821 272 849 295 et
859 268 911 295 alia
924 268 1023 303 quibus
1037 271 1060 297 Α
1076 265 1146 294 Deus
1161 265 1318 301 appellavit,
1333 265 1428 293 dicens
1443 273 1450 292 :
1467 264 1543 300 Ejeci
1558 273 1601 292 eos
1613 265 1644 292 de
1659 259 1730 292 terra
1746 263 1866 299 £gypti,

230 312 380 342 Jerusalem
401 312 484 346 Deus,
496 313 647 340 secundum
662 313 734 348 quod
756 314 794 341 ait
810 314 855 342 hic
871 315 928 349 ipse
957 322 1021 349 pro-

230 359 324 395 pheta,
340 359 471 386 vestivit?
486 359 557 392 Quid
572 364 665 387 autem
683 365 711 387 et
741 360 820 393 later,
843 361 871 388 in
884 369 938 396 quo
952 361 1021 389 civi-

231 408 314 431 tatem
340 404 485 439 depinxit?
509 405 574 440 quid
595 405 683 433 ferrea
699 407 833 441 sartago?
852 407 916 441 quid
943 407 1021 442 panis

228 457 309 484 quem
321 449 355 476 de
375 449 475 483 tritico,
489 455 518 477 et
532 450 645 482 hordeo,
661 456 687 478 et
707 451 777 484 faba,
794 451 876 486 lente,
891 453 976 485 milio,
993 457 1021 480 et

228 495 309 527 vicia,
324 495 506 530 Deojubente
524 496 684 524 comedebat
697 497 708 523 ?
720 496 789 531 Quia
807 505 862 525 non
875 498 963 526 solum
988 507 1019 526 ea

228 548 289 576 quae
305 541 331 568 in
343 542 480 576 parabolis
495 542 566 569 dicta
580 546 654 574 sunt,
673 543 720 570 sed
737 548 764 570 et
783 551 814 571 ea
842 552 903 579 quae
918 552 1019 572 secun-

229 587 294 614 dum
316 587 456 615 historiam
480 593 555 621 sunt,
578 589 612 616 ad
630 589 817 617 sublimiorem
850 590 1018 618 intellectum

228 641 277 668 per
293 632 450 668 allegoriam
467 634 528 662 duci
543 639 692 670 oporteret,
704 641 796 671 aperte
810 636 907 664 Paulus
919 641 946 664 et
960 637 1018 665 sine

228 678 318 713 aliqua
330 678 460 706 dilatione
475 678 576 707 Galatis
605 680 728 708 scribens
753 681 791 708 ait
814 690 820 708 :
845 681 930 708 Dicite
954 682 1018 709 mihi

228 724 273 759 qui
288 724 333 751 sub
345 724 400 759 lege
413 725 490 752 vultis
506 734 569 758 esse,
586 725 666 761 legem
687 735 737 753 non
752 726 850 762 legistis
861 728 872 753 .’
883 727 1017 762 Scriptum

228 774 264 796 est
283 769 363 800 enim,
379 770 441 805 quia
457 770 590 797 Abraham
607 773 672 798 duos
687 771 755 806 ﬁlios
768 771 869 804 habuit,
891 780 970 798 unum
985 781 1018 799 ex

228 814 337 847 ancilla,
353 814 467 842 alterum
484 823 516 842 ea:
527 815 618 843 libera.
635 815 687 843 Sed
700 817 745 850 qui
753 825 785 843 ea:
797 817 906 848 ancilla,
922 825 1016 844 secun-

227 860 290 887 dum
308 869 416 888 carnem
434 867 513 888 natus
527 866 574 894 est,
591 862 635 897 qui
651 867 740 889 autem
759 863 892 896 einbcra,
912 871 958 897 per
973 872 1016 890 re-

226 906 440 942 promissionem;
458 915 515 943 qua:
526 912 586 934 sunt
602 916 647 943 per
660 908 813 943 allegoriam
832 909 902 936 dictu
915 910 935 935 ⁵.
944 909 1015 942 Qui-

226 959 279 986 que
289 952 340 979 hoc
354 951 459 985 dicens,
477 953 550 980 illico
560 954 716 988 allegoriam
728 954 862 987 exhibuit,
874 954 911 982 ait
921 955 994 982 enim
1006 965 1014 984 :

227 997 292 1025 Haec
302 1002 362 1025 sunt
377 999 429 1025 duo
446 1003 611 1032 testamenta,
640 1008 721 1027 unum
748 1001 852 1036 quidem
876 1001 908 1028 de
930 1007 1016 1030 monte

225 1041 302 1075 Sina,
312 1043 340 1069 in
352 1044 502 1070 servitutem
514 1052 654 1079 generous,
670 1053 728 1079 quw
742 1050 778 1072 est
799 1045 871 1082 Agar
881 1046 902 1079 ‘,
925 1051 952 1074 et
971 1055 1016 1074 re-

225 1087 298 1123 liqua
309 1096 369 1124 quae
382 1094 547 1125 sequuntur.
564 1090 618 1118 Sed
633 1098 705 1117 nunc
719 1095 747 1118 et
763 1091 821 1119 hinc
833 1099 866 1119 eo
887 1093 968 1120 modo
982 1093 1015 1120 ad

225 1134 394 1171 allegoriam,
413 1143 468 1171 quo
483 1136 774 1172 reliquasScripturas,
790 1137 860 1164 trahi
882 1143 991 1172 oportet
1007 1147 1013 1164 :

224 1188 277 1207 nec
291 1181 589 1215 quemadmodumillce,
603 1190 664 1209 cum
684 1190 809 1217 magnam
820 1190 853 1209 ex
862 1183 1015 1218 semetipsis

225 1224 344 1255 habeant
359 1226 423 1256 vim,
442 1226 574 1261 majorem
596 1231 686 1253 tamen
703 1234 753 1261 per
770 1227 955 1254 contentionis
970 1227 1014 1254 in-

224 1270 447 1304 terpretationem
460 1270 613 1309 suscipiunt
635 1271 790 1303 utilitatem,
807 1271 843 1298 ita
858 1275 1015 1306 etprtesens

224 1315 339 1347 sanctio,
354 1323 435 1351 parva
450 1315 516 1342 mihi
533 1320 560 1342 et
571 1315 694 1348 minima,
712 1321 740 1344 et
754 1320 784 1344 ut
792 1316 958 1344 credendum
973 1320 1015 1344 est

224 1365 275 1385 nec
289 1359 481 1392 reticendum,
495 1359 600 1387 inutilis
625 1361 668 1388 vel
689 1361 813 1389 fortassis
830 1362 913 1389 etiam
935 1362 1014 1389 noxia

223 1408 267 1431 est
281 1403 326 1431 hic
356 1404 457 1438 littera,
485 1404 509 1432 si
531 1406 663 1440 spolietur
673 1406 808 1442 spirituali
835 1407 1014 1443 intelligentia

224 1450 318 1478 multis
333 1451 536 1486 emergentibus
553 1452 638 1487 ipsius
654 1453 759 1486 litterae,
774 1457 802 1480 et
819 1454 900 1481 variis
919 1461 1014 1488 repre-

224 1495 414 1530 hensionibus,
439 1497 512 1525 sicut
541 1498 570 1525 in
583 1499 814 1534 subsequentibus
834 1499 1012 1534 reperiemus,

225 1541 277 1568 nisi
294 1542 356 1576 quis
373 1542 407 1571 ad
432 1543 617 1572 sublimiorem
638 1539 894 1580 interpretationem
920 1545 1015 1573 confu-

223 1586 310 1622 giens,
324 1595 357 1615 ex
375 1595 405 1615 ea
423 1590 653 1624 quemadmodum
669 1599 718 1627 pro
749 1591 838 1619 littera
858 1591 1014 1619 satisfacere

225 1633 321 1667 possit,
339 1634 472 1668 exquirat.
490 1635 603 1671 Propter
614 1637 687 1675 quod
698 1642 726 1664 et
741 1637 839 1665 bonam
854 1638 950 1672 legem,
967 1644 1016 1664 seu

225 1677 364 1711 mandata,
378 1683 405 1706 et
423 1687 477 1707 non
493 1681 593 1708 bonam
619 1689 669 1717 per
701 1682 862 1718 prophetam
890 1682 1014 1710 Ezechiel

262 1753 273 1769 '
291 1754 379 1784 Galat.
393 1765 429 1790 tv,
450 1758 551 1790 2i,‘24.
592 1759 677 1788 “ibid.
716 1761 725 1776 ⁷
744 1760 842 1788 Ezech.
856 1769 900 1794 xx.
913 1759 956 1792 iO,
973 1761 1015 1788 Η.

1072 316 1096 339 et
1107 312 1185 338 eduxi
1198 312 1226 337 in
1236 311 1348 343 deserto,
1359 315 1385 338 et
1394 311 1454 338 dedi
1466 311 1503 338 eis
1517 315 1648 346 pra’cepta
1662 319 1730 342 mea,
1749 315 1773 337 et
1788 311 1866 345 judi-

1072 357 1112 384 cia
1126 365 1184 384 mea
1196 356 1296 383 ostendi
1310 357 1357 389 eis,
1370 365 1428 392 qua:
1439 357 1522 392 faciat
1535 356 1612 383 homo
1627 360 1651 383 et
1663 357 1734 383 vivat
1753 356 1782 383 in
1796 356 1833 383 eis
1843 356 1865 383 ⁷.

1072 403 1141 430 Ecce
1155 403 1226 430 bona
1242 407 1269 429 et
1283 402 1361 429 valde
1376 402 1448 430 bona
1464 402 1490 429 in
1509 406 1615 429 tantum
1629 406 1658 429 ut
1682 402 1768 429 vitam
1794 409 1867 436 prae—

1071 453 1380 481 stentcommcmorans,
1396 448 1458 476 vide
1471 448 1561 484 qualia
1577 456 1672 475 rursus
1681 448 1715 475 de
1729 448 1772 475 his
1787 456 1867 475 man-

1070 496 1140 523 datis
1157 495 1277 523 subdidit
1305 504 1311 522 :
1332 495 1366 522 Et
1381 503 1427 530 ego
1450 495 1487 522 eis
1511 495 1582 526 dedi,
1612 494 1711 529 inquit,
1736 495 1866 521 mandata

1070 550 1120 568 non
1137 542 1216 574 bona,
1227 546 1251 568 et
1263 542 1367 576 judicia
1380 541 1408 567 in
1424 541 1516 576 quibus
1531 549 1583 568 non
1597 540 1682 567 vivent
1693 541 1716 567 ⁸.
1740 540 1776 568 At
1794 549 1866 576 quo-

1069 587 1151 615 modo
1165 591 1280 622 possunt
1293 587 1363 614 bona
1379 587 1438 614 haec
1464 594 1535 620 esse,
1556 591 1582 614 et
1607 594 1663 613 non
1690 586 1780 614 bona?
1809 587 1865 614 Aut

1069 634 1205 669 quomodo
1220 642 1294 661 nunc
1307 634 1438 668 praebent,
1464 641 1538 660 nunc
1564 638 1655 660 autem
1672 640 1726 660 non
1744 633 1867 668 prtebcnt

1069 680 1234 716 vitam?Aut
1249 684 1323 707 certe
1338 679 1399 714 quis
1412 679 1449 706 ita
1476 679 1626 706 secundum
1652 687 1716 706 eum
1733 679 1865 711 custodit,

1068 725 1219 752 secundum
1228 732 1309 759 quem
1321 732 1336 750 a
1346 724 1499 759 legislatore
1507 724 1642 759 descripta
1655 729 1730 757 sunt,
1741 724 1866 752 videlicet

1068 769 1212 804 spiritum?
1226 769 1341 804 Spiritus
1366 769 1435 796 enim
1455 774 1491 796 est
1510 769 1590 800 Deus,
1607 774 1632 796 et
1657 777 1699 796 eos
1728 769 1773 804 qui
1799 770 1866 796 ado—

1067 820 1128 842 rant
1145 824 1215 846 eum.
1229 815 1257 842 in
1267 815 1361 849 spiritu
1378 820 1402 842 et
1416 816 1526 842 veritate
1535 820 1635 850 oportet
1647 816 1760 842 adorare
1770 815 1781 832 '
1791 824 1798 842 :
1808 816 1866 850 ipse

1068 862 1094 888 in
1107 861 1148 889 eis
1163 861 1239 888 vivit.
1258 860 1310 894 Qui
1338 868 1402 888 vero
1417 861 1563 888 carnaliter
1587 860 1698 896 accipit,
1721 866 1794 889 recte
1809 869 1864 889 non

1067 908 1139 935 bona
1148 907 1232 935 sentit
1250 906 1467 941 divinajudicia:
1482 907 1583 941 quippe
1598 914 1649 933 nec
1660 907 1795 942 intelligit,
1812 915 1865 935 nec

1069 954 1109 981 eis
1118 954 1203 981 utitur
1213 952 1383 981 bene.‘Unde
1398 960 1428 979 ca
1443 960 1503 987 quae
1515 953 1587 980 bona
1601 957 1675 985 sunt,
1686 957 1760 980 recte
1772 953 1796 980 ei
1807 961 1863 980 non

1069 1000 1140 1027 bona
1164 999 1252 1032 ﬁunt,
1278 1006 1329 1026 nec
1348 998 1415 1025 vivit
1425 998 1452 1025 in
1468 998 1524 1025 eis:
1537 1006 1600 1025 nam
1616 999 1734 1033 primum
1753 999 1863 1033 quidem

1069 1046 1196 1082 ignorant
1217 1045 1300 1073 vitam
1328 1052 1389 1079 qua
1414 1044 1442 1070 in
1457 1044 1497 1070 eis
1514 1043 1605 1071 abdita
1623 1049 1675 1077 est,
1694 1044 1793 1072 deinde
1806 1052 1862 1072 non

1069 1099 1188 1126 semper,
1201 1091 1247 1118 sed
1255 1095 1329 1118 certo
1336 1094 1458 1125 tempore
1466 1089 1605 1125 legislator
1617 1089 1702 1117 voluit
1719 1090 1863 1125 superﬁcie

1070 1140 1148 1163 tenus
1172 1135 1301 1162 custodiri
1318 1155 1325 1167 ,
1343 1139 1372 1162 ut
1395 1135 1559 1170 astringeret
1581 1134 1736 1162 Judasorum
1765 1135 1873 1162 duram'

1067 1181 1212 1213 cervicem,
1230 1180 1402 1216 graviorique
1415 1184 1541 1214 egentem
1551 1180 1629 1215 jugo.
1644 1179 1793 1215 Propterea
1810 1187 1862 1215 po-

1068 1226 1161 1260 pulum
1176 1232 1238 1252 eum
1250 1225 1325 1252 duras
1343 1225 1458 1252 cervicis
1471 1224 1612 1260 prophetae
1641 1225 1748 1252 dicunt.
1777 1224 1862 1252 Isaias

1067 1274 1159 1297 autent
1177 1277 1233 1297 non
1252 1274 1356 1297 tantum
1371 1269 1446 1296 dum
1458 1269 1585 1300 cervicis,
1599 1269 1647 1297 sed
1663 1269 1776 1296 vitulam
1798 1276 1860 1296 com

1067 1319 1235 1343 sternantem
1257 1314 1414 1342 Judasorum
1437 1315 1568 1350 populum
1582 1315 1730 1350 appellavit
1743 1314 1775 1342 “.
1793 1314 1860 1348 Quae

1067 1365 1157 1388 autem
1168 1364 1405 1393 consternansest.
1419 1361 1442 1388 si
1458 1361 1494 1388 ita
1505 1361 1772 1397 susceperitjugum,
1785 1361 1860 1388 nullo

1067 1407 1148 1434 modo
1156 1407 1292 1434 domatur.
1301 1406 1335 1434 Et
1348 1407 1597 1442 rursus:EpItraim
1609 1407 1691 1434 vitula
1703 1407 1781 1433 docta
1795 1406 1859 1433 dili-

1067 1454 1271 1488 geretrituram,
1286 1453 1409 1480 transibit
1437 1461 1516 1488 super
1543 1452 1768 1488 pulchritudinem
1797 1453 1860 1479 colli

1067 1499 1124 1534 ejus
1140 1500 1172 1530 ‘I,
1192 1506 1241 1533 per
1256 1498 1354 1526 collum
1366 1499 1550 1526 obedientiam
1576 1498 1743 1534 signiﬁcans,
1762 1498 1788 1525 in
1806 1506 1859 1533 quc

1065 1546 1159 1581 jugum
1177 1545 1243 1580 legis
1257 1545 1481 1580 superimposuit,
1507 1549 1537 1572 ut
1560 1544 1721 1572 humiliatus
1744 1544 1860 1579 populus

1067 1591 1184 1618 libenter
1207 1590 1393 1625 evangelicum
1407 1591 1515 1626 jugum.
1531 1595 1624 1625 utpote
1638 1590 1698 1619 levo
1720 1597 1862 1624 suaveque

1069 1635 1229 1670 susciperet.
1250 1635 1302 1662 Sed
1313 1636 1367 1671 jam
1381 1640 1489 1672 tempus
1501 1641 1546 1664 est
1564 1640 1593 1663 ut
1617 1635 1704 1671 ipsam
1717 1635 1785 1671 legis
1797 1643 1857 1670 pro-

1068 1689 1202 1717 ponamus
1219 1681 1346 1709 litteram.

1054 1760 1065 1781 !
1079 1758 1143 1786 ibid.
1171 1759 1214 1786 12.
1247 1759 1345 1787 'Joan.
1360 1767 1396 1787 iv.
1417 1760 1559 1793 ‘°lsa.xv,
1572 1761 1599 1788 5.
1638 1760 1660 1777 ¹¹
1672 1759 1744 1789 Osee
1768 1768 1795 1794 ι,
1814 1760 1856 1788 Η.

231 1865 1210 1880 ——_!—————,——————————.

776 1950 980 1999 LIBER
1019 1951 1299 1996 PRIMUS.

481 2127 595 2177 eAeUT
614 2149 760 2179 PRIMUM.

1068 2151 1107 2177 nis
1118 2170 1124 2182 ,
1141 2151 1234 2176 domus
1249 2149 1381 2177 Israel”?
1397 2149 1478 2185 Atqui
1494 2150 1650 2185 frequenter
1664 2149 1818 2177 obtulerant
1847 2159 1854 2177 ;

261 2192 343 2220 Vsus.
362 2194 387 2225 Ι,
399 2193 426 2220 2.
446 2202 455 2220 α
478 2193 593 2223 Vocavit
610 2201 701 2223 autem
714 2195 833 2232 Moysen,
860 2201 888 2224 et
905 2193 1012 2224 locutus
1029 2206 1051 2236 Ι)
1067 2195 1114 2223 sed
1130 2196 1165 2223 ob
1177 2196 1229 2223 hoc
1240 2195 1312 2230 quod
1324 2195 1406 2222 nimis
1421 2195 1602 2231 displicebant
1616 2195 1692 2228 ei,ea
1701 2195 1778 2230 quasi
1799 2203 1854 2222 non

225 2242 267 2266 est
281 2239 304 2266 ei
322 2238 453 2267 Dominus
467 2240 501 2268 de
518 2241 694 2269 tabernaculo
712 2242 869 2274 testimonii,
893 2242 987 2270 dicens
1004 2252 1010 2269 ε

225 2284 349 2320 Loquere
365 2285 426 2314 ﬁliis
449 2285 540 2320 Israel,
556 2291 584 2315 et
598 2287 672 2316 dices
701 2288 735 2315 ad
757 2296 825 2316 eos:
851 2289 938 2316 Homo
967 2289 1012 2324 qui

224 2330 354 2360 obtulerit
368 2340 401 2359 ex
414 2332 491 2361 vobis
508 2333 626 2361 hostiam
640 2334 758 2361 Domino
772 2334 805 2361 de
821 2334 975 2369 pecoribus,
985 2334 1012 2363 id

225 2382 275 2410 est,
293 2378 325 2405 de
340 2378 427 2406 bobus
450 2383 477 2408 et
492 2379 589 2408 ovibus
601 2379 721 2411 offerens
733 2380 866 2408 victimas.
882 2390 891 2406 ι

259 2424 336 2456 Quod
370 2433 424 2455 non
454 2424 572 2460 diligens
604 2425 676 2456 Deus
708 2426 850 2459 sacriﬁcia,
887 2435 919 2454 ea
951 2435 1012 2462 qua:

224 2470 258 2496 de
273 2470 413 2498 sacriﬁciis
427 2471 527 2499 Judwis
546 2472 716 2507 pr.cceperit,
733 2472 903 2500 demonstrat
929 2473 1012 2500 ls-aias

225 2515 318 2542 dicens
335 2524 341 2541 :
359 2515 414 2548 Quo
430 2517 494 2543 milii
509 2517 704 2544 multitudinem
719 2510 887 2544 victiniarum
912 2523 1013 2545 vestra-

226 2568 282 2586 rum
293 2560 305 2587 ?
316 2560 378 2588 dicit
393 2560 537 2594 Dominus;
553 2561 644 2596 plenus
653 2570 711 2589 sum
725 2562 875 2588 holocausta
888 2562 1012 2594 arietant,

224 2611 248 2633 et
263 2606 342 2640 adipe
352 2606 500 2641 pinguium;
511 2607 665 2641 sanguinem
676 2607 827 2639 vitulorum,
844 2612 869 2634 et
882 2615 1010 2643 agnorum

225 2657 249 2677 ct
269 2651 402 2679 hircorum
426 2650 508 2678 nolui.
531 2650 596 2678 Cum
617 2651 739 2678 ueneritis
761 2657 824 2679 ante
849 2657 1014 2686 conspectum

226 2705 321 2729 insutu,
338 2697 395 2732 quis
404 2697 523 2732 quwsicit
539 2698 594 2724 haec
605 2698 637 2725 de
652 2699 771 2726 manibus
784 2700 875 2726 uestris
888 2700 929 2726 "1’
944 2700 1015 2735 Ergo

225 2742 426 2776 quodammodo
439 2743 492 2770 hoc
510 2743 581 2778 quod
612 2744 645 2771 de
668 2744 810 2774 sacriﬁciis
834 2752 1012 2781 praeceperat.

225 2789 330 2817 abnuit.
348 2789 396 2817 His
407 2789 504 2817 similia
520 2793 546 2817 et
561 2790 645 2818 Amos
659 2790 724 2818 dicit
739 2790 885 2827 :Nuuquid
893 2791 1014 2818 victimas

225 2840 249 2866 at
264 2834 395 2869 sacriﬁcia
412 2835 540 2863 obtulisti:
553 2836 615 2863 mihi
633 2837 660 2864 in
667 2837 769 2864 deserto
779 2837 957 2872 quadraginta
969 2845 1014 2864 an-

279 2924 299 2944 "
312 2925 360 2956 irit.
378 2933 398 2960 ιι
417 2926 456 2958 Η,
473 2926 513 2958 12.
567 2928 586 2943 ¹³
599 2928 680 2956 Amos
698 2936 720 2955 γ.
741 2926 784 2955 25.

1066 2243 1155 2270 oblata
1170 2242 1325 2277 reputabat.
1344 2242 1444 2270 Eadem
1463 2246 1490 2269 et
1500 2242 1634 2270 Jeremias
1648 2242 1778 2277 propheta
1790 2242 1829 2269 ait
1847 2250 1854 2269 :

1066 2289 1129 2315 ιιωε
1149 2289 1212 2315 dicit
1230 2288 1354 2316 Dominus
1380 2288 1550 2321 exercituum,
1572 2288 1641 2315 Deus
1654 2287 1757 2314 Israel:
1771 2287 1854 2314 Ηοιο-

1066 2339 1220 2362 cautomata
1240 2339 1326 2362 vestra
1341 2334 1429 2361 addite
1440 2334 1552 2361 victimis
1570 2334 1672 2366 uestris,
1688 2339 1712 2360 et
1728 2334 1854 2361 comedit:

1066 2388 1178 2409 carnes:
1193 2381 1255 2416 quia
1272 2388 1323 2407 non
1347 2388 1405 2407 sum
1435 2380 1535 2407 loeutus
1557 2380 1676 2415 patribus
1701 2380 1803 2412 uestris,
1830 2385 1854 2406 et

1065 2433 1116 2452 non
1128 2425 1238 2459 prwcepi
1250 2425 1286 2452 eis
1297 2425 1323 2451 in
1338 2425 1380 2452 die
1403 2433 1454 2460 qua
1468 2425 1547 2452 eduxi
1556 2433 1598 2452 eos
1613 2426 1645 2452 de
1653 2430 1723 2452 terra
1734 2425 1854 2460 tEgypti,

1065 2472 1097 2498 de
1113 2471 1190 2498 verba
1208 2471 1449 2497 holocaulomatum
1468 2475 1492 2497 et
1507 2471 1673 2498 victimarum
1697 2471 1729 2497 “.
1745 2471 1797 2498 Sed
1814 2472 1854 2498 iu-

1065 2516 1144 2551 quies
1161 2524 1167 2542 :
1182 2515 1246 2544 Haec
1258 2515 1292 2543 de
1309 2515 1408 2550 quibus
1427 2516 1564 2551 loquimur
1583 2516 1642 2551 ipse
1658 2517 1795 2544 mandavit
1807 2517 1853 2551 qui

1066 2566 1094 2589 et
1110 2565 1201 2597 negat,
1217 2566 1245 2588 et
1259 2569 1308 2588 cur
1324 2567 1404 2597 negat
1416 2569 1477 2597 qua:
1498 2562 1693 2590 mandaverat?
1705 2562 1781 2590 Cur?
1792 2563 1853 2598 quia

1066 2607 1246 2635 intentionem
1263 2607 1366 2635 daturis
1393 2608 1421 2635 hi
1436 2607 1483 2643 qui
1505 2613 1671 2643 acceperunt
1690 2609 1853 2643 transgressi

1065 2659 1138 2682 sunt.
1156 2654 1224 2681 (ium
1246 2653 1320 2681 enim
1337 2653 1445 2681 subtilis
1462 2658 1545 2687 esset,
1569 2659 1598 2682 et
1623 2654 1702 2682 valde
1729 2654 1853 2681 sublimis

1064 2701 1117 2732 lex,
1130 2706 1157 2728 ct
1170 2708 1232 2727 eum
1252 2704 1394 2735 propterea
1414 2699 1547 2727 absconsa
1566 2704 1640 2727 esset
1658 2700 1685 2727 in
1709 2699 1853 2735 superﬁcie

1063 2746 1171 2779 litterae,
1185 2750 1320 2780 quatenus
1332 2749 1534 2780 perscrutantes
1550 2753 1610 2772 eam
1632 2746 1770 2773 discerent
1788 2752 1852 2772 cum

1064 2792 1140 2827 prius
1158 2799 1223 2818 suos
1242 2791 1436 2818 emendassent
1453 2798 1567 2818 sensus:
1585 2795 1664 2818 erant
1677 2790 1749 2818 enim
1775 2798 1852 2818 cras-

1062 2837 1142 2864 sioris
1156 2841 1235 2871 atque
1253 2836 1313 2863 duri
1329 2835 1427 2868 cordis,
1443 2839 1472 2863 et
1487 2836 1603 2864 necdum
1619 2836 1704 2873 legem
1733 2835 1780 2863 Dei
1807 2835 1852 2863 inv

837 2926 858 2942 "
871 2926 971 2954 Jerem.
991 2926 1149 2961 "1.2!,22.
