2052 3150
165 216 218 248 ’193

755 218 796 248 ΙΝ
814 218 1035 250 LEVITICUM.
1056 233 1088 239 -
1109 221 1182 251 LIB.
1202 222 1227 252 Ι.

1744 222 1801 254 794

165 269 287 305 telligere
299 269 431 302 valentes,
447 269 474 296 in
488 270 639 305 ignorantia
673 277 874 300 remanserunt.
887 272 956 300 Cum
975 277 993 303 Α
1009 274 1137 303 videlicet
1155 276 1248 308 Israel,
1265 275 1299 304 de
1309 276 1409 311 quibus
1424 285 1486 304 eum
1502 278 1548 312 qui
1564 279 1716 305 voluntaria
1731 278 1804 306 dona

165 319 256 342 autem
279 315 398 342 maxima
431 316 603 344 districtione
633 317 778 345 verborum
821 318 959 354 legislator

167 366 269 394 utatur,
285 369 359 388 nunc
373 361 454 388 etiam
466 363 501 390 ab
515 363 574 395 ipsa
594 367 636 390 est
660 371 749 391 orsus.
767 363 915 391 Exordium
931 363 958 390 in

165 406 285 433 editione
298 405 369 432 LXX
393 406 489 441 incipit
504 407 538 434 ab
549 415 581 434 ea
598 412 674 442 parte
690 408 822 435 orationis
836 416 896 442 qua:
917 414 959 435 est

167 451 326 486 conjunctio
347 459 429 486 quam
457 453 653 479 consuevimus
682 453 718 480 in’
736 453 841 480 medio
855 453 959 480 ordinis

165 505 268 532 ponere
282 498 437 528 verborum,
456 502 485 524 ut
499 498 717 532 pnecedentibus
742 498 891 533 coniungat
914 507 958 526 se-

168 542 276 577 quentia
300 551 306 568 :
323 542 410 576 ipsum
424 542 524 577 quippe
537 543 597 570 libri
615 543 697 578 hujus
712 543 822 570 initium
840 544 959 571 termino

177 589 346 616 Taecedentis
363 589 514 623 conjunxit,
530 589 575 624 qui
604 590 755 624 appellatur
780 590 901 622 Exodus,
929 590 957 617 in

176 643 219 669 [no
235 635 339 669 Moyses
358 635 561 662 tabernaculum
585 635 683 667 erexit,
710 636 754 663 cui
785 640 859 663 recte
887 644 958 671 prae-

169 681 253 708 sentia
269 681 483 716 conjunguntut‘,
499 689 560 709 cum
575 683 657 709 unius
669 683 848 717 ejusdemque
859 683 905 710 Dei
930 682 958 709 in

168 732 284 761 utroque
300 728 475 754 continuentur
502 735 581 762 opus.
610 729 664 756 Sed
692 734 720 756 et
743 729 812 756 liber
834 728 957 761 Numeri,

166 773 228 808 quia
249 773 317 800 nihil
343 773 462 800 medium
492 774 563 801 inter
590 782 651 801 eum
673 779 702 802 et
727 774 878 802 Leviticum
908 783 958 809 ap-

167 818 293 852 pellatur,
316 818 404 845 simile
431 818 513 846 habet
536 824 562 846 et
604 820 661 854 ipse
703 820 893 854 prooemium;
919 819 959 847 ait

165 863 262 890 enim:
283 864 478 898 cLocutusque
502 869 545 891 est
573 864 705 892 Dominus
729 865 763 892 ad
792 865 902 901 Moysen
929 865 958 892 in
979 878 983 882 ~

165 911 275 937 deserto
296 910 381 942 Sinai,
407 911 433 937 in
452 911 628 938 tabernaculo
655 911 776 944 foederis,
799 912 887 946 prima
914 911 958 939 die

1010 323 1151 352 oﬂerebat,
1165 323 1199 350 de
1217 323 1304 351 bobus
1329 324 1373 351 vel
1389 324 1423 351 de
1432 324 1530 351 ovibus
1541 324 1640 351 ollerre
1653 325 1802 359 praecepit:

1009 375 1042 395 ex
1057 374 1173 403 utroque
1190 369 1302 396 animali
1316 369 1491 402 veljumento
1515 369 1633 396 similem
1655 370 1806 403 designans

1010 413 1159 443 hominem.
1178 413 1223 448 qui
1241 414 1308 440 nihil
1335 414 1482 443 acuminis.
1498 422 1586 448 neque
1608 415 1640 441 ad
1660 415 1803 446 virtutem,

1009 467 1098 493 neque
1121 459 1154 486 ad
1179 459 1310 485 tualitiatn
1344 459 1435 492 habet,
1457 459 1505 486 sed
1526 459 1644 485 trahitur
1667 459 1701 485 ab
1720 459 1774 485 alio
1793 468 1800 486 ε

1010 505 1078 531 tales
1094 510 1159 531 sunt
1180 504 1265 531 boves
1282 508 1310 530 et
1327 512 1407 536 oves;
1427 504 1509 530 nimis
1533 504 1606 530 enim
1633 504 1666 530 ad
1691 511 1803 530 manum

1001 554 1074 576 'sunt
1088 554 1218 577 consueta
1236 549 1374 579 animalia,
1389 553 1416 575 et
1431 557 1479 576 eos
1500 549 1544 583 qui
1566 549 1602 575 ita
1629 549 1742 575 trahunt
1766 548 1806 574 fa-

1009 596 1061 623 cile
1074 595 1227 630 sequentia.
1244 595 1277 621 Et
1291 599 1435 629 propterea
1451 602 1505 621 non
1519 594 1642 620 omnium
1663 595 1719 621 lnec
1741 602 1803 620 lllll-

1009 649 1086 674 nera,
1105 642 1152 668 sed
1167 641 1323 668 ludatorum
1339 640 1509 667 solummodo
1519 648 1580 667 esse
1609 645 1723 674 poSsunt
1739 649 1744 666 :
1763 639 1803 666 illi

1010 688 1082 715 enim
1100 688 1207 715 etiamsi
1223 687 1332 714 virtutis
1344 686 1445 721 aliquid
1463 694 1516 713 non
1531 692 1689 720 operantur,
1703 686 1805 712 sullicit

1008 733 1049 759 eis
1066 732 1177 760 minitne
1196 732 1288 766 inique
1305 731 1423 766 operari.
1447 732 1484 757 De
1500 731 1599 765 quibus
1615 730 1698 756 David
1728 730 1803 757 diee-

1009 779 1055 806 bat
1073 787 1080 805 :
1097 778 1220 805 Homines
1233 783 1257 815 et
1276 778 1397 812 jumenta
1417 777 1504 804 salvos
1531 778 1622 812 facies,
1640 776 1750 803 Domine
1762 777 1803 808 ”,;

1009 824 1129 859 primum
1156 823 1280 851 ordinem
1319 823 1475 850 hominibus
1501 822 1671 854 custodiens,
1689 815 1801 848 'deiude

1009 868 1163 896 concedens
1179 868 1261 895 etiam
1282 868 1394 902 reliquis
1406 868 1532 895 salutem.
1549 867 1628 900 Quod
1642 870 1733 893 autem
1751 866 1803 893 ho-

1010 915 1111 942 minem
1130 915 1222 947 istum,
1238 915 1272 942 de
1284 922 1338 949 quo
1360 922 1434 941 nunc
1461 922 1552 941 sermo
1576 918 1628 946 est,
1663 913 1805 946 legislator

165 956 269 982 mensis
282 956 405 989 secundi,
419 964 491 984 anno
507 956 604 983 altero.
618 966 627 982 ι
640 956 712 983 Nihil
725 964 790 991 ergo
800 961 861 991 post
870 956 958 983 histo-
976 953 996 980 Β
1010 961 1167 996 appellavit,
1182 960 1302 987 ailenim
1322 969 1327 986 ε
1344 959 1435 994 non",
1448 968 1481 987 ex
1495 959 1582 991 vobis,
1600 966 1655 986 ηοη
1672 958 1725 984 hoc
1749 958 1800 984 ad-

164 1001 233 1028 riam
248 1001 361 1028 Levitici
372 1002 434 1028 libri
448 1024 455 1034 ,
470 1006 533 1029 ante
548 1002 691 1029 historiam
706 1009 770 1029 vero
783 1002 894 1029 Numeri
907 1010 957 1036 po—

164 1047 246 1082 pulus
257 1047 415 1075 ludaeorum
427 1049 496 1083 egit:
509 1056 597 1083 neque
609 1049 682 1075 enim
693 1048 782 1076 locum
792 1053 956 1080 mutaverat,

163 1094 227 1128 quia
244 1094 361 1121 uecdmtt
381 1094 585 1121 tabernaculum
599 1094 769 1128 dedicaraut,
779 1102 830 1122 nec
849 1099 957 1128 tempus

163 1141 280 1168 multutn
300 1140 478 1174 praeterierat.
499 1139 528 1166 In
556 1140 645 1174 primo
669 1139 771 1174 quippe
792 1146 886 1167 mense
912 1146 957 1167 se-

163 1185 247 1212 cundi
265 1185 341 1217 anni,
354 1184 478 1219 ejusdem
495 1184 595 1211 mensis
607 1183 683 1211 initio
697 1184 738 1218 agi
758 1189 910 1218 creperum.
927 1182 955 1209 In

164 1231 257 1258 Exodo
269 1235 361 1258 autem
379 1235 406 1257 et
421 1229 531 1260 Genesi,
552 1229 615 1264 quia
642 1233 749 1264 tempus
766 1229 880 1256 multum
897 1236 957 1255 me-

163 1278 250 1309 dium,
269 1276 370 1311 Ioseph
387 1276 491 1307 mortis,
507 1280 536 1302 et
551 1275 717 1311 egressionis
735 1275 851 1302 ﬁliorum
876 1273 957 1301 Israel

164 1327 376 1354 transcurrerat,
394 1329 448 1348 non
467 1321 592 1348 similiter
607 1320 635 1348 in
652 1321 757 1348 eisdem
770 1320 848 1347 libris
862 1319 954 1354 coepit.

162 1369 222 1396 Non
238 1368 311 1395 enim
322 1372 350 1395 et
364 1367 576 1401 conjttnetionis,
588 1367 635 1394 sed
648 1371 832 1401 opportunum
847 1365 957 1399 dispen-

162 1415 262 1442 sationi
277 1422 372 1440 eorum
388 1421 448 1448 qua:
464 1413 501 1440 ibi
516 1413 615 1447 scripta
630 1417 705 1443 sunt,
718 1411 955 1447 ponitexordium.

163 1460 209 1487 Ait
223 1459 298 1486 enim
315 1459 376 1489 sic:
391 1458 454 1485 llwc
461 1462 521 1484 sunt
534 1457 603 1484 enim
617 1457 722 1484 nomina
732 1457 848 1490 ﬁliorum
860 1455 956 1489 Israel,

163 1506 208 1540 qui
226 1504 338 1540 ingressi
353 1504 451 1530 suntin
465 1503 581 1538 Aigypto
596 1511 656 1529 cum
675 1502 766 1534 Jacab,
786 1502 884 1537 singuli
899 1509 958 1528 cum

163 1551 283 1578 domibus
299 1550 353 1577 suis
366 1550 397 1576 “.
415 1549 469 1576 Sed
499 1549 557 1576 sine
586 1548 670 1576 dubio
683 1548 794 1582 objiciet
810 1547 955 1582 quispiam,

163 1598 344 1632 quamobrem
357 1596 418 1623 libri
432 1596 499 1631 legis
514 1596 593 1623 divisi
609 1599 684 1627 sunt,
713 1602 776 1622 cum
804 1602 857 1621 non
885 1594 957 1621 divi-

163 1629 305 1674 derentur,
336 1643 405 1669 sicut
435 1629 594 1677 praedictum
627 1645 686 1673 est,
712 1646 833 1675 tempore
860 1640 872 1667 ?
904 1629 992 1667 Sedc

166 1691 218 1717 hoc
244 1689 307 1716 ideo
316 1693 345 1716 ut
362 1696 417 1715 non
432 1688 570 1715 fastidiutn
593 1687 747 1722 legentibus
766 1686 826 1713 libri
855 1685 958 1713 faceret

164 1736 318 1772 amplitudo
342 1744 350 1762 :
377 1735 494 1762 libenter
529 1733 603 1761 enim
623 1733 807 1768 negotiatores
845 1733 957 1768 pelagus

165 1784 277 1818 viasque
291 1782 429 1813 dividunt,
445 1781 532 1816 ipsum
557 1779 759 1815 quodammodo
789 1778 955 1805 arbitrantes

164 1829 288 1856 dividere
299 1836 328 1855 se
340 1828 470 1854 laborem.
491 1825 628 1854 Praeterea
647 1824 798 1852 secundum
812 1824 883 1851 LXX
899 1832 955 1851 non

164 1875 267 1906 vorari,
294 1874 342 1902 sed
359 1873 481 1902 revocari
505 1871 615 1907 Moysen
642 1871 776 1905 scriptum
807 1875 860 1902 est,
885 1871 957 1898 sicut

164 1921 273 1956 quando
310 1920 401 1950 idem,
435 1918 586 1946 secundum
627 1917 709 1948 LXX,
751 1916 870 1944 Beseleel
915 1913 979 1943 taU

165 1967 342 1994 bet-naculum
371 1965 521 1993 scentulum
556 1964 668 1999 ﬁguram
694 1971 755 1997 qua:
777 1967 887 1990 ostensa
915 1967 957 1989 est

165 2012 193 2038 in
216 2016 323 2042 monte,
350 2011 439 2037 facere
466 2009 605 2044 praecepit.
635 2009 680 2035 Ait
703 2008 803 2034 enim:
832 2006 956 2040 Dixitque

168 2058 266 2093 Moysis
278 2057 341 2092 ﬁliis
356 2056 440 2083 Israel
453 2064 462 2082 :
482 2056 548 2082 Ecce
563 2055 691 2082 revocavit
707 2054 776 2080 Deus
791 2061 823 2079 ea:
852 2052 956 2078 nomine

165 2090 283 2131 Beseleel
295 2103 380 2138 ﬁlium
393 2102 447 2130 Ilor
459 2102 490 2129 de
501 2101 571 2131 tribu
589 2100 671 2133 Juda,
690 2105 714 2127 et
731 2099 848 2133 implevit
859 2090 965 2132 spiritu.

164 2150 302 2184 sapientia
313 2150 345 2176 ¹⁶.
362 2149 431 2184 Ergo
448 2153 476 2175 et
494 2155 567 2174 nunc
598 2147 714 2173 aliorum
741 2143 955 2180 intelligibilium

165 2195 357 2231 quorumdam,
388 2200 415 2221 et
434 2192 634 2221 rationabilinm
648 2190 844 2218 sacriﬁciorum
863 2189 958 2224 imagi—

165 2248 238 2270 nem,
251 2240 407 2268 describere
424 2238 554 2265 Dominus
566 2236 674 2272 Moysen
688 2235 826 2271 praecepit,
840 2238 868 2261 et
879 2241 958 2268 aper-

166 2287 271 2314 tissime
284 2287 342 2313 hmc
353 2293 413 2320 quae
428 2285 528 2311 dicitur
550 2283 697 2313 revocatio,
718 2281 953 2316 dispensationem

164 2333 310 2367 quamdatn
336 2331 492 2362 verborum,
519 2329 560 2356 vel
581 2336 671 2356 rerum
699 2328 732 2354 ad
757 2326 899 2361 superiora
915 2333 967 2358 re-_

164 2379 353 2414 spirientium,
374 2376 473 2404 innuit.
494 2376 547 2403 Sed
573 2375 644 2402 unde
671 2375 704 2401 ad
726 2381 788 2401 eum
822 2372 955 2400 Dominus

164 2425 303 2461 loquitur?
318 2425 355 2452 De
365 2422 540 2451 tabernaculo
550 2421 652 2448 scilicet
664 2419 823 2448 testimonii.
835 2419 956 2446 Primum

165 2471 277 2506 quidem
295 2470 329 2497 de
345 2469 425 2500 cmlo,
439 2468 501 2503 quia
517 2468 544 2494 in
562 2467 621 2502 ipso
632 2466 754 2493 habitare
784 2465 856 2492 Deus
883 2464 958 2492 allir-

164 2521 266 2544 matur.
284 2515 388 2542 Deinde
404 2513 609 2541 tabernaculum
627 2511 775 2540 testimonii
791 2514 956 2546 praesentem

165 2562 330 2596 scripturam
343 2560 519 2595 intelligimus
533 2567 539 2585 :
554 2558 682 2593 quoniam
704 2557 782 2592 quasi
797 2556 959 2583 tabernam-

166 2608 223 2635 lum
241 2607 378 2642 quoddam
409 2610 481 2638 erat,
499 2613 560 2633 cum
579 2613 609 2632 ea
624 2612 684 2639 qua:
702 2603 875 2634 dicebantur,
890 2602 961 2628 ima-

167 2653 245 2690 gines
271 2653 331 2680 sive
346 2652 437 2688 ﬁgurae
451 2651 623 2687 sequentium
650 2651 840 2686 mysteriorum
854 2653 958 2681 essent,

167 2704 282 2733 propter
297 2698 370 2732 qttod
389 2697 593 2725 tabernaculum
621 2695 769 2723 testimonii
799 2695 953 2722 dicebatur.

168 2743 271 2772 ﬂorum
284 2749 376 2771 autent
387 2751 544 2771 semionum
556 2742 758 2772 tabernaculum
771 2741 959 2768 testimonium

169 2790 323 2817 futurarum
339 2798 429 2817 rerttm
442 2793 494 2822 est,
514 2788 721 2816 indubitabileth
738 2787 778 2814 eis
801 2787 879 2813 ﬁdem
894 2794 960 2821 prae-

169 2841 254 2864 stans.
271 2835 343 2869 Quid
358 2840 448 2863 autem
460 2835 592 2868 dicit,ant
604 2835 638 2861 ad
653 2833 833 2869 quosjussit?
847 2833 880 2860 ad
890 2833 960 2860 ﬁlios

221 2915 243 2930 ¹⁵
262 2913 345 2942 Exod.
360 2923 376 2941 ι.
398 2915 419 2942 l.

174 2958 219 2983 stt.
237 2950 262 2978 ί.

476 2915 494 2929 ⁸³
517 2913 599 2941 ιςλυιι.
615 2920 685 2943 κλμ,
705 2911 726 2938 l.

768 2911 786 2926 Π
802 2910 873 2937 l‘sal.
888 2918 966 2942 xxiv,
985 2910 1010 2936 7.

1008 1007 1133 1038 mireris;
1150 1006 1278 1040 possibile
1291 1011 1333 1033 est
1347 1006 1419 1032 enim
1448 1007 1574 1033 eumdem
1606 1010 1634 1032 et
1662 1005 1803 1032 hominem

1007 1051 1148 1086 appellari,
1165 1055 1193 1078 et
1208 1058 1269 1085 qua:
1282 1051 1468 1084 jumentorum
1480 1054 1545 1077 sunt
1556 1057 1647 1085 agere.
1678 1049 1800 1076 Demon-

1008 1102 1173 1125 stratautem
1189 1097 1241 1124 hoc
1257 1097 1328 1123 idem
1356 1096 1439 1123 David
1458 1096 1590 1131 propheta
1618 1095 1713 1122 dicens
1730 1103 1736 1121 ε
1765 1094 1803 1121 Et

1006 1143 1083 1170 Immo
1097 1152 1157 1170 cum
1180 1143 1207 1169 in
1223 1143 1319 1169 honore
1332 1147 1407 1173 esset.
1427 1147 1596 1178 comparatus
1615 1147 1652 1169 est
1672 1142 1803 1177 jumentis

1007 1190 1200 1223 insipientibus,
1225 1193 1249 1215 et
1263 1188 1358 1215 similis
1374 1189 1460 1221 [actus
1484 1192 1519 1214 est
1552 1188 1605 1214 illis
1629 1188 1661 1214 η.
1698 1187 1800 1214 Verum

1006 1237 1070 1272 quia
1087 1235 1283 1270 intelligibilem
1293 1235 1438 1269 quemdam
1453 1234 1533 1260 Israel
1544 1234 1701 1265 didicimus,
1719 1241 1799 1260 eum-

1007 1290 1060 1317 que
1085 1280 1282 1316 intelligibilem
1329 1279 1567 1306 circuntcisiouem
1610 1283 1801 1310 venerantem,

1006 1327 1235 1364 quemadmodum
1246 1326 1345 1353 Paulus
1356 1325 1410 1352 ait:
1421 1325 1478 1352 Non
1488 1327 1557 1352 enim
1565 1326 1611 1361 qui
1624 1326 1651 1352 in
1660 1326 1803 1360 manifesto

1006 1375 1123 1407 Juda'us,
1136 1382 1182 1401 nec
1197 1382 1226 1400 ea
1243 1381 1300 1408 qua:
1320 1372 1459 1407 propalant
1477 1373 1504 1398 in
1520 1380 1599 1398 carne
1629 1376 1667 1398 est
1687 1372 1801 1398 circum-

1007 1422 1080 1452 cisio,
1099 1421 1144 1447 sed
1156 1428 1215 1456 qua:
1234 1421 1262 1446 in
1288 1419 1399 1449 occulto.
1421 1423 1444 1445 et
1460 1426 1518 1452 qum
1540 1418 1704 1444 circumcisio
1715 1416 1804 1442 cordis.

1006 1468 1033 1494 in
1050 1467 1155 1501 spiritu,
1172 1473 1223 1491 non
1238 1465 1337 1496 littera,
1353 1464 1428 1498 cujus
1441 1463 1500 1489 laus
1519 1470 1569 1488 non
1589 1470 1621 1488 ex
1638 1460 1798 1490 hominibus,

1006 1512 1051 1540 sed
1068 1520 1100 1538 ea:
1122 1512 1175 1538 Deo
1198 1515 1235 1537 est
1252 1510 1284 1541 ‘9,
1307 1508 1332 1535 ei
1361 1507 1523 1543 spiritaliter
1545 1506 1703 1541 praedictam
1733 1504 1801 1539 legis

1007 1557 1177 1585 sanctionem
1192 1559 1366 1590 coaptemus.

1045 1602 1165 1630 Vsus.3.
1195 1610 1204 1627 ι
1223 1601 1251 1628 Si
1281 1601 1342 1635 ejus
1372 1598 1561 1626 holocaustum
1589 1596 1670 1624 fuerit
1700 1595 1804 1622 oblatio

1010 1658 1043 1678 ac
1057 1650 1089 1677 de
1102 1653 1236 1679 armento,
1252 1645 1402 1673 masculum
1424 1644 1639 1673 immaculatum,
1652 1642 1751 1669 offeret
1766 1641 1800 1667 ad

1011 1695 1110 1723 ostium
1126 1691 1296 1720 tabernaculi
1309 1689 1471 1720 testimonii.
1491 1688 1524 1716 ad
1552 1687 1716 1724 placandum
1748 1685 1800 1713 sibi

1012 1741 1168 1768 Dominum.
1188 1749 1197 1765 ι

1046 1786 1114 1820 Quia
1140 1784 1272 1814 sacriﬁcia
1298 1785 1369 1811 Deus
1396 1791 1410 1810 a
1438 1782 1518 1809 nobis
1540 1789 1590 1816 pro
1603 1783 1695 1807 nostra
1712 1778 1801 1805 salute

1010 1834 1077 1865 vult,
1097 1841 1152 1859 non
1171 1833 1228 1866 ipse
1251 1831 1292 1859 eis
1307 1837 1376 1865 opus
1399 1829 1514 1859 habens,
1539 1827 1606 1854 satis
1626 1833 1676 1863 nos
1698 1823 1802 1851 Paulus

1010 1878 1219 1907 commonefacit
1233 1886 1240 1908 ;
1252 1877 1288 1904 ait
1301 1877 1374 1903 enim
1389 1885 1394 1902 :
1406 1875 1516 1902 Obsecro
1527 1874 1617 1908 itaque
1625 1879 1680 1902 vos,
1692 1871 1800 1906 fratres,

1010 1935 1055 1962 per
1070 1924 1276 1952 misericordiam
1295 1923 1352 1954 Dei,
1376 1927 1404 1948 ut
1424 1919 1566 1948 exltibeatis
1582 1925 1691 1952 corpora
1714 1920 1800 1942 uestra

1010 1961 1122 1997 hostium
1145 1969 1246 1998 uiuam,
1260 1971 1391 1998 sanctum,
1413 1966 1466 1992 Deo
1494 1965 1661 1999 placentem;
1679 1961 1800 1987 rationu—

1010 2016 1060 2042 bile
1074 2015 1224 2050 obsequium
1238 2013 1393 2041 vestrum".
1420 2012 1489 2045 Ergo
1507 2010 1617 2045 placens
1636 2007 1801 2035 sacriﬁcium

1010 2061 1076 2093 Deo,
1093 2067 1237 2094 corporum
1253 2062 1409 2085 nostrorum
1429 2054 1603 2083 mortiﬁcatio
1618 2057 1661 2080 est
1688 2061 1694 2078 :
1719 2051 1800 2078 simul

1010 2108 1083 2136 enim
1097 2107 1123 2134 in
1141 2114 1173 2134 eo
1198 2106 1347 2136 lucramur,
1375 2108 1403 2131 et
1418 2102 1490 2137 quod
1507 2110 1522 2128 a
1539 2105 1652 2136 peccan
1677 2098 1801 2125 abstine-

1011 2162 1081 2186 mus,
1095 2157 1122 2180 et
1136 2152 1207 2187 quod
1222 2151 1337 2178 virtutes
1359 2148 1538 2184 arquirimus.
1568 2147 1622 2174 Sed
1649 2146 1714 2181 quia
1742 2145 1801 2180 ipsa

1011 2207 1124 2235 corpora
1139 2199 1248 2231 quidam
1264 2196 1433 2232 plenissime,
1450 2194 1534 2229 aliqui
1559 2199 1650 2221 autem
1668 2201 1700 2219 ex
1724 2196 1802 2226 parte

1011 2246 1192 2277 mortiﬁcant,
1209 2246 1360 2271 secundum
1380 2241 1565 2269 conditionem
1585 2238 1802 2267 conversationis

976 2305 996 2332 ι)
1011 2298 1039 2320 et
1053 2291 1162 2319 modum
1176 2290 1238 2318 vita;
1251 2290 1277 2316 in
1296 2297 1350 2324 qua
1363 2288 1477 2323 degunt.
1498 2294 1560 2313 cum
1587 2285 1614 2312 hi
1639 2285 1748 2320 quidem
1772 2288 1802 2311 ut

1012 2340 1123 2375 perfecti
1134 2338 1253 2373 sapiunt,
1269 2337 1314 2364 alii
1342 2339 1373 2363 ut
1387 2334 1503 2370 parvuli,
1518 2341 1550 2360 ea
1568 2340 1628 2367 quae
1644 2331 1801 2358 omnimoda

1011 2391 1054 2414 est
1072 2385 1238 2413 renuntiatio
1257 2383 1361 2414 saeculi,
1388 2386 1416 2410 et
1449 2381 1619 2415 voluptatum
1643 2377 1802 2413 plenissima

1011 2430 1164 2466 abnegatio,
1175 2429 1365 2456 holocaustum
1377 2427 1478 2454 dicitur
1491 2434 1498 2452 :
1509 2429 1595 2452 totum
1608 2430 1637 2450 se
1649 2422 1723 2449 enim
1741 2421 1803 2456 quis

1014 2477 1068 2504 Deo
1087 2484 1134 2511 per
1149 2474 1347 2510 intelligibilem
1376 2473 1465 2507 ignem
1492 2470 1604 2504 spiritus
1634 2468 1725 2500 offert,
1747 2474 1802 2493 non

1010 2525 1067 2558 jam
1083 2527 1218 2551 terrenus.
1232 2520 1278 2547 sed
1297 2518 1438 2554 spiritalis.
1460 2522 1488 2544 et
1518 2513 1721 2551 quodammodo
1747 2520 1804 2540 rm-

1011 2557 1087 2595 lestis
1104 2566 1228 2594 ell‘ectus.
1246 2565 1273 2591 Si
1285 2572 1350 2599 ergo
1363 2564 1407 2590 hic
1428 2565 1555 2597 operator
1582 2560 1662 2586 fuerit
1692 2557 1803 2591 iustitia!

1010 2614 1087 2649 legis,
1101 2620 1162 2647 quas
1174 2610 1324 2638 secundum
1335 2610 1454 2636 litteram
1471 2612 1522 2637 est,
1536 2607 1584 2633 bos
1597 2613 1661 2631 vero
1675 2603 1804 2630 similiter

1011 2658 1182 2689 nominatur,
1197 2656 1260 2691 quia
1279 2655 1367 2689 ipsum
1397 2651 1498 2680 animal
1517 2651 1611 2686 jugum
1629 2652 1721 2684 portat
1751 2651 1803 2674 ter-

1014 2710 1141 2730 renorum
1154 2709 1278 2736 operum,
1292 2700 1485 2735 jugumautvm
1504 2701 1545 2724 est
1559 2701 1587 2723 et
1602 2696 1657 2721 lex.
1673 2693 1718 2720 Sic
1731 2693 1803 2719 enim

1014 2749 1119 2780 I'etrus,
1135 2755 1196 2774 ctnn
1210 2746 1237 2773 in
1247 2744 1398 2772 Jerusalem
1414 2742 1633 2772 conelonaretur,
1649 2737 1803 2773 appellavit.

1013 2794 1107 2821 dicens
1126 2801 1132 2818 ε
1158 2791 1226 2823 Quid
1253 2789 1359 2816 tentatis
1381 2788 1533 2819 Dominum,
1554 2787 1686 2820 imponere
1708 2782 1803 2817 jugum

1013 2847 1092 2875 super
1102 2838 1212 2866 cervices
1228 2835 1425 2871 discipulorum,
1437 2833 1506 2869 quod
1517 2841 1562 2860 nec
1579 2840 1635 2863 nos,
1658 2838 1704 2857 nec
1718 2832 1808 2863 patres

1052 2907 1072 2923 ιη
1092 2905 1161 2933 [ἐιιι.
1180 2913 1271 2935 sunt
1288 2903 1329 2931 l5.
1370 2903 1390 2918 ‘-”
1406 2902 1484 2930 Rom,
1496 2910 1526 2934 tt,
1540 2901 1584 2932 28,
1600 2900 1645 2928 ‘29.
1686 2898 1707 2914 ’°
1724 2896 1804 2925 Rom.
