2052 3150
271 227 324 258 7115

865 229 1044 259 HESYCHII
1075 228 1314 258 PRESBYTERI
1652 230 1659 243 '

1854 231 1941 264 796'

271 283 353 308 nostri
365 285 469 316 portare
485 281 556 314 potui
567 289 614 307 nus
626 280 645 296 ’ί
660 280 670 307 2
685 280 737 308 Tus
752 281 774 307 is
791 285 832 307 est
847 286 937 308 autem
953 287 980 308 et
992 282 1061 308 Patr
1078 286 1097 312 Α
1114 282 1198 312 mino,
1214 286 1241 308 et
1257 281 1372 308 oti‘crent
1393 282 1439 308 ﬁlii
1460 281 1550 309 Aaron
1569 281 1719 309 sacerdotis
1746 285 1905 319 sanguinem

272 329 313 354 his
327 329 360 354 de
378 329 428 353 hoc
443 326 553 353 animali
567 326 682 361 loquens
694 335 700 359 ;
711 334 930 354 commemorans
944 336 1061 362 namque

262 373 429 400 ‘niandatuiu
454 373 533 406 legis,
551 372 607 398 ait:
629 372 687 398 .‘Von
719 372 844 406 allii/ubis
858 380 885 398 os
901 374 957 399 bovi
983 374 1061 399 tritu-

271 421 342 446 ranti
355 419 385 445 ".
402 418 478 450 Quod
495 418 556 444 vide
582 418 812 452 quemadmodum
841 417 1036 452 interpretetur
1053 428 1059 445 :

270 463 397 499 Num/uid
407 464 438 490 de
450 464 527 490 bobus
543 472 606 489 cura
622 469 658 490 est
674 464 728 490 Deo
744 464 767 480 ’³
782 464 839 491 ?an
873 469 985 499 propter
1012 473 1061 492 nos

272 511 330 537 haec
343 510 417 540 dicit,
432 510 495 544 quia
509 510 591 536 debet
605 510 631 536 in
646 517 694 544 spe
709 510 754 544 qui
770 515 828 536 arat
849 519 936 543 arare,
961 515 986 538 et
1014 513 1060 546 qui

271 556 426 582 Seminatin
441 563 490 590 spe
513 555 619 582 fructus
646 556 802 591 colligendi.
831 557 978 584 Maseulnin
995 565 1061 584 vero

271 610 330 629 esse
360 609 460 628 munus
480 623 486 634 ,
519 602 576 628 sive
599 602 776 633 oblationem,
804 608 831 629 et.
856 603 1060 630 immaculatum

271 648 344 674 vult:
356 648 505 674 masculum
522 648 642 682 quidem.
656 652 683 674 ut
699 648 854 675 nullatenus
870 650 1060 676 mandatorum

272 693 454 726 eﬂ'eminelur,
464 694 521 721 sive
533 695 687 721 emollescat
701 699 843 729 operator;
857 695 1060 722 immaculatum

271 746 347 772 vero,
360 739 417 766 sive
426 747 540 773 purum,
553 744 582 766 ut
596 747 764 774 nequaquam
774 740 878 774 justitia
890 741 1060 775 iniquitatem

272 783 445 818 permisceat,
460 791 511 811 nec
527 784 700 811 simulatione
716 784 843 811 virtutem
868 786 1059 812 commaculet.

273 829 325 856 Sed
340 830 374 856 ad
390 830 490 857 ostium
508 830 672 857 tabernaculi
695 831 855 862 testimonii,
874 832 943 863 sive,
962 840 1061 858 secun-

273 875 338 902 dum
359 875 427 902 LXX
441 896 447 908 ,
461 877 493 903 ad
513 876 717 904 tabernaculum
736 877 883 904 testimonii
903 879 986 912 jussit
1000 886 1061 905 mu-
1073 878 1084 893 “

273 929 324 948 nus
337 922 438 949 olierri.
464 922 682 951 Tabernaeulum
713 929 803 951 autem
837 925 984 953 testimonii
1011 926 1062 953 hoc

274 970 343 1002 loco,
359 978 412 997 non
431 970 518 997 solutn
534 971 606 1004 cmli,
620 971 679 998 illic
696 972 797 1006 quippe
816 976 937 999 nostram
955 977 1062 1007 oportet

273 1023 333 1042 esse
361 1016 608 1049 conversationem,
643 1017 690 1048 sed
719 1022 746 1044 et
776 1017 944 1044 conscientia
967 1024 1062 1046 nostra

274 1060 449 1097 intelligitur;
468 1061 493 1088 in
510 1070 541 1090 ea
558 1063 631 1089 enim
653 1063 833 1098 cogitationes
860 1064 1063 1100 habitant,qua2

274 1107 460 1134 testimonium
480 1116 528 1142 pro
541 1108 620 1135 nobis
641 1114 687 1135 aut
713 1114 808 1137 contra
841 1119 892 1137 nos
918 1112 1063 1138 redditurze

274 1158 348 1180 sunt.
364 1153 402 1179 Αιι
415 1153 575 1188 placandum
590 1154 639 1181 sibi
657 1155 808 1182 Dominum.
826 1157 983 1183 Secundum
1013 1157 1064 1184 Se»

274 1198 415 1233 ptuagiuta
433 1203 534 1231 autem,
552 1207 613 1226 esse
630 1200 681 1226 hoc
698 1205 725 1226 et
751 1206 891 1234 acceptum
910 1201 985 1228 dicit.
1010 1202 1064 1228 Cur

275 1245 383 1270 autem?
399 1243 530 1271 Oil'crenti
547 1245 683 1276 videlicet,
709 1251 735 1272 et
751 1248 837 1273 oranti
858 1249 883 1274 in
914 1253 1063 1283 conspectu

277 1290 394 1317 Domini.
412 1291 438 1317 Si
455 1291 527 1318 enim
546 1295 688 1326 acceptum
708 1291 785 1319 nobis
809 1301 872 1320 vere
891 1294 935 1324 sit.
960 1299 986 1322 et
1017 1302 1064 1322 cor

276 1340 398 1361 nostrum
414 1341 485 1366 recte
499 1336 635 1370 judicans,
653 1337 774 1372 nullique
790 1339 935 1366 adhaerens
953 1341 1062 1374 passio-

276 1382 315 1412 ni,
329 1381 485 1415 probaverit
501 1390 601 1409 munus
610 1390 670 1410 esse
679 1383 711 1410 ad
722 1384 925 1419 suscipiendum
939 1386 1062 1421 dignum,

278 1433 342 1453 tunc
357 1435 435 1454 orare
451 1428 477 1455 in
496 1433 645 1463 conspectu
667 1429 785 1461 Domini,
803 1431 828 1458 id
848 1436 899 1464 est,
925 1433 1064 1459 remissio-

278 1481 340 1499 nem
356 1474 435 1501 nobis
449 1474 475 1500 in
489 1472 637 1509 conspectu
655 1476 759 1503 Domini
770 1483 914 1511 possumus
927 1478 1063 1511 obtinere,

278 1519 310 1545 ad
327 1526 374 1545 cor
387 1519 459 1546 enim
479 1519 627 1547 inclinatur
638 1521 718 1554 Deus,
738 1523 888 1550 secundum
903 1525 974 1558 quod
996 1525 1066 1551 seri-

280 1564 347 1590 hens
360 1563 481 1591 Joannes
495 1564 650 1600 Theologus
667 1574 716 1593 nos
731 1567 833 1594 docuit.
847 1568 880 1594 Et
892 1576 984 1596 coram
1007 1569 1066 1605 ipso

1113 328 1181 361 ejus.
1199 327 1344 354 fundentes
1359 335 1406 362 per
1419 328 1512 354 altaris
1527 327 1682 360 circuitum,
1697 329 1769 362 quod
1786 334 1828 357 est
1842 336 1907 357 ante

1112 373 1213 399 ostium
1227 373 1405 399 tabernaculi.
1419 373 1600 406 Detractaque
1617 373 1686 407 pelle
1718 373 1814 401 hostire
1831 381 1908 403 artus

1113 418 1139 444 in
1158 418 1243 445 frusta
1261 419 1415 450 concident,
1434 423 1461 445 et
1487 419 1635 452 subjiciunt
1650 419 1676 446 in
1705 419 1784 446 altari
1802 421 1905 455 ignem,

1112 469 1186 492 strue
1199 464 1332 499 lignorum
1361 469 1424 491 ante
1442 465 1618 499 composita,
1641 469 1669 491 et
1695 465 1819 492 membra
1845 473 1907 500 qua:

1112 518 1180 537 etesa
1197 516 1263 537 sunt
1278 511 1396 545 desuper
1420 510 1589 542 ordinantes,
1607 517 1690 545 caput
1715 511 1853 539 videlicet.
1880 517 1908 539 et

1112 557 1432 590 cunctaquaeadhtercnt
1449 556 1546 589 jecori,
1577 556 1714 584 intestinis
1734 561 1761 583 et
1790 558 1907 592 pedibus

1112 601 1174 628 lotis
1189 609 1258 636 aqua
1276 611 1281 628 :
1302 603 1476 636 adolebitque
1499 610 1531 629 ea
1559 602 1690 629 sacerdos
1712 610 1795 636 super
1820 603 1908 630 altare

1112 647 1138 674 in
1156 647 1354 677 holocaustum,
1370 652 1397 674 ct
1414 656 1526 675 suavem
1541 648 1651 674 odorem
1668 648 1793 675 Domino.
1812 658 1821 673 ι

1146 693 1259 720 Multum
1272 693 1406 720 laboriosa
1416 700 1457 720 est
1468 694 1519 725 lex,
1549 698 1578 720 et
1589 693 1740 726 spiritalem
1748 693 1907 721 considera—

1113 738 1214 766 tionem
1246 743 1358 774 propter
1377 739 1430 766 lioe
1453 740 1558 766 habens
1584 739 1778 771 necessariam,
1801 743 1832 766 ut
1851 747 1907 766 non

1112 784 1247 818 superﬂue
1266 784 1403 819 legislator
1417 784 1569 811 subtilitate
1582 784 1633 811 hac
1648 784 1790 812 rationalis
1810 785 1907 811 hostiae

1113 837 1177 856 usus
1196 837 1256 856 esse
1280 830 1413 857 videatur.
1437 830 1503 857 Illud
1528 839 1593 865 ergo
1615 831 1641 857 in
1669 831 1764 866 primis
1783 831 1906 861 intende,

1113 875 1176 909 quia
1191 875 1305 902 vitulum
1316 883 1407 902 coram
1422 875 1536 903 Domino
1548 875 1678 910 pimcepit
1689 876 1775 902 occidi
1790 880 1838 907 ;ut
1850 882 1907 902 non

1113 920 1199 946 solum
1218 920 1354 955 propriam
1380 921 1587 953 conscientiam,
1615 921 1908 955 conversationemque

1115 972 1234 993 nostram
1250 966 1396 994 offeramus
1415 967 1479 998 Deo,
1504 967 1551 994 sed
1566 967 1795 1001 quemadmodum
1818 967 1908 1000 placet

1115 1013 1150 1043 ei,
1174 1013 1254 1039 etiam
1279 1020 1378 1046 corpus
1405 1012 1610 1045 mortiﬁcemus,
1625 1020 1679 1039 non
1698 1013 1732 1040 ad
1747 1013 1906 1040 inferiorem

1114 1058 1237 1093 gloriam,
1252 1058 1299 1084 sed
1315 1058 1348 1084 ad
1365 1066 1482 1092 superna
1507 1058 1691 1090 intendentes,
1709 1058 1761 1085 hoc
1773 1063 1815 1085 est
1834 1059 1907 1085 enim

1115 1111 1204 1131 coram
1221 1104 1346 1130 Domino.
1370 1103 1423 1130 Sed
1436 1103 1483 1137 qui
1497 1109 1571 1134 sunt,
1592 1103 1637 1137 qui
1652 1104 1724 1130 hunc
1746 1104 1909 1139 sanguinem

1114 1149 1249 1176 oll'erunt?
1262 1148 1321 1176 Filii
1333 1149 1457 1176 videlicet
1468 1149 1560 1176 Aaron
1575 1149 1738 1180 sacerdotis,
1756 1150 1807 1183 ipsi
1832 1150 1907 1177 enim

1114 1200 1142 1222 et
1157 1195 1293 1221 occidunt.
1311 1194 1441 1229 Equidem
1453 1195 1475 1222 is
1487 1195 1533 1229 qui
1546 1195 1711 1222 oblationem
1725 1196 1832 1228 olleret,
1847 1197 1908 1223 sine

1114 1241 1224 1268 nomine
1235 1245 1261 1267 et
1274 1248 1328 1267 non
1344 1241 1482 1276 designate
1504 1249 1650 1276 expressus
1672 1246 1723 1268 est.
1738 1240 1797 1268 Filii
1815 1247 1907 1268 autem

1115 1289 1242 1316 dicuntur
1270 1288 1358 1315 Aaron
1387 1288 1560 1315 immolantes
1577 1287 1649 1322 quod
1670 1287 1790 1314 oblatum
1807 1293 1859 1319 est,
1881 1293 1910 1314 et

1115 1335 1275 1369 sanguinem
1306 1334 1452 1361 olierentes
1475 1343 1481 1360 :
1502 1334 1565 1368 quia
1600 1333 1764 1360 oblationem
1797 1333 1908 1367 quidem

1115 1381 1259 1411 adducere,
1273 1380 1299 1407 id
1314 1384 1355 1406 est
1371 1378 1540 1413 promittere,
1560 1377 1744 1412 quorumlibet
1764 1382 1805 1404 est
1826 1385 1833 1402 :
1853 1377 1908 1403 im-

1117 1427 1189 1461 plere
1213 1431 1304 1453 autem
1330 1425 1472 1460 promissa,
1495 1424 1567 1458 quod
1588 1423 1692 1450 occisia
1722 1423 1799 1449 bovis
1823 1422 1910 1457 ipsius

1116 1473 1230 1500 docetet
1241 1472 1380 1506 sanguinis
1395 1470 1503 1501 eﬂ‘usio,
1520 1477 1575 1496 non
1595 1469 1789 1504 quorumlibet,
1803 1468 1850 1495 sed
1875 1467 1911 1494 il-

1117 1519 1204 1545 lorum
1221 1519 1266 1552 qui
1280 1518 1327 1545 ﬁlii
1347 1517 1436 1544 Aaron
1461 1523 1555 1542 revera
1566 1519 1640 1544 sunt.
1662 1518 1756 1549 utpote
1776 1514 1912 1541 habentes

1118 1565 1143 1591 in
1158 1563 1310 1597 semetipsis
1322 1559 1643 1594 sacerdotiidignitatem.
1660 1559 1749 1585 Aaron
1763 1558 1912 1585 euimarca

280 1609 454 1636 suadebimus
468 1610 548 1637 corda
566 1616 658 1638 nostra
676 1620 682 1638 :
700 1611 768 1644 Quia
785 1613 808 1639 si
831 1615 995 1648 reprehendit
1022 1625 1064 1643 uol

1120 1609 1162 1636 vel
1174 1613 1311 1635 niontanus
1336 1608 1548 1641 interpretatur;
1569 1605 1640 1640 Ergo
1662 1605 1788 1639 quisquis
1809 1608 1913 1630 semet-

281 1662 324 1680 τοι·
337 1660 463 1687 nostrum,
482 1660 505 1682 et
522 1657 619 1683 scimus
635 1657 696 1692 quia
717 1658 805 1693 major
831 1664 867 1686 est
895 1660 962 1687 Deus
991 1664 1067 1689 corde

281 1705 378 1728 nostro.
401 1705 424 1726 et
451 1702 579 1735 cognoscit
606 1703 704 1729 omnia.
725 1703 903 1737 Dilectissimi,
921 1707 944 1733 si
961 1715 1005 1733 cor
1019 1716 1066 1734 no-

280 1750 363 1771 strum
375 1753 425 1771 non
440 1747 674 1781 reprehendamus,
691 1749 875 1783 conﬁdentiam
891 1752 1016 1780 habemus
1033 1755 1067 1781 ad

283 1789 365 1817 Deum
374 1792 405 1817 "‘.

318 1860 396 1887 Vsus.
417 1861 443 1888 4.
463 1872 472 1888 ‹
501 1861 639 1897 Ponetque
668 1871 766 1891 manus
791 1873 874 1899 super
900 1872 982 1901 caput
1016 1868 1085 1895 llO-'

279 1907 348 1939 stite,
363 1912 391 1935 et
408 1909 581 1943 acceptabilis
597 1909 658 1942 erit,
672 1915 753 1945 atque
781 1911 807 1937 in
830 1912 984 1946 expiatione
1008 1914 1067 1949 ejus

278 1954 433 1992 proﬁciens.
455 1965 463 1980 ι

314 2022 391 2056 Quod
404 2032 453 2051 nos
467 2024 582 2051 hostiam
599 2024 723 2057 dicimus,
750 2025 843 2053 Gricce
870 2026 971 2053 dicitur
997 2027 1066 2064 κάρ-

279 2079 374 2105 πωμα,
400 2071 472 2104 quod
493 2072 647 2105 specialiter
677 2072 847 2108 intelligibile
875 2073 1083 2101 holocaustum-

280 2116 457 2151 signilicatur.
474 2118 536 2151 quia
548 2125 629 2144 omne
644 2119 802 2146 mandatum
822 2119 978 2152 frnctiiicat,
994 2120 1066 2154 quod

278 2169 329 2195 per
358 2161 506 2195 spiritalem
542 2165 780 2192 conversationem
805 2165 921 2192 ellieilur
938 2166 1067 2193 holocau-

279 2211 363 2232 stum.
381 2206 526 2241 Propterea
543 2214 570 2235 et
586 2217 696 2235 mamun
715 2210 740 2235 in
753 2216 836 2244 caput
852 2211 948 2238 hostiae
963 2219 1066 2245 ponere

279 2261 342 2279 eum
373 2253 417 2287 qui
432 2253 536 2286 offeret,
547 2255 634 2289 jubet,
645 2259 673 2281 ut
689 2260 770 2290 caput
782 2256 890 2290 quidem
906 2256 1001 2283 hostia:
1015 2257 1066 2284 hoc

1120 1655 1209 1689 ipsum
1225 1654 1354 1688 templum
1371 1652 1427 1684 Dei,
1447 1656 1474 1679 et
1492 1651 1623 1685 templum
1634 1649 1772 1677 excelsum
1790 1648 1912 1676 aediﬁca-

1118 1701 1159 1727 vit
1173 1699 1327 1730 virtutibus,
1346 1698 1391 1725 hic
1408 1698 1479 1724 ﬁlius
1495 1697 1584 1724 Aaron
1603 1703 1666 1723 vere
1691 1695 1801 1727 dicitur,
1823 1694 1871 1722 sed
1885 1698 1915 1721 et

1119 1745 1253 1772 sacerdos.
1269 1745 1296 1770 Si
1311 1743 1384 1770 enim
1404 1744 1438 1770 ab
1454 1743 1583 1770 unctione
1599 1741 1727 1768 sacerdos
1742 1741 1912 1776 agnoscitur,

1118 1790 1212 1824 utique
1234 1789 1306 1816 uncti
1334 1793 1362 1816 et
1392 1796 1443 1815 nos
1458 1793 1568 1823 propter
1600 1787 1745 1822 mysticum
1779 1786 1914 1818 chrisma,

1118 1836 1190 1870 quod
1210 1835 1237 1862 in
1250 1835 1329 1862 nobis
1342 1839 1394 1866 est,
1411 1835 1538 1862 dicimur.
1554 1835 1625 1869 Ergo
1642 1838 1669 1860 et
1683 1841 1733 1861 nos
1756 1834 1915 1861 sacerdotes

1119 1889 1213 1909 sumus
1234 1882 1256 1908 si
1281 1881 1492 1908 custodierimus
1521 1880 1680 1915 dignitatem
1702 1879 1852 1911 unctionis,
1877 1879 1914 1906 de

1118 1935 1171 1962 qua
1190 1927 1343 1954 etJoannes
1362 1927 1488 1954 dicebat:
1504 1926 1536 1953 Et
1552 1935 1596 1953 vos
1614 1926 1764 1952 unctionem
1777 1925 1880 1951 habetis
1896 1933 1915 1951 α

1118 1979 1218 2006 sancto,
1230 1980 1253 2000 et
1269 1974 1340 2001 scitis
1359 1981 1446 1999 omnes
1460 1973 1492 1998 ’⁵.
1509 1973 1561 1999 Sed
1585 1976 1611 1999 et
1632 1973 1729 1998 Petrus
1749 1979 1801 1998 nos
1822 1978 1915 1998 sacer-

1119 2019 1196 2047 dotes
1210 2020 1364 2054 appellavit.
1380 2019 1417 2045 ait
1428 2019 1500 2045 enim
1515 2027 1522 2044 :
1538 2018 1583 2044 Vas
1597 2024 1685 2044 autem
1698 2026 1780 2052 genus
1789 2017 1912 2047 electum,

1119 2062 1206 2097 regule
1229 2063 1414 2093 sacerdotium,
1430 2070 1491 2096 gens
1514 2067 1622 2092 sancta,
1636 2062 1746 2095 populus
1759 2061 1915 2096 acquisitio-

1119 2109 1200 2135 nis”.
1215 2108 1247 2135 lii
1259 2108 1418 2143 sanguinem
1433 2108 1550 2134 fundunt
1573 2115 1620 2141 per
1633 2107 1727 2134 altaris
1744 2106 1892 2133 circuitum
1907 2126 1915 2138 ,

1118 2153 1188 2188 quod
1200 2158 1242 2180 est
1253 2158 1317 2180 alite
1339 2154 1440 2180 ostium
1470 2153 1649 2180 tabernaculi.
1669 2153 1718 2179 l‘er
1749 2153 1915 2187 sanguinem

1118 2197 1236 2224 animam
1252 2197 1296 2224 hic
1311 2197 1422 2232 intelligi
1441 2197 1622 2223 dubitandum
1633 2204 1687 2222 non
1702 2201 1744 2223 est
1757 2205 1764 2222 :
1779 2204 1843 2223 etim
1856 2197 1917 2231 ipse

1118 2243 1257 2278 legislator
1276 2243 1356 2276 patilo
1371 2247 1431 2278 post
1450 2243 1523 2269 dicat
1537 2251 1542 2269 :
1555 2242 1720 2277 Sanguinem
1743 2250 1797 2269 non
1819 2250 1917 2269 come-

279 2297 339 2324 ιορο
364 2298 470 2325 initium
495 2287 629 2333 [minam
650 2287 866 2328 εοηνὲνδηίῖοηίε
888 2302 1063 2338 intelligatur.
1082 2293 1106 2322 ῐ)
1118 2288 1181 2315 ditis
1197 2288 1224 2314 in
1239 2288 1453 2315 habitationibus
1470 2288 1568 2315 vestris
1579 2308 1586 2318 ,
1602 2287 1664 2321 quia
1681 2287 1772 2314 anima
1786 2287 1915 2338 carnisin

279 2344 330 2376 Qui
347 2350 437 2372 autem
453 2345 548 2372 oll‘eret
570 2354 639 2377 eum,
663 2349 719 2380 ipse
734 2347 785 2373 sibi
815 2356 895 2375 causa
912 2349 1065 2383 huiusmodi

279 2392 467 2426 promissionis
477 2394 652 2428 approbatur,
667 2399 760 2428 utpote
772 2400 869 2429 sponte
884 2396 916 2422 ad
938 2397 1008 2423 hanc
1022 2404 1067 2423 ve—

277 2438 376 2465 nietis:
392 2439 494 2466 donum
512 2440 612 2474 quippe
625 2440 732 2471 oll‘eret,
752 2447 832 2467 omne
852 2446 941 2468 autem
963 2442 1066 2470 donum

278 2483 460 2511 voluntarium
476 2487 605 2520 estJu‘rgo
618 2486 639 2512 si
656 2486 866 2521 promissionem
885 2495 960 2514 suam
976 2492 1067 2516 trans-

278 2537 386 2563 gressus
398 2531 487 2562 iucrit,
501 2533 688 2566 semetipsum,
700 2541 761 2559 cum
770 2541 863 2568 poenas
875 2534 933 2565 luit,
946 2540 1064 2562 accuset.

244 2577 246 2579 '
279 2573 636 2610 Sicautemeiaceeptahilis
652 2578 749 2609 erit,et
764 2578 796 2605 ad
808 2578 989 2612 expiationem
1005 2587 1067 2614 pro-

278 2620 381 2650 ilcicns.
400 2622 508 2655 quando
525 2622 711 2656 pr.edicaverit
725 2627 753 2651 et
771 2625 954 2656 confitebitur,
970 2630 998 2653 et
1017 2634 1066 2661 po-

278 2666 406 2694 sitionem
435 2676 532 2694 manus
555 2669 772 2698 inaniiestaverlt
789 2691 796 2702 ,
828 2671 891 2705 quia
916 2676 1068 2706 spontaneo

278 2719 364 2741 motu.
380 2718 470 2740 etnon
481 2715 641 2742 necessitate
649 2717 816 2751 compulsus,
827 2725 877 2744 nec
892 2722 1004 2746 exactus
1015 2718 1068 2746 hoc

278 2760 376 2788 oLtulJ.
391 2760 564 2788 sacriﬁcium.
1052 2758 1058 2761 ί

313 2817 392 2845 Vens.
421 2818 475 2846 5.9.
501 2829 510 2845 ‹
528 2819 731 2855 lmmolabitque
755 2820 867 2848 vitulum
895 2829 985 2849 coram
1014 2821 1066 2850 Do-

310 2907 332 2923 “
346 2908 404 2934 Act.
422 2917 464 2936 xv.
484 2908 524 2935 10.
556 2910 578 2924 ¹¹
591 2909 666 2935 Dent
683 2917 744 2939 xw,
763 2909 793 2939 είς
811 2910 892 2937 lCor.
905 2919 940 2943 is,
955 2912 981 2939 9.

281 2943 345 2973 ".9.
382 2945 402 2959 ³⁷
421 2944 516 2971 Matth.
532 2952 559 2976 Χ,
577 2945 621 2972 59.
667 2944 687 2960 ³⁸
705 2946 789 2971 Ι-ὶκοιι.
808 2954 852 2977 xx,
871 2947 915 2973 “2.5.

1021 2913 1042 2929 ⁵³
1055 2913 1120 2940 Ibid.

1116 2335 1247 2370 sanguine
1261 2339 1311 2361 est.
1334 2334 1448 2368 Opertet
1459 2342 1523 2369 ergo
1536 2342 1585 2361 nos
1601 2342 1656 2361 non
1677 2341 1790 2368 pan-ere
1803 2333 1916 2365 animae,

1117 2381 1189 2408 unde
1203 2380 1330 2407 Dominus
1341 2380 1378 2406 ait
1395 2389 1401 2406 ε
1418 2379 1468 2411 Qui
1481 2380 1624 2414 perdiderit
1635 2380 1754 2405 animum
1766 2387 1844 2405 suam
1856 2387 1917 2413 pro-

1116 2429 1172 2459 pter
1188 2433 1238 2456 me,
1261 2425 1373 2450 inveniet
1395 2432 1454 2450 eaut
1471 2423 1503 2450 ³⁷.
1519 2423 1575 2450 Hoc
1596 2428 1637 2450 est
1661 2423 1822 2459 sanguinem
1849 2423 1916 2450 iun-

1117 2469 1191 2496 dere.
1204 2469 1305 2496 Fundit
1318 2474 1408 2496 autem
1426 2469 1452 2495 in
1470 2469 1564 2496 altaris
1587 2469 1714 2500 circuitu,
1733 2469 1862 2495 videlicet
1887 2468 1916 2495 in

1119 2515 1249 2549 unigeniti
1270 2522 1367 2549 corpus
1384 2523 1390 2542 :
1413 2515 1465 2542 hoc
1483 2515 1556 2542 enim
1570 2523 1664 2542 revera
1691 2515 1776 2542 altare
1791 2514 1916 2546 dicitur;

1118 2567 1172 2594 quo
1199 2561 1280 2587 modo
1314 2560 1384 2587 sicut
1408 2567 1490 2587 omne
1525 2560 1688 2587 sacriﬁcium
1719 2567 1801 2594 super
1827 2559 1920 2586 altare

1117 2613 1132 2632 a
1159 2605 1345 2633 sacerdotibus
1368 2606 1589 2633 ministrantibus
1620 2606 1742 2640 ponitur,
1778 2605 1818 2632 sic
1853 2613 1918 2632 om-

1119 2659 1182 2678 nem
1204 2652 1301 2679 animte
1330 2652 1458 2678 virtutem
1481 2653 1508 2679 in
1544 2660 1658 2686 corpore
1682 2651 1800 2683 Domini,
1819 2651 1845 2678 id
1860 2656 1917 2682 est,

1119 2697 1150 2724 ad
1163 2697 1223 2732 ejus
1244 2697 1421 2724 imitationem
1437 2699 1593 2725 sacerdotes
1617 2702 1778 2732 operantur.
1797 2697 1854 2724 Hoc
1875 2698 1918 2723 aL

1119 2747 1175 2769 tare
1187 2742 1291 2777 Moyses
1304 2743 1469 2777 signiﬁcans,
1488 2743 1616 2770 dicebat:
1635 2743 1727 2770 Altare
1744 2744 1774 2769 de
1789 2748 1860 2769 terra
1874 2746 1919 2777 ιιι-

1119 2790 1190 2816 cietis
1205 2789 1267 2815 mihi
1286 2789 1319 2816 ’⁸.
1334 2789 1370 2816 De
1387 2795 1479 2816 nostra
1489 2790 1563 2817 enim
1577 2793 1659 2819 terra.
1673 2789 1699 2816 id
1711 2793 1761 2819 est.
1782 2797 1918 2823 consper-

1119 2835 1195 2862 sione
1216 2835 1273 2862 sive
1294 2843 1392 2867 massa,
1415 2843 1513 2870 corpus
1534 2835 1704 2863 hominieum
1735 2835 1835 2862 factum
1862 2840 1917 2862 est.

1161 2914 1183 2929 "‘
1198 2914 1274 2940 Joan.
1292 2922 1331 2946 ιιι,
1351 2914 1395 2947 20,
1407 2914 1451 2941 ‘21.
1490 2914 1533 2940 "l
1553 2914 1630 2941 Joan.
1649 2913 1737 2944 [1,20.
1778 2914 1801 2930 ’⁵
1817 2913 1824 2940 Ι
1840 2913 1917 2941 l‘etr.
