2052 3150
197 233 249 263 797

789 229 829 260 IN
850 229 1068 260 LEi'l’l‘lliLiM.
1087 240 1122 245 -
1138 228 1212 257 ΜΒ.
1232 227 1254 256 1.

1779 226 1830 258 798

200 292 233 318 Et
244 298 341 317 rursus
352 289 408 324 ipse
422 299 427 315 :
440 287 513 321 Quod
530 290 552 315 si
565 287 648 314 altare
665 287 797 321 lapidum:
808 286 899 321 feceris
916 284 987 315 ini/ti,
1005 286 1025 313 Λ
1041 291 1110 314 rum,
1127 282 1195 316 quod
1210 281 1322 317 fructum
1334 289 1411 307 suum
1426 281 1497 308 dabit
1506 281 1533 307 in
1546 286 1661 316 tempore
1673 289 1721 308 suo
1735 281 1768 308 ⁸⁵.
1778 282 1832 310 Sed

199 344 250 363 non
265 334 406 369 writﬁcubis
422 334 487 360 illud
504 334 534 360 de
548 334 623 359 sectis
635 332 784 366 lapidibus:
802 332 823 357 si
836 332 903 357 cnim
917 330 988 356 lcru-

198 383 265 408 bcris
291 381 404 407 cultrum
435 385 508 406 tuum
532 388 608 412 super
636 387 674 408 co,
696 377 828 412 polluetur
842 377 875 403 ’³.
898 375 989 410 Neque

200 426 272 453 extitit
295 430 385 457 secta,
409 432 496 459 neque
520 424 608 450 dolata
639 423 672 449 ab
699 422 817 449 hominis
838 429 919 448 manu
949 425 990 447 est

199 471 300 498 Christi
318 479 391 499 caro.
410 472 442 496 de
457 478 508 504 qua
534 469 626 496 Daniel
650 468 772 495 dicebat:
790 468 922 494 Abscissus
951 471 989 493 cst

201 517 268 551 lupis
283 517 314 543 Δι’
331 521 415 542 monte
424 516 480 541 sine
497 516 616 541 manibus
629 515 663 546 ³⁸,
684 515 746 548 quia
763 514 822 540 sine
848 513 990 547 complexu

203 564 249 590 viri
264 568 290 590 ct
308 562 429 589 mulieris
439 565 587 596 conceptus
602 561 662 595 ejus
677 560 809 595 processit
834 564 860 586 et
885 564 988 593 partus.

206 611 273 635 'fenc
284 614 374 635 autem
387 607 490 634 addidit
503 616 510 633 :
530 607 561 634 Et
574 607 641 642 quod
661 611 698 632 est
709 610 770 632 ante
792 606 886 631 ostium
903 605 990 631 taber-

210 655 289 681 :aculi
305 654 452 682 testimonii
468 654 495 680 in
512 653 637 684 circuitu,
651 656 680 679 ut
696 652 723 678 in
739 651 866 678 omnibus
880 651 989 685 quidem

202 709 263 728 cum
276 701 421 727 imitemur.
436 700 506 726 Ante
525 699 625 726 ostium
649 700 739 724 autem
760 695 937 727 tabernaculi,
961 700 992 722 ut

204 746 314 777 ostium,
330 745 482 772 doctrinam
507 744 694 778 apostolorum
724 741 915 776 intelligamus.
941 740 992 767 Per

204 792 287 825 ipsum
302 791 373 817 enim
387 791 467 817 nobis
487 789 655 816 ﬁtintroitus
675 788 701 814 in
726 787 835 815 cmlcste
864 787 991 813 taberna-

202 837 303 865 culum.
320 835 345 862 in
365 843 418 870 qun
441 835 564 862 habitare
579 833 662 860 Deum
690 833 830 866 Scriptura
856 835 991 858 testatur:

203 881 274 914 quod
286 880 441 909 manifestat
456 878 548 910 lsaias,
565 879 658 906 dicens
674 887 680 903 :
698 877 803 911 Respice
830 877 861 903 de
875 876 948 908 cwlo,
968 880 992 902 et

202 927 260 952 ride
289 927 320 953 de
344 931 419 953 domo
440 930 532 952 sancta
561 924 652 960 gloriae
675 928 726 950 tute
741 924 773 950 ".
797 923 875 956 Quod
902 927 990 950 autem

202 971 302 998 ostium
317 971 500 1005 apostolorum
521 969 645 996 doctrina
661 973 712 999 est,
728 968 899 1003 apertissime
922 967 990 994 Pau-

203 1018 246 1044 lus
261 1017 389 1047 ostendit,
406 1029 409 1040 ι
423 1017 516 1043 icens:
534 1015 637 1042 Ostium
658 1015 727 1041 enim
742 1022 860 1047 apertum
876 1018 913 1040 est
937 1022 992 1040 ma-

203 1071 284 1097 gnum
306 1067 329 1088 et
350 1061 464 1092 euidens,
476 1065 500 1087 et
517 1060 664 1087 aduersarii
684 1059 761 1086 tntilli
776 1060 808 1091 “,
827 1059 924 1086 ostium
943 1058 992 1086 do-

203 1108 318 1134 ctrinam
344 1114 404 1141 qua:
429 1106 503 1133 ducit
529 1105 562 1132 ad
589 1105 730 1132 scientiam
750 1104 924 1135 Dei.diccns,
949 1105 991 1131 cui

203 1151 362 1178 omnimodo
376 1151 421 1184 qui
435 1150 540 1177 diversa
553 1149 651 1176 docent
666 1149 787 1176 obviam.
810 1148 882 1175 Nihil
902 1154 992 1175 autem

204 1197 303 1223 tnirutn
317 1201 358 1222 est
370 1196 404 1226 si.
421 1203 481 1222 cum
509 1195 639 1221 Dominus
654 1194 754 1221 ostium
774 1193 808 1220 sit
831 1193 992 1228 appellatus,

205 1242 333 1269 similiter
349 1241 510 1275 appelletur,
528 1247 609 1275 quam
628 1240 688 1274 ipse
701 1239 867 1273 impertitnr,
883 1244 994 1273 aposto-

203 1286 292 1313 lorum
307 1287 440 1314 doctrina.
455 1285 500 1313 Sic
515 1285 672 1312 sacerdotes
698 1285 854 1311 ministrare
875 1289 990 1318 oportet.

207 1332 382 1365 Detractaque
401 1330 467 1365 pelle
481 1330 582 1361 hostire,
599 1334 673 1356 artus
690 1329 717 1355 in
737 1329 821 1364 frusta
847 1329 991 1361 concidere,

204 1382 229 1403 ct
239 1377 335 1412 pellem
344 1376 452 1412 quidem
463 1375 614 1407 detrahere,
627 1379 656 1401 ut
664 1374 774 1405 divitiis,
784 1374 898 1408 aliisque
904 1374 976 1402 omni
988 1389 994 1394 -

204 1422 255 1449 bus
278 1421 453 1449 sa-cularibus
474 1420 573 1455 quibus
599 1419 832 1454 circumtegitnur,
858 1419 992 1453 exspolia-

205 1475 276 1495 mur.
292 1467 404 1502 Propter
413 1466 486 1501 quod
501 1467 534 1493 de
548 1465 599 1492 Job
613 1465 738 1492 diabolus
748 1464 854 1492 dicebat
871 1474 878 1492 :
894 1464 992 1491 Pellem

204 1522 252 1548 pro
267 1513 342 1546 pelle.
358 1517 381 1539 et
395 1513 482 1539 omnia
495 1519 655 1546 qutccuuque
667 1511 744 1537 habet
759 1512 845 1542 homo,
859 1510 930 1536 dabit
946 1518 993 1544 pro

205 1560 295 1585 anima
304 1567 352 1585 sua
369 1558 401 1584 ³³.
416 1557 566 1584 Concidere
580 1561 681 1588 autem,
697 1561 727 1583 ut
750 1564 799 1590 per
819 1561 909 1590 partes
931 1564 994 1590 par-

1009 947 1029 975 Β

1040 333 1063 354 et
1078 328 1257 358 exsultabant,
1292 326 1391 361 inquit,
1425 328 1515 353 omnia
1528 327 1600 362 ligna
1617 326 1743 354 silvarum
1758 336 1774 353 α
1787 328 1831 362 fa-

1041 376 1079 402 cie
1096 375 1209 407 Domini,
1232 375 1433 409 qnaniantvenit
1447 375 1479 401 ³⁸.
1500 375 1628 402 Gaudent
1642 376 1716 403 enim
1731 376 1757 402 hi
1784 376 1830 410 qui

1040 420 1146 447 divinas
1159 418 1315 454 Scripturas
1330 420 1506 451 meditantur,
1517 421 1627 454 quando
1639 428 1701 447 eum
1711 421 1830 453 vertisse,

1040 466 1085 500 qui
1098 465 1124 492 in
1139 465 1178 491 eis
1190 469 1217 491 et
1231 473 1280 499 per
1292 472 1339 491 eos
1355 466 1532 499 prophetatus
1561 470 1612 498 est,
1633 469 1829 499 cognoverunt.

1041 511 1090 537 llis
1101 511 1180 545 jussit
1193 510 1297 544 imponi
1319 510 1491 537 concisiones
1500 510 1697 542 membrorum,
1712 515 1794 544 caput
1803 513 1831 536 et

1041 561 1138 582 cuncta
1150 563 1210 590 quae
1226 555 1471 589 adhaerentjccori.
1490 555 1549 586 Vel,
1569 555 1731 586 sicutLXX,
1747 560 1831 590 caput

1041 606 1070 628 et
1081 602 1187 636 adipes.
1205 601 1260 627 Nos
1296 608 1361 627 vero
1383 608 1432 634 per
1457 601 1628 627 concisioues
1654 602 1771 627 animam
1803 605 1832 627 et

1041 653 1140 679 corpus
1151 644 1326 679 intelligimus
1339 653 1346 677 ;
1360 652 1421 671 cum
1438 645 1510 671 cuitu
1526 645 1607 671 unius
1625 645 1680 672 sint
1693 645 1828 677 animalis,

1041 689 1374 724 secundumopcrationes
1390 690 1547 724 passionum
1574 690 1691 716 invicem
1717 690 1831 722 sibiad-

1043 739 1187 762 versantur
1203 734 1292 766 ;dicit
1312 733 1385 760 enim
1407 734 1554 768 Apostolus
1570 743 1575 759 :
1590 733 1659 761 Caro
1675 734 1831 767 concupiscit

1042 781 1166 807 adversus
1184 780 1316 813 spiritum,
1348 780 1458 814 spiritus
1484 779 1610 805 adversus
1632 786 1748 805 carnem.
1770 779 1833 805 Haec

1043 826 1109 852 enim
1121 826 1230 852 invicem
1239 825 1288 851 sibi
1303 825 1477 851 adversantur
1489 824 1522 850 ‘°.
1536 825 1683 859 Propterea
1695 824 1832 850 Abraham

1043 879 1104 898 cum
1121 871 1233 898 ollcrret
1249 870 1412 898 sacrilicimn
1443 870 1509 902 Deo,
1526 870 1652 897 dividens
1665 877 1787 902 vaccam,
1806 875 1833 896 et

1044 925 1163 951 capram,
1179 920 1206 944 et
1220 917 1344 949 arietem,
1359 915 1509 943 divisiones
1541 920 1637 943 contra
1653 924 1682 942 se
1706 915 1832 942 altrinse-

1043 971 1092 990 cus
1109 962 1206 995 posuit.
1226 962 1316 996 Caput
1335 962 1534 993 autcmomnis
1548 962 1690 989 rationalis
1704 961 1832 988 animalis

1043 1017 1122 1036 mens
1139 1008 1249 1040 dicitur,
1262 1009 1373 1042 propter
1383 1007 1454 1041 quod
1484 1007 1566 1034 Isaias
1580 1007 1647 1034 dixit
1661 1016 1667 1033 :
1689 1009 1770 1033 Omne
1785 1015 1832 1033 ca-

1044 1059 1089 1089 put
1102 1054 1272 1088 languidum.
1286 1058 1310 1080 et
1327 1061 1404 1079 omne
1420 1061 1464 1079 cor
1489 1061 1608 1084 maerens,
1623 1061 1638 1079 ιι
1655 1052 1747 1087 planta
1760 1052 1833 1087 pedis

1045 1107 1124 1134 usque
1140 1099 1176 1125 ad
1190 1099 1311 1126 verticem
1324 1106 1373 1124 non
1387 1103 1424 1125 est
1445 1099 1471 1124 in
1499 1107 1527 1124 eo
1543 1098 1644 1124 sanitas
1659 1099 1692 1124 “.
1707 1097 1831 1132 Compati

1044 1146 1116 1171 enim
1130 1144 1182 1171 sibi
1197 1144 1278 1170 nimis
1294 1144 1352 1170 haec
1375 1143 1491 1170 invicem
1509 1145 1649 1176 dicuntur,
1662 1148 1689 1171 et
1701 1143 1833 1170 rationale

1044 1194 1178 1222 nostrutn,
1194 1194 1289 1224 utpote
1303 1189 1330 1216 in
1346 1193 1461 1224 utroque
1477 1190 1613 1221 habitans,
1633 1190 1774 1224 utriusque
1790 1189 1833 1217 lo-

1045 1243 1123 1265 vetnr
1142 1239 1238 1266 salute.
1252 1237 1280 1264 in
1293 1243 1407 1272 utroque
1420 1241 1509 1263 autem
1521 1236 1634 1267 habitat,
1648 1236 1675 1262 in
1686 1235 1766 1262 corde
1780 1235 1834 1262 sci-

1045 1283 1107 1311 licet
1117 1290 1142 1311 cl
1156 1285 1182 1311 in
1193 1284 1316 1315 cerebro,
1330 1283 1392 1317 quia
1402 1290 1455 1309 non
1466 1286 1573 1316 oportet
1582 1286 1702 1308 tuentem
1715 1280 1834 1308 sobriam

1043 1330 1145 1362 dividi,
1160 1330 1207 1357 scd
1224 1330 1309 1363 ipsam
1323 1339 1336 1355 ιι
1354 1337 1418 1363 pace
1435 1329 1482 1355 Dei
1503 1327 1668 1355 custoditum
1682 1346 1689 1359 ,
1706 1326 1778 1353 sicut
1797 1326 1836 1353 ait

1044 1375 1189 1409 Apostolus
1200 1382 1206 1400 :
1219 1374 1251 1400 Et
1259 1382 1312 1408 pax
1320 1373 1378 1406 Dei,
1389 1380 1446 1408 quo:
1457 1375 1597 1406 exsuperat
1606 1379 1708 1397 omnem
1719 1378 1833 1402 sensum,

1044 1420 1173 1446 custodiat
1182 1420 1259 1446 corda
1271 1423 1365 1450 castra,
1376 1423 1400 1444 et
1411 1417 1597 1451 intclliyentias
1609 1420 1707 1442 vestras
1716 1414 1750 1447 ",
1762 1414 1837 1441 tolli-

1043 1473 1107 1500 gerc
1113 1464 1253 1499 oportetin
1262 1471 1346 1490 unum
1357 1464 1478 1498 corporis
1487 1466 1514 1489 et
1520 1461 1617 1488 anima:
1628 1459 1836 1493 motum.Adeps

1043 1514 1134 1538 autem
1145 1518 1159 1536 a
1171 1509 1351 1537 divisionibus
1363 1515 1418 1535 non
1434 1508 1493 1534 sine
1505 1513 1588 1534 causa
1602 1509 1756 1540 separatur,
1771 1511 1834 1530 cum

1049 1556 1182 1584 mstimﬁri
1192 1560 1312 1590 oportet,
1326 1555 1400 1590 quia,
1413 1557 1507 1588 utpote
1524 1552 1570 1587 qui
1587 1552 1612 1578 in
1629 1551 1695 1585 ipsis
1709 1554 1761 1581 est,
1775 1557 1835 1575 cum

206 1611 300 1640 tesque
314 1608 406 1631 nostra
420 1604 590 1631 conversatio
608 1603 783 1638 approbatur,
799 1603 862 1637 quia
872 1607 900 1630 et
917 1603 992 1629 Chri-
1008 1615 1028 1643 ο
1047 1602 1112 1637 ipsis
1126 1602 1237 1629 deberet
1252 1601 1363 1633 oll‘erri;
1379 1599 1426 1627 sed
1443 1599 1505 1633 quia
1523 1596 1701 1632 pinguiSsima
1717 1602 1780 1629 pars
1807 1597 1837 1620 et

205 1657 275 1683 stus,
290 1651 361 1677 sicut
373 1650 409 1677 ait
424 1649 532 1682 Paulus,
545 1649 686 1676 secundant
697 1649 873 1682 operationem
888 1649 914 1675 in
924 1656 993 1674 men-

205 1706 297 1724 suram
322 1697 527 1730 uniuscujusque
547 1695 655 1722 membri
687 1700 858 1730 augmentum
877 1694 995 1728 corporis

207 1744 269 1778 facit
286 1743 523 1776 intctliﬁcatiunem
544 1741 585 1768 sui
600 1742 626 1767 in
648 1741 816 1768 cltaritate".
838 1740 914 1767 Tunc
932 1748 996 1775 ergo

207 1789 256 1815 ﬁlii
271 1788 360 1814 Aaron
372 1786 521 1813 sacerdotis
537 1785 592 1821 (qui
607 1789 698 1812 autem
715 1785 744 1811 hi
759 1786 814 1812 sint
830 1793 911 1820 supra
927 1785 997 1812 dixi-

207 1835 283 1867 mus)
295 1833 432 1866 subjicient
450 1832 532 1859 altari
542 1833 638 1867 ignem.
656 1831 755 1866 Utpotc
768 1832 996 1859 ministrationem

207 1879 321 1914 spiritus
335 1879 492 1913 plenissime
505 1878 628 1904 valentes
637 1877 798 1904 accendt-rc.
818 1878 849 1904 Et
860 1877 996 1911 quomodo

209 1925 370 1952 habebimus
380 1924 468 1959 ignem
481 1923 527 1958 qui
538 1923 650 1950 minime
663 1923 867 1957 exstinguatur?
888 1922 995 1948 Struem

203 1970 262 2005 .ligu
275 1977 342 1996 trum
354 1973 559 2004 componentes,
575 1968 679 1995 scilicet
703 1972 858 1995 samtarum
873 1967 995 2001 Scriptu-

209 2024 301 2043 rarum
312 2016 502 2043 meditationes
518 2019 610 2050 atqtlc
636 2014 910 2048 doctrinas:_per,bas
924 2013 996 2040 enim

210 2063 454 2097 nutriturspiritus
483 2061 538 2093 Dei,
566 2065 594 2088 ct
618 2061 747 2088 continue
773 2059 941 2091 accenditur,
970 2065 996 2086 ιιι

211 2110 366 2136 turbinibus
384 2109 558 2135 adversarum
587 2110 752 2140 potestatum
786 2105 920 2140 exstingui
942 2112 997 2131 non

210 2155 311 2190 possit;
327 2159 437 2189 propter
453 2153 525 2188 quod
541 2157 568 2178 et
585 2151 683 2178 Paulus
709 2151 816 2178 dicebat
834 2159 840 2176 :
868 2150 998 2185 Spiritum

212 2204 291 2231 nolite
303 2204 476 2238 exstingui-re,
491 2200 641 2236 prop/tutius
662 2199 741 2225 nolite
757 2207 880 2232 spernere
892 2199 925 2224 ³⁸⁵.
944 2198 998 2224 Nec

212 2250 365 2276 mirandum
391 2254 441 2279 est,
469 2248 490 2274 si
518 2247 588 2282 ligna
611 2249 767 2271 sanctarum
794 2244 996 2278 Scripturarum

211 2294 348 2322 doctrinas
364 2292 518 2323 docuimus,
536 2298 598 2318 cum
613 2289 759 2324 legerimus
784 2289 811 2315 in
821 2289 940 2322 Epistula
965 2288 998 2315 ad

211 2339 368 2366 Corinthios
386 2348 392 2364 :
410 2337 504 2372 Liqna,
520 2337 619 2372 (etiam,
643 2334 754 2369 stipulas
768 2335 798 2364 “.
815 2334 899 2361 malas
914 2334 1000 2361 actio-

213 2394 262 2413 nes
287 2386 327 2413 vel
353 2386 491 2412 doctrinas
508 2382 683 2418 signiﬁcatus.
715 2381 767 2408 Sed
787 2381 920 2416 lignorum
950 2381 1002 2407 alia

212 2432 322 2467 quidem
339 2436 403 2458 sunt
415 2431 564 2462 fructuosa,
593 2437 656 2455 nant
680 2426 814 2454 Jeremias
840 2426 874 2452 de
890 2433 924 2452 eo
956 2426 1001 2459 qui

212 2477 326 2504 conlidit
343 2476 370 2502 in
388 2476 442 2502 Deo
457 2475 543 2502 dixit:
559 2474 592 2500 Et
625 2473 673 2500 erit
699 2472 774 2507 quasi
800 2471 900 2505 lignum
933 2472 1002 2505 quati

214 2523 425 2557 transplantatur
439 2530 517 2556 super
530 2529 624 2555 aquas,
641 2522 709 2554 quod
729 2519 764 2545 tul
776 2519 910 2544 humorem
922 2518 1002 2544 mittit

214 2570 317 2596 radices
333 2577 395 2596 suas
407 2569 439 2594 ³⁷.
457 2568 535 2602 Quod
554 2572 646 2593 autem
678 2573 727 2600 per
755 2565 827 2600 ligna
851 2564 1002 2595 fructifera,

215 2621 289 2642 recte
301 2615 440 2642 meditatio
452 2621 590 2641 sacrarum
606 2612 808 2646 Scripturarum
826 2610 1003 2644 intelligatur,

214 2665 308 2695 aperte
325 2660 404 2687 nobis
415 2659 498 2687 David
509 2658 677 2685 demonstrat
699 2658 749 2683 :de
764 2665 797 2683 eo
811 2656 894 2686 enim,
913 2656 957 2689 qui
977 2656 1002 2681 in

215 2707 271 2739 lege
285 2706 390 2732 Domini
406 2705 548 2731 meditatur
566 2703 608 2730 die
624 2711 654 2729 ac
668 2707 741 2729 nocte
756 2703 788 2734 ³⁸,
805 2702 873 2733 Erit,
887 2702 935 2731 ait.
952 2702 1006 2728 sic-

1047 1648 1128 1675 nitnis
1141 1647 1259 1674 crassior
1274 1647 1362 1673 omnis
1379 1645 1506 1671 animalis
1522 1643 1607 1674 adeps
1628 1648 1691 1668 esse
1722 1639 1834 1670 dicitur,

1047 1702 1081 1721 ex
1094 1694 1153 1729 ipso
1169 1697 1260 1720 autem
1283 1691 1362 1718 nobis
1376 1689 1574 1717 desideriorum
1590 1689 1739 1720 exsurgunt
1755 1689 1837 1718 atque

1046 1743 1253 1767 commoventur
1269 1737 1407 1772 appetitus
1418 1756 1425 1768 ,
1463 1734 1536 1770 quod
1558 1733 1734 1760 manilestum
1750 1736 1790 1757 est
1803 1737 1837 1756 ex

1047 1794 1080 1814 eo
1106 1785 1176 1820 quod
1193 1784 1347 1819 superjacct
1361 1782 1473 1809 renibus
1502 1785 1530 1808 et
1542 1779 1708 1815 inguinibus.
1724 1784 1784 1812 quae
1793 1784 1838 1802 or-

1047 1839 1115 1867 gana
1139 1838 1188 1857 seu
1210 1830 1392 1856 instrumenta
1422 1834 1483 1853 esse
1509 1827 1645 1852 seminum
1669 1821 1839 1850 commistio-

1048 1882 1167 1909 numque
1178 1872 1426 1909 putamur.aul‘erri
1441 1872 1514 1898 hunc
1526 1878 1541 1896 a
1553 1869 1606 1896 divi
1617 1868 1733 1895 donibus
1744 1866 1838 1900 jussit,

1048 1930 1099 1950 nec
1111 1922 1183 1948 enim
1198 1921 1277 1946 aliter
1293 1923 1400 1953 poterat
1427 1917 1514 1944 solum
1543 1914 1645 1944 oticrri.
1669 1911 1777 1939 Aul’erri
1791 1919 1839 1938 au-

1049 1973 1115 1998 tem,
1134 1971 1163 1993 ut
1180 1966 1317 1992 disramus
1329 1962 1541 1991 desideriis'non
1560 1958 1737 1994 corporaliter
1751 1964 1840 1991 neque

1047 2011 1200 2038 animaliter
1214 2010 1264 2041 uti,
1279 2011 1327 2036 sed
1345 2008 1514 2043 spiritaliter,
1529 2011 1559 2033 ut
1572 2006 1627 2032 sola
1644 2003 1777 2038 spiritalia
1790 2003 1839 2029 de~

1048 2057 1211 2086 sidcrcmus.
1225 2061 1252 2082 et
1265 2063 1374 2082 omnem
1386 2053 1538 2088 appetitum
1556 2052 1583 2078 in
1597 2051 1637 2078 eis
1654 2054 1774 2084 ctusquc
1806 2049 1839 2075 ad

1048 2113 1080 2132 ea
1105 2104 1293 2133 extendamus.
1319 2111 1354 2137 qn
1369 2111 1382 2129 a
1402 2100 1572 2128 ctunimalis
1596 2102 1672 2125 Immo
1703 2105 1754 2124 non
1778 2105 1840 2131 per-

1051 2152 1116 2186 cipit
1143 2159 1173 2177 ea
1197 2158 1255 2185 qua:
1274 2154 1333 2176 sunt
1344 2149 1462 2183 spiritus,
1486 2146 1598 2174 stultitia
1616 2149 1652 2171 est
1668 2143 1737 2170 cuitu
1752 2142 1790 2169 illi
1807 2142 1839 2168 ⁸³.

1049 2198 1118 2232 Ergo
1131 2197 1275 2223 animalem
1290 2195 1380 2222 dicere
1397 2194 1496 2220 Paulus
1509 2192 1618 2220 videtur
1639 2198 1702 2218 eum
1728 2188 1775 2224 qui
1786 2196 1838 2216 non

1051 2244 1164 2271 multum
1180 2243 1214 2270 de
1226 2241 1382 2269 carnalibus
1394 2240 1496 2274 cogitat
1520 2238 1559 2274 (et
1574 2238 1634 2265 ideo
1650 2236 1767 2263 carnalis
1787 2242 1841 2262 non

1017 2287 1037 2314 ί)
1052 2289 1276 2324 cstappcllatus),
1290 2287 1336 2314 sed
1353 2286 1474 2313 animum
1490 2292 1552 2319 erga
1577 2290 1646 2309 vana
1662 2280 1795 2309 desideria
1814 2283 1842 2307 et

1052 2336 1216 2371 qua-stiones
1233 2337 1357 2368 occupat.
1375 2331 1450 2360 verbi
1469 2330 1564 2366 gratia,
1584 2329 1610 2355 in
1626 2327 1761 2355 mensuris
1769 2325 1841 2356 cmli,

1055 2389 1082 2410 et
1102 2386 1238 2409 astrorum
1261 2379 1398 2409 numeris,
1428 2381 1455 2403 et
1480 2375 1579 2402 similia
1609 2371 1842 2408 philosophantes,

1053 2429 1099 2463 qui
1115 2428 1266 2454 forinsecus
1280 2432 1407 2460 magnum
1432 2423 1559 2450 videntur
1578 2427 1640 2454 erga
1652 2418 1770 2444 animam
1786 2420 1844 2441 stu-

1055 2460 1302 2507 diumimpcndere.
1319 2471 1431 2504 l‘ropter
1447 2467 1518 2503 quod
1532 2470 1559 2493 et
1574 2472 1667 2492 eorum
1681 2460 1844 2507 sapientiam

1054 2519 1210 2549 animalem,
1231 2517 1403 2547 diabolicam,
1433 2519 1580 2543 terrenam,
1608 2518 1663 2537 non
1697 2511 1788 2534 autem
1811 2504 1845 2532 de

1056 2562 1243 2598 superioribus
1258 2561 1479 2590 descendentem,
1509 2564 1543 2584 ex
1563 2556 1664 2590 quibus
1695 2550 1841 2589 descendit

1057 2610 1178 2645 spiritus,
1194 2608 1311 2635 Jacobus
1326 2605 1482 2641 appellavit,
1503 2603 1603 2638 quibus
1623 2599 1737 2628 stultitia
1750 2602 1793 2625 est
1813 2604 1845 2624 ea

1058 2663 1117 2690 qua:
1127 2658 1191 2681 sntit
1201 2653 1329 2688 spiritus;
1347 2658 1401 2677 non
1416 2649 1489 2677 enim
1506 2656 1537 2676 ea
1556 2650 1672 2682 possunt
1685 2644 1846 2678 intelligere,

1059 2701 1121 2736 quia
1137 2698 1294 2734 spiritaliter
1308 2706 1362 2725 non
1378 2696 1546 2724 examinant.
1560 2693 1630 2728 Ergo
1646 2689 1846 2726 intelligibilem

216 2758 244 2779 ut
258 2752 358 2787 lignum
376 2751 443 2786 quod
458 2749 609 2784 plantatum
626 2753 662 2775 est
683 2756 756 2775 secus
782 2748 906 2774 dccursas
921 2755 1007 2782 aquu-
1063 2746 1184 2780 adipem.
1202 2745 1228 2771 id
1240 2749 1292 2776 est,
1314 2751 1396 2770 omne
1411 2746 1536 2769 nostrum
1547 2738 1685 2767 dcsidcriu
1698 2746 1724 2768 ιι,
1739 2743 1786 2762 seu
1798 2742 1849 2768 ap-

1392 2856 1413 2872 ⁵³
1436 2856 1486 2883 Job
1501 2854 1568 2885 ",4.

1410 2892 1430 2908 ³³
1448 2890 1518 2918 l‘sul.
1547 2896 1605 2920 xcv,
1636 2887 1676 2914 l2.

1614 2851 1634 2867 ³³
1651 2849 1750 2885 Ephcs.
1769 2855 1805 2885 tv,
1820 2847 1846 2876 7.

265 2869 286 2883 ’³
302 2867 380 2898 Η»1ι].,
398 2866 441 2892 23.
482 2866 503 2880 ³ο
522 2866 587 2891 Dan.
619 2873 650 2896 ιι,
671 2866 715 2891 Si.
762 2866 783 2878 ³¹
804 2866 855 2893 Isa.
883 2869 959 2894 unt,
988 2866 994 2888 ι

276 2903 305 2911 ηνι
440 2902 468 2911 ιη
519 2901 540 2911 ιε
559 2901 565 2911 l
582 2901 634 2911 μη,
667 2908 694 2911 ._.
724 2900 752 2911 in
802 2899 822 2911 ξιτ
842 2898 850 2911 Ι
871 2906 925 2911 κη...
960 2905 991 2911 ν..

1080 2866 1102 2877 δ’
1119 2866 1126 2887 1
1141 2866 1204 2886 Lor.
1230 2868 1286 2890 xvt,
1313 2866 1338 2886 υ.
1392 2866 1413 2872 ν’·
1436 2866 1486 2883 ιιυυ
1501 2866 1568 2885 ιι,‹ι,
1617 2866 1620 2867 ν
1651 2866 1750 2885 ult-iw.
1769 2866 1803 2886 ιν,
1825 2866 1846 2876 .,

1058 2897 1072 2911 o
1131 2897 1150 2911 μ
1171 2896 1228 2911 υμιι
1260 2903 1265 2911 ι
1295 2896 1309 2911 υ)
1337 2893 1351 2911 ’ς
1410 2892 1430 2908 39
1449 2890 1518 2911 Mal.
1548 2896 1605 2911 xcv,
1636 2887 1676 2911 l2.
1726 2885 1746 2899 λθ
1759 2883 1847 2911 halat.

218 2904 242 2920 ³⁸
255 2905 262 2930 l
276 2903 371 2929 litt-ss.
390 2911 414 2933 ι’,
439 2902 478 2927 l9.

220 2949 245 2973 ς,
259 2940 298 2967 li.
338 2939 357 2952 "
373 2936 456 2970 [521.1,
471 2938 496 2963 ὕ.

482 2865 503 2880 ³ο
522 2863 587 2891 Dan.
619 2873 650 2896 ιι,
671 2865 715 2891 Si.

518 2901 540 2916 “
559 2901 643 2927 lilor.
667 2908 707 2929 ιιι.
724 2900 760 2926 12.

558 2938 578 2954 δέ
598 2936 653 2962 i‘h.l
668 2944 712 2970 pp.
728 2943 762 2966 ιγ,
790 2935 814 2962 7.

762 2864 783 2878 ²¹
804 2863 855 2893 lsa.
883 2869 959 2894 unt,
988 2862 1032 2889 iii.
1080 2859 1204 2887 “lCor.
1230 2868 1286 2890 xvi,
1313 2859 1338 2886 9.

802 2899 822 2914 ³⁷
837 2898 938 2925 ,Ιαι-ιειιι.
960 2905 1024 2927 xvn,
1058 2897 1083 2924 8.
1131 2897 1150 2911 3‘
1171 2896 1240 2922 l’sat.
1260 2903 1278 2927 t,
1295 2896 1321 2925 '2,
1337 2893 1362 2920 5.

864 2934 911 2961 ³³1
942 2932 1004 2960 Cor.
1038 2940 1067 2964 ιι,
1089 2931 1131 2958 ll.
