2052 3150
181 195 230 230 8Cl

761 196 800 226 IN
820 196 1038 226 LEVITlCUM.
1060 208 1093 214 —
1110 197 1183 226 LlB.
1206 197 1228 226 l.

1762 172 1821 233 801'

181 253 311 280 mandata
336 251 451 286 perlicit.
470 251 507 278 Ex
537 251 620 278 latere
643 256 744 284 autem,
762 251 825 286 quia
854 260 868 278 a
899 251 975 278 malis
991 254 1011 280 Α
1028 250 1118 277 autde
1134 251 1268 278 columbis
1297 253 1392 280 oderat
1417 261 1518 281 munus
1546 262 1637 288 suum,
1662 254 1689 282 id
1717 261 1769 288 est,
1785 258 1813 283 in

181 299 312 326 abstinet.
327 298 435 331 Quare?
453 298 516 332 quia
531 298 600 325 sicut
619 299 644 324 in
661 299 762 330 aulatn,
773 299 847 325 verbi
876 299 972 333 gratia,

182 344 284 380 regiam
305 344 404 371 melius
419 344 584 378 estquidem
616 352 663 378 per
678 344 778 370 ostium
801 348 904 370 rectum
931 343 974 370 in-

181 390 268 425 gredi,
284 397 347 416 cum
363 393 454 416 autent
467 390 518 416 hoe
540 397 593 415 non
621 393 662 415 est
693 389 782 419 facile,
810 388 911 415 homini
939 387 975 415 sit

183 436 263 462 etiam
281 444 329 470 per
345 435 411 461 illud
424 435 496 469 quod
513 442 545 462 ex
563 435 646 462 lati-rc
662 440 703 462 est
719 435 831 462 introire
846 444 852 461 :
870 435 908 461 sic
916 442 974 461 me-

183 483 235 509 lius
247 487 289 509 est
305 481 362 508 Deo
376 481 484 516 quidem
501 489 549 516 per
576 481 762 508 mandatorum
778 481 868 508 olIcrri
884 482 974 516 perfe-

183 528 478 557 etionem.bonumcst
495 531 585 554 tamen
609 532 638 554 ct
654 527 676 554 si
708 536 756 562 per
783 528 915 554 malorum
945 535 974 554 se

183 575 244 610 quis
259 575 357 601 olfcrat
371 574 575 606 abstinentiam,
598 575 652 601 Deo
683 575 783 609 quippe
806 575 887 601 modo
905 582 972 608 quo-

185 620 251 647 libet
267 620 359 646 ochrri
377 620 479 646 bonum
492 625 543 646 est.
560 620 599 646 Ad
621 620 692 646 latus
708 625 799 647 autem
820 620 912 647 altaris
941 619 973 646 ad

184 666 340 700 aquilonem
356 666 514 693 necessario
530 666 649 698 addidit;
676 667 806 694 nebulosa
816 667 888 694 enim
907 674 975 700 pene

184 719 294 746 semper
307 714 366 738 lucc
375 720 438 746 pars
454 717 495 738 est
511 722 518 739 :
532 712 691 739 obtinentur
713 712 848 747 siquidem
865 713 973 744 nebula,

159 790 162 792 _
186 758 213 784 id
226 762 267 785 est
284 758 452 792 ignorantia,
471 757 498 784 hi
514 758 559 791 qui
576 766 608 784 ex
624 762 679 784 toto
697 766 727 785 se
747 758 908 785 innocentia;
922 763 976 785 tra-

150 793 160 804 .
184 803 265 832 dunt,
279 806 422 836 propterea
437 807 464 829 et
475 802 662 829 holocaustum
693 803 802 836 dicitur,
817 803 899 830 etiam
916 803 976 831 sine

184 847 343 882 operatione
356 847 478 881 justitite.
878 843 887 851 “

221 893 303 921 νιειιδ.
324 895 418 921 H-l'i.
436 903 444 919 ι
476 893 505 920 Si
520 898 611 920 autem
639 894 673 920 de
705 894 801 922 avibus
824 895 973 922 holocausti

183 940 286 967 oblatio
298 940 380 966 fuerit
398 940 524 972 Domino,
546 940 579 966 de
597 941 750 968 turtur-ibus
779 945 805 968 et
823 941 903 976 pullis
932 950 974 968 co-

183 986 401 1019 lumbae,ol]’cret
411 994 472 1013 eam
486 986 614 1013 sacerdos
630 986 662 1013 ad
681 987 776 1019 altare,
787 991 813 1014 et
829 992 929 1015 retorto
939 983 974 1016 ad

183 1031 284 1059 collum
296 1031 396 1066 capite,
414 1040 446 1058 ac
462 1038 543 1066 rupto
555 1032 676 1059 vulneris
695 1033 765 1060 loco.
778 1033 923 1060 decurrere
936 1033 975 1060 fa-

183 1079 238 1105 ciet
248 1078 410 1113 sanguinem
423 1086 505 1112 super
521 1079 688 1112 crepidinem
698 1079 801 1106 altaris.
820 1079 973 1107 Vesiculam

183 1131 249 1150 vero
261 1123 378 1158 gutturis
393 1128 421 1149 et
436 1123 543 1157 plumas
562 1124 688 1158 projiciet
703 1130 812 1159 propter
829 1125 914 1152 altare
939 1125 973 1152 ad

183 1169 344 1197 orientalem
363 1169 468 1204 plagam
480 1190 488 1202 ,
509 1170 535 1196 in
564 1170 624 1197 loco
641 1170 666 1212 ip
679 1178 733 1204 quo
749 1170 856 1197 cineres
872 1170 972 1198 cllundi

183 1216 284 1247 solent,
300 1215 507 1250 confringetque
521 1216 635 1243 ascellas
659 1217 730 1250 ejus,
746 1221 773 1243 et
788 1223 842 1243 non
858 1216 971 1248 secabit,

183 1269 235 1288 nec
247 1261 320 1288 ferro
334 1261 522 1291 divideteam:
539 1266 566 1288 et
579 1262 697 1289 adolebit
705 1270 787 1297 super
801 1262 885 1289 altare
895 1263 974 1298 lignis

184 1307 246 1341 igne
260 1306 408 1340 suppositis
425 1315 433 1335 ί
450 1307 638 1334 holocaustum
649 1313 692 1335 est
708 1312 735 1335 et
750 1308 852 1335 oblatio
864 1302 971 1336 suavis-

185 1350 246 1377 simi
259 1350 351 1377 odoris
368 1350 493 1377 Domino.
513 1360 522 1376 ι

219 1395 395 1422 Admirabilis
413 1401 454 1423 est
464 1396 589 1432 legalium
609 1397 752 1424 verborum
762 1397 908 1430 subtilitas,
918 1405 972 1424 non

184 1441 273 1469 solum
286 1442 349 1476 quia
369 1441 539 1469 dill‘crcntias
566 1443 802 1470 conversationem
834 1444 971 1476 describit,

185 1487 232 1514 sed
244 1487 325 1514 etiam
342 1488 571 1522 quemadmodum
599 1489 729 1522 quasdam
750 1489 974 1516 conversationes

185 1533 335 1560 secundum
353 1533 450 1568 legem,
462 1534 593 1568 quasdam
608 1542 672 1561 vero
679 1542 759 1569 super
775 1535 871 1570 legem,
887 1535 972 1571 signi-

186 1579 257 1606 ﬁcet.
276 1579 431 1606 Secundum
445 1579 530 1615 legem
548 1580 620 1606 enim
642 1584 706 1607 sunt
723 1580 804 1607 boum
825 1585 852 1607 et
869 1581 971 1612 ovium,

186 1625 249 1652 licet
261 1629 419 1660 spontanem
431 1625 569 1652 dicuntur.
593 1625 749 1653 Secundum
763 1625 851 1661 legem
869 1626 974 1660 quare?

185 1670 254 1703 Quia
270 1670 321 1697 etsi
338 1670 437 1697 ol‘lcrre
470 1678 570 1697 munus
587 1671 613 1696 in
638 1675 801 1705 potestatem
831 1670 974 1698 oﬂ‘crentis

185 1715 271 1748 dedit,
286 1715 368 1742 nimis
379 1719 462 1745 recte.
476 1715 552 1742 liberi
566 1715 666 1750 quippe
681 1715 785 1742 arbitrii
802 1716 872 1742 Deus
884 1715 974 1743 homi-

185 1769 249 1787 nem
265 1761 418 1792 constituit,
430 1765 519 1788 taInen
540 1761 619 1794 quale
633 1760 773 1792 olleratur,
786 1768 841 1787 non
860 1761 916 1795 jam
928 1768 975 1787 vo-

187 1807 301 1834 luntatis
317 1812 368 1839 est,
380 1815 414 1834 ne
429 1807 497 1834 forte
512 1807 582 1834 mala
608 1807 776 1834 oderantur:
790 1815 905 1835 necesse
933 1813 976 1835 est

186 1861 250 1888 ergo
261 1857 308 1879 aut
319 1853 415 1880 bovem
427 1852 519 1879 olTerri
535 1856 582 1879 aut
596 1860 687 1886 ovem,
701 1853 725 1880 id
738 1858 791 1885 est,
807 1858 854 1880 aut
866 1854 973 1887 operari

184 1899 330 1933 justitiam,
340 1903 386 1926 aut
406 1907 421 1926 a
437 1899 515 1926 malis
529 1899 676 1926 abstinere.
690 1899 761 1926 Dixit
774 1900 847 1927 enim
860 1899 974 1927 ininitio

186 1944 247 1972 libri
260 1953 267 1971 :
293 1944 377 1972 Homo
393 1946 438 1980 qui
453 1945 575 1972 obtulerit
590 1953 622 1971 ea:
636 1945 705 1971 vobis
717 1945 830 1972 hostium
851 1945 973 1977 Domino,

186 1990 218 2017 de
231 1991 375 2024 pecoribus,
393 1991 419 2016 id
432 1995 469 2017 est
484 1990 516 2017 de
524 1990 602 2016 bobus
614 1994 637 2016 et
649 1990 737 2017 ovibus
751 1991 972 2024 olferetvictimaa.

187 2035 215 2062 In
230 2036 280 2062 hac
295 2040 386 2062 autent
396 2035 534 2062 oblatione
552 2044 606 2062 non
623 2035 670 2067 ita,
689 2035 824 2070 praedicta:
841 2035 974 2070 siquidem

186 2081 317 2108 oblationi
332 2081 486 2108 dillerentia
497 2082 649 2109 volatilium
666 2089 720 2109 non
739 2086 782 2109 est
794 2089 975 2109 connumera-

187 2132 224 2159 ta,
244 2131 273 2154 ut
285 2127 412 2155 videlicet
425 2127 570 2162 perfectior
603 2133 632 2156 et
658 2129 755 2164 major,
772 2129 975 2164 multorumque

188 2172 394 2207 transgrediens
404 2173 624 2207 possibilitatem.
653 2173 776 2202 Volatilia
788 2175 872 2206 enim,
885 2175 975 2202 homi-

187 2227 235 2246 nes
245 2223 310 2245 sunt
327 2219 552 2254 contemplationi
581 2226 719 2251 vacantes.
735 2222 851 2249 terrenis
863 2223 975 2250 omnino

186 2272 216 2291 se
231 2272 287 2292 non
302 2265 449 2292 miscentes
460 2265 578 2300 negotiis
592 2275 598 2292 :
615 2267 686 2300 quod
696 2271 721 2293 et
735 2267 756 2294 si
772 2267 841 2295 forte
855 2269 975 2296 necessi-
992 2281 1014 2308 ο

188 2315 228 2337 tas
241 2311 373 2346 exegerit,
383 2319 445 2338 mox
459 2312 582 2338 revolant
592 2312 624 2339 ad
640 2313 776 2346 sublimia,
799 2318 826 2340 et
841 2314 885 2341 illo
896 2323 980 2343 cvan-

186 2355 273 2390 gelio
300 2356 430 2390 juvantur
461 2356 627 2388 testimonio,
660 2358 731 2392 quod
765 2358 895 2387 Dominus
916 2361 978 2388 ait:

187 2400 357 2428 Considerate
372 2401 492 2428 volatilia
512 2403 578 2434 mli,
593 2403 655 2438 quia
682 2412 732 2430 non
745 2405 876 2432 seminam
898 2414 980 2442 neque

187 2450 298 2478 metunt,
321 2451 344 2472 et
357 2446 437 2473 Pater
453 2451 538 2473 vester
549 2448 658 2474 cmlcstis
671 2454 758 2482 pascet
774 2449 821 2476 illa
840 2451 909 2478 5"".
941 2451 979 2479 De

187 2493 290 2520 eisdem
309 2493 439 2520 Dominus
452 2493 579 2521 dicebat:
603 2493 695 2521 Simile
710 2499 747 2522 est
773 2504 881 2531 regnum
901 2498 977 2525 aela-

187 2547 245 2564 rum
257 2547 341 2573 grano
358 2539 470 2573 sinapis,
484 2540 553 2573 quod
580 2548 638 2566 cum
661 2541 819 2574 seminutur,
842 2543 928 2570 ntinus
942 2549 978 2570 est

187 2584 307 2611 euntibus
332 2585 468 2618 olet-ilius;
500 2593 558 2611 cunt
579 2587 800 2618 autcntcrercrit,
832 2588 876 2621 ﬁet
902 2589 979 2616 arbor

187 2631 285 2666 major,
293 2633 330 2658 ita
346 2637 373 2658 ut
388 2632 503 2659 rolucres
520 2632 577 2659 mli
588 2633 844 2660 venientes/rabitur!
856 2634 882 2660 in
898 2635 979 2661 ramis

187 2677 244 2711 ejus
259 2678 291 2703 ³³.
305 2677 532 2712 (iontenq'dationi
547 2685 610 2713 ergo
636 2686 746 2709 vacans,
762 2683 789 2704 et
808 2678 836 2705 in
855 2679 963 2713 superin
973 2694 979 2699 -

189 2731 247 2749 rum
261 2723 513 2749 considerationem
549 2722 688 2757 perlectus
706 2723 787 2750 homo
803 2731 809 2749 :
825 2724 876 2752 hoc
904 2725 976 2752 enim

186 2775 248 2801 qua:
260 2767 640 2801 pra-dictasnntdocucrunt,
671 2767 694 2794 si
726 2758 976 2801 conversationem,

186 2812 246 2840 sive
265 2812 348 2838 vitam
357 2819 432 2838 suam
450 2812 616 2839 oblationem
632 2812 739 2845 oll‘erct,
757 2813 790 2840 de
816 2814 976 2845 turturibus,

223 2879 284 2894 ιι-ιι
306 2878 400 2905 Matth.
418 2887 454 2909 τι,
472 2878 517 2905 es.
548 2861 579 2894 κέ
592 2878 689 2905 Matth.
711 2886 771 2910 xm,
788 2880 832 2908 5r.
854 2880 899 2907 se.

187 2913 210 2930 ⁵⁵
219 2914 326 2943 Coloss.
340 2922 380 2946 Ill,
399 2915 420 2941 l.
472 2914 494 2930 ⁵⁹
511 2914 577 2948 Ιιιιο,
592 2914 693 2942 Jcrcm.
710 2922 736 2947 v,
752 2915 775 2940 l.

954 2881 977 2897 "
989 2881 1090 2910 Jerem.
1109 2889 1167 2916 \‘Iil,
1183 2883 1208 2909 't'.

827 2916 849 2931 ⁶⁰
865 2915 874 2942 l
887 2917 954 2952 ιιι-ε.
974 2922 1013 2950 1x;
1026 2917 1072 2944 2/1.

1025 296 1139 323 scicntia
1155 299 1401 326 etmansnetudine
1424 300 1551 334 spiritali,
1572 301 1622 327 hac
1646 301 1719 328 cnim
1745 309 1815 336 opus

1026 341 1120 374 habet,
1136 346 1229 370 utnon
1245 344 1358 371 excedat
1385 345 1451 380 legis
1480 345 1662 372 consideratio
1689 345 1714 372 in
1739 347 1815 374 vanis

1025 394 1168 423 occupata.
1183 389 1353 418 Nonl'rustra
1381 396 1472 418 autem
1500 397 1632 419 turturem
1661 397 1689 419 et
1710 393 1812 420 colum.

1025 433 1099 466 bam,
1113 435 1159 461 sed
1173 435 1205 462 ad
1219 436 1444 470 signiﬁcationem
1470 437 1659 472 praedictorum
1678 438 1815 473 lcgislator

1025 481 1193 515 assumpsit;
1213 486 1301 509 turtur
1320 482 1470 517 siquidem,
1489 483 1551 518 quia
1566 482 1748 518 cognitionem
1764 484 1814 510 ha-

1025 526 1082 559 bet,
1098 526 1134 553 ita
1153 531 1180 553 ut
1195 527 1254 561 ejus
1272 528 1406 562 exemplo,
1423 528 1578 556 Judaaorum
1603 529 1829 564 (xprobraretnr,

1025 574 1152 608 populus.
1179 573 1312 601 Jercmias
1348 576 1466 610 prohat;
1493 577 1529 603 ait
1554 584 1651 604 enim:
1672 576 1769 602 Turtur
1791 580 1814 602 et

1025 618 1138 645 hirundo
1151 624 1175 645 et
1190 619 1289 646 ciconia
1306 621 1484 647 custodierunt
1501 627 1602 656 (euripus
1618 622 1744 648 adventus
1757 621 1815 651 sui;

1025 667 1136 702 populus
1152 672 1240 694 autem
1250 675 1322 695 meus
1335 675 1384 693 non
1400 668 1516 702 cognovit
1527 668 1657 702 judicium
1671 667 1814 694 Domini”.

1026 713 1157 740 Columba
1174 717 1265 740 autent
1282 714 1381 740 munda
1391 717 1419 739 et
1435 713 1560 750 simplex,
1576 713 1816 746 annuntiatrixque

1026 759 1178 793 praesentiae
1194 759 1280 785 sancti
1295 759 1412 793 Spiritus
1421 762 1473 790 est,
1501 759 1596 793 quales
1623 762 1733 792 oportet
1752 764 1815 785 csse

1026 806 1126 838 cosqui
1145 805 1215 831 circa
1234 805 1458 839 contemplandas
1470 804 1625 839 Scripturas
1643 805 1743 831 habent
1758 809 1817 830 stu-

1026 849 1112 875 dium.
1132 849 1245 884 [‘roptcr
1262 850 1332 884 quod
1345 855 1371 876 et
1386 850 1522 885 apostolos
1541 850 1677 884 simplices
1693 849 1815 876 vultesse

1027 895 1169 926 Dominus,
1185 900 1214 922 ut
1235 896 1406 928 columbam;
1428 895 1464 922 ait
1491 895 1562 922 enim
1582 904 1588 922 :
1611 895 1686 921 Beati
1718 895 1817 922 mundo

1028 940 1115 972 tarde,
1133 941 1195 975 quia
1218 941 1268 975 ipsi
1302 941 1442 967 Dominum
1471 941 1593 967 vidrbimt
1608 941 1640 967 ⁵⁵.
1671 940 1723 967 Sed
1739 945 1766 967 et
1781 940 1815 968 ad

1027 985 1211 1012 meditandum
1227 993 1322 1012 vacare
1335 986 1444 1018 debent,
1457 986 1528 1012 unde
1542 985 1670 1012 Ezechias
1685 985 1723 1012 ait
1740 984 1815 1011 :Me-

1027 1031 1132 1057 ditabor
1146 1036 1173 1058 ut
1191 1032 1308 1058 columba
1323 1032 1354 1058 ⁵⁷.
1376 1031 1450 1058 llanc
1460 1031 1625 1058 oblationem
1643 1039 1713 1058 nulls
1726 1039 1816 1058 sacer-

1027 1076 1076 1103 dos
1090 1077 1197 1108 ochret,
1212 1085 1266 1104 non
1282 1077 1359 1104 multi
1369 1086 1377 1110 ;
1388 1085 1441 1104 non
1450 1077 1599 1111 cstquippe
1607 1076 1815 1110 contemplativa

1028 1122 1083 1149 vita
1104 1122 1294 1156 plurimorum.
1312 1123 1337 1150 id
1348 1128 1400 1156 est,
1416 1127 1445 1150 ut
1462 1131 1495 1149 ex
1508 1127 1562 1150 tota
1582 1130 1611 1149 se
1639 1127 1731 1149 mente
1747 1122 1815 1149 olle-

1027 1171 1090 1194 rant
1103 1167 1170 1200 Deo,
1187 1168 1312 1203 nihilque
1328 1169 1476 1196 humanum
1491 1168 1606 1195 ulterius
1618 1168 1749 1203 cogitent,
1766 1167 1814 1194 sed

1027 1214 1157 1241 continue
1168 1215 1389 1249 contemplentur
1402 1215 1534 1247 coelestia,
1549 1219 1577 1241 et
1591 1221 1622 1240 ea
1636 1221 1696 1248 qute
1705 1221 1815 1240 sursum

1027 1262 1101 1291 sunt,
1119 1259 1236 1294 sapiant,
1254 1260 1296 1286 ubi
1315 1259 1434 1286 Christus
1459 1264 1508 1292 est,
1527 1259 1642 1286 sicutait
1657 1257 1814 1292 Apostolus.

1026 1302 1054 1328 in
1064 1306 1171 1329 dextera
1186 1303 1235 1330 Dei
1250 1304 1340 1330 sedens
1353 1303 1385 1336 ⁵⁸,
1399 1303 1525 1330 videlicet
1534 1303 1640 1335 Patris;
1654 1302 1716 1337 quia
1723 1306 1815 1329 autem

1028 1349 1079 1376 hoc
1098 1349 1181 1376 nimis
1193 1356 1284 1376 rarum
1298 1350 1350 1382 est,
1368 1349 1426 1384 ipse
1442 1349 1573 1376 Dominus
1592 1349 1625 1376 de
1642 1348 1741 1376 talibus
1751 1355 1816 1383 pro~

1027 1394 1117 1428 pheta:
1132 1394 1268 1422 Ezechieli
1280 1395 1393 1430 loquens
1412 1395 1538 1422 edocuit:
1565 1394 1692 1422 Scrutare
1704 1394 1816 1422 Jerusa-

1028 1439 1088 1472 lem,
1104 1444 1128 1466 et
1143 1440 1199 1466 uide
1215 1441 1255 1467 :si
1269 1441 1397 1467 iiweneris
1411 1441 1494 1467 virum
1505 1441 1531 1466 in
1548 1448 1578 1466 ea
1591 1439 1695 1465 omnino
1703 1437 1816 1466 stantein

1027 1491 1088 1513 ante
1103 1487 1196 1522 facient
1208 1495 1303 1519 meam,
1315 1486 1462 1520 propitium
1478 1477 1638 1520 propitiabor
1649 1485 1673 1511 ei
1685 1484 1717 1511 "’.
1734 1483 1815 1518 Atqui

1027 1535 1106 1558 erant
1122 1531 1167 1557 lilii
1182 1530 1304 1558 .lonadab
1330 1537 1381 1557 nec
1393 1529 1486 1557 vinum
1501 1529 1636 1560 bibentes,
1653 1535 1705 1555 nec
1718 1527 1816 1554 domus

1029 1577 1171 1609 habentes,
1188 1584 1240 1604 nec
1254 1583 1334 1610 agros
1352 1575 1516 1610 plantantes.
1538 1574 1592 1602 Sed
1614 1573 1739 1601 absolute
1765 1573 1817 1600 ali-

1028 1624 1094 1658 quid
1105 1623 1248 1650 sublimius
1261 1622 1367 1657 quaerit,
1385 1621 1457 1648 unde
1482 1621 1528 1647 alii
1550 1621 1583 1647 ad
1610 1619 1816 1647 tabernaculum

1030 1668 1177 1696 testimonii
1186 1668 1351 1695 oblationem
1367 1666 1501 1699 oﬂ‘erunt;
1512 1666 1571 1693 haec
1582 1670 1672 1692 autem
1689 1664 1722 1691 ad
1733 1664 1818 1691 altare

1028 1715 1152 1746 ollertur,
1170 1714 1248 1748 cujus
1264 1712 1319 1741 vim
1334 1713 1361 1739 in
1386 1711 1607 1747 prtecedentibus
1625 1710 1764 1747 Ididieisti,
1791 1710 1818 1737 id

1029 1761 1148 1796 estquia
1167 1760 1338 1788 Dominicum
1362 1758 1495 1794 signiﬁcet
1518 1765 1628 1793 corpus.
1655 1756 1710 1784 Sed
1724 1756 1819 1784 videa-

1030 1816 1089 1836 mus
1102 1815 1162 1842 quze
1178 1806 1221 1834 his
1238 1806 1429 1841 subjiciantur.

1065 1853 1100 1880 Et
1109 1858 1206 1880 retorto
1222 1853 1256 1879 ad
1270 1853 1364 1879 collum
1379 1852 1474 1886 capite,
1498 1859 1530 1877 ac
1543 1855 1619 1886 rupto
1627 1849 1817 1880 vulnerialoco.

1031 1898 1202 1932 Abrumpens
1216 1897 1342 1924 videlicet
1355 1905 1370 1923 a
1387 1896 1456 1931 pelle
1484 1903 1544 1930 quae
1564 1895 1717 1930 superjaeet
1737 1895 1818 1926 collo,

1029 1951 1083 1970 non
1101 1943 1178 1970 valde
1190 1943 1262 1969 illam
1273 1949 1404 1977 separatis
1420 1949 1435 1968 a
1455 1948 1579 1975 corpore,
1597 1945 1627 1970 ut
1638 1948 1689 1967 nec
1699 1939 1818 1974 dissipa-

1030 1992 1071 2014 ret
1082 1987 1158 2019 illud,
1171 1994 1222 2014 nec
1233 1994 1266 2013 eo
1287 1993 1380 2013 rursus
1402 1985 1576 2021 astringatur,
1591 1985 1663 2020 quod
1681 1984 1819 2020 signiﬁca-

1029 2037 1073 2060 tur
1083 2033 1200 2067 abrupto
1213 2032 1333 2059 vulneris
1346 2032 1416 2064 loc0,
1429 2032 1482 2064 vel,
1498 2032 1570 2058 sicut
1583 2030 1652 2058 LXX
1666 2030 1762 2063 edunt,
1775 2037 1818 2057 re-

1029 2077 1161 2105 fractione
1176 2078 1282 2113 capitis.
1296 2078 1397 2105 Eodem
1414 2077 1515 2113 quippe
1523 2084 1650 2104 sermone
1668 2081 1695 2104 et
1708 2076 1817 2104 Samuel

1029 2122 1062 2149 ad
1075 2122 1184 2150 Saulem
1196 2130 1262 2150 usus
1273 2127 1325 2154 est,
1351 2123 1462 2158 quando
1490 2122 1516 2150 ei
1529 2130 1635 2149 artuum
1650 2122 1729 2154 dans,
1745 2122 1817 2150 idem

1028 2169 1178 2197 secundum
1194 2168 1264 2195 LXX
1275 2169 1342 2196 dixit
1357 2177 1364 2194 :
1377 2167 1498 2202 Comede,
1522 2169 1583 2204 quia
1599 2169 1626 2195 in
1641 2169 1818 2196 testimonium

1029 2225 1044 2243 a
1058 2215 1154 2251 populo
1167 2215 1281 2250 positum
1296 2220 1332 2242 est
1344 2215 1390 2241 tibi
1403 2215 1436 2242 ‘°.
1454 2215 1588 2250 Refringe,
1603 2215 1629 2242 id
1643 2218 1686 2242 est
1695 2223 1745 2250 per
1754 2223 1818 2250 par—

1030 2267 1070 2290 tes
1085 2262 1240 2289 comminuc
1257 2266 1284 2289 et
1295 2269 1436 2289 consume.
1451 2262 1485 2289 Et
1498 2262 1559 2289 ideo
1574 2262 1655 2289 etiam
1673 2270 1747 2289 nunc
1761 2269 1817 2289 non

1030 2313 1060 2336 ut
1074 2309 1214 2336 occidatur
1225 2308 1294 2340 avis,
1311 2308 1359 2336 sed
1372 2314 1401 2334 ut
1431 2308 1611 2343 abrumpalur
1626 2308 1668 2336 vel
1683 2308 1817 2345 refringa-

1030 2359 1073 2382 tur
1086 2354 1222 2389 legislator
1232 2353 1322 2388 jussit,
1336 2353 1484 2380 ostendens
1515 2353 1651 2388 quomodo
1667 2360 1715 2388 per
1727 2358 1817 2387 partes

1029 2405 1056 2428 ct
1071 2401 1168 2428 leniter
1185 2409 1277 2427 verum
1295 2405 1386 2435 caput,
1411 2400 1436 2427 id
1460 2404 1502 2426 est
1528 2403 1647 2426 mentem
1674 2398 1777 2425 dividat
1801 2407 1817 2427 a

1029 2447 1108 2482 pelle,
1121 2447 1147 2474 id
1163 2451 1214 2477 est,
1227 2455 1240 2473 a
1255 2455 1352 2480 carne;
1363 2447 1435 2473 unde
1448 2453 1499 2473 nec
1515 2445 1632 2474 ell'undit
1644 2445 1816 2480 sanguinem,

1028 2493 1075 2519 :ed
1088 2493 1234 2520 decurrere
1245 2493 1337 2524 faciet,
1350 2493 1391 2519 vel
1406 2493 1555 2520 secundum
1568 2492 1649 2524 LXX,
1665 2491 1779 2523 cseulat,
1788 2495 1818 2518 ut

1029 2548 1076 2575 per
1092 2544 1183 2574 partes
1195 2545 1223 2566 et
1241 2540 1359 2574 perfecte
1374 2539 1505 2574 despiciat
1515 2539 1691 2574 praesentium
1702 2538 1818 2565 medita-

1030 2586 1130 2612 tionem
1147 2585 1189 2613 vel
1204 2585 1298 2617 vitam,
1314 2590 1408 2621 utpote
1423 2587 1467 2620 qui
1485 2590 1568 2613 totam
1599 2593 1675 2612 suam
1699 2584 1818 2611 animam

1029 2631 1125 2659 obtulit
1144 2632 1208 2659 Deo.
1231 2632 1287 2676 line
1304 2632 1375 2659 enim
1394 2632 1530 2667 signiﬁcat
1549 2640 1555 2658 :
1577 2632 1610 2659 Et
1626 2631 1733 2666 sanguis
1747 2639 1820 2657 ercu-

1030 2677 1099 2704 lutus
1115 2678 1184 2704 circa
1201 2677 1286 2704 basim
1301 2678 1406 2709 altaris,
1422 2678 1493 2712 quod
1505 2681 1546 2705 est
1565 2677 1692 2705 Christus
1705 2676 1820 2704 :Christi

1033 2727 1123 2750 autem
1143 2723 1215 2751 basis
1231 2729 1272 2751 est
1284 2723 1472 2759 Evangelium,
1488 2723 1515 2750 in
1535 2731 1590 2758 quo
1605 2723 1720 2750 maxime
1737 2730 1820 2757 opor—

1034 2773 1090 2795 tere
1103 2776 1151 2796 nos
1167 2773 1328 2803 prtesentem
1342 2769 1425 2796 vitam
1448 2770 1601 2804 despicere,
1617 2773 1711 2803 utpote
1736 2772 1820 2795 totam

1033 2815 1152 2842 animam
1167 2820 1288 2842 nostram
1310 2815 1365 2843 Deo
1381 2815 1540 2847 offerentes,
1557 2815 1712 2843 didicimus.
1743 2813 1820 2846 Vesi-

1257 2882 1279 2898 "
1297 2880 1391 2908 Matth.
1405 2890 1431 2915 v,
1448 2882 1474 2910 8.
1520 2883 1543 2899 "
1565 2883 1615 2910 lsa.
1639 2889 1755 2910 xxxvtlt.
1778 2882 1820 2910 ll.
