2052 3150
221 160 276 193 803

225 267 277 293 est,
291 266 416 296 utroque,
434 264 462 286 et
483 258 633 289 inﬂatione,
647 262 727 292 atque
742 257 943 292 snperﬂuoruut
977 256 1020 283 itt-

225 307 372 343 quisitione
388 313 451 333 eum
461 312 564 336 carere,
579 304 761 338 tnundariquc
772 303 865 330 volens
881 312 886 329 :
902 303 1019 329 maxime

225 353 298 379 rnitn
313 352 356 378 his
374 350 556 386 passiouibus,
575 350 601 377 hi
617 351 661 384 qui
679 350 798 376 ttheriori
811 349 915 384 pollent
930 350 1020 375 scien-

226 399 273 430 tia,
283 397 476 426 sttrcutttlutnt,
494 400 640 423 attestante
653 395 752 422 Paulo:
770 395 885 421 Scientia
899 395 975 428 inﬂat
985 395 1017 421 ει.

226 444 259 470 Et
271 450 389 470 rursus:
416 442 444 469 Si
464 443 522 477 quis
551 442 654 468 videtur
677 442 744 467 scire
771 441 885 473 aliquid,
910 441 1018 466 necdum

225 489 344 524 cognovit
356 487 577 522 quemadmodum
604 492 721 521 oporteat
737 495 796 513 eam
815 487 880 512 srire
893 486 925 512 δ’.
950 486 1019 512 Rur-

226 543 271 562 sus
287 534 344 569 ipse
356 533 394 560 ait
412 542 418 559 :
433 533 532 568 Corpus
555 537 643 558 autem
663 531 758 558 Christi
774 540 782 558 :
808 539 883 558 nemo
895 540 938 558 vos
953 531 1019 558 deti-

226 581 293 614 pial,
316 579 402 606 uolens
415 579 442 605 in
459 579 610 605 humilitate
628 584 651 604 et
665 578 789 611 religione
801 578 1019 612 angelorumquw

227 635 277 653 non
295 627 369 655 uidit.
401 625 542 652 ambulans
567 625 668 660 [rustra
691 625 800 658 inﬂatus
829 633 905 650 sensu
932 625 1019 650 curuis

225 681 279 699 sua:
293 672 325 698 ⁵³.
344 672 411 698 Nattt
430 671 600 697 'I'ltcodotion
633 670 759 696 similiter
784 670 896 696 vesicam
911 671 995 697 edidit
1011 679 1018 696 :

226 717 320 752 Aq'uila
335 717 429 749 σιτίον,
445 717 470 743 id
495 721 535 742 est
550 716 694 747 cibarium,
710 716 772 749 quia
787 715 812 740 itt
827 715 922 741 avibus
940 715 1016 741 inﬂa-

228 763 393 797 Iiouiaptnm
410 770 457 788 vas
470 762 678 796 suscipiensque
696 761 845 795 superﬂua,
860 761 947 788 vesica
965 765 1017 787 est.

226 809 286 835 l\'on
302 816 366 843 ergo
382 808 511 842 permittit
525 807 625 839 inﬂari,
642 812 669 834 et
693 807 753 833 idco
768 807 869 833 auferri
891 807 1019 841 praecl-pit

228 855 359 882 vesicam.
375 855 428 881 Sed
446 863 496 881 ttce
512 854 613 888 tuajora
634 853 711 880 nobis
727 861 847 888 quierere
865 853 1017 880 wlaltiora.

228 902 326 928 Altiora
340 901 411 928 cnim
426 905 461 931 te.
479 901 524 930 ait.
547 908 578 926 ue
608 900 753 934 qua‘sieris,
771 904 794 925 et
811 899 964 925 sublimiora
993 904 1016 925 to

229 955 260 973 ne
272 951 406 973 scrutatus
423 946 503 981 [ueris
514 946 546 972 εδ.
561 944 637 971 Unde
652 949 678 972 et
699 946 805 980 plumas
820 945 852 971 ab
870 945 956 971 hostia
974 952 1018 971 sc-

227 992 341 1027 pararit,
373 995 400 1018 et
435 991 552 1025 projecit
587 995 698 1025 propter
731 990 814 1017 altare
839 990 871 1016 ad
911 991 1016 1025 plagam

227 1038 397 1068 orientalem.
433 1037 461 1064 in
485 1037 544 1064 loco
565 1036 592 1063 in
616 1044 670 1071 quo
692 1036 797 1063 cineres
831 1036 932 1063 etlundi
972 1044 1017 1062 so-

228 1085 293 1117 lent.
306 1083 346 1110 Ad
361 1082 494 1110 orientem
506 1082 627 1117 quidem,
640 1082 702 1116 qttia
712 1082 851 1116 inquisitio
861 1082 1016 1109 sublimium

227 1129 438 1157 reruutvidetur
451 1136 522 1155 esse.
542 1128 622 1155 Extra
634 1128 717 1154 altare
743 1132 844 1158 autem,
870 1128 935 1162 quia
962 1135 1016 1154 non

227 1175 423 1205 necessariam,
439 1174 487 1201 sed
499 1173 663 1208 superﬂuant
680 1178 761 1208 atque
787 1173 894 1199 noxiam
912 1177 1018 1200 scruta-

229 1222 330 1248 tiottem
346 1220 478 1256 possidet.
504 1220 534 1247 ltt
564 1219 654 1246 locutu
668 1224 759 1246 autem
780 1219 858 1253 jubet
880 1219 1016 1249 cinerum,

229 1271 340 1302 propter
351 1271 488 1297 naturam,
504 1265 538 1292 de
551 1272 603 1299 qua
619 1265 755 1290 Abraham
779 1264 846 1291 dicit
859 1273 865 1290 :
880 1263 936 1298 Ego
959 1271 1018 1289 tum

228 1313 312 1346 pulvis
318 1317 341 1339 et
348 1312 451 1338 ciuis".
460 1311 529 1346 Ergo
535 1319 582 1346 per
590 1311 679 1338 locum
688 1310 810 1338 cinerum
819 1310 972 1345 praedictam
980 1309 1016 1336 ina

227 1358 364 1386 tlationent
374 1357 512 1390 redarguit
520 1356 667 1391 legislator,
679 1360 772 1390 utpote
781 1363 840 1390 quae
849 1355 929 1390 digna
937 1357 972 1382 sit
980 1355 1018 1381 ei-

228 1412 304 1437 nerc;
314 1404 384 1439 quod
394 1408 483 1431 autem
492 1403 584 1430 cinere
592 1403 702 1438 dignum
714 1406 766 1435 est,
773 1401 899 1429 deorsum
911 1402 937 1428 itt
946 1406 1017 1428 terra

228 1454 329 1479 manet.
341 1454 369 1476 et
377 1449 402 1475 in
412 1449 510 1476 ccelum
519 1447 665 1474 asrendcre
673 1455 725 1474 non
734 1451 831 1482 potest.
845 1446 946 1473 Deinde
958 1446 996 1473 ait
1008 1455 1015 1473 :

264 1495 466 1530 Confriugetque
491 1493 603 1520 uscellas
627 1493 694 1528 ejus,
723 1497 748 1519 et
776 1501 826 1519 non
849 1493 1018 1524 s'tabit,ttcc

226 1542 296 1576 ferro
305 1540 410 1567 diuidat.
428 1539 588 1566 Necessarie
600 1539 761 1574 prtccipieus
777 1543 923 1573 utrutnque
934 1545 1015 1565 :con-

226 1583 351 1619 fringens
369 1584 515 1618 siquidem,
533 1583 595 1618 quia
607 1586 715 1616 oportet
731 1583 850 1609 membra
874 1586 1015 1610 conterere

226 1631 307 1662 atque
320 1627 437 1662 aﬂligcre
446 1635 508 1654 eum
536 1627 581 1661 qtti
609 1626 662 1653 Deo
674 1626 835 1653 sacriﬁciunt
849 1626 905 1653 ﬁeri
931 1626 1013 1660 cupit.

227 1672 287 1699 Non
303 1672 407 1699 sccabit
422 1676 525 1704 autem,
549 1679 600 1699 nec
628 1672 701 1698 l'crro
734 1672 846 1704 dividet,
860 1679 910 1698 nec
936 1672 1016 1699 faciet

227 1724 305 1744 avem
327 1718 398 1744 sicut
429 1717 525 1744 bovem
553 1721 687 1743 autovem
710 1724 758 1751 per
786 1716 942 1743 divisiones.
960 1716 1015 1744 lloc

226 1762 327 1798 quippe
339 1766 366 1789 et
391 1762 527 1789 Abraham
564 1762 590 1788 in
621 1769 671 1789 suo
702 1761 834 1789 sacrilicio
856 1762 1014 1795 custodivit,

225 1808 335 1843 quando
353 1809 407 1835 Deo
420 1808 531 1840 iubente
559 1816 670 1835 vaccam
685 1808 801 1839 trimam,
834 1808 960 1835 similiter
988 1815 1015 1836 et

225 1861 345 1889 capram,
357 1858 384 1880 et
397 1854 508 1880 arietem
522 1854 667 1886 trienneut,
680 1858 707 1880 et
721 1859 854 1881 turturem
869 1859 895 1881 et
910 1854 1015 1881 colum-

226 1901 287 1926 hant
299 1899 398 1926 obtulit
410 1907 417 1931 ς
431 1898 469 1926 ait
485 1899 557 1926 enim
575 1907 582 1925 ε
599 1899 703 1932 Accepit
713 1899 761 1925 sibi
783 1901 838 1926 lure
863 1900 962 1931 omnia,
990 1904 1014 1925 ct

224 1945 311 1972 divisit
327 1953 357 1971 ea
371 1952 416 1978 per
427 1944 541 1970 medium
564 1942 729 1976 altrinsecus,
742 1948 765 1970 et
791 1949 880 1970 contra
894 1953 921 1971 se
936 1953 1015 1979 capo-

223 1991 287 2023 suit,
303 1999 363 2018 aves
377 1995 464 2017 autem
479 1999 529 2017 non
538 1991 624 2017 divisit
637 1991 669 2016 "°.
694 1990 845 2018 Prudenter
856 1996 946 2018 autem
963 1992 1015 2018 ltoc

224 2037 381 2069 custodivit,
410 2042 490 2071 atque
516 2037 667 2064 secundum
694 2037 860 2064 intellectum
887 2038 1012 2072 prtecepti

225 2083 338 2110 nuncin
355 2083 441 2117 legem
454 2082 510 2110 dat.
534 2081 764 2117 Contemplationi
792 2083 864 2109 enim
878 2083 1014 2110 inhaerens

225 2128 319 2160 homo,
336 2128 459 2162 nihilque
477 2128 582 2156 habens
615 2133 767 2158 terrenum.
785 2129 832 2156 sed
863 2129 910 2164 qui
942 2133 1013 2156 lottts

222 2172 382 2208 jamdudum
390 2172 509 2199 cmlestis
524 2172 732 2202 est.advcrsans
747 2172 844 2200 animae
860 2180 914 2199 non
932 2172 1014 2200 habet

819 157 998 188 HESYCHII
1018 157 1244 187 PRESBYTEPI

227 217 313 243 cnlam
328 219 417 243 autem
429 213 545 252 gutturis
570 217 598 240 et
623 213 729 248 plumas
753 212 848 246 projici
871 212 962 246 jussit,
992 212 1017 237 id
1034 217 1054 241 Α

1030 1556 1051 1583 C

1805 155 1858 185 ειη

1380 242 1495 270 CAPUT
1518 243 1550 270 ll.

1106 299 1188 325 \‘t-ztts.
1207 299 1265 325 l-5.
1294 308 1303 325 ι
1334 298 1429 326 Anima
1455 307 1516 327 cum
1533 298 1661 326 obtulerit
1696 298 1859 326 oblatiorem

1069 345 1192 372 sacriﬁcii
1211 344 1335 375 Domino,
1351 344 1438 371 simila
1446 345 1497 372 erit
1511 345 1571 379 ejus
1580 344 1692 375 oblatio,
1712 343 1861 378 fundetquo

1069 397 1152 424 super
1164 397 1223 417 eam
1238 389 1338 420 oleum,
1355 394 1476 424 ctponet
1492 389 1565 421 thus,
1581 397 1611 416 ac
1627 389 1731 416 deleret
1744 389 1777 416 ad
1792 390 1862 416 ﬁlios

1069 436 1158 462 Aaron
1186 436 1347 463 sacerdotis.
1379 437 1499 468 Quorum
1525 443 1595 461 untts
1620 435 1695 462 tollet
1728 435 1859 470 pugilli-tn

1069 481 1179 516 plenum
1197 481 1290 508 simila:
1304 485 1331 508 et
1345 481 1395 507 olei
1411 489 1443 508 ac
1462 485 1547 507 totum
1565 481 1639 512 tltus,
1656 485 1683 506 et
1700 488 1742 515 po:
1756 486 1783 507 et.
1801 488 1861 507 mc-

1069 527 1182 554 moriale
1194 535 1277 561 super
1292 527 1377 553 altare
1403 527 1428 553 iu
1460 527 1571 553 odorem
1593 526 1785 553 suavissimum
1807 525 1861 552 Do-

1070 571 1154 598 tttitto.
1171 570 1247 602 Quod
1260 576 1350 597 autent
1368 571 1501 604 reliquum
1518 570 1597 596 fuerit
1612 571 1645 596 de
1658 570 1862 602 saeriﬁcio,erit

1069 615 1158 642 Aarott
1169 621 1195 642 et
1206 616 1321 642 ﬁliorum
1338 615 1397 649 ejus
1421 616 1549 642 Sani-tum
1570 622 1725 642 sanctorum
1739 616 1770 642 de
1785 616 1861 642 obla-

1070 661 1189 688 tionibus
1203 662 1320 688 Domini.
1336 671 1345 687 ι

1104 708 1171 740 Quia
1187 708 1305 734 anituattt
1322 712 1408 734 totum
1426 707 1564 734 hominem
1585 698 1712 742 appellat,
1745 716 1806 734 man
1820 708 1860 734 fc—

1069 758 1139 780 stum
1155 758 1197 780 est
1213 761 1245 780 ex
1261 754 1311 780 hoc
1320 753 1392 788 qttod
1413 753 1449 780 ait
1466 763 1472 780 ;
1492 752 1586 780 Simila
1602 753 1727 790 rrit_cjus
1744 753 1861 780 oblatio:

1070 799 1096 826 itt
1109 805 1194 828 totunt
1208 801 1327 827 animam
1350 801 1449 827 iterare
1462 800 1556 826 volens
1573 800 1623 826 ltoc
1639 800 1711 834 quod
1739 799 1859 826 ﬁendum

1070 851 1137 877 erat,
1156 846 1254 873 deinde
1269 851 1295 872 el
1310 846 1426 873 similam
1444 846 1535 872 oﬂerri
1554 846 1685 880 prmc‘pil.
1700 846 1794 872 Anima
1808 854 1860 872 au-

1035 890 1053 916 B
1071 886 1123 918 tein
1140 891 1196 926 ipsa
1212 899 1260 926 per
1274 900 1303 919 se
1317 884 1454 926 quom‘odo
1467 892 1584 919 deferret
1594 892 1767 924 oblationem,
1777 900 1859 926 quant

1069 944 1180 964 necesse
1195 938 1311 964 habebat
1324 938 1485 972 deprecans,
1512 943 1539 964 et
1559 937 1591 964 ad
1623 938 1674 964 hoc
1691 938 1783 972 tttiquc
1809 945 1856 964 nc.

1069 981 1216 1009 cessarinut
1233 982 1346 1009 haberet
1362 983 1545 1010 ministerium
1564 983 1706 1018 corporis?
1737 983 1789 1009 Sed
1807 991 1854 1009 au-
1867 997 1875 1004 ς

1069 1028 1211 1062 ribusquaa
1226 1028 1326 1054 divinis
1342 1033 1405 1054 sunt
1427 1028 1584 1056 assuerat-ta:
1613 1029 1772 1062 Scripturis,
1792 1029 1859 1056 nihil

1069 1073 1196 1100 novitatis
1213 1074 1255 1100 hic
1272 1075 1369 1100 asserit
1380 1082 1480 1102 sermo.
1509 1075 1574 1101 Nam
1595 1079 1623 1101 et
1651 1075 1726 1108 alibi,
1739 1076 1857 1102 animant

1069 1127 1117 1154 per
1130 1127 1168 1151 se,
1187 1127 1276 1146 mores
1292 1129 1355 1147 vero
1366 1126 1451 1148 totum
1468 1122 1607 1148 hominem
1619 1122 1783 1157 appellavit;
1798 1123 1857 1149 vel-

1069 1165 1106 1192 ttti
1126 1173 1186 1192 cum
1201 1173 1294 1193 eorum
1317 1167 1362 1201 qui
1379 1168 1405 1194 itt
1440 1167 1555 1203 Aigypto
1581 1169 1781 1196 dcsrendeiuut
1805 1176 1858 1194 nu-

1069 1219 1172 1238 merum
1187 1212 1323 1247 digerens,
1339 1214 1376 1240 ait
1389 1223 1394 1239 :
1408 1212 1514 1240 Curti-Iw
1537 1215 1634 1241 animm
1654 1223 1712 1250 qua'
1734 1215 1859 1249 ingressa:

1068 1262 1127 1283 sunt
1140 1265 1198 1283 cum
1209 1257 1291 1284 Jacob
1308 1259 1333 1284 iu
1346 1259 1502 1294 [Egi/ptum,
1519 1265 1542 1286 ct
1558 1261 1654 1295 egressi
1666 1261 1697 1286 de
1714 1261 1857 1296 femoribus

1068 1303 1136 1337 ejus,
1151 1303 1248 1339 absque
1263 1305 1386 1332 umoribus
1395 1306 1521 1337 ﬁliorum,
1538 1307 1705 1341 septuaginta
1720 1307 1750 1333 ⁸⁸.
1763 1307 1815 1333 Sed
1829 1311 1858 1333 et

1068 1348 1166 1380 Lucas,
1182 1358 1244 1377 cum
1258 1350 1332 1378 Pauli
1350 1351 1485 1387 navigium
1499 1351 1612 1379 Romam
1638 1353 1730 1379 cuntis
1752 1353 1856 1380 descri-

1068 1394 1156 1424 beret.
1171 1395 1208 1421 ait
1225 1404 1230 1421 :
1251 1395 1365 1423 Eramus
1377 1401 1465 1423 autem
1480 1405 1568 1424 omnes
1587 1399 1684 1425 animle
1695 1399 1722 1424 in
1739 1399 1857 1425 novidu-

1068 1439 1135 1464 αιτιιὶ
1148 1440 1314 1474 srptuaginta
1329 1445 1353 1466 et
1367 1435 1423 1468 θεῖ’
1436 1441 1470 1468 ⁸⁹.
1491 1441 1653 1468 Intuendum
1693 1447 1735 1469 est
1763 1446 1855 1470 autem

1068 1492 1102 1511 tte
1119 1484 1358 1513 l'orsitattanimam
1384 1486 1411 1513 in
1442 1487 1493 1514 hoc
1512 1487 1573 1514 loco
1601 1488 1727 1523 gentilem
1743 1488 1857 1515 dixisset

1069 1529 1208 1557 hominem
1222 1540 1229 1558 :
1243 1533 1305 1566 quia
1324 1533 1395 1559 cuiut
1419 1533 1546 1567 superius
1575 1533 1636 1561 ﬁliis
1653 1534 1734 1561 lsrael
1749 1542 1780 1561 ea
1795 1543 1857 1569 qua:

1069 1580 1133 1601 sunt
1158 1575 1184 1601 iu
1205 1577 1337 1611 sanguine
1364 1578 1495 1605 sacriﬁcia
1522 1578 1591 1605 dixit
1614 1588 1619 1605 :
1648 1579 1775 1614 Loquere,
1807 1580 1855 1611 ait,

1065 1620 1129 1653 ﬁliis
1152 1621 1259 1648 Israel:
1292 1624 1377 1649 Homo
1403 1624 1447 1659 qui
1462 1624 1584 1651 obtulerit
1602 1633 1634 1652 ex
1648 1625 1716 1652 vobis
1742 1626 1856 1652 hostium

1067 1666 1189 1698 Domino,
1205 1669 1236 1695 de
1251 1664 1397 1703 pecoribus,
1414 1671 1440 1697 id
1455 1674 1491 1697 est
1509 1671 1541 1697 de
1551 1671 1630 1698 bobus
1648 1677 1671 1698 ct
1685 1672 1772 1699 ovibus
1788 1673 1856 1706 o/Tc-

1066 1719 1103 1740 ret
1114 1714 1250 1747 victimas;
1265 1715 1308 1742 hic
1321 1716 1385 1742 illud
1407 1717 1478 1750 quod
1512 1722 1588 1744 extra
1613 1718 1772 1752 sanguinem
1801 1723 1853 1752 est,

1066 1759 1228 1785 sacriﬁcium
1243 1760 1339 1787 simila:
1355 1761 1515 1796 praecipiens
1535 1762 1699 1794 necessarie.
1713 1771 1767 1790 non
1775 1763 1852 1795 divit',

1067 1804 1153 1831 Ilouto
1165 1806 1293 1840 exg‘obis,
1302 1806 1360 1839 sed,
1371 1807 1467 1833 Anima
1480 1815 1537 1833 rum
1549 1807 1670 1834 obtulerit
1683 1809 1852 1841 oblationem,

1065 1851 1182 1876 animam
1199 1851 1496 1885 gentilemnominans,
1521 1853 1582 1887 quia
1616 1853 1747 1881 animales
1776 1860 1855 1882 erant

1066 1896 1152 1930 prius,
1169 1897 1251 1931 et.qu
1264 1905 1317 1924 nott
1331 1898 1485 1932 potuissent
1506 1898 1656 1933 intelligere
1671 1907 1702 1926 ea
1718 1908 1778 1935 qua:
1790 1905 1855 1928 sunt

1065 1941 1187 1976 spiritus;
1198 1946 1385 1970 verumtamen
1392 1947 1523 1971 vocantur
1533 1944 1565 1970 ad
1579 1945 1753 1978 oblationem,
1765 1947 1832 1974 mise
1841 1963 1855 1967 -

1066 1992 1142 2015 ranle
1170 1987 1303 2023 eosjusto
1322 1989 1388 2020 Deo,
1416 1994 1497 2024 atque
1520 1999 1570 2025 per
1592 1992 1853 2020 condescensionetn

1065 2034 1198 2061 salvante.
1213 2034 1250 2061 De
1262 2042 1316 2068 quo
1331 2040 1358 2062 ct
1376 2034 1504 2062 Salomon
1527 2036 1592 2063 dicit
1621 2037 1648 2063 in
1674 2036 1830 2065 Proverbiis
1846 2048 1852 2066 :

1063 2076 1154 2104 Justus
1173 2079 1310 2105 miseretur
1323 2079 1612 2114 animasjumentorum
1626 2090 1734 2109 suorum
1748 2083 1781 2109 ⁷⁸.
1795 2083 1853 2110 Ηυ-

1062 2122 1107 2157 jtts
1124 2131 1187 2158 ergo
1202 2123 1246 2158 qui
1260 2129 1321 2159 eget
1337 2125 1441 2152 divitiis
1466 2134 1527 2161 qua:
1552 2133 1618 2155 sunt
1640 2130 1784 2161 virtutum,
1801 2130 1855 2156 erit

1064 2168 1166 2196 oblatio
1181 2169 1280 2197 simila.
1294 2171 1376 2198 Paulo
1383 2177 1445 2206 post
1452 2172 1536 2204 enim,
1548 2181 1610 2200 cum
1621 2182 1668 2208 pro
1679 2175 1798 2209 peccatis
1809 2184 1854 2203 sa-

224 2226 324 2253 corpus
343 2227 350 2245 :
367 2218 499 2253 integrum
518 2218 617 2253 quippe
629 2219 688 2252 ejus
704 2225 803 2253 corpus
816 2222 843 2245 et
853 2218 942 2245 anima
958 2223 1009 2248 est,
1029 2220 1048 2247 ι)
1063 2215 1165 2243 criﬁcia
1176 2217 1307 2251 dispertit,
1322 2225 1384 2244 eum
1402 2219 1448 2252 qui
1472 2227 1523 2246 nec
1537 2227 1618 2248 orem
1641 2221 1723 2249 habet
1733 2230 1785 2250 nec
1807 2231 1852 2250 ca-

223 2264 271 2291 sed
288 2268 316 2291 et
330 2264 453 2298 spiritus,
469 2265 619 2291 secundum
632 2264 702 2299 quod
721 2264 787 2291 dixit
815 2264 914 2290 Paulus
929 2273 935 2291 :
951 2263 1014 2291 Siue

223 2310 329 2346 querela
338 2310 365 2336 in
374 2310 514 2337 aduentum
528 2310 633 2337 Domini
643 2310 788 2336 custoditur
796 2309 828 2336 ⁶⁷.
842 2309 874 2335 Et
889 2314 1014 2344 propter-

223 2365 254 2385 ea
273 2356 410 2392 superﬂua
435 2357 462 2383 in
483 2356 524 2383 eis
553 2357 738 2384 membrorum
760 2355 860 2383 divisio
874 2360 927 2385 est.
944 2355 1014 2383 intc-

223 2409 300 2436 grum
315 2403 388 2429 enitn
401 2409 486 2437 super
501 2402 670 2437 intelligibile
690 2402 786 2437 altare,
799 2406 826 2428 et
840 2409 923 2436 super
940 2402 1013 2437 ligna

200 2457 206 2486 ¹τ
223 2447 323 2482 quibus
340 2447 486 2482 subjicitur
501 2447 582 2482 ignis,
599 2447 730 2474 offertur:
744 2454 832 2482 neque
846 2448 917 2474 enirn
933 2447 1011 2474 aliter

223 2489 387 2521 Sacriﬁcium
413 2493 580 2528 acceptabile
606 2492 730 2522 eﬂicitur.
757 2492 808 2519 nisi
837 2492 1011 2518 meditatione

222 2537 352 2574 spiritalis
364 2538 442 2573 legis,
458 2543 486 2565 et
504 2542 568 2565 tttnc
591 2538 779 2565 holocaustum
794 2541 821 2564 et
834 2537 933 2564 oblatio
947 2546 1012 2564 sua-

223 2582 325 2611 vissimi
337 2582 427 2610 odoris
442 2582 558 2610 Domino
580 2584 714 2617 reperitur
734 2583 780 2618 qui
795 2591 902 2617 semper
914 2583 1011 2610 odora-

224 2633 267 2655 tur
278 2628 441 2655 sacriﬁcium
452 2633 587 2658 nostrum,
598 2632 625 2654 et
651 2627 866 2662 uniuscujusque
887 2632 1010 2655 nostrum

221 2673 306 2701 vitam
322 2674 380 2700 sive
405 2673 639 2700 conversationem
656 2692 663 2703 ,
691 2681 725 2699 an
752 2674 900 2700 secundum
924 2668 1009 2708 legem

221 2727 280 2754 que
298 2719 332 2746 ab
345 2726 377 2746 eo
392 2718 452 2746 data
462 2724 514 2750 est,
527 2719 666 2746 oll‘eratur.

267 2831 288 2847 "
302 2831 310 2857 1
323 2831 389 2859 Cor.
406 2840 464 2862 un.
483 2831 507 2859 1.

219 2865 262 2894 ⁸⁷1
278 2866 373 2895 Thess.
383 2875 410 2900 ν,
426 2867 472 2895 25.

561 2833 582 2848 ¹¹
602 2832 668 2858 ibid.
692 2833 720 2858 Ξ.

511 2868 533 2883 ⁸⁸
545 2867 628 2894 Exod.
645 2867 696 2899 t,5.

759 2832 781 2847 ⁸³
797 2831 902 2857 Coloss.
922 2839 950 2860 ll,
968 2831 991 2857 l.

736 2867 757 2882 ⁸³
776 2868 805 2892 At
818 2871 836 2892 ι.
855 2874 938 2898 xuii,
954 2866 998 2892 37.

1037 2866 1059 2881 ⁷ο
1077 2865 1156 2893 l'rov.
1174 2874 1222 2898 xit,
1244 2868 1284 2892 lU.

1064 2268 1283 2298 pratu,turturcs
1298 2269 1325 2292 et
1349 2266 1436 2300 pullos
1461 2267 1649 2295 columbarum
1673 2269 1772 2297 oﬂ‘errc
1783 2279 1855 2306 pra:-

1063 2309 1135 2344 (cpit
1149 2318 1158 2343 ;
1173 2310 1219 2344 qui
1237 2315 1328 2338 autem
1346 2319 1395 2338 nec
1412 2313 1463 2339 hoc
1479 2313 1571 2343 habet.
1589 2314 1705 2342 similam
1720 2323 1782 2342 eum
1792 2324 1854 2343 san-

1062 2356 1099 2382 cit
1112 2355 1220 2383 olTerre.
1237 2355 1296 2383 Non
1311 2358 1449 2392 euimjam
1464 2366 1495 2385 ex
1513 2360 1654 2394 operibus.
1671 2350 1854 2397 utpote'pau-

1063 2408 1111 2434 per
1126 2401 1279 2434 virtutibus,
1295 2402 1341 2428 sed
1369 2403 1425 2429 sola
1453 2402 1498 2429 Dei
1529 2404 1684 2438 cognitione
1705 2405 1823 2432 salvatur
1843 2414 1851 2432 :

1062 2454 1123 2481 qua:
1134 2446 1161 2473 in
1185 2446 1243 2482 lege
1258 2447 1344 2474 simila
1356 2470 1364 2480 ,
1381 2448 1408 2475 in
1438 2447 1584 2484 Evangelio
1598 2455 1688 2477 autem
1702 2450 1787 2477 farina
1802 2459 1853 2477 nn-

1060 2493 1198 2525 minatttr;
1215 2493 1250 2519 ait
1263 2493 1336 2520 cnim
1352 2494 1484 2522 Dominus
1501 2504 1507 2521 :
1523 2495 1616 2522 Simile
1631 2501 1667 2522 est
1682 2505 1790 2531 regnum
1799 2505 1853 2523 ca!-

1062 2533 1146 2563 lorum
1161 2538 1297 2572 fertilento.
1314 2541 1382 2571 quod
1395 2539 1491 2574 accipit
1518 2540 1623 2571 mulier.
1641 2545 1665 2566 et
1677 2541 1809 2567 abscondit
1824 2540 1852 2566 in

1062 2583 1221 2618 farinazsata
1238 2585 1300 2613 tria,
1318 2593 1398 2620 usque
1414 2585 1478 2611 dum
1500 2585 1704 2620 ferutentaretur
1720 2591 1801 2612 totum
1815 2587 1851 2619 “,

1062 2626 1210 2654 I-ieclesiam
1227 2628 1392 2664 signiﬁcans,
1418 2638 1478 2664 qu.e
1493 2630 1518 2656 in
1553 2629 1695 2658 Trinitatis
1708 2632 1790 2658 verbo
1801 2631 1853 2658 fer-

1063 2677 1165 2700 tneutat
1178 2674 1318 2709 theologia:
1331 2675 1500 2708 mysterium.
1519 2675 1580 2702 ll.ec
1604 2677 1690 2703 simila
1699 2676 1851 2704 serendum

1063 2720 1149 2754 legent
1165 2720 1273 2749 dicitur.
1293 2721 1364 2747 unde
1380 2725 1406 2748 et
1427 2726 1481 2747 tres
1505 2722 1625 2749 decimas
1636 2722 1730 2750 simila:
1753 2722 1853 2750 oﬂ‘crre

1044 2828 1065 2845 “
1082 2830 1165 2857 Eccli.
1183 2839 1224 2862 ιιι,
1238 2831 1284 2858 ΞΞ.
1323 2832 1345 2848 ⁸⁵
1356 2831 1423 2859 Gen.
1442 2839 1520 2862 xvttt,
1535 2833 1581 2859 21.

1620 2833 1642 2848 “
1657 2832 1726 2860 Ceu.
1746 2842 1788 2867 xv,
1808 2834 1853 2863 l0.

1320 2865 1340 2880 "
1353 2867 1446 2894 Matth.
1461 2876 1520 2900 χιιι,
1533 2869 1578 2895 53.
