2052 3150
169 176 222 208 805

752 174 790 203 ΙΝ
810 173 1029 204 LEVITICUM.
1053 186 1085 190 —
1107 174 1179 203 LIB.
1198 174 1222 204 l.

1745 175 1798 206 806

168 231 201 258 ad
212 229 396 265 expiationem
413 229 505 264 lcpraa,
519 229 545 256 id
556 233 598 257 est
619 229 652 256 ad
679 229 868 257 remissionem
894 237 959 264 pee—
974 234 994 259 Α
1012 229 1090 260 LXX,
1106 237 1158 255 non
1176 229 1275 256 dicitur
1295 234 1324 256 ut
1346 229 1469 256 absolute
1485 228 1644 256 onerentcm
1660 230 1799 265 signiﬁci—

168 276 232 308 cati,
247 275 318 303 Deus
336 275 418 310 Moysi
435 275 573 310 praecepit.
601 275 636 302 Ut
652 272 716 309 ergo
726 276 815 302 adhuc
828 276 956 308 crassior,

168 327 265 356 etqme
292 321 408 348 necdum
421 321 500 356 plena
516 321 542 347 in
566 321 624 356 lege
652 321 743 348 divina
770 321 887 356 cognitio
910 328 958 348 nc--

167 366 382 394 cessariesimila
397 367 558 401 appellatur,
573 367 599 393 in
627 367 782 402 Erangeliis
803 372 894 394 autem
919 368 958 394 fa-

170 412 238 442 rina.
252 416 282 438 ut
295 412 451 438 subtiliores
472 412 600 439 videlicet
625 412 835 439 ctsubliznioies
861 420 875 439 a
898 412 958 447 lege

168 458 322 485 intellectus
337 458 458 488 habens,
479 458 531 484 hoc
552 458 656 493 Moyses
676 458 792 485 innuens
808 459 881 494 (quia
902 463 956 484 tam

169 503 255 530 farina
276 511 357 536 quam
373 503 472 533 simila.
489 508 601 537 propter
617 504 760 538 praedictas
793 512 889 531 causas
915 504 955 531 di-

168 547 229 573 vina
259 548 373 573 scientia
403 552 509 581 poterat
538 547 613 583 dici,)
631 556 692 574 cum
727 553 874 583 apparente
903 549 956 575 Deo

166 593 281 619 Abraba:
297 594 329 619 ad
347 594 435 620 ilicem
450 593 589 625 .ilambrte,
619 594 762 621 Trinitatis
794 596 955 630 mysterium

167 639 341 673 signiﬁcaret,
356 639 555 666 describitenm
584 639 657 666 Sara:
671 640 807 667 dicentem
825 650 831 667 :
849 641 954 668 Festina

167 689 190 710 et
201 685 338 710 commisce
350 685 401 710 tria
416 690 475 711 sata
488 685 582 712 simin
600 686 633 712 τε.
648 685 722 713 Licet
736 691 826 713 autem
843 687 887 713 Dei
908 695 955 714 co-

166 729 253 764 gnitio
268 729 363 756 salutis
379 730 500 764 gentium
516 731 680 765 principium
693 731 737 762 sit,
757 732 954 766 superiumlerc

167 784 256 806 tamen
272 779 366 806 simila:
379 780 469 807 oleum
482 801 489 813 ,
507 785 535 807 et
552 781 613 808 thus
627 789 810 815 superponere
824 790 893 816 opus
905 783 954 809 ha-

166 825 272 853 bemus,
294 830 323 851 ut
351 825 466 859 gratiam
499 825 545 852 Dei
581 826 759 861 eleemosynis
785 828 953 862 orationique

164 870 413 897 commisceanius:
432 871 490 898 lnec
503 871 576 898 enim
597 872 676 899 nobis
690 878 806 907 possunt
831 873 864 900 de
884 875 953 901 coelo

164 913 210 940 Dei
227 915 367 941 scientiam
384 915 537 950 proﬂigare.
572 915 620 942 His
636 922 726 943 autem
743 918 820 945 testis
831 922 871 944 est
886 918 952 945 Cor-

164 959 263 990 nelius,
276 959 308 986 ad
323 967 403 993 quem
420 960 591 988 descendens
611 961 645 988 de
658 962 727 989 ccelo
740 963 851 998 angelus
862 963 929 990 dixit
943 972 948 988 :

163 1003 278 1035 Corneli,
295 1005 426 1031 orationes
441 1010 493 1031 tuo:
505 1010 530 1032 et
550 1006 719 1041 eleemosyna:
727 1009 898 1035 ascenderunt
917 1009 952 1035 ad

165 1048 314 1082 Dominum,
331 1055 355 1076 et
366 1058 435 1076 nunc
448 1051 521 1077 mitte
531 1052 600 1078 viros
616 1052 643 1078 in
652 1051 745 1086 Joppe,
761 1055 861 1080 accersi
876 1054 911 1080 ad
929 1059 952 1082 te

159 1092 303 1124 Simonem,
318 1095 362 1129 qui
377 1096 578 1130 cognominatur
588 1095 724 1123 Petrus".
740 1098 799 1132 Ipse
815 1099 887 1126 enim
903 1107 952 1126 ve.-

161 1147 217 1165 ram
228 1139 372 1167 scientiam
396 1141 525 1178 yornelio
549 1142 699 1170 traditurus
711 1148 780 1170 erat.
810 1144 952 1177 Quomodo

159 1190 250 1211 autem
263 1185 289 1211 in
307 1185 386 1213 thure
395 1186 540 1220 accipiatur
555 1188 653 1220 oratio,
669 1197 795 1223 quazrens
812 1191 871 1224 ejus
897 1192 949 1218 vim

160 1235 399 1265 perscrutansque,
415 1233 566 1267 cognoscis.
585 1233 627 1260 Uti
644 1234 744 1268 quippe
758 1242 791 1262 eo
803 1241 897 1262 contra
914 1237 952 1263 in~

159 1276 274 1303 teriores
283 1277 424 1311 passiones
440 1278 539 1305 medici
550 1278 652 1312 solent,
666 1280 861 1315 oculorumque
871 1283 950 1317 aegri-

160 1322 261 1349 tudinis
275 1330 371 1350 curare
391 1323 514 1355 vulnera,
532 1329 559 1352 et
578 1325 668 1360 siquis
683 1326 832 1354 incendens
847 1329 950 1356 furnum

158 1368 218 1402 ejus
235 1369 376 1403 suscipiat,
395 1370 535 1405 restringit
561 1372 764 1400 accedentescx
793 1373 951 1402 inﬁrmitate

158 1412 294 1448 lacrymas
311 1423 318 1441 :
340 1414 392 1442 hoc
408 1415 504 1442 eodem
521 1416 603 1442 modo
617 1417 704 1444 oratio
716 1425 824 1452 quoque
836 1419 950 1453 plurima

157 1463 288 1491 operatur
306 1467 313 1485 :
331 1460 389 1486 haec
405 1460 506 1494 quippe
523 1461 640 1488 maxime
655 1462 752 1490 animae
761 1463 901 1497 passiones
909 1473 952 1492 sa-

158 1510 213 1538 nat,
261 1506 320 1533 haec
346 1507 428 1533 etiam
452 1507 662 1541 intelligibilium
698 1509 838 1537 oculorum
874 1517 951 1539 curat

969 901 990 927 B

158 1552 283 1586 vulnera,
296 1554 442 1581 absolvens
460 1555 494 1581 ab
521 1554 673 1589 ignorantia
691 1560 812 1590 atqueex
827 1565 857 1583 ea
888 1566 947 1592 quae
962 1564 982 1592 ο

159 1605 223 1624 vere
235 1602 277 1624 est
290 1598 432 1633 aegritudo,
450 1599 476 1625 id
491 1603 532 1626 est
548 1606 581 1626 ex
593 1605 703 1633 peccato
718 1601 850 1636 lacrymas
861 1610 944 1629 aet-eo

157 1643 253 1669 dentes
266 1643 362 1670 salvat.
374 1643 530 1677 Inﬁrmatur
560 1645 631 1671 enim
662 1646 720 1680 quis
746 1647 774 1672 iu
806 1647 886 1680 vobis,
908 1649 946 1675 ait

156 1686 284 1719 Jacobns,
301 1694 419 1715 convocet
438 1690 611 1724 presbyteros,
638 1696 661 1717 et
675 1697 747 1718 orent
774 1701 852 1727 super
874 1702 943 1726 cum,

157 1739 280 1768 augentes
295 1743 355 1760 eum
376 1734 431 1761 oleo
445 1735 473 1761 in
488 1737 592 1762 nomine
611 1736 734 1769 Domini;
750 1743 773 1764 et
788 1739 872 1765 oratio
883 1739 944 1772 ﬁrlei

156 1779 267 1805 salvabil
281 1780 426 1813 inﬁrmum,
439 1786 462 1807 et
478 1781 601 1808 allovabit
615 1791 673 1808 cum
699 1782 836 1815 Dominus,
848 1790 871 1810 et
882 1785 904 1811 si
917 1786 944 1811 in

157 1828 270 1860 peccatis
283 1828 327 1859 sit,
338 1828 505 1854 remittemur
517 1829 541 1855 ci
558 1829 589 1856 ⁷⁵.
617 1829 681 1857 Post
696 1831 763 1862 lucc,
777 1832 877 1867 pugillo
892 1833 944 1860 tol-

137 1897 142 1903 ,
157 1871 212 1899 lere
228 1873 306 1907 jubet
323 1874 450 1906 similam,
470 1874 495 1901 id
511 1880 552 1901 est
584 1875 635 1902 ﬁde
654 1876 796 1903 scientiam
815 1878 859 1904 lici
873 1886 945 1905 com-

157 1918 341 1952 prehendere;
367 1927 414 1953 per
425 1920 554 1955 pugillum
580 1921 652 1948 enim
670 1922 714 1949 hic
744 1922 823 1949 ﬁdem
840 1923 943 1958 signiﬁ-

157 1967 208 1993 cat,
219 1968 366 1998 aperteque
378 1965 496 1991 ostendit
513 1966 584 1992 illam
609 1967 750 1994 scientiam
766 1987 773 1999 ,
787 1968 843 1994 sive
852 1969 944 2004 cogni-

157 2008 258 2034 tionem
273 2008 319 2035 Dei
338 2009 453 2037 Domino
473 2016 624 2045 acceptam,
646 2020 726 2047 quant
740 2013 805 2040 ﬁdes
818 2021 944 2048 compre-

157 2052 278 2079 hendere
294 2058 404 2087 potest;
422 2060 450 2082 et
464 2057 694 2090 quemadmodum
712 2057 757 2092 qui
774 2058 874 2093 pugillo
883 2059 943 2093 plus

158 2098 213 2125 vult
237 2099 480 2133 comprehendere,
506 2101 572 2127 nihil
600 2102 716 2136 proﬁcit,
740 2107 826 2130 totum
842 2105 942 2139 quippe

157 2142 277 2170 decurrit
290 2149 315 2170 et
331 2145 413 2177 cadit,
433 2150 513 2179 atque
540 2145 672 2173 inutiliter
685 2147 799 2180 laborat,
811 2148 849 2176 sic
864 2157 942 2176 meno

157 2195 218 2214 sura
235 2187 281 2215 Dei
293 2189 415 2216 scientiae
435 2191 500 2218 ﬁdes
527 2196 579 2218 est.
604 2191 713 2218 Credere
738 2193 806 2219 enim
829 2199 938 2228 oportet,

1011 278 1060 298 ret.
1077 273 1103 298 Si
1117 274 1189 299 enim
1205 274 1238 300 de
1251 273 1392 300 sacerdote
1408 273 1529 305 dixisset,
1545 274 1625 308 plane
1638 274 1689 302 hoc
1705 277 1798 310 utiquu

1009 319 1079 345 sicut
1094 319 1120 344 in
1135 319 1279 349 sacriﬁcio,
1291 319 1323 345 de
1335 323 1445 352 peccato
1476 320 1609 347 sancitum
1624 325 1705 354 esset,
1725 322 1798 356 quod

1008 369 1034 390 et
1048 364 1135 398 ipsum
1153 364 1186 391 de
1208 364 1295 390 simila
1308 363 1397 394 ﬁebat,
1411 365 1532 392 adderet.
1550 366 1586 393 lbi
1603 367 1676 393 enim
1692 375 1798 393 memo-

1008 408 1074 436 riale
1090 417 1149 436 esse
1161 410 1216 436 vult
1237 410 1286 436 hoc
1298 411 1369 444 quod
1390 411 1416 437 in
1447 411 1546 445 pugillo
1561 413 1707 439 sacerdotis
1719 412 1800 440 oﬁ'er—

1009 459 1053 482 tur
1067 455 1121 481 Deo
1141 463 1146 480 :
1161 455 1233 481 aliud
1254 456 1394 490 quidpiam
1407 456 1534 483 Sani-iens
1557 462 1633 484 extra
1646 458 1698 485 hoc
1724 458 1798 492 quod

1007 509 1081 528 nunc
1097 501 1208 532 dicitur,
1226 502 1295 528 sicut
1313 503 1394 536 paulo
1410 503 1544 537 posterius
1556 505 1740 532 ostendentes.
1751 505 1798 533 llic

1009 555 1073 574 \cro
1089 555 1143 573 non
1159 547 1194 574 ita
1207 568 1214 579 ,
1232 548 1278 574 sed
1304 553 1423 582 sumpto,
1441 550 1590 576 scentulum
1606 552 1677 584 quod
1695 551 1797 578 dictum

1008 598 1058 625 est,
1077 601 1110 620 eo
1146 595 1216 627 quod
1244 594 1339 620 otlcret
1367 595 1576 630 saccrdos(esso
1602 601 1692 624 autem
1726 597 1798 625 hunc

1006 637 1097 665 Jcsum
1116 639 1255 673 didicisti),
1274 639 1399 665 sacriﬁcii
1412 641 1567 667 mcmorialc
1581 641 1608 667 in
1617 643 1721 669 etclcsti
1733 644 1798 670 oﬁe-

1006 688 1046 710 ret
1060 684 1148 710 altari.
1165 683 1321 710 Memoriali:
1349 690 1440 711 autent
1457 686 1621 719 cognitionis
1639 687 1684 714 Dei
1708 689 1796 721 perie-

1005 734 1046 756 cta
1076 730 1191 756 scientia
1221 734 1272 761 est,
1289 731 1368 764 cujus
1394 739 1503 767 seraper
1524 740 1658 759 memores
1683 733 1794 766 rrimus,

1004 775 1112 808 quando
1127 776 1185 809 ejus
1197 777 1462 810 ('apacesiuerimus,
1492 786 1552 812 qua:
1583 786 1721 812 nunquam
1750 780 1796 806 de-

1005 821 1128 853 Sil'lllllll‘,
1142 829 1201 855 qum
1214 830 1273 848 eam
1296 830 1355 856 quae
1363 830 1436 850 nunc
1444 828 1495 856 est,
1520 832 1574 850 non
1591 828 1620 850 ut
1630 825 1793 852 contrariam

1004 865 1130 897 destruit,
1143 867 1193 893 scd
1209 871 1314 901 partem
1327 875 1386 894 eam
1413 869 1551 895 minimam
1574 878 1632 896 esse
1658 879 1705 905 per
1717 878 1796 897 suam

1003 911 1198 945 plenitudinem
1212 917 1355 943 monstrat,
1366 913 1517 940 seCundum
1532 914 1604 948 quod
1619 915 1722 941 dictum
1733 920 1791 941 est:

1004 956 1045 983 Ex
1062 962 1137 991 parte
1148 958 1334 992 cognoscimus,
1353 963 1376 985 et
1392 968 1423 985 ca:
1438 965 1513 992 parte
1525 960 1719 994 prophetamus.
1728 961 1794 987 Cum

1003 1009 1090 1028 autem
1104 1004 1201 1030 venerit
1217 1005 1285 1038 quod
1297 1005 1440 1039 perfectum
1463 1011 1511 1037 est,
1538 1006 1708 1033 evacuabitur
1723 1009 1792 1040 quod

1002 1056 1033 1074 ex
1046 1054 1121 1082 parte
1132 1050 1210 1076 est“.
1228 1050 1259 1075 Et
1277 1051 1414 1083 quomodo
1442 1051 1632 1083 eraeuabitur,
1648 1053 1720 1078 clare
1732 1059 1791 1091 ma-

1002 1095 1114 1121 nifestat
1127 1095 1267 1122 subdens:
1289 1096 1407 1122 Videmus
1426 1105 1495 1123 nunc
1527 1105 1573 1130 per
1601 1097 1735 1132 speculum
1762 1099 1792 1124 in

1004 1140 1154 1174 wnigmote,
1169 1146 1230 1166 tunc
1245 1146 1333 1167 autem
1351 1142 1419 1176 [acie
1435 1142 1470 1168 ad
1485 1143 1590 1176 facient.
1612 1142 1792 1178 Nunccogno-

1001 1193 1044 1211 sco
1059 1194 1089 1212 at
1099 1191 1184 1219 parte.
1201 1191 1261 1213 tunc
1277 1195 1428 1222 cog/noscam
1443 1188 1510 1214 sicut
1526 1192 1550 1214 et
1560 1189 1677 1224 cognitus
1692 1189 1790 1216 sum".

1003 1229 1059 1258 lloc
1075 1232 1239 1259 sacriﬁcium
1264 1233 1377 1260 odorem
1412 1233 1605 1260 suavissimum
1637 1235 1793 1262 necessarie

1002 1277 1116 1304 Domino
1129 1277 1266 1312 lugislator
1282 1278 1436 1312 appellavit.
1451 1278 1566 1305 Odorem
1586 1279 1613 1306 in
1623 1279 1737 1307 Domino
1750 1285 1792 1307 est

1001 1322 1131 1356 cognitio,
1143 1323 1200 1349 sive
1216 1323 1329 1350 seientia
1343 1323 1417 1358 ejus;
1432 1328 1456 1350 el
1474 1331 1507 1350 ne
1517 1323 1568 1350 hoc
1578 1324 1695 1358 dubites,
1708 1325 1793 1352 babes

1001 1367 1033 1394 ad
1047 1367 1098 1394 hoc
1115 1375 1221 1401 quoque
1235 1367 1348 1394 Paulum
1372 1368 1578 1395 veracissimum
1596 1374 1691 1396 testem
1711 1378 1717 1397 :
1737 1370 1793 1397 Deo

1001 1413 1070 1438 enim
1088 1413 1201 1447 gratias,
1218 1413 1314 1448 inquit,
1330 1414 1375 1449 qui
1398 1422 1499 1448 semper
1511 1415 1655 1448 triumphat
1673 1424 1720 1449 per
1745 1424 1792 1444 nos

1001 1458 1028 1484 in
1043 1457 1146 1484 Christo
1158 1457 1229 1491 Jesu,
1242 1463 1265 1484 ct
1281 1459 1384 1485 odorem
1398 1459 1497 1485 notitiw
1510 1467 1565 1486 suo?
1577 1460 1728 1495 manifestat
1745 1468 1803 1495 per“

1001 1496 1047 1529 nos
1064 1503 1172 1530 inomni
1193 1503 1247 1530 loco
1260 1504 1292 1530 ’³.
1305 1504 1373 1531 Ecce
1391 1504 1498 1531 interim
1514 1505 1662 1539 cognoristi
1677 1505 1788 1532 odorem

1001 1550 1113 1576 notitisc.
1126 1548 1217 1576 Sedet
1235 1551 1333 1576 bonum
1363 1550 1473 1577 odorem
1503 1550 1529 1577 in
1562 1551 1790 1585 subsequentibus

999 1595 1061 1621 audi
1085 1594 1171 1625 :Quia
1187 1594 1282 1621 Christi
1315 1596 1395 1621 bonus
1410 1597 1474 1621 odor
1507 1604 1607 1628 sumus,
1623 1596 1650 1622 in
1677 1597 1717 1622 his
1746 1597 1791 1631 qui

998 1641 1144 1672 sutuisunt,
1158 1646 1181 1667 et
1197 1641 1223 1666 in
1235 1641 1275 1667 Itis
1293 1642 1337 1675 qui
1356 1647 1463 1675 pereunt
1478 1642 1510 1668 ⁸³,
1546 1641 1648 1669 Deinde
1669 1642 1734 1670 dicit
1751 1643 1788 1669 le-

998 1688 1108 1722 gislator
1125 1696 1131 1714 ι

1034 1733 1108 1764 Quod
1125 1737 1211 1759 autem
1229 1733 1357 1767 reliquum
1371 1733 1449 1768 fuerit
1461 1734 1492 1760 de
1506 1734 1635 1768 sacriﬁcio
1645 1735 1788 1765 eritAarcu

999 1783 1022 1805 et
1039 1779 1152 1812 filiorum
1165 1787 1232 1812 qus,
1257 1784 1376 1805 sanctum
1400 1785 1551 1805 sanctorum
1571 1784 1602 1806 de
1614 1780 1789 1809 oblationibus

999 1825 1114 1851 Domini.
1138 1825 1280 1859 Reliquum
1291 1826 1328 1852 ait
1344 1825 1377 1852 de
1402 1825 1445 1851 illa
1474 1825 1605 1860 perfecta,
1620 1827 1686 1853 etin
1712 1827 1789 1854 caelis

998 1871 1158 1897 abscondita
1170 1876 1250 1905 atque
1271 1872 1387 1905 reposita
1413 1871 1440 1898 in
1458 1871 1567 1898 Christo
1599 1872 1712 1898 scientia
1730 1873 1789 1900 sive

997 1917 1102 1943 notitia.
1113 1916 1143 1943 In
1159 1917 1214 1951 ipso
1232 1917 1369 1943 enimsunt
1387 1917 1503 1944 thesauri
1512 1918 1648 1951 sapientia:
1663 1923 1687 1944 et
1702 1919 1784 1944 scicn-

997 1963 1040 1989 tia?
1052 1963 1195 1988 abs-conditi
1211 1962 1243 1990 λλ.
1262 1962 1391 1989 Sanctum
1407 1969 1562 1989 sanctorum
1573 1968 1615 1990 est
1628 1963 1661 1989 de
1671 1963 1788 1990 oblatio-

996 2007 1077 2034 nibus
1094 2007 1211 2039 Domini,
1226 2007 1330 2041 partilis
1341 2007 1413 2034 enim
1425 2011 1467 2034 est
1485 2008 1598 2035 scientia
1610 2016 1670 2043 qua:
1683 2009 1788 2043 reliquo

995 2056 1048 2084 est,
1061 2059 1156 2079 omnes
1175 2057 1264 2079 tamen
1278 2052 1344 2079 alias
1371 2061 1514 2088 superans,
1535 2058 1561 2080 et
1575 2054 1729 2089 perducens
1751 2057 1784 2082 all

995 2098 1304 2134 perfectionemJaron
1334 2106 1398 2134 ergo
1418 2103 1445 2126 et
1482 2099 1599 2126 ﬁliorum
1629 2099 1688 2134 eius
1721 2099 1784 2127 crit.-

995 2145 1085 2172 Aaron
1100 2149 1189 2171 autem
1206 2153 1270 2171 arca
1302 2145 1344 2172 vel
1366 2149 1506 2172 montanus
1531 2145 1736 2180 interpretatur,
1758 2146 1785 2173 id

998 2195 1050 2222 est,
1061 2190 1114 2217 alta
1131 2190 1164 2216 de
1177 2190 1232 2217 Deo
1249 2190 1415 2225 intelligens,
1430 2191 1492 2226 quia
1504 2196 1531 2218 et
1544 2199 1618 2223 arca,
1631 2196 1723 2227 utpote
1735 2193 1779 2219 ba-

129 2228 136 2238 ”
157 2232 227 2260 sicut
238 2233 340 2260 Paulus
354 2235 400 2264 ait,
417 2235 461 2270 qui
477 2236 576 2262 accedit
599 2241 633 2263 ad
657 2237 752 2270 Deum,
781 2239 842 2273 quia
858 2244 893 2266 est
910 2240 949 2266 75;
961 2238 984 2267 D
996 2237 1066 2264 bons
1079 2237 1107 2264 in
1122 2244 1152 2264 se
1166 2236 1252 2272 legem
1269 2235 1316 2263 Dei
1326 2240 1353 2263 et
1377 2237 1494 2272 eloquia,
1513 2237 1610 2265 offerre
1625 2238 1782 2273 praedictum

157 2279 189 2306 Et
201 2288 299 2307 rursus
311 2289 317 2307 :
329 2280 392 2308 Sine
407 2282 457 2316 [ide
475 2283 634 2317 impossibile
653 2289 691 2311 est
710 2285 814 2320 placere
842 2286 894 2314 Deo
910 2287 943 2315 ⁷⁸.

157 2325 187 2352 Et
200 2330 228 2352 ut
243 2326 367 2354 dicamus
381 2328 514 2360 breviter,
525 2337 601 2356 omne
618 2330 687 2364 quod
711 2339 762 2357 non
790 2337 829 2358 est
847 2339 879 2358 ex
894 2332 946 2366 ﬁde

155 2375 292 2403 peccatum
312 2375 349 2398 est
362 2391 370 2404 ,
387 2371 457 2399 sicut
473 2373 543 2400 idem
568 2374 601 2401 ad
630 2373 768 2402 Romanos
787 2375 895 2410 scripsit
910 2377 942 2403 ⁷⁷.

157 2413 225 2449 Ergo
239 2422 293 2441 non
311 2419 402 2449 potest
413 2423 472 2443 esse
498 2417 656 2451 gloriﬁcatio
677 2418 705 2445 in
722 2418 888 2446 inﬁdelitate.
901 2420 945 2456 In:

156 2458 236 2484 tende
252 2463 345 2485 autem
356 2459 418 2492 quia
432 2467 494 2486 cum
514 2461 574 2487 olco
601 2462 680 2496 jubet
704 2462 820 2489 similam
847 2463 944 2498 accipi,

155 2501 327 2537 apertissime
343 2503 544 2540 eleemosynam
568 2513 619 2533 nos
643 2506 733 2534 facere
752 2507 855 2535 volens.
881 2508 946 2536 Date

155 2548 227 2574 enim
244 2549 446 2585 eleemosynam,
467 2551 554 2585 inquit
569 2552 711 2585 Dominus,
723 2558 747 2580 et
776 2562 832 2580 ecce
856 2555 945 2582 omnia

155 2595 253 2620 munda
268 2596 468 2623 eruntvobis".
497 2596 577 2624 Jubct
600 2602 691 2625 autem
718 2606 798 2626 omne
824 2600 887 2628 tbus
916 2601 943 2628 in

155 2639 256 2674 pugillo
264 2641 335 2667 sumi
347 2650 352 2667 :
367 2649 456 2673 omne,
466 2643 566 2676 quare?
580 2644 641 2678 quia
653 2652 759 2679 semper
767 2650 873 2679 oportet
884 2654 943 2672 ora-

155 2690 183 2709 re
195 2704 203 2715 ,
218 2690 245 2711 et
264 2686 326 2712 sine
338 2686 539 2715 intermissione
554 2688 831 2725 gratias'agere,sicut
842 2691 942 2720 Paulus

153 2729 235 2756 ait".
246 2731 299 2758 Sed
311 2732 374 2766 quis
389 2738 430 2760 est
442 2735 488 2768 qui
505 2734 533 2760 in
557 2735 657 2770 pugillo
678 2736 766 2763 tollit?
791 2739 940 2765 secundum

187 2838 212 2854 τ’
225 2838 294 2867 Gen.
310 2849 386 2873 ιγιιι,
404 2843 430 2868 ti.

155 2881 192 2905 ιι,
207 2874 252 2901 ﬂ.

469 2843 492 2858 ⁷³
507 2846 566 2870 Act.
586 2852 612 2870 ι.
627 2844 652 2873 4,
669 2845 694 2872 5.

291 2876 314 2892 τ’
334 2876 343 2902 1
362 2876 462 2904 Thess.
475 2887 500 2910 γ,
515 2879 556 2907 t7.
596 2879 618 2894 ⁸ο
633 2880 641 2906 1
657 2881 719 2907 Cor.
737 2881 803 2913 11111,
818 2882 842 2908 9.

737 2846 758 2861 7"
773 2847 830 2873 Jac.
848 2856 872 2879 ν,
886 2847 928 2877 14,
946 2847 987 2874 15.
1022 2848 1135 2874 "llcbr.
1155 2857 1192 2876 xl.
1215 2850 1240 2880 6,

882 2882 902 2897 “
920 2883 985 2910 ibid.
1004 2883 1047 2910 12.

994 2283 1157 2311 sacriﬁcium
1171 2287 1271 2318 potest.

1030 2329 1111 2356 Vens.
1133 2328 1160 2355 4.
1177 2338 1186 2354 1
1205 2328 1273 2354 Cum
1301 2333 1392 2356 autem
1408 2328 1540 2356 obtuleris
1558 2328 1721 2356 sacriﬁcium
1735 2337 1782 2356 co-

996 2380 1070 2401 ctum
1086 2375 1113 2401 in
1129 2375 1236 2402 clibano
1259 2375 1292 2402 de
1315 2374 1414 2407 simila,
1441 2381 1526 2409 panes
1551 2374 1654 2401 scilicet
1681 2375 1782 2409 absque

995 2422 1147 2454 termento,
1179 2429 1342 2457 conspersos
1359 2422 1435 2454 oleo,
1461 2425 1488 2448 et
1506 2422 1599 2456 lagano
1619 2428 1711 2456 azyma
1722 2421 1782 2448 oleo

995 2467 1051 2494 lita.
1067 2477 1078 2494 1

1029 2513 1206 2541 Admirabilis
1224 2519 1267 2542 est
1283 2514 1444 2549 legislatoris
1467 2513 1594 2544 intentio,
1615 2521 1665 2548 per
1690 2513 1781 2541 omnia

996 2557 1133 2583 subtiliter
1148 2557 1278 2585 incedens
1295 2566 1302 2584 :
1318 2558 1382 2592 quia
1396 2557 1475 2585 enim.
1493 2557 1616 2586 scientia
1638 2558 1697 2591 Dei,
1725 2558 1781 2585 sire

994 2602 1099 2630 notitia:
1115 2603 1243 2637 superius
1260 2603 1425 2631 mentionem
1443 2603 1517 2636 fecit,
1528 2612 1563 2631 ne
1577 2604 1649 2631 forte
1678 2604 1780 2639 putaris

995 2653 1070 2675 extra
1086 2656 1146 2676 eam
1162 2656 1222 2676 esse
1238 2649 1448 2683 dispensationis
1458 2650 1602 2678 Dominicis:
1611 2651 1779 2685 mysterium,

995 2694 1058 2720 vide
1074 2695 1212 2728 quomodo
1235 2703 1284 2729 per
1312 2695 1455 2730 aenigmata
1486 2696 1609 2730 exponit,
1634 2695 1783 2722 nativitatis

996 2741 1064 2774 ejus,
1099 2741 1190 2767 crucis
1213 2746 1241 2767 et
1265 2740 1473 2768 resurrectionis
1494 2741 1589 2768 volens
1610 2741 1782 2768 introducere

1279 2851 1301 2866 ”
1311 2851 1375 2878 ibid.
1401 2852 1422 2866 ⁷⁷
1438 2851 1513 2878 110111.
1529 2859 1584 2881 xw,
1596 2850 1640 2877 95.
1680 2849 1701 2865 ’⁸
1715 2849 1780 2877 Luc.

1085 2884 1108 2899 ³²
1124 2884 1145 2910 11
1159 2884 1221 2912 Cor.
1234 2893 1262 2918 ll,
1281 2885 1321 2913 14.
1362 2887 1459 2915 “ibid.
1477 2887 1515 2913 l5.
1554 2884 1761 2918 “Coluss.n,3.
1782 2899 1787 2916 ν
