2052 3150
254 177 310 210 807

851 176 1030 207 HESYCHII
1059 174 1293 205 PRESBYTERI

1832 178 1884 209 808

257 234 451 262 narrationem.
464 232 631 260 Sacriﬁcium
662 237 780 266 coctum,
799 232 899 260 Christi
925 232 1044 267 appellat
1058 235 1080 261 Α
1095 229 1175 257 οιΥεη
1190 239 1197 257 :
1211 229 1326 265 Eﬂ'undit
1341 237 1419 265 super
1437 238 1496 257 eam
1513 230 1617 261 oleum;
1638 229 1681 257 hic
1698 235 1799 262 autem,
1821 232 1884 266 quia

251 279 482 308 incarnationem,
498 278 531 305 ad
548 279 600 305 hoc
624 278 695 305 ettittt
712 278 870 306 incarnatus
892 284 935 305 est
952 283 981 305 ut
993 277 1045 304 im-

256 326 414 352 molaretur.
430 324 542 358 l‘ropter
553 324 624 358 quod
639 332 713 356 cum,
731 325 836 360 Agnum
852 324 898 351 Dei
916 325 961 358 qui
977 323 1044 350 tollit

256 375 364 404 peccata
378 369 510 400 mundi",
525 369 646 396 Joannes
661 369 781 404 Baptista
794 370 951 404 appellavit.
962 369 1045 396 Recte

257 423 320 451 ergo
335 415 496 442 sacriﬁcium
511 415 538 442 in
564 415 615 442 hoc
632 415 701 446 loco,
719 420 748 442 ut
759 415 934 442 denuntiaret
945 414 1044 441 nativi-

253 465 340 488 tatem
354 461 422 495 ejus,
437 460 537 487 dicitur
548 465 655 487 coctutn
672 460 698 486 in
708 459 825 488 clibano.
843 460 888 486 Dei
898 459 1045 486 Gcttitricis

257 505 383 532 videlicet
397 509 485 531 utero.
506 504 551 531 llla
567 505 640 531 enim
672 505 797 531 clibanus
822 504 976 531 necessarie
996 511 1044 531 no-

253 550 385 581 minatur,
404 551 465 585 quia
481 554 508 577 et
527 558 610 584 panes
637 550 779 585 ignemque
790 550 907 584 desuper
921 549 1044 576 clibanus

253 596 380 631 suscipit,
393 597 463 624 sicut
474 601 501 623 et
514 596 559 623 Dei
577 595 714 628 Genitrix,
732 596 850 630 desuper
859 596 921 623 vita:
934 603 1042 630 panem,

257 643 304 670 Dei
321 643 445 670 videlicet
458 642 575 669 Verbum
592 642 618 668 in
629 650 679 668 suo
690 646 775 674 utero,
792 642 936 677 ignemque
951 649 1044 669 susce-

255 688 296 722 pit
311 687 462 722 praesentia:
475 686 602 721 Spiritus.
630 686 744 721 Spiritus
760 687 843 719 enitn,
860 687 958 721 inquit,
985 695 1044 713 san-

255 737 313 759 ctus
330 733 491 766 superveniet
503 733 527 758 in
541 737 575 764 te,
594 738 617 759 et
630 732 711 758 virtus
739 732 868 758 Altissimi
879 731 1043 758 obumbrabit

257 779 304 806 tibi
320 779 353 806 ⁸⁸.
366 779 444 806 liunc
460 778 575 814 Moyses,
587 778 696 813 quando
705 779 775 805 Deus
790 779 824 805 ad
838 778 973 805 Abraham
989 777 1044 804 dis-

256 825 348 859 posuit
371 825 482 852 seminis
499 828 700 856 testameulum,
714 824 850 851 clibanum
867 823 1042 850 commenda-

259 871 310 903 vit;
320 871 357 896 ait
367 871 452 901 enim,
464 869 526 904 quia
542 869 669 896 veniente
681 869 737 895 sole
749 870 781 896 ad
796 877 933 901 occasum,
947 868 1042 903 (signi-

258 915 319 942 ﬁcat
334 915 376 942 hic
386 916 465 941 liuent
484 914 590 949 mundi)
605 914 711 941 ﬁantma
722 914 790 941 facta
807 918 858 945 est,
875 917 903 940 et
920 921 983 940 ecce
995 921 1044 948 ap-
1059 905 1081 933 Β

257 960 480 996 paruitclibauus
493 959 592 986 ardens
602 959 636 987 ".
662 960 694 986 Et
716 959 782 994 quid
802 963 844 986 est
862 959 929 986 hoc?
941 958 1045 986 addidit

257 1012 284 1033 ct
296 1006 440 1042 fumigans,
451 1011 478 1033 et.
490 1006 615 1033 transivit
629 1014 678 1040 per
689 1006 808 1033 medium
818 1005 995 1032 divisionum.
1012 1005 1042 1033 lu

255 1052 301 1078 die
331 1051 373 1078 illa
404 1051 508 1086 pepigit
529 1051 659 1078 Dominus
691 1051 779 1079 {trdus
805 1059 866 1078 cum
895 1051 1042 1078 Abraham.

257 1097 371 1130 Quando
384 1097 455 1124 enim
479 1096 597 1125 caelestis
611 1097 691 1132 ignis,
726 1096 842 1131 Spiritus
861 1096 998 1129 videlicet,
1016 1096 1044 1122 in

254 1143 363 1170 clibano
375 1142 445 1169 uteri
460 1142 606 1170 Geuitricis
621 1142 668 1170 Dei
683 1143 767 1175 venit,
784 1149 814 1169 ut
827 1147 897 1170 totas
909 1143 1043 1170 accende-

257 1192 300 1214 ret
315 1187 409 1214 mundi
424 1191 526 1222 partes,
544 1191 608 1214 tunc
634 1191 827 1214 testamentum
860 1188 931 1215 Deus
957 1188 1044 1215 Abra-

258 1232 331 1264 ham,
342 1232 368 1259 id
381 1236 423 1259 est
439 1231 564 1266 gentibus
574 1232 708 1266 disposuit
727 1241 733 1259 :
751 1232 886 1259 Abraham
901 1232 973 1259 enim
994 1241 1044 1267 pa-

258 1283 298 1304 ter
312 1278 427 1312 gentium
453 1278 623 1304 nominatur.
637 1277 664 1304 Si
693 1285 756 1313 ergo
771 1286 871 1305 muniis
887 1278 986 1306 oﬁ‘eres
1001 1279 1044 1305 in-

258 1323 425 1350 carnationis
434 1322 582 1358 Unigeniti,
604 1331 664 1358 qua:
679 1323 707 1350 itt
729 1329 825 1351 ventre
842 1323 961 1360 Virginis
974 1324 1044 1352 facta

257 1373 309 1401 est,
327 1376 381 1396 non
396 1369 474 1395 aliter
485 1371 628 1402 acceptum
643 1373 686 1395 est
701 1367 765 1400 Deo,
787 1369 839 1396 nisi
870 1374 978 1397 coctum
1010 1369 1044 1397 de

255 1414 355 1447 simila,
370 1414 395 1441 id
409 1422 442 1441 ex
462 1413 507 1441 Dei
519 1414 632 1441 scientia
648 1415 691 1441 vel
707 1415 804 1442 notitia
817 1415 873 1443 ﬁat.
885 1415 961 1443 Unde
970 1416 1043 1443 enim

256 1459 367 1487 aliunde
382 1460 415 1487 de
427 1460 477 1487 hac
496 1468 525 1487 re
540 1460 717 1493 locutionem,
749 1460 799 1488 nisi
813 1461 847 1488 ab
862 1461 993 1496 apostolis
1017 1465 1045 1488 et

257 1505 397 1541 prophetis
430 1506 615 1540 sumpsimus?
640 1507 727 1534 Verba
757 1514 821 1542 ergo
858 1507 1042 1542 apostolorum

256 1559 342 1587 panes
359 1553 462 1587 accipe,
475 1553 671 1587 prophetarum
696 1561 762 1580 vero
778 1553 871 1588 lagana
887 1562 894 1580 :
911 1558 1042 1588 quantum
1057 1570 1079 1599 ο

257 1598 330 1624 enim
347 1605 430 1632 panes
444 1606 460 1625 a
474 1598 579 1633 laganis
609 1599 642 1626 ad
659 1599 832 1626 nutriendum
863 1603 926 1625 sunt
954 1598 1043 1633 aptio-

258 1651 313 1675 res,
333 1648 437 1670 tantum
445 1644 526 1671 verba
542 1645 724 1678 apostolorum
735 1645 824 1671 verbis
837 1645 1043 1679 prophetarum;

258 1689 366 1723 utrique
374 1693 464 1716 autent
477 1689 578 1724 azymi,
594 1690 656 1724 quia
673 1697 705 1716 ex
722 1689 773 1716 alia
788 1689 910 1717 doctrina
924 1689 1045 1716 fermen-

259 1738 315 1760 tum
333 1742 389 1760 non
407 1734 518 1766 habent,
531 1735 606 1762 verbi
632 1734 716 1770 gratia
746 1735 885 1770 sapientia:
896 1735 1044 1766 saecularis,

257 1779 330 1812 qttod
351 1779 622 1807 ltzereticisconvenit
640 1781 781 1807 accedere.
800 1780 833 1807 lli
855 1780 957 1815 quippe
981 1787 1044 1807 eum

257 1823 391 1851 exteriora
407 1824 583 1852 interioribus
599 1825 769 1861 conjungere
782 1826 918 1857 nituntur,
933 1831 960 1853 et
987 1825 1046 1853 haec

258 1869 343 1904 magis
354 1869 406 1896 illis
424 1865 558 1905 subjicere
572 1875 600 1898 et
630 1870 806 1903 fermentare,
833 1879 894 1906 qttte
931 1871 1047 1898 fermen-

259 1913 308 1940 tari
320 1914 474 1942 nullatenus
483 1920 606 1949 possunt,
622 1915 655 1943 ab
666 1917 767 1951 azymis
783 1917 955 1944 sermonibus
971 1915 1045 1945 exci-

257 1959 356 1987 derunt
372 1968 379 1993 ;
394 1960 441 1988 sed
471 1968 535 1988 ecce
560 1961 745 1996 apostolorum
771 1970 856 1997 panes
874 1962 900 1989 in
914 1963 984 1995 oleo,
1019 1966 1046 1990 et

257 2005 454 2040 prophetarum
470 2005 565 2041 lagona
582 2007 609 2034 in
623 2007 683 2034 oleo
696 2007 764 2035 ﬁunt
778 2008 963 2036 :concorditer
972 2008 1044 2035 enim

256 2056 284 2078 et
301 2052 335 2079 ab
350 2052 414 2084 illis,
428 2057 455 2080 et
467 2053 501 2079 ab
530 2053 590 2080 istis
604 2054 735 2089 scriptum
753 2059 804 2087 est,
820 2055 884 2089 quia
898 2062 948 2082 nos
962 2054 1046 2082 misc-

258 2105 321 2124 raus
335 2097 461 2125 Christus
481 2098 594 2126 advenit
609 2107 617 2132 ;
649 2100 696 2127 sed
713 2100 827 2135 apostoli
861 2100 969 2135 planius
985 2109 991 2134 ;
1008 2100 1047 2127 ait

256 2142 331 2168 enim
345 2142 444 2169 Paulus
462 2142 705 2175 :Quemadmodum
721 2145 791 2172 enim
819 2153 862 2172 vos
893 2146 966 2180 prius
996 2154 1047 2173 non

257 2187 405 2213 credidistis
417 2187 480 2220 Deo,
498 2196 566 2214 nunc
580 2194 669 2215 autem
687 2190 893 2216 misericordiam
916 2190 1046 2216 consecuti

1096 276 1229 303 lncarnati
1259 276 1388 310 pietatem
1417 276 1561 311 signiﬁcat,
1599 284 1653 303 non
1683 277 1730 309 ait,
1767 277 1882 305 eﬂundit

1095 320 1194 352 oleum,
1214 320 1273 353 sed,
1290 321 1378 347 Panes
1391 321 1418 347 in
1438 321 1493 347 oleo
1525 329 1674 356 conspersos
1695 323 1811 357 pronil.
1837 323 1882 350 llis

1095 366 1166 392 enim
1184 366 1274 393 verbis
1289 365 1450 401 signiﬁcavit
1474 366 1582 393 Domini
1611 367 1792 394 nativitatem.
1815 370 1881 396 Sub-

1094 411 1272 445 sequentibus
1283 415 1374 438 autem
1391 416 1419 438 et
1434 412 1588 446 passionem
1599 412 1743 447 signiﬁcat.

1130 457 1211 485 Vens.
1232 458 1258 490 5,
1274 458 1300 485 6.
1324 467 1333 483 Ι
1354 457 1382 484 Si
1402 459 1503 485 oblatio
1524 463 1570 485 tua
1591 458 1674 486 fuerit
1695 459 1728 486 de
1748 460 1883 496 sartagine

1095 504 1190 531 similae
1211 512 1364 548 conspersa:
1387 504 1456 536 oleo.
1475 509 1503 531 et
1524 505 1627 539 absque
1653 505 1798 537 fermento,
1815 507 1882 533 divi-

1093 549 1142 576 des
1155 557 1215 577 eam
1231 550 1396 580 minutatim,
1413 550 1595 585 eltundesque
1611 559 1693 586 supra
1709 552 1808 579 oleum.
1828 562 1837 578 ι

1131 595 1299 622 Sacriﬁcium
1308 595 1341 622 de
1357 596 1493 630 sartagine
1502 596 1732 630 dispensationem
1750 598 1883 632 passionis

1094 641 1212 675 appellat
1226 641 1377 676 Unigeniti:
1393 648 1501 668 crucem
1518 641 1660 668 assimilari
1677 643 1804 678 sartagini
1821 651 1882 678 pro-

1095 691 1186 721 pterea
1197 687 1401 721 judicans,quia
1414 693 1521 722 sartago
1533 687 1561 714 in
1580 692 1684 715 tantum
1701 688 1842 722 estfortis,
1856 695 1883 717 ut

1094 732 1264 767 saperposita
1282 732 1413 767 igni,ipsa
1432 733 1541 767 quidem
1557 740 1611 759 non
1633 739 1820 766 consumatur,
1833 741 1884 762 nec

1094 778 1211 812 aliquam
1221 779 1423 813 corruptionem
1437 778 1572 805 sustineat
1584 782 1628 805 aut
1639 779 1858 807 imminutionem
1875 800 1883 812 ,

1094 823 1280 858 superpositos
1287 829 1377 851 autem
1385 824 1461 851 cibos
1470 832 1531 851 mox
1540 829 1570 851 ut
1579 824 1668 859 ignem
1678 825 1826 860 tetigerint,
1841 827 1883 853 vel

1095 870 1117 897 si
1130 870 1255 897 duriores
1267 869 1377 901 fuerint,
1390 877 1444 896 non
1454 870 1535 904 longo
1554 869 1698 897 intervallo
1723 875 1800 905 aptos
1823 872 1883 899 esui

1096 916 1194 943 reddit.
1219 915 1265 943 Sic
1289 920 1316 942 et
1331 915 1433 942 Christi
1451 923 1535 948 crux,
1548 914 1625 942 fortis
1642 916 1751 950 quidem
1778 921 1882 945 tantum

1097 962 1157 995 fuit,
1176 966 1203 988 ut
1228 969 1338 988 omnem
1365 965 1516 988 creaturam
1546 961 1694 996 subiiceret
1717 961 1853 990 Cruciﬁvo
1874 971 1882 990 :

1096 1015 1205 1034 carnem
1228 1012 1318 1034 autem
1343 1007 1411 1042 ejus,
1433 1015 1493 1042 quae
1514 1007 1547 1034 ad
1568 1007 1767 1034 comedendum
1791 1007 1883 1043 inepta

1094 1057 1153 1079 erat
1167 1057 1231 1079 ante
1253 1053 1418 1087 passionem.
1439 1053 1511 1088 (quis
1531 1052 1604 1079 enim
1619 1053 1763 1080 comedere
1787 1053 1883 1088 cupio-

1095 1098 1143 1126 bat
1157 1106 1266 1125 carnem
1283 1097 1361 1133 Dei?)
1380 1103 1469 1132 aptam
1487 1097 1548 1125 cibo
1558 1103 1618 1132 post
1626 1097 1780 1133 passionem
1797 1098 1860 1126 fecit
1874 1106 1881 1125 ι

1094 1141 1116 1168 si
1134 1141 1206 1167 enim
1230 1149 1286 1167 non
1309 1141 1405 1168 fuisset
1425 1141 1582 1174 cruciﬁxus,
1601 1142 1764 1170 sacriﬁcium
1783 1150 1882 1178 corpo-

1095 1186 1133 1213 ris
1149 1186 1208 1221 ejus
1223 1186 1334 1214 minime
1354 1187 1572 1214 comederemus.
1594 1187 1769 1215 Comedimus
1790 1192 1882 1216 autem

1094 1240 1168 1260 nttnc
1190 1232 1292 1265 cibum,
1309 1237 1449 1260 sumentes
1472 1234 1532 1268 ejus
1555 1234 1714 1261 memoriam
1737 1234 1881 1268 passionis.

1096 1277 1170 1304 llanc
1187 1278 1353 1311 sartaginem
1372 1278 1442 1312 apud
1463 1278 1632 1306 Ezechielem
1648 1278 1780 1306 Dominus
1796 1279 1883 1315 signi-

1095 1322 1179 1350 ﬁcans
1194 1323 1230 1350 ait
1248 1331 1254 1348 :
1271 1323 1303 1349 Et
1321 1327 1360 1354 tu,
1379 1331 1452 1350 sume
1473 1323 1519 1350 tibi
1530 1324 1692 1358 sartaginem
1713 1325 1837 1359 ferream,
1857 1328 1883 1351 et

1094 1376 1173 1403 pones
1187 1376 1246 1395 eam
1263 1377 1367 1395 murum
1383 1370 1496 1404 ferreum
1519 1369 1588 1395 inter
1608 1375 1633 1396 te
1655 1375 1678 1396 et
1696 1371 1829 1397 civitatem
1847 1371 1883 1397 ".

1095 1413 1222 1441 Ferream
1245 1414 1355 1448 quidem
1377 1422 1436 1441 eam
1456 1419 1567 1449 propter
1585 1415 1741 1449 praedictam
1762 1416 1884 1450 appella-

1095 1459 1134 1486 vit
1153 1459 1350 1487 fortitudinem.
1375 1459 1450 1487 lnter
1466 1464 1492 1486 te
1508 1464 1598 1487 autem
1621 1465 1648 1487 et
1669 1461 1816 1493 civitatem,
1834 1462 1882 1494 ait,

1095 1503 1122 1531 id
1145 1509 1188 1531 est
1207 1503 1358 1531 Jerusalem
1376 1505 1458 1539 :quia
1476 1506 1594 1532 maxime
1614 1506 1666 1541 ipsi
1687 1506 1714 1533 in
1734 1514 1814 1534 cruce
1830 1507 1884 1534 Do-

1096 1549 1174 1582 mini,
1190 1549 1360 1577 oifendcntes
1377 1554 1404 1577 et
1420 1550 1501 1577 illatis
1511 1550 1685 1585 passionibus
1699 1551 1733 1578 ab
1748 1551 1807 1585 ejus
1819 1556 1885 1578 sunt

1096 1595 1209 1622 scientia
1237 1595 1365 1630 separati.
1393 1595 1550 1628 Mysterium
1580 1603 1644 1631 ergo
1672 1596 1828 1630 passionum
1855 1596 1883 1624 in

1094 1641 1155 1668 oleo
1180 1641 1379 1676 conspergitur,
1403 1641 1466 1676 quia
1490 1641 1624 1668 miserans
1648 1649 1709 1673 nos,
1731 1649 1781 1676 pro
1804 1641 1885 1669 nobis

1095 1686 1227 1714 sustinuit
1246 1691 1373 1713 mortem.
1392 1685 1470 1719 Quod
1487 1690 1515 1713 et
1531 1686 1591 1714 sine
1613 1685 1748 1714 fermento
1767 1694 1838 1719 esse,
1857 1687 1883 1714 id

1095 1737 1137 1760 est
1156 1732 1288 1759 mundum
1313 1732 1347 1760 ab
1372 1732 1501 1759 exteriori
1523 1732 1582 1759 vult
1602 1739 1663 1760 esse
1683 1732 1817 1760 doctrina.
1839 1733 1886 1759 Ait

1095 1783 1184 1805 autent
1204 1787 1212 1805 ;

1131 1824 1235 1851 Divides
1254 1833 1285 1850 ea
1307 1824 1470 1851 minutatim.
1486 1822 1522 1851 Ut
1535 1823 1562 1851 in
1578 1824 1719 1859 passiones
1739 1824 1808 1860 ejus.
1822 1832 1884 1859 quae

1095 1877 1144 1904 per
1171 1874 1261 1904 partes
1286 1874 1500 1904 processerunt,
1527 1877 1682 1897 sermonem
1713 1870 1884 1904 dividamus,

1095 1915 1179 1942 veluti
1205 1915 1308 1950 alapis,
1332 1914 1465 1950 colaphis,
1483 1914 1589 1950 sputis,
1614 1915 1822 1951 conﬁxioneque
1845 1916 1885 1943 la-

1095 1960 1176 1988 teris:

1131 2006 1255 2042 Effundcs
1279 2014 1361 2040 supra
1386 2005 1481 2033 oleum.
1507 2005 1561 2033 Sed
1587 2006 1817 2040 quemadmodum
1841 2006 1885 2033 ille

1095 2052 1310 2081 misericordiam
1335 2051 1361 2078 in
1383 2052 1463 2078 nobis
1487 2051 1601 2084 habens,
1619 2059 1669 2086 pro
1686 2052 1764 2079 nobis
1783 2057 1885 2080 semct-

1095 2098 1184 2134 ipsum
1204 2097 1314 2124 tradidit
1337 2097 1467 2132 passioni,
1491 2097 1530 2124 sic
1552 2102 1660 2132 oportet
1681 2101 1708 2124 ct
1726 2105 1777 2124 nos
1793 2099 1886 2133 proxi-

1096 2144 1149 2171 mis
1170 2143 1307 2175 misereri,
1325 2142 1480 2178 passionem
1499 2142 1668 2169 Dominicam
1687 2143 1721 2170 ad
1737 2143 1819 2177 hujus
1838 2151 1886 2170 ac-

1097 2189 1232 2225 cipientes
1240 2188 1348 2224 pietatis
1355 2187 1520 2223 exemplum,
1529 2188 1601 2214 unde
1613 2188 1666 2214 ait:
1677 2187 1885 2222 Eﬂ‘undcssupra

257 2232 318 2258 estis
335 2240 380 2266 per
395 2233 504 2259 istorum
519 2233 731 2266 inobedientiam,
743 2235 780 2261 sic
794 2240 817 2261 et
832 2235 875 2261 isti
895 2243 945 2261 non
959 2236 1044 2262 credi—
1061 2234 1082 2262 D
1097 2236 1193 2268 oleum,
1208 2241 1237 2263 ut
1246 2240 1274 2263 et
1283 2235 1439 2263 nosviscera
1450 2234 1643 2261 misericordia:
1658 2234 1888 2262 Dominisemulc-

257 2278 349 2305 derunt
363 2278 389 2304 in
403 2283 487 2305 vestra
498 2279 688 2311 misericordia,
703 2284 761 2306 utet
770 2280 820 2314 ipsi
835 2281 1044 2308 misericordiam

256 2329 457 2359 consequantur.
485 2325 619 2353 Conclusit
647 2326 716 2352 enim
746 2325 817 2352 Deus
834 2327 922 2353 omnia
935 2327 981 2354 sub
991 2335 1046 2361 pec-

256 2374 324 2402 cato,
338 2373 365 2396 ut
380 2370 498 2397 omnibus
510 2371 669 2398 misereatur
691 2371 724 2398 ⁸³.
751 2370 966 2399 Miscricordiam
982 2372 1046 2400 ubi-

256 2423 309 2449 que
319 2415 436 2450 appellat
461 2417 595 2444 adventus
619 2416 719 2444 Christi
736 2418 905 2450 mysterium,
934 2422 1046 2453 propter

235 2459 328 2497 }quod
344 2468 428 2494 partes
455 2461 566 2496 quidem
593 2461 621 2488 itt
654 2462 715 2490 oleo
734 2462 876 2497 conspersi
905 2462 1044 2490 dicuntur.

255 2506 397 2540 Propheta:
410 2510 500 2534 autem
513 2515 566 2535 non
578 2508 627 2540 sic,
640 2509 687 2535 sed
702 2509 777 2536 velut
787 2508 814 2535 in
829 2509 972 2544 :ettigmate.
984 2517 991 2541 ;
1003 2509 1046 2536 di-

254 2551 292 2578 cit
306 2552 380 2579 euint
394 2552 480 2580 David
496 2561 504 2580 :
519 2553 700 2580 Misericordia
715 2559 739 2580 et
765 2555 862 2581 veritas
877 2555 1046 2581 obviavcrunt

253 2597 342 2624 sibi".
356 2597 386 2625 Et
401 2605 496 2624 rursus
512 2606 518 2624 :
532 2598 644 2625 Ostende
661 2599 743 2630 nobis,
759 2599 881 2632 Domine,
894 2599 1044 2626 misericor-

254 2642 327 2669 diam
341 2647 414 2669 tuam
430 2647 456 2669 et
464 2643 584 2670 salutare
600 2648 674 2670 tuum
689 2644 723 2671 da
750 2645 822 2672 nobis
837 2645 870 2672 ὀ.
896 2645 1042 2680 Propterea

252 2692 309 2713 non
321 2693 478 2721 conspersa,
493 2688 541 2716 sed
549 2688 596 2716 lita
607 2688 667 2716 oleo
682 2689 776 2725 lagana
792 2691 972 2726 appellantur.
989 2691 1041 2718 Sed

253 2731 364 2759 etillam
378 2733 483 2760 custodi
503 2734 648 2762 verborum
685 2737 874 2768 subtilitatem,
894 2737 1040 2772 quomodo,

253 2778 363 2812 quando
380 2779 437 2807 vult
453 2784 482 2807 ut
496 2788 546 2808 nos
558 2781 746 2815 misereantur,
778 2782 844 2810 dicit
871 2783 905 2810 de
936 2791 976 2810 eo
996 2782 1042 2816 qui

1094 2290 1175 2314 mur;
1191 2281 1229 2309 ait
1242 2280 1343 2316 quippe
1362 2289 1369 2308 :
1385 2280 1475 2307 Estote
1499 2279 1680 2306 misericordes
1694 2277 1794 2305 sicutet
1805 2278 1888 2306 Palcr

1094 2332 1177 2355 vester
1191 2326 1340 2353 misericors
1355 2330 1391 2352 cst
1404 2325 1438 2352 ".
1455 2323 1523 2357 Quia
1539 2324 1612 2350 cnim
1632 2324 1683 2351 hoc
1697 2324 1730 2350 de
1745 2323 1887 2350 Dominica

1094 2371 1268 2408 proposuerit
1298 2371 1425 2406 passione
1453 2369 1623 2404 capitulum,
1654 2368 1806 2403 designatio
1837 2369 1886 2396 dc—

1095 2422 1230 2445 ntonstrat
1256 2416 1313 2451 ipsa
1340 2418 1508 2443 sermonitm.
1537 2415 1614 2448 Quod
1637 2415 1709 2441 ettitn
1735 2414 1885 2441 secundum

1096 2463 1166 2491 LXX
1180 2462 1293 2493 addidit,
1310 2461 1476 2496 Sacriﬁcium
1499 2466 1537 2488 est
1559 2461 1679 2493 Domino,
1697 2461 1748 2487 hoc
1771 2459 1815 2486 hic
1839 2460 1888 2487 ad-

1094 2508 1162 2535 dcns
1181 2507 1359 2542 prmipuum,
1381 2507 1454 2541 quod
1471 2514 1603 2541 nusquam
1622 2507 1649 2533 in
1680 2506 1886 2534 ltolocautoma-

1095 2553 1130 2580 tis
1151 2552 1301 2588 inscripsit,
1321 2556 1367 2579 aut
1384 2552 1412 2579 in
1432 2552 1493 2580 aliis
1509 2560 1570 2586 quae
1587 2552 1717 2588 prmcepit
1733 2553 1861 2586 superius
1878 2560 1885 2577 :

1095 2598 1140 2626 hic
1160 2601 1251 2625 autem
1276 2597 1404 2625 addidit:
1422 2598 1486 2632 quia
1506 2597 1643 2633 Unigeniti
1668 2597 1757 2632 passio
1782 2598 1887 2624 sacriﬁ-

1096 2643 1168 2670 cium
1195 2643 1251 2670 Deo
1274 2642 1346 2670 Patri
1373 2643 1462 2670 oblata
1488 2647 1547 2675 est,
1574 2643 1751 2678 semetipsum
1766 2642 1886 2674 Christo,

1097 2689 1326 2724 quemadmodum
1353 2689 1390 2717 ait
1419 2689 1534 2722 Paulus,
1558 2688 1712 2716 oﬂ'erentc:
1729 2688 1766 2716 ait
1789 2688 1886 2715 enim:

1098 2734 1126 2762 Si
1140 2734 1209 2762 enim
1224 2735 1332 2770 sanguis
1356 2738 1494 2762 taurorum
1520 2739 1544 2762 et
1560 2735 1703 2766 hircorum,
1718 2739 1743 2761 et
1763 2733 1828 2760 cinia
1848 2741 1887 2760 N-

1098 2782 1160 2809 tulte
1172 2789 1294 2816 aspersus
1309 2781 1490 2816 coinquinata:
1506 2781 1655 2815 sanctiﬁcat
1670 2781 1706 2807 ad
1717 2780 1885 2807 emundatio-

285 2845 312 2884 ’ξ
329 2845 408 2884 Joan.
430 2857 448 2879 t.
466 2849 510 2877 ἓξ).
558 2849 581 2866 ⁸⁸
605 2850 670 2878 Luc.
692 2859 710 2879 ι.
734 2851 778 2879 55.
816 2834 918 2879 “'Gen.
935 2859 981 2884 xv,
1003 2851 1045 2878 17.

1117 2850 1195 2878 Ιζοιη.
1212 2851 1360 2884 xt,50-3‘2.
1400 2851 1423 2867 ⁸⁵
1437 2850 1508 2877 Psal.
1540 2857 1650 2883 Lxxxtv,
1678 2849 1705 2878 8.
1744 2849 1767 2865 "
1780 2848 1846 2876 ibid.
1858 2847 1885 2874 8.

256 2882 278 2899 “
291 2882 390 2911 Elcclt.
409 2891 445 2917 tv,
457 2884 483 2911 '5.
520 2885 542 2902 "
557 2885 621 2913 Luc.
636 2894 672 2920 vt,
688 2887 731 2914 35.
