2052 3150
149 186 205 224 ξω

735 193 775 222 IN
797 193 1014 223 LEVl'l‘iCUM.
1037 206 1069 210 —
1091 193 1162 224 LIB.
1184 191 1208 223 Ῑ.

1736 192 1789 228 8Ῑῦ

151 245 317 274 κεηιεανηὲε.
330 249 428 279 quanto
439 245 522 279 magis
529 245 638 280 sanguis
649 244 755 278 Christi,
769 246 814 280 qui
827 253 873 279 per
885 245 947 280 Spi-
964 251 983 276 Α
1000 250 1027 271 et
1045 245 1154 273 dedisse
1169 246 1229 273 vito
1249 246 1293 281 qui
1308 247 1424 274 vestitus
1439 253 1497 276 erat
1514 246 1605 282 lineis,
1622 250 1708 285 ipsum
1725 260 1789 279 vero

153 293 230 318 ritum
239 295 360 317 sanctum
369 290 535 321 sentetipsum
546 289 636 316 obtulit
644 290 844 317 immaculatum
853 291 946 317 Deo"?

188 335 270 362 Vens.
293 334 370 360 7-10.
389 342 398 359 ι
415 333 465 360 Sin
479 338 570 360 autem
592 334 626 361 de
647 334 778 362 craticula
800 334 880 361 fuerit
903 341 947 361 sa-

152 381 308 412 criﬁcium,
333 387 411 414 aeque
436 380 525 407 simila
554 380 614 406 oleo
643 384 848 415 conspergctur.
863 387 946 415 quam

152 427 273 454 otl’erens
299 426 415 453 Domino
442 426 531 453 tradet
555 426 682 453 manibus
704 426 854 454 sacerdotis
875 426 946 461 :qui

153 481 215 500 cum
235 473 367 500 obtulerit
388 480 461 502 eam.
481 473 558 499 tollet
578 472 735 500 memoriale
752 473 786 500 de
802 472 945 504 sacriﬁcio.

153 524 181 547 et
199 519 321 546 adolehit
343 526 420 554 super
447 519 535 546 altare
551 520 578 545 in
597 519 709 546 odorem
729 519 872 546 suavitatis
893 519 947 546 Do-

153 565 239 592 mino.
265 564 404 599 Quidquid
429 569 522 591 autem
547 565 682 599 reliquum
708 569 760 595 est.
782 566 834 592 erit
856 566 945 591 Aaron

153 615 182 638 et
198 611 317 638 ﬁliorum
339 611 409 645 ejus,
431 615 557 638 sanctum
578 616 734 638 sanctorum
753 612 787 639 de
801 611 947 639 oblationi-

154 657 206 684 bus
220 656 339 683 Domini.
356 665 366 682 ι
576 677 583 692 ἱ.

191 701 298 728 Similia
314 701 456 735 disputare
473 705 504 728 et
520 700 555 728 de
571 700 773 728 resurrectione
791 700 946 736 disceptan-

153 745 209 774 tcm
231 746 299 778 vult,
315 746 395 781 cujus
409 745 570 781 mysterium
591 746 750 773 craticulam
772 753 829 773 non
847 746 946 774 frustm

154 792 311 827 appellavit,
329 792 377 819 sed
393 799 442 827 per
457 791 616 819 craticulam
637 796 754 819 mortem
772 792 946 827 signiﬁcavit.

152 839 233 866 Sicut
257 844 349 866 autem
373 838 400 865 in
425 838 562 872 sartagine
584 838 752 865 Dominicam
769 846 879 866 crucem
899 846 946 866 su-

153 893 204 920 pra
220 885 389 919 accepimus,
406 884 442 911 ita
458 884 487 911 in
506 884 635 911 craticula
656 889 784 917 mortem,
799 885 845 912 sed
862 889 890 912 et
903 892 946 913 se-

999 289 1163 324 dispersisse
1179 291 1334 318 incendium
1353 294 1384 317 9‘.
1403 292 1505 321 Docere
1522 300 1614 322 autem
1639 304 1690 324 nos
1712 297 1778 333 legis

998 335 1068 362 lator
1081 337 1177 364 volens
1187 338 1212 364 in
1229 338 1320 373 aiiqu‘o
1339 340 1467 373 prmdieta
1480 342 1620 376 mysteria,
1631 344 1789 371 eorumdem

998 383 1132 409 rationem
1149 384 1343 412 sacriﬁciorum
1359 385 1401 412 his
1413 387 1575 421 recapitulat
1590 389 1691 422 verbis,
1705 389 1789 422 Quam

997 429 1088 463 offeres
1108 428 1229 462 Domino,
1247 439 1327 464 quam
1347 432 1440 466 utique
1458 433 1491 460 de
1506 433 1624 465 clibano,
1643 439 1670 462 ct
1683 437 1716 463 de
1731 444 1790 463 sar-

996 473 1100 507 tagine.
1115 477 1145 499 et
1160 473 1194 500 de
1218 475 1357 507 craticula,
1378 475 1404 502 id
1428 481 1471 503 est
1495 478 1646 506 nativitatis
1669 479 1788 511 Domini.

998 522 1026 544 et
1039 518 1188 552 passionis,
1203 523 1232 545 et
1252 520 1347 547 mortis
1361 528 1369 547 ξ
1388 520 1414 548 in
1429 521 1472 549 his
1486 522 1559 550 enim
1580 524 1664 552 totius
1678 526 1789 560 dispen-

997 564 1112 592 sationis
1135 565 1194 599 cjus
1218 573 1309 593 sermo
1330 567 1454 602 expletus
1469 574 1510 596 est
1526 578 1532 596 :
1551 569 1577 597 in
1603 571 1645 598 his
1668 581 1790 599 resurre-

995 610 1098 637 ctionis
1123 619 1232 646 quoque
1261 613 1320 647 ejus
1351 614 1421 641 ratio
1453 616 1621 648 continetur,
1651 618 1713 653 quia
1744 621 1789 654 qni

998 655 1149 688 descendit.
1168 657 1226 691 ipse
1248 663 1303 689 est.
1326 663 1353 686 c‘t
1375 660 1420 694 qui
1444 662 1569 689 ascendit
1587 669 1672 698 super
1694 673 1789 692 omnes

998 703 1092 735 caelos,
1109 704 1139 731 u‘t
1156 704 1282 739 impleret
1297 707 1387 734 omnia
1402 701 1436 735 ".

1035 746 1134 775 Tradet
1152 750 1179 775 in
1199 750 1318 777 omnibus
1332 753 1484 780 sacerdotia.
1503 753 1556 789 Ipsi
1571 755 1697 784 videlicet
1711 757 1789 784 Chris

998 795 1050 824 sto,
1067 794 1113 828 qui
1140 800 1282 830 postquam
1311 798 1540 833 appropinquavit
1564 800 1642 828 altari
1663 795 1734 837 quod
1762 803 1788 829 in

998 839 1074 866 cmlis
1088 844 1139 872 cst,
1156 842 1384 877 appropinquavit
1405 848 1496 872 autem
1519 853 1601 874 carne
1623 855 1672 882 per
1690 856 1787 876 ascen-

1000 882 1104 910 sionem
1118 893 1124 911 :
1138 892 1280 919 nunquam
1295 887 1366 914 enim
1383 893 1525 923 separatur
1538 898 1552 917 a
1566 891 1718 919 divinitate.

151 931 293 966 pulturam
317 930 493 965 accipiamus.
511 929 577 963 Quae
598 930 671 957 enim
695 930 767 957 inter
789 931 945 959 craticulam
961 921 983 953 Β
1034 928 1279 959 To’lletmemuriale
1289 933 1321 959 de
1333 921 1474 969 sacrificio.
1487 936 1689 966 Abundantium
1703 940 1788 967 scien-

152 983 182 1005 et
200 978 366 1013 sartaginem
380 977 534 1004 diﬁerentia
549 977 593 1008 sit.
608 976 675 1003 nulli
689 977 801 1011 penitus
815 981 859 1004 est
872 978 948 1013 igno-

151 1029 212 1051 tum
231 1033 238 1050 :
255 1024 318 1059 quia
336 1028 444 1059 sartago
459 1031 542 1058 super
561 1023 650 1059 ignem
670 1031 745 1050 nunc
765 1023 947 1051 exardesceth

155 1074 210 1096 tem
229 1074 256 1096 et
276 1076 450 1101 succensum,
467 1068 597 1096 craticula
617 1073 708 1095 autem
734 1068 761 1095 in
784 1068 948 1096 carbonibus

152 1116 316 1142 ardentibus
342 1119 370 1142 et
384 1114 449 1141 olim
464 1114 587 1141 accensis
603 1114 724 1149 ponitur.
741 1113 818 1141 Sicut
831 1114 859 1141 et
876 1123 948 1141 mors

155 1162 262 1189 Domini
277 1169 333 1188 non
347 1161 398 1188 fuit
415 1161 524 1187 initium
538 1160 646 1194 aliquod
660 1159 806 1194 passionis,
824 1160 870 1186 sed
888 1167 949 1193 pas-

149 1208 273 1239 sionum.
288 1214 350 1242 qua:
368 1207 472 1242 pridem
495 1207 521 1233 in
541 1214 574 1233 eo
594 1209 715 1240 operata;
729 1209 804 1238 sunt,
819 1205 947 1232 fuitsub—

153 1254 292 1280 sistentia.
310 1253 344 1280 Et
357 1253 439 1287 hujus
455 1259 523 1286 ergo
536 1259 636 1278 munus
651 1259 683 1278 ex
700 1250 799 1280 simila.
817 1251 842 1278 id
860 1257 899 1278 est
913 1259 947 1278 ex

152 1299 203 1326 Dei
224 1299 390 1334 cognitione,
407 1298 466 1325 sive
478 1297 604 1329 scientia,
617 1304 678 1331 quae
694 1297 728 1324 de
745 1301 832 1324 morte
853 1297 947 1324 Domi-

154 1345 217 1372 nica
232 1351 286 1375 est.
306 1344 468 1380 perﬁcitur:
484 1347 594 1378 oportet
617 1343 691 1370 enim
706 1343 848 1370 Christum
870 1347 898 1370 et
919 1343 946 1369 in

151 1395 244 1418 morte
264 1391 350 1417 Deum
364 1389 428 1421 dici,
444 1389 626 1416 nihilominus
645 1389 825 1416 immortalem
846 1389 945 1424 przcdi-

151 1443 217 1461 care
234 1442 299 1461 eum
323 1435 370 1469 qui
393 1439 505 1469 propter
525 1433 667 1460 mortalcm
689 1441 798 1460 carnem
823 1439 946 1461 mortuus

150 1483 207 1505 est.
227 1479 257 1505 ln
277 1479 339 1506 oleo
356 1484 446 1506 tamen
466 1486 569 1505 munus
585 1479 638 1505 ﬁet.
662 1477 777 1513 Oportet
791 1479 891 1514 quippe
912 1479 946 1506 de

151 1525 298 1552 Dominica
316 1529 403 1552 morte
424 1529 451 1552 et
465 1525 667 1552 resurrectione
683 1525 877 1559 disputantem,
893 1527 945 1552 mi-

152 1572 332 1598 sericordiam
350 1578 458 1606 quoque
481 1571 527 1597 ι)ρί
547 1571 647 1598 addere
668 1571 811 1602 rationem.
828 1579 888 1605 ηυδε
903 1575 944 1598 est

1001 974 1054 1006 tiae,
1077 975 1134 1002 sive
1154 977 1331 1011 cognitionis,
1355 979 1425 1006 sicut
1446 981 1500 1015 jam
1526 989 1607 1017 supra
1633 984 1787 1017 docuimus.

998 1020 1071 1054 quod
1102 1028 1186 1055 super
1211 1022 1295 1049 altare
1322 1024 1440 1052 adolebit
1466 1027 1538 1060 apud
1565 1034 1603 1059 se,
1630 1029 1787 1056 custodiens

999 1064 1064 1092 illud
1081 1065 1108 1092 in
1123 1067 1252 1094 saeculum
1267 1068 1400 1095 futurum.

1033 1111 1169 1147 Quidquid
1198 1117 1286 1141 autem
1314 1115 1442 1150 reliquum
1467 1121 1514 1144 est.
1537 1114 1569 1144 id
1591 1122 1643 1151 est,
1657 1124 1788 1154 quantum

997 1157 1069 1184 scire
1083 1165 1134 1185 nos
1150 1162 1177 1186 et
1190 1157 1357 1194 perscrutari
1375 1163 1514 1197 pra-cepit.

1034 1202 1093 1229 Hoc
1109 1203 1200 1231 Aaron
1217 1205 1267 1231 erit
1280 1205 1433 1239 etﬁtiorum
1449 1207 1515 1241 ejus.
1526 1208 1558 1235 'ld
1573 1213 1624 1241 est,
1640 1214 1666 1237 et
1683 1210 1726 1238 his
1743 1212 1787 1246 qui

997 1249 1124 1276 sublimia
1139 1250 1174 1277 de
1188 1250 1242 1277 Deo
1256 1251 1375 1285 cogitare
1392 1257 1420 1278 et
1438 1254 1540 1281 sentire
1560 1252 1686 1290 possunt,
1703 1258 1788 1285 tradi-

997 1294 1046 1324 dit.
1063 1302 1131 1328 quos
1145 1295 1214 1323 ﬁlios
1228 1295 1319 1323 Aaron
1332 1304 1393 1324 esse
1409 1299 1594 1332 praediximus.

1033 1340 1159 1368 Sanctum
1179 1347 1334 1369 sanctorum
1354 1344 1386 1370 de
1404 1344 1580 1374 oblationibus
1599 1348 1713 1376 Domini.
1733 1349 1788 1377 Ma-

997 1388 1038 1421 gis
1065 1387 1183 1422 idipsnm
1214 1389 1380 1417 conﬁrmans
1410 1390 1462 1418 hoc
1493 1392 1631 1426 legislator
1662 1396 1788 1430 scripsit;

998 1437 1091 1459 sancta
1105 1433 1206 1467 quippe
1221 1439 1263 1460 est
1275 1435 1367 1461 omnis
1383 1435 1456 1462 bona
1481 1437 1605 1471 scientia.
1626 1440 1673 1467 sed
1689 1440 1787 1468 Sancta

997 1483 1153 1504 sanctorum
1176 1486 1236 1513 qua:
1253 1479 1286 1506 de
1303 1479 1350 1508 Dei
1375 1481 1499 1516 scientia,
1515 1483 1586 1511 sicut
1601 1490 1717 1520 oportet,
1734 1487 1787 1514 dis—

998 1527 1094 1557 putare
1112 1528 1210 1557 potest.

1036 1568 1115 1596 Vetts.
1133 1569 1176 1602 Η,
1194 1569 1237 1597 12.
1259 1579 1271 1596 't
1286 1571 1382 1599 Oomis
1399 1573 1507 1601 ‘oblatio
1524 1583 1584 1609 quze
1605 1576 1718 1604 oﬂ'ertur
1734 1577 1788 1605 Βυ-

151 1618 256 1645 oleum.
275 1617 406 1644 Hiscrans
417 1617 551 1652 siquidem
567 1624 654 1652 genus
662 1617 857 1649 humanum,et
872 1625 946 1644 mor-
960 1600 981 1628 ο
998 1614 1074 1641 mino
1088 1615 1191 1650 absque
1207 1616 1342 1645 fermento
1357 1619 1414 1650 ﬁet,
1430 1628 1481 1647 nec
1498 1600 1645 1656 quidquam
1661 1622 1786 1651 fermenti

151 1669 211 1691 tem
231 1664 371 1696 sustinuit,
386 1668 414 1691 et
433 1664 662 1690 resurrectionem
677 1670 692 1689 a
707 1663 823 1690 mortuis
837 1663 947 1697 dispen-

152 1710 237 1738 savit.
251 1710 279 1737 Si
295 1715 387 1737 autem
404 1709 493 1744 ignem
510 1710 555 1744 qui
571 1717 654 1744 super
668 1709 806 1736 clihanum
818 1714 870 1741 est,
881 1717 946 1736 san~

151 1761 229 1783 ctum
254 1763 315 1783 esse
335 1755 480 1790 Spiritum,
494 1761 521 1782 et
535 1755 597 1782 ideo
612 1759 718 1782 uterum
734 1755 879 1782 Gcnitricis
899 1754 945 1781 Dei

155 1803 295 1830 clibanum
311 1803 478 1838 signiﬁcasse
495 1802 622 1834 diximus,
639 1801 665 1827 in
683 1801 820 1836 sartagine
843 1806 944 1833 autem.

153 1854 182 1875 et
202 1850 334 1876 craticula
355 1849 382 1875 in
405 1849 467 1884 igne
485 1856 579 1875 rursus
597 1847 753 1882 passionem
777 1852 805 1874 ct
831 1851 945 1874 mortem

153 1894 328 1929 interpretati
350 1901 456 1926 sumus,
470 1894 630 1920 nullatenus
645 1893 704 1920 hcet:
717 1892 866 1925 discredas,
887 1893 946 1928 ipsa

153 1941 228 1968 enim
257 1941 305 1967 tibi
335 1940 503 1972 satisfacere,
526 1947 587 1974 quae
605 1940 639 1966 de
660 1939 782 1974 utrisque
806 1939 944 1971 dicuntur,

152 1990 281 2022 possunt.
315 1986 386 2019 Quia
411 1987 438 2013 in
464 1986 573 2014 clibano
599 1985 708 2020 quidem
735 1985 805 2019 ignis
829 1984 946 2019 desuper

151 2034 286 2064 mittitur.
301 2034 335 2060 de
351 2033 420 2060 coelo
437 2040 558 2067 namque
580 2031 746 2059 ministratio
761 2031 873 2065 spiritus
893 2034 944 2062 est,

151 2081 187 2106 de
210 2088 266 2114 quo
288 2079 423 2106 Dominus
448 2079 555 2105 dicebat
572 2087 578 2104 :
594 2077 687 2113 Ignem
711 2077 768 2103 veni
792 2077 895 2102 mittere
918 2076 946 2101 in

153 2131 254 2152 terram
270 2125 304 2151 "‘.
321 2124 356 2152 Et.
368 2123 490 2151 Joannes
503 2124 537 2150 de
550 2124 679 2150 Domino:
697 2121 757 2156 Ipse
769 2129 814 2148 vos
826 2121 946 2153 baptiza-

152 2172 189 2198 bit
205 2172 231 2197 in
244 2170 348 2205 Spiritu
363 2175 455 2197 sancta
468 2175 491 2196 et
508 2170 563 2204 igni
574 2170 608 2196 ".
625 2168 653 2195 In
667 2167 802 2203 sartagine
813 2171 903 2194 autem
918 2171 946 2193 et

151 2218 283 2245 craticula
311 2217 380 2252 ignis
408 2217 442 2243 ab
462 2215 641 2242 inferioribus
668 2215 795 2245 sumitur,
822 2213 884 2248 quia
912 2213 946 2240 ab

997 1667 1029 1687 ac
1045 1661 1132 1689 meilis
1145 1662 1299 1690 adolebitur
1315 1664 1342 1691 in
1363 1665 1525 1694 sacrificium
1546 1667 1670 1695 Domino.
1691 1669 1788 1696 Primi~

998 1708 1050 1733 tias
1074 1711 1176 1735 tantum
1199 1716 1293 1736 corum
1313 1711 1434 1738 otl'eretis
1456 1720 1488 1739 ac
1509 1721 1633 1746 numera,
1649 1722 1732 1750 super
1748 1717 1787 1742 al-

1000 1758 1055 1781 tare
1070 1761 1203 1782 vetO'non
1217 1761 1355 1791 ponentur
1370 1757 1396 1784 in
1410 1759 1521 1787 odorem
1537 1761 1688 1789 suavitatis.
1705 1772 1714 1788 ι

1030 1799 1106 1827 Nihil
1132 1803 1334 1830 communionis
1358 1804 1416 1831 vult
1441 1805 1542 1833 habere
1565 1807 1717 1835 doctrinam
1740 1809 1786 1835 Dei

997 1847 1058 1870 cum
1076 1845 1203 1872 exteriori
1219 1846 1343 1874 scientia.
1357 1846 1436 1880 Quod
1451 1849 1523 1876 enirn
1541 1849 1705 1878 fermentum
1722 1853 1788 1879 alie-

993 1898 1060 1917 nam
1087 1891 1239 1919 doctrinam
1274 1894 1412 1928 appellat,
1444 1899 1538 1929 aperte
1568 1896 1629 1930 ipse
1656 1897 1787 1924 Dominus

997 1936 1101 1968 docuit,
1115 1937 1209 1964 dicens
1229 1938 1369 1973 discipulis
1388 1940 1444 1967 suis
1458 1949 1464 1966 ε
1480 1940 1614 1968 Attenditc
1628 1950 1644 1967 ιι
1660 1943 1786 1977 fermento

998 1981 1194 2009 Pharisa’orum
1218 1988 1241 2009 et
1255 1983 1466 2011 Sadducwormu
1481 1987 1499 2011 '~.
1523 1985 1590 2020 Ipsis
1605 1991 1696 2014 autem
1715 1987 1787 2022 ignov

997 2027 1122 2054 rantibns
1144 2035 1204 2062 qua:
1226 2028 1397 2062 dicebantur,
1413 2030 1518 2058 addidit
1532 2039 1539 2057 :
1553 2030 1672 2057 Necdum
1691 2032 1786 2059 intelli-

996 2073 1068 2108 gitis,
1093 2081 1175 2109 neque
1197 2075 1357 2109 cognoscitis
1372 2076 1434 2110 quia
1457 2078 1570 2104 ruon'de
1591 2078 1704 2112 panibus
1731 2079 1787 2106 diri

996 2119 1066 2146 colit
1088 2121 1108 2146 ¹.
1138 2120 1169 2147 Et
1196 2124 1261 2147 tunc
1301 2128 1488 2157 cognoverunt
1515 2123 1576 2158 quia
1602 2123 1635 2151 dc
1663 2124 1784 2152 doctrina

997 2166 1155 2193 Scribarum
1171 2171 1202 2194 et
1223 2167 1422 2195 Pharisaeorum
1440 2169 1562 2197 dixisset.
1585 2170 1637 2198 Mcl
1652 2180 1715 2199 vero
1737 2180 1785 2207 pa-

997 2220 1130 2247 ganorum
1153 2213 1304 2240 doctrinam
1332 2214 1459 2250 intelligi.
1486 2222 1597 2251 propter
1624 2219 1783 2246 suavitati-tn

153 2263 313 2292 hominibus
337 2263 383 2297 qui
411 2266 502 2289 mente
528 2261 556 2288 in
579 2260 680 2287 inﬁmis
701 2260 803 2294 jacent,
820 2258 945 2293 provenit
962 2269 983 2297 ι)
999 2258 1154 2290 verborum,
1172 2262 1198 2285 et
1215 2259 1387 2286 dulcedinem
1407 2261 1518 2295 eloquii.
1533 2262 1661 2290 Salomon
1677 2264 1702 2290 in
1720 2264 1784 2290 Pro-

153 2307 319 2342 praeparatio
343 2306 487 2341 passionis.
510 2305 588 2338 Quod
611 2309 704 2331 autent
721 2305 791 2339 ignis
811 2311 859 2338 pro
882 2311 946 2338 pas-

152 2353 382 2386 sioncaccipitur,
394 2353 456 2379 audi
468 2351 614 2378 Jeremiam
629 2350 763 2377 dicentem
777 2359 783 2376 :
800 2350 831 2376 Et
841 2350 946 2384 factum

152 2403 190 2424 tu
206 2398 284 2432 quasi
309 2397 378 2432 ignis
403 2399 509 2426 ardetis.
531 2401 555 2422 et
568 2401 686 2432 (estnon:
695 2396 722 2421 in
730 2395 827 2421 ossibus
837 2395 901 2421 meis
913 2395 945 2421 ⁸⁸.

154 2444 187 2470 Et
214 2450 312 2469 rursus
338 2442 442 2469 David:
462 2431 592 2468 Domina;
609 2442 637 2468 in
657 2442 699 2467 ira
720 2449 769 2467 sua
784 2441 947 2468 conturbabit

154 2497 206 2521 cos,
223 2494 248 2515 et
269 2489 403 2516 decorabit
425 2497 467 2515 eos
486 2488 554 2523 ignis
569 2488 606 2517 "._
620 2487 732 2514 Mortem
746 2487 849 2519 dicens,
866 2495 947 2521 quam

154 2535 348 2569 peccatoribus
367 2534 492 2561 illaturus
504 2538 575 2560 erat.
591 2532 650 2559 Non
667 2538 709 2559 est
723 2538 813 2559 autetn
829 2532 947 2559 admira-

154 2582 218 2612 ltile.
233 2581 370 2618 carbones
385 2580 486 2615 quippe
500 2579 614 2614 spiritali
632 2579 777 2605 traditione
791 2586 839 2605 eos
863 2587 948 2613 panes

151 2627 199 2662 qui
220 2634 309 2654 causa
331 2631 396 2653 sunt
421 2626 534 2652 luminis
560 2629 588 2651 et
606 2619 770 2659 permittimus
783 2624 946 2658 accipimus.

153 2673 239 2700 Isaias
265 2672 367 2700 etenim
394 2679 478 2699 unum
501 2672 535 2698 de
552 2670 702 2697 Cherub'un
719 2670 844 2699 missum.
867 2677 947 2696 acce-

155 2719 229 2754 pisse
251 2719 398 2746 carbonem
424 2718 458 2744 de
480 2717 573 2748 altari,
593 2721 622 2743 et
639 2716 788 2743 mandasse
813 2723 892 2742 suum
912 2722 946 2741 os

153 2766 232 2792 dixit.
257 2764 385 2792 Ezechiel
409 2764 492 2791 etiam
520 2764 554 2790 de
578 2762 681 2790 eisdem
711 2762 876 2788 carbonibus
900 2761 945 2795 qui

153 2815 231 2838 erant
254 2811 282 2838 in
308 2811 400 2838 medio
423 2809 585 2842 Cherubim,
611 2808 706 2836 tulisse
733 2808 801 2835 dixit.
821 2807 944 2839 (ilict-ub,

187 2880 211 2896 "
226 2879 309 2907 llehr.
325 2886 361 2907 ix.
381 2878 421 2909 15,
436 2877 479 2904 14.
518 2877 540 2894 ’⁵
553 2876 619 2904 Luc.
638 2884 687 2906 xu.
703 2875 746 2903 49.
786 2875 809 2891 ⁸⁵
822 2873 916 2901 Matth.
937 2882 976 2903 In.
990 2873 1033 2901 ll.

197 2916 224 2936 Ἰ.
274 2915 296 2930 '9
314 2913 413 2936 I'Znhes,
431 2922 467 2936 ιν.
482 2913 509 2936 9.
526 2913 568 2936 10.
582 2919 589 2926 '
617 2913 624 2927 ‘
646 2911 740 2936 Mulli].
757 2919 812 2936 xvt.
826 2910 852 2936 ϐ.
903 2911 912 2925 ²
929 2909 995 2936 ibid.
1025 2910 1041 2936 9

158 2924 183 2946 ι.
197 2916 224 2942 7.
274 2915 296 2930 ¹⁹
314 2913 413 2948 I'Lphes.
431 2922 468 2946 tv,
482 2913 509 2944 9,
526 2913 568 2940 l0.
582 2919 589 2926 '
617 2913 624 2927 ‘
646 2911 740 2938 Matth.
757 2919 812 2943 xvr,
826 2910 852 2937 ϐ,

254 2962 390 2992 ΡΛτιιοι.
413 2961 469 2990 Gtt.
493 2961 594 2990 XCIII.

999 2304 1099 2331 verhiis
1118 2305 1207 2335 docet.
1228 2305 1322 2332 dicens
1346 2314 1352 2332 :
1373 2305 1433 2332 Non
1454 2307 1574 2342 respicies
1596 2309 1631 2334 ad
1649 2309 1783 2336 mulier-ciu

999 2350 1159 2376 meretricem
1177 2358 1186 2376 :
1203 2351 1279 2385 factis
1302 2351 1371 2378 enim
1387 2352 1519 2379 distilltms
1541 2353 1611 2380 labia
1632 2355 1784 2383 meretricis,

999 2401 1022 2423 et
1037 2397 1146 2423 nitidius
1170 2396 1227 2423 oleo
1244 2401 1339 2432 guttur
1353 2398 1420 2432 ejus,
1439 2399 1579 2425 novissima
1604 2405 1692 2426 autem
1715 2399 1785 2427 illius

998 2450 1093 2468 natura
1116 2444 1192 2477 quasi
1214 2443 1379 2478 absynthium
1393 2444 1413 2470 ³.
1432 2443 1582 2472 Novissima
1603 2450 1692 2472 autem
1709 2448 1786 2480 quae?

998 2488 1107 2522 quando
1123 2487 1251 2515 videlicet
1270 2489 1343 2515 inter
1358 2497 1449 2516 veram
1467 2490 1627 2524 sapientiam
1645 2495 1671 2517 ct
1687 2490 1785 2520 fictam.

998 2533 1121 2567 falsoque
1156 2537 1280 2560 utentem
1317 2533 1429 2561 nomine
1463 2535 1619 2562 discernere
1662 2536 1786 2571 cmpcris.

998 2579 1067 2605 Nam
1085 2579 1152 2606 licet
1166 2579 1296 2606 Ecclesia
1311 2578 1340 2606 in
1358 2579 1479 2607 Canticis
1499 2581 1667 2608 canticorum
1685 2582 1757 2610 dicat
1781 2592 1787 2609 :

999 2624 1052 2650 Mel
1075 2629 1099 2650 et
1117 2624 1163 2650 tu:
1180 2626 1230 2650 sub
1248 2623 1342 2659 lingua
1359 2629 1404 2651 tua
1418 2625 1440 2657 ⁸,
1460 2632 1515 2652 non
1535 2625 1697 2652 contradicit
1720 2633 1789 2660 prac-

1000 2670 1134 2702 sentibus,
1152 2670 1198 2697 sed
1213 2674 1241 2696 et
1261 2670 1338 2697 valde
1353 2671 1499 2700 consentit.
1521 2671 1614 2706 Neque
1627 2672 1701 2699 enim
1722 2672 1789 2698 dixit

1000 2717 1028 2743 in
1054 2716 1145 2751 lingua
1168 2722 1223 2749 tua,
1241 2717 1289 2744 sed
1311 2716 1357 2744 sub
1373 2716 1474 2751 lingua,
1501 2721 1531 2744 ut
1551 2719 1707 2746 ostenderet
1727 2718 1788 2751 quia

998 2769 1167 2797 paganorum
1189 2762 1335 2797 sapientia,
1351 2767 1378 2789 et
1393 2762 1548 2790 Judaeorum
1569 2763 1670 2796 littera,
1690 2762 1788 2798 lingua-

1000 2807 1139 2840 Ecclesizc.
1157 2807 1183 2835 id
1198 2812 1239 2835 est
1253 2808 1383 2836 doctrinae
1395 2807 1517 2843 subjecta
1534 2812 1584 2835 est.
1604 2808 1672 2844 Ergo
1692 2809 1787 2835 horum

1072 2874 1094 2890 ⁸⁸
1107 2874 1264 2906 Jcrem.xx.
1278 2875 1305 2902 9.
1356 2876 1378 2892 "’
1395 2875 1467 2903 Psal.
1495 2883 1540 2908 xx,
1560 2875 1601 2903 l0.
1652 2875 1674 2891 "
1688 2875 1790 2904 Ezech.

1105 2910 1115 2925 ³
1134 2909 1212 2937 Prov.
1232 2919 1256 2942 ν,
1270 2911 1331 2938 9-4.
1370 2910 1379 2926 ⁸
1396 2910 1473 2938 (Eant.
1502 2917 1538 2943 tv,
1568 2911 1610 2938 Η.

1588 2958 1624 2989 26
