2052 3150
260 157 307 191 an

857 156 991 186 HESYC]
998 157 1020 185 ll
1029 156 1041 184 ι
1062 155 1298 189 PRESBYTER!

1844 152 1901 190 84’!

261 222 318 243 non
340 213 398 241 sult
423 212 555 249 integram
580 212 635 239 Deo
667 211 818 240 doctrinam
850 212 943 240 oil'erri
962 222 969 240 ε
989 211 1053 239 inde
1071 217 1090 243 Α
1106 213 1239 242 rationale
1261 220 1314 243 est.
1343 215 1412 251 Ergo
1448 216 1603 244 trstunrrnti
1620 216 1767 251 evangelici
1789 222 1816 244 et
1838 219 1901 244 salis

261 259 327 287 dicit
347 279 354 286 .

296 304 356 332 Non
376 303 523 330 adolebitur
537 303 566 329 in
587 303 748 338 sacri/icium
777 305 846 336 quod
870 309 907 330 est
933 304 960 330 in
984 303 1057 329 holo—

260 355 391 381 caustum,
406 349 540 384 primitias
556 352 660 376 tantum
676 357 768 376 eorum
784 350 906 385 offeretis.
925 349 1058 384 Prmccpit

259 396 334 423 enim
345 403 378 423 ex
395 399 473 430 parte
487 395 560 422 illius
574 395 715 430 sapientiae
731 396 866 431 primitias
880 396 984 427 offerri,
1003 403 1057 422 non

262 447 355 470 autem
377 442 458 477 plene
473 450 505 468 ea
521 441 571 472 uti,
587 442 634 468 sed
656 441 886 477 quemadmodum
907 450 969 469 cum
988 442 1055 468 Pau.

262 488 302 517 lus
312 489 385 523 apud
397 487 580 515 Athenienses
593 488 814 520 concionarctur,
829 488 922 516 dicens
935 489 944 503 ⁵
965 497 970 515 :
985 487 1058 515 Sicut

259 535 370 570 quidam
385 538 469 561 vester
495 538 571 568 poeta
586 534 650 560 dixit
672 541 681 560 :
707 534 792 568 Ilujus
813 539 837 561 et
860 542 940 569 genus
957 541 1057 564 suntut,

261 580 307 615 qui
323 580 468 607 inveniens
491 579 602 606 verbum
630 580 752 606 exterius
773 579 805 606 ad
824 579 994 607 occasionem
1012 576 1059 605 Dei

261 625 383 654 scientice
406 629 510 660 aptum,
536 632 589 651 non
616 625 726 659 quidem
753 625 867 659 respuit.
893 632 942 651 nec
969 630 1059 650 tamen

262 673 377 705 addidit,
394 679 486 707 neque
509 671 584 698 enim
612 671 675 698 inde
698 671 767 698 ultra
791 671 944 698 testimonia
969 670 1061 697 multi«

264 716 385 752 plicavit.
411 715 523 750 Quare?
547 716 610 750 quia
637 715 744 742 Placuit
772 715 824 742 Deo
850 723 896 749 per
918 714 1059 741 stultitiam

263 762 474 798 pradicotiouis.
499 762 569 789 sicut
592 761 649 796 ipse
674 761 772 788 i‘aulus
795 761 844 794 ait,
868 761 952 788 salvos
973 761 1060 795 facere

265 809 408 841 credentes,
425 814 453 835 ut
468 808 532 843 fides
546 813 631 835 vestra
649 817 699 835 non
723 808 756 835 sit
777 808 804 834 in
825 807 956 842 sapientia
976 807 1060 834 homi-

264 863 344 887 num,
372 855 417 882 sed
442 855 471 881 in
497 853 592 881 virtute
616 854 665 881 Dei
683 855 704 881 '.
727 854 840 889 i‘ropter
865 854 936 889 quod
959 853 998 880 ait
1020 854 1059 881 le-

265 901 378 936 gislator
394 911 400 928 ε

299 946 385 981 Super
401 946 490 973 altare
503 954 563 974 vero
578 954 629 973 non
645 947 813 980 imponentur
827 946 853 973 in
869 947 975 973 odor-em
992 953 1056 972 sua-

264 993 363 1020 vitatis.
386 992 418 1019 Et
438 1000 500 1019 eum
520 992 616 1019 liceret
635 991 686 1019 dici
706 1000 760 1018 non
777 995 927 1026 ponuntur,
940 997 995 1017 non
1009 997 1058 1024 po-

263 1043 365 1066 nentur
383 1039 462 1069 dixit,
488 1037 636 1065 ostendens
659 1037 733 1072 quia,
760 1037 811 1064 etsi
839 1045 888 1064 nos
909 1035 1059 1064 tentaveri—

264 1094 326 1113 mus
345 1086 379 1114 de
402 1085 588 1112 exterioribus
611 1083 761 1110 divinitatis
782 1082 895 1118 adipisci
919 1082 1056 1113 notitiam,

263 1133 296 1160 ad
318 1132 403 1159 altare
426 1131 471 1158 Dei
498 1130 551 1158 tale
577 1130 629 1156 hoc
652 1129 815 1156 sacriﬁcium
844 1136 899 1155 non
925 1125 1057 1159 ascendit,

263 1187 315 1207 nec
340 1179 410 1206 odor
435 1178 465 1205 iit
492 1176 637 1204 suavitatis
663 1175 788 1208 Domino,
813 1175 859 1202 δα]
882 1174 1059 1201 inferioribus

263 1225 411 1260 deputatur
425 1223 478 1251 tale
493 1222 667 1253 sacriﬁcium,
683 1227 724 1254 et,
738 1225 832 1255 utpote
847 1220 919 1255 quod
930 1219 965 1247 de
986 1224 1057 1246 terra

264 1271 347 1297 habet
363 1268 580 1300 subsistentiam,
594 1268 627 1295 ad
643 1272 743 1294 terram
758 1267 931 1302 deprimitur.

300 1315 384 1343 Vsus.
407 1315 451 1342 13.
479 1323 488 1339 ι
508 1313 648 1349 Quidquid
674 1313 806 1340 obtuleris
833 1312 976 1344 sacriﬁcii,
1003 1312 1059 1338 sale

265 1362 387 1394 eondiesl
404 1368 456 1388 nec
478 1360 587 1387 auferes
603 1360 642 1386 sal
659 1359 770 1386 foederis
787 1358 832 1385 Dei
854 1358 892 1384 tui
918 1358 951 1385 de
973 1358 1059 1385 sacri-

265 1408 329 1436 ilcio
352 1412 409 1435 tuo.
428 1407 457 1434 ln
472 1407 546 1434 omni
562 1406 700 1434 oblatione
714 1405 815 1433 otl‘eres
829 1405 878 1432 sal.
897 1414 906 1431 ι

300 1453 397 1482 Cernis
423 1453 486 1488 quia
511 1452 546 1480 de
572 1453 627 1479 Deo
655 1452 797 1486 loquentes
821 1459 874 1477 non
900 1450 957 1477 vult
978 1450 1059 1476 nimis

264 1501 391 1529 exteriori
405 1500 443 1528 uti
458 1499 604 1534 sapientia,
623 1499 670 1526 Sed
696 1497 855 1533 apostolica,
870 1497 903 1524 de
919 1504 971 1532 qua
987 1496 1058 1523 l’au-

264 1548 308 1576 lus
326 1547 410 1575 dicit:
424 1545 590 1581 Sapientiam
617 1545 750 1581 loquimur
770 1545 838 1571 iutcr
860 1543 996 1579 perfectos,
1012 1551 1058 1569 so—
1073 1566 1094 1594 C

265 1593 392 1629 pientiam
410 1597 498 1619 autent
517 1599 568 1618 non
585 1590 677 1618 mundi
699 1590 790 1625 hujus,
805 1597 887 1622 neque
910 1589 1059 1624 principum

267 1639 358 1667 mundi
373 1638 462 1674 hujus,
478 1638 524 1673 qui
539 1637 722 1668 destruantur,
745 1636 790 1663 sed
806 1635 938 1669 loquimur
955 1634 1001 1661 Dei
1016 1643 1060 1661 sa-

267 1685 406 1720 pientiam,
424 1685 451 1711 in
466 1683 590 1718 mysterio
609 1682 801 1713 absconditam,
823 1689 904 1716 quam
923 1680 1060 1715 pra'desti—

267 1730 340 1757 nouit
366 1728 436 1756 Deus
461 1732 523 1755 ante
545 1727 643 1755 swcula
663 1727 698 1754 ad
718 1727 831 1763 gloriam
855 1731 972 1753 nostram
987 1726 1006 1752 ".
1028 1726 1061 1752 Et

268 1777 341 1804 unde
356 1780 398 1804 est.
418 1779 535 1806 certum,
552 1773 631 1803 dicis,
647 1773 710 1808 quia
724 1773 762 1800 sal
778 1781 826 1808 pro
845 1773 993 1808 apostolica
1015 1779 1059 1799 sa-

267 1823 371 1859 pientia
393 1821 477 1849 dixit?
502 1821 585 1848 Plane
607 1821 659 1848 hoc
679 1820 758 1847 nobis
777 1819 908 1847 Dominus
927 1818 1058 1850 ostendit,

268 1869 363 1897 dicens
385 1867 515 1903 apostolis
531 1875 537 1894 :
556 1865 604 1893 Vos
627 1865 687 1892 estis
704 1865 746 1892 sal
765 1869 858 1897 terrm;
873 1865 895 1892 si
916 1868 1002 1891 autem
1018 1863 1061 1890 sal

268 1915 414 1946 euamterit,
427 1914 462 1940 ad
480 1913 592 1940 nihilum
612 1911 708 1939 ualebit
724 1911 805 1942 ultra,
824 1911 874 1938 nisi
888 1916 916 1938 ut
937 1911 1060 1938 mittatur

268 1962 350 1997 foras,
361 1965 386 1988 et
398 1958 564 1987 conculcetur
574 1958 606 1985 ab
616 1957 764 1985 hominibus
774 1957 794 1983 ⁸.
810 1956 956 1992 Propterea
967 1961 1058 1984 autem

268 2007 308 2035 sal
332 2005 508 2042 apostolicam
534 2005 699 2040 sapientiam
722 2004 879 2039 appellavit,
903 2004 968 2039 quia
989 2004 1060 2030 sicut

267 2051 358 2079 omnis
377 2050 454 2078 cibus
475 2049 508 2077 ad
524 2049 702 2078 nutriendum
718 2053 801 2084 aptus
827 2048 984 2076 omnimodo
1003 2048 1060 2076 sale

267 2098 396 2125 conditur
412 2118 419 2130 ,
437 2096 473 2124 ita
489 2101 517 2124 et
533 2095 623 2123 omnis
645 2103 735 2123 sermo
750 2095 825 2122 utilis
843 2094 877 2122 ad
896 2094 1058 2129 iuvandum,

268 2142 425 2178 apostolicae
440 2141 599 2169 omnimodo
612 2141 798 2168 necessarium
818 2140 901 2168 habet
920 2140 1060 2175 sapientia:

267 2188 486 2216 condimentum.
506 2186 654 2222 Propterea
672 2194 728 2214 non
751 2187 848 2214 abesse
874 2187 913 2214 sal
936 2194 952 2214 a
975 2186 1060 2214 sacri-

1111 262 1251 295 apostolici
1267 270 1436 297 prmmonere
1450 270 1502 290 nos
1516 263 1652 298 legislator
1668 263 1735 292 vult.

1146 306 1227 334 Vsus.
1246 308 1291 335 16.
1309 318 1318 333 ι
1337 308 1385 335 Sin
1410 313 1502 335 autent
1525 308 1659 336 obtuleris
1682 317 1782 336 munus
1806 309 1900 344 primi-

1112 352 1210 380 tiarum
1237 354 1343 389 frugum
1364 359 1470 382 tuarum
1499 354 1624 386 Domino,
1651 355 1684 382 de
1709 355 1791 389 spicis
1812 356 1901 382 adhuc

1111 399 1261 427 virentibus
1283 401 1400 427 torrebis
1419 408 1464 427 eas
1487 400 1564 436 igni:
1579 406 1607 428 et
1627 401 1783 436 confrinch
1801 409 1849 428 eas
1875 403 1901 428 iu

1109 453 1214 472 morem
1241 446 1330 477 farris.
1344 452 1371 473 et
1385 447 1425 474 sic
1439 446 1539 474 oil‘eres
1552 447 1686 482 primitias
1698 451 1759 474 tuas
1774 447 1901 477 Domino.

1111 491 1228 519 fundens
1246 499 1328 526 super
1349 499 1381 519 ea
1404 492 1505 523 oleum.
1521 497 1547 519 et
1569 492 1632 519 thus
1656 492 1813 527 imponens,
1838 493 1901 527 quia

1110 538 1212 565 oblatio
1227 537 1333 565 Domini
1348 543 1399 570 est,
1413 539 1446 565 de
1458 546 1510 573 qua
1526 537 1646 565 ndolebit
1659 538 1788 570 sacerdos
1802 538 1828 565 in
1842 547 1900 565 me-

1111 584 1225 610 moriam
1252 584 1385 614 numeris,
1404 589 1508 618 partem
1529 584 1610 611 farris
1634 584 1713 611 fracti
1729 589 1758 612 et
1781 585 1844 617 olei,
1870 592 1902 611 ne

1112 633 1197 655 totum
1213 629 1287 656 thus.
1305 638 1312 654 ι

1147 673 1206 701 Non
1220 675 1308 702 solum
1330 675 1454 710 praecipit
1476 674 1522 702 Dei
1548 675 1673 702 notitiam
1692 676 1750 703 sive
1760 675 1901 704 scientiam

1110 727 1159 747 eos
1170 720 1271 748 oiierre
1290 720 1337 755 qui
1363 721 1389 747 in
1410 720 1505 747 eadem
1524 720 1638 748 scientia
1657 721 1772 747 multum
1795 726 1903 756 tempus

1111 771 1330 801 permanserunt.
1355 766 1403 794 sed
1425 771 1453 794 et
1475 766 1638 794 inchoantes
1659 766 1732 793 illam
1746 767 1834 802 qualis
1851 767 1904 794 fuit

1112 810 1211 838 Paulus
1234 819 1241 837 :
1264 818 1326 838 mox
1355 810 1428 838 enim
1454 814 1484 837 ut
1511 816 1623 838 vocatus
1651 815 1710 843 est,
1734 811 1901 845 praedicarit.

1111 855 1226 892 Propter
1235 857 1308 892 quod
1329 857 1377 888 sic.
1391 865 1450 891 qua:
1465 864 1541 884 nunc
1555 857 1693 887 dicuntur.
1708 857 1902 893 intelligamus.

1074 889 1096 918 Β
1111 889 1269 928 Primitivus
1294 900 1349 927 Deo
1370 889 1413 928 est
1440 900 1462 927 is
1483 899 1529 934 qui
1553 900 1660 927 noviter
1677 901 1761 935 coepit
1780 889 1901 931 credere,

1109 951 1136 974 et
1154 947 1200 981 qui
1222 947 1248 974 ei
1275 947 1380 974 nullum
1407 946 1512 981 pridem
1538 946 1638 974 divinae
1659 946 1782 974 scientia
1804 947 1903 974 obtulit

1109 991 1240 1020 fructum.
1263 991 1290 1019 Si
1313 999 1379 1028 ergo
1403 992 1428 1019 ei
1455 991 1620 1019 sacriﬁcium
1641 992 1715 1019 verbi
1739 992 1786 1019 Dei
1809 992 1903 1020 oderi—

1109 1046 1181 1071 mus,
1197 1038 1341 1066 scientiam
1368 1039 1428 1073 ejus
1451 1038 1560 1066 noviter
1579 1038 1752 1070 inchoantes,
1769 1042 1798 1065 et
1811 1039 1903 1066 viren-

1109 1085 1145 1111 tia
1170 1084 1292 1120 quidem.
1308 1089 1339 1112 ut
1364 1084 1472 1112 novitcr
1496 1084 1560 1120 quid
1584 1084 1723 1112 discentes
1745 1089 1775 1112 et
1796 1085 1904 1112 noriter

1110 1132 1294 1166 percipientes
1310 1132 1492 1159 obtulerimus
1509 1140 1515 1157 :
1532 1131 1661 1166 quoniam
1677 1131 1795 1159 necdum
1815 1132 1903 1159 subti-

1109 1179 1171 1206 liter
1187 1179 1248 1213 ejus
1273 1178 1397 1212 proferre
1421 1179 1549 1213 mysteria
1569 1178 1714 1213 cmpimus,
1736 1183 1766 1205 ut
1786 1178 1901 1205 farinam

1110 1223 1267 1254 offeramus,
1285 1227 1333 1251 aut
1349 1224 1478 1255 similam,
1495 1223 1681 1251 necessarium
1700 1228 1742 1252 est
1767 1229 1797 1252 ut
1811 1224 1903 1252 viren~

1110 1269 1146 1296 tia
1156 1273 1184 1297 ct
1194 1269 1296 1296 torrida
1310 1274 1392 1304 atque
1405 1268 1553 1299 confracta.
1566 1269 1620 1300 vel,
1633 1269 1704 1296 sicut
1714 1268 1784 1296 LXX
1796 1269 1902 1300 dicunt,

1110 1321 1140 1342 ut
1154 1315 1275 1342 recentia
1304 1315 1392 1345 fricta.
1410 1320 1516 1341 matura
1532 1315 1615 1341 fracta
1630 1314 1789 1342 offeramus.
1800 1314 1903 1347 Quem-

1109 1362 1255 1390 admodum
1279 1361 1352 1388 enim
1377 1361 1521 1388 humectos
1544 1361 1658 1392 fruetus,
1679 1365 1707 1387 et
1722 1361 1768 1396 qui
1787 1363 1902 1388 modum

1109 1413 1226 1444 possunt
1251 1408 1328 1440 moli,
1348 1412 1379 1434 ut
1398 1409 1463 1434 fiunt
1492 1407 1577 1434 farina
1603 1411 1651 1434 aut
1674 1407 1773 1439 simila,
1792 1407 1904 1442 quando

1110 1454 1279 1481 voluerimus
1296 1458 1376 1488 aptos
1395 1453 1452 1480 esui
1479 1452 1604 1483 reddere,
1628 1452 1691 1487 igne
1713 1460 1760 1479 eos
1777 1452 1901 1480 confrin-

1110 1504 1216 1536 gentes,
1236 1499 1329 1534 paleas
1346 1505 1453 1527 eorum.
1479 1498 1505 1525 in
1531 1506 1565 1525 eo
1587 1498 1659 1533 quod
1682 1505 1730 1525 eos
1754 1498 1904 1533 frangimus

1111 1553 1272 1581 separamus
1290 1554 1297 1571 :
1312 1545 1352 1572 sic
1370 1545 1527 1580 quicunque
1545 1545 1661 1572 necdum
1677 1544 1817 1571 scientiam
1836 1544 1903 1570 uolu-

1110 1592 1173 1619 dam
1197 1592 1340 1623 habemus,
1360 1598 1410 1618 nec
1436 1590 1562 1617 subtilem
1584 1590 1775 1625 excelsamque
1799 1590 1903 1617 theolo-

1111 1637 1193 1672 giam,
1205 1637 1322 1664 necdum
1339 1636 1414 1663 enim
1429 1636 1501 1663 illam
1516 1636 1673 1663 discernere
1691 1635 1780 1663 idonei
1796 1643 1865 1662 sumi
1879 1643 1902 1665 ε,

1110 1682 1274 1718 spiritalium
1288 1682 1491 1717 Scripturarum
1512 1682 1660 1716 perfectam
1681 1682 1825 1709 scientiam
1849 1690 1903 1709 non

1111 1729 1255 1759 habentes,
1268 1736 1338 1763 opus
1353 1728 1487 1755 habemus
1501 1735 1567 1755 eam
1581 1728 1609 1754 in
1624 1728 1686 1764 igne
1704 1727 1815 1763 spiritus
1834 1727 1900 1755 frin-

1111 1782 1186 1810 gere,
1200 1774 1226 1801 id
1241 1778 1283 1801 est
1296 1774 1368 1801 illius
1381 1774 1568 1808 operationem
1581 1778 1608 1801 et
1620 1774 1903 1801 subministrationem

1109 1820 1191 1847 nobis
1213 1820 1400 1850 commodare.
1416 1824 1446 1846 ut
1466 1820 1501 1847 ab
1517 1827 1547 1846 ea
1570 1820 1667 1847 littera:
1684 1820 1776 1855 paleas
1792 1828 1904 1855 separe-

1109 1874 1182 1894 mus.
1200 1867 1241 1894 Ex
1267 1867 1314 1894 illo
1331 1866 1405 1893 enim
1429 1866 1612 1894 sufﬁcientem
1631 1871 1713 1901 atque
1732 1866 1905 1894 celerrima-rt

1110 1913 1156 1941 Dei
1175 1913 1320 1941 scientiam
1344 1913 1558 1948 possidebimus,
1575 1917 1686 1948 propter
1700 1913 1772 1948 quod
1794 1918 1821 1940 et
1843 1920 1904 1940 eant

1110 1959 1290 1994 intelligibilis
1308 1959 1436 1986 sacerdos
1457 1959 1581 1994 suscipit.
1603 1958 1717 1995 Oportet
1737 1963 1829 1986 autem
1854 1966 1904 1985 nos

1110 2006 1311 2042 superfundere
1339 2006 1439 2037 oleum,
1457 2010 1485 2033 et
1505 2006 1730 2041 superimponere
1756 2006 1819 2033 thus
1840 2013 1905 2040 :per

1111 2053 1313 2088 eleemosynam
1327 2052 1429 2087 quippe
1444 2057 1471 2079 et
1483 2052 1636 2079 orationem
1650 2052 1763 2080 scientia
1780 2052 1807 2079 in
1825 2052 1907 2080 nobis

1111 2097 1204 2125 divina
1229 2096 1379 2132 perﬁcitur.
1395 2097 1434 2125 De
1449 2098 1548 2132 quibus
1570 2098 1737 2130 hominibus,
1753 2105 1861 2124 necnon
1878 2102 1905 2124 et

1111 2143 1145 2171 de
1156 2143 1308 2171 memoriali
1322 2143 1394 2178 quod
1407 2151 1490 2179 super
1500 2144 1586 2171 altare
1598 2144 1741 2171 sacerdote
1752 2144 1904 2179 accipiente

1112 2189 1233 2225 ponitur,
1246 2189 1273 2216 in
1284 2189 1472 2224 superioribus
1494 2190 1622 2217 subtilius
1641 2190 1830 2224 exposuimus.
1845 2189 1904 2216 Non

269 2233 349 2266 ﬂeiis,
365 2232 413 2260 sed
426 2233 455 2260 in
468 2232 543 2260 omni
565 2239 680 2260 munere
693 2232 823 2267 praecepit
837 2232 876 2259 sal
890 2231 983 2259 oﬂ’erri
1001 2241 1008 2259 :
1029 2236 1058 2259 ut
1075 2241 1097 2270 ι)
1111 2241 1176 2270 ετεο
1200 2241 1314 2262 necesse
1332 2230 1382 2261 “est
1405 2241 1478 2262 nunc
1503 2234 1701 2269 expositionem
1723 2233 1903 2261 confundere.

268 2277 453 2314 quodcunque
478 2277 615 2310 docueris,
639 2277 822 2312 quodcunque
848 2277 1011 2309 correxeris,
1031 2277 1060 2304 in

267 2330 432 2360 quacunque
447 2323 549 2351 virtute
565 2326 744 2350 conversatus
763 2321 859 2355 fueris,
874 2322 909 2350 ad
928 2322 1060 2357 apostoli-

267 2378 328 2399 cam
346 2369 548 2399 amulationem
563 2373 643 2404 atque
654 2368 833 2396 imitationem
845 2368 968 2403 opercris
983 2389 991 2401 ,
1006 2376 1062 2396 mc-

267 2424 385 2453 morque
408 2416 448 2445 sis
467 2415 545 2444 Pauli
570 2415 708 2443 dicentis:
725 2414 876 2441 lmitatores
898 2414 948 2441 mei
971 2418 1061 2447 estote,

266 2463 334 2490 sicut
354 2466 380 2490 et
401 2469 448 2497 ego
473 2460 572 2494 Christi
588 2461 608 2487 ⁵.
633 2460 668 2488 Et
691 2467 788 2488 rursus
807 2468 814 2487 :
832 2459 901 2495 Ergo
922 2459 982 2494 jam
1007 2467 1061 2487 non

266 2508 329 2537 suis
352 2508 461 2537 aduente
483 2511 509 2534 et
527 2507 651 2542 hospites.
669 2506 716 2534 sed
740 2506 803 2533 estis
820 2506 887 2533 cities
907 2511 1059 2534 sanctorum

267 2559 293 2581 et
308 2554 446 2581 domestici
468 2553 527 2586 Dei,
542 2552 748 2588 supertcdiﬁcati
761 2559 840 2586 super
857 2552 1058 2587 fundamentum

267 2600 450 2636 apostolorum
469 2604 494 2627 et
518 2599 720 2635 prophetarum,
733 2599 790 2634 ipso
807 2606 909 2626 tumulo
933 2598 1059 2634 angulari

268 2646 357 2683 lapide
373 2645 478 2674 Christo
497 2645 558 2672 Jesu
574 2645 607 2672 ι’.
621 2644 691 2679 Quia
713 2650 804 2672 autem
823 2652 878 2672 non
901 2644 1060 2680 simpliciter

267 2693 398 2726 uldixit,
413 2693 462 2720 sed
478 2692 544 2720 illud
560 2691 742 2727 iutelligibile,
758 2691 894 2727 lcgislator
909 2691 1017 2719 innuit:

302 2738 363 2767 Non
387 2738 492 2774 auferes
511 2737 564 2769 sal,
579 2737 677 2772 inquit,
694 2737 797 2772 {aderis
814 2736 861 2763 Dei
877 2737 925 2764 tui.
941 2736 1019 2770 Quod
1038 2738 1060 2764 si

266 2785 357 2815 foedus
369 2786 427 2814 sive
445 2788 637 2814 testamentum
652 2783 785 2811 rationale
797 2788 850 2816 est,
870 2783 963 2819 utique
977 2789 1005 2812 et
1022 2785 1061 2812 sal

268 2898 277 2920 |
311 2853 402 2919 i'ghct.
424 2854 548 2888 "11,28.
597 2853 608 2870 ⁸
621 2853 631 2881 1
643 2852 707 2880 Cor.
726 2861 746 2887 ι,
765 2853 808 2880 ll.

280 2899 299 2920 Ι¹
346 2912 351 2916 .

280 2899 299 2924 Ι,
311 2899 351 2919 ιν.

856 2852 966 2882 7|Cor.
993 2863 1021 2888 ιι,
1049 2858 1075 2888 u,
1104 2857 1130 2884 7.

1110 2280 1179 2314 Quia
1197 2281 1272 2308 enim
1298 2281 1375 2316 fricta
1400 2285 1519 2312 motura.
1541 2281 1694 2308 secundum
1718 2280 1800 2309 LXX.
1817 2281 1905 2315 fracta

1109 2329 1193 2358 sunt,
1210 2333 1242 2353 ea
1255 2333 1316 2360 qua:
1333 2325 1395 2361 igne
1415 2325 1494 2352 fricta
1516 2329 1590 2357 sunt,
1611 2325 1708 2360 reliqui
1741 2325 1906 2360 interpretes

1111 2371 1291 2400 Hebrreornm
1308 2372 1458 2407 explanant
1475 2379 1526 2407 pro
1547 2379 1590 2405 eo,
1606 2371 1673 2399 frixa
1691 2377 1795 2398 matura
1813 2372 1884 2398 facta
1898 2392 1905 2401 .

1113 2417 1183 2452 [riu
1200 2417 1229 2444 in
1243 2417 1303 2452 igne
1319 2417 1411 2444 mollia
1428 2417 1585 2445 ediderunt.

1412 2495 1526 2524 CAPUT
1546 2495 1590 2524 Ill.

1151 2553 1230 2581 Vnus.
1249 2553 1308 2581 1-5.
1332 2563 1340 2579 ι
1361 2552 1439 2587 Quod
1465 2555 1488 2582 si
1513 2554 1601 2582 hostia
1620 2554 1797 2590 paeilieomrn
1825 2555 1908 2583 fuerit

1114 2599 1175 2634 eius
1194 2599 1308 2631 oblatio,
1326 2604 1352 2626 et
1377 2599 1411 2627 de
1434 2599 1523 2627 bobus
1541 2600 1660 2627 voluerit
1672 2599 1783 2633 υκαι-ε,
1802 2607 1908 2628 marem

1114 2647 1173 2674 sive
1194 2645 1324 2676 feminam
1337 2645 1542 2674 immaculatum
1556 2646 1654 2674 oﬁeret
1667 2654 1759 2674 coram
1771 2646 1901 2677 Domino.

1114 2697 1251 2727 ponetque
1276 2699 1388 2718 manum
1411 2699 1494 2726 super
1514 2696 1597 2726 caput
1621 2691 1739 2719 victima:
1759 2699 1827 2723 suae,
1847 2698 1909 2726 qua

1115 2736 1301 2765 immolabitur
1327 2735 1354 2762 in
1382 2735 1495 2763 introitu
1522 2736 1691 2764 tabemacnli
1712 2746 1718 2763 :
1739 2736 1909 2771 fundentuue

1114 2784 1161 2812 ﬁlii
1188 2784 1280 2811 Aaron
1308 2781 1459 2810 sacerdotis
1491 2783 1654 2819 sanguinem
1683 2790 1733 2818 per
1760 2783 1910 2810 circuitum

1179 2854 1190 2869 ⁸
1206 2852 1300 2880 Matth.
1325 2861 1349 2885 γ,
1373 2852 1415 2885 i3,
1467 2852 1497 2880 ⁸1
1518 2853 1583 2881 τῖον.
1612 2862 1649 2887 ιτ,
1671 2853 1715 2881 i6.
1765 2853 1786 2869 '°
1805 2852 1907 2887 Ephes.
