2052 3150
167 167 220 200 813

744 165 785 195 ΙΝ
804 161 1022 193 ιΕνΙΤιυυΜ.
1042 174 1076 180 --
1098 161 1172 192 ιω.
1194 162 1216 193 Ι.

1739 162 1792 198 δη

166 228 271 260 altaris;
288 234 316 256 et
335 227 452 255 olerent
474 227 507 254 do
532 226 618 253 hostia
640 224 815 259 paciﬁcorum
835 222 863 248 in
876 221 952 247 obla-
969 222 989 249 Α
1004 218 1072 246 ﬁciis
1109 220 1356 247 holocautomatuui
1396 222 1563 251 sumcienter
1603 224 1790 254 discussimun.

168 275 270 302 tionem
299 274 415 302 Domino
440 273 574 307 :adipem
606 271 653 306 qui
684 271 772 305 operit
798 268 900 299 vitalia,
930 271 958 294 et

167 319 299 355 quidquid
317 319 490 355 pinguedinis
507 317 672 345 intrinsecus
688 319 730 343 est
745 324 751 342 :
772 315 841 342 duos
866 320 956 346 renes,

168 371 230 391 cum
250 364 331 400 adipe
349 371 404 399 quo
429 367 557 398 teguntur
572 362 630 393 ilia;
648 366 677 388 et
695 360 837 388 reticulum
856 357 957 393 iecoris

169 417 232 437 eum
253 410 412 438 ranunculis
429 418 438 436 :
456 409 659 442 adolebuntque
677 414 708 434 ea
727 413 810 441 super
827 405 912 432 altare
928 403 957 430 in

170 457 369 486 holocaustum.
392 456 471 492 lignis
490 455 552 491 igne
570 453 723 488 supposito,
745 453 772 478 in
791 450 957 479 oblationem

168 502 327 530 suavissimi
345 502 439 529 odoris
453 500 580 528 Domino.
599 509 610 525 ι

203 549 290 576 Recte
309 547 393 575 David
410 546 543 582 propheta
558 545 691 580 psallebat
709 552 715 570 :
736 543 795 570 Viae
816 547 886 574 tuas,
902 541 958 568 Do-

168 594 248 624 mine,
267 594 416 620 demonstra
440 591 514 623 milii,
530 595 554 617 et
575 590 683 623 semitas
706 594 766 616 tuas
780 589 856 616 edoce
870 597 910 614 nte
924 588 956 614 ¹¹.

167 638 304 671 Quoniam
325 637 552 665 conversationes
565 635 637 663 Deus
655 635 811 662 hominibus
827 634 957 662 diﬁ‘eren-

168 687 210 710 tes
235 691 285 718 per
308 683 395 718 legem
415 683 516 714 sanxit,
533 686 560 709 ct
578 681 606 708 in
629 681 740 708 modum
760 680 892 707 scalarum
908 680 960 706 vir-

168 734 242 756 tutes
257 729 404 761 ordinavit,
425 733 455 755 ut
469 728 514 755 alii
534 727 647 763 quidem
670 727 765 754 liceret
779 733 875 754 omnes
889 733 959 753 asse-

168 775 228 808 qui,
241 774 288 801 alii
304 779 395 801 autem
416 773 558 808 quasdam,
573 777 602 800 ut
616 780 723 800 sursum
739 776 829 799 tamen
844 771 958 806 quisque

167 821 358 848 sublevaretur
372 828 387 847 a
404 824 477 847 terra
488 828 494 845 :
504 819 555 846 hoc
566 819 666 854 quippe
676 817 861 845 etdiﬁ'erentia
873 817 958 844 sacri-

170 866 296 894 ﬁciorum
325 865 504 900 signiﬁcabat.
530 864 597 892 Nam
622 865 667 892 hic
689 864 798 899 quidem
822 864 856 891 de
878 863 958 891 nobis

170 898 362 940 holocaustum
376 911 485 943 oﬂeret,
500 915 585 938 totum
601 898 777 945 semetipsum
791 910 846 938 Deo
858 910 957 937 offerre
973 898 995 926 Β

169 958 277 990 volens,
303 962 332 984 et
355 957 426 985 sicut
446 957 547 984 Paulus
571 956 680 984 dicebat
695 965 702 983 :
720 957 822 984 Christo
843 957 959 991 conﬁxus

168 1011 229 1030 sum
255 1003 329 1029 cruci
346 1002 378 1030 ¹¹.
409 1002 484 1029 Alter
512 1001 675 1029 sacriﬁcium
700 1002 874 1037 paciﬁcorum
902 1002 960 1030 sive

168 1049 309 1080 salutare,
333 1047 380 1083 qui
408 1047 546 1075 desiderat
573 1046 699 1078 salutem,
725 1048 776 1074 etsi
803 1055 856 1074 non
872 1051 960 1082 potest

169 1095 254 1122 nimis
275 1094 432 1121 sublimiter
448 1093 606 1120 conversari
628 1102 634 1118 :
651 1100 715 1120 nam
733 1097 761 1120 et
775 1093 796 1120 si
815 1101 870 1120 non
889 1093 960 1120 valet

169 1142 355 1177 virginitatem
380 1141 516 1176 quispiam
546 1141 688 1174 consequi.
710 1140 738 1167 in
767 1144 841 1167 casto
868 1145 959 1167 autem

170 1189 299 1224 eonjugio
319 1193 509 1218 conversetur,
534 1187 641 1214 veniam
661 1186 776 1221 percipit
796 1194 811 1214 a
834 1187 958 1219 Domino,

167 1235 217 1270 qui
230 1234 317 1261 dixit:
334 1233 394 1260 Non
411 1241 500 1260 omnes
511 1233 620 1266 capiunt
637 1232 741 1259 verbum
753 1233 792 1264 “,
805 1233 912 1267 quando
927 1233 960 1260 de

172 1280 329 1315 virginitate
353 1278 485 1314 apostolis
509 1278 672 1313 exponebat.
698 1278 752 1306 Sed
775 1283 866 1306 tamen
889 1279 960 1305 inter

168 1334 219 1352 eos
230 1325 278 1360 qui
291 1324 432 1351 salvantur
444 1324 600 1351 necessarie
612 1324 784 1351 ordinantur.
799 1323 857 1351 Hoc
872 1324 959 1358 ipsum

167 1376 264 1399 autem
285 1376 310 1398 et
326 1371 361 1398 de
379 1374 536 1405 contemptu
553 1377 654 1402 rerum,
669 1375 696 1397 et
708 1370 741 1397 de
751 1370 866 1405 iustitia,
884 1375 911 1397 et
926 1371 959 1397 de

168 1417 233 1444 cibo
253 1425 317 1445 cum
339 1417 487 1452 gratiarum
511 1417 629 1446 actione.
646 1417 709 1451 quia
729 1424 843 1452 magnus
857 1416 959 1451 estqui

168 1469 280 1497 magna,
296 1466 325 1488 et
337 1469 448 1496 parvus,
463 1469 518 1488 non
539 1465 628 1488 tamen
642 1461 784 1492 minimus,
801 1461 847 1496 qui
863 1462 958 1488 saltem

171 1507 321 1544 niediocria
335 1507 464 1542 consequi
479 1511 578 1542 potest.
594 1505 629 1533 Ut
643 1506 806 1541 probaretur
818 1514 882 1541 ergo
896 1506 958 1540 quia

169 1553 234 1580 duae
254 1553 493 1580 conversationum
514 1551 620 1587 species
643 1556 708 1578 sunt
729 1552 762 1578 ad
786 1551 958 1586 justiﬁcatio-
972 1569 993 1597 α

172 1606 236 1625 nem
263 1599 417 1631 hominum,
438 1598 506 1626 duas
533 1597 727 1625 sacriﬁciorum
748 1602 958 1632 spontaneorum

172 1644 349 1672 deﬁnitiones
363 1644 457 1678 posuit
470 1652 478 1676 ;
495 1643 532 1670 ait
547 1643 620 1670 enim
632 1644 660 1670 in
673 1643 742 1670 libro
754 1643 836 1669 Exodi
851 1651 860 1669 ς
874 1642 964 1668 Allarc

171 1691 206 1717 de
224 1695 296 1717 terra
313 1691 417 1726 facietis
437 1689 511 1721 mihi,
527 1694 551 1716 et
572 1689 742 1716 immolabitir
756 1696 834 1722 super
850 1696 879 1714 eo
895 1688 964 1714 Ιιοιο-

170 1741 328 1763 ταυωηιαΐα
363 1741 387 1763 et
400 1736 513 1770 paciﬁca
535 1740 631 1768 vestra,
647 1743 705 1762 oves
727 1739 825 1761 vestra:
839 1739 863 1761 et
878 1733 961 1760 boves.

172 1782 206 1809 Ιιι
217 1783 288 1809 omni
297 1782 356 1809 loco
370 1782 399 1808 in
414 1790 465 1817 quo
479 1783 645 1808 nominatum
662 1781 741 1816 fuerit
761 1789 853 1807 nomen
865 1787 962 1812 meum,

171 1828 278 1854 ueniam
287 1828 323 1854 ad
334 1833 369 1859 te,
379 1827 561 1854 “benedictio:
573 1827 619 1853 tibi
632 1827 664 1853 “.
677 1826 708 1852 Et
716 1826 845 1861 praecepit
853 1826 963 1861 quidem

173 1873 350 1908 paciﬁcorum
366 1873 564 1903 holocaustum,
577 1872 713 1900 subinfert
724 1876 814 1900 autem
829 1881 835 1898 π
852 1871 884 1898 Et
895 1872 965 1906 paci-

170 1918 237 1953 ﬁca,
250 1918 323 1946 velut
332 1918 444 1945 secundi
453 1917 556 1945 ordinis
564 1917 715 1944 etvirtutis.
733 1916 893 1951 Quicunque
901 1924 965 1952 ergo

172 1964 263 1991 solum
279 1963 330 1991 sibi
347 1964 399 1991 hoc
413 1968 493 1998 putat
500 1962 623 1990 sufﬁcere
637 1962 659 1989 si
672 1962 802 1994 salvetur,
818 1962 840 1989 is
855 1962 963 1996 quidem

174 2011 210 2038 de
231 2010 320 2037 bobus
335 2009 431 2036 offeret
455 2009 526 2040 (esse
541 2013 630 2035 autem
659 2008 753 2035 bovem
777 2007 892 2034 diximus
918 2015 965 2034 eos

172 2055 222 2090 qui
247 2055 319 2081 circa
343 2054 446 2088 agenda
463 2061 495 2081 ea
510 2061 570 2088 quae
590 2053 657 2088 legis
681 2055 746 2080 sunt
768 2051 886 2087 vacant),
907 2052 966 2079 sive

175 2100 338 2131 masculum,
354 2099 411 2126 sive
425 2099 565 2131 feminam,
579 2098 781 2126 immaculatum
803 2102 891 2125 tamen
904 2105 965 2124 mu—

175 2152 228 2172 nus
240 2144 347 2172 oﬁ‘erat.
363 2144 495 2179 Equidem
514 2152 576 2171 enm
590 2143 636 2178 qui
653 2143 842 2171 holocaustum
858 2143 964 2175 oﬁ'eret,

175 2198 231 2217 non
250 2190 381 2225 prmcepil.
403 2190 503 2217 oﬁcrre
532 2189 673 2222 feminam,
699 2197 867 2224 nequaquam
886 2189 965 2217 femi-

175 2244 238 2263 nam
276 2236 387 2271 privans
415 2237 450 2264 ab
478 2236 634 2271 huiusmodi
663 2236 884 2271 conversatione.
916 2236 963 2264 Sed
979 2243 1002 2274 υ

175 2281 322 2308 ostendens
343 2281 406 2316 quia
427 2281 546 2316 perfecta
568 2289 675 2316 sapere,
700 2283 809 2317 proprie
841 2282 962 2309 virorum

175 2330 227 2353 est.
244 2325 321 2358 Quod
340 2326 392 2353 etsi
414 2327 511 2354 mulier
535 2327 593 2355 haec
606 2327 709 2362 sapiat,
726 2327 767 2355 vir
782 2327 850 2359 haec,
869 2331 963 2362 utpote

176 2373 263 2405 tortis,
279 2374 469 2409 appellabitur,
492 2374 526 2410 de
547 2381 600 2409 qua
623 2373 750 2402 Solomon
764 2374 852 2401 dixit:
867 2374 961 2402 Mulie-

176 2426 230 2447 rem
245 2420 339 2454 fortem
357 2420 415 2455 quia
431 2420 591 2447 inveniet"?
617 2420 808 2448 demonstrans
826 2420 890 2454 quia
908 2420 963 2448 for-

176 2467 274 2497 titudo,
304 2465 330 2494 id
354 2470 396 2494 est
415 2466 557 2502 perfectio.
583 2466 690 2494 difﬁcile
703 2467 730 2494 in
751 2467 911 2494 mulieribus
926 2467 966 2494 in-

175 2511 296 2539 venitur.
319 2511 499 2538 Paciﬁcorum
522 2515 613 2539 autem
642 2511 816 2543 sacriﬁcium,
842 2510 965 2538 similiter

175 2558 298 2584 \irorum
325 2562 354 2585 et
370 2557 518 2584 mulierum
528 2562 581 2589 est.
593 2561 701 2592 oportet
712 2557 786 2584 enim
802 2561 829 2584 et
838 2557 965 2584 mulieres

175 2607 212 2630 ita
236 2603 342 2635 vivere,
356 2603 428 2631 sicut
438 2608 532 2638 aptum
544 2608 587 2631 est
604 2603 637 2630 ad
655 2603 779 2631 salutem.
811 2603 864 2630 Sed
880 2610 963 2638 quam

173 2650 209 2677 ob
243 2657 302 2677 rem
344 2657 442 2677 manus
462 2651 603 2685 imponere
629 2658 713 2685 super
739 2653 820 2685 caput
847 2649 964 2676 victima:

175 2696 384 2730 pmipiuntur,
401 2700 430 2724 et
446 2696 588 2724 immolare
609 2695 637 2722 in
653 2695 766 2723 introitu
785 2695 962 2726 tabernaculi,

175 2741 392 2778 sanguineaeque
407 2741 523 2769 fundere
539 2742 567 2769 in
588 2741 702 2769 circuitu
717 2741 819 2774 altaris,
836 2742 862 2768 in
879 2742 963 2769 sacri-

212 2843 233 2858 “
252 2842 323 2870 Psal.
335 2851 409 2875 xxw,
423 2842 450 2870 ι.
501 2843 523 2858 ¹¹
540 2842 627 2870 Galat.
640 2851 667 2875 ιι,
685 2843 727 2869 19.

179 2883 218 2909 nt,
233 2877 260 2905 l.
314 2876 336 2894 ι’
349 2877 447 2906 lerem.
463 2885 498 2910 tv,
517 2878 558 2907 l9.
597 2879 617 2894 “‘
633 2877 699 2905 ibid.
749 2878 769 2894 ’θ
785 2876 856 2904 Psal.
877 2878 979 2912 xxv,2.

779 2842 801 2858 ¹³
815 2842 911 2870 Matth.
933 2851 989 2875 xu,
1014 2843 1056 2869 ll.

1007 264 1077 298 Quid
1100 271 1192 293 autem
1217 266 1273 294 Deo
1293 268 1391 295 oﬁerre
1414 268 1448 296 de
1464 277 1515 297 suo
1532 271 1665 298 sacriﬁcio
1683 280 1793 300 necesse

1008 312 1124 339 habeant
1148 313 1194 347 qui
1217 314 1313 340 salvari
1344 315 1447 348 volunt,
1464 316 1517 343 hoc
1531 318 1614 351 quaeri
1630 323 1658 345 et
1669 320 1794 347 considia.

1007 358 1060 384 rari
1077 359 1262 386 necessarium
1281 365 1332 386 est.
1353 359 1478 389 Ollcrunt
1501 363 1573 390 enim
1589 364 1622 391 de
1643 364 1731 393 hostia
1745 374 1792 401 pa-

1007 403 1145 430 cificorum
1162 405 1189 431 in
1205 405 1369 432 oblationem
1389 407 1507 440 Domini,
1523 409 1631 444 adipem
1644 411 1690 446 qui
1705 413 1795 447 operit

1009 449 1107 481 vitalia,
1133 454 1160 476 et
1190 450 1318 485 quidquid
1352 452 1523 487 pinguedinis
1559 455 1723 484 intrinsecus
1740 463 1792 485 est.

1010 493 1068 525 Vel,
1091 495 1163 522 sicut
1186 496 1373 531 Septuaginta,
1385 499 1490 532 adipem
1504 500 1549 535 qui
1562 501 1646 534 aperit
1667 508 1792 537 ventrem,

1008 544 1032 566 et
1056 548 1158 567 omnem
1182 541 1284 575 adipem
1310 543 1355 576 qui
1376 543 1403 570 in
1419 549 1508 571 ventre
1528 551 1564 573 est
1581 565 1589 577 ,
1609 555 1658 581 per
1671 553 1793 576 ventrem

1008 592 1056 612 cor
1070 585 1244 620 signiﬁcans:
1264 587 1324 614 ideo
1342 593 1432 615 autem
1449 591 1570 618 secundo
1583 592 1643 627 ejus
1657 592 1684 619 in
1701 600 1794 628 supra-

1009 630 1079 658 dicta
1110 631 1228 658 editione
1255 633 1414 660 memoriam
1437 634 1514 667 fecit,
1539 637 1603 670 quia
1621 637 1690 664 duas
1713 638 1794 666 habet

1009 677 1188 711 operationes,
1204 679 1275 706 sicut
1290 679 1384 706 dicunt
1397 681 1504 708 medici.
1524 682 1630 710 Etenim
1647 691 1695 718 per
1712 692 1793 712 unam

1009 726 1114 757 partem
1129 723 1212 750 trahit
1228 724 1365 757 alimenta.
1385 729 1456 760 quod
1476 732 1598 755 ventrem
1612 731 1792 765 superiorem.

1009 775 1058 803 per
1071 768 1149 795 aliam
1166 769 1340 803 purgationes
1356 770 1494 803 discernit,
1511 773 1584 807 quod
1609 780 1728 803 ventrem
1751 776 1795 803 in-

1009 813 1136 841 feriorem
1167 819 1274 843 vocante.
1294 815 1384 844 Renes
1405 825 1470 845 vero
1493 820 1630 848 coitalinm
1660 823 1793 850 seminum

1010 863 1074 887 sunt
1091 859 1252 893 ministeria,
1277 861 1379 889 habent
1393 867 1484 890 autem
1498 866 1718 894 communionem
1733 876 1794 895 cum

1010 908 1104 932 ventre
1115 908 1142 931 et
1156 904 1305 933 femoribus
1317 915 1324 934 :
1341 912 1422 941 atque
1435 908 1515 943 hujus
1533 910 1571 936 rei
1589 911 1675 946 gratia
1687 913 1793 948 adipem

1009 950 1136 985 primum,
1153 952 1199 986 qui
1215 959 1297 987 supra
1320 959 1442 980 ventrem
1458 960 1510 987 est,
1535 960 1562 982 et
1574 957 1643 985 duos
1659 965 1749 990 rencs,
1768 963 1796 986 ct

1009 1003 1105 1023 rursus
1123 997 1229 1031 adipem
1248 998 1295 1032 qui
1321 1006 1403 1033 super
1422 1007 1469 1026 eos
1480 1005 1533 1032 est,
1549 1001 1574 1028 id
1590 1007 1642 1035 cst,
1659 1011 1742 1038 super
1757 1004 1795 1031 fc-

1010 1047 1096 1072 mora,
1109 1045 1202 1075 utpote
1215 1049 1275 1076 quae
1291 1042 1378 1070 vicina
1391 1049 1455 1071 sunt
1467 1045 1588 1078 renibus,
1602 1047 1680 1081 jubet
1692 1049 1794 1078 oﬁcrri.

1009 1086 1072 1121 quia
1098 1086 1169 1114 inter
1192 1088 1310 1115 medium
1338 1089 1449 1117 femoris
1469 1095 1499 1117 et
1522 1092 1625 1120 ventris
1645 1101 1727 1121 renes
1751 1095 1795 1122 siti

1009 1136 1084 1159 sunt.
1100 1132 1127 1158 In
1142 1132 1235 1166 iecore
1256 1138 1359 1166 autem,
1377 1135 1401 1161 id
1417 1139 1460 1163 est
1479 1137 1505 1163 in
1523 1137 1619 1172 bcpate
1636 1138 1796 1166 delectatio-

1010 1184 1084 1208 nem.
1100 1178 1158 1205 sive
1172 1179 1421 1214 concupiscentiam
1448 1182 1622 1210 constitutam
1641 1191 1701 1211 esse
1718 1185 1796 1212 dixit.

1010 1222 1087 1250 Unde
1106 1223 1256 1251 secundum
1280 1224 1456 1261 Septuaginta
1482 1227 1589 1261 hepatis
1608 1230 1718 1264 pinnam
1735 1239 1796 1259 cum

1010 1269 1122 1297 renibus
1131 1269 1224 1297 oﬁ'erri
1240 1270 1342 1298 dictum
1356 1277 1407 1305 est,
1423 1278 1516 1308 utpote
1534 1274 1632 1309 hepate
1648 1276 1674 1303 in
1686 1277 1797 1304 renibus

1011 1315 1063 1342 vim
1079 1317 1246 1351 operationis
1256 1326 1312 1345 sua:
1325 1318 1507 1348 ministrante.
1523 1321 1576 1348 Sed
1593 1322 1657 1356 quid
1675 1330 1724 1357 per
1740 1324 1798 1350 lia‘c

1010 1361 1152 1396 signiﬁcat,
1169 1363 1211 1389 vel
1228 1363 1292 1397 quid
1309 1365 1434 1397 sancivit,
1451 1366 1497 1400 qui
1516 1367 1612 1394 salvari
1631 1369 1797 1399 volentibus,

1010 1407 1091 1434 etiam
1113 1416 1185 1435 nunc
1200 1408 1228 1435 in
1247 1409 1382 1443 parabolis
1400 1418 1431 1438 os
1451 1413 1580 1446 aperuit?
1603 1413 1670 1446 Quia
1690 1420 1798 1449 oportet

1011 1454 1137 1485 hostiam,
1153 1454 1179 1481 id
1193 1459 1236 1482 est
1250 1455 1383 1490 primitias
1395 1461 1423 1483 et
1448 1458 1677 1492 holocautomata,
1694 1459 1749 1487 Deo
1764 1462 1798 1488 ab

1011 1499 1053 1526 his
1077 1501 1121 1535 qui
1140 1501 1238 1528 salvari
1252 1502 1357 1534 volunt,
1370 1503 1568 1538 intelligihilem
1584 1505 1702 1540 adipem,
1724 1507 1799 1534 vidc~

1011 1545 1073 1573 licet
1098 1546 1283 1578 desiderium,
1310 1548 1381 1582 quod
1410 1556 1496 1583 grmce
1520 1550 1670 1586 ἐπιθυμίαν
1694 1553 1796 1583 dicunt.

1014 1591 1118 1623 oll‘erri,
1141 1591 1186 1626 qui
1210 1591 1284 1626 prius
1308 1593 1417 1627 quidem
1441 1595 1529 1629 operit
1548 1597 1716 1631 superiores:
1732 1606 1799 1625 vcn—

1015 1639 1093 1667 trem,
1108 1636 1206 1663 deinde
1227 1636 1382 1664 inferiorem
1402 1647 1410 1666 :
1427 1642 1455 1666 ut
1470 1644 1496 1665 et
1511 1639 1539 1666 in
1554 1641 1708 1675 cogitando,
1729 1648 1756 1669 et
1773 1644 1798 1669 in

1015 1681 1162 1716 implendo,
1178 1682 1342 1710 desiderium
1357 1682 1411 1710 Deo
1424 1684 1572 1712 offeramus
1586 1694 1592 1712 :
1607 1692 1714 1721 oportet
1726 1689 1798 1715 enim

1015 1727 1130 1761 proponi
1157 1727 1242 1762 prius.
1266 1732 1294 1755 et
1317 1734 1409 1764 postea
1434 1731 1574 1765 compleri.
1595 1731 1708 1768 Propter
1728 1736 1798 1769 quod

1014 1776 1042 1798 et
1067 1771 1168 1799 Paulus
1186 1773 1310 1800 dicebat:
1336 1773 1386 1806 Qui
1406 1775 1584 1811 episcopatum
1600 1777 1744 1811 desiderat,
1756 1780 1787 1805 bo

1002 1818 1078 1844 "num
1099 1825 1164 1853 opus
1185 1819 1357 1846 deciderat".
1382 1819 1418 1847 De
1433 1821 1479 1848 illo
1497 1822 1599 1857 quippe
1615 1831 1688 1851 nunc
1708 1830 1799 1852 ventri-

1014 1861 1150 1897 iegislator
1178 1864 1306 1898 loquitur.
1330 1865 1364 1892 de
1386 1873 1439 1900 quo
1460 1867 1592 1894 leremias
1610 1868 1714 1903 inquit:
1735 1869 1800 1896 l'en-

1016 1912 1080 1934 trem
1092 1916 1177 1935 meum
1188 1909 1271 1941 doleo,
1281 1916 1395 1938 ventrem
1413 1919 1497 1938 meum
1508 1912 1582 1938 doleo
1591 1913 1622 1938 ”:
1633 1921 1686 1939 non
1702 1913 1799 1940 frustra

1014 1959 1043 1981 et
1057 1955 1113 1989 ipse
1137 1956 1282 1990 dupliciter
1295 1957 1451 1989 nominans,
1467 1959 1514 1986 sed
1533 1964 1562 1986 ut
1585 1959 1720 1994 duplicem
1735 1968 1802 1995 opr-

1016 1997 1129 2028 rationis
1152 2003 1212 2037 ejus
1227 2003 1280 2029 vim
1299 2003 1471 2039 signiﬁcaret.
1487 2005 1526 2032 Ne
1549 2005 1616 2033 forte
1634 2011 1724 2033 autem
1739 2015 1801 2033 cor-

1015 2047 1134 2080 poralem
1181 2049 1368 2076 necessitatem
1411 2051 1589 2077 accusandam
1625 2055 1799 2086 putaremus.

1015 2094 1178 2122 subintulitc
1202 2094 1235 2121 Et
1257 2103 1346 2122 sensus
1364 2096 1450 2122 cordis
1472 2097 1523 2123 mei
1539 2097 1687 2124 conturbati
1697 2097 1800 2125 sunt".

1018 2140 1087 2175 Ergo
1110 2145 1205 2168 \enter
1227 2142 1326 2168 anima:
1337 2149 1385 2169 cor
1399 2147 1451 2175 est,
1473 2142 1500 2169 in
1515 2151 1570 2178 quo
1583 2143 1659 2178 prius
1673 2145 1800 2180 proponi—

1016 2193 1076 2213 mus
1099 2186 1228 2221 quasdam
1255 2186 1393 2220 actiones.
1423 2193 1516 2223 postea
1547 2195 1637 2217 autem
1671 2198 1802 2218 conamur

1017 2232 1140 2268 implere.
1168 2231 1325 2268 Proponere
1347 2241 1413 2269 ergo
1443 2239 1572 2270 appetere
1603 2236 1802 2270 quodammodo

1017 2283 1067 2312 est,
1081 2279 1209 2307 festinare
1226 2284 1316 2307 autem
1331 2279 1473 2315 perﬁcere,
1490 2280 1604 2315 digestio
1621 2281 1712 2308 forsan
1727 2290 1802 2317 quur-

1017 2318 1079 2352 dim
1100 2325 1210 2360 proprie
1230 2324 1346 2352 dicatur.
1361 2325 1482 2358 Quorum
1498 2329 1676 2360 utrorumque
1691 2327 1797 2354 deside

1018 2369 1086 2396 rium
1107 2370 1178 2404 quod
1193 2370 1300 2405 adipem
1318 2370 1455 2402 clamavit.
1471 2378 1584 2398 necesse
1599 2371 1730 2398 habemus
1746 2371 1801 2399 Dc:-

1017 2417 1125 2449 otl'errc,
1145 2422 1175 2444 ut
1196 2417 1265 2444 nihil
1291 2425 1404 2452 pravum
1431 2425 1623 2453 proponamus,
1644 2425 1733 2452 neque
1754 2426 1801 2445 ex-

1014 2464 1146 2503 pleamus.
1167 2463 1239 2490 Bene
1260 2468 1351 2490 autem
1371 2470 1453 2498 super
1469 2467 1592 2490 ventrem
1618 2462 1799 2498 superiorem.

1013 2509 1059 2544 qui
1075 2513 1118 2536 est
1134 2508 1282 2544 appetitus,
1302 2509 1409 2543 adipem
1437 2508 1484 2544 qui
1503 2508 1592 2544 operit
1607 2513 1731 2536 ventrem
1752 2508 1800 2537 ait.

1013 2554 1078 2588 quia
1115 2553 1232 2580 maxima
1259 2560 1321 2588 pars
1344 2552 1472 2580 desiderii
1500 2553 1571 2580 circa
1592 2552 1754 2588 appetitum,
1775 2557 1802 2579 et

1013 2601 1086 2628 circa
1107 2599 1276 2635 propositum
1295 2605 1347 2627 est.
1371 2599 1494 2627 Inferiori
1517 2605 1607 2627 autem
1626 2599 1714 2627 ventri
1732 2599 1799 2626 duos

1017 2655 1096 2676 renes
1121 2647 1272 2682 conjunxit.
1298 2647 1416 2674 diximus
1440 2647 1513 2673 enim
1534 2646 1596 2680 quia
1628 2645 1800 2673 communio-

1016 2704 1078 2724 nem
1100 2703 1180 2723 rcncs
1206 2695 1239 2722 ad
1261 2701 1308 2721 cor
1331 2693 1452 2720 habent:
1478 2694 1548 2720 unde
1569 2692 1650 2720 David
1677 2692 1733 2719 ait:
1752 2692 1801 2720 Ure.

1018 2750 1090 2769 mnu
1114 2749 1183 2768 mea:
1205 2745 1228 2768 ct
1249 2748 1293 2767 cor
1308 2739 1434 2766 meum".
1455 2738 1524 2766 Audi
1545 2738 1645 2766 etenim
1657 2737 1801 2765 Dominum

1097 2842 1118 2862 ἰ*
1130 2841 1214 2869 Exod.
1232 2849 1274 2873 xv,
1288 2839 1333 2867 ‘24.
1373 2840 1395 2855 "
1405 2839 1484 2866 Prov.
1500 2845 1573 2869 xxxi,
1592 2837 1636 2864 to.
1674 2835 1713 2863 "l
1729 2835 1803 2862 Tim.
