2052 3150
239 135 292 168 815

840 131 1022 162 HESYCHII
1048 127 1284 161 PRESBYTER!

1822 130 1876 166 8l6

240 202 291 230 per
304 192 452 221 Jcretniant
467 190 630 226 prophetam
646 190 804 218 dicentem:
825 190 880 226 Ego
898 190 1035 222 Damt'nul,
1052 195 1073 222 Α
1088 189 1144 217 Deo
1157 186 1264 220 oﬁ‘erat,
1280 189 1326 216 sed
1343 194 1371 216 et
1385 197 1399 215 ιι
1411 189 1480 216 mala
1497 189 1545 222 ira,
1560 191 1588 216 et
1606 197 1620 216 a
1639 190 1684 217 tali
1696 189 1878 220 delectatione

239 245 363 268 aeratam
392 238 472 266 corda
504 241 529 264 et
556 237 670 271 probans
696 237 811 264 renes“.
846 236 927 264 Nullo
955 236 1036 264 modo

241 288 333 313 aurem
356 284 478 311 metnbra
501 283 560 311 haec
587 282 729 317 prophetia
754 282 960 317 conjunxisset,
982 281 1036 308 nisi

242 331 315 359 omni
337 330 417 358 modo
440 329 583 364 quidpiam
600 328 640 356 eis
659 336 805 356 commune
822 328 927 360 fuisset,
945 331 1037 354 motus

241 378 314 405 enim
335 376 469 404 irascendi
496 375 524 402 in
546 376 639 407 corde,
654 375 680 402 in
700 375 811 402 renibus
824 378 914 401 autem
933 381 1037 400 memo-

241 425 309 451 riam
332 423 392 458 ejus
413 422 503 458 iacere
526 421 622 449 medici
648 421 752 448 dicunt.
780 420 854 447 Unde
875 421 1037 446 innocentiae

243 468 295 497 sibi
318 467 504 495 testimonium
529 466 677 501 perlubens
691 465 772 492 David
787 475 793 492 :
811 465 909 491 Judica
922 473 971 497 me,
985 464 1036 490 Do-

243 515 323 547 mine,
334 513 459 550 quoniam
472 520 518 547 ego
528 513 554 538 in
567 513 715 539 innocentia
727 520 783 538 mea
798 511 930 546 ingressus
938 510 1035 542 sum",

243 560 291 593 ait,
307 564 335 587 et
354 566 434 586 renes
454 558 508 590 uri,
534 562 616 592 atque
640 565 688 585 cor
707 558 864 592 postulavit,
891 560 982 590 utpote
994 555 1037 582 cui

244 610 358 640 utraque
369 608 494 640 poterant
506 602 692 630 testimonium
711 603 866 637 perhibere.
884 602 912 628 ln
927 602 1038 629 renibus

245 651 303 679 istis
323 651 405 679 etiam
428 649 541 677 seminis
567 656 648 675 causa
670 649 809 681 est,unde
826 653 854 675 et
868 648 1038 674 communio~

246 702 308 722 ncm
332 702 393 722 cum
419 693 569 721 femoribus
599 693 713 725 habere,
734 693 800 727 quia
823 692 873 727 ipsi
897 693 1038 719 coitalibus

246 740 399 768 actionibus
420 739 472 766 vim
494 737 615 773 praebere
630 741 773 773 putantur.
797 737 878 764 Unde
889 736 973 764 Jacob
993 744 1038 771 pa-

247 787 364 814 triarclia
386 785 494 812 diccbat
526 792 533 811 :
562 783 622 810 Non
647 784 729 811 deerit
751 788 880 818 sceptrum
900 783 931 810 de
956 782 1038 815 Juda,

247 840 292 859 nec
307 832 361 858 dux
373 831 404 858 de
417 830 558 866 feruoribus
571 829 657 864 ejus"
667 850 674 862 ,
688 836 737 864 per
748 829 851 856 leniora
866 828 978 856 seminis
991 829 1039 856 de-

247 877 409 905 rivationem
450 884 498 903 seu
529 875 739 903 descensionem
775 875 944 910 signiﬁcans.
976 874 1039 902 Vult

247 929 311 959 ergo
328 927 354 949 et
370 921 525 956 nuptiarum
539 920 704 948 desiderium
715 920 807 948 oﬁ'erri
828 921 893 952 Deo,
912 925 941 947 ut
956 921 1040 955 prolis

247 975 340 1000 causa,
368 975 422 994 non
448 966 635 994 fornicationis
659 967 810 1001 proveniat,
836 972 864 994 et
882 966 1040 994 honorabile

248 1015 282 1040 sit
308 1013 476 1048 coujugium,
490 1016 517 1039 et
537 1017 614 1039 torus
635 1013 836 1040 immaculatus.
866 1013 920 1040 Sed
940 1017 968 1039 et
989 1012 1040 1040 hoc

247 1060 319 1094 quod
335 1060 361 1086 in
382 1059 462 1086 nobis
476 1064 518 1086 est
535 1059 681 1090 irascibile,
703 1060 757 1086 ilco
780 1059 861 1086 debet
876 1059 966 1086 oﬁerri
979 1067 986 1090 ;
1001 1059 1040 1086 sic

247 1104 319 1131 enim
338 1112 393 1130 non
415 1104 450 1131 ad
477 1104 664 1138 operationem
681 1104 796 1138 peccati,
818 1104 865 1130 sed
881 1104 914 1130 ad
932 1104 1040 1130 destru-

247 1150 364 1176 ctionem
378 1150 480 1184 peccati
496 1149 574 1176 irasci
597 1150 758 1183 poterimus,
769 1144 801 1175 iet
818 1149 900 1176 David
918 1149 944 1175 in
958 1149 1039 1176 nobis

247 1195 404 1231 implebitur
439 1195 578 1230 Scriptura
597 1203 606 1221 :
633 1195 794 1226 lrascimiui,
819 1200 843 1221 et
870 1194 950 1221 nolite
979 1203 1038 1228 pee-

247 1250 308 1268 care
319 1242 351 1267 ²³.
370 1241 437 1273 Quia
451 1241 524 1268 enim
537 1245 579 1267 est
594 1240 632 1266 ira
646 1241 757 1274 placens
775 1240 841 1270 Deo.
859 1241 966 1274 quando
985 1248 1039 1267 non

247 1287 281 1314 ad
298 1286 463 1316 nocendum,
479 1285 525 1312 sed
545 1286 577 1312 ad
595 1285 786 1320 corrigendum
808 1286 925 1320 proiicit.
944 1287 1042 1320 probat

248 1337 352 1366 aperte,
372 1331 443 1366 quod
459 1331 575 1366 primunt
589 1331 622 1358 de
639 1330 728 1366 Moyse
746 1331 773 1358 in
791 1331 883 1358 Exodo
900 1332 1038 1364 scribitur,

249 1379 286 1404 ait
303 1377 396 1404 enim:
415 1376 532 1412 Cumque
552 1378 788 1412 appropinquasset
807 1377 841 1404 ad
862 1383 961 1409 castra,
976 1378 1039 1405 vidit

248 1423 370 1454 uitulum,
389 1427 412 1449 et
424 1423 525 1456 choros,
540 1423 676 1457 iratusque
697 1423 772 1450 ualde
789 1423 898 1458 projecit
914 1427 946 1450 de
959 1432 1039 1450 manu

250 1468 364 1500 tubulus,
391 1473 415 1494 et
443 1469 569 1504 confregit
592 1477 637 1495 eas
664 1469 699 1495 ad
724 1469 824 1495 radices
845 1469 950 1501 uiantis,
968 1469 1038 1495 arri-

1085 236 1214 263 mundari
1227 236 1316 263 debet.
1334 234 1479 269 Propterea
1495 236 1569 262 enim
1587 241 1692 263 motum
1709 237 1768 268 ire,
1783 241 1813 265 et
1827 238 1876 266 de-

1087 280 1262 308 lectationum
1286 281 1427 315 primitias,
1445 280 1587 316 ipsumque
1611 285 1698 309 totum
1718 281 1878 318 conjugium

1087 334 1136 362 per
1145 327 1257 362 pinnam
1270 327 1376 362 hepatia
1390 331 1418 354 et
1434 334 1531 354 renum
1545 327 1636 360 oﬁ'ert,
1648 334 1775 364 recteque
1787 334 1879 364 potest

1087 380 1164 400 suam
1184 373 1418 400 conversationem
1440 373 1473 400 ad
1497 381 1647 408 supernum
1662 374 1748 402 altare
1767 375 1878 407 oﬁ'erre,

1087 423 1115 445 et
1127 427 1208 454 super
1224 419 1380 446 holocausta
1395 438 1401 450 ,
1413 424 1441 446 et
1453 427 1535 454 super
1550 419 1620 455 ligna
1636 427 1696 454 qua
1712 425 1778 448 sunt
1794 429 1880 456 super

1088 465 1160 500 igne.
1181 465 1337 492 Secundum
1359 465 1432 491 cnim
1450 465 1576 492 mandata
1603 466 1716 500 spiritus
1728 473 1879 494 conversa-

1088 515 1142 543 tur,
1159 515 1186 538 et
1209 511 1295 539 hostia
1322 511 1435 538 Domino
1459 511 1613 538 suavissimi
1634 512 1725 539 odoris
1750 512 1877 540 eﬂicitur.

1087 555 1179 584 Placet
1201 556 1302 591 quippe
1317 557 1341 583 ei
1364 556 1493 590 perﬁcere
1507 555 1625 583 fructum
1640 564 1694 583 non
1711 557 1798 584 solum
1811 565 1879 585 cen-

1089 602 1226 634 tesimum,
1241 602 1289 629 sed
1303 607 1331 628 et
1345 603 1555 637 sexagesimum,
1572 607 1599 630 et
1610 603 1788 631 tricesimum.

1124 648 1202 674 Vens.
1217 648 1293 674 ϋ-Π.
1310 657 1318 673 ι
1336 647 1364 674 Si
1384 655 1448 674 vero
1463 648 1497 674 de
1515 648 1612 675 ovibus
1628 648 1714 675 fuerit
1729 649 1789 683 ejus
1803 649 1878 675 obla-

1087 697 1136 725 tio,
1161 697 1189 720 et
1211 693 1386 727 paciﬁcorum
1413 693 1516 725 hostia,
1547 693 1606 720 sive
1633 694 1796 724 masculum.
1819 695 1878 722 sive

1089 738 1216 766 fetuinam
1239 739 1379 770 obtulerit,
1408 738 1579 765 immaculata
1600 744 1691 765 erunt.
1719 738 1747 766 Si
1777 747 1878 774 agnum

1089 783 1214 810 obtulerit
1232 791 1322 811 coram
1335 783 1460 815 Domino,
1476 788 1559 818 ponet
1580 791 1690 811 manum
1703 791 1786 819 super
1797 790 1880 819 caput

1090 829 1206 857 victima:
1220 837 1286 862 suae,
1306 837 1366 864 qum
1386 829 1572 857 immolabitur
1592 830 1619 856 in
1639 830 1773 858 vestibulo
1788 831 1879 858 taber—

1091 875 1180 903 naculi
1205 875 1353 902 testimonii
1372 883 1379 902 :
1403 875 1573 909 laudentque
1596 875 1643 902 ﬁlii
1665 875 1754 903 Aaron
1769 877 1882 912 sangui-

1091 929 1152 948 nem
1183 921 1243 956 ejus
1270 929 1320 956 per
1352 921 1446 948 altaris
1469 921 1624 953 circuitum,
1658 926 1686 948 et
1715 921 1833 949 oﬁ‘erent
1846 923 1880 949 de

1090 968 1264 1002 pacilicorum
1290 967 1376 994 hostia
1394 967 1557 995 sacriﬁcium
1580 968 1703 1000 Domino,
1729 967 1837 1002 adipem
1853 973 1881 996 et

1090 1014 1202 1040 caudam
1225 1017 1306 1040 totam
1328 1021 1389 1040 cum
1414 1013 1535 1043 renibus.
1558 1018 1584 1040 et
1601 1014 1804 1048 pinguedinem,
1820 1022 1883 1049 qui!

1090 1059 1176 1094 operit
1193 1064 1325 1090 ventrem,
1340 1064 1420 1093 atque
1431 1059 1556 1085 universa
1571 1058 1674 1089 vitalia,
1690 1064 1717 1086 et
1733 1065 1881 1094 utrumque

1091 1105 1270 1131 reuunculum
1288 1112 1349 1131 cum
1374 1105 1464 1138 adipe,
1480 1105 1527 1139 qui
1548 1109 1590 1131 est
1603 1104 1680 1139 juxta
1702 1105 1757 1137 ilia,
1776 1106 1882 1132 reticu-

1091 1149 1199 1184 lumque
1224 1150 1324 1184 iecoris
1348 1158 1412 1176 cum
1442 1150 1610 1177 ranunculis.
1644 1151 1677 1177 Et
1709 1151 1828 1178 adolebit
1845 1158 1878 1177 ea

1090 1196 1217 1223 sacerdos
1234 1203 1316 1230 super
1335 1195 1421 1222 altare
1450 1196 1478 1222 in
1506 1195 1634 1229 pabulum
1650 1195 1731 1231 ignis,
1759 1200 1787 1223 et
1804 1196 1881 1223 obla-

1091 1240 1172 1267 tionis
1188 1240 1305 1268 Domini.
1318 1239 1345 1267 Si
1363 1247 1443 1275 capra
1458 1240 1538 1267 fuerit
1554 1240 1614 1275 ejus
1626 1241 1740 1274 oblatio,
1757 1245 1786 1268 et
1799 1242 1881 1269 obtu-

1089 1286 1150 1313 ierit
1164 1294 1224 1313 eam
1237 1287 1360 1317 Domino,
1382 1291 1469 1321 ponet
1484 1293 1598 1313 manum
1606 1294 1685 1313 suam
1701 1294 1784 1322 super
1798 1294 1883 1322 caput

1090 1332 1158 1366 ejus.
1184 1331 1390 1366 immolabitque
1418 1339 1478 1358 eam
1509 1332 1536 1358 in
1563 1332 1678 1359 introitu
1708 1333 1881 1361 tabernaculi

1091 1377 1256 1404 testimonii:
1284 1381 1311 1404 et
1330 1377 1446 1404 fundent
1465 1377 1512 1404 ﬁlii
1538 1377 1629 1404 Aaron
1645 1379 1806 1413 sanguinem
1822 1378 1884 1413 ejus

1090 1431 1138 1458 per
1157 1423 1251 1450 altaris
1267 1423 1423 1456 circuitum,
1447 1423 1597 1458 tollentque
1618 1431 1651 1450 ex
1671 1431 1703 1451 ea
1723 1423 1751 1451 in
1774 1428 1884 1459 pastum

1091 1470 1159 1505 ignis
1179 1469 1310 1496 Doniiuici
1330 1469 1449 1504 adipem,
1468 1470 1514 1503 qui
1532 1470 1621 1504 operit
1638 1473 1770 1501 ventrem,
1789 1474 1817 1496 et
1834 1471 1884 1504 qui

250 1515 372 1548 pienarpte
395 1514 504 1540 vitulum
532 1522 608 1549 quem
624 1515 751 1555 fecerunt,
766 1515 917 1546 combussit,
933 1519 956 1541 et
976 1523 1038 1541 con-
1052 1527 1074 1557 ς
1091 1519 1162 1550 teget
1187 1515 1312 1542 universa
1329 1515 1429 1547 vitalia,
1447 1515 1516 1542 duos
1534 1515 1700 1542 renuuculos
1730 1522 1792 1542 cum
1816 1516 1883 1542 reti-

251 1561 321 1586 trivit
335 1568 417 1594 usque
431 1561 465 1586 atl
478 1560 619 1594 pulverem,
636 1569 711 1595 quem
731 1561 827 1595 sparsit
842 1561 869 1586 in
889 1569 988 1596 aquam
1015 1566 1039 1588 et

251 1606 321 1632 dedit
339 1614 371 1632 ex
389 1614 418 1632 eo
442 1611 532 1639 potum
552 1607 614 1640 ﬁliis
628 1605 754 1633 Israel".
768 1606 826 1633 Non
846 1611 935 1634 tamen
955 1607 981 1634 in
999 1607 1040 1634 his

252 1651 435 1686 reprehensus
452 1657 503 1684 est,
525 1653 573 1679 sed
596 1653 654 1680 imo
671 1653 786 1680 multum
805 1653 973 1680 admirabilis
992 1661 1041 1680 ex-

252 1696 321 1723 stitit
342 1704 352 1722 :-
372 1704 404 1723 ex
429 1697 487 1723 zelo
509 1697 582 1724 enim
602 1701 678 1724 tanta
701 1697 741 1724 ira
757 1705 822 1725 usus
835 1702 877 1725 est
893 1698 1040 1733 legislator,

253 1742 315 1776 quia
329 1746 357 1768 et
376 1741 447 1769 Deus
463 1742 543 1769 irasci
557 1743 583 1769 in
601 1743 694 1770 multis
711 1751 795 1770 sactae
811 1744 961 1778 Scriptura:
973 1744 1041 1771 dici-

255 1794 298 1815 tur
319 1788 396 1820 locis,
420 1796 591 1823 nequaquam
615 1794 706 1816 autem
726 1790 759 1817 de
773 1797 807 1817 eo
820 1790 882 1822 hoc,
898 1790 920 1817 si
941 1791 1042 1818 malum

254 1832 360 1865 luisset,
380 1832 527 1860 diceretur.
550 1833 584 1861 Et
604 1834 662 1861 haec
687 1834 797 1868 quidem
825 1834 862 1861 ita
884 1841 914 1862 se
931 1834 1040 1862 habent.

254 1878 323 1912 Quia
342 1884 432 1907 autem
455 1880 483 1906 in
501 1879 601 1915 hepate
623 1881 856 1916 concupiscentiae
872 1881 1043 1916 requiescere

255 1928 394 1959 putantur,
415 1928 559 1960 propterea
581 1926 709 1960 pinnam,
730 1926 757 1953 id
779 1930 832 1957 est,
857 1927 1043 1954 summitatem

254 1971 357 1999 auferri
377 1979 441 2000 cum
460 1972 572 1999 renibus
595 1973 735 2007 praecepit,
750 1977 778 1999 et
795 1972 888 1999 oﬁ'crri
902 1972 937 1999 ad
947 1971 1042 2005 altare,

256 2023 285 2044 ut
300 2017 334 2045 ab
348 2017 421 2045 omni
447 2017 516 2044 mala
531 2018 713 2046 delectatione
730 2018 906 2051 mundemur,
925 2018 1044 2046 scientes

254 2063 317 2097 quia
332 2063 468 2098 primitiva
481 2064 676 2099 cogitationum
690 2069 845 2092 nostrarum
862 2064 916 2092 Deo
933 2071 1044 2092 necesse

259 2109 389 2136 habemus
404 2109 514 2142 oii'crre,
528 2109 730 2137 sanctiﬁcantes
749 2117 799 2145 per
813 2110 1005 2138 delibationem
1016 2113 1045 2137 et

258 2161 387 2182 massam.
400 2154 430 2182 Si
440 2155 513 2182 enim
526 2155 654 2183 delibatio
668 2161 772 2189 sancta,
788 2156 886 2191 inquit,
901 2160 930 2183 et
943 2163 1044 2188 massa,

259 2199 298 2227 sic
320 2200 395 2227 enim
417 2200 444 2227 in
467 2201 545 2228 nobis
559 2201 704 2231 delectatio
717 2201 788 2228 mala
803 2209 858 2228 mn
873 2201 931 2228 ﬁet.
952 2200 1007 2228 Sed
1022 2200 1044 2227 si

259 2245 360 2274 divitiis
374 2246 434 2282 quis
448 2247 608 2279 delectatur,
621 2247 730 2275 divitias
740 2247 852 2282 justitiaa
864 2251 976 2282 quaerat,
988 2247 1045 2274 sive

258 2293 355 2325 salute,
380 2300 440 2320 eam
462 2301 521 2328 qute
543 2297 584 2320 est
608 2293 634 2320 iu
658 2293 857 2328 subjectionem
876 2297 905 2320 et
924 2290 1045 2320 refrena-

259 2340 359 2367 tioncm
375 2340 509 2375 corporis,
521 2340 578 2367 sive
592 2339 729 2375 conjugio,
745 2339 791 2366 illo
802 2339 874 2374 quod
887 2339 914 2366 in
930 2339 1046 2366 ﬁliorum

259 2386 446 2421 procreatione
459 2390 503 2413 est
517 2390 545 2413 ct
558 2386 584 2413 in
602 2385 744 2421 pudicitia.
765 2384 879 2420 Oportet
893 2390 983 2412 autem
996 2391 1047 2412 nos

260 2432 396 2460 reminisci
419 2433 481 2468 quia
499 2440 573 2460 nunc
599 2440 656 2459 non
672 2439 735 2459 eum
749 2431 794 2466 qui
813 2438 842 2459 se
859 2431 1004 2463 cruciﬁxit,
1020 2435 1049 2457 et

259 2477 432 2504 mortiﬁcavit
454 2479 567 2510 mundo,
584 2478 631 2505 sed
656 2485 718 2504 eum
734 2477 779 2511 qui
794 2477 967 2504 mediocriter
983 2484 1050 2504 con-

260 2526 382 2548 versatur
395 2522 551 2558 ,legislator
575 2522 728 2557 descripsit.
746 2522 823 2550 Unde
845 2522 906 2557 ejus
924 2527 952 2550 et
970 2530 1049 2550 renes

259 2566 353 2594 oiferri
372 2567 460 2603 jubet,
476 2568 624 2596 ostendens
638 2568 700 2603 quia
718 2568 752 2595 de
764 2575 798 2596 eo
810 2568 857 2602 qui
879 2568 908 2595 in
922 2568 1050 2604 conjugio

260 2618 447 2646 t-miservrttur,
468 2612 607 2649 loquitur:
624 2621 684 2641 esse
702 2618 796 2640 autem
810 2613 839 2640 in
853 2613 965 2641 renibus
978 2614 1050 2641 dixi-

261 2666 322 2686 mus
346 2659 452 2687 coitalis
472 2659 639 2694 operationis
654 2659 768 2686 semina.
796 2658 988 2686 Verumtamen
1013 2659 1049 2686 ita

259 2711 291 2732 se
303 2705 364 2739 quis
372 2705 612 2740 debetdisponere,
625 2710 655 2732 ut
667 2713 748 2733 omne
758 2705 934 2737 desiderium,
949 2709 977 2732 ct
988 2712 1051 2740 pro-

261 2751 378 2785 positum
405 2751 553 2787 cujuslibet
581 2750 708 2783 actionis,
734 2754 762 2778 et
787 2751 1051 2778 consummationem

304 2821 327 2837 ‘°
335 2821 434 2848 Jereiu.
462 2828 529 2853 μη,
553 2819 594 2848 l0.

252 2856 287 2900 ﬂ“
298 2857 382 2883 Amos
409 2865 454 2888 ru,
471 2857 510 2883 li.

645 2819 666 2835 “
677 2819 747 2846 Psal.
777 2827 840 2851 xxv,
870 2819 895 2846 Ι.

935 2819 957 2834 "
973 2818 1043 2846 Gen.
1067 2827 1139 2852 κιαι,
1165 2818 1210 2845 10.

1091 1561 1152 1587 culo
1178 1560 1249 1594 quod
1272 1564 1314 1587 est
1348 1567 1432 1594 super
1446 1567 1494 1587 eos
1511 1561 1582 1587 circa
1598 1560 1699 1592 vitalia,
1716 1564 1745 1587 et
1760 1561 1885 1587 arvinam

1088 1606 1189 1642 jccoris
1217 1614 1278 1632 cum
1303 1606 1472 1634 renunculis.
1494 1606 1674 1641 Adolcbitque
1697 1613 1730 1633 ea
1753 1607 1884 1634 sacerdos

1091 1660 1174 1687 super
1183 1651 1267 1679 altare
1279 1652 1306 1678 in
1320 1652 1475 1679 alimoniam
1494 1652 1575 1687 ignis,
1593 1656 1621 1679 et
1641 1652 1798 1679 suavissimi
1811 1652 1884 1679 odo-

1092 1699 1139 1726 ris.
1156 1697 1251 1725 Omnis
1265 1698 1348 1733 adeps
1365 1697 1472 1725 Domini
1492 1699 1544 1725 erit
1557 1699 1619 1732 jure
1636 1704 1770 1733 perpetuo
1789 1698 1817 1724 in
1834 1705 1883 1733 ge-

1092 1743 1288 1776 nerationibus,
1310 1747 1337 1771 et
1365 1743 1470 1770 cunctis
1501 1743 1663 1770 habitaculis
1694 1742 1802 1775 vestris,
1832 1749 1887 1770 nec

1092 1789 1197 1824 adipes,
1210 1796 1261 1817 nec
1274 1790 1435 1825 sanguinem
1450 1789 1563 1816 omnino
1580 1789 1756 1817 comedetis.)

1127 1834 1214 1868 Quem
1240 1835 1335 1862 bovem
1358 1835 1474 1864 olierre,
1499 1839 1528 1862 et
1557 1841 1639 1870 quem
1666 1842 1762 1862 rursus
1789 1841 1886 1867 ovem,

1093 1888 1208 1916 quamve
1221 1887 1332 1915 capram
1342 1880 1479 1916 lcgislator
1492 1879 1628 1915 praecepit,
1648 1880 1714 1906 olim
1730 1880 1757 1906 in
1771 1880 1814 1907 his
1825 1888 1891 1915 quae

1093 1927 1127 1954 dc
1157 1926 1321 1954 holocaustis
1349 1925 1420 1953 dicta
1449 1929 1514 1952 sunt
1547 1926 1734 1960 exposuimus.
1760 1925 1889 1952 Diximus

1093 1971 1166 2000 enim
1192 1972 1324 1999 sacriﬁcia
1352 1971 1608 1999 conversationibus
1629 1971 1806 1998 otlerentium
1824 1979 1888 1998 csso

1094 2023 1249 2054 comparata
1264 2027 1273 2044 ι
1286 2023 1314 2045 et
1332 2017 1486 2045 diﬁ‘erentia
1499 2017 1699 2045 sacriﬁciorum
1718 2017 1892 2044 diﬁ‘erentias

1095 2064 1335 2091 conversationunt
1360 2071 1422 2091 esse
1437 2063 1565 2098 ﬁguratas
1578 2071 1585 2089 :
1607 2070 1672 2098 ergo
1687 2063 1796 2093 bovem,
1812 2062 1889 2098 lega-

1095 2110 1161 2137 lium
1190 2109 1380 2136 mandatorum
1408 2112 1579 2143 operatorem
1609 2109 1791 2140 ostendimus,
1823 2117 1893 2135 oves

1095 2160 1186 2183 autem
1209 2155 1347 2189 simplices
1372 2161 1433 2181 esse
1452 2154 1581 2186 diximus,
1603 2162 1700 2189 capras
1715 2155 1797 2181 etiam
1822 2154 1890 2181 sim-

1097 2201 1182 2236 plices
1192 2200 1301 2234 quidem
1313 2204 1435 2227 versatos
1446 2199 1473 2226 in
1489 2200 1618 2234 peccatis,
1634 2200 1681 2227 sed
1693 2204 1784 2226 tamen
1797 2204 1894 2233 pastea

1098 2252 1258 2274 conversos.
1280 2244 1334 2272 Sed
1358 2244 1395 2272 ibi
1414 2245 1514 2272 ovibus
1526 2245 1608 2272 etiam
1625 2252 1770 2279 caprarum
1783 2244 1893 2271 sacriﬁ-

1098 2291 1171 2319 cium
1187 2290 1307 2322 miscuit,
1321 2291 1360 2316 ait
1373 2290 1444 2317 enim
1457 2299 1464 2316 :

1135 2337 1211 2369 Quod
1226 2337 1249 2362 si
1265 2337 1296 2362 de
1312 2336 1446 2370 pecoribus
1455 2335 1554 2362 oblatio
1567 2340 1614 2367 est,
1637 2336 1667 2362 de
1690 2335 1779 2362 om'bm
1791 2335 1844 2361 sive
1860 2338 1894 2361 de

1100 2383 1187 2418 capris
1203 2383 1384 2410 holocaustum
1400 2382 1555 2408 anniculam
1573 2382 1670 2416 absque
1688 2380 1792 2408 macula
1808 2381 1881 2415 oﬂert

1099 2428 1275 2464 Septuaginta
1286 2432 1377 2454 autent
1400 2427 1439 2454 sic
1459 2427 1543 2454 edunt
1557 2435 1563 2452 :
1580 2425 1607 2453 Si
1626 2426 1660 2452 ab
1676 2425 1773 2452 ovibus
1790 2433 1894 2451 munus

1099 2473 1169 2508 ejus,
1187 2473 1221 2499 ab
1238 2471 1315 2507 agnis
1330 2476 1359 2498 et
1370 2471 1454 2498 liaidis
1469 2471 1496 2497 in
1518 2470 1719 2501 holocaustum,
1741 2469 1894 2496 masculum

1101 2518 1305 2545 immaculatum
1326 2517 1426 2544 olieret
1450 2516 1536 2548 illum,
1558 2516 1623 2550 quia
1637 2523 1704 2542 oves
1723 2521 1811 2550 genus
1824 2522 1897 2548 quo-

1101 2566 1247 2593 dammodo
1270 2573 1332 2593 esse
1349 2572 1482 2600 agnorum
1505 2568 1534 2590 et
1555 2563 1700 2591 haedorum
1730 2562 1896 2596 comples-im

1103 2612 1186 2640 Vetus
1203 2611 1406 2639 Testamentum
1419 2610 1573 2637 aestimavit.
1590 2609 1715 2637 invenies
1729 2613 1832 2638 tamen,
1849 2608 1900 2634 scd

1103 2663 1131 2686 et
1150 2658 1221 2693 apud
1245 2658 1404 2692 prophetam
1424 2656 1510 2684 Amos
1533 2663 1631 2690 capras
1650 2655 1799 2690 appellatas
1812 2662 1901 2686 oves;

1104 2704 1142 2731 ait
1159 2704 1231 2731 enim
1245 2713 1251 2731 :
1263 2703 1322 2731 Non
1334 2711 1393 2730 cum
1408 2702 1550 2737 propheta,
1567 2710 1612 2728 nec
1631 2701 1702 2736 ﬁlius
1720 2700 1853 2736 propheta:
1864 2699 1896 2730 ",

1105 2751 1152 2778 sed
1171 2750 1281 2781 αἰπόλος
1301 2757 1351 2785 ego
1365 2756 1438 2781 sum,
1452 2748 1584 2775 vellicans
1599 2747 1741 2774 sicaminn.
1760 2746 1793 2773 Et
1808 2750 1900 2772 sustu-

1249 2818 1272 2834 ¹⁸
1290 2816 1361 2845 Psal.
1391 2825 1428 2850 iv,
1453 2816 1479 2844 5.
1517 2816 1540 2832 “
1552 2814 1637 2842 Exod.
1665 2823 1752 2846 xnn,
1780 2814 1822 2846 l0.
1849 2813 1895 2839 ‘20.
