2052 3150
132 221 183 254 817

713 225 753 255 IN
776 225 996 256 LEVITiCUM.
1018 238 1052 243 —
1073 227 1146 256 LIB.
1165 227 1191 259 J.

1721 226 1777 260 818

133 279 161 306 lit
175 286 219 306 uie
239 278 372 306 Dominus
391 287 423 306 ex
444 281 572 315 gregibus
595 281 698 308 ovium.
725 282 793 309 Cum
819 282 927 317 proprie
942 283 965 310 Α
979 283 1180 317 simplicitatem
1202 282 1315 314 habent,
1329 287 1516 309 verumtamen
1535 282 1569 308 ab
1584 281 1657 308 onmi
1674 282 1775 309 malitia

132 328 251 359 αἰπόλοι,
277 328 323 363 qui
346 336 442 363 capras
465 334 580 364 pascunt
605 330 785 365 appellentur,
808 329 925 357 manife-

132 377 202 401 stum
225 376 268 400 est
293 373 356 407 quia
379 378 407 401 et
428 382 525 409 capras
546 375 616 402 inter
644 383 709 403 oves
741 377 840 411 posuit.
857 376 926 409 Quia

132 426 197 451 ergo
219 419 345 453 quaedam
368 427 401 447 ex
424 419 490 454 ipsis
513 428 607 456 agnos,
629 421 753 456 quaedam
774 430 870 457 capras
885 422 926 449 lex

133 465 206 495 dicit,
228 472 344 499 quorum
370 465 479 500 quidem
502 466 563 501 agni
584 466 722 501 simplices
746 471 872 495 tantum:
900 472 928 496 et

133 511 176 544 qui
201 510 271 537 nihil
286 515 468 545 peccaverunt
484 511 670 546 significantur
688 522 694 539 :
717 521 806 548 capra!
822 518 925 544 autem,

133 555 269 589 simplices
283 556 405 590 quidem.
425 557 473 583 sed
489 557 534 592 qui
548 563 740 591 peccaverunt.
758 563 786 586 et
801 560 925 586 conversi

131 604 204 627 sunt.
233 599 334 626 Horum
353 601 516 628 sacrificium
537 610 622 629 unum
645 603 847 637 quodammodo
863 613 926 632 esse

132 646 159 673 iu
194 646 459 674 holocautomatibus
499 652 574 676 recte
608 649 736 677 traditum
776 655 827 677 est.
857 650 925 678 Cum

130 698 221 720 autem
242 695 289 728 qui
315 694 433 728 perfecta
450 695 506 722 vult
521 703 627 730 sapere,
642 697 691 723 etsi
716 702 841 730 peccator
854 697 923 729 fuit,

107 751 110 755 λ
130 746 163 764 ex
178 745 233 772 quo
251 738 334 765 vitam
361 738 508 773 perfectam
537 740 658 775 elegerit.
676 742 715 768 sic
731 746 840 776 oportet
858 750 926 769 con-

132 783 246 812 versari.
266 783 337 811 sicut
361 784 437 811 illum
461 785 506 819 qui
526 789 589 813 ante
606 794 660 813 non
679 788 809 821 peccavit.
838 787 865 814 In
879 795 925 815 sa-

130 828 234 855 crificio
250 833 341 856 autem
365 829 554 864 pacificorum.
571 839 633 858 cum
649 833 924 860 eadenrcustodisset

129 881 183 902 tam
203 875 230 902 in
248 875 382 903 sacrificio
400 876 504 908 ovium,
519 885 599 912 quam
622 886 764 912 caprarum
786 884 813 906 et
829 879 924 911 boum,

130 930 214 948 unum
240 922 291 949 hoc
326 922 387 956 plus
412 923 439 949 in
465 923 562 951 ovibus
586 925 744 957 custodivit,
770 925 843 960 quod
869 934 925 953 non

129 967 216 994 solum
237 968 357 1002 adipem,
371 968 570 1004 reticulumque
580 969 690 1004 iecoris,
711 971 752 997 vel
768 972 920 998 secundum

130 1011 308 1048 Septuaginta
332 1014 443 1048 pinnam
460 1014 574 1048 hepatis,
594 1015 641 1042 sed
659 1024 738 1043 renes
757 1022 785 1043 et
795 1017 919 1044 caudam.

129 1058 177 1086 Vel
203 1059 275 1086 idem
308 1060 460 1088 secundum
482 1061 659 1097 Septuaginta
685 1063 807 1090 lumbum
824 1063 920 1090 innua-

127 1104 249 1131 culatum
268 1112 331 1132 eum
353 1106 464 1134 renibus
478 1107 559 1140 jussit
582 1107 685 1134 offerri.
703 1107 771 1141 Quia
796 1109 869 1136 enim
893 1114 922 1136 ut

127 1152 254 1186 simplex,
281 1152 364 1180 multa
381 1161 442 1187 qua:
461 1153 570 1187 operari
595 1154 697 1185 debuit,
723 1155 824 1186 omisit,
839 1154 921 1183 debet

128 1206 205 1225 suam
231 1199 360 1226 virtutem
381 1199 481 1226 offerre
502 1199 567 1232 Deo,
584 1204 612 1227 ut
626 1208 679 1227 non
703 1201 802 1228 virtute
827 1209 875 1229 sua
892 1201 919 1229 in

128 1244 229 1271 malum
245 1248 274 1271 ut
290 1244 415 1279 simplex,
441 1245 488 1272 sed
514 1247 600 1279 magis
616 1251 705 1274 utatur
725 1248 750 1274 in
766 1247 877 1280 bonum,
894 1254 922 1275 et

75 1311 80 1316 .
127 1290 304 1318 manifestum
334 1291 425 1322 faciat.
451 1291 514 1327 quia
542 1292 611 1319 nihil
635 1301 667 1320 ex
700 1293 742 1321 bis
765 1303 825 1327 quae
851 1295 921 1322 scire

127 1341 228 1371 potest,
251 1341 279 1364 et
299 1338 412 1372 exsequi
436 1339 537 1366 omisit.
559 1339 625 1366 Nam
651 1340 722 1374 quo-I
745 1348 793 1375 pro
811 1341 920 1371 virtute.

126 1392 179 1417 qua
197 1383 315 1410 maxime
339 1384 447 1412 lumbus
460 1385 529 1419 apud
549 1390 669 1413 sanctam
691 1386 861 1421 Scriptorum
872 1396 920 1414 ac-

124 1430 238 1463 cipitur,
263 1431 405 1465 cognoscis
426 1439 459 1458 ex
485 1432 526 1459 his
547 1432 574 1458 in
598 1432 697 1467 quibus
730 1433 852 1460 Roboam
870 1434 921 1460 cir-

124 1480 294 1502 cumstantes
318 1475 394 1510 pueri
421 1480 515 1503 contra
542 1476 670 1511 populum
689 1476 873 1503 immiserunt.
891 1482 921 1505 ιιι

124 1521 225 1547 fortem
260 1521 438 1555 semetipsum
465 1527 493 1548 et
519 1522 667 1549 terribilem
699 1523 919 1551 demonstraret:

127 1567 190 1594 Hinc
206 1568 278 1594 dices
295 1568 330 1594 ad
342 1576 385 1594 eos
401 1575 410 1594 :
430 1568 552 1595 Minimus
564 1569 662 1603 digitus
678 1578 748 1596 meus
760 1571 874 1605 grauior
884 1574 920 1597 ut

979 329 1087 356 mundae
1100 332 1173 356 sunt.
1189 328 1240 361 Qui
1253 333 1344 355 autem
1357 335 1390 354 ex
1404 327 1492 354 bobus
1503 327 1668 354 sacrificium
1678 327 1770 358 ollert,

980 379 1072 409 utpote
1089 379 1217 409 operator
1236 374 1362 408 legalium
1388 374 1592 404 mandatorum,
1614 381 1667 400 non
1691 373 1769 400 habet

978 420 1170 448 necessitatem
1195 420 1316 446 lumbum
1342 418 1454 451 offerre,
1481 419 1544 454 quia
1566 419 1618 446 hoc
1635 419 1662 445 in
1679 427 1773 446 corre-

978 466 1069 494 ctione
1087 466 1219 493 bonarum
1232 465 1344 493 sortitus
1357 470 1399 493 est
1413 465 1565 492 actionum.
1582 464 1607 491 ls
1622 469 1713 491 autem
1728 466 1774 499 qui

977 513 1012 540 de
1030 513 1119 547 capris
1139 512 1272 544 immolat.
1298 512 1350 539 etsi
1374 511 1508 546 simplicis
1529 515 1570 538 est
1591 510 1710 546 generis,
1727 519 1774 537 ve-

978 564 1131 586 rumtamen
1155 559 1219 594 quia
1244 566 1277 585 ex
1302 558 1492 592 peccatoribus
1516 557 1659 585 conversis
1696 557 1775 584 intel-

978 606 1064 633 lectus
1073 610 1124 637 est,
1135 613 1190 632 non
1202 609 1292 640 potest
1301 605 1426 632 lumbum
1441 604 1648 631 immaculatum
1662 603 1773 633 oderrc.

977 653 1040 679 olim
1068 652 1169 687 quippe
1190 659 1252 678 cum
1276 655 1387 686 peccan
1409 650 1565 678 maculavit.
1597 649 1773 677 Manifestum

976 704 1018 727 est
1032 707 1097 735 ergo
1123 699 1194 734 quod
1217 699 1261 726 hic
1277 698 1399 733 quidem,
1418 702 1512 732 utpote
1538 705 1583 731 qut
1609 704 1664 723 non
1685 697 1774 723 fuerat

978 745 1004 771 in
1028 744 1156 779 peccatis,
1181 744 1385 771 immaculatum
1408 742 1534 769 lumbum
1555 741 1656 768 offerre
1671 745 1772 776 potest.

976 789 1027 822 Qui
1044 797 1109 817 vero
1123 789 1184 820 fuit.
1199 789 1244 816 hic
1261 789 1316 823 jam
1335 796 1390 815 non
1404 787 1487 814 offert
1497 787 1620 814 lumbum
1637 787 1664 813 in
1685 787 1772 813 sacri-

977 835 1045 863 flciis
1059 845 1066 863 :
1085 835 1218 870 siquidem
1231 842 1292 870 qua:
1307 839 1381 866 sunt,
1406 834 1440 861 de
1457 833 1548 868 capris
1563 833 1723 865 ascribitur,
1739 832 1774 859 de

976 880 1075 915 quibus
1096 879 1219 907 lumbum
1237 879 1330 907 offerri
1355 887 1412 906 non
1434 878 1562 910 sancivit,
1586 883 1615 905 et
1631 878 1682 905 hoc
1702 882 1772 907 erat.

977 929 1088 961 propter
1105 926 1177 961 quod
1193 926 1222 953 in
1232 925 1368 955 sacriﬁcio
1379 925 1558 960 pacificorum
1573 925 1608 951 ab
1628 924 1705 959 agnis
1725 932 1772 951 ca-

976 981 1039 1008 pras
1054 972 1189 1001 distinxit.
1210 972 1373 1001 Cotumuuia
1391 976 1483 999 autem
1508 976 1573 999 sunt
1586 971 1649 1003 alia,
1664 971 1698 998 de
1709 971 1772 1005 qni-

973 1019 1023 1046 bus
1040 1019 1114 1054 loqui
1136 1019 1324 1046 necessarium
1349 1026 1404 1045 non
1432 1017 1576 1050 habemus,
1590 1017 1617 1043 in
1629 1016 1769 1043 oblatione

972 1067 1048 1099 enim,
1060 1066 1141 1093 boum
1160 1065 1326 1093 sufﬁcienter
1351 1067 1496 1092 tractatum
1518 1068 1569 1091 est.
1594 1063 1663 1090 Illud
1680 1068 1771 1090 autem

971 1115 1080 1147 oportet
1094 1111 1233 1146 cognosci,
1247 1110 1385 1146 quomodo
1402 1110 1447 1137 ubi
1463 1110 1500 1137 ait
1517 1119 1522 1136 :

1007 1157 1126 1186 Adole'n't
1141 1166 1172 1185 ea
1196 1158 1320 1185 sacerdos
1341 1165 1421 1192 super
1450 1157 1539 1183 altare
1561 1156 1588 1182 in
1613 1155 1771 1183 alimoniam

972 1203 1050 1240 ignis.
1069 1210 1093 1232 et
1109 1204 1261 1232 suavissimi
1276 1204 1364 1231 odoris
1375 1225 1382 1236 ,
1400 1211 1460 1231 cum
1477 1202 1653 1237 Septuaginta
1667 1202 1769 1229 edidis-

972 1254 1034 1277 sent
1054 1259 1060 1275 :
1076 1248 1171 1284 Oﬁeret
1187 1248 1255 1275 illud
1268 1248 1389 1274 sacerdos
1405 1257 1439 1274 at.
1461 1247 1557 1278 altare.
1576 1251 1650 1274 extra
1665 1247 1770 1274 odorem

971 1294 1129 1327 suauitatis,
1150 1294 1242 1322 caeteri
1272 1297 1436 1328 interpretes
1460 1293 1489 1319 in
1509 1292 1641 1327 sacriﬁcio
1654 1292 1765 1327 quidem

971 1342 1235 1372 holocautomalum,
1268 1347 1317 1374 pro
1345 1340 1410 1366 extis
1449 1339 1663 1366 holocautomata
1690 1347 1699 1366 :
1725 1338 1769 1365 alii

972 1392 1063 1415 autem
1082 1387 1240 1414 oblationem
1273 1386 1430 1413 ediderunt.
1457 1385 1485 1412 In
1500 1385 1552 1412 hoc
1565 1388 1656 1412 autem
1669 1385 1767 1420 pacifi-

972 1442 1065 1462 corum
1090 1433 1236 1463 sacriﬁcio,
1269 1432 1314 1459 hic
1341 1431 1453 1466 quidem
1472 1439 1582 1466 panem.
1606 1431 1652 1459 alii
1677 1435 1769 1457 autem

972 1480 1161 1508 frumentum:
1188 1479 1407 1505 demonstrantes
1419 1477 1479 1504 sine
1501 1477 1585 1504 dubio
1618 1477 1693 1511 quia,
1717 1476 1771 1503 etsi

972 1534 1026 1553 non
1047 1524 1174 1560 perfectae
1191 1523 1373 1559 philosophi-.13
1388 1523 1425 1549 sit
1439 1521 1552 1552 oblatio,
1574 1522 1626 1548 hoc
1640 1520 1714 1548 enim
1729 1525 1772 1547 est

973 1571 1222 1598 holocautomatum
1255 1567 1432 1599 sacrificium,
1473 1571 1665 1594 verumtamen
1694 1565 1771 1592 sulti-

126 1612 222 1639 lumbis
245 1613 331 1647 patris
346 1613 433 1639 mei".
452 1612 506 1640 Sed
521 1617 549 1640 et
564 1613 698 1640 lsraelitas
718 1615 832 1648 cupiens
849 1615 919 1641 linus
933 1623 955 1651 ο
971 1618 1048 1645 ciens
1074 1621 1116 1644 est
1136 1616 1218 1643 etiam
1246 1615 1304 1643 inec
1318 1622 1430 1650 pascere
1449 1614 1477 1640 in
1507 1613 1551 1640 his
1581 1620 1642 1647 quae
1656 1615 1721 1639 sunt
1737 1612 1770 1638 ad

125 1667 234 1686 armare
249 1659 282 1685 ad
299 1659 437 1691 virtutem,
453 1658 536 1694 Moysi
559 1659 593 1686 ita
610 1661 737 1694 pneeepit
752 1670 758 1686 :
777 1660 820 1687 Sic
832 1669 920 1687 nome-

125 1706 193 1731 detis
209 1704 284 1731 illum
297 1713 306 1731 :
323 1704 423 1731 lumbos
432 1709 531 1731 vestros
546 1705 722 1739 prmeingetis,
742 1705 920 1732 calceamenta

126 1751 250 1778 habentes
268 1751 296 1777 in
311 1751 429 1786 pedibus.
444 1755 561 1777 tenentes
579 1751 606 1777 in
631 1752 752 1778 manibus
767 1751 881 1784 buculos,
896 1757 920 1779 et

125 1797 267 1824 comedetis
287 1797 480 1831 festinanter".
509 1796 608 1824 Paulus
628 1797 720 1830 etiam,
743 1805 805 1825 cum
825 1804 920 1826 contra

127 1844 266 1878 principes
276 1848 304 1870 et
322 1843 609 1878 potestatesindiceret
626 1844 735 1877 bellum,
747 1844 816 1872 dixit
827 1854 833 1872 :
846 1845 921 1872 State

126 1889 251 1915 succincti
275 1889 375 1915 lumbos
400 1893 496 1915 vestras
517 1888 545 1914 in
576 1888 695 1920 veritate,
720 1888 804 1915 induti
838 1888 919 1916 lorica

124 1935 278 1968 justitiw".
295 1934 347 1962 Sed
365 1939 392 1962 et
412 1935 544 1963 Dominus
561 1935 692 1970 apostolis
717 1935 824 1962 dicebat
838 1943 844 1961 ε
861 1934 919 1961 Sint

127 1981 212 2008 Ιμηώὶ
230 1981 310 2007 venri
324 1981 497 2016 prwcincti".
515 1982 568 2009 Sed
586 1982 635 2008 etsi
656 1985 862 2015 cooperaturcm
877 1981 920 2006 di-

126 2034 223 2054 camus
247 2026 371 2053 lumbum
393 2027 532 2053 coitalium
548 2026 766 2054 commistionum
780 2044 787 2056 ,
807 2025 834 2051 in
854 2025 923 2059 ipsis

126 2073 199 2099 enim
220 2077 248 2099 et
272 2080 352 2099 renes
367 2073 495 2106 rejacent,
513 2073 587 2100 unde
600 2078 628 2099 et
643 2071 744 2099 Paulus
757 2071 791 2098 de
806 2071 869 2098 Levi
884 2071 918 2098 ad

127 2118 256 2144 Hebraeos
269 2118 391 2145 scribens
408 2119 464 2144 ait:
484 2117 576 2144 Adhuc
595 2118 663 2144 enim
685 2117 710 2143 in
725 2116 819 2144 lumbis
836 2117 920 2150 patria

126 2168 193 2194 erat.
218 2163 325 2196 quando
352 2163 440 2190 obuius
468 2168 505 2190 est
533 2163 557 2190 ei
582 2163 804 2190 Melchisedech".
836 2162 920 2189 Recte

125 2209 198 2236 cauti
219 2209 373 2236 redduntur
387 2209 536 2244 simplices,
559 2213 653 2244 utpote
675 2209 720 2243 qui
739 2216 772 2235 ex
792 2209 920 2243 simplici-

125 2260 181 2282 tate
201 2255 282 2283 facile
310 2259 435 2290 poterant
455 2255 490 2282 ad
515 2255 682 2290 voluptatem
704 2254 784 2286 trahi,
811 2258 839 2282 ut
865 2262 918 2281 non

974 1661 1099 1694 salutem,
1113 1665 1139 1688 et
1161 1659 1350 1688 fortitudinem
1376 1659 1442 1686 dare
1464 1657 1604 1684 offerenti.
1621 1656 1678 1684 Hoc
1695 1655 1770 1683 enim

974 1707 1171 1735 nutrimentum
1210 1713 1308 1740 panem
1346 1704 1469 1739 praebere
1506 1702 1591 1729 David
1636 1701 1771 1736 propheta

974 1753 1051 1785 dicit,
1067 1760 1129 1780 cum
1154 1752 1215 1780 ait:
1244 1751 1327 1778 Panis
1357 1751 1427 1778 enim
1461 1749 1603 1784 conﬁrmat
1630 1756 1676 1775 cor
1688 1748 1770 1774 Itami-

974 1801 1014 1827 πίε
1021 1800 1054 1827 ³¹.

1008 1846 1099 1874 Omnis
1114 1845 1195 1880 adeps
1213 1844 1318 1872 homini
1329 1845 1379 1871 erit
1389 1844 1452 1878 jure
1467 1849 1592 1879 perpetua
1613 1845 1641 1870 in
1659 1851 1770 1878 genera-

974 1891 1098 1923 tionibus,
1114 1895 1138 1918 et
1160 1889 1260 1916 cunctis
1287 1888 1444 1915 habitaculis
1469 1888 1570 1918 vestris,
1597 1895 1642 1914 nec
1664 1886 1770 1920 adipem

975 1947 1020 1965 nec
1032 1937 1189 1972 sanguinem
1213 1935 1320 1962 omnino
1334 1935 1486 1962 comedetis.
1510 1933 1637 1967 Adipem,
1650 1932 1710 1966 ejus
1723 1931 1769 1965 qui

975 1985 1001 2011 in
1023 1984 1101 2010 nobis
1118 1987 1158 2009 est
1174 1981 1303 2008 desiderii
1326 1988 1377 2007 seu
1393 1979 1636 2013 concupiscentia.
1659 1976 1770 2011 sangui-

973 2037 1036 2056 nem
1056 2035 1121 2055 vero
1133 2027 1235 2055 animae
1244 2027 1357 2061 figuram
1367 2033 1462 2061 gerere
1475 2024 1604 2052 diximus.
1620 2022 1689 2055 Quia
1703 2030 1769 2056 ergo

974 2073 1080 2108 adipem
1098 2073 1125 2099 in
1145 2075 1279 2099 :eternmn
1296 2071 1429 2106 praecepit
1450 2070 1565 2097 Domino
1586 2068 1691 2099 ofl‘crri,
1708 2075 1768 2094 ma-

974 2120 1101 2148 nifestum
1121 2123 1161 2146 est
1189 2117 1252 2153 quia
1266 2117 1424 2145 consecrari
1441 2116 1497 2143 Deo
1515 2119 1641 2142 nostrum
1660 2113 1770 2141 desidu-

975 2167 1043 2193 rium
1057 2166 1117 2192 sive
1128 2164 1380 2198 concupiscentiam
1403 2163 1471 2190 vult.
1487 2163 1515 2190 In
1532 2167 1664 2189 aeternum
1678 2165 1770 2188 autem

975 2213 1036 2243 hoc,
1056 2219 1089 2238 ne
1104 2211 1137 2238 ad
1156 2210 1239 2237 Deum
1256 2210 1320 2236 illud
1339 2214 1367 2237 et
1388 2209 1421 2236 ad
1444 2209 1579 2238 mundum
1605 2207 1769 2236 dividamus.

975 2259 1088 2294 Propter
1102 2257 1174 2293 quod
1192 2263 1217 2285 et
1234 2257 1338 2284 addidit
1353 2267 1361 2284 :

124 2302 216 2329 solum
235 2309 326 2333 renes,
343 2301 499 2336 etadipem,
516 2301 562 2336 qui
579 2309 661 2335 super
674 2301 749 2335 ipsos
762 2305 813 2333 est.
828 2301 876 2328 sed
891 2306 918 2329 et
936 2301 958 2328 D
1005 2305 1038 2332 In
1054 2304 1273 2341 generationibus,
1300 2304 1325 2331 id
1339 2308 1380 2331 est
1401 2311 1449 2338 per
1461 2302 1581 2335 singulas
1595 2305 1708 2332 aetates;
1727 2301 1771 2326 hic.

126 2347 262 2380 lumbum,
289 2347 336 2382 qui
357 2346 442 2374 estin
469 2347 591 2379 renibus,
612 2346 730 2374 offerant
752 2346 817 2374 Deo.
844 2346 922 2379 Quod

126 2398 220 2420 autem
232 2393 325 2428 adiicit
341 2394 367 2420 in
379 2393 475 2420 eadem
495 2393 672 2420 translatione
686 2401 693 2419 :

163 2439 228 2467 Sine
247 2439 354 2466 macula
371 2440 513 2474 integrum,
538 2439 577 2466 sic
591 2439 720 2473 intellige,
738 2438 812 2473 quod
828 2438 923 2473 expla-

127 2494 197 2514 nans
211 2486 402 2521 Symmachus,
420 2493 468 2520 pro
488 2485 659 2512 immaculato
674 2485 810 2519 integrum
827 2492 926 2519 propov

127 2535 193 2566 suit,
213 2533 312 2568 Aquila
334 2537 426 2560 autem
452 2533 615 2568 perfectum:
638 2540 702 2559 nam
730 2536 757 2560 et
780 2537 924 2567 propterea

127 2588 188 2607 cum
216 2579 323 2606 renibus
336 2579 451 2611 addidit,
468 2579 606 2614 integrum
620 2579 684 2606 illud
701 2579 922 2614 perfectumque,

127 2626 282 2653 secundum
305 2626 378 2661 quod
404 2625 533 2658 diximus,
558 2626 649 2653 offerri
671 2627 776 2658 volens,
802 2634 837 2653 ne
851 2627 923 2653 aliud

128 2672 188 2706 eius
211 2672 278 2703 Deo,
303 2671 377 2699 aliud
400 2676 490 2699 autem
509 2671 668 2699 adversario
690 2672 806 2707 simplex
823 2673 925 2700 offera-

129 2722 183 2743 tur.
200 2717 308 2744 Sufficit
327 2717 400 2744 enim
416 2717 481 2745 huic
497 2717 530 2743 ad
547 2717 665 2747 veniam.
687 2724 718 2744 ea
734 2725 794 2750 quae
813 2717 922 2744 virtutis

130 2767 194 2789 sunt
208 2771 264 2789 non
285 2770 368 2798 agerc
382 2774 386 2789 :
405 2771 467 2789 nam
489 2770 551 2789 cum
567 2763 638 2789 mala
651 2767 793 2796 operatur,
813 2763 921 2789 veniam

129 2816 182 2836 non
201 2809 323 2836 habebit.
336 2808 414 2836 Unde
425 2808 562 2843 simplices
573 2813 604 2835 ut
617 2809 757 2836 columbas
771 2809 848 2843 jubet
861 2816 922 2835 esse

129 2855 303 2887 Dominus".
332 2855 397 2890 quia
417 2855 550 2883 columbae
576 2855 688 2882 nimiam
718 2855 920 2890 quodammodo

148 2922 172 2938 ²⁶
184 2922 217 2949 111
235 2922 292 2953 Reg
314 2931 363 2954 xu,
380 2922 420 2952 10.
471 2923 494 2938 ’τ
507 2922 592 2949 Exod.
610 2931 658 2953 xu,
677 2923 718 2950 if.

130 2963 153 2986 \,
167 2956 206 2984 fb'.
235 2958 258 2974 "
275 2958 347 2985 Psal.
369 2965 424 2991 cut,
437 2958 478 2985 l5.
518 2957 540 2974 ”
555 2957 661 2985 Baruch
676 2966 720 2990 vt,
740 2959 766 2985 2.

776 2923 798 2939 ’³
813 2922 912 2955 Ενίιοις.
928 2931 965 2952 \t.
983 2923 1025 2950 ll.

823 2958 844 2973 ³³
861 2958 932 2986 Psal.
948 2966 994 2992 cu,
1009 2959 1036 2986 9.

971 2351 1163 2386 generationes
1183 2354 1285 2380 autem.
1304 2348 1520 2384 pet-mutationes
1535 2351 1646 2375 :etatum
1668 2345 1769 2372 intelli<

972 2400 1083 2430 guntur.
1103 2395 1175 2429 quod
1203 2393 1326 2421 ostendit
1352 2392 1495 2424 Jeremias,
1519 2399 1586 2419 cum
1601 2389 1702 2425 populo
1721 2388 1769 2415 Ju-

972 2441 1055 2468 daico
1067 2441 1093 2467 in
1112 2440 1258 2474 Babylonia
1274 2439 1421 2470 scriberet,
1445 2438 1475 2464 in
1490 2441 1595 2472 septem
1615 2433 1772 2470 generatio-

974 2487 1064 2517 nibus,
1079 2486 1252 2521 septuaginta
1276 2492 1413 2512 annorum
1427 2483 1522 2511 dicens
1540 2489 1685 2510 numerum
1699 2490 1706 2508 :
1724 2480 1770 2515 qui

975 2541 1028 2559 non
1045 2533 1098 2560 hoc
1115 2533 1230 2562 diceret,
1246 2531 1269 2558 si
1283 2539 1339 2558 non
1353 2539 1387 2558 ex
1409 2538 1447 2558 eo
1457 2534 1571 2558 mtatum
1585 2529 1658 2556 vices
1674 2535 1771 2555 succe-

975 2579 1097 2606 dentium
1116 2578 1295 2614 significaret;
1311 2577 1350 2605 ait
1365 2577 1458 2605 enim:
1476 2576 1656 2612 Ingredientes
1672 2575 1700 2602 in
1715 2573 1772 2601 Ba—

976 2623 1104 2658 bylonem,
1119 2623 1191 2650 erilis
1206 2623 1242 2650 ibi
1262 2624 1342 2650 annis
1367 2623 1501 2655 plurimis,
1516 2626 1540 2648 et
1555 2621 1631 2656 longo
1646 2626 1771 2656 tempore,

976 2679 1056 2704 usque
1070 2671 1105 2696 ad
1118 2670 1299 2705 generationes
1312 2675 1410 2704 septem
1419 2669 1451 2696 ³³.

1014 2717 1042 2744 lu
1055 2717 1154 2743 cunctis
1169 2721 1256 2743 autent
1276 2715 1445 2748 habitaculis,
1463 2714 1489 2742 id
1505 2719 1546 2741 est
1566 2714 1594 2740 in
1613 2713 1688 2741 omni
1702 2720 1770 2739 con-

977 2764 1139 2795 versatione,
1165 2763 1222 2790 sive
1246 2762 1378 2790 socialem
1396 2762 1465 2789 hanc
1487 2769 1610 2797 agamus,
1635 2760 1692 2786 sive
1708 2759 1772 2786 soli-

978 2808 1073 2835 tariam
1107 2816 1284 2843 assequamur
1312 2807 1394 2835 vitam
1414 2816 1421 2840 ;
1440 2807 1512 2834 unde
1538 2806 1620 2833 David
1635 2805 1744 2832 diccbat
1762 2813 1770 2831 :

976 2854 1026 2887 Qui
1057 2855 1176 2882 habitare
1205 2855 1268 2890 facit
1305 2855 1442 2881 unanimes
1463 2854 1489 2880 in
1510 2852 1625 2879 domo”.
1655 2851 1770 2885 Adipem

1077 2922 1174 2950 “Luc.
1195 2931 1241 2955 xu,
1261 2923 1304 2950 55.
1345 2922 1366 2938 ⁶⁰
1384 2921 1466 2949 llebr.
1482 2929 1529 2953 vn,
1553 2919 1595 2948 10.
1635 2920 1654 2936 ³¹
1673 2919 1768 2947 Matth.
