2052 3150
281 220 335 252 819

282 322 395 357 Adipem
410 323 443 350 ad
460 323 521 356 hoc,
537 326 600 360 quia
620 326 787 358 desiderium
807 330 863 358 sive
874 331 1072 366 concupiscen-

282 367 346 394 tiam
373 376 423 396 nos
443 369 545 399 habere
570 374 719 408 pmpriam,
746 375 772 402 id
789 382 831 403 est
849 376 999 409 carnalem,
1015 384 1071 404 non

282 412 346 440 vult.
379 413 494 449 Propter
506 418 578 452 quod
593 418 712 448 Jacobus
732 421 840 449 dicebat
856 432 863 449 :
891 423 1072 459 Unusquisque

280 462 369 486 autem
390 464 508 488 tentatur
531 471 547 490 α
566 466 777 500 roncupiscentia
802 475 850 494 sua
876 464 1071 496 abstractus.“

279 502 418 532 illectus".
437 505 604 542 Sanguinem
625 515 726 543 autent,
745 517 774 539 nt
793 520 843 540 nec
859 513 892 540 ad
909 521 985 540 suam
1001 522 1072 541 mor—

281 554 345 580 ιι-ιιι,
361 558 450 586 neque
466 553 499 579 ad
522 555 639 588 proximi
655 562 750 584 currat
767 566 773 584 :
802 558 949 586 bestiarum
969 560 1071 595 quippe

281 597 330 622 Loc
346 601 389 624 est
400 598 552 626 crudelium
567 602 719 636 proprium.
734 603 873 635 ldeodixit
889 615 894 632 :
911 605 973 633 Nan
988 606 1071 634 edetis

279 649 381 669 omnem
410 647 577 681 sanguinem,
600 656 653 676 non
680 650 768 677 solum
789 659 839 678 nos
862 653 991 686 proximis
1007 661 1069 688 par-

278 695 351 719 cere.
376 690 424 717 sed
449 696 476 719 et
502 693 705 730 nobismetipsis
728 697 900 732 prmcipiens,
919 706 982 726 nam
996 705 1023 726 et
1036 699 1070 727 ad

279 733 335 761 Noe
349 741 442 770 aperte
459 738 521 765 talia
535 747 630 768 rursus
644 743 790 777 praecepit:
801 743 915 771 Carnem
931 753 989 772 cum
1004 754 1070 776 san-

278 780 356 814 guine
373 790 424 809 non
457 787 605 817 comedetis,
628 790 782 824 sanguinem
816 791 886 816 enim
915 792 1069 820 animarum

278 832 422 855 uestrarum
447 832 618 865 requirant",
641 835 800 869 signiﬁcans
822 836 886 870 quia
913 844 962 871 per
984 838 1070 865 absti-

279 874 398 902 nentiam
413 877 564 912 sanguinis,
579 879 613 907 ab
629 879 783 911 homicidiis
798 883 854 909 vult
865 883 1003 912 abstinere
1019 885 1070 912 ho-

278 920 390 950 minem.
411 923 463 951 Pro
487 925 542 952 Deo
565 931 656 955 autem
679 937 729 956 nec
746 929 879 958 immolari
903 932 1000 965 vetuit,
1019 941 1070 961 nec

276 967 416 1002 despicere
439 971 568 1003 animam,
598 973 647 1001 sed
661 979 688 1002 et
702 976 814 1003 omnino
837 969 1070 1012 princepitfunde

277 1018 305 1042 et
321 1015 479 1050 sanguinem
495 1017 566 1046 circa
584 1019 669 1047 basim
689 1020 766 1048 fundi
782 1022 874 1049 altaris
885 1023 977 1057 jussit.

578 1097 694 1126 CAPUT
722 1098 768 1127 ιν.

314 1147 392 1177 Vens.
412 1151 487 1181 t-lﬂ.
508 1162 517 1178 ι
538 1153 713 1189 Locutusqne
731 1160 773 1183 est
798 1156 931 1184 Dominus
946 1158 979 1185 ad
999 1157 1070 1193 Moy-

277 1202 290 1221 ι
301 1203 336 1228 ξιι,
353 1196 464 1225 dicens:
481 1198 603 1233 Loquere
622 1200 683 1230 ﬁliis
699 1200 780 1228 Israel
797 1202 913 1230 :Anima
929 1211 989 1230 cum
1005 1212 1069 1238 pec-

277 1242 380 1269 caverit
400 1251 448 1277 per
464 1244 658 1279 ignorantiam,
678 1251 706 1273 et
729 1247 762 1274 de
779 1248 917 1276 universis
933 1250 1069 1277 mandatis

279 1285 396 1323 Domini,
423 1295 484 1322 qum
504 1290 633 1324 prmeepit
660 1295 689 1317 nt
707 1299 762 1318 non
788 1291 903 1325 ﬁerent,
928 1294 1067 1329 quidpiam

278 1332 383 1364 fecerit,
405 1334 429 1361 si
450 1335 579 1363 sacerdos
603 1337 649 1370 qui
666 1342 706 1364 est
722 1342 820 1366 unctus
835 1340 1001 1374 peccaverit,
1017 1341 1067 1368 de.

279 1378 402 1412 linquere
427 1379 530 1408 iaciens
553 1383 693 1417 populant,
717 1385 813 1411 offeret
828 1393 876 1420 pro
893 1391 1005 1420 peccato
1018 1395 1067 1414 suo

276 1422 393 1457 vitulum
411 1426 612 1456 immaculatum
635 1429 767 1463 Domino,
788 1436 814 1459 et
834 1432 916 1459 ducet
937 1433 1011 1460 illuxit
1033 1434 1066 1460 ad

276 1471 377 1499 ostium
401 1473 569 1502 tabernaculi
585 1476 732 1504 testimonii
759 1486 850 1505 coram
871 1477 996 1511 Domino,
1017 1487 1066 1513 po-

276 1521 378 1552 netque
397 1526 509 1550 manum
523 1528 600 1548 suam
621 1529 705 1557 super
722 1523 810 1558 capite
827 1524 898 1558 ejus,
914 1529 943 1551 et
967 1524 1066 1552 immo-

277 1561 343 1589 labit
371 1570 433 1591 eum
463 1563 588 1592 Domino.
617 1565 729 1595 Hauriet
751 1576 860 1603 quoque
883 1570 917 1596 de
934 1571 1066 1605 sanguine

277 1607 364 1640 vituli,
395 1609 516 1638 inferens
530 1611 596 1638 illud
622 1612 648 1639 in
663 1614 869 1642 tabernaculum
895 1615 1063 1644 testimonii:

277 1661 394 1689 cultique
411 1655 549 1684 intinxerit
563 1658 676 1693 digitum
690 1659 717 1686 in
733 1661 876 1696 sanguine,
891 1668 1016 1697 asperget
1033 1671 1065 1690 ex

277 1708 310 1725 ro
326 1701 425 1736 septies
440 1709 531 1731 coram
547 1703 661 1732 Domino
681 1710 776 1734 contra
797 1707 886 1735 velum
907 1708 1066 1742 sanctuarii,

279 1750 415 1781 ponetqne
434 1747 468 1775 de
483 1748 579 1776 eodem
602 1751 733 1786 sanguine
751 1759 832 1787 super
853 1760 955 1780 comua
970 1754 1065 1781 altaris

279 1793 462 1828 thymiamatis
484 1795 631 1830 gratissimi
649 1796 774 1824 Domino.
788 1798 860 1832 quod
877 1803 919 1825 est
932 1799 959 1826 in
975 1800 1066 1827 taber-

279 1837 375 1864 naculo
399 1838 557 1866 testimonii.
585 1841 697 1867 Omnem
732 1848 821 1869 autent
852 1843 984 1878 reliquum
1001 1852 1066 1872 san-

278 1881 388 1917 guinem
412 1883 509 1911 fundet
522 1884 548 1912 in
569 1884 655 1912 basim
672 1886 764 1914 altaris
786 1888 1008 1916 holocaustorum
1038 1890 1066 1917 in

279 1929 388 1957 introitu
416 1930 591 1960 tabernaculi.
619 1932 652 1959 Et
679 1933 785 1968 adipem
812 1934 889 1961 vituli
905 1934 1002 1962 oﬁ‘eret
1017 1943 1068 1971 pro

279 1980 398 2008 peccato,
430 1980 484 2003 tam
501 1984 563 2006 eum
580 1977 629 2012 qui
651 1978 738 2012 operit
751 1978 852 2011 vitalia,
878 1987 961 2015 quam
973 1981 1066 2008 omnia

277 2027 337 2054 quae
357 2020 521 2049 intrinsecus
534 2026 608 2054 sunt,
635 2023 704 2056 duos
722 2025 897 2057 renunculos,
921 2030 949 2053 et
965 2026 1067 2053 reticu-

278 2067 332 2094 Imn
357 2067 430 2102 quod
438 2072 480 2095 est
493 2076 574 2103 super
588 2076 636 2096 eos
647 2069 723 2104 juxta
735 2070 790 2102 ilia,
803 2075 829 2098 et
844 2071 951 2106 adipem
965 2072 1067 2106 jecoris

276 2121 337 2140 cum
361 2114 536 2144 ranunculis.
564 2115 635 2142 sicut
657 2115 796 2143 auferetur
816 2116 849 2143 de
867 2117 950 2144 vitulo
970 2118 1067 2146 hostia:

278 2160 462 2193 pacilleorum,
477 2165 504 2188 et
514 2161 634 2189 adolebit
650 2169 681 2188 ea
697 2170 780 2197 super
798 2163 884 2191 altare
902 2163 1064 2193 boiocausti.

278 2205 377 2233 l'ellem
394 2214 469 2238 vero,
489 2212 517 2234 et
541 2216 636 2235 omnes
651 2216 747 2236 carnes
762 2217 823 2236 cum
846 2211 935 2245 capite
948 2216 975 2238 et
989 2212 1065 2246 pedi-

278 2253 345 2284 lms,
374 2256 402 2280 et
429 2252 577 2286 intestinis,
598 2259 626 2280 et
653 2254 727 2285 ﬁmo.
752 2259 780 2282 et
808 2255 913 2290 reliquo
939 2263 1063 2291 corpore,

277 2299 372 2326 vtt‘eret
404 2304 480 2327 extra
519 2305 607 2328 castra
638 2301 664 2327 in
702 2301 791 2331 locum
829 2302 972 2334 mundum,

276 2345 382 2373 cineres
413 2345 516 2374 ell‘undi
548 2345 653 2376 solent.
695 2346 875 2381 incendetque
911 2354 943 2374 ea
982 2356 1066 2382 super.

277 2393 411 2427 lignorum
437 2397 552 2425 struem,
575 2401 635 2428 quae
650 2392 676 2419 in
691 2393 751 2420 loco
771 2392 922 2421 elIusorum
941 2393 1063 2422 cinerum

276 2438 479 2465 cteinabuntur.
501 2448 510 2464 ι

311 2483 385 2511 Nihil
409 2492 504 2512 eorum
527 2493 586 2519 qum
609 2484 761 2512 necessaria
785 2484 896 2513 fuerunt
927 2485 1064 2520 legislator

277 2529 376 2561 muisit,
397 2529 543 2564 designans
585 2530 686 2565 quippe
717 2530 956 2558 conversationum
981 2530 1062 2558 diil‘e-

277 2575 388 2608 reutias,
404 2580 432 2602 et
451 2576 598 2604 ostendens
613 2577 693 2604 nobis
709 2577 767 2606 vias
781 2577 807 2605 in
821 2577 960 2605 oblatione
976 2577 1062 2604 sacri-

277 2621 411 2653 liciorum,
425 2621 524 2656 quibus
539 2629 590 2649 nos
605 2627 727 2657 oporteat
741 2623 909 2650 conversari.
932 2622 996 2650 Post
1011 2623 1063 2656 hoc

276 2667 428 2694 necessarie
443 2667 556 2701 exponit
570 2667 670 2694 Christi
682 2667 854 2701 sacriﬁcium,
865 2676 914 2703 per
928 2669 1000 2701 quod
1012 2676 1063 2695 no-

276 2712 317 2740 bis
344 2717 520 2747 peccatorum
546 2713 669 2740 remissio
694 2718 721 2740 et
753 2713 905 2749 redemptio
929 2722 1061 2742 concessa

274 2764 325 2786 est.
334 2758 412 2792 Quod
420 2765 580 2793 cognosces,
591 2759 613 2786 si
624 2759 787 2794 legislatoris
797 2761 878 2788 verba
888 2761 1062 2793 discusseris,

274 2811 302 2834 et
316 2806 441 2841 imaginis
459 2806 541 2839 hujus
556 2805 639 2833 colori
661 2814 704 2834 res
719 2806 792 2841 ipsas
813 2808 940 2836 sacriﬁcii
969 2808 1064 2843 unige-

275 2852 324 2880 niti
335 2851 547 2887 comparaveris.
565 2854 634 2879 Ante
649 2852 700 2879 alia
714 2860 778 2887 ergo
793 2853 845 2880 hoc
859 2862 931 2881 nunc
944 2854 1063 2888 primum

324 2921 348 2938 ³⁸
365 2922 423 2950 lar.
444 2931 472 2950 ιι.
491 2924 532 2950 Η.

276 2966 317 2990 ιιι,
332 2956 431 2990 25,25.
469 2958 487 2973 "‘
504 2958 575 2985 Psal.
589 2967 643 2989 «ιλ,
661 2958 683 2986 i.

587 2922 609 2938 "
620 2922 688 2949 Gen.
717 2931 754 2950 tv.
777 2924 800 2950 ιι

724 2959 744 2974 δ’
759 2958 827 2986 l’sal.
840 2967 910 2990 xttv,
930 2959 955 2991 7,
975 2959 1000 2986 8.

875 230 1057 260 HESYCHII
1075 229 1310 260 PRESBYTER!

280 285 365 312 ειιιυο
392 279 552 314 sanguinem
590 284 720 318 praecepit
742 285 856 313 omnino
879 293 934 313 non
957 286 1073 314 comedi.
1089 288 1112 316 Α
1126 284 1248 315 intende.
1273 284 1337 320 quia
1356 288 1465 319 peccata
1491 283 1559 312 dixit
1594 291 1655 311 esse
1679 284 1775 319 animm

852 2923 873 2938 ³⁷
902 2923 989 2964 Ιίιζὶιτι..
1011 2932 1041 2954 ιι,
1067 2925 1108 2950 l7.
1148 2924 1169 2939 ³⁸
1191 2922 1240 2951 lsa.
1263 2931 1336 2963 utut,
1354 2923 1393 2950 l7.
1436 2922 1457 2938 "
1474 2921 1575 2949 Habac.
1596 2930 1614 2964 t,
1631 2921 1675 2952 l3,
1695 2920 1738 2963 ιι.

1813 294 1819 312 :
1853 294 1916 321 qut-

1123 329 1184 356 dam
1199 330 1273 357 enim
1293 336 1395 364 corpus
1412 329 1490 363 quasi
1505 329 1617 357 causale
1644 330 1752 364 peccati
1772 337 1914 365 accusant,

1122 375 1170 403 sed
1185 382 1240 402 non
1256 375 1293 405 ita
1308 379 1367 407 est;
1385 383 1449 402 nam
1470 374 1492 402 si
1507 382 1573 402 sana
1595 375 1632 402 sit
1657 375 1759 407 anima,
1781 376 1849 404 nihil
1875 377 1914 405 illi

1121 420 1232 449 nocebit
1246 421 1337 448 carnis
1348 421 1470 448 luxuries
1487 431 1493 448 :
1507 428 1588 455 quam
1604 421 1637 453 si,
1665 421 1816 453 secundum
1831 431 1914 457 quem

1122 470 1230 500 oportet
1247 466 1356 494 modum
1371 471 1444 502 regat
1469 468 1570 504 anima,
1588 467 1692 494 recedit
1716 472 1744 494 et
1766 474 1865 500 οθςεςιι.
1884 469 1913 497 Si

1121 517 1212 540 autem
1230 512 1299 540 dicis
1314 521 1321 540 :
1336 513 1418 548 Atqui
1431 513 1568 544 nolentem
1594 521 1655 543 eam
1677 521 1794 548 peccare
1819 515 1889 543 dixit
1906 525 1914 542 :

1121 562 1310 586 verumtamen
1331 567 1384 586 non
1397 564 1518 586 coactam
1532 567 1548 588 a
1564 567 1657 598 carne,
1685 560 1734 588 sed
1760 560 1914 596 ignorantia

1121 604 1197 637 boni,
1212 612 1294 640 quam
1307 613 1339 633 ex
1352 605 1516 645 negligentia
1539 610 1567 634 et
1581 605 1734 636 imitatione
1745 606 1912 635 deteriorum

1121 650 1233 684 patitur,
1249 658 1298 685 per
1312 657 1393 686 quam
1404 651 1487 678 etiam
1503 651 1608 683 suavia,
1621 658 1654 677 ea
1665 659 1726 683 quin
1741 651 1821 678 noxia
1837 657 1912 686 sunt,

1120 696 1247 724 aestimat.
1265 695 1318 723 Sed
1335 701 1362 724 et
1380 696 1431 724 hoc
1445 696 1507 724 vide
1521 717 1529 729 ,
1544 696 1683 728 quomodo
1705 695 1733 727 in
1755 696 1848 734 multis
1867 704 1913 728 sa-

1121 742 1258 770 cerdotem
1276 742 1441 778 permiscet;
1458 742 1497 770 ait
1514 742 1587 769 enim
1601 751 1609 770 :

1155 788 1249 815 Anima
1261 797 1319 815 cum
1331 789 1483 824 peccaverit.
1492 792 1519 815 et
1531 788 1563 815 de
1577 789 1703 815 universis
1718 789 1852 821 mandatis
1859 788 1913 815 Do-

1121 833 1195 865 mini,
1211 842 1268 868 quir
1282 834 1406 868 prweepit
1423 839 1452 860 ut
1467 842 1518 860 non
1532 833 1635 867 ﬁerent,
1654 833 1792 868 quidpiam
1809 833 1910 868 fecerit.

1120 882 1143 905 si
1159 879 1280 906 sacerdos
1294 879 1338 914 qui
1355 884 1392 906 est
1412 884 1506 906 unctus
1523 879 1679 913 peccaverit.
1700 878 1839 913 Siquidem
1867 887 1912 906 sa-

1120 924 1217 952 cerdos
1232 925 1277 959 qui
1291 930 1333 952 est
1354 929 1452 952 unctus
1466 923 1589 959 peccavit
1607 924 1738 952 :similem
1758 924 1824 952 dicit
1850 925 1913 961 aliis

1119 971 1290 998 sacerdotem
1304 979 1354 1006 pro
1366 971 1485 1006 peccatis
1494 970 1667 1003 otl'crcntem,
1676 971 1739 1005 quia
1748 975 1775 997 et
1785 970 1912 999 Christus

1120 1017 1199 1044 nobis
1212 1024 1241 1044 se
1259 1017 1375 1044 similem
1390 1017 1524 1052 pr:rbnit;
1543 1017 1576 1044 de
1596 1017 1656 1052 ipso
1671 1017 1772 1052 quippe
1788 1017 1827 1044 ait
1839 1016 1911 1043 Pau-

1118 1062 1161 1090 lus
1177 1072 1184 1090 :
1201 1062 1316 1097 Propter,
1328 1066 1396 1098 quod
1405 1063 1494 1090 debuit
1507 1071 1553 1098 per
1563 1063 1652 1089 omnia
1669 1063 1796 1098 fratribus
1814 1063 1910 1095 similis

1119 1117 1183 1141 esse,
1203 1114 1231 1135 ut
1247 1109 1394 1136 misericors
1402 1108 1483 1143 fieret,
1495 1114 1519 1135 et
1531 1108 1615 1143 ﬁdelis
1629 1109 1750 1135 sacerdos
1760 1109 1786 1135 in
1796 1109 1837 1135 his
1851 1117 1910 1143 qua

1119 1155 1154 1180 ad
1169 1153 1250 1180 Deum
1269 1158 1338 1185 sunt,
1373 1154 1409 1180 ad
1439 1153 1634 1181 reconcilianda
1648 1158 1756 1188 peccata
1775 1153 1866 1187 populi
1875 1153 1907 1184 ³⁷,

1119 1200 1235 1235 plurima
1251 1200 1332 1226 nimis
1344 1201 1426 1235 hujus
1436 1200 1505 1235 legis
1520 1200 1546 1226 in
1564 1199 1678 1236 Domino
1687 1207 1838 1234 exponens.
1854 1199 1910 1227 Sed

1115 1246 1171 1281 jam
1189 1250 1253 1273 sunt
1272 1246 1439 1281 exquirenda
1450 1246 1601 1281 sequentia.
1611 1246 1678 1273 Nam
1692 1253 1755 1274 ecce.
1771 1246 1910 1280 legislator

1118 1298 1260 1328 peccatum
1282 1293 1367 1328 ipsius
1391 1292 1549 1323 sacerdotis.
1569 1296 1711 1327 peccatum
1741 1291 1831 1326 populi
1858 1299 1910 1326 ap-

1117 1339 1228 1374 pellavit
1249 1348 1255 1366 :
1284 1339 1345 1374 quia
1367 1339 1507 1374 negligens
1536 1338 1674 1366 sensibilis
1696 1337 1834 1369 sacerdos,
1860 1343 1910 1367 an;

1117 1386 1312 1420 peceansipse,
1329 1391 1376 1412 aut
1402 1393 1456 1413 non
1474 1384 1615 1412 vindicans
1649 1385 1676 1411 in
1703 1384 1907 1419 peccatoribus,

1117 1431 1193 1459 illicit
1206 1439 1254 1459 eos
1279 1432 1323 1466 qui
1338 1431 1421 1459 rudes
1437 1436 1502 1460 sunt
1525 1431 1558 1458 ad
1591 1431 1701 1458 similia.
1730 1430 1910 1466 lntelligibilis

1117 1483 1208 1505 autem
1222 1485 1273 1504 nec
1284 1477 1342 1512 ipse
1358 1481 1499 1512 peccatum
1514 1476 1588 1509 fecit,
1605 1484 1656 1503 nec
1670 1484 1721 1503 nos
1739 1475 1783 1503 vel
1810 1483 1909 1510 parum

1117 1523 1247 1558 neglexit,
1261 1524 1306 1558 qui
1324 1531 1386 1550 cum
1402 1523 1460 1558 lege
1477 1522 1556 1549 nobis
1573 1522 1687 1548 mttnrali
1700 1522 1781 1548 etiam
1806 1521 1910 1555 scripta

1118 1569 1201 1600 dedit,
1218 1574 1245 1596 et
1261 1576 1316 1602 non
1332 1568 1391 1595 sine
1407 1567 1574 1601 testimonio,
1590 1567 1662 1595 sicut
1676 1567 1713 1595 ait
1732 1566 1843 1597 Paulus,
1862 1573 1909 1598 sca

1119 1615 1263 1649 tnetipsttm
1279 1615 1416 1649 relinquit.
1433 1613 1628 1641 Verumtamen
1654 1613 1717 1648 quia
1746 1613 1830 1648 ﬁgura
1849 1612 1910 1639 hac

1119 1659 1268 1694 coaptanda
1282 1663 1323 1686 est
1337 1659 1365 1685 in
1379 1658 1500 1690 Christo,
1517 1657 1667 1685 secundum
1690 1655 1762 1691 quod
1779 1654 1910 1690 possibile

1118 1709 1169 1736 est,
1184 1708 1213 1731 ut
1223 1711 1272 1737 per
1289 1703 1380 1730 omnia
1391 1702 1517 1737 imaginis
1531 1706 1736 1729 consmnmetur
1751 1700 1835 1733 color,
1855 1699 1911 1729 hoc.

1119 1749 1191 1784 quod
1207 1749 1309 1777 dictum
1325 1754 1377 1782 est,
1394 1749 1543 1776 secundum
1555 1747 1627 1782 quod
1643 1748 1756 1782 dignum
1771 1751 1813 1774 est
1826 1745 1910 1780 Cbri:

1118 1801 1160 1823 sto
1190 1795 1350 1831 intelligibili
1380 1795 1522 1822 sacerdote
1553 1795 1685 1822 debemus
1712 1793 1846 1828 accipere.
1879 1791 1909 1820 Si

1118 1842 1190 1870 enim
1214 1841 1259 1869 Dei
1285 1841 1490 1876 longanimitate
1509 1849 1564 1868 non
1590 1840 1707 1868 volentis
1735 1844 1908 1874 peccatorum

1118 1887 1241 1922 perdere,
1257 1894 1322 1914 usus
1337 1887 1444 1920 fuisset,
1461 1887 1601 1914 videretur
1612 1886 1749 1913 licentiam
1761 1885 1827 1912 dare
1843 1892 1908 1919 pce-

1117 1933 1252 1964 cantibus,
1271 1939 1381 1968 propter
1399 1933 1470 1969 quod
1492 1933 1575 1960 Isaias
1593 1931 1659 1959 dicit
1681 1940 1688 1958 :
1709 1930 1799 1963 Quare
1817 1939 1909 1957 errare

1118 1988 1163 2006 nos
1176 1980 1269 2015 fecisti,
1287 1979 1405 2012 Domine,
1418 1980 1450 2006 de
1464 1980 1513 2007 viis
1540 1979 1613 2007 (nisi
1636 1978 1771 2007 luduraau'
1796 1985 1841 2003 cor
1863 1985 1909 2003 no—

1117 2031 1210 2058 strum,
1232 2034 1264 2052 ne
1284 2026 1432 2052 timeremus
1458 2030 1482 2052 te
1492 2024 1526 2052 ³⁸.
1554 2024 1683 2052 llabacuc
1706 2023 1787 2051 etiam
1809 2022 1907 2051 similia

1117 2071 1319 2107 quodammodo
1346 2072 1469 2106 queritur
1488 2081 1494 2098 :
1517 2071 1604 2104 Quare
1627 2078 1678 2097 non
1698 2070 1804 2104 respicis
1829 2078 1910 2104 super

1116 2119 1205 2151 inique
1219 2123 1333 2153 agentes.
1350 2123 1374 2145 et
1383 2124 1452 2145 taces
1460 2119 1599 2145 deuorante
1614 2116 1695 2151 impio
1705 2117 1847 2151 justiorent
1859 2118 1909 2143 ut!

1117 2171 1140 2192 et
1156 2165 1236 2201 facies
1247 2165 1359 2192 homini;
1373 2164 1448 2200 quasi
1464 2165 1546 2199 pisces
1567 2164 1658 2194 maris,
1679 2168 1703 2189 et
1721 2163 1796 2197 quasi
1814 2162 1909 2197 reptile

1118 2221 1168 2239 non
1187 2212 1283 2239 [tabem
1292 2211 1436 2247 principem
1453 2211 1484 2237 ⁸¹.
1504 2210 1559 2237 Hoc
1569 2215 1596 2237 et
1613 2210 1710 2237 Paulus
1723 2209 1756 2236 ad
1769 2208 1909 2237 Romanos

1117 2257 1230 2290 scribit;
1250 2257 1288 2284 ait
1304 2257 1376 2284 enini
1390 2256 1529 2284 Christum
1545 2256 1644 2283 factum
1659 2254 1737 2282 nobis
1749 2254 1832 2282 fuisse
1847 2262 1909 2288 pro-

1017 2303 1062 2330 nbi
1081 2309 1102 2336 υ
1116 2304 1280 2338 pitirttionem
1289 2311 1335 2338 per
1341 2302 1419 2337 ﬁdem
1432 2303 1460 2329 iu
1475 2310 1522 2329 suo
1533 2301 1670 2336 sanguine.
1682 2301 1717 2328 ad
1733 2301 1908 2328 ostensione":

1111 2350 1225 2384 justitia:
1242 2356 1296 2376 sua:
1308 2348 1340 2375 ἀ.
1356 2348 1442 2383 Cujus
1454 2352 1544 2375 autem
1564 2347 1678 2382 iustitia:
1693 2346 1835 2374 subdidit:
1854 2345 1908 2372 Per

1114 2394 1317 2428 redemptionem
1348 2393 1550 2427 prwcedentium
1572 2397 1741 2427 peccatorum
1762 2392 1790 2418 in
1804 2395 1907 2418 susten-

1114 2441 1214 2466 tatioue
1237 2439 1294 2466 Dei.
1316 2440 1416 2473 Aperte
1437 2446 1502 2474 ergo
1532 2438 1640 2466 videtur
1660 2437 1799 2473 legislawr
1828 2437 1906 2464 illum

1113 2486 1282 2513 sacerdotem
1299 2485 1461 2521 signiﬁcare.
1477 2484 1522 2511 cui
1538 2484 1640 2512 dictum
1653 2488 1695 2512 est
1716 2494 1722 2512 :
1737 2483 1774 2511 Tu
1805 2492 1832 2510 es
1861 2492 1908 2510 aa-

1112 2532 1201 2558 αιτιοι
1235 2531 1262 2558 in
1292 2536 1428 2562 «uernum,
1455 2531 1599 2557 secundum
1620 2529 1739 2558 ordinem
1768 2529 1908 2556 Melchise-

1111 2577 1214 2609 dech",
1232 2584 1294 2604 eum
1311 2577 1356 2611 qui
1372 2584 1387 2603 a
1401 2575 1482 2604 Patre
1505 2580 1604 2603 unctus
1613 2580 1665 2607 est.
1684 2575 1717 2603 ad
1728 2583 1809 2610 quem
1821 2573 1908 2602 David

1111 2623 1220 2651 dicebat.
1243 2631 1248 2650 :
1271 2622 1349 2650 Sedes
1367 2627 1424 2654 tua,
1439 2623 1518 2653 Deus.
1538 2623 1565 2649 in
1583 2621 1709 2653 mentium
1719 2621 1815 2660 tituli;
1831 2621 1908 2656 virga

1113 2675 1181 2699 recta
1212 2674 1260 2699 est.
1290 2670 1363 2702 virga
1382 2669 1454 2704 regni
1477 2669 1526 2695 tui.
1559 2668 1682 2699 Dilcxistt'
1706 2667 1852 2702 justitiam,
1882 2672 1908 2694 et

1117 2715 1193 2742 odisti
1216 2715 1391 2750 iniquitatem,
1423 2719 1561 2749 propterea
1580 2714 1657 2742 unxit
1686 2719 1711 2740 te
1742 2713 1908 2744 Deu.Deu

1119 2766 1179 2788 tuus
1189 2761 1222 2788 δ’.
1238 2760 1306 2793 Quia
1326 2764 1416 2788 autent
1442 2761 1530 2795 ipsum
1556 2760 1727 2787 sacerdotem
1758 2760 1803 2787 bic
1831 2767 1908 2786 nunc

1118 2807 1253 2842 legislator
1281 2805 1452 2841 signiﬁcavit,
1475 2813 1508 2832 ex
1541 2813 1573 2835 eo
1601 2803 1776 2832 manifestum
1809 2807 1852 2831 cst
1879 2803 1908 2831 in

1118 2852 1191 2881 otttni
1221 2852 1331 2888 quidem
1358 2852 1435 2880 turba
1464 2852 1580 2879 ﬁliorum
1607 2851 1700 2883 Israel.
1717 2856 1745 2878 et
1773 2850 1908 2886 principe,

1787 2920 1810 2936 “
1829 2919 1908 2947 Rom.
