2052 3150
149 208 199 243 8S1

734 213 777 244 IN
796 214 1016 245 LEVI’I‘iCUM.
1029 226 1065 232 -
1084 215 1157 245 LIB.
1178 215 1204 245 Ι.

1734 217 1787 249 822

147 275 174 295 et
199 267 227 295 in
251 274 415 302 unoquoque
432 268 465 296 de
481 270 580 304 populo
599 274 779 305 cognoscente
798 275 939 305 peccatum
956 273 976 299 Δ
993 269 1128 302 habuerit,
1149 275 1213 297 tunc
1229 277 1311 304 opere
1332 270 1445 305 cxjtiens
1463 270 1556 303 etiam,
1582 270 1634 297 hoc
1648 272 1719 305 quod
1736 281 1787 308 pro

146 321 237 346 suum,
256 314 355 342 oll'erre
366 315 494 350 praecepit
508 325 516 349 ;
529 316 574 343 bic
585 321 678 344 autem
690 323 745 343 non
760 316 807 348 ita,
821 317 869 343 sed
884 316 937 343 ait:

183 357 212 385 Si
229 360 353 386 sacerdos
366 360 412 395 qui
435 364 474 387 est
491 365 585 387 unctus
613 361 771 396 peccaverit,
786 360 939 395 delinquere

150 405 247 440 faciens
258 404 395 439 populum.
419 404 453 432 Et
476 407 596 441 primum
622 412 735 442 peccato
763 415 826 434 eum
847 406 941 442 populi

149 451 269 486 subjicit,
293 451 358 486 quia
377 450 504 479 Christus
538 452 629 487 populi
659 457 770 488 peccata
809 452 939 488 portabit.

150 497 252 524 Drinde
267 505 322 524 non
339 498 377 525 ait
392 498 463 526 sicut
473 498 508 525 de
527 498 587 526 aliis
605 507 612 526 :
627 498 661 525 Et
679 503 769 534 postea
784 498 941 525 intellexerit

150 548 285 577 peccatum
306 551 394 570 suum.
411 543 486 570 Cum.
496 543 569 570 enim
587 543 658 570 Deus
683 548 767 576 esset,
795 548 827 571 et
848 543 941 570 omnia

149 589 248 621 sciens,
274 589 417 623 quomodo-
437 593 546 623 potcerat
587 591 713 625 ignorare
734 598 794 624 qua:
821 598 836 617 a
861 590 941 618 nobis

149 640 261 669 peccata
278 634 423 669 suscepit?
446 634 494 662 Hic
522 643 593 671 ergo
616 644 670 671 pro
696 636 814 671 peccatis
839 637 942 663 nostris

149 681 354 708 convenienter
371 681 535 708 sacriﬁcium
565 683 674 715 obtulit,
699 682 733 710 de
757 690 812 717 quo
841 683 941 710 Paulus

150 725 274 752 Hebraeis
285 725 379 752 scribit
397 734 404 752 :
435 724 480 753 Sic
501 731 525 753 et
541 725 659 754 Christus
676 727 757 754 semel
781 727 886 754 oblatus
905 728 940 754 ad

149 772 293 798 multorum
325 771 503 799 exhauriendo
523 777 646 806 peccata,
672 773 785 800 secundo
813 773 869 800 sine
883 782 942 808 pec-

149 821 207 844 cato
224 817 364 852 apparebit
382 818 590 853 caspcctantibus
597 827 625 845 se
641 819 668 845 in
682 819 835 852 salutent“,
845 819 942 847 oﬂeret

151 867 241 889 tamen
255 869 286 889 se
299 869 349 897 pro
364 867 477 897 peccato
492 869 553 890 suo.
581 862 760 898 Septuaginta
782 869 873 892 autem
892 865 941 892 ad-

149 907 226 939 dunt,
255 907 325 942 quod
338 909 464 943 peccauit.
493 908 638 936 Peccatum
656 915 747 936 autem
772 910 843 944 ejus,
870 911 942 938 sicut

150 952 195 987 qui
207 953 293 979 semel
308 953 373 980 illud
390 953 418 980 in
438 961 468 981 te
489 954 619 989 suscepit,
645 960 769 982 nostrum
800 961 939 991 precatum
958 945 977 972 θ

151 999 258 1032 dicitur,
280 1000 353 1027 unde
369 1006 397 1027 et
418 1000 516 1028 Paulus
530 1000 639 1028 dicebat
665 1011 671 1028 :
697 1001 870 1030 Obsecramus
893 1012 941 1037 pro

149 1044 253 1073 Christo
267 1046 433 1073 reconciliari
451 1046 514 1079 Deo,
535 1051 559 1073 et
573 1048 618 1082 qui
638 1048 768 1075 nesciebat
791 1054 939 1084 peccatum,

150 1097 285 1119 necatum
295 1100 343 1126 pro
363 1092 434 1119 nobis
442 1093 502 1127 fecit
511 1092 543 1120 “.

188 1135 307 1163 Vitulum
330 1142 419 1163 autem
446 1137 656 1164 immaculatum.
678 1138 793 1166 Domino
815 1139 942 1168 videlicet

151 1181 220 1209 Patri
235 1182 316 1209 oliert
332 1190 441 1209 carnem
452 1189 541 1214 suam,
558 1183 762 1210 immaculatum
778 1192 854 1217 vero,
877 1185 941 1220 quia

148 1233 286 1263 peccatum
313 1237 364 1255 non
378 1229 448 1264 fecit,
463 1236 508 1255 nec
530 1228 604 1255 dolus
628 1229 747 1256 inventus
772 1235 810 1257 est
839 1231 868 1257 in
895 1239 940 1258 ore

149 1274 205 1309 ejus
213 1274 247 1301 ⁸⁸.
266 1273 371 1302 \{itulus
384 1279 474 1303 autem
485 1279 537 1306 est,
548 1275 614 1309 quia
626 1275 653 1302 in
663 1283 744 1303 cruce
752 1276 940 1312 intelligibiles

149 1324 267 1351 nostros
278 1319 403 1348 inimicos
419 1320 644 1353 ventitavit.Qnia
657 1325 749 1348 autem
762 1321 941 1357 Septuaginta

150 1367 272 1393 vitellum.
283 1366 320 1394 de
331 1367 418 1394 bobus
432 1367 528 1398 edunt,
551 1367 622 1394 idem
645 1367 823 1403 intelligimus
834 1368 945 1396 dictum

147 1414 182 1440 de
200 1412 298 1444 bobus,
315 1413 379 1447 quia
395 1412 671 1443 secundumrarnem
690 1414 724 1441 de
739 1415 863 1449 patribus
876 1414 951 1448 l'nit,_

147 1459 193 1493 qui
204 1459 238 1486 de
254 1459 321 1494 legis
341 1459 623 1494 exstiteruntjustitia
632 1460 759 1495 gloriosi.
780 1460 941 1491 Ubiautem

147 1505 229 1532 oﬂert
244 1505 370 1538 vitulum,
390 1505 417 1533 id
431 1511 473 1532 est
486 1513 596 1533 carnem
609 1513 689 1533 suam
699 1506 715 1533 ?'

183 1552 224 1579 Ad
236 1551 331 1578 ostium
350 1551 512 1579 tabernaculi
530 1552 673 1578 testimonii
695 1561 797 1580 σοι-αι»
817 1553 938 1582 Domino.

149 1598 189 1625 Ad
196 1598 297 1625 ostium
312 1597 431 1632 quidem,
450 1603 479 1625 ut
490 1598 654 1625 sacriﬁcium
670 1598 772 1627 Christi
787 1600 939 1628 secundum
954 1614 974 1643 ο

146 1645 286 1673 doctrinas
311 1649 339 1672 et
369 1644 529 1672 traditiones
539 1645 940 1679 apostolornml'actumluisse

148 1691 341 1727 intelligamus.
355 1690 408 1718 llas
421 1691 500 1718 enim
519 1698 581 1718 esse
595 1691 666 1718 ostia
677 1691 847 1719 tabernaculi
861 1693 940 1720 testi-

148 1739 233 1766 monii
247 1739 375 1773 superius
390 1739 572 1772 ostendimus,
591 1743 686 1774 utpote
714 1739 747 1766 ad
772 1740 871 1768 cmlum
898 1741 940 1768 in-

149 1785 436 1820 tmitumpraebcntia,
452 1785 524 1821 quod
538 1786 743 1814 tabernaculum
773 1795 835 1815 esse
859 1788 940 1816 testi-

149 1831 234 1859 monii
245 1832 369 1865 docetur,
385 1836 466 1866 atque
483 1832 624 1867 probatur.
646 1831 731 1860 Habet
755 1833 829 1861 enim
854 1834 940 1863 Isaias

148 1878 350 1913 apertissimam
366 1879 514 1910 testimonii
526 1879 726 1913 probationem,
738 1879 832 1908 dicens
855 1890 862 1908 :
888 1881 940 1914 Qui

147 1925 263 1952 extendit
275 1924 345 1952 velut
359 1925 470 1952 nihilum
485 1925 576 1958 calas,
597 1931 622 1953 et
647 1927 780 1961 expandet
809 1935 858 1957 eos.
873 1928 944 1955 sicut

147 1970 350 1998 tabernaculum
367 1972 402 1998 ad
412 1971 618 1999 inhabitandam
630 1972 662 1999 “.

182 2014 286 2044 Coram,
310 2015 422 2042 Domino
447 2020 550 2047 autem,
578 2016 640 2050 quia
673 2016 835 2049 inspiciente
860 2017 940 2044 Patre

148 2061 491 2089 consummabaturcrucis
525 2062 695 2097 mysterium,
724 2062 752 2089 in
778 2067 883 2090 tantum
911 2067 941 2091 ut

147 2108 230 2134 etiam
239 2107 382 2142 aspicienti
393 2107 486 2142 utique
495 2106 567 2134 Patri
575 2107 679 2135 diceret
686 2108 817 2136 Dominus
829 2118 835 2136 :
846 2109 937 2142 Pater,

149 2154 176 2179 in
191 2161 286 2180 manus
301 2158 359 2180 tuas
378 2153 530 2180 commendo
544 2153 668 2187 spiritum
687 2161 771 2181 meum
784 2154 817 2182 ‘7.
834 2155 939 2184 Ponere

148 2202 239 2225 autem
253 2206 317 2226 eum
333 2198 443 2225 manum
454 2205 537 2233 Super
558 2201 641 2234 caput
667 2197 752 2230 vituli,
771 2203 798 2225 et
815 2198 941 2234 jugulare

149 2245 265 2272 vitulum
281 2245 428 2280 praecepit;
443 2252 525 2272 nemo
533 2245 607 2272 enim
623 2245 698 2273 illum
712 2245 821 2278 obtulit,
831 2247 879 2273 sed
888 2254 939 2274 nec

991 315 1069 343 nobis
1084 320 1153 347 erat.
1173 316 1336 343 sacriﬁcium
1356 316 1565 344 consummavit.
1592 315 1642 344 llic
1671 317 1729 352 ipso
1752 319 1786 347 de

991 361 1122 397 sanguine
1140 361 1216 389 vituli
1245 361 1385 393 hauriens,
1402 361 1484 388 infert
1513 360 1577 388 illud
1607 361 1633 388 in
1659 362 1787 392 taberna-

991 406 1052 433 culo
1069 406 1228 433 testimonii.
1245 405 1298 434 Sed
1320 406 1384 441 quia
1399 406 1514 433 vitulum
1538 410 1646 441 op0rtet
1675 415 1786 436 carnem

991 450 1099 478 Domini
1117 451 1253 486 accipere,
1270 451 1329 486 ipse
1347 450 1452 486 prodigi
1471 451 1520 478 ﬁlii
1547 459 1691 486 exponens
1706 460 1788 487 para-

991 495 1081 523 bolam
1099 495 1202 527 docuit,
1220 503 1283 522 cum
1294 500 1400 531 patrem
1411 496 1546 523 cecidisse
1560 496 1585 525 ei
1608 497 1722 525 vitulum
1742 505 1787 524 sa-

987 540 1123 578 ginatum,
1139 544 1166 567 et
1182 540 1295 574 primam
1309 540 1420 568 dedisse
1436 541 1544 574 stolam,
1558 546 1585 568 et
1599 542 1731 569 annulum
1745 542 1786 569 di~

991 590 1075 617 ceret,
1088 594 1137 622 per
1152 586 1265 613 vitulum
1284 587 1450 614 sacriﬁcium
1462 587 1606 623 unigeniti,
1626 596 1675 622 per
1690 589 1786 616 stolam

992 631 1135 666 baptisma,
1153 639 1201 666 per
1219 631 1357 658 annulum
1365 632 1477 668 signans
1500 632 1598 667 pignus
1617 632 1734 667 Spiritus
1751 633 1784 660 “.

991 676 1059 710 Quia
1079 677 1153 704 enim
1165 677 1197 704 de
1213 677 1353 712 sanguine
1370 678 1399 704 in
1427 677 1607 705 tabernaculo
1637 678 1786 705 testimonii

992 723 1092 753 intulit.
1108 724 1187 750 docet
1199 729 1226 751 ut
1242 723 1342 751 Paulus
1355 724 1388 751 ad
1407 723 1545 756 Hebraeos,
1563 724 1658 752 dicens
1683 733 1690 751 :
1711 723 1788 751 Chri-

991 774 1046 797 stus
1052 770 1176 797 assistens
1184 770 1305 806 Pontifex
1312 771 1461 806 futurorum
1471 771 1608 800 bonorum,
1617 779 1663 804 per
1672 771 1786 804 amplius

992 821 1016 843 et
1037 817 1176 852 perfectius
1203 816 1402 843 tabernaculum
1418 825 1469 843 non
1495 817 1687 852 manufactum.
1701 817 1728 843 id
1747 821 1786 843 est

993 870 1043 889 non
1055 862 1133 896 hujus
1148 862 1299 894 creationis,
1316 871 1362 889 nec
1382 871 1429 898 per
1441 864 1596 898 sanguinem
1612 868 1750 891 taurorum
1762 867 1786 890 et

993 909 1143 940 uitulorum,
1157 910 1201 935 sed
1212 917 1258 944 per
1272 910 1408 943 proprium
1427 910 1583 944 sanguinem
1603 910 1736 944 ingressus
1749 914 1786 938 est

992 954 1070 981 semel
1080 954 1107 980 in
1119 958 1222 987 sancta,
1249 958 1353 982 (eterna.
1366 954 1545 989 redemptione
1562 955 1667 982 inventa
1693 955 1727 981 ‘°.
1754 954 1786 982 Et

993 1007 1087 1026 rursus
1105 999 1213 1035 :Ncque
1225 1000 1293 1028 enim
1314 1001 1342 1026 in
1356 1001 1511 1035 mauufacta
1533 1005 1625 1028 sancta
1653 1001 1786 1036 ἴηνα-ιδεμ

991 1050 1029 1072 est
1046 1044 1164 1073 Christus
1179 1046 1264 1081 forma
1280 1054 1412 1079 verorum,
1428 1046 1473 1073 sed
1485 1047 1512 1073 in
1528 1047 1614 1080 ipsum
1626 1045 1731 1077 caelum,
1750 1047 1786 1073 ad

991 1092 1176 1119 ostendendum
1189 1099 1216 1118 se
1229 1092 1313 1119 vultui
1341 1091 1389 1119 Dei
1419 1100 1466 1127 pro
1495 1092 1569 1119 nobis
1583 1093 1616 1120 ⁸¹.
1645 1092 1693 1119 llic
1719 1100 1785 1126 ergo

993 1137 1365 1170 tubernaculum'testimonii,
1378 1138 1476 1165 ctelum
1489 1138 1599 1174 quippe,
1610 1139 1672 1173 quia
1685 1139 1711 1165 in
1727 1138 1785 1173 ipso

993 1184 1115 1211 habitare
1129 1183 1215 1211 Deum
1232 1184 1373 1218 propheta:
1397 1184 1532 1212 testiﬁcati
1556 1189 1630 1216 sunt,
1648 1183 1786 1219 intelliga-

992 1237 1074 1257 mus:
1090 1229 1141 1262 Qui
1153 1229 1255 1256 habitat
1279 1230 1308 1256 in
1328 1229 1408 1261 cadis,
1434 1229 1534 1264 inquit,
1554 1230 1673 1257 irridebit
1690 1239 1731 1257 eos
1750 1230 1785 1258 “.

992 1275 1025 1303 Et
1042 1284 1118 1303 nemo
1131 1276 1247 1303 ascendit
1257 1276 1284 1303 in
1298 1275 1402 1309 caelum,
1415 1276 1466 1303 nisi
1482 1276 1527 1312 qui
1538 1276 1668 1303 descendit
1679 1276 1710 1302 de
1723 1276 1786 1303 caelo

995 1323 1146 1359 Dnigem‘tus
1157 1323 1199 1354 ³⁸,
1227 1322 1262 1350 de
1291 1322 1440 1358 semetipso
1457 1322 1525 1350 dixit
1547 1322 1716 1350 hominibus.
1747 1322 1785 1350 ibi

992 1367 1150 1404 saIIguinem
1167 1367 1330 1400 introduxit,
1351 1368 1416 1403 quia
1432 1368 1574 1396 cicatrices
1591 1375 1703 1404 portans
1725 1376 1787 1404 pas—

992 1413 1111 1444 sionum,
1126 1421 1140 1440 a
1155 1414 1270 1441 mortuis
1283 1413 1444 1446 resurrexit,
1460 1415 1534 1442 unde
1550 1419 1577 1442 et
1592 1422 1672 1442 suum
1687 1421 1787 1449 corpus

991 1456 1158 1495 palpandum
1172 1459 1284 1487 Thomae
1307 1459 1466 1495 praebuit",
1483 1464 1566 1495 atque
1586 1461 1622 1487 ita
1645 1460 1672 1487 in
1702 1460 1786 1487 ctelos

991 1506 1122 1533 ascendit.
1140 1506 1359 1537 Probantautem
1372 1506 1514 1541 sequentia
1529 1515 1535 1533 :

1027 1550 1180 1587 Quicunque
1194 1552 1331 1578 intinxerit
1344 1552 1457 1587 digitum
1465 1551 1494 1578 in
1508 1552 1649 1587 sanguine,
1666 1555 1786 1587 aspergat

991 1601 1023 1626 de
1037 1606 1067 1625 eo
1076 1599 1170 1633 septies
1181 1606 1271 1625 coram
1285 1598 1407 1630 Domino,
1424 1602 1516 1625 contra
1533 1597 1619 1625 velum
1629 1597 1785 1625 sanctuarii.

993 1644 1083 1672 Multis
1097 1644 1259 1672 nominibus
1281 1652 1392 1673 carnem
1410 1644 1517 1674 Domini
1531 1644 1661 1682 appellat,
1679 1644 1742 1678 quia
1758 1648 1786 1671 et

993 1690 1092 1718 multas
1103 1690 1277 1726 operationes
1286 1690 1423 1725 implevit.
1444 1689 1524 1719 Unde
1539 1690 1639 1726 etipse
1655 1689 1788 1719 Dominus

993 1736 1073 1766 modo
1086 1736 1196 1771 quidem
1216 1736 1398 1771 semetipsum
1428 1734 1607 1767 sacriﬁcium,
1634 1735 1714 1763 modo
1737 1742 1788 1769 pa-

993 1787 1106 1816 storem,
1119 1783 1218 1812 deinde
1232 1791 1326 1814 rursus
1345 1783 1442 1817 vitem,
1462 1791 1562 1819 panem
1581 1782 1655 1816 vitae,
1671 1787 1697 1810 et
1726 1790 1788 1816 gra-

993 1829 1168 1862 numtritici‘,
1176 1834 1329 1864 opportune
1339 1828 1549 1864 dispensatoriis
1561 1829 1653 1857 verbis
1667 1828 1786 1861 varians,

993 1882 1057 1905 suas
1067 1875 1264 1911 appellationes
1280 1875 1444 1902 nominavit.
1464 1875 1499 1902 Et
1515 1882 1589 1902 nunc
1616 1881 1681 1910 ergo
1697 1874 1789 1901 velum

992 1924 1052 1958 ejus
1062 1932 1171 1955 carnem
1188 1924 1357 1960 appellavit:
1389 1923 1516 1951 dubitare
1550 1923 1624 1950 enim
1655 1923 1706 1949 hoc
1732 1929 1789 1950 non

993 1976 1148 2004 possumus,
1167 1968 1250 1996 Paulo
1265 1970 1298 1996 ad
1313 1969 1534 2004 explanationem
1564 1967 1646 2002 hujus
1665 1967 1786 2002 mysterii

993 2005 1101 2043 dicente
1121 2024 1127 2041 :
1145 2014 1289 2047 Habentes,
1303 2016 1409 2050 fratres,
1435 2014 1621 2050 conﬁdentiam
1634 2015 1661 2039 iu
1674 2013 1786 2041 introitu

994 2065 1146 2087 sanctorum
1160 2060 1187 2087 in
1204 2060 1332 2096 sanguine
1347 2059 1456 2092 Christi,
1477 2068 1558 2095 quam
1578 2058 1700 2086 initiavit
1714 2058 1787 2085 nobis

995 2107 1064 2134 viam
1080 2115 1172 2133 novam
1192 2113 1215 2133 et
1231 2107 1357 2134 uiuentem
1368 2114 1415 2141 per
1428 2105 1557 2138 uelamen,
1571 2106 1598 2132 id
1620 2108 1667 2138 est,
1681 2113 1788 2132 carnem

994 2161 1080 2185 suam,
1092 2158 1116 2180 et
1129 2153 1287 2180 sacerdotem
1299 2161 1434 2188 magnum,
1446 2153 1475 2179 in
1484 2153 1590 2179 domum
1601 2151 1648 2178 Dei
1670 2152 1789 2179 introea-

994 2208 1060 2233 mus,
1080 2207 1215 2234 cumpuro
1229 2199 1313 2232 corde,
1328 2198 1559 2235 insatisfactionc
1585 2198 1647 2234 fidei
1659 2199 1692 2224 ⁵⁸.
1722 2197 1787 2227 Pro-

995 2250 1087 2282 pterea
1099 2249 1127 2272 ct
1137 2244 1287 2276 sanctuarii,
1304 2245 1395 2271 velum
1407 2244 1572 2280 appellatum
1587 2249 1638 2275 est.
1673 2244 1787 2280 figurant

149 2291 293 2318 immolare
304 2295 421 2325 poterat,
442 2291 493 2318 nisi
506 2292 683 2326 semetipsum
699 2292 756 2327 ipse
774 2292 807 2319 ad
831 2293 941 2327 patien-
957 2287 981 2317 Ι)
993 2292 1094 2328 quippe
1105 2291 1195 2320 carnis
1210 2292 1297 2321 sancti
1313 2295 1470 2321 sanctorum
1493 2291 1614 2329 gerebat.
1633 2290 1700 2323 Quia
1723 2299 1788 2326 ergo

147 2337 213 2363 dum
225 2336 390 2363 tradidisset.
407 2335 521 2371 Propter
534 2336 610 2371 quod
625 2344 679 2363 non
701 2337 788 2364 solum
814 2337 940 2365 dicebat:

148 2383 311 2410 Potestatem
323 2382 407 2409 habeo
418 2382 530 2417 ponendi
538 2383 662 2410 animam
673 2391 770 2414 meum,
791 2388 817 2410 et
825 2388 941 2418 potesta-

148 2434 198 2456 tem
216 2429 299 2456 habeo
311 2429 406 2456 iterum
415 2428 535 2456 sumendi
553 2428 663 2462 eam”;
679 2429 725 2456 sed
735 2433 762 2456 et
772 2429 941 2464 pnereniens

147 2475 327 2510 semetipsum
341 2475 367 2502 in
381 2482 460 2502 coena
479 2474 666 2510 apostolorum
684 2475 845 2507 immolavit,
867 2475 940 2510 quod

147 2522 241 2548 sciunt
257 2520 305 2555 qui
322 2520 514 2556 mysteriorum
536 2519 692 2555 percipiunt
708 2520 849 2548 virtutem.
862 2520 942 2548 Hunc

147 2567 320 2593 sacerdotem
350 2565 527 2601 Septuaginta
541 2572 596 2592 non
621 2564 710 2592 solent
740 2570 853 2592 unctum
883 2565 942 2593 sive

148 2613 267 2644 linitunt,
284 2612 333 2639 sed
348 2616 376 2639 et
397 2616 617 2640 consummatum
642 2612 772 2639 manibus
783 2612 941 2647 appellave-

148 2664 213 2686 runt
241 2668 247 2686 :
275 2664 482 2686 consummatus
508 2662 550 2686 est
579 2658 652 2685 enim
676 2659 802 2687 manibus
823 2660 899 2695 prius
912 2660 939 2688 in

149 2705 262 2740 mystica
279 2712 367 2737 emna,
384 2704 522 2739 accipiens
537 2711 636 2739 panem
646 2709 674 2731 et
689 2704 826 2740 frangens,
840 2705 939 2733 deinde

149 2759 196 2785 per
212 2758 333 2782 trucem,
350 2750 459 2785 quando
475 2750 549 2785 ligno
563 2749 658 2777 aﬂixns
681 2754 732 2776 est.
754 2749 775 2776 Τ
780 2758 832 2777 nnc
849 2758 940 2777 sacer-

147 2798 216 2826 dotii
227 2797 382 2832 suseipiens
397 2797 569 2833 dignitatem,
587 2795 630 2824 vel
645 2796 736 2831 potius
755 2804 941 2832 oumsemper

184 2891 206 2907 δ’
220 2890 305 2919 Hebr.
316 2898 365 2923 ιι..
376 2890 421 2918 28.
460 2889 504 2918 “l
519 2890 582 2919 Cor.
601 2899 626 2922 v,
641 2890 687 2921 90.
701 2889 746 2919 2i.
764 2889 785 2905 ⁵³
799 2890 850 2918 Isa.
868 2898 927 2917 Llll.
946 2891 971 2917 9.
986 2890 1031 2917 eti
1051 2890 1122 2918 Petr.
1143 2897 1172 2921 II,
1192 2889 1237 2917 2:2.

185 2926 265 2955 Joan.
279 2926 359 2955 1J8.
400 2926 495 2955 "Luc.
511 2935 557 2955 xv.
574 2925 602 2953 ll
617 2933 692 2955 seua.
731 2926 753 2942 ⁵⁰
766 2925 847 2955 Hebr.
868 2934 904 2955 Ix,
920 2925 962 2955 ll,
995 2925 1036 2952 l2.
1085 2926 1105 2940 "
1129 2925 1194 2953 ibid.
1211 2925 1237 2951 *ὶιί

790 2933 847 2953 cur.
868 2934 904 2956 Ix,
920 2933 962 2957 ιι,

836 2961 857 2977 ⁵⁸
871 2961 955 2988 Exod.
977 2969 1031 2994 \‘lll,
1052 2961 1092 2989 ιθ.

400 2926 495 2955 "Luc.
511 2935 557 2957 xv.
573 2925 602 2961 μ
617 2933 692 2961 seqq.

518 2962 540 2977 "
559 2960 643 2989 Hebr.
656 2960 684 2995 Iv;
706 2960 796 2988 ill-‘22.

151 2926 171 2941 “
185 2926 265 2955 Juan.
279 2935 307 2958 ι,
317 2926 359 2953 l8.

151 2962 172 2976 ⁵³
185 2961 264 2989 toan.
286 2970 331 2994 xx,
350 2961 386 2990 ‘35
398 2969 473 2996 seqq.

992 2339 1094 2374 digitus
1109 2338 1156 2365 Dei
1173 2340 1260 2365 virtus
1286 2338 1346 2372 ejus
1370 2337 1481 2370 dicitur,
1499 2337 1571 2364 unde
1601 2337 1686 2371 magis
1713 2336 1785 2363 Pha-

994 2385 1085 2412 raonis
1100 2384 1230 2412 cedentes
1246 2383 1385 2413 miraculis
1401 2383 1484 2419 Moysi
1500 2383 1627 2411 dicebant
1653 2391 1660 2409 :
1682 2382 1785 2418 Digitue

994 2431 1042 2459 Dei
1061 2431 1141 2458 est".
1157 2430 1191 2458 Et
1206 2430 1290 2458 David
1321 2430 1496 2465 eipsallebat
1514 2439 1520 2457 :
1547 2430 1679 2462 Quoniam
1696 2429 1785 2455 videbo

993 2478 1077 2510 cados,
1102 2485 1182 2512 opera
1202 2477 1345 2512 digitorum
1372 2481 1477 2502 tuorum
1491 2476 1524 2503 ⁵⁷.
1555 2475 1670 2510 ipseque
1691 2482 1786 2501 rursus

992 2522 1123 2549 Dominus
1136 2521 1239 2549 Judazis
1252 2521 1360 2549 dicebat
1379 2530 1386 2548 :
1402 2520 1478 2553 Quod
1495 2521 1559 2552 siin
1575 2520 1660 2555 digito
1676 2520 1724 2547 Dei
1736 2528 1785 2556 ego

991 2568 1068 2603 ejicio
1077 2567 1218 2598 dtemonia,
1236 2567 1318 2603 igitur
1330 2567 1445 2601 peruenit
1457 2566 1485 2592 in
1497 2574 1541 2593 uos
1559 2574 1667 2601 regnum
1695 2565 1743 2592 Dei
1751 2566 1784 2591 ⁸⁸.

990 2611 1192 2640 Convenicnter
1219 2611 1332 2647 digitum
1361 2611 1389 2638 in
1417 2611 1580 2647 sanguinem
1615 2611 1735 2646 intingit,
1757 2616 1787 2638 ut

988 2659 1149 2686 ostendatur
1161 2659 1223 2693 quia
1240 2658 1384 2694 passiones
1396 2658 1488 2685 carnis
1502 2658 1662 2691 Dominicaa,
1684 2659 1787 2686 virtute

988 2704 1137 2732 divinitatis
1147 2709 1214 2731 acta:
1230 2709 1310 2737 sunt;
1324 2712 1387 2731 nam
1409 2704 1552 2739 quomodo
1566 2710 1694 2740 poterant
1725 2705 1786 2733 talia

995 2753 1052 2780 ﬁeri
1068 2757 1143 2784 tunc,
1157 2752 1183 2779 id
1197 2756 1246 2783 est,
1259 2751 1323 2778 solis
1334 2758 1467 2783 recessus,
1490 2754 1672 2782 terrmmotus,
1688 2751 1787 2778 scis-sio

996 2803 1134 2834 petrarum
1147 2802 1173 2825 et
1191 2797 1311 2825 similia?
1340 2796 1388 2823 ilic
1416 2804 1480 2832 ergo
1507 2796 1608 2824 virtute
1633 2796 1786 2824 divinitatis

1278 2891 1298 2906 “
1315 2890 1366 2917 lsa.
1383 2897 1428 2920 XL,
1441 2890 1486 2916 9.2.
1526 2889 1548 2906 ‘7
1560 2888 1625 2916 Luc.
1645 2897 1723 2920 nm,
1740 2888 1784 2916 b6.

1301 2926 1323 2940 "
1341 2925 1411 2952 Psal.
1428 2933 1457 2957 II,
1473 2924 1498 2951 Δ.
1552 2924 1573 2941 ³³
1587 2924 1724 2959 .lnan..tn,
1744 2925 1787 2953 l3.

1139 2961 1161 2975 ⁸⁷
1175 2961 1242 2987 l’:al.
1259 2968 1317 2992 wn,
1334 2960 1356 2986 ι.
1410 2959 1433 2976 ⁵⁸
1447 2961 1516 2987 Luc.
1543 2967 1579 2993 In,
1599 2960 1644 2987 20.

995 2925 1036 2952 12.
1085 2926 1105 2940 ⁵³
1129 2925 1194 2953 ibid.
1211 2925 1255 2951 “li.
