2052 3150
265 177 318 211 823

264 236 588 273 ιιΔεείοιιριιιδιιςρινῑθης,
597 241 715 275 aspersit
725 242 835 276 quidem
845 251 921 271 suam
934 252 1055 278 carnem,
1073 247 1093 275 Α

264 284 379 318 aspersit
392 289 481 312 autem
497 287 608 320 septies,
621 288 683 322 quia
696 297 745 323 pro
755 290 916 319 remissione
925 291 977 318 hoc
989 299 1055 327 pec-

265 335 396 362 catorum,
411 336 435 357 et
451 339 499 366 pro
511 332 744 362 subministrando
757 335 836 366 nobis
845 342 939 365 sancto
950 336 1055 372 Spiritu

265 375 336 402 fecit.
357 375 509 412 Utrumque
538 379 610 406 enim
638 381 785 415 praedictus
808 382 953 418 designare
989 391 1054 411 con-

264 420 352 446 suevit
366 428 507 454 immerus,
525 423 560 450 ita
578 428 606 450 ιιι
625 425 720 452 Petrus
742 426 843 454 diceret
862 428 975 456 Domino
999 438 1005 456 :
1025 429 1055 456 Si

263 467 407 499 peccaverit
425 468 451 494 in
478 477 519 495 me
542 471 626 505 frater
651 480 733 504 meus,
758 473 859 507 quoties
876 474 980 501 dimitto
1008 476 1055 503 ei?

265 519 345 548 usque
361 514 452 546 septies
460 515 504 542 "'3
531 518 707 551 responderet
722 526 814 546 autem
828 519 958 548 Dominus
973 530 979 547 :
994 522 1053 548 Non

263 558 321 584 dico
331 559 377 585 tibi
389 561 493 594 septies,
512 562 557 588 sed
568 570 648 597 usque
662 565 807 600 septuagies
821 567 914 600 septies
927 567 959 598 5°,
983 567 1052 594 Inul-

265 604 420 641 tiplicatque
436 614 580 635 numerum
599 614 709 644 propter
724 611 898 645 operationes
915 613 1028 647 spiritus
1045 622 1052 646 ;

263 657 367 685 septem
382 652 455 680 enim
482 654 614 688 propheta
646 655 727 683 Isaias
758 658 914 687 numeravit
931 659 1026 687 dicens
1045 670 1052 686 .-

264 697 297 724 Et
311 699 450 732 requiescet
462 708 540 734 super
550 709 608 727 eum
622 702 731 736 spiritus
746 703 866 735 Domini;
880 703 981 731 Deinde
995 705 1054 738 ejus

262 743 332 769 dona
350 743 475 771 dividens
490 745 526 772 ait
547 755 552 772 :
567 746 681 779 Spiritus
707 749 843 782 sapientia:
856 755 878 776 et
893 750 1052 783 intellertus,

263 789 371 821 spiritus
396 791 498 817 consil-ii
521 798 544 818 et
572 793 741 827 fortitudinis,
757 795 865 828 spiritus
885 796 1003 824 scientite
1029 801 1053 826 et

264 835 378 868 pietatis,
392 841 416 863 et
437 837 544 871 replebit
570 847 628 866 eum
652 840 760 873 spiritus
784 841 884 868 timoris
903 841 1008 868 Domini
1020 843 1051 869 Μ.

264 880 340 913 Quod
357 887 446 910 autem
461 885 619 919 sanguinem
633 891 740 920 oportet
757 895 807 914 nos
818 887 844 914 in
855 889 980 923 passione
994 890 1054 924 ejus

263 926 396 961 accipere,
412 929 527 964 probant
546 930 621 963 Pilati
639 936 667 959 et
681 933 838 961 Juizeorum
859 926 967 969 verba;
988 937 1052 964 dum

263 972 336 1004 enim
351 973 503 1001 traderetur
519 976 603 1008 cruci,
621 977 679 1012 ipse
694 979 803 1012 quidem
811 979 910 1007 clamat
923 990 928 1006 ι
941 982 1054 1008 Mundus

265 1026 320 1047 sum
338 1027 354 1045 α
367 1019 567 1055 sanguinejusti
577 1022 666 1057 hujus.
685 1023 731 1051 liii
746 1029 834 1050 autem
852 1024 986 1061 :Sanguis
997 1026 1054 1060 ejus

264 1072 342 1098 super
352 1073 407 1098 nos,
421 1070 444 1092 et
453 1075 532 1101 super
540 1067 609 1101 filias
622 1073 722 1096 nostros
732 1069 753 1084 Μ
764 1070 775 1096 ?
791 1069 876 1103 Hujus
887 1071 1054 1105 aspcrsionis

265 1113 291 1136 et
306 1109 446 1145 Petrus'in
463 1111 595 1140 catholica
616 1113 734 1148 Epistula
750 1115 885 1146 meminit,
901 1117 1052 1150 apostolum

264 1166 292 1184 se
305 1158 449 1186 nominans
462 1158 605 1186 secundum
619 1160 812 1193 prtescieutiam
835 1160 882 1187 Dei
900 1159 998 1191 Patris,
1027 1163 1054 1188 in

263 1202 471 1236 sanctiﬁcatione
498 1203 623 1237 Spiritus,
651 1205 678 1231 in
701 1205 845 1232 obedientia
862 1210 886 1232 et
906 1207 1054 1241 aspersione

264 1248 399 1283 sanguinis
410 1249 471 1275 Iesu
486 1249 581 1276 Christi
597 1250 629 1276 “.
645 1250 671 1276 Si
686 1256 776 1279 autem
789 1251 858 1278 dicis
874 1251 935 1286 quia
965 1252 1054 1286 passio

264 1294 372 1328 quidem
381 1294 450 1328 ejus,
460 1300 605 1329 antequam
612 1297 772 1326 ascenderet
781 1297 808 1331 in
816 1297 910 1329 cmlos,
917 1297 1053 1331 provenit,

264 1339 400 1374 legislator
413 1345 504 1371 autem
530 1341 596 1370 dicit
615 1346 675 1376 post
694 1343 888 1377 ingressionem
905 1343 1054 1371 sacerdotis

265 1386 291 1415 iu
310 1387 486 1421 tabernaculo
502 1387 661 1422 testimonii,
679 1389 750 1423 quod
776 1397 826 1417 nos
840 1390 938 1416 coelum
953 1389 1055 1424 signiﬁ-

263 1441 327 1460 care
340 1433 469 1466 diximus,
485 1432 512 1461 Si
534 1434 645 1470 intingis
657 1435 770 1469 digitum
796 1436 823 1462 in
842 1436 1000 1471 sanguinem
1028 1442 1055 1464 et

264 1480 397 1516 aspergis:
411 1489 503 1508 verum
515 1483 717 1517 coguoscequia
728 1483 774 1516 qui
787 1483 900 1517 inferius
911 1483 1056 1512 cruciﬁxus

263 1531 406 1560 este-true,
418 1527 445 1556 in
463 1529 531 1555 cozlo
547 1533 586 1560 est
596 1528 754 1561 divinitate;
771 1533 798 1556 et
814 1534 955 1564 propterea
980 1530 1055 1564 prin-

262 1573 368 1608 cipibus
384 1574 557 1602 sacerdotum
568 1576 755 1610 iudicantibus
767 1584 829 1603 eum
845 1577 1055 1603 etcrurilixuris

263 1618 371 1648 dicebat
389 1627 394 1645 :
409 1618 470 1645 Dico
487 1621 567 1652 vobis,
583 1623 677 1647 mnodo
688 1621 806 1651 videbitis
823 1621 920 1650 Filium
943 1622 1054 1648 hominis

263 1665 394 1696 sedentem
406 1673 422 1690 a
436 1665 535 1692 dextris
548 1665 594 1692 Dei
605 1666 637 1693 ⁸³.
655 1665 733 1699 Quod
749 1672 839 1701 autem
850 1667 927 1703 dixit,
949 1668 1053 1701 amodo,

263 1709 433 1739 ostendentis
448 1709 508 1740 l‘uit.
536 1710 599 1745 quia
609 1718 663 1748 quo
678 1716 801 1746 tempore
814 1712 916 1740 vitulus
930 1712 1054 1740 iminola-

263 1757 344 1790 batur
364 1756 391 1783 in
413 1756 599 1792 inferioribus,
617 1765 651 1785 eo
669 1761 791 1793 tempore
809 1762 838 1785 ut
862 1757 985 1788 Pontifex
998 1759 1055 1794 ipse

263 1803 314 1835 sibi
322 1802 600 1835 sacriﬁciumotferret
610 1803 724 1831 incmlo.
736 1803 841 1837 Quibus
853 1804 1021 1831 conveniunt
1029 1809 1056 1831 et

263 1849 472 1885 subsequentia:
486 1849 618 1885 Ponetqne
629 1850 661 1877 de
670 1850 759 1877 eodem
768 1851 896 1886 sanguine
904 1859 982 1886 super
996 1859 1055 1883 cor-

264 1904 315 1925 nua
323 1895 417 1927 altaris
427 1896 609 1930 thymiamatis
619 1896 766 1932 gratissimi
776 1896 888 1923 Domino
896 1895 965 1932 quod
980 1901 1016 1923 est
1028 1897 1055 1928 in

263 1941 432 1972 tabernacula
452 1943 604 1975 testimonii.
621 1942 671 1970 Hic
681 1942 775 1970 sedem
790 1941 939 1977 cherubim
952 1943 1051 1979 signat,

261 1988 324 2024 quia
334 1988 407 2015 enim
422 1991 486 2022 sunt
500 1988 596 2021 altare,
605 1988 689 2016 Isaias
701 1997 751 2024 per
765 1989 899 2017 visionem
911 1989 1054 2024 Seraphim

263 2034 446 2069 Inanifestavit
460 2043 467 2067 ;
479 2035 517 2062 ait
538 2035 610 2070 enim
626 2042 633 2061 :
651 2035 685 2062 Et
699 2035 798 2066 volavit
819 2036 854 2062 ad
875 2044 915 2063 me
934 2044 1001 2063 unus
1024 2037 1056 2064 de

261 2081 410 2116 Scruphim,
426 2087 449 2108 et
475 2082 502 2110 iu
518 2090 598 2110 manu
623 2082 681 2117 ejus
706 2082 834 2114 calculus,
860 2092 935 2122 quem
959 2084 1057 2118 forcipe

262 2129 358 2156 tulerat
375 2129 406 2159 de
424 2128 507 2163 altari
520 2129 554 2155 ω.
571 2129 722 2162 Thimiama
737 2135 841 2162 autem,
857 2130 928 2164 sicut
939 2130 1056 2165 Septua-

263 2176 335 2210 ginta
347 2176 450 2207 dicunt,
464 2176 682 2211 compositionis,
695 2177 922 2211 compositionem
934 2176 1056 2210 omnium

262 2220 333 2249 sicut
349 2221 377 2252 in
392 2220 568 2256 thymiamate
586 2221 717 2257 virtutum,
732 2223 808 2255 dicit,
833 2231 894 2263 quae.
918 2227 983 2251 sunt
1013 2223 1057 2250 in-

265 2267 402 2303 telligibile
425 2267 582 2303 thymiama.
608 2267 659 2301 Ubi
688 2269 789 2303 quippe
823 2269 899 2296 decet
928 2269 1054 2300 virtutes,
1074 2272 1095 2300 ι)

264 2312 314 2343 nisi
333 2313 359 2340 in
373 2313 437 2340 sede
458 2313 504 2340 Dei
517 2321 578 2346 esse
593 2315 774 2349 compositas?
793 2315 819 2341 in
835 2315 944 2349 quibus,
966 2314 1018 2341 etsi
1031 2314 1058 2350 in

264 2364 334 2387 terra
348 2359 519 2390 conversatio
542 2365 594 2393 est,
611 2361 645 2387 de
667 2360 737 2394 coelo
759 2365 850 2387 tamen
875 2360 1056 2395 descendunt.

265 2406 340 2434 Unde
355 2412 382 2434 et
396 2406 498 2440 Paulus
511 2407 545 2434 de
563 2407 606 2434 liis
625 2407 671 2442 qui
688 2407 714 2434 in
733 2407 880 2440 virtutibus
909 2415 1057 2434 conversa-

264 2452 363 2481 bantur
377 2452 460 2479 dixit:
471 2452 568 2481 Nostra
583 2458 672 2485 autem
683 2454 844 2480 coniversatio
855 2454 882 2480 in
893 2453 963 2480 caelis
976 2458 1011 2480 est
1023 2454 1055 2480 θ’.

263 2499 381 2526 Jacubus
390 2507 456 2527 vero
466 2500 519 2532 ait:
532 2499 598 2534 Qui:
609 2506 698 2529 autent
714 2501 850 2533 desursum
865 2506 902 2528 est
911 2501 1055 2535 sapientia,

264 2545 379 2579 primum
412 2547 517 2582 quidem
536 2547 647 2582 benigna
668 2552 704 2574 est
715 2547 747 2580 ⁸⁷,
773 2547 932 2581 sapientiam
962 2547 1058 2574 dicens

264 2599 345 2619 unam
361 2593 394 2619 de
410 2593 584 2628 generalibus
604 2602 665 2621 esse
696 2594 844 2622 virtutibus
868 2603 874 2621 :
901 2599 963 2629 post
987 2593 1058 2620 hanc

262 2638 336 2665 enim
349 2638 492 2670 fortitudo,
509 2644 537 2666 et
553 2639 667 2674 iustitia.
684 2645 712 2667 ct
730 2641 852 2673 castitas,
868 2641 953 2673 nuitto
974 2641 1058 2678 magis

263 2690 290 2712 et
302 2690 409 2712 caetera:
426 2693 488 2713 cum
503 2685 555 2712 hac
566 2686 738 2719 ordinantur,
759 2694 819 2721 qua:
836 2687 900 2715 dum
920 2688 975 2716 sint
988 2695 1058 2721 qua-

264 2735 336 2763 tuor,
356 2735 386 2757 ιιι
402 2731 530 2765 arbitror,
561 2738 589 2758 et
605 2732 782 2764 excellentes,
807 2740 908 2760 cornua
936 2733 1056 2768 praedicti

264 2777 358 2804 altaris
372 2777 434 2812 quia
447 2785 547 2813 genera
572 2783 635 2805 sunt
658 2778 771 2805 aliarum
800 2779 942 2810 virtutum,
959 2787 1058 2807 convc-

265 2823 374 2850 uieuter
386 2824 574 2851 nominantur.
587 2825 632 2852 Ait
643 2830 735 2852 autem
751 2825 869 2853 ctlsaias
884 2835 889 2852 :
909 2826 1055 2852 illiset-irar-

1071 926 1090 952 Β

1069 1593 1090 1621 C

310 2895 333 2909 ⁵³
348 2893 443 2921 Matth.
462 2903 538 2926 svnt,
553 2895 597 2921 2|.

265 2937 338 2961 uti,
352 2930 397 2957 tit.
446 2930 468 2945 ί·
487 2930 537 2957 lsu.
557 2938 594 2964 vi,
611 2931 636 2956 6.

641 2895 662 2910 ⁸⁵
676 2895 730 2921 ibid
755 2895 800 2924 2:2.
854 2895 874 2910 ⁶¹
893 2895 942 2921 lsa.
966 2896 1086 2924 v.13.

683 2931 704 2945 ⁵⁸
719 2930 835 2964 l'liil-pp.
852 2938 889 2963 Ill,
905 2930 948 2956 fit).
988 2932 1007 2946 ε’

858 187 1021 219 HESYCHI
1027 190 1040 219 Ι
1059 190 1294 226 PRESBYTER]

1026 2931 1070 2957 Ja"
1095 2942 1100 2958 t

1847 198 1900 229 82$

1109 247 1159 274 dia
1181 247 1286 275 Domini
1302 250 1475 281 memorabor,
1497 251 1664 279 remmiuens
1684 251 1812 280 virtutum
1829 261 1898 287 qua.

1107 293 1162 320 Has
1176 293 1308 322 Dominus
1324 296 1402 331 ungit
1419 297 1530 332 proprio
1547 297 1690 333 sanguine,
1715 297 1849 325 virtutem
1859 299 1901 326 eis

1106 345 1239 375 prmstans
1255 342 1386 375 iuniorem
1401 343 1659 378 perfectioremque,
1677 349 1707 371 ut
1726 349 1821 372 contra
1849 345 1899 372 ad—

1106 387 1290 415 versariorum
1307 389 1379 416 vires
1391 389 1538 424 praevalere
1565 390 1681 424 possint.
1699 390 1817 418 Omnem
1833 391 1899 418 reli-

1106 441 1190 467 quum
1204 434 1365 469 sanguinem
1384 435 1472 469 vituli,
1499 436 1576 464 fundi
1593 436 1665 464 circa
1690 437 1777 464 basim
1804 437 1899 464 altaris

1106 479 1269 514 bolocausti,
1296 482 1368 516 quod
1395 487 1437 509 est
1470 483 1496 508 in
1523 483 1701 510 tabernaculo
1733 482 1898 515 testimonii,

1107 526 1247 560 pra-cepit.
1276 526 1368 554 Altare
1397 527 1636 558 holocautomatis,
1667 536 1766 555 rursus
1793 527 1898 555 Christi

1105 580 1205 606 corpus
1224 572 1408 608 intelligamus
1424 583 1429 600 :
1448 575 1517 602 sicut
1533 575 1606 601 enim
1625 575 1683 609 ipse
1716 574 1845 602 sacerdos
1871 580 1899 601 et

1105 618 1269 646 sacriﬁcium
1286 624 1336 649 est,
1349 619 1388 647 sic
1402 624 1430 647 et
1444 620 1529 648 altare
1540 625 1592 648 est.
1605 620 1632 647 Si
1647 626 1740 648 autem
1761 620 1787 647 in
1804 619 1900 647 multis

1105 664 1264 692 nominibus
1284 673 1368 692 unum
1399 670 1441 697 est
1466 666 1538 700 quod
1572 666 1751 701 signiﬁcatur.
1778 666 1900 694 diximus

1104 710 1205 745 quippe
1219 719 1282 738 eum
1303 716 1430 745 oportere
1455 711 1565 746 intelligi
1591 712 1674 738 etiam
1700 712 1801 743 velum,
1829 712 1899 738 nihil

1105 761 1147 783 est
1161 757 1233 791 quod
1245 765 1276 783 ex
1295 757 1346 785 hoc
1360 758 1444 792 possit
1455 757 1591 785 obsistere
1607 766 1615 789 ;
1628 758 1693 785 dum
1711 758 1784 784 enim
1802 758 1899 785 multas

1104 802 1158 829 sint
1172 802 1199 829 in
1214 802 1274 836 ipso
1287 803 1681 841 upcrationes”convenienter
1706 804 1787 831 etiam
1812 805 1898 831 multa

1104 853 1168 877 sunt
1182 849 1303 877 nomina.
1322 849 1376 877 Nec
1389 858 1422 877 ex
1444 850 1486 877 his
1515 850 1771 884 interpretationem
1806 851 1899 885 respui

1103 895 1180 930 quasi
1194 896 1352 923 mendacem
1369 896 1408 923 tas
1423 901 1475 928 est,
1495 895 1595 923 divina:
1621 895 1722 930 quippe
1749 895 1899 930 Scriptura;

1105 950 1165 969 mos
1186 947 1226 969 est
1253 949 1335 968 unam
1363 950 1420 968 rem
1445 941 1537 968 multis
1564 941 1704 969 insinuare
1728 942 1898 974 nominibus,

1104 988 1177 1023 quod
1193 988 1362 1015 demonstrat
1373 988 1519 1015 Zacharias
1533 996 1541 1019 ',
1557 987 1676 1014 aitenim
1689 996 1696 1014 :
1712 987 1746 1015 Et
1765 988 1897 1021 respondi,

1105 1039 1129 1060 et
1141 1033 1197 1060 dixi
1207 1033 1242 1060 ad
1253 1041 1311 1060 eum
1320 1041 1329 1059 :
1337 1033 1406 1065 Quid
1417 1039 1476 1059 sunt
1486 1033 1547 1059 dua:
1558 1032 1633 1060 oliva;
1645 1033 1702 1060 ista:
1715 1034 1750 1059 ad
1763 1033 1900 1059 dexteram

1105 1079 1268 1111 candelabri,
1289 1084 1312 1106 et
1333 1079 1367 1105 ad
1389 1079 1529 1106 sinistram
1543 1078 1601 1112 ejus
1620 1078 1632 1104 ?
1651 1079 1685 1104 Et
1708 1078 1830 1112 respondi
1857 1086 1899 1104 se-

1105 1126 1190 1154 cundo
1202 1132 1225 1152 et
1239 1126 1294 1152 dixi
1310 1126 1345 1153 ad
1357 1134 1416 1152 eum
1429 1133 1438 1152 :
1451 1124 1520 1156 Quid
1537 1129 1597 1151 sunt
1617 1125 1676 1151 duce
1693 1125 1790 1158 species
1816 1124 1901 1150 oliva-

1105 1181 1164 1199 rum
1196 1181 1254 1208 qua:
1267 1177 1328 1199 sunt
1352 1172 1432 1206 juxta
1455 1171 1507 1198 duo
1534 1176 1618 1198 rostra
1642 1178 1735 1200 aurea,
1753 1171 1780 1196 in
1805 1170 1901 1205 quibus

1104 1224 1164 1246 sunt
1179 1218 1316 1253 stt/fnsoria
1329 1226 1360 1245 ex
1373 1217 1457 1244 auro?
1469 1217 1503 1244 Et
1518 1218 1556 1244 ait
1568 1217 1603 1243 ad
1617 1225 1657 1243 me
1676 1216 1764 1243 dice-ns
1787 1224 1796 1242 :
1820 1215 1900 1242 Nun—

1105 1266 1168 1300 quid
1182 1265 1263 1291 neseis
1274 1265 1336 1298 quid
1347 1270 1405 1291 sunt
1417 1265 1489 1291 hmc?
1499 1265 1532 1291 Et
1543 1264 1599 1290 dixi
1610 1272 1619 1290 :
1633 1263 1691 1289 Non
1703 1264 1766 1294 scio,
1778 1263 1898 1289 Domine.

1106 1309 1140 1336 Et
1152 1310 1233 1336 dixit:
1248 1308 1295 1335 Isti
1305 1313 1365 1336 sunt
1378 1309 1429 1335 duo
1440 1309 1489 1342 ﬁlii
1507 1308 1558 1334 olei
1576 1307 1733 1341 splendoris,
1757 1307 1802 1340 qui
1828 1307 1900 1333 assi-

1104 1360 1175 1383 stunt
1184 1356 1349 1382 Dominatori
1356 1355 1482 1381 universa:
1489 1359 1566 1381 terra:
1572 1354 1605 1380 ‘°.
1615 1353 1746 1387 Equi-lem
1754 1352 1900 1379 Zacharias

1105 1402 1139 1436 de
1154 1401 1260 1429 duobus
1275 1401 1437 1435 quibusdam
1453 1400 1576 1434 inquirit,
1592 1400 1627 1426 de
1646 1399 1723 1431 oleis,
1741 1404 1768 1426 et
1791 1399 1826 1426 de
1858 1399 1901 1425 ei-

1107 1447 1319 1475 fumlentibusin
1349 1447 1513 1473 candelabro
1539 1446 1640 1473 oleum.
1658 1446 1709 1472 Cui
1735 1450 1828 1472 autem
1855 1452 1899 1471 re-

1107 1492 1217 1527 spondit
1239 1492 1376 1527 angelus,‘
1391 1491 1498 1518 duabus
1523 1490 1786 1526 interrogationibus
1817 1497 1900 1522 uuam

1107 1538 1359 1573 interpretationem
1391 1537 1492 1565 retulit.
1513 1537 1583 1570 Quia
1612 1541 1703 1564 autem
1730 1535 1901 1570 intelligibile

1108 1585 1191 1612 altare
1203 1593 1303 1619 corpus
1316 1585 1434 1615 Domini,
1462 1588 1489 1611 et
1519 1584 1614 1610 beatus
1642 1582 1742 1609 Paulus
1762 1582 1901 1619 intelligit,

1106 1631 1165 1666 ipso
1177 1631 1284 1658 dicente
1295 1638 1429 1665 cognosce
1446 1639 1453 1664 ;
1469 1631 1508 1658 ait
1523 1631 1596 1657 enim
1612 1639 1619 1656 :
1645 1630 1777 1656 [iubemus
1803 1629 1901 1662 altare,

1104 1677 1136 1703 de
1147 1685 1196 1711 quo
1211 1677 1286 1703 edere
1299 1684 1350 1702 non
1364 1676 1458 1702 habent
1479 1680 1632 1710 potestatem
1649 1675 1675 1701 hi
1705 1675 1750 1710 qui
1775 1676 1903 1701 taberna-

1105 1721 1163 1748 culo
1175 1721 1322 1748 deserviunt
1332 1722 1365 1753 ⁸³,
1382 1729 1481 1756 corpus
1496 1721 1623 1748 videlicet
1635 1720 1735 1747 Christi
1750 1720 1856 1752 dicens,
1868 1720 1903 1748 de

1106 1767 1151 1795 illo
1168 1767 1240 1794 enim
1261 1767 1405 1794 comedere
1415 1766 1516 1795 Judieis
1532 1767 1573 1794 fas
1588 1775 1642 1793 non
1663 1771 1715 1794 est.
1733 1765 1790 1793 lloc
1816 1766 1903 1794 altare

1105 1813 1259 1841 necessarie
1277 1813 1303 1840 in
1322 1813 1434 1840 introitu
1448 1812 1617 1840 tabernaculi
1631 1811 1793 1844 testimonii,
1806 1811 1833 1838 id
1848 1817 1901 1841 est.

1105 1860 1132 1892 in
1149 1860 1263 1887 introitu
1281 1859 1412 1888 caelorum
1428 1864 1482 1891 est,
1494 1859 1558 1894 quia
1573 1867 1621 1894 per
1641 1859 1729 1893 ipsum
1747 1858 1904 1893 ingressum

1106 1907 1239 1934 habemus
1257 1906 1283 1933 iu
1304 1906 1390 1933 cmlis.
1404 1906 1454 1933 Sed
1466 1906 1522 1941 jam
1539 1905 1642 1940 reliqua
1658 1904 1741 1938 hujus
1773 1904 1903 1931 sacriﬁcii

1106 1953 1295 1981 discutiamus.
1313 1953 1490 1987 Qtnceunque
1510 1952 1584 1979 enim
1615 1951 1642 1978 in
1667 1950 1802 1978 sacriﬁcio
1826 1950 1904 1984 paci-

1107 2000 1232 2031 ﬁcorum,
1251 2007 1300 2026 seu
1315 1999 1428 2026 salutari
1442 1998 1582 2033 praecepit,
1597 1998 1692 2025 eadem
1707 1998 1765 2024 ﬁeri
1777 1998 1862 2023 etiam
1875 1996 1902 2022 iu

1107 2046 1160 2073 hoc
1174 2046 1313 2081 praecepit,
1331 2046 1400 2072 duos
1415 2046 1582 2073 renunculos
1596 2045 1701 2075 oll'erri,
1718 2048 1745 2071 ct
1757 2042 1903 2070 reticulum

1106 2093 1178 2128 quod
1192 2098 1234 2119 est
1248 2100 1330 2127 super
1342 2099 1399 2123 eos,
1413 2096 1441 2118 et
1451 2092 1558 2126 adipem
1571 2091 1682 2126 iecoris,
1694 2090 1767 2125 quod
1784 2090 1904 2124 Septua-

1106 2138 1179 2174 ginta
1199 2139 1317 2165 etluntet
1330 2138 1440 2173 pinnam
1465 2137 1578 2172 nepotis,
1596 2141 1624 2163 et
1645 2135 1745 2163 arioleri
1764 2143 1794 2161 ea
1819 2142 1905 2168 supcr-

1106 2185 1191 2212 altarc
1221 2184 1483 2211 holocautomatum.
1507 2183 1535 2210 In
1551 2183 1658 2210 duobus
1676 2181 1840 2208 sacriﬁcium
1860 2181 1904 2206 di-

1108 2231 1211 2261 videns,
1231 2234 1367 2264 quatenus
1384 2229 1512 2256 omnibus
1527 2229 1607 2256 liceat
1618 2227 1719 2254 Christi
1736 2225 1903 2253 sacriﬁcium

1109 2277 1220 2308 imitari,
1234 2276 1260 2303 id
1280 2281 1332 2308 est,
1351 2281 1403 2303 tam
1421 2275 1464 2305 bis
1479 2275 1526 2310 qui
1539 2273 1676 2301 inferioris
1696 2277 1761 2300 sunt
1785 2280 1903 2299 conver-

1110 2324 1236 2358 sationis,
1252 2323 1293 2350 eis
1314 2323 1415 2357 quippe
1428 2321 1576 2349 convenire
1592 2319 1767 2355 paciﬁcorum
1783 2318 1906 2345 diximus

1109 2369 1282 2402 sacriﬁcium.
1294 2377 1375 2404 quam
1390 2369 1485 2395 altiora
1496 2367 1676 2403 sapientibus,
1690 2366 1791 2401 quibus
1802 2365 1905 2393 imitari

1109 2414 1208 2446 Sttilicll
1220 2421 1281 2448 quin
1293 2418 1454 2448 sequuntur.

1144 2461 1243 2489 Pellem
1263 2469 1322 2487 vero
1352 2465 1375 2487 et
1393 2468 1481 2487 ontvtes
1496 2467 1588 2487 carnes
1600 2468 1659 2486 cum
1674 2459 1770 2493 capite,
1787 2463 1812 2484 et
1829 2459 1903 2492 pedi-

1109 2507 1164 2539 bus,
1183 2513 1205 2533 et
1219 2507 1361 2537 intestinis,
1381 2511 1405 2532 et
1422 2505 1494 2540 ﬁmo,
1515 2510 1539 2531 et
1569 2504 1670 2539 reliquo
1690 2511 1796 2538 corpore
1817 2503 1905 2537 efferet

1109 2560 1183 2587 extra
1196 2558 1295 2580 castra.
1310 2551 1387 2584 Quod
1404 2551 1534 2586 praecepit
1549 2555 1579 2577 ut
1593 2558 1646 2577 non
1664 2549 1807 2577 Christum
1832 2548 1906 2576 divi-

1112 2600 1172 2631 das,
1190 2599 1262 2626 sicut
1273 2598 1382 2633 quidam
1393 2597 1520 2630 dividunt
1534 2597 1657 2625 dicentes
1670 2595 1712 2623 :Is
1720 2595 1766 2630 qui
1775 2596 1808 2623 de
1820 2595 1906 2622 Maria

1111 2649 1162 2676 est.
1180 2653 1276 2680 passus
1286 2649 1327 2671 est
1342 2653 1348 2671 :
1365 2644 1410 2678 qui
1427 2648 1516 2675 autem
1531 2643 1565 2670 de
1579 2642 1634 2670 Deo
1651 2642 1728 2669 Patre
1739 2646 1792 2673 est,
1805 2649 1906 2675 passus

1111 2700 1165 2720 non
1184 2696 1234 2718 est.
1251 2691 1334 2728 Nobis
1347 2690 1420 2725 enim
1444 2697 1515 2722 unus
1528 2689 1661 2726 Dominus
1675 2688 1753 2716 Jesus
1765 2687 1906 2718 Christus,

1111 2745 1158 2772 per
1178 2746 1258 2772 quem
1291 2737 1382 2764 omnia
1408 2745 1414 2763 :
1445 2735 1508 2772 quia
1528 2736 1679 2762 secundum
1704 2733 1778 2768 quod
1805 2733 1906 2759 Paulus

1112 2783 1181 2810 dixit
1200 2793 1205 2810 :
1222 2784 1291 2812 Cum
1314 2788 1339 2810 ut
1358 2782 1440 2811 homo
1455 2786 1606 2816 pateretur,
1620 2780 1751 2807 miracula
1767 2784 1860 2806 tamen
1875 2779 1902 2805 ὶοι

1112 2828 1281 2862 passionibus
1295 2833 1434 2862 operatur,
1447 2832 1475 2854 ut
1487 2827 1568 2859 Deus,
1581 2826 1628 2854 sed
1643 2833 1776 2860 nusquam
1789 2825 1904 2853 divisus.

1126 2896 1147 2911 θ’
1166 2894 1258 2922 Matth.
1273 2904 1358 2925 χιι-ιι.
1372 2896 1417 2925 Ἡ,
1436 2895 1480 2922 ‘25.
1520 2896 1563 2922 "l
1579 2896 1651 2922 Ριιιιν.
1670 2903 1688 2926 ι,
1706 2894 1733 2920 ‘2.
1773 2893 1795 2907 “
1809 2892 1894 2919 ‘lnllll

1153 2931 1193 2957 Π.
1229 2931 1250 2947 ⁸³
1269 2931 1383 2959 Zachar.
1399 2939 1434 2962 tr,
1451 2930 1537 2958 ιι-ιι.
1578 2931 1600 2946 ⁸⁸
1619 2929 1699 2956 Hebr.
1717 2936 1774 2962 sui,
1800 2927 1842 2954 l0.
