2052 3150
147 195 198 226 8ἒ5

728 202 769 232 IN
788 203 1007 234 LEVITICUH.
1026 206 1145 236 -ΠΒ,
1166 207 1191 238 Ι.

1724 209 1781 240 826

149 254 263 302 Propter
289 254 361 289 quod
387 263 498 285 carnem
521 257 590 291 ejus,
618 258 644 285 id
660 264 712 292 est,
740 260 937 288 humanitatem
952 266 975 292 Α
1025 263 1105 290 Vens.
1123 265 1212 302 ιξιει.
1233 275 1241 291 ι
1258 265 1336 298 Quod
1351 266 1372 293 si
1388 266 1478 294 omnis
1500 266 1578 294 turba
1593 265 1674 293 Israel
1692 266 1795 301 igua-1

149 299 285 333 videlicet,
304 303 358 327 tam
374 309 436 328 enin
452 302 498 336 qui
517 303 675 337 apparebat.
686 313 767 339 quam
787 306 833 340 qui
850 307 876 332 in
893 314 938 334 oe-

150 345 221 372 eulto
237 350 307 377 erat,
317 346 467 379 hominem,
482 348 517 375 de
531 356 586 384 quo
601 349 638 376 ait
656 349 756 377 Paulus
770 361 776 378 :
803 351 836 378 Et
856 352 879 378 si
893 360 939 379 ea-

151 391 231 418 terior
260 392 338 419 homo
355 398 442 420 noster
470 395 665 429 corrumpitur,
683 397 728 423 sed
744 397 852 423 interior
863 405 939 424 reno—

152 442 229 464 uatur
245 437 278 464 "°.
293 437 363 465 Caro
374 438 447 465 enim
461 438 489 469 in
505 439 630 472 Domino,
656 441 745 468 omnis
765 441 824 475 ejus
843 442 941 470 buma-

152 484 233 514 nitas.
247 484 310 518 quia
330 483 442 512 Verbum
467 493 528 511 caro
541 486 639 520 factum
651 492 688 513 est
696 487 737 519 7",
753 487 859 515 dicitur.
874 488 940 516 Pro-

153 534 212 563 pter
227 530 300 564 quod
315 535 343 557 et
353 537 463 558 carnem
487 531 546 564 ejus
571 539 632 558 cum
653 533 741 566 capite
763 538 790 560 et
811 534 937 567 pedibus,

153 575 194 602 vel
211 583 274 602 cum
289 575 378 609 capite
395 579 422 602 et
445 576 574 603 extremis
601 577 728 605 videlicet
755 578 880 612 pedibus,
901 579 941 607 sic

152 620 225 649 enim
242 620 334 646 ceteri
346 620 526 655 interpretum
541 622 695 653 ediderunt,
714 623 793 657 jussit
808 624 917 651 incendi
931 633 938 652 :

154 669 183 691 ut
198 673 248 699 per
261 665 388 699 prendit-ta
404 666 485 692 verba
509 674 571 694 eum
589 667 635 700 qui
663 676 713 702 pro
735 669 814 696 nobis
845 677 941 704 passus

154 716 204 743 est,
220 719 281 739 esse
300 719 314 738 a
328 712 462 746 principio
475 717 502 740 et
512 713 538 739 in
549 714 703 741 novissimis
718 715 939 750 intelligereiuus.

153 759 188 785 de
209 767 265 793 quo
284 760 321 786 ait
340 759 440 786 Paulus
457 769 464 786 :
485 760 551 792 Quia
565 762 591 788 in
601 763 657 796 ipso
667 768 754 790 creata
767 770 826 790 sunt
841 765 940 796 omnia,

154 811 212 838 qua
229 803 256 829 in
271 803 351 834 uelis,
365 808 389 830 et
403 811 460 838 qua:
474 804 500 830 in
512 809 592 837 terra,
610 806 722 832 visibilia
746 811 770 832 et
790 807 940 839 invisibilia,

153 850 206 875 sive
218 849 315 879 throni,
329 849 382 876 sive
393 850 594 882 dominationes,
619 851 671 877 sive
694 852 868 886 principatus,
889 853 942 879 sive

155 899 305 929 potestates.
318 895 406 922 omnia
421 904 467 928 per
480 896 566 929 ipsum
585 901 610 922 et
629 897 657 922 in
685 898 741 930 ipso
764 902 851 924 creata
870 903 940 930 sunt,

155 947 179 968 et
191 941 246 975 ipse
256 947 294 968 est
306 947 367 968 ante
378 942 476 973 omnia,
487 946 511 968 et
525 943 614 968 omnia
639 943 666 968 in
686 943 744 976 ipso
766 948 886 970 constant
898 952 907 974 ;
918 949 941 970 et

156 988 208 1021 ipse
221 992 259 1014 est
275 992 354 1021 caput
370 987 484 1019 corporis
504 987 636 1019 Ecclesiae,
660 989 704 1023 qui
726 994 761 1015 est
775 990 941 1024 principium,

155 1033 344 1067 primogenitus
357 1041 372 1058 a
386 1033 494 1059 mortuis
511 1041 519 1058 :
535 1037 563 1058 ut
573 1033 606 1059 sit
623 1034 677 1066 ipse
695 1033 722 1060 in
744 1034 861 1061 omnibus
887 1034 942 1068 pri-

156 1082 257 1104 matum
272 1083 361 1103 tenens
371 1077 403 1103 7‘.
421 1076 534 1111 Insuper
547 1085 608 1104 cum
639 1078 776 1106 intestinis
802 1083 830 1106 et
859 1079 941 1112 limo;

156 1123 198 1150 vel
225 1123 297 1150 sicut
323 1122 517 1157 Septuaginta,
552 1130 614 1150 cum
643 1128 739 1151 ventre
765 1129 793 1152 et
821 1129 941 1152 stercore

156 1167 252 1198 edunt,
268 1171 298 1194 ut
312 1168 374 1202 quia
389 1168 489 1195 mentis
502 1169 680 1203 intelligibilis
709 1174 804 1196 venter
829 1169 942 1204 ﬁguram

155 1215 236 1250 gerit,
256 1215 327 1241 sicut
352 1214 379 1240 in
406 1214 548 1241 sacriﬁciis
575 1214 690 1242 aliorum
721 1215 943 1249 bolocaustorum

156 1260 337 1290 ostendimus,
353 1267 385 1286 ex
400 1267 433 1286 eo
448 1264 570 1286 mentem
586 1259 714 1287 habuisse
735 1265 856 1288 nostram
882 1269 944 1288 eum

156 1306 203 1341 qui
219 1314 268 1340 pro
281 1305 360 1332 nobis
374 1313 469 1340 passus
481 1309 533 1337 est,
553 1305 664 1332 tninime
688 1305 854 1341 ignoremus,
873 1307 946 1341 quod

157 1353 268 1387 quidam
280 1351 471 1379 hiereticorum
485 1355 594 1386 negant.
613 1351 705 1378 Fimus
721 1356 811 1379 autem
834 1357 946 1386 peccata

158 1399 268 1435 generis
290 1397 403 1425 humani
428 1398 581 1432 signiﬁcat,
605 1405 664 1432 qua:
691 1397 838 1425 cruciﬁxus
864 1398 891 1425 in
917 1406 947 1426 se

158 1445 297 1479 suscepit:
313 1444 371 1472 inec
385 1445 458 1471 enim
470 1444 548 1471 ﬁmus
572 1443 678 1471 Domini
700 1444 883 1472 verisimiliter
905 1445 946 1472 di-

159 1497 269 1518 cuiitur.
287 1490 379 1517 Fimus
391 1490 491 1524 quippe
508 1497 569 1516 cum
585 1489 621 1516 sit
646 1489 814 1522 immundus,
848 1498 947 1526 geren-

161 1543 215 1567 tem
228 1544 283 1563 non
301 1536 406 1570 polluit,
418 1543 506 1570 neque
523 1540 627 1563 natura;
641 1540 741 1563 nostra:
759 1542 810 1567 est,
825 1537 948 1571 quamvis

159 1583 194 1610 sit
210 1583 237 1609 in
254 1582 341 1614 nobis,
358 1582 428 1609 sicut
450 1585 478 1608 et
496 1587 605 1616 peccata
630 1585 732 1614 nostra,
750 1590 810 1616 quae
832 1582 948 1617 portavit

161 1628 302 1660 Dominus,
317 1631 344 1654 et
356 1628 443 1655 aliena
460 1628 570 1655 fuerunt
581 1627 615 1655 ab
626 1635 668 1660 eo,
682 1633 781 1659 eteum
794 1629 948 1656 nullatenus

161 1676 327 1710 polluerunt,
353 1676 501 1710 permansit
522 1675 595 1702 enim
621 1675 680 1702 sine
701 1680 823 1710 peccato.
849 1676 948 1703 Totum

160 1730 226 1756 ergo
242 1721 368 1753 vitulum,
382 1721 409 1748 id
422 1725 464 1748 est
478 1725 565 1748 totum
577 1721 727 1752 Christum,
751 1725 828 1748 extra
860 1726 948 1748 castra

161 1769 188 1795 in
205 1768 265 1795 loro
281 1767 471 1800 mundissimo,
484 1767 528 1794 ubi
542 1767 645 1794 eﬂ'uudi
660 1767 766 1795 cineres
777 1767 876 1799 Solent,
888 1767 947 1802 ejici

161 1813 299 1849 legislator
310 1813 397 1847 jubet.
412 1813 583 1848 apertissime
597 1813 720 1840 sacriﬁcii
738 1813 838 1841 Christi
859 1813 948 1840 locum

159 1859 313 1895 signiﬁcare
334 1859 457 1890 students,
475 1864 550 1886 extra
567 1859 641 1887 enim
668 1864 755 1886 castra
782 1867 877 1894 passus
896 1863 947 1892 est,

160 1905 231 1938 quod
263 1909 378 1931 testatur
405 1904 505 1932 Paulus
525 1904 619 1931 dicens
640 1914 646 1931 :
671 1904 733 1931 Ideo
767 1909 790 1931 et
813 1904 948 1937 Jesus,ut

159 1951 336 1985 sanctiﬁcaret
347 1951 457 1985 plebem,
473 1955 547 1978 extra
561 1954 665 1984 portam
678 1958 769 1984 passus
784 1954 820 1976 est
833 1950 865 1976 ⁷⁵,
883 1948 949 1981 Quis

160 2002 251 2024 autent
266 1998 384 2024 mundus
396 2002 438 2025 est
449 1997 549 2025 cineris
560 1996 646 2027 locus,
666 1994 798 2030 Golgotba
812 1995 947 2025 videlicet,

159 2044 223 2070 etin
240 2048 344 2071 tantum
360 2043 487 2074 mundus,
501 2046 531 2070 ut
545 2042 675 2069 mundum
691 2045 778 2068 totum
795 2041 852 2074 ipse
869 2048 949 2066 mun-

160 2090 246 2117 daret.
262 2089 368 2117 (iineris
384 2093 474 2117 autent
494 2093 567 2116 recte
582 2088 658 2115 locus
673 2091 716 2114 est
730 2087 829 2119 dictus,
843 2085 905 2120 quia
921 2085 949 2112 in

161 2137 220 2170 ipso
231 2136 367 2163 exstincta
382 2139 446 2163 sunt
460 2139 569 2169 peccata
582 2133 694 2161 bumani
709 2132 826 2168 generis,
843 2131 914 2158 unde
923 2136 950 2158 ct

161 2182 280 2208 mundus
292 2181 367 2208 locus
379 2181 541 2215 appellatur.

196 2227 390 2261 Intendeutque
414 2235 444 2254 eu
466 2235 544 2261 super
572 2226 702 2261 lignorum
727 2229 836 2252 struem.
865 2223 948 2258 Ligna

159 2277 251 2300 autent
277 2273 303 2299 in
327 2272 387 2307 igne
413 2272 568 2307 Scripturas
595 2278 686 2298 sacras
718 2270 843 2297 diximus.
870 2268 950 2302 Qua:-

159 2326 269 2353 cunque
294 2324 384 2346 autent
411 2318 437 2345 in
455 2318 569 2346 Domino
591 2322 712 2352 tempore
728 2315 862 2350 passionis
876 2319 950 2350 gesta

159 2369 234 2395 sunt,
251 2364 285 2390 ad
299 2363 434 2398 implenda
448 2371 479 2390 ea
508 2371 568 2398 qtae
580 2363 720 2398 prophetae
731 2361 867 2391 dixerunt.
887 2364 951 2388 sunt

160 2414 247 2444 gesta,
273 2409 347 2443 quod
362 2408 515 2435 manifestat
534 2408 663 2435 Dominus
684 2407 792 2442 quando
816 2415 830 2433 a
850 2406 951 2434 Iudaeis

159 2457 377 2492 comprehensus
396 2460 446 2487 est,
469 2454 582 2483 dicens:
607 2457 742 2490 Tanquam
760 2455 795 2481 ml
819 2454 951 2481 latronem

159 2503 253 2530 existis
276 2511 334 2529 cum
359 2502 455 2537 gladiis
483 2507 507 2528 et
523 2503 633 2537 fustibus
650 2502 866 2535 compreltcntere
891 2508 950 2532 me;

159 2549 277 2584 quotidie
301 2549 327 2575 in
346 2549 442 2582 tentplo
454 2548 573 2575 sedebant
592 2548 693 2579 docens,
710 2552 733 2574 et
747 2555 798 2573 non
813 2555 852 2573 me
868 2547 952 2573 tenui-

158 2595 218 2622 stis.
237 2594 293 2628 Hoc
307 2600 395 2621 autent
411 2595 510 2630 factum
523 2599 571 2624 est,
587 2598 613 2620 ut
626 2593 819 2627 complerentur
832 2591 952 2624 Scriptu-

160 2649 198 2668 ηε
212 2641 440 2675 prophetarum”.
464 2640 497 2667 Et
520 2647 633 2667 rursus:
651 2639 725 2670 lusus
745 2643 834 2665 autent
862 2638 951 2665 ridens

159 2686 230 2721 quod
242 2686 333 2712 omnia
359 2690 540 2712 consummata
554 2686 646 2716 essent,
671 2689 699 2711 ut
711 2684 864 2717 impleretur
877 2683 951 2710 Scri—

161 2737 251 2766 ptura.
274 2732 362 2759 dixit:
384 2731 489 2759 Sitio".
514 2731 566 2758 Sed
589 2738 651 2758 cum
674 2738 722 2765 per
745 2729 850 2764 singula
867 2729 950 2764 ﬁgura

163 2777 313 2805 Dominicze
323 2777 456 2812 passionis
471 2781 609 2812 appareat.
620 2781 710 2804 tamen
723 2776 829 2810 planius
841 2775 949 2810 legisla-

163 2831 205 2854 tor
227 2827 338 2854 videtur
348 2826 399 2853 hoc
411 2826 437 2852 in
456 2825 633 2860 sequentibus
645 2824 761 2860 ﬁgurare
780 2824 949 2858 mysterium.

197 2896 330 2923 "Illiol‘.
356 2905 392 2926 ιν,
424 2895 468 2922 lli.
506 2896 538 2911 ⁷⁸·
570 2895 648 2921 Joan.
671 2894 751 2925 1,”.

960 931 980 957 Β

789 2894 809 2908 ⁷¹
827 2893 930 2920 Coloss.
955 2901 973 2922 l.
999 2893 1090 2922 ili-l3.

990 310 1100 339 raverit.
1123 315 1150 337 et
1177 319 1226 345 per
1253 311 1418 346 imperitiam
1453 312 1549 339 iecerit
1579 311 1650 346 quod
1680 316 1775 339 contra

989 354 1146 382 mandatum
1168 355 1273 382 Domini
1296 361 1347 389 est,
1373 361 1400 383 et
1423 362 1516 392 postea
1536 357 1700 386 intellexerit
1714 364 1777 392 pee-

989 405 1080 429 catum
1102 409 1193 433 suum,
1218 402 1315 429 oil'eret
1340 403 1454 430 vitulum
1484 411 1533 437 pro
1551 408 1672 438 peccato,
1687 403 1775 430 addu-

989 451 1088 481 cetque
1100 454 1162 473 eum
1175 447 1208 473 ad
1223 448 1322 474 ostium
1337 448 1514 480 tabernaculi,
1525 453 1552 476 et
1568 454 1669 485 ponent
1683 450 1775 476 senio—

990 499 1034 518 res
1046 492 1136 526 populi
1153 500 1250 519 manus
1272 500 1352 526 super
1371 498 1453 527 caput
1467 493 1526 527 ejus
1541 501 1632 520 coram
1650 493 1772 520 Domino.

990 537 1184 573 lmmolatoque
1210 539 1296 566 vitulo
1317 539 1345 566 in
1360 545 1506 573 conspectu
1530 539 1648 572 Domini,
1675 539 1775 566 inferet

991 584 1116 611 sacerdos
1135 585 1179 619 qui
1194 590 1292 612 unctus
1304 590 1354 615 est.
1370 585 1403 612 de
1420 586 1551 620 sanguine
1565 586 1625 620 ejus
1638 585 1664 612 in
1686 585 1776 612 taber-

991 630 1118 657 naculum
1133 630 1290 661 testimonii,
1307 631 1390 658 tincto
1406 631 1491 665 digito
1510 639 1657 665 aspergens
1673 631 1775 665 septies

991 681 1084 704 contra
1101 676 1199 709 velum,
1215 680 1350 710 ponetque
1371 676 1403 703 de
1420 684 1453 703 eo
1465 676 1623 711 sanguinem
1642 677 1669 702 in
1686 676 1776 702 curiti—

991 722 1042 748 bus
1054 721 1155 752 altaris,
1172 721 1243 754 quod
1259 725 1301 747 est
1315 728 1405 747 coram
1422 719 1534 747 Domino
1548 719 1575 746 in
1597 719 1776 746 tabernaculo

993 766 1150 794 testimonii.
1160 766 1301 800 Reliquum
1317 771 1407 792 autem
1419 765 1579 800 sanguinem
1592 765 1689 792 fundet
1700 765 1775 796 juxta

992 812 1078 840 basiat
1104 812 1196 839 altaris
1225 812 1455 843 holocaustorutn,
1488 810 1561 846 quod
1590 816 1633 838 est
1659 811 1686 838 in
1706 811 1777 838 ostio

988 857 1158 895 tabernaculi
1197 858 1355 890 testimonii,
1394 865 1557 892 omnemque
1579 858 1639 892 ejus
1671 857 1777 890 adipem

993 903 1068 931 tollet
1081 913 1087 930 :
1104 909 1132 930 et
1145 903 1263 930 adolebit
1277 912 1359 938 super
1373 904 1467 930 altare.
1484 903 1528 931 Sic
1547 903 1628 930 faciet
1643 903 1713 930 etde
1728 903 1779 931 hoc

993 950 1076 978 vitulo
1100 950 1234 984 quomodo
1260 949 1335 982 fecit,
1358 954 1385 977 et
1408 950 1492 983 prius.
1506 955 1532 976 et
1553 954 1662 984 rogante
1679 949 1779 984 procis

992 997 1141 1027 sacerdote,
1168 995 1300 1030 propitius
1324 995 1376 1022 erit
1404 994 1547 1021 Dominus.
1573 994 1664 1029 Ipsum
1687 999 1777 1021 autem

993 1042 1107 1069 vitulum
1143 1041 1238 1068 elleret
1271 1045 1346 1068 extra
1379 1045 1479 1071 castra,
1511 1045 1593 1074 atque
1622 1039 1776 1070 comburet,

994 1088 1063 1114 sicut
1079 1092 1107 1114 et
1121 1088 1238 1122 priorem
1255 1087 1378 1118 vitulum,
1392 1086 1454 1121 quia
1467 1094 1516 1121 pro
1528 1090 1639 1120 peccato
1653 1089 1694 1112 est
1706 1084 1779 1111 mul-

995 1134 1128 1161 titudinis.
1148 1143 1158 1158 ι

1029 1179 1070 1206 Nil
1086 1180 1113 1206 in
1129 1179 1171 1206 his
1187 1178 1322 1214 legislator
1333 1178 1512 1206 commutavit
1533 1178 1605 1212 quod
1620 1184 1681 1204 esse
1695 1176 1780 1211 possit

995 1230 1068 1252 extra
1098 1225 1255 1260 praedictum
1283 1224 1456 1256 sacriﬁcium,
1484 1223 1557 1258 quod
1580 1227 1622 1250 est
1649 1221 1781 1257 principis

995 1269 1166 1297 sacerdotum
1180 1279 1187 1296 :
1203 1269 1272 1296 idem
1287 1269 1360 1296 enim
1373 1276 1389 1295 a
1408 1268 1496 1295 turbis
1506 1267 1596 1299 Israel,
1614 1271 1642 1294 et
1657 1274 1672 1294 a
1688 1273 1781 1293 sacer-

995 1316 1058 1342 dote
1072 1314 1163 1342 ollerri
1181 1314 1320 1350 praecepit,
1335 1314 1449 1341 vitulum
1470 1313 1544 1340 enim
1565 1317 1593 1339 et
1609 1312 1654 1339 hic
1684 1316 1712 1339 et
1726 1311 1782 1338 illic

996 1361 1072 1388 dixit.
1101 1360 1230 1388 Similiter
1253 1360 1334 1387 etiam
1360 1358 1518 1394 sanguinem
1546 1358 1575 1385 in
1605 1356 1784 1384 tabernaculo

998 1405 1143 1433 testimonii
1159 1405 1249 1432 offerri
1265 1405 1352 1440 jubet,
1367 1405 1481 1432 vitulum
1499 1408 1590 1430 autem
1605 1407 1680 1430 extra
1694 1406 1783 1429 castra

997 1451 1123 1478 incendi:
1144 1455 1226 1485 atque
1239 1450 1408 1485 apertissime
1426 1450 1453 1476 in
1469 1449 1523 1480 his,
1542 1456 1601 1482 quae
1616 1448 1685 1475 dicta
1707 1451 1782 1478 sunt,

997 1497 1148 1525 ostenditur
1172 1497 1235 1531 quia
1261 1496 1357 1523 eadem
1378 1500 1457 1523 erant
1472 1495 1559 1530 plebis
1580 1494 1784 1528 sacerdotisque

998 1548 1117 1578 peCI-ata.
1144 1542 1210 1569 Nam
1235 1550 1317 1577 quam
1339 1542 1374 1569 ob
1397 1549 1505 1569 causam
1523 1541 1595 1568 idem
1618 1540 1783 1567 sacritlcium

961 1595 982 1626 ο
999 1596 1048 1623 pro
1073 1589 1113 1615 eis
1129 1587 1262 1615 otl'erret?
1287 1586 1363 1622 Quod
1378 1591 1468 1614 autem
1484 1586 1518 1613 de
1533 1586 1666 1613 sacriﬁcio
1684 1585 1784 1611 intuiti-

999 1639 1082 1661 tatum
1100 1638 1151 1665 est,
1170 1633 1221 1660 hoc
1235 1633 1319 1668 magis
1335 1633 1368 1660 ad
1389 1631 1542 1659 ﬁrmitatem
1567 1631 1697 1670 pertinet,
1713 1629 1784 1664 quod

999 1689 1083 1707 unum
1100 1679 1135 1707 sit
1156 1678 1339 1706 sacriﬁcium:
1357 1685 1419 1706 nam
1435 1677 1461 1704 in
1477 1677 1616 1704 sacerdote
1631 1683 1684 1703 non
1697 1675 1764 1703 dixit
1777 1683 1783 1690 ·

1000 1725 1028 1752 δί
1045 1725 1203 1759 cognoverit
1222 1727 1363 1759 peccatum
1378 1730 1468 1753 suum,
1485 1729 1536 1749 nec
1547 1722 1620 1749 enim
1642 1722 1784 1756 ignoratu-

999 1779 1046 1800 rus
1058 1776 1117 1798 erat
1138 1771 1268 1798 Dominus
1291 1774 1446 1805 peccatum,
1473 1769 1546 1804 quod
1580 1773 1609 1795 ut
1635 1767 1786 1802 susciperet

999 1819 1156 1846 incarnatus
1175 1821 1225 1845 est.
1253 1817 1290 1844 De
1309 1816 1387 1844 turba
1408 1821 1510 1847 autem,
1531 1815 1558 1842 id
1583 1818 1634 1848 est,
1650 1813 1684 1842 de
1707 1821 1786 1849 syna-

999 1873 1063 1900 goga
1079 1865 1135 1891 sive
1148 1865 1180 1891 de
1196 1864 1285 1898 plebe.
1298 1861 1409 1890 attende
1423 1862 1487 1896 quid
1500 1861 1538 1888 ait
1553 1869 1560 1887 :
1645 1859 1648 1862 ’

1035 1911 1108 1943 Quod
1122 1910 1145 1937 si
1157 1909 1240 1936 omnis
1254 1911 1329 1935 turba
1343 1907 1428 1934 Israel
1445 1905 1617 1941 ignoraverit,
1633 1909 1657 1931 et
1672 1912 1718 1938 per
1735 1904 1787 1929 im-

999 1958 1121 1993 peritiam
1136 1956 1224 1992 fecerit
1254 1955 1322 1990 quod
1340 1959 1431 1980 contra
1453 1953 1607 1979 mandatum
1622 1950 1725 1977 Domini
1738 1952 1785 1980 est,

1000 2007 1023 2030 et
1036 2007 1124 2037 postea
1139 2001 1295 2028 intellexerit
1308 2003 1441 2031 peccatum
1458 2005 1546 2024 suum.
1575 1997 1646 2032 Ergo
1660 1996 1694 2022 ab
1711 1994 1788 2021 initio

999 2048 1110 2083 quidem
1136 2054 1216 2074 suum
1242 2049 1383 2080 peccatum
1409 2044 1614 2078 ignoraverunt,
1630 2041 1677 2068 sed
1694 2045 1788 2075 postea

1000 2096 1196 2128 cognoverunt.
1223 2091 1256 2118 Et
1270 2089 1324 2117 hoc
1337 2089 1487 2116 ostendunt
1501 2087 1560 2122 ipsa
1574 2087 1657 2114 verba
1671 2085 1787 2116 Domini,

1000 2138 1038 2166 ait
1049 2139 1121 2165 enim
1136 2147 1143 2165 :
1163 2137 1221 2164 Nisi
1242 2136 1376 2165 venissem,
1391 2141 1415 2162 et
1431 2135 1532 2161 locutus
1544 2133 1581 2160 eis
1595 2132 1711 2168 fuissem,
1729 2139 1789 2165 pec:

1001 2187 1089 2209 catum
1113 2190 1164 2208 non
1198 2180 1332 2211 haberent,
1361 2184 1390 2206 ut
1413 2180 1564 2214 ignorantes
1588 2178 1693 2210 utique,
1720 2184 1789 2202 nunc

1000 2233 1089 2255 autem
1110 2227 1302 2254 excusationem
1322 2234 1373 2252 non
1400 2217 1494 2252 Iiabent
1513 2225 1544 2251 de
1566 2228 1672 2260 peccato
1698 2223 1788 2253 suo",

1002 2278 1094 2309 utpote
1112 2281 1160 2308 per
1175 2273 1233 2307 ejus
1249 2271 1401 2300 doctrinam
1416 2271 1563 2301 discentes,
1587 2269 1658 2304 quod
1681 2268 1790 2294 nescies

1002 2319 1066 2349 bant
1082 2318 1176 2353 prius:
1195 2318 1303 2353 quando
1328 2323 1393 2352 ergo
1416 2323 1497 2343 suum
1524 2320 1665 2350 peccatum
1686 2320 1789 2346 cogno-

1002 2369 1108 2398 verunt,
1130 2369 1193 2392 tunc
1208 2364 1241 2391 ad
1254 2363 1417 2391 sacriﬁcium
1433 2360 1569 2396 Unigeniti
1592 2367 1622 2386 se
1636 2361 1789 2386 verterunt.

1002 2412 1105 2439 Deinde
1122 2411 1148 2438 in
1165 2410 1298 2438 sacriﬁcio
1322 2407 1472 2436 sacerdotis
1489 2407 1578 2442 ipsum
1598 2404 1717 2433 diximus
1736 2403 1789 2430 im-

1002 2458 1125 2494 posuisse
1140 2464 1250 2484 manum
1267 2463 1351 2490 super
1372 2459 1456 2490 caput
1473 2453 1559 2485 vituli,
1576 2452 1623 2478 hic
1638 2455 1731 2477 autem
1746 2456 1789 2476 se-

1002 2493 1094 2530 niores
1108 2503 1159 2529 hoc
1178 2502 1267 2529 facere
1282 2501 1358 2528 dicit.
1382 2500 1533 2534 Utrumque
1548 2497 1621 2525 enim
1645 2502 1740 2523 revera
1762 2493 1790 2521 in

1001 2549 1102 2576 Christi
1118 2547 1251 2575 sacriﬁcio
1268 2547 1407 2582 agebatur,
1423 2545 1449 2572 id
1466 2549 1518 2578 est,
1541 2543 1603 2578 quia
1619 2546 1648 2570 et
1664 2540 1793 2569 immine-

1002 2594 1068 2621 bant
1085 2593 1119 2620 ad
1143 2591 1387 2620 consummandum
1414 2591 1479 2618 illud
1499 2590 1622 2618 seniores
1645 2587 1748 2623 populi,
1766 2590 1794 2612 et

1004 2639 1117 2671 Scribm,
1149 2642 1176 2665 et
1201 2637 1317 2672 Caiphas
1345 2637 1471 2672 princeps
1500 2634 1692 2666 sacerdotum,
1719 2631 1794 2658 dice-

1003 2687 1138 2720 bantque“:
1156 2684 1267 2718 Expedit
1286 2683 1358 2710 nobis
1377 2687 1404 2709 ut
1424 2691 1490 2709 unus
1502 2683 1578 2708 homo
1598 2680 1729 2707 moriatur
1747 2685 1794 2711 pro

1003 2731 1109 2767 populo,
1121 2735 1145 2758 et
1157 2739 1207 2757 non
1222 2734 1277 2756 tota
1289 2738 1350 2764 gens
1363 2729 1481 2764 pereat"
1494 2737 1502 2762 ;
1516 2732 1543 2755 et
1551 2727 1614 2762 quia
1625 2725 1699 2753 nullo
1714 2724 1796 2751 modo

1004 2779 1104 2813 expleri
1119 2778 1263 2812 potuisset,
1281 2777 1302 2803 si
1318 2784 1373 2804 non
1388 2776 1567 2809 semetipsum
1584 2773 1617 2800 ad
1635 2771 1792 2806 passionem

1006 2824 1135 2862 Dominus
1167 2823 1332 2857 tradidisSet,
1362 2823 1390 2849 in
1422 2825 1526 2849 tantum
1557 2824 1586 2847 ut
1618 2819 1676 2854 ipse
1688 2817 1795 2844 diceret

1138 2894 1160 2910 "
1176 2892 1257 2920 Ilebr.
1275 2900 1332 2924 xui,
1359 2891 1401 2919 12.
1456 2890 1479 2907 ⁷³
1491 2889 1587 2916 Matth.
1604 2895 1679 2918 nrt,
1693 2885 1792 2921 55,56.

164 2927 280 2967 “Joan.
297 2931 399 2967 ΧΠ,ἓὸ
428 2930 540 2966 τ’ᾢιηιι.
572 2938 614 2965 xv,
640 2929 683 2956 '22.
723 2928 833 2956 "Joan.
861 2936 936 2962 xvin,
963 2929 1004 2956 Η.
