2052 3150
266 198 322 233 8‘27

867 201 1047 232 HESYCHlI
1066 199 1304 232 PRESBYTEB-l

1843 197 1896 230 8‘28

271 258 368 284 Petro:
396 257 472 284 Hitte
488 258 606 293 gladium
626 262 703 285 tuum
727 259 754 286 in
784 260 921 294 vaginam,
944 259 1054 286 calicem
1069 259 1090 286 Α
1105 257 1210 284 Domini
1225 258 1278 289 sui,
1292 261 1317 284 et
1332 264 1383 283 non
1400 263 1426 282 κ
1440 263 1604 289 purpuram,
1627 262 1673 281 nec
1687 254 1786 290 faciem
1802 261 1896 281 utun-

269 310 343 337 quem
369 303 439 329 dedit
460 303 523 329 mihi
541 302 630 336 Pater,
660 312 712 331 non
726 304 812 331 bibam
831 303 1058 334 illum"?-l"esti-

269 347 348 374 nabat
379 347 450 374 enim
473 347 633 382 dispensare
647 353 801 377 nostrorum
824 353 998 384 peccatorum
1012 358 1056 377 r-e-

267 392 434 423 missionem,
461 394 534 428 quod
563 395 715 423 necessarie
738 396 765 422 in
795 396 841 423 his
867 404 928 430 qua:
943 400 1007 424 sunt
1023 396 1059 425 de

267 437 414 473 Synagoga:
427 439 560 466 sacriﬁcio
576 444 618 467 est
629 441 843 475 consideratam;
857 441 896 468 ait
908 442 1002 472 enim:

304 481 348 510 Sic
362 483 441 519 faciet
456 485 487 512 de
506 485 554 512 hoc
574 485 656 512 vitulo
675 487 804 521 quomodo
819 488 880 523 fecit
892 493 917 514 et
936 489 1019 522 prius,
1032 493 1056 515 et

265 534 374 562 rogante
397 539 445 564 pro
473 532 510 558 eis
525 532 672 564 sacerdote,
698 533 827 568 propitius
843 535 892 560 erit
919 534 1055 562 Dominus.

262 574 389 602 Christus
414 577 485 603 enim
505 577 592 605 lactus
613 582 655 605 est
674 578 753 605 nobis
771 579 928 614 propitiatio
950 580 1056 608 insan-

264 620 346 655 gnine
369 630 428 654 suo,
454 623 524 650 sicut
541 631 555 650 a
572 624 649 650 beato
674 623 756 651 Paulo
779 625 907 653 Romanis
925 627 1056 660 scriptum

265 667 347 693 est".
375 667 427 694 Per
450 676 529 703 quem
546 669 572 696 in
590 674 693 697 tantum
726 676 835 705 peccata
852 672 966 700 remissa
980 678 1054 704 sunt.

265 717 401 747 quatenus
416 714 466 748 ipsi
481 722 589 749 quoque
606 716 795 743 remissionem
812 723 994 750 mererentur,
1010 719 1055 754 qui

266 758 294 784 in
307 765 340 784 eo
355 764 537 793 peccaverunt
550 770 557 788 :
569 760 602 788 de
620 761 685 795 ipsis
702 761 803 796 quippe
822 762 946 790 dixerat:
964 763 1054 796 Pater,

266 804 368 838 ignosce
379 805 442 837 illis,
460 807 577 834 nesciunt
593 807 662 834 enim
676 808 739 842 quid
754 809 898 843 faciunt-7’.
920 809 972 837 Sed
991 810 1055 845 quid

265 850 298 877 ad
323 850 402 879 ﬁnem
430 853 553 880 sacriﬁcii
580 853 718 889 legislator
745 854 835 882 dixit?
855 855 959 883 Sullicit
982 856 1054 883 enim

266 896 344 923 nobis
365 896 431 931 legis
446 898 531 933 ipsius
543 899 693 930 conclusio,
717 899 749 927 ad
768 900 967 931 manilcslanda
983 909 1054 936 prae-

265 942 361 969 sentia.
384 943 475 977 Ipsum
501 949 589 971 autem
612 945 724 972 vitulum
752 946 840 980 e/fcret
864 951 938 973 extra
952 952 1050 980 castra,

263 991 343 1022 atque
363 989 505 1021 comburet,
527 990 594 1016 sicut
616 994 640 1017 et
662 991 776 1025 priorem
790 990 910 1023 uitulum,
926 992 987 1027 quia
1006 1001 1053 1027 pro

262 1037 368 1064 peccato
388 1039 425 1061 est
453 1035 640 1063 multitudinis.
658 1036 738 1064 Vides
752 1037 889 1071 quomodo
909 1038 976 1065 nihil
991 1046 1052 1065 mu-

265 1083 336 1106 tatur
355 1080 382 1106 in
404 1081 526 1108 secundo
549 1081 695 1114 sacriﬁcio,
723 1088 799 1110 extra
815 1083 868 1110 hoc
879 1084 950 1118 quod
964 1085 1052 1119 primo

261 1127 304 1149 est
336 1124 408 1158 quod
436 1126 612 1160 praecipitur:
643 1131 671 1153 et
695 1127 893 1161 quamobrem?
917 1127 985 1161 Quia
1002 1137 1052 1164 pro

263 1174 374 1202 peccato
395 1174 447 1203 est,
471 1171 570 1206 inquit,
592 1172 782 1200 multitudinis.
800 1172 869 1208 Ergo
893 1173 944 1201 hoc
964 1175 1052 1200 maui-

262 1215 360 1241 festum
393 1220 436 1243 est
464 1221 491 1243 et
518 1217 706 1249 indubitabile,
736 1218 799 1252 quia
823 1218 894 1245 idem
909 1223 1050 1254 peccatum

262 1260 348 1293 plebis
374 1266 402 1287 et
417 1262 569 1289 sacerdotis
593 1263 766 1296 intellexerit,
780 1269 807 1292 et
821 1270 964 1299 propterea
978 1267 1049 1294 idem

260 1304 287 1330 in
310 1310 424 1339 utroque
447 1307 608 1334 sacriﬁcium
627 1309 771 1341 ordinavit,
795 1318 829 1338 ne
858 1310 922 1345 ipsis
940 1312 1049 1346 quidem

261 1350 351 1376 verbis
375 1351 510 1385 dividens,
528 1354 599 1388 quod
621 1362 675 1381 non
691 1355 792 1382 laceret
805 1357 856 1383 nisi
871 1355 962 1391 ﬁgura:
982 1356 1050 1385 luis-

259 1400 321 1422 sent
337 1404 368 1422 ea
382 1404 441 1431 quae
455 1402 519 1425 tunc
535 1400 693 1433 agebantur.

297 1440 373 1468 Vens.
390 1442 485 1470 ’ΞΕ-51.
505 1453 514 1470 ι
534 1445 560 1471 Si
586 1446 739 1479 peccaverit
761 1447 887 1482 princeps
904 1453 931 1476 et
954 1448 1050 1476 fecerit

259 1493 342 1512 lllltlill
372 1495 387 1514 e
414 1488 537 1522 pluribus
560 1498 609 1525 per
629 1491 819 1526 ignorantiam,
848 1493 920 1528 quod
943 1493 1046 1522 Domini

258 1531 317 1567 lege
339 1534 510 1567 prohibetur,
537 1541 564 1563 et
583 1542 676 1571 postea
714 1537 878 1566 intellexerit
904 1544 1046 1574 peccatum

1106 304 1169 330 dum
1190 303 1348 330 rolnntatem
1375 303 1442 337 ejus,
1460 301 1596 336 vapulabit
1626 301 1726 329 multis.
1740 299 1792 333 Qui
1806 305 1895 328 autem

1107 357 1158 376 non
1184 349 1310 384 cognovit,
1340 353 1430 375 etnon
1455 348 1514 384 fecit
1539 347 1630 383 digna,
1656 346 1742 383 plagis
1757 347 1896 382 vapulabit

1106 393 1236 428 paucis“.
1246 393 1297 421 Sed
1313 393 1376 428 quid
1389 392 1605 428 subjuuxit?Cui
1618 393 1711 419 datum
1720 396 1759 419 est
1769 392 1893 426 multum,

1107 437 1217 464 multum
1234 442 1367 473 qua-retur
1375 437 1407 465 ab
1423 446 1467 465 eo:
1479 442 1503 464 et
1516 438 1558 464 cui
1573 437 1702 464 creditum
1715 441 1753 465 est
1768 437 1893 471 multum,

1107 482 1219 510 multum
1231 483 1349 518 exigetur
1368 483 1401 510 ab
1418 484 1486 510 eo".
1503 483 1582 511 llune
1596 483 1717 519 intellige
1730 491 1801 516 esse,
1819 484 1893 518 quia

1107 529 1258 564 legislatorc
1269 529 1356 556 dictus
1372 533 1413 556 est
1430 529 1568 564 princeps,
1586 536 1666 563 quem
1680 529 1721 557 sic
1744 530 1808 557 etin
1823 529 1893 557 libro

1107 575 1194 603 Exodi
1211 575 1336 607 innuens,
1353 575 1439 603 dixit:
1453 574 1510 601 Dii:
1520 583 1571 602 non
1593 574 1725 606 detrahet,
1739 579 1763 602 et
1778 575 1894 610 principi

1107 620 1196 655 populi
1215 621 1294 648 tuine
1314 620 1518 648 maledixerit".
1539 619 1592 647 Sed
1613 624 1640 648 et
1655 620 1750 652 David,
1764 620 1894 648 sacerdo-

1108 671 1158 700 tes,
1186 671 1214 695 et
1230 666 1348 699 Scribas,
1370 671 1398 694 et
1421 666 1581 699 Pharis-cos,
1607 671 1637 693 et
1648 666 1771 695 seniores
1799 667 1892 702 populi

1106 713 1261 748 designans,
1280 714 1318 740 ait
1333 722 1340 740 :
1369 711 1522 739 Astiterunt-
1534 721 1608 748 reget
1625 717 1712 746 teme,
1724 718 1749 740 et-
1763 714 1894 748 principes

1106 764 1277 787 convenerunt
1301 760 1328 786 in
1342 767 1426 788 unum.
1439 759 1563 786 adverqu
1588 757 1740 791 Dominum,
1759 764 1783 786 et
1798 760 1893 787 adver-

1105 814 1150 833 sus
1176 806 1306 832 Christum
1321 805 1377 840 (jus
1388 805 1419 830 ³⁸.
1448 805 1529 840 Atqui
1554 805 1628 832 solus
1648 804 1768 833 Herodes
1791 813 1849 838 rex,
1864 811 1894 833 et

1106 851 1207 880 Pilatus
1227 860 1327 887 praeses
1350 852 1473 882 aderant.
1495 851 1542 878 sed
1565 856 1593 878 et
1606 859 1683 886 reges
1695 856 1727 879 et
1743 851 1890 886 principes,

1106 896 1174 923 sicut
1190 896 1318 926 diximus,
1337 895 1493 922 sacerdotes
1508 899 1536 922 et
1552 894 1664 922 Scribas
1687 900 1715 922 et
1728 895 1892 926 Pharismos,

1105 945 1216 977 propter
1241 941 1380 968 scientiam
1408 945 1435 967 et
1459 940 1656 968 sublimitatem
1678 948 1767 975 quam.
1788 941 1893 970 habere

1104 986 1279 1016 videbantur.
1301 986 1334 1013 ad
1358 986 1611 1021 interpretationem
1641 986 1708 1022 legis
1733 986 1898 1022 appellavit.~

1103 1032 1152 1060 llic
1179 1041 1243 1067 ergo
1270 1033 1292 1059 si
1322 1033 1486 1067 peccaverit,
1515 1033 1622 1059 hircum
1651 1032 1759 1060 oil'eret.
1785 1032 1812 1061 Si
1829 1033 1895 1068 quis

1102 1083 1192 1105 autem
1214 1077 1248 1105 de
1268 1077 1377 1112 populo,
1394 1077 1459 1104 dicit
1480 1081 1571 1104 autem
1588 1077 1709 1110 idiotam,
1728 1078 1785 1105 sive
1805 1086 1899 1114 μορυς.

1102 1122 1196 1154 larem,
1224 1130 1279 1149 non
1296 1130 1358 1149 eum
1373 1122 1420 1156 qui
1436 1126 1510 1149 sorte
1524 1121 1669 1150 distinctus
1683 1127 1735 1154 est,
1753 1123 1787 1150 ad
1803 1123 1891 1150 medi-

1102 1168 1212 1196 tandam
1236 1169 1332 1203 legem.
1352 1176 1413 1195 nam
1438 1173 1465 1195 ct
1486 1168 1529 1195 hic
1548 1168 1641 1203 utique
1660 1169 1785 1203 princeps
1800 1169 1890 1195 nomi-

1101 1216 1226 1244 naretur,
1252 1213 1296 1247 qui
1321 1220 1370 1247 pro
1400 1212 1497 1239 minori
1527 1217 1637 1247 peccato
1663 1220 1770 1248 capram
1790 1213 1891 1241 oﬂern

1102 1258 1271 1293 praecipitur,
1289 1257 1517 1292 quemadmodum
1541 1257 1583 1284 ille
1607 1258 1722 1290 h'rrum,
1748 1258 1792 1285 hie
1815 1257 1892 1285 femi-

1100 1311 1174 1336 nam,
1191 1303 1234 1330 ille
1252 1310 1362 1330 marem.
1388 1303 1560 1330 Prenitentiie
1576 1303 1677 1339 quippe
1693 1304 1801 1339 utrique
1816 1304 1891 1332 indi-

1100 1353 1174 1384 gent,
1194 1353 1221 1376 et
1237 1349 1281 1375 ille
1296 1349 1404 1383 quidem
1427 1349 1568 1383 umjorem,
1584 1349 1630 1384 qui
1652 1350 1802 1377 masculum
1818 1351 1890 1377 oﬁ'c-

1100 1398 1152 1427 ret,
1184 1394 1316 1421 minorem
1347 1399 1437 1421 autem
1464 1395 1509 1429 qui
1540 1395 1692 1423 feminam:
1724 1404 1793 1424 cum.
1815 1398 1896 1427 enim,

1100 1441 1181 1467 unius
1196 1440 1231 1466 sit
1243 1442 1359 1475 generis,
1374 1445 1464 1467 tamen
1477 1441 1549 1475 quod
1566 1441 1657 1468 minus
1673 1447 1724 1474 est,
1741 1442 1767 1469 in
1786 1443 1888 1471 femina

1099 1487 1216 1519 positum
1238 1491 1289 1519 est,
1313 1486 1441 1520 quoniam
1477 1487 1614 1514 masculus
1643 1493 1727 1523 caput
1756 1490 1894 1517 uniuscua

1097 1534 1194 1568 jusque
1207 1533 1314 1567 generis
1323 1536 1444 1566 putatur.
1461 1532 1697 1565 Quemadmodum
1709 1542 1773 1570 ergo
1784 1535 1893 1563 oblatio-

258 1584 347 1609 suum,
379 1579 477 1607 oﬁ'eret
503 1581 618 1608 hostiam
638 1581 761 1614 Domino,
786 1583 892 1611 hircum
906 1584 941 1612 de
960 1587 1048 1620 capris
1062 1590 1082 1618 (ζ
1099 1586 1185 1613 capri“-
1211 1578 1371 1605 ὃθενείῖείυιη
1395 1586 1443 1613 [πο
1467 1579 1681 1614 Ρθθε³ι⁰⁸ίὲη²ιν
1697 1580 1736 1607 Sic
1749 1581 1841 1609 bimus
1860 1587 1890 1609 ει

258 1621 471 1656 immaculatum,
492 1630 628 1660 portatque
642 1634 752 1654 manum
769 1636 845 1656 suam
870 1637 952 1664 super
964 1635 1045 1665 caput

257 1667 327 1700 ejus.
357 1667 479 1703 Cumque
504 1670 685 1699 immolaverit
710 1680 772 1700 eum
798 1674 825 1700 in
844 1673 903 1701 loco
916 1675 962 1702 ubi
977 1677 1046 1703 solet

258 1713 368 1738 mactari
382 1713 568 1741 holocaustum
582 1723 672 1742 coram
696 1716 819 1747 Domino.
846 1718 908 1752 quia
923 1726 972 1753 pro
987 1727 1046 1753 pec-

258 1761 318 1783 cato
329 1763 380 1789 est,
394 1759 479 1794 tinget
493 1761 620 1788 sacerdos
633 1761 747 1796 digitum
764 1763 791 1789 in
799 1763 932 1798 sanguine
949 1763 1045 1793 hostiae

257 1810 306 1836 pro
330 1810 451 1838 peccato,
473 1810 586 1841 tangens
601 1815 703 1835 cornua
721 1808 815 1835 altaris
836 1809 999 1842 holocausti,
1017 1817 1046 1839 et

258 1849 391 1884 reliquum
427 1851 544 1879 fundens
570 1852 604 1880 ad
629 1853 713 1881 basim
744 1855 813 1888 ejus.
842 1855 953 1890 Adipem
980 1865 1045 1884 vero

256 1894 376 1923 adole-bit
398 1904 489 1931 supra,
512 1897 583 1925 sicut
606 1898 633 1925 in
659 1899 774 1927 victimis
797 1900 971 1934 pacilicorum
988 1902 1044 1930 ﬁeri

255 1941 334 1974 solet,
365 1943 522 1979 rogabitque
550 1953 600 1979 pro
614 1953 648 1972 eo
669 1949 695 1972 et
724 1953 772 1980 pro
801 1952 912 1981 peccato
927 1948 996 1983 ejus,
1013 1956 1045 1977 ac

255 1986 407 2016 dimittetur
437 1990 472 2017 ei.
490 1990 568 2023 Quod
583 1991 605 2018 si
622 1991 774 2026 peccaverit
787 1992 877 2020 anima
893 2001 942 2027 per
967 1993 1044 2029 igno-

255 2034 372 2061 rantiam
396 2035 429 2063 de
452 2037 552 2071 populo
580 2041 669 2070 terrm,
691 2043 721 2065 ut
747 2038 828 2066 faciat
848 2039 995 2074 quidquam
1011 2048 1044 2069 ex

255 2078 297 2105 his
318 2087 378 2113 quae
394 2079 498 2108 Domini
512 2082 570 2117 lege
586 2083 775 2117 prohibentur.
793 2088 875 2118 atque
892 2083 1042 2119 delinquat,

253 2129 281 2150 et
301 2127 459 2159 cognoverit
482 2132 623 2162 peceatum
641 2136 730 2161 suum,
758 2129 854 2156 oﬁ'eret
865 2137 974 2165 capram
991 2131 1043 2158 im-

253 2171 425 2204 inaculatam,
446 2179 582 2209 ponctque
601 2183 712 2202 manum
731 2183 815 2210 super
841 2181 923 2211 caput
946 2177 1042 2206 hostia!

252 2222 312 2249 quze
342 2224 390 2250 pro
414 2224 525 2252 peccato
548 2225 599 2252 est,
616 2225 644 2248 et
673 2222 825 2249 immolabit
848 2230 907 2250 eam
928 2223 955 2250 in
981 2224 1041 2250 loco

253 2260 410 2290 holocansli.
425 2263 566 2300 ’l‘olletque
577 2267 703 2294 sacerdos
717 2268 751 2295 de
764 2269 895 2304 sanguine
913 2269 940 2296 in
957 2269 1040 2305 digito

251 2314 310 2338 suo,
329 2313 357 2336 et
373 2310 477 2345 tingcns
495 2319 597 2339 cornua
612 2312 715 2344 altaris,
738 2314 871 2349 reliquum
889 2314 984 2343 fundet
1005 2316 1038 2343 ad

251 2353 335 2382 basim
353 2356 422 2390 ejus.
444 2356 558 2385 Omnem
572 2364 662 2386 autem
680 2360 807 2388 auferens
820 2361 937 2396 adipem.
956 2363 1038 2390 sicuti

249 2399 348 2428 auferri
362 2402 430 2429 solet
440 2403 472 2430 de
482 2404 599 2432 victimis
617 2405 805 2439 paciﬁcorum.
820 2406 937 2434 adolebit
953 2416 1037 2443 super

249 2444 332 2472 altare
343 2446 370 2473 in
385 2449 496 2476 odorem
509 2451 649 2478 suavitatis
662 2451 786 2484 Domino,
812 2453 969 2489 rogabitque
987 2463 1037 2490 pro

249 2496 292 2522 eo,
308 2491 496 2520 etdimittetur
509 2495 544 2522 ei.
563 2503 573 2520 ι

283 2534 515 2567 Quemadmodum
545 2539 573 2567 in
595 2542 754 2575 spontaneis
782 2543 933 2574 sacriﬁciis,
957 2545 1035 2572 diﬁ‘c-

248 2580 349 2608 reutias
373 2581 398 2608 in
424 2584 675 2615 cumet-sationibus
699 2593 726 2615 et
746 2589 950 2618 conditionibus
974 2591 1036 2619 vitae

245 2625 420 2655 oﬁ'ercntium
438 2630 582 2661 ordinavit.
598 2632 632 2659 ita
647 2642 742 2661 rursus
754 2643 802 2669 pro
820 2637 938 2670 peccatis
949 2638 1034 2664 sacri-

246 2671 305 2698 ﬁcia
320 2674 432 2707 aqualia
444 2683 505 2703 esse
516 2678 631 2709 peccatis
642 2679 730 2713 jubet,
745 2689 860 2715 quormn
877 2682 1035 2717 magnitudo

246 2725 299 2744 non
325 2718 413 2746 solum
446 2727 478 2747 ex
510 2722 617 2750 actione
644 2725 759 2758 peccati,
790 2726 837 2753 sed
868 2735 900 2753 ex
918 2735 1033 2761 persona

246 2764 414 2797 peccantium
427 2767 556 2800 ponitur:
575 2774 601 2796 et
617 2769 697 2798 nimis
713 2776 796 2801 recte.
822 2773 885 2806 quia
900 2777 927 2799 et
942 2773 1032 2800 Domi-

246 2813 298 2834 nus
319 2809 449 2842 apostolis
476 2811 559 2839 dixit:
590 2812 685 2840 Servat
698 2823 851 2849 cognoscens
872 2816 1033 2843 natiuitatem

280 2875 303 2917 ς
319 2874 413 2917 Matth.
429 2879 574 2917 xxvt_._5‘2;_
596 2881 674 2917 Joan.
693 2890 769 2916 xvnt,
789 2883 832 2909 ll.
870 2884 892 2900 "‘
910 2883 987 2912 llom.
1005 2885 1100 2916 “1,25.
1139 2885 1161 2901 ⁷⁸⁵
1177 2884 1234 2912 Luc
1262 2891 1337 2917 χλιιι,

1059 2264 1079 2291 ῐ)

1096 1633 1186 1659 capra,
1206 1632 1267 1651 cum
1284 1623 1341 1651 haec
1351 1625 1387 1651 sit
1400 1624 1522 1652 feminini
1541 1626 1657 1660 generis,
1674 1626 1766 1654 hircus
1781 1635 1889 1655 mascu-

1095 1670 1152 1701 lini,
1167 1669 1292 1696 sacriﬁcii
1307 1669 1523 1703 interpretantur
1537 1669 1590 1696 vim
1603 1678 1611 1702 ;
1627 1677 1682 1697 non
1697 1671 1770 1698 enim
1787 1671 1889 1700 frustra

1097 1715 1147 1741 hoc
1171 1715 1305 1750 legislator
1334 1715 1461 1747 intendit,
1489 1715 1536 1742 sed
1560 1715 1623 1750 quia
1646 1716 1739 1744 hircus
1752 1721 1780 1745 et
1794 1726 1887 1753 capra.

1097 1760 1151 1787 Huc
1162 1765 1253 1788 autem
1263 1760 1441 1795 Septuaginta
1452 1761 1479 1787 in
1495 1760 1590 1789 Graeco
1602 1762 1641 1789 sic
1653 1762 1747 1795 edunt,
1761 1768 1791 1791 ut
1804 1764 1890 1800 χίμα-

1096 1814 1142 1840 ρον
1160 1811 1187 1833 et
1202 1807 1335 1842 χίμαιραν
1353 1807 1446 1834 dicant
1466 1806 1558 1834 oﬁ'erri
1580 1808 1691 1843 debere,
1706 1810 1779 1844 quod
1798 1810 1889 1838 Latini

1095 1860 1127 1879 ex
1145 1852 1243 1879 eadem
1256 1852 1375 1879 editione
1391 1852 1562 1887 interpretati
1582 1858 1657 1887 sunt,
1671 1855 1779 1883 haedum
1796 1864 1829 1884 ex
1841 1865 1890 1884 ca-

1097 1899 1152 1933 pris
1166 1898 1327 1929 masculum,
1341 1904 1369 1926 et
1384 1906 1494 1934 capram
1511 1899 1545 1927 de
1557 1900 1641 1929 haedis
1654 1902 1789 1930 lemellam
1805 1903 1889 1938 χίμα-

1095 1953 1141 1979 ρος
1169 1951 1260 1972 autem
1283 1950 1310 1972 et
1332 1945 1448 1981 χίμαιρα
1475 1946 1548 1974 fetus
1576 1955 1719 1982 caprarum
1741 1954 1804 1976 sunt
1827 1958 1887 1984 χει-

1097 1990 1211 2025 μερινοι,
1223 1990 1250 2017 id
1261 1995 1312 2023 est,
1325 1991 1372 2026 qui
1384 1991 1457 2020 circa
1477 1996 1588 2027 tempus
1603 1993 1702 2021 hiemis
1721 2000 1886 2027 nascuntur,

1095 2042 1156 2062 nam
1185 2035 1227 2062 bis
1255 2043 1304 2070 per
1323 2043 1426 2063 annum
1454 2037 1543 2071 capris
1567 2038 1747 2073 parientibus,
1773 2040 1886 2075 quidam

1093 2081 1165 2109 lctus
1180 2085 1302 2116 tempore
1319 2082 1426 2114 hiemis,
1444 2083 1555 2118 quidam
1570 2089 1661 2112 autem
1681 2086 1785 2113 aestatis
1802 2095 1886 2122 gene-

1094 2131 1198 2154 rantur.
1212 2126 1280 2154 Cum
1295 2135 1359 2162 ergo
1373 2128 1432 2156 haec
1446 2129 1482 2156 ita
1495 2137 1525 2157 se
1538 2129 1667 2162 habeant,
1691 2138 1738 2165 per
1766 2131 1885 2160 hiemem

1095 2172 1228 2200 tristitiam
1252 2173 1420 2207 ptenilentim
1445 2174 1542 2205 docet.
1566 2175 1594 2202 in
1621 2175 1759 2204 tristitiam
1783 2178 1886 2213 quippe

1093 2217 1139 2245 hic
1162 2223 1190 2246 et
1214 2217 1277 2245 ﬁetu
1293 2218 1363 2245 ﬁlios
1375 2223 1497 2254 generat,
1517 2221 1565 2248 sed
1582 2226 1673 2249 tamen
1688 2222 1734 2250 ﬁlii
1749 2223 1811 2258 ejus
1829 2233 1884 2252 non

1095 2267 1157 2290 sunt
1173 2271 1187 2290 a
1202 2263 1336 2290 sacriﬁcio
1361 2264 1510 2298 reprobati.
1536 2265 1614 2293 Unde
1636 2267 1762 2294 existimo
1779 2268 1882 2302 luedos,

1091 2309 1117 2336 id
1130 2314 1172 2336 est
1181 2311 1315 2345 χιμάρους
1328 2310 1429 2338 oll'erre
1441 2312 1614 2346 paenitentes,
1633 2317 1727 2348 utpote
1749 2313 1883 2343 ﬁuctuan-

1092 2360 1141 2388 tes,
1163 2356 1300 2390 prmcepit,
1319 2361 1346 2383 et
1369 2361 1399 2383 ut
1420 2358 1464 2392 qui
1492 2358 1696 2386 diversitatibus
1717 2361 1851 2388 undarum
1867 2370 1883 2389 ι

1090 2402 1207 2436 peccatis
1226 2409 1255 2429 se
1270 2403 1434 2437 erigentibus
1459 2409 1652 2439 repugnantes,
1668 2406 1883 2435 misericorditer

1089 2448 1245 2475 onmimodo
1270 2449 1456 2477 salvabuntur.
1487 2451 1515 2476 Si
1540 2451 1614 2478 enim
1647 2458 1827 2486 permaneant
1854 2454 1881 2480 in

1092 2495 1260 2530 pmnitcntia,
1281 2500 1308 2522 et
1323 2503 1377 2521 non
1400 2495 1558 2530 desperent,
1581 2498 1656 2526 velut
1672 2498 1700 2525 in
1717 2503 1882 2534 tempestate

1092 2540 1276 2574 t'cl-nquentes
1297 2540 1374 2568 navis
1393 2542 1490 2567 animal.
1503 2542 1697 2577 gubernacula,
1720 2543 1880 2572 liberabun-

1090 2590 1150 2618 tur;
1167 2586 1290 2613 siautem
1301 2587 1514 2622 desperaverim,
1527 2588 1754 2622 quemadmodum
1767 2590 1878 2624 quidam

1089 2632 1293 2666 gubernatores,
1321 2634 1361 2660 \el
1391 2638 1480 2660 natiue
1506 2633 1606 2667 pavidi,
1635 2634 1725 2660 statim
1740 2639 1877 2668 pereunt:

1089 2686 1152 2704 nam
1169 2683 1195 2704 ct
1211 2678 1340 2705 Dominus
1360 2676 1446 2706 diuit:
1471 2678 1552 2706 Orate
1572 2687 1604 2706 ne
1630 2678 1679 2712 ﬁat
1702 2680 1764 2715 fuga
1791 2685 1877 2707 vestra

1087 2723 1171 2750 hieme
1198 2724 1363 2751 vclSnbba-to
1373 2724 1397 2741 ⁸⁸
1412 2733 1419 2758 ;
1436 2725 1554 2752 hiemem
1578 2731 1686 2760 tempus
1709 2726 1878 2760 poenitentia:

1085 2770 1190 2800 dicens,
1215 2770 1362 2797 Sabbalum
1380 2778 1444 2797 vero
1461 2770 1546 2797 otium
1561 2771 1668 2803 animm,
1691 2775 1773 2806 atque
1789 2771 1878 2798 virtu-

1087 2821 1143 2843 tum
1164 2816 1345 2843 cessationcm
1364 2815 1517 2851 intelligens
1535 2824 1542 2843 :
1569 2816 1604 2843 ad
1631 2816 1715 2844 otium
1739 2816 1876 2852 siquidem

1359 2884 1402 2912 Et.
1441 2886 1463 2902 ⁵⁸
1479 2885 1543 2912 Luc.
1564 2893 1611 2920 xu,
1626 2884 1672 2918 t7,
1687 2885 1731 2913 ιε.
1770 2884 1792 2900 ⁵¹
1807 2883 1874 2912 ibid.

234 2906 365 2954 .“Exod.
397 2920 461 2946 χχιι,
483 2906 528 2942 “28.
564 2906 769 2950 “malifa'l’
791 2906 1097 2954 "-".\lttllll:v.;..\‘l-\::"56,:
