2052 3150
158 216 209 246 8'23

158 278 240 309 atque
261 281 278 300 a
300 273 378 302 malis
408 275 578 302 vacationem
604 275 696 303 datum
717 282 758 304 est
768 274 917 305 Sabbatum
935 276 946 304 Ξ
963 282 984 308 Α

159 319 206 347 sed
232 317 391 347 Iudaeorum
414 327 480 355 gens
498 327 513 347 e
533 319 642 348 diverso
661 320 713 348 hoc
727 313 841 349 usa'est.
866 320 955 350 Grave

159 372 250 394 autem
273 371 317 393 est
334 366 361 392 in
381 370 502 400 tentpore
517 373 573 400 quo
593 366 748 394 necessaria
762 371 805 394 est
817 367 955 402 poeniten-

160 413 206 446 tia,
221 416 251 440 et
263 412 352 444 multo
366 411 474 447 gravius
497 420 552 447 quo
566 416 644 440 vacat
660 412 694 439 ab
713 412 840 439 omnibus
853 412 946 447 operi-

160 462 222 491 bus.
247 466 412 494 quemquam
440 458 538 485 tentari
563 457 606 485 vel
630 459 852 493 persecutionem
875 459 954 493 pati:

161 506 233 533 unde
259 504 343 532 etiam
367 503 438 531 sicut
462 504 592 537 majorem
609 511 671 531 eum
691 505 738 539 qui
757 503 875 531 Sabbato
892 511 954 538 pcr-

160 551 329 579 secutionem
359 549 469 584 patitur,
496 549 675 576 twvissimum
701 550 866 577 numeravit.
886 549 955 582 Quia

160 603 224 630 ergo
248 599 277 622 et
296 594 375 631 hirci,
399 594 442 621 vel
464 601 564 629 capue,
588 594 646 621 sive
669 595 738 622 haedi
765 595 905 626 virtutem.
927 600 956 622 et

161 640 321 668 differentiae
347 639 544 667 sacriﬁciorum
570 639 681 667 modum
710 640 866 674 didicimus,
898 641 953 675 jatn

161 687 302 719 videamus
319 693 379 721 quae
395 686 422 712 in
438 690 553 720 utroque
579 691 698 720 aguntur
714 686 859 718 sacriﬁcio,
878 695 954 714 cont-

160 732 253 760 munia
276 732 349 758 enim
375 737 450 763 suttt.
476 733 604 767 quoniam
633 732 802 767 paenitentia:
830 732 892 759 linis
926 737 954 760 et

159 778 294 814 generalis
320 778 444 810 effectus,
465 782 637 813 peccatorum
653 778 779 806 remissio
794 783 847 810 est.
870 786 952 814 quam

159 829 254 861 aperte
275 824 413 860 legislator
430 825 522 859 posuit
540 824 651 851 dicens:

193 870 269 903 Quod
285 870 308 897 si
324 870 471 904 peccaverit
490 870 581 896 anima
597 877 643 903 per
661 869 840 904 ignorantiam
857 870 888 896 de
903 879 951 904 po-

158 918 220 959 pulo
246 922 333 949 teme,
360 921 388 943 ut
415 916 497 952 faciat
510 916 654 950 quidquam
673 923 705 942 ex
720 916 760 942 Itis
776 923 833 951 qua:
846 915 952 942 Domini

159 965 212 1000 tege
230 963 409 998 prohibentur.
431 961 489 990 Non
512 961 578 989 dicit
602 962 684 996 quod,
701 962 763 996 quia
784 962 810 988 in
829 961 951 996 quolibet

159 1009 352 1047 pratvaricatus
367 1009 427 1044 quis
448 1008 540 1045 fuerit,
558 1007 585 1034 itt
601 1012 684 1035 totant
706 1008 792 1043 legem
805 1008 949 1042 delinquit.

159 1056 229 1086 sicut
243 1056 341 1082 beatus
354 1054 437 1082 Jacob
454 1054 507 1081 ait:
525 1053 679 1089 Quicunque
701 1059 785 1080 totam
803 1054 886 1089 legem
898 1061 952 1080 ser-

158 1102 269 1139 vaverit.
291 1101 425 1135 offenderit
453 1105 542 1127 autem
557 1100 584 1126 in
603 1108 665 1137 uno,
681 1101 798 1127 omnium
817 1109 876 1129 reus
888 1108 952 1127 con-

159 1147 324 1177 stituetur“.
344 1146 397 1174 Sed
415 1150 442 1173 ct
456 1145 508 1173 hoc
528 1145 600 1180 quod
621 1146 722 1173 dictutn
740 1150 791 1178 est,
811 1153 859 1180 per
874 1146 951 1181 igno—

159 1194 352 1233 rantiam,vei,
376 1193 447 1220 sicut
473 1191 660 1228 Septuaginta,
688 1200 743 1218 tl0tt
775 1192 879 1226 volens,
909 1193 949 1220 in-

159 1248 261 1277 gruens
289 1240 383 1275 jngttm
420 1238 609 1274 peccatoribus
641 1237 780 1264 servitutis
811 1238 952 1265 diabolicae

159 1280 339 1317 demonstrat,
367 1284 438 1319 quod
465 1284 516 1311 sibi
542 1283 593 1318 ipsi
620 1283 653 1310 ad
681 1283 781 1310 malum
811 1289 952 1318 vergentes

159 1332 421 1368 superinduxerunt,
444 1330 515 1357 sicut
536 1329 618 1356 Isaias
633 1329 691 1356 ait:
720 1328 764 1355 Vu:
780 1329 824 1364 qui
846 1329 953 1355 trahunt

158 1383 266 1412 νισι-(ιτα
284 1382 311 1403 ιιι
327 1377 427 1403 tristem
437 1376 552 1410 longam,
568 1379 591 1401 et
606 1375 673 1401 sicut
690 1375 777 1409 funem
793 1374 853 1408 jugi
867 1381 954 1401 υασειε

159 1423 367 1460 iniquitatem“,
383 1429 437 1456 quo
449 1421 558 1456 quidatn
583 1420 682 1454 captivi
698 1425 725 1446 et
744 1420 820 1446 inviti
837 1420 952 1446 trahun-

160 1476 213 1511 tur.
226 1469 281 1497 Sed
300 1470 321 1502 si
342 1469 375 1496 ad
398 1476 491 1501 sanam
512 1471 684 1503 revertantur
705 1470 835 1497 mentem,
853 1473 866 1492 a
888 1465 953 1492 resti

161 1517 212 1544 hac
228 1517 287 1544 sive
319 1516 385 1550 jugo
407 1514 496 1541 statim
521 1513 688 1540 relaxantur.
717 1510 794 1544 Quod
819 1512 954 1545 quomodo

160 1568 208 1590 aut
229 1562 339 1598 quando
357 1561 394 1592 lit,
414 1560 551 1595 legislator
573 1557 702 1589 ostendit,
728 1558 753 1585 id
770 1561 823 1588 est.
846 1557 954 1592 quando

160 1610 220 1650 ipse
247 1609 294 1644 qui
326 1607 456 1643 peccavit.
499 1609 641 1640 peccatum
664 1612 747 1632 suum
773 1604 990 1652 cognoverit:c

160 1664 250 1698 neque
273 1655 347 1684 enim
371 1655 450 1681 aliter
473 1652 661 1688 pmttitenliam
685 1659 765 1687 agere
786 1654 885 1686 potest,
901 1650 954 1677 nisi

160 1706 308 1739 cognoscat
332 1704 472 1737 peccatum
499 1706 590 1726 snttm.
616 1697 692 1724 'I‘unc
726 1697 799 1724 enittt
829 1697 955 1730 princeps

161 1750 279 1786 hircum,
307 1747 364 1777 sive
384 1746 514 1782 χίμαρον,
538 1745 561 1772 is
576 1749 667 1771 autem
691 1743 738 1778 qui
762 1743 796 1770 de
813 1742 890 1770 turba
901 1747 955 1776 est,

161 1794 259 1824 oderat
270 1786 399 1830 capram.
414 1792 471 1819 sive
496 1791 628 1826 χίμαιραν
645 1798 652 1804 ·
670 1789 844 1816 immaculata
864 1793 954 1815 autem

163 1846 290 1875 utraque,
315 1836 515 1865 immaculatam
538 1834 673 1870 siquidem
695 1837 805 1868 oportet
818 1840 879 1860 esse
896 1841 955 1868 pce-

163 1885 318 1914 nitentiam.
337 1883 403 1917 Quae
424 1887 515 1910 autent
537 1881 597 1916 ejus
614 1884 657 1908 est
676 1879 803 1907 macula?
825 1878 958 1913 Videlicet

164 1934 186 1960 si
197 1935 310 1968 peccato
322 1929 511 1964 compatiatur,
523 1927 565 1954 vel
578 1926 682 1953 anticus
691 1926 727 1953 sit
739 1926 888 1960 paenitens,
904 1932 956 1960 pro

164 1987 219 2014 quo
249 1977 307 2013 agit
330 1974 520 2012 paenitentiam
544 1982 550 2000 :
581 1975 689 2007 oportet
719 1972 793 1999 enim
819 1978 880 1998 eum
895 1977 958 2005 per-

166 2027 236 2053 fecto
249 2032 265 2051 a
282 2026 394 2059 peccato
405 2020 500 2048 eodem
513 2024 595 2054 atque
613 2017 813 2046 studiosissimo
830 2016 958 2044 recedere

166 2070 316 2107 proposito.

201 2107 303 2152 Deinde
319 2115 433 2150 imponet
449 2119 557 2139 manum
574 2118 651 2138 suam
667 2117 746 2144 super
759 2113 839 2143 caput
858 2107 957 2134 hostiae.

168 2163 228 2198 Ipse
255 2168 305 2197 per
336 2158 512 2193 semetipsum
543 2159 686 2191 peccatum
714 2153 903 2186 manifestans,
931 2157 959 2180 et

167 2216 245 2237 suam
263 2206 382 2235 oﬁ‘erens
395 2203 606 2232 confessionem.
618 2201 678 2235 Ipse
687 2204 790 2230 autem.
808 2200 960 2227 secundum

168 2253 366 2290 Septuaginta,
392 2258 447 2290 non
474 2248 584 2281 occidit,
612 2247 661 2281 sed
689 2246 733 2274 alii
753 2254 760 2280 ;
778 2246 861 2273 habet
887 2245 960 2273 enim

169 2288 354 2337 necessarium
371 2288 533 2336 et'aliorum
556 2294 685 2322 auxilium
702 2293 735 2320 ad
748 2293 911 2324 orationem,
930 2296 960 2318 ut
976 2291 998 2318 Ι)

168 2335 333 2385 suscipiatur
350 2335 413 2382 ejus
427 2335 605 2379 paenitentia.
633 2339 710 2376 Unde
733 2346 784 2367 nec
805 2338 964 2374 omnimodo

169 2386 327 2422 sacerdotes
340 2390 465 2418 occidere
478 2387 624 2423 przccepit;
643 2386 681 2423 ait
696 2385 785 2412 ettint:

206 2439 329 2467 Occiderit
351 2445 410 2464 eum
429 2437 457 2462 in
479 2434 534 2461 loca
552 2434 578 2459 in
599 2441 650 2468 quo
670 2431 825 2458 occiduntur
838 2429 963 2457 holocau-

170 2490 284 2514 tomatn.
309 2483 378 2517 Quia
399 2485 491 2514 autem
529 2479 654 2507 occidant
675 2485 730 2504 non
752 2476 873 2509 addidit;
900 2476 964 2503 licet

169 2533 245 2560 cnim
269 2532 297 2558 in
320 2529 453 2563 sacriﬁcio
476 2526 645 2566 penitentize
665 2524 777 2552 alternis
801 2523 839 2550 uti
859 2523 964 2557 adjuto-

171 2579 230 2612 riis,
243 2578 315 2612 quod
330 2579 444 2603 testatur
457 2573 576 2613 .iatcobus
590 2582 595 2599 :
610 2571 700 2602 Orate,
713 2570 871 2602 dicens.pro
882 2569 964 2605 alter-

173 2630 263 2650 utrum
288 2626 316 2648 ut
341 2618 520 2647 saluemini".
554 2616 607 2644 Sed
629 2615 714 2642 multo
731 2614 964 2650 magisjustqrum

173 2676 282 2697 utamur
298 2667 441 2703 adjuwrio,
459 2666 516 2700 ipse
528 2664 600 2691 enim
616 2662 748 2701 subdidit.
766 2661 882 2699 Multum
897 2659 965 2687 valet

174 2717 262 2743 oratio
276 2714 344 2750 justi
359 2703 506 2740 assidua".
522 2710 573 2738 Ubi
594 2713 686 2745 autem
707 2706 851 2734 occident?
864 2706 967 2733 Secun-

175 2765 241 2790 dum
265 2759 452 2796 Septuaginta,
473 2758 502 2794 in
518 2759 655 2790 conspectu
677 2753 792 2780 Domini.
820 2751 910 2784 Quare
928 2751 967 2777 le-

177 2809 288 2844 gislator
310 2806 448 2840 explanat.
473 2803 511 2830 ait
526 2802 621 2833 enim:
642 2799 747 2826 Peccati
768 2801 816 2824 est.
839 2796 891 2823 Pro
904 2803 968 2830 pec-

178 2860 239 2893 cato
259 2854 360 2891 quippe
383 2853 410 2880 in
433 2854 580 2891 conspectu
600 2847 707 2888 Domini
731 2844 854 2874 conﬁteri
878 2851 972 2885 neces-

968 949 987 975 Β

215 2925 237 2942 "
251 2924 308 2951 Jac.
322 2933 352 2954 ιι,
372 2923 412 2949 to.
450 2922 472 2937 ⁸⁸
485 2921 536 2948 isa.
551 2928 576 2946 ν.
593 2918 634 2945 18.
672 2917 695 2933 ⁸⁷
714 2916 771 2954 33?;
783 2924 808 2947 τι
823 2914 894 2954 ᾸΒΖ.
917 2913 958 2954 ".i

1011 2932 1018 2940 .
1098 2911 1170 2939 Psal.
1194 2917 1267 2942 aut,
1293 2908 1320 2937 5.

542 2956 565 2970 ⁹⁴
583 2953 661 2982 Joan.
680 2960 722 2984 xx,
738 2951 783 2978 ‘25.
823 2950 845 2966 "‘
872 2950 968 2977 .‘lattit.
984 2947 1091 2987 νηῷ.

185 2969 222 3003 ιιι,
237 2960 262 2987 2.
301 2959 399 2986 “Luc.
415 2967 439 2988 v,
462 2957 505 2983 52.

747 221 788 250 IN
805 222 1024 252 LEVITICUM.
1041 235 1074 241 —
1093 225 1167 256 LIB.
1189 226 1213 256 Ι.

1743 223 1797 256 830

999 278 1101 306 sarium
1129 280 1273 311 habemus.
1305 285 1416 316 propter
1447 280 1520 314 quod
1544 284 1572 308 et
1599 279 1667 308 dixit
1689 279 1794 310 Dthd:

1006 322 1147 352 Peccatum
1176 334 1262 353 meum
1287 327 1418 360 cognitum
1438 325 1484 352 tibi
1511 325 1580 360 feci,
1607 330 1632 352 et
1651 326 1796 360 injustitial

1007 377 1076 396 nteas
1092 378 1144 397 non
1159 371 1261 406 operui.
1291 370 1352 397 Dixi
1365 370 1565 399 :Pronuntiabo
1591 370 1729 397 adversum
1756 378 1797 397 nu

1006 416 1162 449 injustitiam
1203 425 1289 444 meum
1310 416 1432 448 Domino,
1452 420 1476 442 et
1505 420 1534 442 tu
1560 416 1684 442 remisisti
1697 416 1796 451 iniqui-

1006 465 1086 488 tatem
1101 461 1186 487 cordis
1208 461 1302 488 mei".
1332 460 1477 495 Propterea
1501 459 1545 486 hic
1568 459 1705 494 legislator
1722 459 1796 486 intu-

1005 507 1036 534 lit
1053 517 1059 534 :

1043 555 1074 581 Et
1092 553 1173 585 tollet,
1189 557 1213 581 et
1228 558 1304 588 ponet
1316 552 1436 579 sacerdos
1447 551 1601 586 sanguinem
1629 550 1731 584 peccati
1753 550 1797 576 di-

1005 600 1059 635 gito
1096 607 1175 634 super
1207 607 1304 625 cornua
1333 597 1428 624 altaris
1458 596 1688 622 Italocautomatis.
1719 594 1798 627 Quod

1005 644 1184 679 Hieronymus
1204 644 1285 671 simili
1313 651 1395 671 sensu
1421 642 1508 670 edidit
1533 641 1648 669 dicens:
1665 641 1800 675 Tolletquc

1004 690 1126 717 sacerdos
1146 690 1177 716 de
1187 690 1314 725 sanguine
1334 689 1417 724 digito
1430 696 1477 716 suo
1493 691 1600 722 tangens
1615 694 1714 714 cornua
1726 685 1800 712 alta-

1005 735 1052 760 ris.
1085 733 1250 769 Sanguinem
1276 737 1367 760 autent
1391 731 1496 768 peccati
1513 730 1669 766 appellavit,
1685 730 1732 765 qui
1746 737 1801 764 pro

1004 779 1122 814 peccatis
1145 778 1268 805 oﬁ'ertur.
1300 777 1538 812 llujusprimitias
1563 775 1692 804 sacerdos
1716 774 1801 802 Chri—

1004 829 1063 852 stus
1088 831 1172 858 super
1194 831 1296 851 cornua
1318 822 1413 850 altaris
1432 820 1660 849 holocautomatis
1687 819 1797 852 oﬁ‘erct,

1003 869 1130 897 videlicet
1146 877 1230 904 super
1248 876 1357 896 crucem
1373 875 1466 900 suant;
1485 867 1507 894 si
1528 866 1601 894 enim
1617 866 1702 893 altare
1719 864 1799 892 holo-

1003 914 1166 941 cautomatis
1197 913 1303 940 Domini
1319 920 1418 947 corpus
1433 917 1485 943 est.
1501 911 1585 945 hujus
1599 909 1697 945 procul
1714 909 1799 937 dubio

1004 965 1105 985 cornua
1125 964 1192 984 crux
1215 957 1278 988 erit,
1309 956 1344 982 de
1362 963 1414 989 qua
1429 955 1556 982 Habacuc
1584 954 1671 981 dixit:
1689 952 1798 980 Cornua

1003 1006 1063 1029 sunt
1089 1001 1117 1028 in
1139 1001 1258 1027 manibus
1267 999 1363 1034 ejus".
1381 998 1482 1025 Oﬁ'eret
1496 1005 1578 1032 super
1591 1005 1667 1024 suam
1688 1003 1796 1024 crucem

1005 1047 1138 1082 primitias
1156 1045 1311 1073 necessario
1323 1045 1363 1072 sui
1380 1044 1531 1080 sanguinis.
1557 1043 1603 1078 qui
1617 1050 1667 1077 pro
1685 1045 1797 1077 peccato

1004 1093 1142 1121 oﬁ‘ertur:
1169 1092 1234 1126 quia
1256 1098 1324 1126 opus
1351 1090 1440 1118 crucis
1470 1094 1498 1117 et
1527 1089 1651 1120 effectus.
1677 1086 1799 1122 perfecta

1005 1143 1178 1175 peccatorum
1199 1142 1356 1165 nostrorum
1385 1135 1511 1164 remissio
1533 1139 1585 1162 est.
1604 1133 1683 1166 Quod
1705 1136 1798 1160 autem

1005 1185 1069 1213 dicit
1081 1193 1088 1211 :

1041 1230 1178 1265 Reliquum
1211 1229 1366 1264 sanguinem
1386 1227 1476 1262 fundet
1500 1225 1535 1252 ad
1549 1225 1633 1252 basim
1648 1224 1705 1258 ejus
1717 1243 1725 1254 .
1740 1230 1800 1249 ont-

1005 1284 1066 1304 nem
1091 1275 1278 1310 pcenitentiam
1297 1273 1462 1308 evangelicae
1486 1271 1582 1298 tribuit
1601 1268 1798 1304 praedicationi,

1005 1330 1085 1358 quam
1100 1329 1161 1349 esse
1174 1321 1259 1348 basim
1272 1320 1365 1347 altaris
1377 1318 1506 1346 diximus.
1528 1317 1612 1344 Recte
1627 1318 1719 1342 autem
1735 1321 1795 1348 poe-

1005 1369 1148 1396 nitentiam
1171 1374 1280 1395 onmem
1305 1365 1462 1400 apostolica!
1478 1361 1664 1398 praedicationi
1679 1360 1775 1387 tribuit
1790 1369 1796 1387 :

1005 1416 1069 1450 quia
1094 1414 1183 1441 omnis
1205 1414 1265 1447 ejus
1288 1411 1403 1439 intentio
1427 1410 1484 1437 haec
1500 1413 1552 1442 est,
1566 1413 1596 1435 ut
1613 1407 1704 1434 omnis
1716 1406 1795 1433 homo

1006 1460 1142 1495 ptenitens
1164 1465 1194 1485 se
1221 1455 1382 1491 corrigendo
1399 1454 1529 1484 salvetur,
1553 1457 1667 1487 propter
1682 1450 1755 1485 quod
1770 1454 1798 1475 et

1007 1507 1122 1543 primatu
1135 1511 1229 1532 vocem
1241 1503 1314 1530 illam
1329 1501 1459 1528 Dominus
1473 1498 1598 1534 providet
1611 1497 1637 1523 in
1653 1495 1799 1530 Evangelio

1007 1540 1195 1580 doctoralem:
1226 1547 1413 1576 Pteuitentiam
1452 1545 1534 1580 agite,
1577 1540 1800 1578 appropinquabil

1008 1598 1077 1625 enim
1101 1602 1208 1631 regnum
1228 1590 1473 1625 reetornm";quia
1487 1588 1569 1616 etiam
1582 1587 1614 1614 ad
1636 1586 1687 1613 hoc
1704 1592 1734 1612 se
1752 1593 1802 1612 ve-

1006 1644 1080 1670 nisse
1101 1629 1178 1673 disit,
1194 1640 1232 1666 ait
1246 1638 1319 1666 enim
1336 1646 1343 1664 :
1369 1635 1430 1662 Non
1447 1635 1505 1662 ueni
1527 1640 1622 1660 uocare
1648 1631 1744 1665 iustos,
1755 1629 1802 1656 sed

1005 1692 1152 1723 peccatores
1178 1685 1214 1712 ad
1238 1681 1459 1719 pauitentiam“.
1491 1679 1556 1706 Post
1576 1678 1635 1705 haec
1649 1675 1715 1711 quid
1737 1674 1801 1701 facit

1005 1734 1133 1763 sacerdos
1143 1732 1154 1759 ἵ

1041 1779 1150 1807 Omnem
1167 1781 1254 1804 autem
1269 1774 1373 1808 adipem
1386 1772 1519 1810 auferens,
1539 1770 1606 1797 sicut
1621 1768 1725 1804 auferri
1735 1766 1802 1794 solet

1006 1826 1038 1853 de
1050 1825 1160 1852 victimis
1167 1822 1350 1857 paciﬁcorum.
1369 1818 1405 1847 Ut
1420 1816 1581 1853 paenitentis
1601 1822 1683 1843 omtte
1699 1812 1803 1841 deside-

1007 1872 1079 1899 rium
1106 1876 1216 1897 sursum
1243 1866 1382 1901 respiciat,
1408 1863 1436 1891 id
1461 1863 1523 1894 est,‘
1542 1861 1641 1889 caelum
1666 1857 1801 1888 intendat.

1008 1921 1074 1944 tunc
1090 1915 1164 1943 enim
1184 1912 1284 1948 poterit
1306 1908 1494 1946 paenitentiam
1513 1906 1640 1934 oﬁ‘erenti
1664 1905 1692 1931 in
1711 1902 1803 1938 paciﬁ-

1008 1970 1103 1991 eorum
1116 1960 1251 1989 sacriﬁcio
1267 1955 1399 1993 reputari.
1418 1953 1472 1983 Sed
1489 1953 1552 1989 quis
1573 1952 1610 1980 sit
1628 1950 1690 1978 ﬁnis
1703 1950 1802 1976 horum

1008 2016 1069 2044 qua:
1081 2008 1153 2035 dicta
1166 2010 1241 2037 sunt,
1257 2003 1378 2031 addidit:

1043 2051 1205 2087 Rogabitque
1213 2056 1260 2084 pro
1273 2055 1302 2074 eo
1316 2046 1449 2076 sacerdos.
1461 2048 1486 2071 et
1500 2042 1650 2070 dimittetur
1658 2039 1692 2066 ei.
1708 2037 1803 2087 Neque

1009 2083 1094 2127 enim'
1109 2083 1200 2124 idonei
1214 2083 1321 2122 sumus
1350 2095 1462 2128 peccata
1486 2085 1693 2120 nobismetipsis
1713 2083 1806 2128 dimit—

1010 2149 1082 2176 tere,
1095 2141 1222 2170 Christus
1243 2143 1335 2166 autem
1351 2136 1431 2164 nobis
1444 2132 1669 2170 propitiationem
1685 2127 1802 2165 perﬁcit.

1009 2190 1088 2219 Unde
1114 2193 1142 2216 et
1158 2187 1219 2222 ejus
1237 2192 1304 2213 voce
1318 2181 1474 2211 sacerdotes
1490 2179 1518 2207 in
1533 2177 1694 2209 Ecelesiam,
1711 2179 1805 2210 utpote

1011 2238 1072 2272 ejus
1089 2221 1207 2263 oﬁlcium
1235 2231 1394 2262 subeuntes,
1410 2226 1529 2256 ordinati
1556 2229 1630 2258 sunt,
1652 2223 1752 2259 quibus
1777 2221 1806 2249 in

1011 2267 1128 2321 persona
1150 2279 1334 2316 apostolorum
1353 2275 1480 2304 dicebat:
1508 2272 1626 2304 Quorum
1650 2267 1806 2296 dimiserim

1015 2315 1138 2364 peccata,
1154 2326 1264 2354 dimissa
1281 2327 1353 2355 sunt,
1380 2325 1405 2348 et
1427 2326 1540 2354 quorum
1560 2315 1734 2346 retinueritis,
1761 2321 1806 2340 re-

1015 2360 1087 2403 tenta
1102 2372 1201 2401 sunt".
1219 2370 1253 2398 Et
1271 2375 1366 2396 rursus
1379 2377 1385 2394 :
1403 2365 1570 2399 Quacumque
1582 2360 1712 2389 solveritis
1727 2367 1807 2393 super

1015 2427 1115 2449 terram
1138 2410 1224 2446 soiuta
1242 2419 1318 2442 erunt
1339 2418 1364 2440 et
1383 2413 1412 2439 in
1434 2411 1508 2441 aeto.
1524 2413 1548 2436 et
1562 2413 1724 2444 quacunque
1740 2404 1809 2440 liga-

1014 2466 1102 2494 ueritis
1116 2471 1194 2498 super
1210 2465 1320 2490 terram,
1337 2458 1420 2493 ligata
1434 2459 1510 2483 erunt
1530 2458 1554 2481 et
1573 2454 1602 2480 in
1615 2450 1679 2479 caelo
1686 2450 1720 2477 ⁸⁸.

1043 2514 1131 2548 Δνιειις.
1146 2517 1241 2546 52-55.
1266 2525 1275 2541 ι
1293 2515 1342 2542 Sin
1356 2518 1447 2541 autem
1466 2513 1501 2540 de
1518 2509 1665 2547 pecoribus
1678 2505 1811 2535 obtulerit

1015 2566 1151 2594 victimam
1167 2570 1216 2598 pro
1232 2564 1356 2597 peccato,
1372 2566 1451 2586 ovem
1467 2558 1575 2585 scilicet
1595 2553 1811 2584 immaculatam.

1016 2615 1098 2648 ponet
1117 2616 1226 2643 manum
1249 2614 1331 2642 super
1349 2610 1432 2640 caput
1448 2605 1519 2639 ejus,
1543 2607 1571 2631 et
1583 2599 1737 2641 immolabit
1749 2605 1811 2626 eam

1016 2646 1044 2686 in
1060 2658 1120 2685 loco
1140 2655 1184 2683 ubi
1199 2654 1288 2682 solettt
1313 2653 1535 2680 bolocaustorum
1559 2648 1626 2676 credi
1642 2646 1750 2677 hostias,
1765 2651 1812 2671 su-

1019 2707 1129 2737 ntetquc
1159 2699 1287 2728 sacerdos
1314 2698 1348 2725 de
1373 2696 1506 2732 sanguine
1530 2695 1591 2729 ejus
1605 2693 1691 2728 digito
1705 2697 1768 2721 suo,
1785 2692 1814 2716 et

1022 2734 1134 2783 tangens
1150 2752 1253 2773 cornua
1272 2743 1364 2770 altaris
1383 2739 1547 2772 holocaustl,
1562 2738 1699 2773 reliquum
1717 2734 1814 2762 fundet

1021 2795 1055 2820 ab
1070 2780 1165 2820 ibasim
1187 2790 1257 2826 ejus.
1284 2795 1392 2816 omnem
1421 2793 1529 2822 quoque
1542 2784 1670 2812 auferens
1693 2780 1812 2815 adipem,

1023 2839 1094 2867 sicut
1108 2836 1207 2865 auferri
1223 2836 1292 2870 solet
1318 2834 1403 2869 adeps
1418 2832 1512 2860 arietis
1528 2830 1574 2870 qui
1590 2827 1746 2857 immolatur
1763 2832 1813 2860 pro

1372 2907 1395 2923 ’θ
1412 2905 1509 2934 llabac.
1527 2912 1567 2936 ιιι,
1595 2903 1621 2930 ι.
1676 2900 1698 2917 ⁹¹
1715 2898 1811 2926 Matth.
