  <div class='ocr_page' id='page_1' title='image "/cluster/home/n/w/nwhite01/storage/ocr_20150623/93/njp.32101077772836/475.png"; bbox 0 0 2052 3150; ppageno 0'>
   <div class='ocr_carea' id='block_1_1' title="bbox 213 213 300 250">
    <p class='ocr_par' dir='ltr' id='par_1_1' title="bbox 213 213 300 250">
     <span class='ocr_line' id='line_1_1' title="bbox 213 213 300 250; baseline -0.046 0"><span class='ocrx_word' id='word_1_1' title='bbox 213 246 217 250; x_wconf 94' lang='grc'>.</span> <span class='ocrx_word' id='word_1_2' title='bbox 248 213 300 246; x_wconf 69' lang='grc'><strong>8⁸31</strong></span> 
     </span>
    </p>
   </div>
   <div class='ocr_carea' id='block_1_2' title="bbox 864 217 1301 249">
    <p class='ocr_par' dir='ltr' id='par_1_2' title="bbox 864 217 1301 249">
     <span class='ocr_line' id='line_1_2' title="bbox 864 217 1301 249; baseline 0.007 -3"><span class='ocrx_word' id='word_1_3' title='bbox 864 217 1045 247; x_wconf 73' lang='lat' dir='ltr'><strong>BESYCHII</strong></span> <span class='ocrx_word' id='word_1_4' title='bbox 1066 218 1301 249; x_wconf 70' lang='lat' dir='ltr'><strong>PRESBYTERJ</strong></span> 
     </span>
    </p>
   </div>
   <div class='ocr_carea' id='block_1_3' title="bbox 1828 218 1882 250">
    <p class='ocr_par' dir='ltr' id='par_1_3' title="bbox 1828 218 1882 250">
     <span class='ocr_line' id='line_1_3' title="bbox 1828 218 1882 250; baseline 0.037 -2"><span class='ocrx_word' id='word_1_5' title='bbox 1828 218 1882 250; x_wconf 77' lang='lat'><strong>832</strong></span> 
     </span>
    </p>
   </div>
   <div class='ocr_carea' id='block_1_4' title="bbox 247 271 1883 312">
    <p class='ocr_par' dir='ltr' id='par_1_4' title="bbox 247 271 1883 312">
     <span class='ocr_line' id='line_1_4' title="bbox 247 271 1883 312; baseline 0.002 -13"><span class='ocrx_word' id='word_1_6' title='bbox 247 271 377 306; x_wconf 82' lang='lat' dir='ltr'><strong>paciﬁcis,</strong></span> <span class='ocrx_word' id='word_1_7' title='bbox 406 275 434 298; x_wconf 90' lang='lat' dir='ltr'><strong>et</strong></span> <span class='ocrx_word' id='word_1_8' title='bbox 460 271 593 298; x_wconf 92' lang='lat' dir='ltr'><strong>cremabit</strong></span> <span class='ocrx_word' id='word_1_9' title='bbox 619 279 702 307; x_wconf 78' lang='lat' dir='ltr'><strong>super</strong></span> <span class='ocrx_word' id='word_1_10' title='bbox 727 273 812 300; x_wconf 84' lang='lat' dir='ltr'><strong>altare</strong></span> <span class='ocrx_word' id='word_1_11' title='bbox 838 274 867 302; x_wconf 93' lang='lat' dir='ltr'><strong>in</strong></span> <span class='ocrx_word' id='word_1_12' title='bbox 891 275 1035 312; x_wconf 78' lang='lat' dir='ltr'><strong>incensum</strong></span> <span class='ocrx_word' id='word_1_13' title='bbox 1051 278 1074 305; x_wconf 78' lang='grc' dir='ltr'>Α</span> <span class='ocrx_word' id='word_1_14' title='bbox 1090 275 1266 303; x_wconf 83' lang='lat' dir='ltr'><strong>fundamenta</strong></span> <span class='ocrx_word' id='word_1_15' title='bbox 1278 275 1348 310; x_wconf 81' lang='lat' dir='ltr'><strong>ejus,</strong></span> <span class='ocrx_word' id='word_1_16' title='bbox 1362 275 1424 310; x_wconf 83' lang='lat' dir='ltr'><strong>quia</strong></span> <span class='ocrx_word' id='word_1_17' title='bbox 1439 283 1490 310; x_wconf 90' lang='lat' dir='ltr'><strong>pro</strong></span> <span class='ocrx_word' id='word_1_18' title='bbox 1504 279 1616 311; x_wconf 85' lang='lat' dir='ltr'><strong>peccato</strong></span> <span class='ocrx_word' id='word_1_19' title='bbox 1627 279 1680 306; x_wconf 83' lang='lat' dir='ltr'><strong>est,</strong></span> <span class='ocrx_word' id='word_1_20' title='bbox 1689 274 1803 302; x_wconf 84' lang='lat' dir='ltr'><strong>alterum</strong></span> <span class='ocrx_word' id='word_1_21' title='bbox 1816 283 1883 302; x_wconf 84' lang='lat' dir='ltr'><strong>vero</strong></span> 
     </span>
    </p>
   </div>
   <div class='ocr_carea' id='block_1_5' title="bbox 248 315 1038 356">
    <p class='ocr_par' dir='ltr' id='par_1_5' title="bbox 248 315 1038 356">
     <span class='ocr_line' id='line_1_5' title="bbox 248 315 1038 356; baseline 0.006 -12"><span class='ocrx_word' id='word_1_22' title='bbox 248 316 367 348; x_wconf 88' lang='lat' dir='ltr'><strong>Domini,</strong></span> <span class='ocrx_word' id='word_1_23' title='bbox 382 315 542 351; x_wconf 73' lang='lat' dir='ltr'><strong>rogabitquc</strong></span> <span class='ocrx_word' id='word_1_24' title='bbox 572 324 621 351; x_wconf 91' lang='lat' dir='ltr'><strong>pro</strong></span> <span class='ocrx_word' id='word_1_25' title='bbox 637 325 680 350; x_wconf 86' lang='lat' dir='ltr'><strong>eo,</strong></span> <span class='ocrx_word' id='word_1_26' title='bbox 697 323 724 345; x_wconf 90' lang='lat' dir='ltr'><strong>et</strong></span> <span class='ocrx_word' id='word_1_27' title='bbox 747 326 798 353; x_wconf 88' lang='lat' dir='ltr'><strong>pro</strong></span> <span class='ocrx_word' id='word_1_28' title='bbox 829 324 942 355; x_wconf 87' lang='lat' dir='ltr'><strong>peccato</strong></span> <span class='ocrx_word' id='word_1_29' title='bbox 967 321 1038 356; x_wconf 85' lang='lat' dir='ltr'><strong>ejus,</strong></span> 
     </span>
    </p>
   </div>
   <div class='ocr_carea' id='block_1_6' title="bbox 246 360 531 390">
    <p class='ocr_par' dir='ltr' id='par_1_6' title="bbox 246 360 531 390">
     <span class='ocr_line' id='line_1_6' title="bbox 246 360 531 390; baseline -0.011 0"><span class='ocrx_word' id='word_1_30' title='bbox 246 366 275 390; x_wconf 87' lang='lat' dir='ltr'><strong>et</strong></span> <span class='ocrx_word' id='word_1_31' title='bbox 286 361 437 389; x_wconf 87' lang='lat' dir='ltr'><strong>dimittetur</strong></span> <span class='ocrx_word' id='word_1_32' title='bbox 451 360 499 388; x_wconf 83' lang='lat' dir='ltr'><strong>illi.</strong></span> <span class='ocrx_word' id='word_1_33' title='bbox 522 370 531 387; x_wconf 70' lang='grc' dir='ltr'><strong><em>ι</em></strong></span> 
     </span>
    </p>
   </div>
   <div class='ocr_carea' id='block_1_7' title="bbox 282 405 1039 445">
    <p class='ocr_par' dir='ltr' id='par_1_7' title="bbox 282 405 1039 445">
     <span class='ocr_line' id='line_1_7' title="bbox 282 405 1039 445; baseline 0.011 -14"><span class='ocrx_word' id='word_1_34' title='bbox 282 405 467 440; x_wconf 88' lang='lat' dir='ltr'><strong>Semctipsum</strong></span> <span class='ocrx_word' id='word_1_35' title='bbox 499 414 573 433; x_wconf 93' lang='lat' dir='ltr'><strong>nunc</strong></span> <span class='ocrx_word' id='word_1_36' title='bbox 607 415 715 442; x_wconf 88' lang='lat' dir='ltr'><strong>quoque</strong></span> <span class='ocrx_word' id='word_1_37' title='bbox 746 416 865 444; x_wconf 85' lang='lat' dir='ltr'><strong>sequens</strong></span> <span class='ocrx_word' id='word_1_38' title='bbox 900 411 1039 445; x_wconf 80' lang='lat' dir='ltr'><strong>legislator</strong></span> 
     </span>
    </p>
   </div>
   <div class='ocr_carea' id='block_1_8' title="bbox 246 450 1039 490">
    <p class='ocr_par' dir='ltr' id='par_1_8' title="bbox 246 450 1039 490">
     <span class='ocr_line' id='line_1_8' title="bbox 246 450 1039 490; baseline 0.01 -13"><span class='ocrx_word' id='word_1_39' title='bbox 246 450 376 490; x_wconf 88' lang='lat' dir='ltr'><strong>oblationi</strong></span> <span class='ocrx_word' id='word_1_40' title='bbox 405 459 494 486; x_wconf 71' lang='lat' dir='ltr'><strong>caprae</strong></span> <span class='ocrx_word' id='word_1_41' title='bbox 516 451 573 479; x_wconf 97' lang='lat' dir='ltr'><strong>sive</strong></span> <span class='ocrx_word' id='word_1_42' title='bbox 602 452 741 487; x_wconf 76' lang='lat' dir='ltr'><strong>chimerae,</strong></span> <span class='ocrx_word' id='word_1_43' title='bbox 765 463 847 490; x_wconf 87' lang='lat' dir='ltr'><strong>quam</strong></span> <span class='ocrx_word' id='word_1_44' title='bbox 870 456 990 485; x_wconf 85' lang='lat' dir='ltr'><strong>diximus</strong></span> <span class='ocrx_word' id='word_1_45' title='bbox 1005 457 1039 485; x_wconf 88' lang='lat' dir='ltr'><strong>ab</strong></span> 
     </span>
    </p>
   </div>
   <div class='ocr_carea' id='block_1_9' title="bbox 248 496 1040 537">
    <p class='ocr_par' dir='ltr' id='par_1_9' title="bbox 248 496 1040 537">
     <span class='ocr_line' id='line_1_9' title="bbox 248 496 1040 537; baseline 0.013 -16"><span class='ocrx_word' id='word_1_46' title='bbox 248 496 290 523; x_wconf 87' lang='lat' dir='ltr'><strong>his</strong></span> <span class='ocrx_word' id='word_1_47' title='bbox 315 497 359 531; x_wconf 90' lang='lat' dir='ltr'><strong>qui</strong></span> <span class='ocrx_word' id='word_1_48' title='bbox 377 501 441 523; x_wconf 90' lang='lat' dir='ltr'><strong>sunt</strong></span> <span class='ocrx_word' id='word_1_49' title='bbox 467 497 501 523; x_wconf 87' lang='lat' dir='ltr'><strong>de</strong></span> <span class='ocrx_word' id='word_1_50' title='bbox 521 497 633 532; x_wconf 91' lang='lat' dir='ltr'><strong>populo,</strong></span> <span class='ocrx_word' id='word_1_51' title='bbox 651 503 679 526; x_wconf 89' lang='lat' dir='ltr'><strong>et</strong></span> <span class='ocrx_word' id='word_1_52' title='bbox 692 499 737 534; x_wconf 88' lang='lat' dir='ltr'><strong>qui</strong></span> <span class='ocrx_word' id='word_1_53' title='bbox 754 508 808 528; x_wconf 93' lang='lat' dir='ltr'><strong>non</strong></span> <span class='ocrx_word' id='word_1_54' title='bbox 825 507 995 537; x_wconf 73' lang='lat' dir='ltr'><strong>occupantur</strong></span> <span class='ocrx_word' id='word_1_55' title='bbox 1012 503 1040 531; x_wconf 90' lang='lat' dir='ltr'><strong>in</strong></span> 
     </span>
    </p>
   </div>
   <div class='ocr_carea' id='block_1_10' title="bbox 248 541 1038 582">
    <p class='ocr_par' dir='ltr' id='par_1_10' title="bbox 248 541 1038 582">
     <span class='ocr_line' id='line_1_10' title="bbox 248 541 1038 582; baseline 0.009 -13"><span class='ocrx_word' id='word_1_56' title='bbox 248 542 427 569; x_wconf 72' lang='lat' dir='ltr'><strong>meditatione</strong></span> <span class='ocrx_word' id='word_1_57' title='bbox 450 541 525 577; x_wconf 75' lang='lat' dir='ltr'><strong>legis,</strong></span> <span class='ocrx_word' id='word_1_58' title='bbox 543 543 636 570; x_wconf 77' lang='lat' dir='ltr'><strong>oﬂerri</strong></span> <span class='ocrx_word' id='word_1_59' title='bbox 651 552 730 572; x_wconf 89' lang='lat' dir='ltr'><strong>ovem</strong></span> <span class='ocrx_word' id='word_1_60' title='bbox 745 553 852 581; x_wconf 87' lang='lat' dir='ltr'><strong>quoque</strong></span> <span class='ocrx_word' id='word_1_61' title='bbox 867 548 1010 582; x_wconf 83' lang='lat' dir='ltr'><strong>conjunxit</strong></span> <span class='ocrx_word' id='word_1_62' title='bbox 1031 559 1038 576; x_wconf 91' lang='lat'><strong>:</strong></span> 
     </span>
    </p>
   </div>
   <div class='ocr_carea' id='block_1_11' title="bbox 246 587 1042 624">
    <p class='ocr_par' dir='ltr' id='par_1_11' title="bbox 246 587 1042 624">
     <span class='ocr_line' id='line_1_11' title="bbox 246 587 1042 624; baseline 0.01 -11"><span class='ocrx_word' id='word_1_63' title='bbox 246 587 376 622; x_wconf 91' lang='lat' dir='ltr'><strong>quoniam</strong></span> <span class='ocrx_word' id='word_1_64' title='bbox 393 587 419 613; x_wconf 91' lang='lat' dir='ltr'><strong>in</strong></span> <span class='ocrx_word' id='word_1_65' title='bbox 443 587 543 622; x_wconf 88' lang='lat' dir='ltr'><strong>populo</strong></span> <span class='ocrx_word' id='word_1_66' title='bbox 557 592 583 615; x_wconf 87' lang='lat' dir='ltr'><strong>et</strong></span> <span class='ocrx_word' id='word_1_67' title='bbox 599 588 691 616; x_wconf 76' lang='lat' dir='ltr'><strong>idiotis</strong></span> <span class='ocrx_word' id='word_1_68' title='bbox 706 591 835 624; x_wconf 89' lang='lat' dir='ltr'><strong>possibile</strong></span> <span class='ocrx_word' id='word_1_69' title='bbox 861 597 903 620; x_wconf 90' lang='lat' dir='ltr'><strong>est</strong></span> <span class='ocrx_word' id='word_1_70' title='bbox 917 600 977 620; x_wconf 88' lang='lat' dir='ltr'><strong>esse</strong></span> <span class='ocrx_word' id='word_1_71' title='bbox 993 593 1042 620; x_wconf 87' lang='lat' dir='ltr'><strong>ali-</strong></span> 
     </span>
    </p>
   </div>
   <div class='ocr_carea' id='block_1_12' title="bbox 247 632 1041 668">
    <p class='ocr_par' dir='ltr' id='par_1_12' title="bbox 247 632 1041 668">
     <span class='ocr_line' id='line_1_12' title="bbox 247 632 1041 668; baseline 0.01 -9"><span class='ocrx_word' id='word_1_72' title='bbox 247 640 316 667; x_wconf 87' lang='lat' dir='ltr'><strong>quos</strong></span> <span class='ocrx_word' id='word_1_73' title='bbox 338 632 419 661; x_wconf 88' lang='lat' dir='ltr'><strong>etiam</strong></span> <span class='ocrx_word' id='word_1_74' title='bbox 435 633 583 668; x_wconf 88' lang='lat' dir='ltr'><strong>simplices,</strong></span> <span class='ocrx_word' id='word_1_75' title='bbox 598 635 697 668; x_wconf 86' lang='lat' dir='ltr'><strong>quibus</strong></span> <span class='ocrx_word' id='word_1_76' title='bbox 717 637 862 664; x_wconf 77' lang='lat' dir='ltr'><strong>conveniat</strong></span> <span class='ocrx_word' id='word_1_77' title='bbox 877 638 936 666; x_wconf 88' lang='lat' dir='ltr'><strong>ovis</strong></span> <span class='ocrx_word' id='word_1_78' title='bbox 953 640 1041 667; x_wconf 87' lang='lat' dir='ltr'><strong>sacri-</strong></span> 
     </span>
    </p>
   </div>
   <div class='ocr_carea' id='block_1_13' title="bbox 248 677 1040 717">
    <p class='ocr_par' dir='ltr' id='par_1_13' title="bbox 248 677 1040 717">
     <span class='ocr_line' id='line_1_13' title="bbox 248 677 1040 717; baseline 0.011 -14"><span class='ocrx_word' id='word_1_79' title='bbox 248 677 348 709; x_wconf 90' lang='lat' dir='ltr'><strong>ﬁcium,</strong></span> <span class='ocrx_word' id='word_1_80' title='bbox 364 678 437 712; x_wconf 91' lang='lat' dir='ltr'><strong>quod</strong></span> <span class='ocrx_word' id='word_1_81' title='bbox 462 683 515 705; x_wconf 88' lang='lat' dir='ltr'><strong>tam</strong></span> <span class='ocrx_word' id='word_1_82' title='bbox 535 679 562 706; x_wconf 94' lang='lat' dir='ltr'><strong>in</strong></span> <span class='ocrx_word' id='word_1_83' title='bbox 594 680 821 709; x_wconf 85' lang='lat' dir='ltr'><strong>holocautomatis</strong></span> <span class='ocrx_word' id='word_1_84' title='bbox 846 691 927 717; x_wconf 89' lang='lat' dir='ltr'><strong>quam</strong></span> <span class='ocrx_word' id='word_1_85' title='bbox 955 685 1040 712; x_wconf 88' lang='lat' dir='ltr'><strong>sacri-</strong></span> 
     </span>
    </p>
   </div>
   <div class='ocr_carea' id='block_1_14' title="bbox 248 721 1041 764">
    <p class='ocr_par' dir='ltr' id='par_1_14' title="bbox 248 721 1041 764">
     <span class='ocr_line' id='line_1_14' title="bbox 248 721 1041 764; baseline 0.011 -17"><span class='ocrx_word' id='word_1_86' title='bbox 248 721 315 748; x_wconf 87' lang='lat' dir='ltr'><strong>ﬁciis</strong></span> <span class='ocrx_word' id='word_1_87' title='bbox 328 722 422 749; x_wconf 69' lang='lat' dir='ltr'><strong>hostia:</strong></span> <span class='ocrx_word' id='word_1_88' title='bbox 436 723 608 756; x_wconf 89' lang='lat' dir='ltr'><strong>pacilicorum</strong></span> <span class='ocrx_word' id='word_1_89' title='bbox 633 724 844 753; x_wconf 75' lang='lat' dir='ltr'><strong>demonstratur.</strong></span> <span class='ocrx_word' id='word_1_90' title='bbox 860 727 960 762; x_wconf 84' lang='lat' dir='ltr'><strong>Aperte</strong></span> <span class='ocrx_word' id='word_1_91' title='bbox 977 736 1041 764; x_wconf 76' lang='lat' dir='ltr'><strong>ergo</strong></span> 
     </span>
    </p>
   </div>
   <div class='ocr_carea' id='block_1_15' title="bbox 249 766 1041 809">
    <p class='ocr_par' dir='ltr' id='par_1_15' title="bbox 249 766 1041 809">
     <span class='ocr_line' id='line_1_15' title="bbox 249 766 1041 809; baseline 0.01 -16"><span class='ocrx_word' id='word_1_92' title='bbox 249 766 385 802; x_wconf 79' lang='lat' dir='ltr'><strong>legislator</strong></span> <span class='ocrx_word' id='word_1_93' title='bbox 399 768 550 802; x_wconf 79' lang='lat' dir='ltr'><strong>approbare</strong></span> <span class='ocrx_word' id='word_1_94' title='bbox 571 769 695 804; x_wconf 85' lang='lat' dir='ltr'><strong>cupiens,</strong></span> <span class='ocrx_word' id='word_1_95' title='bbox 708 772 772 806; x_wconf 83' lang='lat' dir='ltr'><strong>quia</strong></span> <span class='ocrx_word' id='word_1_96' title='bbox 793 780 849 799; x_wconf 87' lang='lat' dir='ltr'><strong>non</strong></span> <span class='ocrx_word' id='word_1_97' title='bbox 861 773 950 800; x_wconf 87' lang='lat' dir='ltr'><strong>solum</strong></span> <span class='ocrx_word' id='word_1_98' title='bbox 964 775 1041 809; x_wconf 89' lang='lat' dir='ltr'><strong>prin-</strong></span> 
     </span>
    </p>
   </div>
   <div class='ocr_carea' id='block_1_16' title="bbox 247 810 1041 855">
    <p class='ocr_par' dir='ltr' id='par_1_16' title="bbox 247 810 1041 855">
     <span class='ocr_line' id='line_1_16' title="bbox 247 810 1041 855; baseline 0.013 -17"><span class='ocrx_word' id='word_1_99' title='bbox 247 812 322 852; x_wconf 79' lang='lat' dir='ltr'><strong>ceps,</strong></span> <span class='ocrx_word' id='word_1_100' title='bbox 351 812 376 839; x_wconf 88' lang='lat' dir='ltr'><strong>id</strong></span> <span class='ocrx_word' id='word_1_101' title='bbox 390 818 431 840; x_wconf 88' lang='lat' dir='ltr'><strong>est</strong></span> <span class='ocrx_word' id='word_1_102' title='bbox 459 814 573 842; x_wconf 86' lang='lat' dir='ltr'><strong>scientia</strong></span> <span class='ocrx_word' id='word_1_103' title='bbox 586 810 737 848; x_wconf 79' lang='lat' dir='ltr'><strong>sublimior,</strong></span> <span class='ocrx_word' id='word_1_104' title='bbox 754 825 805 845; x_wconf 91' lang='lat' dir='ltr'><strong>nec</strong></span> <span class='ocrx_word' id='word_1_105' title='bbox 821 823 925 846; x_wconf 87' lang='lat' dir='ltr'><strong>tantum</strong></span> <span class='ocrx_word' id='word_1_106' title='bbox 952 827 1041 855; x_wconf 88' lang='lat' dir='ltr'><strong>popu-</strong></span> 
     </span>
    </p>
   </div>
   <div class='ocr_carea' id='block_1_17' title="bbox 249 859 1041 900">
    <p class='ocr_par' dir='ltr' id='par_1_17' title="bbox 249 859 1041 900">
     <span class='ocr_line' id='line_1_17' title="bbox 249 859 1041 900; baseline 0.011 -15"><span class='ocrx_word' id='word_1_107' title='bbox 249 859 323 891; x_wconf 82' lang='lat' dir='ltr'><strong>laris,</strong></span> <span class='ocrx_word' id='word_1_108' title='bbox 341 860 389 887; x_wconf 90' lang='lat' dir='ltr'><strong>sed</strong></span> <span class='ocrx_word' id='word_1_109' title='bbox 402 864 429 887; x_wconf 90' lang='lat' dir='ltr'><strong>et</strong></span> <span class='ocrx_word' id='word_1_110' title='bbox 442 860 465 887; x_wconf 89' lang='lat' dir='ltr'><strong>si</strong></span> <span class='ocrx_word' id='word_1_111' title='bbox 480 861 541 895; x_wconf 89' lang='lat' dir='ltr'><strong>quis</strong></span> <span class='ocrx_word' id='word_1_112' title='bbox 559 866 598 889; x_wconf 83' lang='lat' dir='ltr'><strong>est</strong></span> <span class='ocrx_word' id='word_1_113' title='bbox 626 862 652 889; x_wconf 89' lang='lat' dir='ltr'><strong>in</strong></span> <span class='ocrx_word' id='word_1_114' title='bbox 677 864 854 898; x_wconf 86' lang='lat' dir='ltr'><strong>popularibus</strong></span> <span class='ocrx_word' id='word_1_115' title='bbox 877 865 1004 900; x_wconf 87' lang='lat' dir='ltr'><strong>simplex.</strong></span> <span class='ocrx_word' id='word_1_116' title='bbox 1018 867 1041 894; x_wconf 88' lang='lat' dir='ltr'><strong>si</strong></span> 
     </span>
    </p>
   </div>
   <div class='ocr_carea' id='block_1_18' title="bbox 249 904 1038 946">
    <p class='ocr_par' dir='ltr' id='par_1_18' title="bbox 249 904 1038 946">
     <span class='ocr_line' id='line_1_18' title="bbox 249 904 1038 946; baseline 0.013 -16"><span class='ocrx_word' id='word_1_117' title='bbox 249 904 318 932; x_wconf 77' lang='lat' dir='ltr'><strong>forte</strong></span> <span class='ocrx_word' id='word_1_118' title='bbox 350 906 513 940; x_wconf 79' lang='lat' dir='ltr'><strong>peccaverit,</strong></span> <span class='ocrx_word' id='word_1_119' title='bbox 536 907 609 942; x_wconf 89' lang='lat' dir='ltr'><strong>quod</strong></span> <span class='ocrx_word' id='word_1_120' title='bbox 635 913 663 935; x_wconf 90' lang='lat' dir='ltr'><strong>et</strong></span> <span class='ocrx_word' id='word_1_121' title='bbox 690 909 734 937; x_wconf 91' lang='lat' dir='ltr'><strong>hic</strong></span> <span class='ocrx_word' id='word_1_122' title='bbox 759 910 793 937; x_wconf 92' lang='lat' dir='ltr'><strong>ad</strong></span> <span class='ocrx_word' id='word_1_123' title='bbox 823 911 1038 946; x_wconf 86' lang='lat' dir='ltr'><strong>redemptionem</strong></span> 
     </span>
    </p>
   </div>
   <div class='ocr_carea' id='block_1_19' title="bbox 250 944 1076 988">
    <p class='ocr_par' dir='ltr' id='par_1_19' title="bbox 250 944 1076 988">
     <span class='ocr_line' id='line_1_19' title="bbox 250 944 1076 988; baseline 0.011 -12"><span class='ocrx_word' id='word_1_124' title='bbox 250 955 422 984; x_wconf 77' lang='lat' dir='ltr'><strong>peceatorum</strong></span> <span class='ocrx_word' id='word_1_125' title='bbox 446 952 542 979; x_wconf 89' lang='lat' dir='ltr'><strong>debeat</strong></span> <span class='ocrx_word' id='word_1_126' title='bbox 566 954 765 988; x_wconf 71' lang='lat' dir='ltr'><strong>pmnitentiam,</strong></span> <span class='ocrx_word' id='word_1_127' title='bbox 795 957 853 984; x_wconf 92' lang='lat' dir='ltr'><strong>ovis</strong></span> <span class='ocrx_word' id='word_1_128' title='bbox 876 958 1039 987; x_wconf 81' lang='lat' dir='ltr'><strong>sacriﬁcium</strong></span> <span class='ocrx_word' id='word_1_129' title='bbox 1057 944 1076 970; x_wconf 73' lang='grc' dir='ltr'><strong><em>Β</em></strong></span> 
     </span>
    </p>
   </div>
   <div class='ocr_carea' id='block_1_20' title="bbox 250 995 1040 1036">
    <p class='ocr_par' dir='ltr' id='par_1_20' title="bbox 250 995 1040 1036">
     <span class='ocr_line' id='line_1_20' title="bbox 250 995 1040 1036; baseline 0.011 -14"><span class='ocrx_word' id='word_1_130' title='bbox 250 995 409 1036; x_wconf 77' lang='lat' dir='ltr'><strong>introduxit.</strong></span> <span class='ocrx_word' id='word_1_131' title='bbox 435 997 496 1025; x_wconf 89' lang='lat' dir='ltr'><strong>Ideo</strong></span> <span class='ocrx_word' id='word_1_132' title='bbox 513 1004 604 1026; x_wconf 88' lang='lat' dir='ltr'><strong>autem</strong></span> <span class='ocrx_word' id='word_1_133' title='bbox 625 1008 680 1027; x_wconf 89' lang='lat' dir='ltr'><strong>non</strong></span> <span class='ocrx_word' id='word_1_134' title='bbox 700 1001 823 1034; x_wconf 84' lang='lat' dir='ltr'><strong>arietem,</strong></span> <span class='ocrx_word' id='word_1_135' title='bbox 839 1003 887 1030; x_wconf 90' lang='lat' dir='ltr'><strong>sed</strong></span> <span class='ocrx_word' id='word_1_136' title='bbox 908 1011 999 1035; x_wconf 86' lang='lat' dir='ltr'><strong>ovem,</strong></span> <span class='ocrx_word' id='word_1_137' title='bbox 1013 1005 1040 1031; x_wconf 89' lang='lat' dir='ltr'><strong>id</strong></span> 
     </span>
    </p>
   </div>
   <div class='ocr_carea' id='block_1_21' title="bbox 249 1041 1040 1083">
    <p class='ocr_par' dir='ltr' id='par_1_21' title="bbox 249 1041 1040 1083">
     <span class='ocr_line' id='line_1_21' title="bbox 249 1041 1040 1083; baseline 0.014 -17"><span class='ocrx_word' id='word_1_138' title='bbox 249 1045 300 1073; x_wconf 86' lang='lat' dir='ltr'><strong>est,</strong></span> <span class='ocrx_word' id='word_1_139' title='bbox 322 1041 462 1074; x_wconf 77' lang='lat' dir='ltr'><strong>ferrﬁuam,</strong></span> <span class='ocrx_word' id='word_1_140' title='bbox 493 1048 520 1070; x_wconf 92' lang='lat' dir='ltr'><strong>et</strong></span> <span class='ocrx_word' id='word_1_141' title='bbox 547 1051 601 1071; x_wconf 90' lang='lat' dir='ltr'><strong>non</strong></span> <span class='ocrx_word' id='word_1_142' title='bbox 627 1045 779 1073; x_wconf 88' lang='lat' dir='ltr'><strong>masculum</strong></span> <span class='ocrx_word' id='word_1_143' title='bbox 793 1048 921 1083; x_wconf 68' lang='lat' dir='ltr'><strong>praecepit</strong></span> <span class='ocrx_word' id='word_1_144' title='bbox 935 1049 1040 1082; x_wconf 80' lang='lat' dir='ltr'><strong>oﬁ&#39;erri,</strong></span> 
     </span>
    </p>
   </div>
   <div class='ocr_carea' id='block_1_22' title="bbox 250 1086 1040 1129">
    <p class='ocr_par' dir='ltr' id='par_1_22' title="bbox 250 1086 1040 1129">
     <span class='ocr_line' id='line_1_22' title="bbox 250 1086 1040 1129; baseline 0.013 -17"><span class='ocrx_word' id='word_1_145' title='bbox 250 1086 312 1120; x_wconf 89' lang='lat' dir='ltr'><strong>quia</strong></span> <span class='ocrx_word' id='word_1_146' title='bbox 329 1087 505 1129; x_wconf 74' lang='lat' dir='ltr'><strong>popularibus</strong></span> <span class='ocrx_word' id='word_1_147' title='bbox 518 1088 681 1117; x_wconf 79' lang='lat' dir='ltr'><strong>feminarum</strong></span> <span class='ocrx_word' id='word_1_148' title='bbox 700 1091 865 1120; x_wconf 85' lang='lat' dir='ltr'><strong>sacriﬁcium</strong></span> <span class='ocrx_word' id='word_1_149' title='bbox 880 1093 1040 1128; x_wconf 78' lang='lat' dir='ltr'><strong>deputavit:</strong></span> 
     </span>
    </p>
   </div>
   <div class='ocr_carea' id='block_1_23' title="bbox 250 1131 1042 1170">
    <p class='ocr_par' dir='ltr' id='par_1_23' title="bbox 250 1131 1042 1170">
     <span class='ocr_line' id='line_1_23' title="bbox 250 1131 1042 1170; baseline 0.014 -13"><span class='ocrx_word' id='word_1_150' title='bbox 250 1138 297 1158; x_wconf 88' lang='lat' dir='ltr'><strong>eos</strong></span> <span class='ocrx_word' id='word_1_151' title='bbox 321 1131 366 1159; x_wconf 84' lang='lat' dir='ltr'><strong>hie</strong></span> <span class='ocrx_word' id='word_1_152' title='bbox 384 1132 429 1168; x_wconf 95' lang='lat' dir='ltr'><strong>qui</strong></span> <span class='ocrx_word' id='word_1_153' title='bbox 449 1132 535 1169; x_wconf 76' lang='lat' dir='ltr'><strong>legem</strong></span> <span class='ocrx_word' id='word_1_154' title='bbox 556 1134 694 1170; x_wconf 88' lang='lat' dir='ltr'><strong>accipiunt</strong></span> <span class='ocrx_word' id='word_1_155' title='bbox 714 1136 854 1165; x_wconf 84' lang='lat' dir='ltr'><strong>evidenter</strong></span> <span class='ocrx_word' id='word_1_156' title='bbox 884 1144 1042 1168; x_wconf 86' lang='lat' dir='ltr'><strong>contestans</strong></span> 
     </span>
    </p>
   </div>
   <div class='ocr_carea' id='block_1_24' title="bbox 251 1181 1042 1218">
    <p class='ocr_par' dir='ltr' id='par_1_24' title="bbox 251 1181 1042 1218">
     <span class='ocr_line' id='line_1_24' title="bbox 251 1181 1042 1218; baseline 0.01 -12"><span class='ocrx_word' id='word_1_157' title='bbox 251 1184 281 1206; x_wconf 94' lang='lat' dir='ltr'><strong>ut</strong></span> <span class='ocrx_word' id='word_1_158' title='bbox 296 1181 453 1216; x_wconf 87' lang='lat' dir='ltr'><strong>quicunque</strong></span> <span class='ocrx_word' id='word_1_159' title='bbox 472 1182 654 1217; x_wconf 87' lang='lat' dir='ltr'><strong>principatum</strong></span> <span class='ocrx_word' id='word_1_160' title='bbox 679 1184 792 1212; x_wconf 85' lang='lat' dir='ltr'><strong>sortitus</strong></span> <span class='ocrx_word' id='word_1_161' title='bbox 807 1189 859 1218; x_wconf 87' lang='lat' dir='ltr'><strong>est,</strong></span> <span class='ocrx_word' id='word_1_162' title='bbox 875 1191 902 1213; x_wconf 90' lang='lat' dir='ltr'><strong>et</strong></span> <span class='ocrx_word' id='word_1_163' title='bbox 922 1191 963 1214; x_wconf 89' lang='lat' dir='ltr'><strong>est</strong></span> <span class='ocrx_word' id='word_1_164' title='bbox 981 1187 1042 1215; x_wconf 88' lang='lat' dir='ltr'><strong>aliis</strong></span> 
     </span>
    </p>
   </div>
   <div class='ocr_carea' id='block_1_25' title="bbox 251 1225 1040 1266">
    <p class='ocr_par' dir='ltr' id='par_1_25' title="bbox 251 1225 1040 1266">
     <span class='ocr_line' id='line_1_25' title="bbox 251 1225 1040 1266; baseline 0.01 -15"><span class='ocrx_word' id='word_1_165' title='bbox 251 1225 392 1253; x_wconf 84' lang='lat' dir='ltr'><strong>sublimior</strong></span> <span class='ocrx_word' id='word_1_166' title='bbox 407 1226 530 1258; x_wconf 76' lang='lat' dir='ltr'><strong>scientia,</strong></span> <span class='ocrx_word' id='word_1_167' title='bbox 550 1235 603 1254; x_wconf 94' lang='lat' dir='ltr'><strong>non</strong></span> <span class='ocrx_word' id='word_1_168' title='bbox 620 1228 705 1255; x_wconf 90' lang='lat' dir='ltr'><strong>solam</strong></span> <span class='ocrx_word' id='word_1_169' title='bbox 728 1229 856 1257; x_wconf 82' lang='lat' dir='ltr'><strong>exhibeat</strong></span> <span class='ocrx_word' id='word_1_170' title='bbox 880 1231 1040 1266; x_wconf 82' lang='lat' dir='ltr'><strong>simplicita-</strong></span> 
     </span>
    </p>
   </div>
   <div class='ocr_carea' id='block_1_26' title="bbox 253 1273 1042 1308">
    <p class='ocr_par' dir='ltr' id='par_1_26' title="bbox 253 1273 1042 1308">
     <span class='ocr_line' id='line_1_26' title="bbox 253 1273 1042 1308; baseline 0.013 -13"><span class='ocrx_word' id='word_1_171' title='bbox 253 1273 317 1301; x_wconf 88' lang='lat' dir='ltr'><strong>tem,</strong></span> <span class='ocrx_word' id='word_1_172' title='bbox 331 1278 394 1297; x_wconf 89' lang='lat' dir='ltr'><strong>cum</strong></span> <span class='ocrx_word' id='word_1_173' title='bbox 408 1275 530 1305; x_wconf 87' lang='lat' dir='ltr'><strong>oporteat</strong></span> <span class='ocrx_word' id='word_1_174' title='bbox 544 1280 606 1300; x_wconf 87' lang='lat' dir='ltr'><strong>eum</strong></span> <span class='ocrx_word' id='word_1_175' title='bbox 622 1273 703 1300; x_wconf 90' lang='lat' dir='ltr'><strong>etiam</strong></span> <span class='ocrx_word' id='word_1_176' title='bbox 722 1274 884 1308; x_wconf 84' lang='lat' dir='ltr'><strong>prudentem</strong></span> <span class='ocrx_word' id='word_1_177' title='bbox 897 1283 959 1304; x_wconf 83' lang='lat' dir='ltr'><strong>esse</strong></span> <span class='ocrx_word' id='word_1_178' title='bbox 970 1277 1042 1305; x_wconf 82' lang='lat' dir='ltr'><strong>sicut</strong></span> 
     </span>
    </p>
   </div>
   <div class='ocr_carea' id='block_1_27' title="bbox 251 1318 1041 1356">
    <p class='ocr_par' dir='ltr' id='par_1_27' title="bbox 251 1318 1041 1356">
     <span class='ocr_line' id='line_1_27' title="bbox 251 1318 1041 1356; baseline 0.013 -15"><span class='ocrx_word' id='word_1_179' title='bbox 251 1319 425 1349; x_wconf 82' lang='lat' dir='ltr'><strong>serpentem,</strong></span> <span class='ocrx_word' id='word_1_180' title='bbox 451 1318 679 1351; x_wconf 86' lang='lat' dir='ltr'><strong>quemadmodum</strong></span> <span class='ocrx_word' id='word_1_181' title='bbox 715 1319 847 1348; x_wconf 91' lang='lat' dir='ltr'><strong>Dominus</strong></span> <span class='ocrx_word' id='word_1_182' title='bbox 876 1322 954 1349; x_wconf 81' lang='lat' dir='ltr'><strong>ait&quot;.</strong></span> <span class='ocrx_word' id='word_1_183' title='bbox 989 1324 1041 1356; x_wconf 88' lang='lat' dir='ltr'><strong>Qui</strong></span> 
     </span>
    </p>
   </div>
   <div class='ocr_carea' id='block_1_28' title="bbox 251 1362 1039 1400">
    <p class='ocr_par' dir='ltr' id='par_1_28' title="bbox 251 1362 1039 1400">
     <span class='ocr_line' id='line_1_28' title="bbox 251 1362 1039 1400; baseline 0.013 -14"><span class='ocrx_word' id='word_1_184' title='bbox 251 1368 316 1387; x_wconf 85' lang='lat' dir='ltr'><strong>vero</strong></span> <span class='ocrx_word' id='word_1_185' title='bbox 331 1369 383 1387; x_wconf 91' lang='lat' dir='ltr'><strong>non</strong></span> <span class='ocrx_word' id='word_1_186' title='bbox 399 1366 441 1389; x_wconf 87' lang='lat' dir='ltr'><strong>est</strong></span> <span class='ocrx_word' id='word_1_187' title='bbox 454 1362 524 1395; x_wconf 81' lang='lat' dir='ltr'><strong>talis,</strong></span> <span class='ocrx_word' id='word_1_188' title='bbox 549 1363 577 1391; x_wconf 89' lang='lat' dir='ltr'><strong>id</strong></span> <span class='ocrx_word' id='word_1_189' title='bbox 589 1369 631 1391; x_wconf 85' lang='lat' dir='ltr'><strong>est</strong></span> <span class='ocrx_word' id='word_1_190' title='bbox 643 1364 690 1399; x_wconf 90' lang='lat' dir='ltr'><strong>qui</strong></span> <span class='ocrx_word' id='word_1_191' title='bbox 706 1372 760 1392; x_wconf 92' lang='lat' dir='ltr'><strong>non</strong></span> <span class='ocrx_word' id='word_1_192' title='bbox 776 1366 898 1394; x_wconf 84' lang='lat' dir='ltr'><strong>abundat</strong></span> <span class='ocrx_word' id='word_1_193' title='bbox 914 1368 1039 1400; x_wconf 84' lang='lat' dir='ltr'><strong>scientia,</strong></span> 
     </span>
    </p>
   </div>
   <div class='ocr_carea' id='block_1_29' title="bbox 251 1408 1041 1446">
    <p class='ocr_par' dir='ltr' id='par_1_29' title="bbox 251 1408 1041 1446">
     <span class='ocr_line' id='line_1_29' title="bbox 251 1408 1041 1446; baseline 0.013 -14"><span class='ocrx_word' id='word_1_194' title='bbox 251 1411 279 1432; x_wconf 88' lang='lat' dir='ltr'><strong>et</strong></span> <span class='ocrx_word' id='word_1_195' title='bbox 294 1411 436 1441; x_wconf 84' lang='lat' dir='ltr'><strong>propterea</strong></span> <span class='ocrx_word' id='word_1_196' title='bbox 450 1408 477 1434; x_wconf 94' lang='lat' dir='ltr'><strong>in</strong></span> <span class='ocrx_word' id='word_1_197' title='bbox 493 1409 592 1443; x_wconf 90' lang='lat' dir='ltr'><strong>populo</strong></span> <span class='ocrx_word' id='word_1_198' title='bbox 605 1409 695 1446; x_wconf 75' lang='lat' dir='ltr'><strong>deget,</strong></span> <span class='ocrx_word' id='word_1_199' title='bbox 709 1411 754 1440; x_wconf 87' lang='lat' dir='ltr'><strong>hic</strong></span> <span class='ocrx_word' id='word_1_200' title='bbox 768 1413 892 1446; x_wconf 85' lang='lat' dir='ltr'><strong>quamvis</strong></span> <span class='ocrx_word' id='word_1_201' title='bbox 918 1414 953 1441; x_wconf 91' lang='lat' dir='ltr'><strong>sit</strong></span> <span class='ocrx_word' id='word_1_202' title='bbox 969 1415 1041 1441; x_wconf 86' lang='lat' dir='ltr'><strong>sim-</strong></span> 
     </span>
    </p>
   </div>
   <div class='ocr_carea' id='block_1_30' title="bbox 253 1451 1040 1493">
    <p class='ocr_par' dir='ltr' id='par_1_30' title="bbox 253 1451 1040 1493">
     <span class='ocr_line' id='line_1_30' title="bbox 253 1451 1040 1493; baseline 0.013 -16"><span class='ocrx_word' id='word_1_203' title='bbox 253 1451 325 1486; x_wconf 83' lang='lat' dir='ltr'><strong>plex,</strong></span> <span class='ocrx_word' id='word_1_204' title='bbox 357 1452 379 1479; x_wconf 84' lang='lat' dir='ltr'><strong>si</strong></span> <span class='ocrx_word' id='word_1_205' title='bbox 407 1453 546 1489; x_wconf 78' lang='lat' dir='ltr'><strong>contingat</strong></span> <span class='ocrx_word' id='word_1_206' title='bbox 571 1459 601 1481; x_wconf 92' lang='lat' dir='ltr'><strong>ut</strong></span> <span class='ocrx_word' id='word_1_207' title='bbox 626 1460 731 1489; x_wconf 87' lang='lat' dir='ltr'><strong>peccet,</strong></span> <span class='ocrx_word' id='word_1_208' title='bbox 757 1464 809 1484; x_wconf 92' lang='lat' dir='ltr'><strong>nec</strong></span> <span class='ocrx_word' id='word_1_209' title='bbox 831 1457 882 1492; x_wconf 88' lang='lat' dir='ltr'><strong>ipsi</strong></span> <span class='ocrx_word' id='word_1_210' title='bbox 897 1463 1040 1493; x_wconf 83' lang='lat' dir='ltr'><strong>peccatum</strong></span> 
     </span>
    </p>
   </div>
   <div class='ocr_carea' id='block_1_31' title="bbox 253 1497 1040 1539">
    <p class='ocr_par' dir='ltr' id='par_1_31' title="bbox 253 1497 1040 1539">
     <span class='ocr_line' id='line_1_31' title="bbox 253 1497 1040 1539; baseline 0.013 -15"><span class='ocrx_word' id='word_1_211' title='bbox 253 1497 420 1533; x_wconf 74' lang='lat' dir='ltr'><strong>ignoscetur,</strong></span> <span class='ocrx_word' id='word_1_212' title='bbox 442 1499 496 1532; x_wconf 79' lang='lat' dir='ltr'><strong>nisi</strong></span> <span class='ocrx_word' id='word_1_213' title='bbox 510 1508 558 1534; x_wconf 83' lang='lat' dir='ltr'><strong>per</strong></span> <span class='ocrx_word' id='word_1_214' title='bbox 573 1501 738 1529; x_wconf 83' lang='lat' dir='ltr'><strong>oblationem</strong></span> <span class='ocrx_word' id='word_1_215' title='bbox 754 1504 923 1538; x_wconf 60' lang='lat' dir='ltr'><strong>paenitentia:</strong></span> <span class='ocrx_word' id='word_1_216' title='bbox 942 1513 1040 1539; x_wconf 88' lang='lat' dir='ltr'><strong>pecca-</strong></span> 
     </span>
    </p>
   </div>
   <div class='ocr_carea' id='block_1_32' title="bbox 253 1544 1040 1583">
    <p class='ocr_par' dir='ltr' id='par_1_32' title="bbox 253 1544 1040 1583">
     <span class='ocr_line' id='line_1_32' title="bbox 253 1544 1040 1583; baseline 0.01 -13"><span class='ocrx_word' id='word_1_217' title='bbox 253 1547 311 1571; x_wconf 89' lang='lat' dir='ltr'><strong>tum</strong></span> <span class='ocrx_word' id='word_1_218' title='bbox 335 1544 455 1579; x_wconf 83' lang='lat' dir='ltr'><strong>diluerit.</strong></span> <span class='ocrx_word' id='word_1_219' title='bbox 480 1545 549 1575; x_wconf 88' lang='lat' dir='ltr'><strong>Cum</strong></span> <span class='ocrx_word' id='word_1_220' title='bbox 577 1554 640 1582; x_wconf 80' lang='lat' dir='ltr'><strong>ergo</strong></span> <span class='ocrx_word' id='word_1_221' title='bbox 657 1547 715 1576; x_wconf 71' lang='lat' dir='ltr'><strong>haec</strong></span> <span class='ocrx_word' id='word_1_222' title='bbox 729 1547 766 1575; x_wconf 88' lang='lat' dir='ltr'><strong>ita</strong></span> <span class='ocrx_word' id='word_1_223' title='bbox 788 1556 819 1576; x_wconf 88' lang='lat' dir='ltr'><strong>se</strong></span> <span class='ocrx_word' id='word_1_224' title='bbox 837 1550 965 1583; x_wconf 81' lang='lat' dir='ltr'><strong>habeant,</strong></span> <span class='ocrx_word' id='word_1_225' title='bbox 984 1559 1040 1579; x_wconf 93' lang='lat' dir='ltr'><strong>non</strong></span> 
     </span>
    </p>
   </div>
   <div class='ocr_carea' id='block_1_33' title="bbox 252 1592 1075 1638">
    <p class='ocr_par' dir='ltr' id='par_1_33' title="bbox 252 1592 1075 1638">
     <span class='ocr_line' id='line_1_33' title="bbox 252 1592 1075 1638; baseline 0.012 -23"><span class='ocrx_word' id='word_1_226' title='bbox 252 1593 333 1624; x_wconf 69' lang='lat' dir='ltr'><strong>egent</strong></span> <span class='ocrx_word' id='word_1_227' title='bbox 359 1594 456 1617; x_wconf 71' lang='lat' dir='ltr'><strong>caetera</strong></span> <span class='ocrx_word' id='word_1_228' title='bbox 481 1592 669 1626; x_wconf 82' lang='lat' dir='ltr'><strong>expositione:</strong></span> <span class='ocrx_word' id='word_1_229' title='bbox 689 1601 750 1621; x_wconf 92' lang='lat' dir='ltr'><strong>cum</strong></span> <span class='ocrx_word' id='word_1_230' title='bbox 774 1595 848 1622; x_wconf 90' lang='lat' dir='ltr'><strong>enim</strong></span> <span class='ocrx_word' id='word_1_231' title='bbox 875 1597 1038 1625; x_wconf 86' lang='lat' dir='ltr'><strong>sacriﬁcium</strong></span> <span class='ocrx_word' id='word_1_232' title='bbox 1053 1610 1075 1638; x_wconf 67' lang='grc' dir='ltr'><strong>ρ</strong></span> 
     </span>
    </p>
   </div>
   <div class='ocr_carea' id='block_1_34' title="bbox 253 1636 1039 1678">
    <p class='ocr_par' dir='ltr' id='par_1_34' title="bbox 253 1636 1039 1678">
     <span class='ocr_line' id='line_1_34' title="bbox 253 1636 1039 1678; baseline 0.014 -18"><span class='ocrx_word' id='word_1_233' title='bbox 253 1641 302 1669; x_wconf 83' lang='lat' dir='ltr'><strong>pro</strong></span> <span class='ocrx_word' id='word_1_234' title='bbox 318 1640 430 1669; x_wconf 88' lang='lat' dir='ltr'><strong>peccato</strong></span> <span class='ocrx_word' id='word_1_235' title='bbox 445 1636 491 1668; x_wconf 89' lang='lat' dir='ltr'><strong>sit,</strong></span> <span class='ocrx_word' id='word_1_236' title='bbox 507 1637 586 1665; x_wconf 87' lang='lat' dir='ltr'><strong>simul</strong></span> <span class='ocrx_word' id='word_1_237' title='bbox 609 1637 654 1665; x_wconf 82' lang='lat' dir='ltr'><strong>hic</strong></span> <span class='ocrx_word' id='word_1_238' title='bbox 666 1638 701 1666; x_wconf 88' lang='lat' dir='ltr'><strong>de</strong></span> <span class='ocrx_word' id='word_1_239' title='bbox 719 1647 801 1674; x_wconf 85' lang='lat' dir='ltr'><strong>capra</strong></span> <span class='ocrx_word' id='word_1_240' title='bbox 813 1645 840 1668; x_wconf 91' lang='lat' dir='ltr'><strong>ct</strong></span> <span class='ocrx_word' id='word_1_241' title='bbox 856 1641 889 1668; x_wconf 91' lang='lat' dir='ltr'><strong>de</strong></span> <span class='ocrx_word' id='word_1_242' title='bbox 904 1649 955 1670; x_wconf 91' lang='lat' dir='ltr'><strong>ove</strong></span> <span class='ocrx_word' id='word_1_243' title='bbox 968 1651 1039 1678; x_wconf 66' lang='lat' dir='ltr'><strong>prae-</strong></span> 
     </span>
    </p>
   </div>
   <div class='ocr_carea' id='block_1_35' title="bbox 251 1680 1040 1718">
    <p class='ocr_par' dir='ltr' id='par_1_35' title="bbox 251 1680 1040 1718">
     <span class='ocr_line' id='line_1_35' title="bbox 251 1680 1040 1718; baseline 0.013 -11"><span class='ocrx_word' id='word_1_244' title='bbox 251 1681 333 1715; x_wconf 87' lang='lat' dir='ltr'><strong>cepit.</strong></span> <span class='ocrx_word' id='word_1_245' title='bbox 349 1680 427 1714; x_wconf 79' lang='lat' dir='ltr'><strong>Unde</strong></span> <span class='ocrx_word' id='word_1_246' title='bbox 440 1690 552 1711; x_wconf 84' lang='lat' dir='ltr'><strong>necesse</strong></span> <span class='ocrx_word' id='word_1_247' title='bbox 565 1691 620 1711; x_wconf 85' lang='lat' dir='ltr'><strong>non</strong></span> <span class='ocrx_word' id='word_1_248' title='bbox 634 1690 685 1715; x_wconf 90' lang='lat' dir='ltr'><strong>est.</strong></span> <span class='ocrx_word' id='word_1_249' title='bbox 709 1694 771 1714; x_wconf 91' lang='lat' dir='ltr'><strong>cum</strong></span> <span class='ocrx_word' id='word_1_250' title='bbox 787 1687 930 1717; x_wconf 86' lang='lat' dir='ltr'><strong>tendamus</strong></span> <span class='ocrx_word' id='word_1_251' title='bbox 945 1689 979 1717; x_wconf 85' lang='lat' dir='ltr'><strong>ad</strong></span> <span class='ocrx_word' id='word_1_252' title='bbox 995 1698 1040 1718; x_wconf 89' lang='lat' dir='ltr'><strong>se-</strong></span> 
     </span>
    </p>
   </div>
   <div class='ocr_carea' id='block_1_36' title="bbox 251 1726 843 1764">
    <p class='ocr_par' dir='ltr' id='par_1_36' title="bbox 251 1726 843 1764">
     <span class='ocr_line' id='line_1_36' title="bbox 251 1726 843 1764; baseline 0.015 -11"><span class='ocrx_word' id='word_1_253' title='bbox 251 1726 373 1761; x_wconf 85' lang='lat' dir='ltr'><strong>quentia,</strong></span> <span class='ocrx_word' id='word_1_254' title='bbox 388 1727 435 1755; x_wconf 94' lang='lat' dir='ltr'><strong>diu</strong></span> <span class='ocrx_word' id='word_1_255' title='bbox 451 1728 478 1756; x_wconf 92' lang='lat' dir='ltr'><strong>in</strong></span> <span class='ocrx_word' id='word_1_256' title='bbox 493 1731 676 1764; x_wconf 63' lang='lat' dir='ltr'><strong>prasentibus</strong></span> <span class='ocrx_word' id='word_1_257' title='bbox 693 1733 843 1761; x_wconf 85' lang='lat' dir='ltr'><strong>immorari.</strong></span> 
     </span>
    </p>
   </div>
   <div class='ocr_carea' id='block_1_37' title="bbox 566 1807 731 1839">
    <p class='ocr_par' dir='ltr' id='par_1_37' title="bbox 566 1807 731 1839">
     <span class='ocr_line' id='line_1_37' title="bbox 566 1807 731 1839; baseline 0.024 -4"><span class='ocrx_word' id='word_1_258' title='bbox 566 1807 679 1837; x_wconf 80' lang='lat' dir='ltr'><strong>CAPUT</strong></span> <span class='ocrx_word' id='word_1_259' title='bbox 699 1811 731 1839; x_wconf 89' lang='lat' dir='ltr'><strong>V.</strong></span> 
     </span>
    </p>
   </div>
   <div class='ocr_carea' id='block_1_38' title="bbox 291 1861 1043 1901">
    <p class='ocr_par' dir='ltr' id='par_1_38' title="bbox 291 1861 1043 1901">
     <span class='ocr_line' id='line_1_38' title="bbox 291 1861 1043 1901; baseline 0.015 -13"><span class='ocrx_word' id='word_1_260' title='bbox 291 1861 372 1890; x_wconf 67' lang='lat' dir='ltr'><strong>Vens.</strong></span> <span class='ocrx_word' id='word_1_261' title='bbox 386 1862 460 1890; x_wconf 65' lang='lat' dir='ltr'><strong>l-lﬁ.</strong></span> <span class='ocrx_word' id='word_1_262' title='bbox 477 1873 487 1890; x_wconf 72' lang='grc' dir='ltr'><strong>ε</strong></span> <span class='ocrx_word' id='word_1_263' title='bbox 510 1863 538 1891; x_wconf 91' lang='lat' dir='ltr'><strong>Si</strong></span> <span class='ocrx_word' id='word_1_264' title='bbox 565 1867 721 1899; x_wconf 80' lang='lat' dir='ltr'><strong>peccaverit</strong></span> <span class='ocrx_word' id='word_1_265' title='bbox 740 1867 843 1901; x_wconf 90' lang='lat' dir='ltr'><strong>anima,</strong></span> <span class='ocrx_word' id='word_1_266' title='bbox 870 1873 898 1897; x_wconf 88' lang='lat' dir='ltr'><strong>et</strong></span> <span class='ocrx_word' id='word_1_267' title='bbox 923 1871 1043 1899; x_wconf 84' lang='lat' dir='ltr'><strong>audierit</strong></span> 
     </span>
    </p>
   </div>
   <div class='ocr_carea' id='block_1_39' title="bbox 253 1907 1041 1951">
    <p class='ocr_par' dir='ltr' id='par_1_39' title="bbox 253 1907 1041 1951">
     <span class='ocr_line' id='line_1_39' title="bbox 253 1907 1041 1951; baseline 0.016 -18"><span class='ocrx_word' id='word_1_268' title='bbox 253 1914 346 1940; x_wconf 78' lang='lat' dir='ltr'><strong>vocem</strong></span> <span class='ocrx_word' id='word_1_269' title='bbox 361 1907 490 1942; x_wconf 89' lang='lat' dir='ltr'><strong>jurantis,</strong></span> <span class='ocrx_word' id='word_1_270' title='bbox 504 1910 635 1945; x_wconf 82' lang='lat' dir='ltr'><strong>testisque</strong></span> <span class='ocrx_word' id='word_1_271' title='bbox 654 1911 737 1940; x_wconf 81' lang='lat' dir='ltr'><strong>fuerit</strong></span> <span class='ocrx_word' id='word_1_272' title='bbox 747 1914 821 1948; x_wconf 87' lang='lat' dir='ltr'><strong>quod</strong></span> <span class='ocrx_word' id='word_1_273' title='bbox 835 1919 883 1943; x_wconf 84' lang='lat' dir='ltr'><strong>aut</strong></span> <span class='ocrx_word' id='word_1_274' title='bbox 897 1915 956 1951; x_wconf 87' lang='lat' dir='ltr'><strong>ipse</strong></span> <span class='ocrx_word' id='word_1_275' title='bbox 964 1917 1041 1951; x_wconf 84' lang='lat' dir='ltr'><strong>vidit,</strong></span> 
     </span>
    </p>
   </div>
   <div class='ocr_carea' id='block_1_40' title="bbox 252 1953 1043 1998">
    <p class='ocr_par' dir='ltr' id='par_1_40' title="bbox 252 1953 1043 1998">
     <span class='ocr_line' id='line_1_40' title="bbox 252 1953 1043 1998; baseline 0.016 -20"><span class='ocrx_word' id='word_1_276' title='bbox 252 1955 300 1981; x_wconf 86' lang='lat' dir='ltr'><strong>aut</strong></span> <span class='ocrx_word' id='word_1_277' title='bbox 309 1953 435 1980; x_wconf 88' lang='lat' dir='ltr'><strong>conscius</strong></span> <span class='ocrx_word' id='word_1_278' title='bbox 452 1959 506 1988; x_wconf 91' lang='lat' dir='ltr'><strong>est,</strong></span> <span class='ocrx_word' id='word_1_279' title='bbox 521 1955 573 1982; x_wconf 88' lang='lat' dir='ltr'><strong>nisi</strong></span> <span class='ocrx_word' id='word_1_280' title='bbox 585 1955 757 1992; x_wconf 85' lang='lat' dir='ltr'><strong>indicaverit,</strong></span> <span class='ocrx_word' id='word_1_281' title='bbox 776 1961 897 1995; x_wconf 85' lang='lat' dir='ltr'><strong>portabit</strong></span> <span class='ocrx_word' id='word_1_282' title='bbox 912 1960 1043 1998; x_wconf 87' lang='lat' dir='ltr'><strong>iniquita-</strong></span> 
     </span>
    </p>
   </div>
   <div class='ocr_carea' id='block_1_41' title="bbox 253 2000 1041 2043">
    <p class='ocr_par' dir='ltr' id='par_1_41' title="bbox 253 2000 1041 2043">
     <span class='ocr_line' id='line_1_41' title="bbox 253 2000 1041 2043; baseline 0.016 -19"><span class='ocrx_word' id='word_1_283' title='bbox 253 2002 307 2025; x_wconf 89' lang='lat' dir='ltr'><strong>tem</strong></span> <span class='ocrx_word' id='word_1_284' title='bbox 320 2005 406 2026; x_wconf 90' lang='lat' dir='ltr'><strong>suam.</strong></span> <span class='ocrx_word' id='word_1_285' title='bbox 417 2000 514 2028; x_wconf 85' lang='lat' dir='ltr'><strong>Anima</strong></span> <span class='ocrx_word' id='word_1_286' title='bbox 523 2009 584 2036; x_wconf 60' lang='lat' dir='ltr'><strong>quae</strong></span> <span class='ocrx_word' id='word_1_287' title='bbox 597 2003 716 2039; x_wconf 77' lang='lat' dir='ltr'><strong>tetigerit</strong></span> <span class='ocrx_word' id='word_1_288' title='bbox 733 2005 836 2041; x_wconf 83' lang='lat' dir='ltr'><strong>aliquid</strong></span> <span class='ocrx_word' id='word_1_289' title='bbox 859 2007 1041 2043; x_wconf 91' lang='lat' dir='ltr'><strong>immundum,</strong></span> 
     </span>
    </p>
   </div>
   <div class='ocr_carea' id='block_1_42' title="bbox 252 2043 1040 2090">
    <p class='ocr_par' dir='ltr' id='par_1_42' title="bbox 252 2043 1040 2090">
     <span class='ocr_line' id='line_1_42' title="bbox 252 2043 1040 2090; baseline 0.019 -21"><span class='ocrx_word' id='word_1_290' title='bbox 252 2043 309 2071; x_wconf 77' lang='lat' dir='ltr'><strong>sive</strong></span> <span class='ocrx_word' id='word_1_291' title='bbox 323 2045 393 2079; x_wconf 89' lang='lat' dir='ltr'><strong>quod</strong></span> <span class='ocrx_word' id='word_1_292' title='bbox 408 2046 528 2074; x_wconf 88' lang='lat' dir='ltr'><strong>occisum</strong></span> <span class='ocrx_word' id='word_1_293' title='bbox 538 2055 553 2074; x_wconf 89' lang='lat' dir='ltr'><strong>a</strong></span> <span class='ocrx_word' id='word_1_294' title='bbox 564 2048 650 2076; x_wconf 78' lang='lat' dir='ltr'><strong>bestia</strong></span> <span class='ocrx_word' id='word_1_295' title='bbox 661 2054 714 2081; x_wconf 85' lang='lat' dir='ltr'><strong>est,</strong></span> <span class='ocrx_word' id='word_1_296' title='bbox 726 2055 774 2078; x_wconf 87' lang='lat' dir='ltr'><strong>aut</strong></span> <span class='ocrx_word' id='word_1_297' title='bbox 785 2060 835 2087; x_wconf 88' lang='lat' dir='ltr'><strong>per</strong></span> <span class='ocrx_word' id='word_1_298' title='bbox 849 2060 879 2080; x_wconf 89' lang='lat' dir='ltr'><strong>se</strong></span> <span class='ocrx_word' id='word_1_299' title='bbox 891 2059 1040 2090; x_wconf 86' lang='lat' dir='ltr'><strong>mortuum,</strong></span> 
     </span>
    </p>
   </div>
   <div class='ocr_carea' id='block_1_43' title="bbox 254 2090 1039 2129">
    <p class='ocr_par' dir='ltr' id='par_1_43' title="bbox 254 2090 1039 2129">
     <span class='ocr_line' id='line_1_43' title="bbox 254 2090 1039 2129; baseline 0.017 -13"><span class='ocrx_word' id='word_1_300' title='bbox 254 2090 295 2116; x_wconf 85' lang='lat' dir='ltr'><strong>vel</strong></span> <span class='ocrx_word' id='word_1_301' title='bbox 307 2091 447 2125; x_wconf 87' lang='lat' dir='ltr'><strong>quodlibet</strong></span> <span class='ocrx_word' id='word_1_302' title='bbox 461 2092 535 2121; x_wconf 89' lang='lat' dir='ltr'><strong>aliud</strong></span> <span class='ocrx_word' id='word_1_303' title='bbox 551 2094 648 2129; x_wconf 87' lang='lat' dir='ltr'><strong>reptile</strong></span> <span class='ocrx_word' id='word_1_304' title='bbox 670 2100 698 2123; x_wconf 90' lang='lat' dir='ltr'><strong>et</strong></span> <span class='ocrx_word' id='word_1_305' title='bbox 714 2097 798 2124; x_wconf 90' lang='lat' dir='ltr'><strong>oblita</strong></span> <span class='ocrx_word' id='word_1_306' title='bbox 814 2098 898 2126; x_wconf 82' lang='lat' dir='ltr'><strong>fuerit</strong></span> <span class='ocrx_word' id='word_1_307' title='bbox 914 2101 1039 2129; x_wconf 87' lang='lat' dir='ltr'><strong>immun-</strong></span> 
     </span>
    </p>
   </div>
   <div class='ocr_carea' id='block_1_44' title="bbox 252 2134 1042 2182">
    <p class='ocr_par' dir='ltr' id='par_1_44' title="bbox 252 2134 1042 2182">
     <span class='ocr_line' id='line_1_44' title="bbox 252 2134 1042 2182; baseline 0.016 -21"><span class='ocrx_word' id='word_1_308' title='bbox 252 2134 325 2163; x_wconf 60' lang='lat' dir='ltr'><strong>ditia:</strong></span> <span class='ocrx_word' id='word_1_309' title='bbox 339 2143 405 2168; x_wconf 66' lang='lat' dir='ltr'><strong>sum,</strong></span> <span class='ocrx_word' id='word_1_310' title='bbox 421 2145 467 2165; x_wconf 85' lang='lat' dir='ltr'><strong>rea</strong></span> <span class='ocrx_word' id='word_1_311' title='bbox 480 2143 530 2170; x_wconf 87' lang='lat' dir='ltr'><strong>est,</strong></span> <span class='ocrx_word' id='word_1_312' title='bbox 542 2143 570 2166; x_wconf 89' lang='lat' dir='ltr'><strong>et</strong></span> <span class='ocrx_word' id='word_1_313' title='bbox 589 2140 732 2175; x_wconf 82' lang='lat' dir='ltr'><strong>delinquit.</strong></span> <span class='ocrx_word' id='word_1_314' title='bbox 750 2142 784 2170; x_wconf 87' lang='lat' dir='ltr'><strong>Et</strong></span> <span class='ocrx_word' id='word_1_315' title='bbox 797 2143 818 2170; x_wconf 88' lang='lat' dir='ltr'><strong>si</strong></span> <span class='ocrx_word' id='word_1_316' title='bbox 832 2145 1042 2182; x_wconf 80' lang='lat' dir='ltr'><strong>tetigeritquid-</strong></span> 
     </span>
    </p>
   </div>
   <div class='ocr_carea' id='block_1_45' title="bbox 253 2181 1042 2227">
    <p class='ocr_par' dir='ltr' id='par_1_45' title="bbox 253 2181 1042 2227">
     <span class='ocr_line' id='line_1_45' title="bbox 253 2181 1042 2227; baseline 0.019 -22"><span class='ocrx_word' id='word_1_317' title='bbox 253 2181 324 2213; x_wconf 90' lang='lat' dir='ltr'><strong>piam</strong></span> <span class='ocrx_word' id='word_1_318' title='bbox 336 2181 369 2208; x_wconf 89' lang='lat' dir='ltr'><strong>de</strong></span> <span class='ocrx_word' id='word_1_319' title='bbox 389 2181 559 2211; x_wconf 89' lang='lat' dir='ltr'><strong>immunditia</strong></span> <span class='ocrx_word' id='word_1_320' title='bbox 575 2185 704 2218; x_wconf 89' lang='lat' dir='ltr'><strong>hominis.</strong></span> <span class='ocrx_word' id='word_1_321' title='bbox 726 2187 803 2222; x_wconf 91' lang='lat' dir='ltr'><strong>juxta</strong></span> <span class='ocrx_word' id='word_1_322' title='bbox 819 2197 928 2218; x_wconf 90' lang='lat' dir='ltr'><strong>omnem</strong></span> <span class='ocrx_word' id='word_1_323' title='bbox 945 2192 1042 2227; x_wconf 84' lang='lat' dir='ltr'><strong>impu—</strong></span> 
     </span>
    </p>
   </div>
   <div class='ocr_carea' id='block_1_46' title="bbox 254 2224 1038 2271">
    <p class='ocr_par' dir='ltr' id='par_1_46' title="bbox 254 2224 1038 2271">
     <span class='ocr_line' id='line_1_46' title="bbox 254 2224 1038 2271; baseline 0.018 -20"><span class='ocrx_word' id='word_1_324' title='bbox 254 2224 372 2258; x_wconf 89' lang='lat' dir='ltr'><strong>ritatem,</strong></span> <span class='ocrx_word' id='word_1_325' title='bbox 385 2234 437 2261; x_wconf 85' lang='lat' dir='ltr'><strong>qua</strong></span> <span class='ocrx_word' id='word_1_326' title='bbox 453 2228 535 2261; x_wconf 86' lang='lat' dir='ltr'><strong>pollui</strong></span> <span class='ocrx_word' id='word_1_327' title='bbox 545 2230 624 2263; x_wconf 88' lang='lat' dir='ltr'><strong>solet,</strong></span> <span class='ocrx_word' id='word_1_328' title='bbox 639 2232 777 2268; x_wconf 85' lang='lat' dir='ltr'><strong>oblitaque</strong></span> <span class='ocrx_word' id='word_1_329' title='bbox 789 2237 948 2270; x_wconf 81' lang='lat' dir='ltr'><strong>cognoverit</strong></span> <span class='ocrx_word' id='word_1_330' title='bbox 959 2224 1038 2271; x_wconf 75' lang='lat' dir='ltr'><strong>post-</strong></span> 
     </span>
    </p>
   </div>
   <div class='ocr_carea' id='block_1_47' title="bbox 253 2272 1040 2315">
    <p class='ocr_par' dir='ltr' id='par_1_47' title="bbox 253 2272 1040 2315">
     <span class='ocr_line' id='line_1_47' title="bbox 253 2272 1040 2315; baseline 0.018 -18"><span class='ocrx_word' id='word_1_331' title='bbox 253 2278 296 2302; x_wconf 86' lang='lat' dir='ltr'><strong>ea,</strong></span> <span class='ocrx_word' id='word_1_332' title='bbox 326 2272 480 2306; x_wconf 82' lang='lat' dir='ltr'><strong>subjacebit</strong></span> <span class='ocrx_word' id='word_1_333' title='bbox 505 2275 616 2304; x_wconf 89' lang='lat' dir='ltr'><strong>delicto.</strong></span> <span class='ocrx_word' id='word_1_334' title='bbox 640 2278 738 2306; x_wconf 82' lang='lat' dir='ltr'><strong>Anima</strong></span> <span class='ocrx_word' id='word_1_335' title='bbox 757 2288 818 2314; x_wconf 68' lang='grc' dir='ltr'><strong>(μιιε</strong></span> <span class='ocrx_word' id='word_1_336' title='bbox 840 2282 984 2315; x_wconf 85' lang='lat' dir='ltr'><strong>juraverit,</strong></span> <span class='ocrx_word' id='word_1_337' title='bbox 1011 2287 1040 2311; x_wconf 88' lang='lat' dir='ltr'><strong>et</strong></span> 
     </span>
    </p>
   </div>
   <div class='ocr_carea' id='block_1_48' title="bbox 253 2318 1038 2361">
    <p class='ocr_par' dir='ltr' id='par_1_48' title="bbox 253 2318 1038 2361">
     <span class='ocr_line' id='line_1_48' title="bbox 253 2318 1038 2361; baseline 0.015 -17"><span class='ocrx_word' id='word_1_338' title='bbox 253 2318 395 2352; x_wconf 83' lang='lat' dir='ltr'><strong>protulerit</strong></span> <span class='ocrx_word' id='word_1_339' title='bbox 406 2319 486 2349; x_wconf 86' lang='lat' dir='ltr'><strong>labiis</strong></span> <span class='ocrx_word' id='word_1_340' title='bbox 501 2321 568 2354; x_wconf 86' lang='lat' dir='ltr'><strong>suis,</strong></span> <span class='ocrx_word' id='word_1_341' title='bbox 583 2326 613 2349; x_wconf 91' lang='lat' dir='ltr'><strong>ut</strong></span> <span class='ocrx_word' id='word_1_342' title='bbox 625 2324 666 2351; x_wconf 88' lang='lat' dir='ltr'><strong>vel</strong></span> <span class='ocrx_word' id='word_1_343' title='bbox 678 2325 748 2352; x_wconf 89' lang='lat' dir='ltr'><strong>male</strong></span> <span class='ocrx_word' id='word_1_344' title='bbox 762 2326 827 2360; x_wconf 91' lang='lat' dir='ltr'><strong>quid</strong></span> <span class='ocrx_word' id='word_1_345' title='bbox 840 2327 931 2356; x_wconf 83' lang='lat' dir='ltr'><strong>facere</strong></span> <span class='ocrx_word' id='word_1_346' title='bbox 945 2329 1038 2361; x_wconf 81' lang='lat' dir='ltr'><strong>vellet,</strong></span> 
     </span>
    </p>
   </div>
   <div class='ocr_carea' id='block_1_49' title="bbox 253 2364 1037 2404">
    <p class='ocr_par' dir='ltr' id='par_1_49' title="bbox 253 2364 1037 2404">
     <span class='ocr_line' id='line_1_49' title="bbox 253 2364 1037 2404; baseline 0.014 -13"><span class='ocrx_word' id='word_1_347' title='bbox 253 2364 296 2391; x_wconf 83' lang='lat' dir='ltr'><strong>vel</strong></span> <span class='ocrx_word' id='word_1_348' title='bbox 315 2366 394 2398; x_wconf 85' lang='lat' dir='ltr'><strong>bene,</strong></span> <span class='ocrx_word' id='word_1_349' title='bbox 412 2370 440 2394; x_wconf 92' lang='lat' dir='ltr'><strong>et</strong></span> <span class='ocrx_word' id='word_1_350' title='bbox 452 2367 570 2403; x_wconf 83' lang='lat' dir='ltr'><strong>idipsum</strong></span> <span class='ocrx_word' id='word_1_351' title='bbox 594 2369 751 2404; x_wconf 90' lang='lat' dir='ltr'><strong>juramento</strong></span> <span class='ocrx_word' id='word_1_352' title='bbox 762 2376 790 2398; x_wconf 92' lang='lat' dir='ltr'><strong>et</strong></span> <span class='ocrx_word' id='word_1_353' title='bbox 803 2379 929 2401; x_wconf 88' lang='lat' dir='ltr'><strong>sermone</strong></span> <span class='ocrx_word' id='word_1_354' title='bbox 944 2374 1037 2402; x_wconf 88' lang='lat' dir='ltr'><strong>ﬁrma-</strong></span> 
     </span>
    </p>
   </div>
   <div class='ocr_carea' id='block_1_50' title="bbox 252 2411 1032 2454">
    <p class='ocr_par' dir='ltr' id='par_1_50' title="bbox 252 2411 1032 2454">
     <span class='ocr_line' id='line_1_50' title="bbox 252 2411 1032 2454; baseline 0.013 -17"><span class='ocrx_word' id='word_1_355' title='bbox 252 2411 321 2438; x_wconf 87' lang='lat' dir='ltr'><strong>verit</strong></span> <span class='ocrx_word' id='word_1_356' title='bbox 346 2412 483 2448; x_wconf 86' lang='lat' dir='ltr'><strong>oblitaque</strong></span> <span class='ocrx_word' id='word_1_357' title='bbox 496 2419 589 2448; x_wconf 88' lang='lat' dir='ltr'><strong>postea</strong></span> <span class='ocrx_word' id='word_1_358' title='bbox 615 2415 781 2444; x_wconf 81' lang='lat' dir='ltr'><strong>intellexerit</strong></span> <span class='ocrx_word' id='word_1_359' title='bbox 793 2417 923 2446; x_wconf 74' lang='lat' dir='ltr'><strong>delictum</strong></span> <span class='ocrx_word' id='word_1_360' title='bbox 940 2427 1032 2454; x_wconf 80' lang='lat' dir='ltr'><strong>suum,</strong></span> 
     </span>
    </p>
   </div>
   <div class='ocr_carea' id='block_1_51' title="bbox 253 2459 1040 2501">
    <p class='ocr_par' dir='ltr' id='par_1_51' title="bbox 253 2459 1040 2501">
     <span class='ocr_line' id='line_1_51' title="bbox 253 2459 1040 2501; baseline 0.014 -17"><span class='ocrx_word' id='word_1_361' title='bbox 253 2462 313 2492; x_wconf 78' lang='lat' dir='ltr'><strong>agat</strong></span> <span class='ocrx_word' id='word_1_362' title='bbox 337 2459 525 2493; x_wconf 69' lang='lat' dir='ltr'><strong>paenitentiam</strong></span> <span class='ocrx_word' id='word_1_363' title='bbox 537 2470 586 2496; x_wconf 92' lang='lat' dir='ltr'><strong>pro</strong></span> <span class='ocrx_word' id='word_1_364' title='bbox 599 2468 721 2497; x_wconf 86' lang='lat' dir='ltr'><strong>peccato,</strong></span> <span class='ocrx_word' id='word_1_365' title='bbox 736 2468 764 2492; x_wconf 88' lang='lat' dir='ltr'><strong>et</strong></span> <span class='ocrx_word' id='word_1_366' title='bbox 779 2464 876 2493; x_wconf 82' lang='lat' dir='ltr'><strong>olIerat</strong></span> <span class='ocrx_word' id='word_1_367' title='bbox 888 2473 985 2501; x_wconf 74' lang='lat' dir='ltr'><strong>agnam</strong></span> <span class='ocrx_word' id='word_1_368' title='bbox 1005 2468 1040 2496; x_wconf 85' lang='lat' dir='ltr'><strong>dc</strong></span> 
     </span>
    </p>
   </div>
   <div class='ocr_carea' id='block_1_52' title="bbox 253 2504 1038 2546">
    <p class='ocr_par' dir='ltr' id='par_1_52' title="bbox 253 2504 1038 2546">
     <span class='ocr_line' id='line_1_52' title="bbox 253 2504 1038 2546; baseline 0.015 -17"><span class='ocrx_word' id='word_1_369' title='bbox 253 2504 387 2539; x_wconf 71' lang='lat' dir='ltr'><strong>gregibus,</strong></span> <span class='ocrx_word' id='word_1_370' title='bbox 403 2505 460 2533; x_wconf 90' lang='lat' dir='ltr'><strong>sive</strong></span> <span class='ocrx_word' id='word_1_371' title='bbox 472 2514 591 2542; x_wconf 86' lang='lat' dir='ltr'><strong>capram,</strong></span> <span class='ocrx_word' id='word_1_372' title='bbox 606 2509 748 2545; x_wconf 88' lang='lat' dir='ltr'><strong>orabitque</strong></span> <span class='ocrx_word' id='word_1_373' title='bbox 773 2519 823 2546; x_wconf 89' lang='lat' dir='ltr'><strong>pro</strong></span> <span class='ocrx_word' id='word_1_374' title='bbox 837 2519 870 2539; x_wconf 89' lang='lat' dir='ltr'><strong>eo</strong></span> <span class='ocrx_word' id='word_1_375' title='bbox 897 2514 1038 2545; x_wconf 79' lang='lat' dir='ltr'><strong>sacerdOs.</strong></span> 
     </span>
    </p>
   </div>
   <div class='ocr_carea' id='block_1_53' title="bbox 252 2551 1037 2591">
    <p class='ocr_par' dir='ltr' id='par_1_53' title="bbox 252 2551 1037 2591">
     <span class='ocr_line' id='line_1_53' title="bbox 252 2551 1037 2591; baseline 0.014 -16"><span class='ocrx_word' id='word_1_376' title='bbox 252 2552 280 2575; x_wconf 90' lang='lat' dir='ltr'><strong>et</strong></span> <span class='ocrx_word' id='word_1_377' title='bbox 295 2556 343 2583; x_wconf 88' lang='lat' dir='ltr'><strong>pro</strong></span> <span class='ocrx_word' id='word_1_378' title='bbox 357 2555 468 2584; x_wconf 89' lang='lat' dir='ltr'><strong>peccato</strong></span> <span class='ocrx_word' id='word_1_379' title='bbox 483 2551 552 2586; x_wconf 85' lang='lat' dir='ltr'><strong>ejus.</strong></span> <span class='ocrx_word' id='word_1_380' title='bbox 568 2552 615 2581; x_wconf 88' lang='lat' dir='ltr'><strong>Sin</strong></span> <span class='ocrx_word' id='word_1_381' title='bbox 634 2559 724 2582; x_wconf 89' lang='lat' dir='ltr'><strong>autem</strong></span> <span class='ocrx_word' id='word_1_382' title='bbox 742 2563 797 2583; x_wconf 93' lang='lat' dir='ltr'><strong>non</strong></span> <span class='ocrx_word' id='word_1_383' title='bbox 807 2558 926 2591; x_wconf 89' lang='lat' dir='ltr'><strong>potuerit</strong></span> <span class='ocrx_word' id='word_1_384' title='bbox 936 2558 1037 2586; x_wconf 79' lang='lat' dir='ltr'><strong>oﬂ‘errc</strong></span> 
     </span>
    </p>
   </div>
   <div class='ocr_carea' id='block_1_54' title="bbox 254 2595 1039 2637">
    <p class='ocr_par' dir='ltr' id='par_1_54' title="bbox 254 2595 1039 2637">
     <span class='ocr_line' id='line_1_54' title="bbox 254 2595 1039 2637; baseline 0.014 -17"><span class='ocrx_word' id='word_1_385' title='bbox 254 2601 346 2628; x_wconf 88' lang='lat' dir='ltr'><strong>pecus,</strong></span> <span class='ocrx_word' id='word_1_386' title='bbox 360 2595 457 2623; x_wconf 85' lang='lat' dir='ltr'><strong>oll‘erat</strong></span> <span class='ocrx_word' id='word_1_387' title='bbox 467 2596 535 2625; x_wconf 90' lang='lat' dir='ltr'><strong>duos</strong></span> <span class='ocrx_word' id='word_1_388' title='bbox 550 2602 669 2626; x_wconf 90' lang='lat' dir='ltr'><strong>turtures</strong></span> <span class='ocrx_word' id='word_1_389' title='bbox 685 2601 725 2627; x_wconf 90' lang='lat' dir='ltr'><strong>vel</strong></span> <span class='ocrx_word' id='word_1_390' title='bbox 740 2601 809 2629; x_wconf 90' lang='lat' dir='ltr'><strong>duos</strong></span> <span class='ocrx_word' id='word_1_391' title='bbox 824 2603 912 2637; x_wconf 91' lang='lat' dir='ltr'><strong>pullos</strong></span> <span class='ocrx_word' id='word_1_392' title='bbox 931 2604 1039 2631; x_wconf 86' lang='lat' dir='ltr'><strong>colum-</strong></span> 
     </span>
    </p>
   </div>
   <div class='ocr_carea' id='block_1_55' title="bbox 253 2639 1039 2680">
    <p class='ocr_par' dir='ltr' id='par_1_55' title="bbox 253 2639 1039 2680">
     <span class='ocr_line' id='line_1_55' title="bbox 253 2639 1039 2680; baseline 0.014 -15"><span class='ocrx_word' id='word_1_393' title='bbox 253 2639 348 2666; x_wconf 86' lang='lat' dir='ltr'><strong>barum</strong></span> <span class='ocrx_word' id='word_1_394' title='bbox 365 2640 489 2673; x_wconf 89' lang='lat' dir='ltr'><strong>Domino,</strong></span> <span class='ocrx_word' id='word_1_395' title='bbox 505 2650 587 2670; x_wconf 91' lang='lat' dir='ltr'><strong>unum</strong></span> <span class='ocrx_word' id='word_1_396' title='bbox 621 2652 670 2678; x_wconf 91' lang='lat' dir='ltr'><strong>pro</strong></span> <span class='ocrx_word' id='word_1_397' title='bbox 685 2651 806 2680; x_wconf 90' lang='lat' dir='ltr'><strong>peccato,</strong></span> <span class='ocrx_word' id='word_1_398' title='bbox 822 2651 850 2674; x_wconf 90' lang='lat' dir='ltr'><strong>et</strong></span> <span class='ocrx_word' id='word_1_399' title='bbox 867 2648 984 2675; x_wconf 86' lang='lat' dir='ltr'><strong>alterum</strong></span> <span class='ocrx_word' id='word_1_400' title='bbox 1013 2649 1039 2676; x_wconf 88' lang='lat' dir='ltr'><strong>in</strong></span> 
     </span>
    </p>
   </div>
   <div class='ocr_carea' id='block_1_56' title="bbox 254 2683 1037 2728">
    <p class='ocr_par' dir='ltr' id='par_1_56' title="bbox 254 2683 1037 2728">
     <span class='ocr_line' id='line_1_56' title="bbox 254 2683 1037 2728; baseline 0.014 -18"><span class='ocrx_word' id='word_1_401' title='bbox 254 2683 451 2718; x_wconf 81' lang='lat' dir='ltr'><strong>holocaustum,</strong></span> <span class='ocrx_word' id='word_1_402' title='bbox 469 2687 599 2723; x_wconf 88' lang='lat' dir='ltr'><strong>dabitque</strong></span> <span class='ocrx_word' id='word_1_403' title='bbox 621 2698 668 2717; x_wconf 85' lang='lat' dir='ltr'><strong>eos</strong></span> <span class='ocrx_word' id='word_1_404' title='bbox 678 2692 824 2719; x_wconf 87' lang='lat' dir='ltr'><strong>sacerdoti.</strong></span> <span class='ocrx_word' id='word_1_405' title='bbox 839 2693 890 2726; x_wconf 84' lang='lat' dir='ltr'><strong>Qui</strong></span> <span class='ocrx_word' id='word_1_406' title='bbox 919 2694 1037 2728; x_wconf 82' lang='lat' dir='ltr'><strong>primum</strong></span> 
     </span>
    </p>
   </div>
   <div class='ocr_carea' id='block_1_57' title="bbox 254 2727 1038 2773">
    <p class='ocr_par' dir='ltr' id='par_1_57' title="bbox 254 2727 1038 2773">
     <span class='ocr_line' id='line_1_57' title="bbox 254 2727 1038 2773; baseline 0.017 -20"><span class='ocrx_word' id='word_1_407' title='bbox 254 2727 371 2755; x_wconf 82' lang='lat' dir='ltr'><strong>oll‘ereus</strong></span> <span class='ocrx_word' id='word_1_408' title='bbox 381 2737 429 2764; x_wconf 87' lang='lat' dir='ltr'><strong>pro</strong></span> <span class='ocrx_word' id='word_1_409' title='bbox 441 2736 562 2764; x_wconf 83' lang='lat' dir='ltr'><strong>peccato,</strong></span> <span class='ocrx_word' id='word_1_410' title='bbox 577 2734 746 2768; x_wconf 88' lang='lat' dir='ltr'><strong>retorquebit</strong></span> <span class='ocrx_word' id='word_1_411' title='bbox 756 2741 837 2770; x_wconf 83' lang='lat' dir='ltr'><strong>caput</strong></span> <span class='ocrx_word' id='word_1_412' title='bbox 849 2737 909 2772; x_wconf 88' lang='lat' dir='ltr'><strong>ejus</strong></span> <span class='ocrx_word' id='word_1_413' title='bbox 919 2727 957 2765; x_wconf 82' lang='lat' dir='ltr'><strong>ad</strong></span> <span class='ocrx_word' id='word_1_414' title='bbox 970 2746 1038 2773; x_wconf 89' lang='lat' dir='ltr'><strong>pen-</strong></span> 
     </span>
    </p>
   </div>
   <div class='ocr_carea' id='block_1_58' title="bbox 255 2774 1039 2820">
    <p class='ocr_par' dir='ltr' id='par_1_58' title="bbox 255 2774 1039 2820">
     <span class='ocr_line' id='line_1_58' title="bbox 255 2774 1039 2820; baseline 0.017 -21"><span class='ocrx_word' id='word_1_415' title='bbox 255 2774 343 2807; x_wconf 86' lang='lat' dir='ltr'><strong>nulas,</strong></span> <span class='ocrx_word' id='word_1_416' title='bbox 360 2774 396 2802; x_wconf 79' lang='lat' dir='ltr'><strong>ita</strong></span> <span class='ocrx_word' id='word_1_417' title='bbox 413 2777 519 2804; x_wconf 88' lang='lat' dir='ltr'><strong>utcollo</strong></span> <span class='ocrx_word' id='word_1_418' title='bbox 534 2777 644 2810; x_wconf 60' lang='lat' dir='ltr'><strong>haereat,</strong></span> <span class='ocrx_word' id='word_1_419' title='bbox 658 2785 750 2807; x_wconf 89' lang='lat' dir='ltr'><strong>etnon</strong></span> <span class='ocrx_word' id='word_1_420' title='bbox 762 2783 871 2816; x_wconf 87' lang='lat' dir='ltr'><strong>penitus</strong></span> <span class='ocrx_word' id='word_1_421' title='bbox 890 2784 1039 2820; x_wconf 78' lang='lat' dir='ltr'><strong>abrumpa-</strong></span> 
     </span>
    </p>
   </div>
   <div class='ocr_carea' id='block_1_59' title="bbox 255 2822 1041 2862">
    <p class='ocr_par' dir='ltr' id='par_1_59' title="bbox 255 2822 1041 2862">
     <span class='ocr_line' id='line_1_59' title="bbox 255 2822 1041 2862; baseline 0.017 -17"><span class='ocrx_word' id='word_1_422' title='bbox 255 2823 308 2851; x_wconf 90' lang='lat' dir='ltr'><strong>tur,</strong></span> <span class='ocrx_word' id='word_1_423' title='bbox 320 2824 482 2857; x_wconf 80' lang='lat' dir='ltr'><strong>etasperget</strong></span> <span class='ocrx_word' id='word_1_424' title='bbox 493 2822 526 2850; x_wconf 84' lang='lat' dir='ltr'><strong>dc</strong></span> <span class='ocrx_word' id='word_1_425' title='bbox 541 2824 672 2858; x_wconf 76' lang='lat' dir='ltr'><strong>sanguine</strong></span> <span class='ocrx_word' id='word_1_426' title='bbox 700 2826 760 2859; x_wconf 84' lang='lat' dir='ltr'><strong>ejus</strong></span> <span class='ocrx_word' id='word_1_427' title='bbox 784 2828 918 2862; x_wconf 87' lang='lat' dir='ltr'><strong>parietem</strong></span> <span class='ocrx_word' id='word_1_428' title='bbox 934 2829 1041 2858; x_wconf 80' lang='lat' dir='ltr'><strong>altaris.</strong></span> 
     </span>
    </p>
   </div>
   <div class='ocr_carea' id='block_1_60' title="bbox 255 2864 1043 2905">
    <p class='ocr_par' dir='ltr' id='par_1_60' title="bbox 255 2864 1043 2905">
     <span class='ocr_line' id='line_1_60' title="bbox 255 2864 1043 2905; baseline 0.014 -14"><span class='ocrx_word' id='word_1_429' title='bbox 255 2864 388 2900; x_wconf 87' lang='lat' dir='ltr'><strong>Quidquid</strong></span> <span class='ocrx_word' id='word_1_430' title='bbox 402 2871 491 2894; x_wconf 89' lang='lat' dir='ltr'><strong>autem</strong></span> <span class='ocrx_word' id='word_1_431' title='bbox 507 2869 639 2904; x_wconf 88' lang='lat' dir='ltr'><strong>reliquum</strong></span> <span class='ocrx_word' id='word_1_432' title='bbox 651 2869 741 2905; x_wconf 79' lang='lat' dir='ltr'><strong>fuerit,</strong></span> <span class='ocrx_word' id='word_1_433' title='bbox 756 2871 837 2900; x_wconf 81' lang='lat' dir='ltr'><strong>faciet</strong></span> <span class='ocrx_word' id='word_1_434' title='bbox 852 2873 984 2902; x_wconf 87' lang='lat' dir='ltr'><strong>distillare</strong></span> <span class='ocrx_word' id='word_1_435' title='bbox 1012 2876 1043 2902; x_wconf 84' lang='lat' dir='ltr'><strong>:ul</strong></span> 
     </span>
    </p>
   </div>
   <div class='ocr_carea' id='block_1_61' title="bbox 290 2926 517 2969">
    <p class='ocr_par' dir='ltr' id='par_1_61' title="bbox 290 2926 517 2969">
     <span class='ocr_line' id='line_1_61' title="bbox 290 2926 517 2969; baseline 0.013 -8"><span class='ocrx_word' id='word_1_436' title='bbox 290 2926 417 2963; x_wconf 77' lang='lat' dir='ltr'><strong>&quot;Matth.</strong></span> <span class='ocrx_word' id='word_1_437' title='bbox 434 2944 460 2969; x_wconf 71' lang='grc' dir='ltr'><strong>κ,</strong></span> <span class='ocrx_word' id='word_1_438' title='bbox 477 2937 517 2964; x_wconf 83' lang='lat' dir='ltr'><strong>l6.</strong></span> 
     </span>
    </p>
   </div>
   <div class='ocr_carea' id='block_1_62' title="bbox 1091 319 1882 355">
    <p class='ocr_par' dir='ltr' id='par_1_62' title="bbox 1091 319 1882 355">
     <span class='ocr_line' id='line_1_62' title="bbox 1091 319 1882 355; baseline -0.001 -6"><span class='ocrx_word' id='word_1_439' title='bbox 1091 321 1209 349; x_wconf 85' lang='lat' dir='ltr'><strong>adolebit</strong></span> <span class='ocrx_word' id='word_1_440' title='bbox 1224 321 1423 353; x_wconf 81' lang='lat' dir='ltr'><strong>holocaustum,</strong></span> <span class='ocrx_word' id='word_1_441' title='bbox 1438 325 1469 347; x_wconf 93' lang='lat' dir='ltr'><strong>ut</strong></span> <span class='ocrx_word' id='word_1_442' title='bbox 1489 319 1548 347; x_wconf 78' lang='lat' dir='ltr'><strong>ﬁeri</strong></span> <span class='ocrx_word' id='word_1_443' title='bbox 1560 319 1638 352; x_wconf 84' lang='lat' dir='ltr'><strong>solet,</strong></span> <span class='ocrx_word' id='word_1_444' title='bbox 1656 319 1817 354; x_wconf 79' lang='lat' dir='ltr'><strong>rogabitque</strong></span> <span class='ocrx_word' id='word_1_445' title='bbox 1830 327 1882 355; x_wconf 87' lang='lat' dir='ltr'><strong>pro</strong></span> 
     </span>
    </p>
   </div>
   <div class='ocr_carea' id='block_1_63' title="bbox 1090 364 1881 400">
    <p class='ocr_par' dir='ltr' id='par_1_63' title="bbox 1090 364 1881 400">
     <span class='ocr_line' id='line_1_63' title="bbox 1090 364 1881 400; baseline -0.003 -6"><span class='ocrx_word' id='word_1_446' title='bbox 1090 374 1124 394; x_wconf 91' lang='lat' dir='ltr'><strong>eo</strong></span> <span class='ocrx_word' id='word_1_447' title='bbox 1134 366 1272 398; x_wconf 86' lang='lat' dir='ltr'><strong>sacerdos,</strong></span> <span class='ocrx_word' id='word_1_448' title='bbox 1283 369 1312 392; x_wconf 88' lang='lat' dir='ltr'><strong>ct</strong></span> <span class='ocrx_word' id='word_1_449' title='bbox 1326 373 1375 400; x_wconf 91' lang='lat' dir='ltr'><strong>pro</strong></span> <span class='ocrx_word' id='word_1_450' title='bbox 1396 369 1510 400; x_wconf 82' lang='lat' dir='ltr'><strong>peccato</strong></span> <span class='ocrx_word' id='word_1_451' title='bbox 1536 365 1606 400; x_wconf 88' lang='lat' dir='ltr'><strong>ejus,</strong></span> <span class='ocrx_word' id='word_1_452' title='bbox 1622 369 1651 391; x_wconf 83' lang='lat' dir='ltr'><strong>et</strong></span> <span class='ocrx_word' id='word_1_453' title='bbox 1664 364 1817 392; x_wconf 80' lang='lat' dir='ltr'><strong>dimittetur</strong></span> <span class='ocrx_word' id='word_1_454' title='bbox 1844 365 1881 393; x_wconf 89' lang='lat' dir='ltr'><strong>ei.</strong></span> 
     </span>
    </p>
   </div>
   <div class='ocr_carea' id='block_1_64' title="bbox 1091 409 1883 446">
    <p class='ocr_par' dir='ltr' id='par_1_64' title="bbox 1091 409 1883 446">
     <span class='ocr_line' id='line_1_64' title="bbox 1091 409 1883 446; baseline -0.005 -6"><span class='ocrx_word' id='word_1_455' title='bbox 1091 412 1170 445; x_wconf 86' lang='lat' dir='ltr'><strong>Quod</strong></span> <span class='ocrx_word' id='word_1_456' title='bbox 1195 412 1218 439; x_wconf 87' lang='lat' dir='ltr'><strong>si</strong></span> <span class='ocrx_word' id='word_1_457' title='bbox 1229 419 1284 439; x_wconf 91' lang='lat' dir='ltr'><strong>non</strong></span> <span class='ocrx_word' id='word_1_458' title='bbox 1301 410 1421 446; x_wconf 83' lang='lat' dir='ltr'><strong>quiverit</strong></span> <span class='ocrx_word' id='word_1_459' title='bbox 1435 418 1534 438; x_wconf 88' lang='lat' dir='ltr'><strong>manus</strong></span> <span class='ocrx_word' id='word_1_460' title='bbox 1557 410 1617 445; x_wconf 84' lang='lat' dir='ltr'><strong>ejus</strong></span> <span class='ocrx_word' id='word_1_461' title='bbox 1627 409 1728 437; x_wconf 75' lang='lat' dir='ltr'><strong>offerre</strong></span> <span class='ocrx_word' id='word_1_462' title='bbox 1742 409 1811 437; x_wconf 83' lang='lat' dir='ltr'><strong>duos</strong></span> <span class='ocrx_word' id='word_1_463' title='bbox 1823 414 1883 436; x_wconf 82' lang='lat' dir='ltr'><strong>tur—</strong></span> 
     </span>
    </p>
   </div>
   <div class='ocr_carea' id='block_1_65' title="bbox 1091 455 1885 492">
    <p class='ocr_par' dir='ltr' id='par_1_65' title="bbox 1091 455 1885 492">
     <span class='ocr_line' id='line_1_65' title="bbox 1091 455 1885 492; baseline -0.001 -7"><span class='ocrx_word' id='word_1_464' title='bbox 1091 463 1176 491; x_wconf 88' lang='lat' dir='ltr'><strong>tures,</strong></span> <span class='ocrx_word' id='word_1_465' title='bbox 1192 458 1235 486; x_wconf 79' lang='lat' dir='ltr'><strong>vel</strong></span> <span class='ocrx_word' id='word_1_466' title='bbox 1246 457 1314 485; x_wconf 85' lang='lat' dir='ltr'><strong>duos</strong></span> <span class='ocrx_word' id='word_1_467' title='bbox 1331 457 1419 492; x_wconf 89' lang='lat' dir='ltr'><strong>pullos</strong></span> <span class='ocrx_word' id='word_1_468' title='bbox 1441 457 1584 487; x_wconf 67' lang='lat' dir='ltr'><strong>columbae,</strong></span> <span class='ocrx_word' id='word_1_469' title='bbox 1601 455 1697 483; x_wconf 70' lang='lat' dir='ltr'><strong>ederet</strong></span> <span class='ocrx_word' id='word_1_470' title='bbox 1709 463 1758 490; x_wconf 93' lang='lat' dir='ltr'><strong>pro</strong></span> <span class='ocrx_word' id='word_1_471' title='bbox 1770 460 1885 490; x_wconf 80' lang='lat' dir='ltr'><strong>peccato</strong></span> 
     </span>
    </p>
   </div>
   <div class='ocr_carea' id='block_1_66' title="bbox 1091 501 1883 538">
    <p class='ocr_par' dir='ltr' id='par_1_66' title="bbox 1091 501 1883 538">
     <span class='ocr_line' id='line_1_66' title="bbox 1091 501 1883 538; baseline -0.003 -8"><span class='ocrx_word' id='word_1_472' title='bbox 1091 503 1219 536; x_wconf 90' lang='lat' dir='ltr'><strong>similam,</strong></span> <span class='ocrx_word' id='word_1_473' title='bbox 1235 507 1338 538; x_wconf 86' lang='lat' dir='ltr'><strong>partem</strong></span> <span class='ocrx_word' id='word_1_474' title='bbox 1349 502 1412 538; x_wconf 81' lang='lat' dir='ltr'><strong>ephi</strong></span> <span class='ocrx_word' id='word_1_475' title='bbox 1427 502 1560 530; x_wconf 87' lang='lat' dir='ltr'><strong>decimam</strong></span> <span class='ocrx_word' id='word_1_476' title='bbox 1575 511 1583 534; x_wconf 90' lang='lat'><strong>;</strong></span> <span class='ocrx_word' id='word_1_477' title='bbox 1609 509 1664 528; x_wconf 88' lang='lat' dir='ltr'><strong>non</strong></span> <span class='ocrx_word' id='word_1_478' title='bbox 1679 501 1769 528; x_wconf 84' lang='lat' dir='ltr'><strong>mittet</strong></span> <span class='ocrx_word' id='word_1_479' title='bbox 1780 501 1807 528; x_wconf 92' lang='lat' dir='ltr'><strong>in</strong></span> <span class='ocrx_word' id='word_1_480' title='bbox 1822 509 1883 529; x_wconf 89' lang='lat' dir='ltr'><strong>eam</strong></span> 
     </span>
    </p>
   </div>
   <div class='ocr_carea' id='block_1_67' title="bbox 1091 547 1885 582">
    <p class='ocr_par' dir='ltr' id='par_1_67' title="bbox 1091 547 1885 582">
     <span class='ocr_line' id='line_1_67' title="bbox 1091 547 1885 582; baseline -0.004 -6"><span class='ocrx_word' id='word_1_481' title='bbox 1091 549 1192 580; x_wconf 87' lang='lat' dir='ltr'><strong>oleum,</strong></span> <span class='ocrx_word' id='word_1_482' title='bbox 1211 556 1262 576; x_wconf 89' lang='lat' dir='ltr'><strong>nec</strong></span> <span class='ocrx_word' id='word_1_483' title='bbox 1275 547 1363 575; x_wconf 89' lang='lat' dir='ltr'><strong>thuris</strong></span> <span class='ocrx_word' id='word_1_484' title='bbox 1378 547 1480 582; x_wconf 86' lang='lat' dir='ltr'><strong>aliquid</strong></span> <span class='ocrx_word' id='word_1_485' title='bbox 1490 547 1622 582; x_wconf 85' lang='lat' dir='ltr'><strong>imponet.</strong></span> <span class='ocrx_word' id='word_1_486' title='bbox 1636 547 1699 581; x_wconf 87' lang='lat' dir='ltr'><strong>quia</strong></span> <span class='ocrx_word' id='word_1_487' title='bbox 1709 553 1759 581; x_wconf 89' lang='lat' dir='ltr'><strong>pro</strong></span> <span class='ocrx_word' id='word_1_488' title='bbox 1772 551 1885 581; x_wconf 83' lang='lat' dir='ltr'><strong>peccato</strong></span> 
     </span>
    </p>
   </div>
   <div class='ocr_carea' id='block_1_68' title="bbox 1091 591 1885 628">
    <p class='ocr_par' dir='ltr' id='par_1_68' title="bbox 1091 591 1885 628">
     <span class='ocr_line' id='line_1_68' title="bbox 1091 591 1885 628; baseline -0.004 -6"><span class='ocrx_word' id='word_1_489' title='bbox 1091 598 1143 625; x_wconf 88' lang='lat' dir='ltr'><strong>est,</strong></span> <span class='ocrx_word' id='word_1_490' title='bbox 1156 593 1297 628; x_wconf 88' lang='lat' dir='ltr'><strong>tradetque</strong></span> <span class='ocrx_word' id='word_1_491' title='bbox 1311 600 1371 620; x_wconf 87' lang='lat' dir='ltr'><strong>eam</strong></span> <span class='ocrx_word' id='word_1_492' title='bbox 1395 591 1550 622; x_wconf 85' lang='lat' dir='ltr'><strong>sacerdoti.-</strong></span> <span class='ocrx_word' id='word_1_493' title='bbox 1566 591 1613 626; x_wconf 92' lang='lat' dir='ltr'><strong>qui</strong></span> <span class='ocrx_word' id='word_1_494' title='bbox 1635 592 1747 627; x_wconf 89' lang='lat' dir='ltr'><strong>plenum</strong></span> <span class='ocrx_word' id='word_1_495' title='bbox 1771 599 1806 619; x_wconf 82' lang='lat' dir='ltr'><strong>ex</strong></span> <span class='ocrx_word' id='word_1_496' title='bbox 1827 596 1885 619; x_wconf 87' lang='lat' dir='ltr'><strong>toto</strong></span> 
     </span>
    </p>
   </div>
   <div class='ocr_carea' id='block_1_69' title="bbox 1091 637 1884 673">
    <p class='ocr_par' dir='ltr' id='par_1_69' title="bbox 1091 637 1884 673">
     <span class='ocr_line' id='line_1_69' title="bbox 1091 637 1884 673; baseline 0 -9"><span class='ocrx_word' id='word_1_497' title='bbox 1091 637 1222 673; x_wconf 72' lang='lat' dir='ltr'><strong>pugillum</strong></span> <span class='ocrx_word' id='word_1_498' title='bbox 1238 637 1378 669; x_wconf 81' lang='lat' dir='ltr'><strong>hauriens,</strong></span> <span class='ocrx_word' id='word_1_499' title='bbox 1397 637 1528 665; x_wconf 87' lang='lat' dir='ltr'><strong>cremabit</strong></span> <span class='ocrx_word' id='word_1_500' title='bbox 1541 644 1624 672; x_wconf 90' lang='lat' dir='ltr'><strong>super</strong></span> <span class='ocrx_word' id='word_1_501' title='bbox 1650 637 1736 664; x_wconf 90' lang='lat' dir='ltr'><strong>altare</strong></span> <span class='ocrx_word' id='word_1_502' title='bbox 1760 637 1788 664; x_wconf 92' lang='lat' dir='ltr'><strong>in</strong></span> <span class='ocrx_word' id='word_1_503' title='bbox 1823 644 1884 664; x_wconf 84' lang='lat' dir='ltr'><strong>Ino-</strong></span> 
     </span>
    </p>
   </div>
   <div class='ocr_carea' id='block_1_70' title="bbox 1092 681 1885 718">
    <p class='ocr_par' dir='ltr' id='par_1_70' title="bbox 1092 681 1885 718">
     <span class='ocr_line' id='line_1_70' title="bbox 1092 681 1885 718; baseline -0.004 -8"><span class='ocrx_word' id='word_1_504' title='bbox 1092 687 1255 711; x_wconf 91' lang='lat' dir='ltr'><strong>numentum</strong></span> <span class='ocrx_word' id='word_1_505' title='bbox 1293 683 1352 718; x_wconf 87' lang='lat' dir='ltr'><strong>ejus</strong></span> <span class='ocrx_word' id='word_1_506' title='bbox 1380 682 1428 717; x_wconf 92' lang='lat' dir='ltr'><strong>qui</strong></span> <span class='ocrx_word' id='word_1_507' title='bbox 1453 682 1573 714; x_wconf 89' lang='lat' dir='ltr'><strong>obtulit,</strong></span> <span class='ocrx_word' id='word_1_508' title='bbox 1605 689 1704 718; x_wconf 75' lang='lat' dir='ltr'><strong>rogans</strong></span> <span class='ocrx_word' id='word_1_509' title='bbox 1750 689 1801 716; x_wconf 87' lang='lat' dir='ltr'><strong>pro</strong></span> <span class='ocrx_word' id='word_1_510' title='bbox 1835 681 1885 708; x_wconf 89' lang='lat' dir='ltr'><strong>illo</strong></span> 
     </span>
    </p>
   </div>
   <div class='ocr_carea' id='block_1_71' title="bbox 1091 727 1885 764">
    <p class='ocr_par' dir='ltr' id='par_1_71' title="bbox 1091 727 1885 764">
     <span class='ocr_line' id='line_1_71' title="bbox 1091 727 1885 764; baseline -0.004 -7"><span class='ocrx_word' id='word_1_511' title='bbox 1091 734 1119 757; x_wconf 91' lang='lat' dir='ltr'><strong>et</strong></span> <span class='ocrx_word' id='word_1_512' title='bbox 1144 727 1278 764; x_wconf 85' lang='lat' dir='ltr'><strong>expians.&#39;</strong></span> <span class='ocrx_word' id='word_1_513' title='bbox 1297 728 1438 764; x_wconf 88' lang='lat' dir='ltr'><strong>Reliquam</strong></span> <span class='ocrx_word' id='word_1_514' title='bbox 1457 735 1523 755; x_wconf 86' lang='lat' dir='ltr'><strong>vero</strong></span> <span class='ocrx_word' id='word_1_515' title='bbox 1548 731 1653 763; x_wconf 87' lang='lat' dir='ltr'><strong>partem</strong></span> <span class='ocrx_word' id='word_1_516' title='bbox 1681 727 1739 762; x_wconf 87' lang='lat' dir='ltr'><strong>ipse</strong></span> <span class='ocrx_word' id='word_1_517' title='bbox 1772 727 1885 755; x_wconf 82' lang='lat' dir='ltr'><strong>habebit</strong></span> 
     </span>
    </p>
   </div>
   <div class='ocr_carea' id='block_1_72' title="bbox 1093 775 1281 802">
    <p class='ocr_par' dir='ltr' id='par_1_72' title="bbox 1093 775 1281 802">
     <span class='ocr_line' id='line_1_72' title="bbox 1093 775 1281 802; baseline 0 0"><span class='ocrx_word' id='word_1_518' title='bbox 1093 775 1120 802; x_wconf 93' lang='lat' dir='ltr'><strong>in</strong></span> <span class='ocrx_word' id='word_1_519' title='bbox 1132 782 1256 802; x_wconf 87' lang='lat' dir='ltr'><strong>munere.</strong></span> <span class='ocrx_word' id='word_1_520' title='bbox 1272 784 1281 801; x_wconf 75' lang='grc' dir='ltr'><strong><em>ι</em></strong></span> 
     </span>
    </p>
   </div>
   <div class='ocr_carea' id='block_1_73' title="bbox 1128 817 1884 855">
    <p class='ocr_par' dir='ltr' id='par_1_73' title="bbox 1128 817 1884 855">
     <span class='ocr_line' id='line_1_73' title="bbox 1128 817 1884 855; baseline -0.003 -9"><span class='ocrx_word' id='word_1_521' title='bbox 1128 820 1198 847; x_wconf 86' lang='lat' dir='ltr'><strong>Num</strong></span> <span class='ocrx_word' id='word_1_522' title='bbox 1210 821 1306 848; x_wconf 83' lang='lat' dir='ltr'><strong>eadem</strong></span> <span class='ocrx_word' id='word_1_523' title='bbox 1323 819 1460 855; x_wconf 82' lang='lat' dir='ltr'><strong>legislator</strong></span> <span class='ocrx_word' id='word_1_524' title='bbox 1474 820 1596 854; x_wconf 84' lang='lat' dir='ltr'><strong>repetit?</strong></span> <span class='ocrx_word' id='word_1_525' title='bbox 1609 819 1678 847; x_wconf 91' lang='lat' dir='ltr'><strong>Cum</strong></span> <span class='ocrx_word' id='word_1_526' title='bbox 1695 818 1723 845; x_wconf 90' lang='lat' dir='ltr'><strong>in</strong></span> <span class='ocrx_word' id='word_1_527' title='bbox 1737 817 1884 854; x_wconf 64' lang='lat' dir='ltr'><strong>praeteritis</strong></span> 
     </span>
    </p>
   </div>
   <div class='ocr_carea' id='block_1_74' title="bbox 1092 865 1884 902">
    <p class='ocr_par' dir='ltr' id='par_1_74' title="bbox 1092 865 1884 902">
     <span class='ocr_line' id='line_1_74' title="bbox 1092 865 1884 902; baseline -0.005 -8"><span class='ocrx_word' id='word_1_528' title='bbox 1092 868 1192 902; x_wconf 88' lang='lat' dir='ltr'><strong>quippe</strong></span> <span class='ocrx_word' id='word_1_529' title='bbox 1204 867 1316 895; x_wconf 86' lang='lat' dir='ltr'><strong>dixisset</strong></span> <span class='ocrx_word' id='word_1_530' title='bbox 1326 867 1411 902; x_wconf 91' lang='lat' dir='ltr'><strong>quod,</strong></span> <span class='ocrx_word' id='word_1_531' title='bbox 1430 867 1451 894; x_wconf 90' lang='lat' dir='ltr'><strong>si</strong></span> <span class='ocrx_word' id='word_1_532' title='bbox 1469 866 1623 901; x_wconf 86' lang='lat' dir='ltr'><strong>peccaverit</strong></span> <span class='ocrx_word' id='word_1_533' title='bbox 1638 866 1673 894; x_wconf 88' lang='lat' dir='ltr'><strong>de</strong></span> <span class='ocrx_word' id='word_1_534' title='bbox 1686 865 1787 900; x_wconf 86' lang='lat' dir='ltr'><strong>populo</strong></span> <span class='ocrx_word' id='word_1_535' title='bbox 1803 869 1884 891; x_wconf 81' lang='lat' dir='ltr'><strong>terra:</strong></span> 
     </span>
    </p>
   </div>
   <div class='ocr_carea' id='block_1_75' title="bbox 1093 909 1884 948">
    <p class='ocr_par' dir='ltr' id='par_1_75' title="bbox 1093 909 1884 948">
     <span class='ocr_line' id='line_1_75' title="bbox 1093 909 1884 948; baseline -0.005 -9"><span class='ocrx_word' id='word_1_536' title='bbox 1093 921 1141 947; x_wconf 91' lang='lat' dir='ltr'><strong>per</strong></span> <span class='ocrx_word' id='word_1_537' title='bbox 1158 912 1348 948; x_wconf 80' lang='lat' dir='ltr'><strong>ignorantiam,</strong></span> <span class='ocrx_word' id='word_1_538' title='bbox 1362 917 1390 938; x_wconf 90' lang='lat' dir='ltr'><strong>ut</strong></span> <span class='ocrx_word' id='word_1_539' title='bbox 1404 911 1486 942; x_wconf 83' lang='lat' dir='ltr'><strong>faciat</strong></span> <span class='ocrx_word' id='word_1_540' title='bbox 1503 910 1643 946; x_wconf 90' lang='lat' dir='ltr'><strong>quidpiam</strong></span> <span class='ocrx_word' id='word_1_541' title='bbox 1657 918 1690 937; x_wconf 81' lang='lat' dir='ltr'><strong>ex</strong></span> <span class='ocrx_word' id='word_1_542' title='bbox 1704 910 1746 936; x_wconf 91' lang='lat' dir='ltr'><strong>his</strong></span> <span class='ocrx_word' id='word_1_543' title='bbox 1758 917 1818 944; x_wconf 76' lang='lat' dir='ltr'><strong>qua:</strong></span> <span class='ocrx_word' id='word_1_544' title='bbox 1828 909 1884 935; x_wconf 89' lang='lat' dir='ltr'><strong>Do-</strong></span> 
     </span>
    </p>
   </div>
   <div class='ocr_carea' id='block_1_76' title="bbox 1093 954 1885 992">
    <p class='ocr_par' dir='ltr' id='par_1_76' title="bbox 1093 954 1885 992">
     <span class='ocr_line' id='line_1_76' title="bbox 1093 954 1885 992; baseline -0.005 -8"><span class='ocrx_word' id='word_1_545' title='bbox 1093 958 1157 984; x_wconf 88' lang='lat' dir='ltr'><strong>mini</strong></span> <span class='ocrx_word' id='word_1_546' title='bbox 1185 958 1243 992; x_wconf 80' lang='lat' dir='ltr'><strong>lege</strong></span> <span class='ocrx_word' id='word_1_547' title='bbox 1263 957 1442 992; x_wconf 88' lang='lat' dir='ltr'><strong>prohibentur</strong></span> <span class='ocrx_word' id='word_1_548' title='bbox 1467 961 1549 990; x_wconf 81' lang='lat' dir='ltr'><strong>atque</strong></span> <span class='ocrx_word' id='word_1_549' title='bbox 1582 955 1730 989; x_wconf 80' lang='lat' dir='ltr'><strong>delinquat.</strong></span> <span class='ocrx_word' id='word_1_550' title='bbox 1760 954 1885 981; x_wconf 81' lang='lat' dir='ltr'><strong>Genera-</strong></span> 
     </span>
    </p>
   </div>
   <div class='ocr_carea' id='block_1_77' title="bbox 1093 1000 1884 1036">
    <p class='ocr_par' dir='ltr' id='par_1_77' title="bbox 1093 1000 1884 1036">
     <span class='ocr_line' id='line_1_77' title="bbox 1093 1000 1884 1036; baseline -0.004 -7"><span class='ocrx_word' id='word_1_551' title='bbox 1093 1003 1154 1030; x_wconf 91' lang='lat' dir='ltr'><strong>liter</strong></span> <span class='ocrx_word' id='word_1_552' title='bbox 1165 1003 1198 1030; x_wconf 88' lang='lat' dir='ltr'><strong>de</strong></span> <span class='ocrx_word' id='word_1_553' title='bbox 1209 1002 1284 1029; x_wconf 87' lang='lat' dir='ltr'><strong>omni</strong></span> <span class='ocrx_word' id='word_1_554' title='bbox 1297 1007 1406 1036; x_wconf 84' lang='lat' dir='ltr'><strong>peccato</strong></span> <span class='ocrx_word' id='word_1_555' title='bbox 1425 1002 1586 1036; x_wconf 75' lang='lat' dir='ltr'><strong>prazcipiens</strong></span> <span class='ocrx_word' id='word_1_556' title='bbox 1600 1005 1628 1028; x_wconf 87' lang='lat' dir='ltr'><strong>et</strong></span> <span class='ocrx_word' id='word_1_557' title='bbox 1643 1001 1742 1035; x_wconf 88' lang='lat' dir='ltr'><strong>jubeus</strong></span> <span class='ocrx_word' id='word_1_558' title='bbox 1753 1007 1814 1034; x_wconf 69' lang='lat' dir='ltr'><strong>qua:</strong></span> <span class='ocrx_word' id='word_1_559' title='bbox 1836 1000 1884 1026; x_wconf 66' lang='lat' dir='ltr'><strong>dr-</strong></span> 
     </span>
    </p>
   </div>
   <div class='ocr_carea' id='block_1_78' title="bbox 1093 1043 1880 1080">
    <p class='ocr_par' dir='ltr' id='par_1_78' title="bbox 1093 1043 1880 1080">
     <span class='ocr_line' id='line_1_78' title="bbox 1093 1043 1880 1080; baseline -0.006 -6"><span class='ocrx_word' id='word_1_560' title='bbox 1093 1048 1188 1074; x_wconf 88' lang='lat' dir='ltr'><strong>berent</strong></span> <span class='ocrx_word' id='word_1_561' title='bbox 1207 1046 1311 1077; x_wconf 81' lang='lat' dir='ltr'><strong>oll&#39;erri,</strong></span> <span class='ocrx_word' id='word_1_562' title='bbox 1327 1054 1401 1073; x_wconf 89' lang='lat' dir='ltr'><strong>nunc</strong></span> <span class='ocrx_word' id='word_1_563' title='bbox 1411 1052 1520 1080; x_wconf 83' lang='lat' dir='ltr'><strong>quoque</strong></span> <span class='ocrx_word' id='word_1_564' title='bbox 1531 1045 1565 1071; x_wconf 88' lang='lat' dir='ltr'><strong>de</strong></span> <span class='ocrx_word' id='word_1_565' title='bbox 1594 1045 1699 1071; x_wconf 82' lang='lat' dir='ltr'><strong>eisdem</strong></span> <span class='ocrx_word' id='word_1_566' title='bbox 1728 1043 1788 1070; x_wconf 88' lang='lat' dir='ltr'><strong>aliis</strong></span> <span class='ocrx_word' id='word_1_567' title='bbox 1812 1050 1880 1077; x_wconf 88' lang='lat' dir='ltr'><strong>quo-</strong></span> 
     </span>
    </p>
   </div>
   <div class='ocr_carea' id='block_1_79' title="bbox 1092 1089 1885 1122">
    <p class='ocr_par' dir='ltr' id='par_1_79' title="bbox 1092 1089 1885 1122">
     <span class='ocr_line' id='line_1_79' title="bbox 1092 1089 1885 1122; baseline -0.008 -1"><span class='ocrx_word' id='word_1_568' title='bbox 1092 1094 1239 1121; x_wconf 89' lang='lat' dir='ltr'><strong>dammodo</strong></span> <span class='ocrx_word' id='word_1_569' title='bbox 1254 1093 1361 1120; x_wconf 87' lang='lat' dir='ltr'><strong>videtur</strong></span> <span class='ocrx_word' id='word_1_570' title='bbox 1375 1092 1482 1119; x_wconf 85' lang='lat' dir='ltr'><strong>sancire</strong></span> <span class='ocrx_word' id='word_1_571' title='bbox 1495 1091 1681 1119; x_wconf 87' lang='lat' dir='ltr'><strong>sermonibus.</strong></span> <span class='ocrx_word' id='word_1_572' title='bbox 1699 1089 1885 1122; x_wconf 84' lang='lat' dir='ltr'><strong>Quamobrem</strong></span> 
     </span>
    </p>
   </div>
   <div class='ocr_carea' id='block_1_80' title="bbox 1092 1134 1885 1173">
    <p class='ocr_par' dir='ltr' id='par_1_80' title="bbox 1092 1134 1885 1173">
     <span class='ocr_line' id='line_1_80' title="bbox 1092 1134 1885 1173; baseline -0.005 -7"><span class='ocrx_word' id='word_1_573' title='bbox 1092 1144 1184 1166; x_wconf 90' lang='lat' dir='ltr'><strong>autem</strong></span> <span class='ocrx_word' id='word_1_574' title='bbox 1200 1138 1327 1173; x_wconf 89' lang='lat' dir='ltr'><strong>superius</strong></span> <span class='ocrx_word' id='word_1_575' title='bbox 1342 1138 1466 1173; x_wconf 82' lang='lat' dir='ltr'><strong>quaedam</strong></span> <span class='ocrx_word' id='word_1_576' title='bbox 1484 1145 1534 1172; x_wconf 88' lang='lat' dir='ltr'><strong>pro</strong></span> <span class='ocrx_word' id='word_1_577' title='bbox 1543 1142 1665 1172; x_wconf 82' lang='lat' dir='ltr'><strong>peccato,</strong></span> <span class='ocrx_word' id='word_1_578' title='bbox 1677 1140 1705 1164; x_wconf 90' lang='lat' dir='ltr'><strong>et</strong></span> <span class='ocrx_word' id='word_1_579' title='bbox 1725 1143 1780 1162; x_wconf 87' lang='lat' dir='ltr'><strong>non</strong></span> <span class='ocrx_word' id='word_1_580' title='bbox 1791 1134 1885 1162; x_wconf 71' lang='lat' dir='ltr'><strong>orrmia</strong></span> 
     </span>
    </p>
   </div>
   <div class='ocr_carea' id='block_1_81' title="bbox 1092 1180 1886 1219">
    <p class='ocr_par' dir='ltr' id='par_1_81' title="bbox 1092 1180 1886 1219">
     <span class='ocr_line' id='line_1_81' title="bbox 1092 1180 1886 1219; baseline -0.006 -8"><span class='ocrx_word' id='word_1_581' title='bbox 1092 1184 1225 1219; x_wconf 82' lang='lat' dir='ltr'><strong>exposuit.</strong></span> <span class='ocrx_word' id='word_1_582' title='bbox 1238 1184 1386 1218; x_wconf 85' lang='lat' dir='ltr'><strong>Oportebat</strong></span> <span class='ocrx_word' id='word_1_583' title='bbox 1408 1183 1508 1217; x_wconf 87' lang='lat' dir='ltr'><strong>quippe</strong></span> <span class='ocrx_word' id='word_1_584' title='bbox 1543 1186 1574 1210; x_wconf 88' lang='lat' dir='ltr'><strong>ut</strong></span> <span class='ocrx_word' id='word_1_585' title='bbox 1585 1185 1633 1209; x_wconf 84' lang='lat' dir='ltr'><strong>aut</strong></span> <span class='ocrx_word' id='word_1_586' title='bbox 1644 1182 1736 1208; x_wconf 87' lang='lat' dir='ltr'><strong>omnia</strong></span> <span class='ocrx_word' id='word_1_587' title='bbox 1750 1189 1799 1216; x_wconf 88' lang='lat' dir='ltr'><strong>per</strong></span> <span class='ocrx_word' id='word_1_588' title='bbox 1827 1180 1886 1207; x_wconf 88' lang='lat' dir='ltr'><strong>sin-</strong></span> 
     </span>
    </p>
   </div>
   <div class='ocr_carea' id='block_1_82' title="bbox 1091 1225 1885 1266">
    <p class='ocr_par' dir='ltr' id='par_1_82' title="bbox 1091 1225 1885 1266">
     <span class='ocr_line' id='line_1_82' title="bbox 1091 1225 1885 1266; baseline -0.006 -9"><span class='ocrx_word' id='word_1_589' title='bbox 1091 1230 1152 1266; x_wconf 79' lang='lat' dir='ltr'><strong>gula</strong></span> <span class='ocrx_word' id='word_1_590' title='bbox 1167 1233 1328 1264; x_wconf 78' lang='lat' dir='ltr'><strong>exponeret,</strong></span> <span class='ocrx_word' id='word_1_591' title='bbox 1342 1234 1390 1256; x_wconf 90' lang='lat' dir='ltr'><strong>aut</strong></span> <span class='ocrx_word' id='word_1_592' title='bbox 1410 1229 1519 1264; x_wconf 86' lang='lat' dir='ltr'><strong>penitus</strong></span> <span class='ocrx_word' id='word_1_593' title='bbox 1545 1227 1625 1260; x_wconf 85' lang='lat' dir='ltr'><strong>nihil,</strong></span> <span class='ocrx_word' id='word_1_594' title='bbox 1655 1235 1717 1255; x_wconf 92' lang='lat' dir='ltr'><strong>cum</strong></span> <span class='ocrx_word' id='word_1_595' title='bbox 1747 1225 1885 1262; x_wconf 75' lang='lat' dir='ltr'><strong>generalis</strong></span> 
     </span>
    </p>
   </div>
   <div class='ocr_carea' id='block_1_83' title="bbox 1092 1273 1887 1311">
    <p class='ocr_par' dir='ltr' id='par_1_83' title="bbox 1092 1273 1887 1311">
     <span class='ocr_line' id='line_1_83' title="bbox 1092 1273 1887 1311; baseline -0.005 -7"><span class='ocrx_word' id='word_1_596' title='bbox 1092 1277 1117 1304; x_wconf 92' lang='lat' dir='ltr'><strong>ei</strong></span> <span class='ocrx_word' id='word_1_597' title='bbox 1141 1276 1340 1304; x_wconf 86' lang='lat' dir='ltr'><strong>demonstratio</strong></span> <span class='ocrx_word' id='word_1_598' title='bbox 1361 1275 1466 1311; x_wconf 87' lang='lat' dir='ltr'><strong>peccati</strong></span> <span class='ocrx_word' id='word_1_599' title='bbox 1497 1275 1646 1302; x_wconf 83' lang='lat' dir='ltr'><strong>sulIiceret.</strong></span> <span class='ocrx_word' id='word_1_600' title='bbox 1674 1273 1728 1301; x_wconf 87' lang='lat' dir='ltr'><strong>Sed</strong></span> <span class='ocrx_word' id='word_1_601' title='bbox 1760 1282 1817 1301; x_wconf 90' lang='lat' dir='ltr'><strong>non</strong></span> <span class='ocrx_word' id='word_1_602' title='bbox 1847 1274 1887 1304; x_wconf 68' lang='lat' dir='ltr'><strong>ita</strong></span> 
     </span>
    </p>
   </div>
   <div class='ocr_carea' id='block_1_84' title="bbox 1092 1319 1887 1356">
    <p class='ocr_par' dir='ltr' id='par_1_84' title="bbox 1092 1319 1887 1356">
     <span class='ocr_line' id='line_1_84' title="bbox 1092 1319 1887 1356; baseline -0.006 -7"><span class='ocrx_word' id='word_1_603' title='bbox 1092 1329 1121 1349; x_wconf 87' lang='lat' dir='ltr'><strong>se</strong></span> <span class='ocrx_word' id='word_1_604' title='bbox 1153 1321 1254 1349; x_wconf 87' lang='lat' dir='ltr'><strong>habent</strong></span> <span class='ocrx_word' id='word_1_605' title='bbox 1278 1321 1361 1348; x_wconf 82' lang='lat' dir='ltr'><strong>verba</strong></span> <span class='ocrx_word' id='word_1_606' title='bbox 1391 1319 1567 1356; x_wconf 77' lang='lat' dir='ltr'><strong>legislatoris,</strong></span> <span class='ocrx_word' id='word_1_607' title='bbox 1603 1320 1676 1347; x_wconf 90' lang='lat' dir='ltr'><strong>sicut</strong></span> <span class='ocrx_word' id='word_1_608' title='bbox 1701 1319 1811 1354; x_wconf 87' lang='lat' dir='ltr'><strong>quidam</strong></span> <span class='ocrx_word' id='word_1_609' title='bbox 1835 1327 1887 1346; x_wconf 54' lang='lat' dir='ltr'><strong>ne.</strong></span> 
     </span>
    </p>
   </div>
   <div class='ocr_carea' id='block_1_85' title="bbox 1093 1363 1888 1402">
    <p class='ocr_par' dir='ltr' id='par_1_85' title="bbox 1093 1363 1888 1402">
     <span class='ocr_line' id='line_1_85' title="bbox 1093 1363 1888 1402; baseline -0.005 -8"><span class='ocrx_word' id='word_1_610' title='bbox 1093 1367 1225 1402; x_wconf 76' lang='lat' dir='ltr'><strong>gligenter</strong></span> <span class='ocrx_word' id='word_1_611' title='bbox 1264 1366 1383 1402; x_wconf 78' lang='lat' dir='ltr'><strong>legentes</strong></span> <span class='ocrx_word' id='word_1_612' title='bbox 1432 1365 1606 1393; x_wconf 82' lang='lat' dir='ltr'><strong>existimant.</strong></span> <span class='ocrx_word' id='word_1_613' title='bbox 1655 1364 1772 1397; x_wconf 88' lang='lat' dir='ltr'><strong>Quando</strong></span> <span class='ocrx_word' id='word_1_614' title='bbox 1812 1363 1888 1394; x_wconf 83' lang='lat' dir='ltr'><strong>enim</strong></span> 
     </span>
    </p>
   </div>
   <div class='ocr_carea' id='block_1_86' title="bbox 1091 1411 1189 1439">
    <p class='ocr_par' dir='ltr' id='par_1_86' title="bbox 1091 1411 1189 1439">
     <span class='ocr_line' id='line_1_86' title="bbox 1091 1411 1189 1439; baseline 0 -1"><span class='ocrx_word' id='word_1_615' title='bbox 1091 1411 1162 1439; x_wconf 86' lang='lat' dir='ltr'><strong>dixit</strong></span> <span class='ocrx_word' id='word_1_616' title='bbox 1183 1421 1189 1438; x_wconf 92' lang='lat'><strong>:</strong></span> 
     </span>
    </p>
   </div>
   <div class='ocr_carea' id='block_1_87' title="bbox 1127 1454 1886 1490">
    <p class='ocr_par' dir='ltr' id='par_1_87' title="bbox 1127 1454 1886 1490">
     <span class='ocr_line' id='line_1_87' title="bbox 1127 1454 1886 1490; baseline -0.005 -7"><span class='ocrx_word' id='word_1_617' title='bbox 1127 1456 1232 1489; x_wconf 76' lang='lat' dir='ltr'><strong>Quodsi</strong></span> <span class='ocrx_word' id='word_1_618' title='bbox 1254 1457 1399 1490; x_wconf 79' lang='lat' dir='ltr'><strong>peccaverit</strong></span> <span class='ocrx_word' id='word_1_619' title='bbox 1416 1455 1448 1482; x_wconf 82' lang='lat' dir='ltr'><strong>de</strong></span> <span class='ocrx_word' id='word_1_620' title='bbox 1476 1454 1572 1489; x_wconf 86' lang='lat' dir='ltr'><strong>populo</strong></span> <span class='ocrx_word' id='word_1_621' title='bbox 1593 1458 1671 1480; x_wconf 75' lang='lat' dir='ltr'><strong>terra:</strong></span> <span class='ocrx_word' id='word_1_622' title='bbox 1684 1462 1730 1487; x_wconf 87' lang='lat' dir='ltr'><strong>per</strong></span> <span class='ocrx_word' id='word_1_623' title='bbox 1758 1454 1886 1488; x_wconf 78' lang='lat' dir='ltr'><strong>ignoran-</strong></span> 
     </span>
    </p>
   </div>
   <div class='ocr_carea' id='block_1_88' title="bbox 1091 1500 1886 1539">
    <p class='ocr_par' dir='ltr' id='par_1_88' title="bbox 1091 1500 1886 1539">
     <span class='ocr_line' id='line_1_88' title="bbox 1091 1500 1886 1539; baseline -0.005 -9"><span class='ocrx_word' id='word_1_624' title='bbox 1091 1503 1167 1535; x_wconf 81' lang='lat' dir='ltr'><strong>tiam,</strong></span> <span class='ocrx_word' id='word_1_625' title='bbox 1182 1507 1210 1530; x_wconf 88' lang='lat' dir='ltr'><strong>ut</strong></span> <span class='ocrx_word' id='word_1_626' title='bbox 1224 1503 1305 1539; x_wconf 81' lang='lat' dir='ltr'><strong>faciat</strong></span> <span class='ocrx_word' id='word_1_627' title='bbox 1316 1503 1456 1537; x_wconf 81' lang='lat' dir='ltr'><strong>quidpiam</strong></span> <span class='ocrx_word' id='word_1_628' title='bbox 1472 1510 1503 1529; x_wconf 72' lang='lat' dir='ltr'><strong>ex</strong></span> <span class='ocrx_word' id='word_1_629' title='bbox 1518 1502 1558 1528; x_wconf 80' lang='lat' dir='ltr'><strong>Itis</strong></span> <span class='ocrx_word' id='word_1_630' title='bbox 1570 1508 1628 1536; x_wconf 73' lang='lat' dir='ltr'><strong>quae</strong></span> <span class='ocrx_word' id='word_1_631' title='bbox 1643 1501 1747 1527; x_wconf 86' lang='lat' dir='ltr'><strong>Domini</strong></span> <span class='ocrx_word' id='word_1_632' title='bbox 1760 1500 1814 1535; x_wconf 80' lang='lat' dir='ltr'><strong>lege</strong></span> <span class='ocrx_word' id='word_1_633' title='bbox 1822 1509 1886 1535; x_wconf 82' lang='lat' dir='ltr'><strong>pro-</strong></span> 
     </span>
    </p>
   </div>
   <div class='ocr_carea' id='block_1_89' title="bbox 1090 1547 1888 1584">
    <p class='ocr_par' dir='ltr' id='par_1_89' title="bbox 1090 1547 1888 1584">
     <span class='ocr_line' id='line_1_89' title="bbox 1090 1547 1888 1584; baseline -0.003 -7"><span class='ocrx_word' id='word_1_634' title='bbox 1090 1550 1222 1582; x_wconf 82' lang='lat' dir='ltr'><strong>hibentur,</strong></span> <span class='ocrx_word' id='word_1_635' title='bbox 1236 1553 1316 1584; x_wconf 84' lang='lat' dir='ltr'><strong>atque</strong></span> <span class='ocrx_word' id='word_1_636' title='bbox 1329 1549 1474 1584; x_wconf 82' lang='lat' dir='ltr'><strong>delinquat,</strong></span> <span class='ocrx_word' id='word_1_637' title='bbox 1490 1548 1645 1575; x_wconf 89' lang='lat' dir='ltr'><strong>sensibilem</strong></span> <span class='ocrx_word' id='word_1_638' title='bbox 1658 1547 1785 1574; x_wconf 89' lang='lat' dir='ltr'><strong>lsraelem</strong></span> <span class='ocrx_word' id='word_1_639' title='bbox 1792 1552 1888 1575; x_wconf 81' lang='lat' dir='ltr'><strong>osten-</strong></span> 
     </span>
    </p>
   </div>
   <div class='ocr_carea' id='block_1_90' title="bbox 1091 1594 1886 1635">
    <p class='ocr_par' dir='ltr' id='par_1_90' title="bbox 1091 1594 1886 1635">
     <span class='ocr_line' id='line_1_90' title="bbox 1091 1594 1886 1635; baseline -0.004 -13"><span class='ocrx_word' id='word_1_640' title='bbox 1091 1596 1140 1628; x_wconf 90' lang='lat' dir='ltr'><strong>dit,</strong></span> <span class='ocrx_word' id='word_1_641' title='bbox 1157 1595 1203 1630; x_wconf 88' lang='lat' dir='ltr'><strong>qui</strong></span> <span class='ocrx_word' id='word_1_642' title='bbox 1214 1603 1380 1630; x_wconf 82' lang='lat' dir='ltr'><strong>cognoscens</strong></span> <span class='ocrx_word' id='word_1_643' title='bbox 1398 1595 1442 1622; x_wconf 86' lang='lat' dir='ltr'><strong>Dei</strong></span> <span class='ocrx_word' id='word_1_644' title='bbox 1463 1596 1606 1626; x_wconf 54' lang='lat' dir='ltr'><strong>mandata,</strong></span> <span class='ocrx_word' id='word_1_645' title='bbox 1626 1602 1681 1635; x_wconf 81' lang='lat' dir='ltr'><strong>non</strong></span> <span class='ocrx_word' id='word_1_646' title='bbox 1696 1594 1791 1621; x_wconf 88' lang='lat' dir='ltr'><strong>debuit</strong></span> <span class='ocrx_word' id='word_1_647' title='bbox 1803 1594 1886 1628; x_wconf 83' lang='lat' dir='ltr'><strong>quid-</strong></span> 
     </span>
    </p>
   </div>
   <div class='ocr_carea' id='block_1_91' title="bbox 1093 1638 1887 1676">
    <p class='ocr_par' dir='ltr' id='par_1_91' title="bbox 1093 1638 1887 1676">
     <span class='ocr_line' id='line_1_91' title="bbox 1093 1638 1887 1676; baseline -0.003 -9"><span class='ocrx_word' id='word_1_648' title='bbox 1093 1640 1165 1676; x_wconf 90' lang='lat' dir='ltr'><strong>piam</strong></span> <span class='ocrx_word' id='word_1_649' title='bbox 1181 1640 1248 1676; x_wconf 81' lang='lat' dir='ltr'><strong>legis</strong></span> <span class='ocrx_word' id='word_1_650' title='bbox 1265 1640 1427 1676; x_wconf 83' lang='lat' dir='ltr'><strong>transgredi.</strong></span> <span class='ocrx_word' id='word_1_651' title='bbox 1445 1639 1644 1675; x_wconf 73' lang='lat' dir='ltr'><strong>Transgressus</strong></span> <span class='ocrx_word' id='word_1_652' title='bbox 1659 1638 1887 1673; x_wconf 80' lang='lat' dir='ltr'><strong>autem,implere</strong></span> 
     </span>
    </p>
   </div>
   <div class='ocr_carea' id='block_1_92' title="bbox 1091 1684 1886 1722">
    <p class='ocr_par' dir='ltr' id='par_1_92' title="bbox 1091 1684 1886 1722">
     <span class='ocr_line' id='line_1_92' title="bbox 1091 1684 1886 1722; baseline -0.004 -8"><span class='ocrx_word' id='word_1_653' title='bbox 1091 1687 1183 1714; x_wconf 86' lang='lat' dir='ltr'><strong>debuit</strong></span> <span class='ocrx_word' id='word_1_654' title='bbox 1194 1695 1226 1714; x_wconf 90' lang='lat' dir='ltr'><strong>ea</strong></span> <span class='ocrx_word' id='word_1_655' title='bbox 1241 1695 1302 1722; x_wconf 70' lang='lat' dir='ltr'><strong>quae</strong></span> <span class='ocrx_word' id='word_1_656' title='bbox 1316 1687 1348 1714; x_wconf 89' lang='lat' dir='ltr'><strong>ad</strong></span> <span class='ocrx_word' id='word_1_657' title='bbox 1367 1686 1558 1722; x_wconf 73' lang='lat' dir='ltr'><strong>prenitentiam</strong></span> <span class='ocrx_word' id='word_1_658' title='bbox 1572 1686 1720 1721; x_wconf 88' lang='lat' dir='ltr'><strong>pertinent.</strong></span> <span class='ocrx_word' id='word_1_659' title='bbox 1750 1684 1779 1712; x_wconf 96' lang='lat' dir='ltr'><strong>In</strong></span> <span class='ocrx_word' id='word_1_660' title='bbox 1812 1693 1886 1720; x_wconf 68' lang='lat' dir='ltr'><strong>prm-</strong></span> 
     </span>
    </p>
   </div>
   <div class='ocr_carea' id='block_1_93' title="bbox 1092 1732 1884 1767">
    <p class='ocr_par' dir='ltr' id='par_1_93' title="bbox 1092 1732 1884 1767">
     <span class='ocr_line' id='line_1_93' title="bbox 1092 1732 1884 1767; baseline -0.004 -7"><span class='ocrx_word' id='word_1_661' title='bbox 1092 1733 1163 1760; x_wconf 89' lang='lat' dir='ltr'><strong>senti</strong></span> <span class='ocrx_word' id='word_1_662' title='bbox 1177 1737 1267 1760; x_wconf 91' lang='lat' dir='ltr'><strong>autem</strong></span> <span class='ocrx_word' id='word_1_663' title='bbox 1284 1732 1400 1760; x_wconf 90' lang='lat' dir='ltr'><strong>dicens:</strong></span> <span class='ocrx_word' id='word_1_664' title='bbox 1427 1732 1456 1760; x_wconf 90' lang='lat' dir='ltr'><strong>Si</strong></span> <span class='ocrx_word' id='word_1_665' title='bbox 1478 1732 1633 1767; x_wconf 87' lang='lat' dir='ltr'><strong>peccaverit</strong></span> <span class='ocrx_word' id='word_1_666' title='bbox 1655 1732 1755 1762; x_wconf 89' lang='lat' dir='ltr'><strong>anima,</strong></span> <span class='ocrx_word' id='word_1_667' title='bbox 1781 1739 1884 1766; x_wconf 76' lang='lat' dir='ltr'><strong>nequa-</strong></span> 
     </span>
    </p>
   </div>
   <div class='ocr_carea' id='block_1_94' title="bbox 1091 1775 1887 1814">
    <p class='ocr_par' dir='ltr' id='par_1_94' title="bbox 1091 1775 1887 1814">
     <span class='ocr_line' id='line_1_94' title="bbox 1091 1775 1887 1814; baseline -0.004 -8"><span class='ocrx_word' id='word_1_668' title='bbox 1091 1786 1174 1814; x_wconf 88' lang='lat' dir='ltr'><strong>quam</strong></span> <span class='ocrx_word' id='word_1_669' title='bbox 1191 1778 1305 1811; x_wconf 86' lang='lat' dir='ltr'><strong>addidit,</strong></span> <span class='ocrx_word' id='word_1_670' title='bbox 1324 1777 1358 1806; x_wconf 90' lang='lat' dir='ltr'><strong>de</strong></span> <span class='ocrx_word' id='word_1_671' title='bbox 1375 1777 1475 1813; x_wconf 78' lang='lat' dir='ltr'><strong>populo</strong></span> <span class='ocrx_word' id='word_1_672' title='bbox 1485 1782 1574 1809; x_wconf 65' lang='lat' dir='ltr'><strong>terrae.</strong></span> <span class='ocrx_word' id='word_1_673' title='bbox 1588 1783 1616 1804; x_wconf 87' lang='lat' dir='ltr'><strong>et</strong></span> <span class='ocrx_word' id='word_1_674' title='bbox 1631 1777 1798 1804; x_wconf 86' lang='lat' dir='ltr'><strong>rectissime.</strong></span> <span class='ocrx_word' id='word_1_675' title='bbox 1815 1775 1887 1804; x_wconf 84' lang='lat' dir='ltr'><strong>Dicit</strong></span> 
     </span>
    </p>
   </div>
   <div class='ocr_carea' id='block_1_95' title="bbox 1091 1822 1887 1859">
    <p class='ocr_par' dir='ltr' id='par_1_95' title="bbox 1091 1822 1887 1859">
     <span class='ocr_line' id='line_1_95' title="bbox 1091 1822 1887 1859; baseline -0.005 -7"><span class='ocrx_word' id='word_1_676' title='bbox 1091 1825 1165 1852; x_wconf 87' lang='lat' dir='ltr'><strong>enim</strong></span> <span class='ocrx_word' id='word_1_677' title='bbox 1180 1829 1290 1859; x_wconf 86' lang='lat' dir='ltr'><strong>peccata</strong></span> <span class='ocrx_word' id='word_1_678' title='bbox 1308 1832 1323 1851; x_wconf 93' lang='lat' dir='ltr'><strong>a</strong></span> <span class='ocrx_word' id='word_1_679' title='bbox 1337 1824 1436 1859; x_wconf 88' lang='lat' dir='ltr'><strong>quibus</strong></span> <span class='ocrx_word' id='word_1_680' title='bbox 1447 1831 1559 1851; x_wconf 88' lang='lat' dir='ltr'><strong>necesse</strong></span> <span class='ocrx_word' id='word_1_681' title='bbox 1589 1823 1634 1855; x_wconf 86' lang='lat' dir='ltr'><strong>sit,</strong></span> <span class='ocrx_word' id='word_1_682' title='bbox 1650 1822 1801 1850; x_wconf 80' lang='lat' dir='ltr'><strong>secundum</strong></span> <span class='ocrx_word' id='word_1_683' title='bbox 1812 1822 1887 1856; x_wconf 85' lang='lat' dir='ltr'><strong>quod</strong></span> 
     </span>
    </p>
   </div>
   <div class='ocr_carea' id='block_1_96' title="bbox 1092 1868 1886 1905">
    <p class='ocr_par' dir='ltr' id='par_1_96' title="bbox 1092 1868 1886 1905">
     <span class='ocr_line' id='line_1_96' title="bbox 1092 1868 1886 1905; baseline -0.005 -8"><span class='ocrx_word' id='word_1_684' title='bbox 1092 1870 1263 1902; x_wconf 79' lang='lat' dir='ltr'><strong>aitJacobus,</strong></span> <span class='ocrx_word' id='word_1_685' title='bbox 1274 1870 1356 1897; x_wconf 86' lang='lat' dir='ltr'><strong>etiam</strong></span> <span class='ocrx_word' id='word_1_686' title='bbox 1367 1869 1541 1904; x_wconf 88' lang='lat' dir='ltr'><strong>hosquisunt</strong></span> <span class='ocrx_word' id='word_1_687' title='bbox 1554 1877 1587 1896; x_wconf 82' lang='lat' dir='ltr'><strong>ex</strong></span> <span class='ocrx_word' id='word_1_688' title='bbox 1600 1868 1726 1905; x_wconf 80' lang='lat' dir='ltr'><strong>gentibus</strong></span> <span class='ocrx_word' id='word_1_689' title='bbox 1738 1868 1886 1899; x_wconf 84' lang='lat' dir='ltr'><strong>abstinere,</strong></span> 
     </span>
    </p>
   </div>
   <div class='ocr_carea' id='block_1_97' title="bbox 1093 1913 1888 1950">
    <p class='ocr_par' dir='ltr' id='par_1_97' title="bbox 1093 1913 1888 1950">
     <span class='ocr_line' id='line_1_97' title="bbox 1093 1913 1888 1950; baseline -0.004 -7"><span class='ocrx_word' id='word_1_690' title='bbox 1093 1916 1119 1943; x_wconf 94' lang='lat' dir='ltr'><strong>id</strong></span> <span class='ocrx_word' id='word_1_691' title='bbox 1128 1920 1169 1943; x_wconf 91' lang='lat' dir='ltr'><strong>est</strong></span> <span class='ocrx_word' id='word_1_692' title='bbox 1183 1915 1350 1950; x_wconf 79' lang='lat' dir='ltr'><strong>idolothytis,</strong></span> <span class='ocrx_word' id='word_1_693' title='bbox 1361 1919 1389 1942; x_wconf 91' lang='lat' dir='ltr'><strong>et</strong></span> <span class='ocrx_word' id='word_1_694' title='bbox 1399 1915 1551 1947; x_wconf 84' lang='lat' dir='ltr'><strong>sull&#39;ocatis,</strong></span> <span class='ocrx_word' id='word_1_695' title='bbox 1572 1919 1599 1942; x_wconf 88' lang='lat' dir='ltr'><strong>et</strong></span> <span class='ocrx_word' id='word_1_696' title='bbox 1627 1914 1770 1950; x_wconf 77' lang='lat' dir='ltr'><strong>sanguine.</strong></span> <span class='ocrx_word' id='word_1_697' title='bbox 1785 1919 1812 1940; x_wconf 91' lang='lat' dir='ltr'><strong>et</strong></span> <span class='ocrx_word' id='word_1_698' title='bbox 1831 1913 1888 1940; x_wconf 73' lang='grc' dir='ltr'><strong>[υτ-</strong></span> 
     </span>
    </p>
   </div>
   <div class='ocr_carea' id='block_1_98' title="bbox 1094 1961 1888 1995">
    <p class='ocr_par' dir='ltr' id='par_1_98' title="bbox 1094 1961 1888 1995">
     <span class='ocr_line' id='line_1_98' title="bbox 1094 1961 1888 1995; baseline -0.004 -6"><span class='ocrx_word' id='word_1_699' title='bbox 1094 1961 1243 1989; x_wconf 90' lang='lat' dir='ltr'><strong>nicatione.</strong></span> <span class='ocrx_word' id='word_1_700' title='bbox 1260 1961 1289 1988; x_wconf 96' lang='lat' dir='ltr'><strong>ln</strong></span> <span class='ocrx_word' id='word_1_701' title='bbox 1305 1961 1349 1989; x_wconf 88' lang='lat' dir='ltr'><strong>his</strong></span> <span class='ocrx_word' id='word_1_702' title='bbox 1361 1961 1434 1989; x_wconf 90' lang='lat' dir='ltr'><strong>enim</strong></span> <span class='ocrx_word' id='word_1_703' title='bbox 1456 1961 1581 1988; x_wconf 86' lang='lat' dir='ltr'><strong>invenies</strong></span> <span class='ocrx_word' id='word_1_704' title='bbox 1610 1961 1752 1995; x_wconf 84' lang='lat' dir='ltr'><strong>sequentia</strong></span> <span class='ocrx_word' id='word_1_705' title='bbox 1780 1968 1888 1987; x_wconf 79' lang='lat' dir='ltr'><strong>connu-</strong></span> 
     </span>
    </p>
   </div>
   <div class='ocr_carea' id='block_1_99' title="bbox 1093 2007 1887 2043">
    <p class='ocr_par' dir='ltr' id='par_1_99' title="bbox 1093 2007 1887 2043">
     <span class='ocr_line' id='line_1_99' title="bbox 1093 2007 1887 2043; baseline -0.003 -9"><span class='ocrx_word' id='word_1_706' title='bbox 1093 2011 1206 2035; x_wconf 86' lang='lat' dir='ltr'><strong>merata.</strong></span> <span class='ocrx_word' id='word_1_707' title='bbox 1221 2007 1323 2035; x_wconf 89' lang='lat' dir='ltr'><strong>Deinde</strong></span> <span class='ocrx_word' id='word_1_708' title='bbox 1339 2007 1465 2042; x_wconf 90' lang='lat' dir='ltr'><strong>superius</strong></span> <span class='ocrx_word' id='word_1_709' title='bbox 1480 2007 1551 2043; x_wconf 88' lang='lat' dir='ltr'><strong>quod</strong></span> <span class='ocrx_word' id='word_1_710' title='bbox 1581 2011 1621 2034; x_wconf 91' lang='lat' dir='ltr'><strong>est</strong></span> <span class='ocrx_word' id='word_1_711' title='bbox 1635 2012 1777 2042; x_wconf 82' lang='lat' dir='ltr'><strong>peccatum</strong></span> <span class='ocrx_word' id='word_1_712' title='bbox 1789 2007 1887 2032; x_wconf 85' lang='lat' dir='ltr'><strong>unius-</strong></span> 
     </span>
    </p>
   </div>
   <div class='ocr_carea' id='block_1_100' title="bbox 1093 2052 1888 2088">
    <p class='ocr_par' dir='ltr' id='par_1_100' title="bbox 1093 2052 1888 2088">
     <span class='ocr_line' id='line_1_100' title="bbox 1093 2052 1888 2088; baseline -0.003 -8"><span class='ocrx_word' id='word_1_713' title='bbox 1093 2054 1225 2088; x_wconf 85' lang='lat' dir='ltr'><strong>cujusque</strong></span> <span class='ocrx_word' id='word_1_714' title='bbox 1237 2060 1284 2088; x_wconf 93' lang='lat' dir='ltr'><strong>per</strong></span> <span class='ocrx_word' id='word_1_715' title='bbox 1298 2053 1476 2087; x_wconf 89' lang='lat' dir='ltr'><strong>semetipsum</strong></span> <span class='ocrx_word' id='word_1_716' title='bbox 1496 2053 1693 2087; x_wconf 81' lang='lat' dir='ltr'><strong>delinquentis,</strong></span> <span class='ocrx_word' id='word_1_717' title='bbox 1709 2057 1737 2079; x_wconf 91' lang='lat' dir='ltr'><strong>et</strong></span> <span class='ocrx_word' id='word_1_718' title='bbox 1747 2052 1820 2087; x_wconf 87' lang='lat' dir='ltr'><strong>quod</strong></span> <span class='ocrx_word' id='word_1_719' title='bbox 1839 2060 1888 2087; x_wconf 87' lang='lat' dir='ltr'><strong>per</strong></span> 
     </span>
    </p>
   </div>
   <div class='ocr_carea' id='block_1_101' title="bbox 1093 2097 1887 2133">
    <p class='ocr_par' dir='ltr' id='par_1_101' title="bbox 1093 2097 1887 2133">
     <span class='ocr_line' id='line_1_101' title="bbox 1093 2097 1887 2133; baseline -0.003 -8"><span class='ocrx_word' id='word_1_720' title='bbox 1093 2106 1122 2125; x_wconf 88' lang='lat' dir='ltr'><strong>se</strong></span> <span class='ocrx_word' id='word_1_721' title='bbox 1137 2099 1196 2132; x_wconf 89' lang='lat' dir='ltr'><strong>quis</strong></span> <span class='ocrx_word' id='word_1_722' title='bbox 1212 2098 1307 2133; x_wconf 79' lang='lat' dir='ltr'><strong>gessit,</strong></span> <span class='ocrx_word' id='word_1_723' title='bbox 1319 2097 1486 2132; x_wconf 75' lang='lat' dir='ltr'><strong>designatur.</strong></span> <span class='ocrx_word' id='word_1_724' title='bbox 1501 2097 1550 2124; x_wconf 90' lang='lat' dir='ltr'><strong>Hic</strong></span> <span class='ocrx_word' id='word_1_725' title='bbox 1566 2101 1660 2124; x_wconf 90' lang='lat' dir='ltr'><strong>autem</strong></span> <span class='ocrx_word' id='word_1_726' title='bbox 1678 2105 1740 2124; x_wconf 88' lang='lat' dir='ltr'><strong>cum</strong></span> <span class='ocrx_word' id='word_1_727' title='bbox 1757 2097 1802 2132; x_wconf 90' lang='lat' dir='ltr'><strong>qui</strong></span> <span class='ocrx_word' id='word_1_728' title='bbox 1819 2097 1887 2124; x_wconf 86' lang='lat' dir='ltr'><strong>alie-</strong></span> 
     </span>
    </p>
   </div>
   <div class='ocr_carea' id='block_1_102' title="bbox 1093 2143 1885 2179">
    <p class='ocr_par' dir='ltr' id='par_1_102' title="bbox 1093 2143 1885 2179">
     <span class='ocr_line' id='line_1_102' title="bbox 1093 2143 1885 2179; baseline -0.003 -7"><span class='ocrx_word' id='word_1_729' title='bbox 1093 2145 1135 2172; x_wconf 90' lang='lat' dir='ltr'><strong>nis</strong></span> <span class='ocrx_word' id='word_1_730' title='bbox 1148 2144 1264 2179; x_wconf 84' lang='lat' dir='ltr'><strong>peccatis</strong></span> <span class='ocrx_word' id='word_1_731' title='bbox 1275 2143 1488 2171; x_wconf 85' lang='lat' dir='ltr'><strong>communicavit</strong></span> <span class='ocrx_word' id='word_1_732' title='bbox 1516 2144 1700 2176; x_wconf 88' lang='lat' dir='ltr'><strong>demonstrat,</strong></span> <span class='ocrx_word' id='word_1_733' title='bbox 1726 2143 1779 2170; x_wconf 87' lang='lat' dir='ltr'><strong>huc</strong></span> <span class='ocrx_word' id='word_1_734' title='bbox 1809 2143 1885 2170; x_wconf 84' lang='lat' dir='ltr'><strong>enim</strong></span> 
     </span>
    </p>
   </div>
   <div class='ocr_carea' id='block_1_103' title="bbox 1094 2188 1888 2223">
    <p class='ocr_par' dir='ltr' id='par_1_103' title="bbox 1094 2188 1888 2223">
     <span class='ocr_line' id='line_1_103' title="bbox 1094 2188 1888 2223; baseline -0.004 -6"><span class='ocrx_word' id='word_1_735' title='bbox 1094 2195 1180 2217; x_wconf 87' lang='lat' dir='ltr'><strong>tactus</strong></span> <span class='ocrx_word' id='word_1_736' title='bbox 1193 2189 1326 2216; x_wconf 85' lang='lat' dir='ltr'><strong>immundi</strong></span> <span class='ocrx_word' id='word_1_737' title='bbox 1344 2193 1371 2215; x_wconf 86' lang='lat' dir='ltr'><strong>et</strong></span> <span class='ocrx_word' id='word_1_738' title='bbox 1384 2188 1536 2219; x_wconf 84' lang='lat' dir='ltr'><strong>morticiui,</strong></span> <span class='ocrx_word' id='word_1_739' title='bbox 1567 2193 1594 2214; x_wconf 86' lang='lat' dir='ltr'><strong>et</strong></span> <span class='ocrx_word' id='word_1_740' title='bbox 1615 2196 1629 2214; x_wconf 83' lang='lat' dir='ltr'><strong>a</strong></span> <span class='ocrx_word' id='word_1_741' title='bbox 1646 2188 1741 2215; x_wconf 85' lang='lat' dir='ltr'><strong>bestiis</strong></span> <span class='ocrx_word' id='word_1_742' title='bbox 1754 2189 1826 2223; x_wconf 86' lang='lat' dir='ltr'><strong>capti</strong></span> <span class='ocrx_word' id='word_1_743' title='bbox 1843 2189 1888 2215; x_wconf 89' lang='lat' dir='ltr'><strong>in-</strong></span> 
     </span>
    </p>
   </div>
   <div class='ocr_carea' id='block_1_104' title="bbox 1093 2233 1887 2269">
    <p class='ocr_par' dir='ltr' id='par_1_104' title="bbox 1093 2233 1887 2269">
     <span class='ocr_line' id='line_1_104' title="bbox 1093 2233 1887 2269; baseline -0.001 -7"><span class='ocrx_word' id='word_1_744' title='bbox 1093 2236 1162 2266; x_wconf 81' lang='lat' dir='ltr'><strong>nuit,</strong></span> <span class='ocrx_word' id='word_1_745' title='bbox 1175 2243 1230 2261; x_wconf 90' lang='lat' dir='ltr'><strong>non</strong></span> <span class='ocrx_word' id='word_1_746' title='bbox 1242 2241 1290 2269; x_wconf 92' lang='lat' dir='ltr'><strong>per</strong></span> <span class='ocrx_word' id='word_1_747' title='bbox 1305 2234 1460 2269; x_wconf 74' lang='lat' dir='ltr'><strong>mnigniata,</strong></span> <span class='ocrx_word' id='word_1_748' title='bbox 1476 2233 1522 2260; x_wconf 82' lang='lat' dir='ltr'><strong>Sed</strong></span> <span class='ocrx_word' id='word_1_749' title='bbox 1535 2237 1629 2266; x_wconf 85' lang='lat' dir='ltr'><strong>aperte</strong></span> <span class='ocrx_word' id='word_1_750' title='bbox 1643 2240 1795 2268; x_wconf 74' lang='lat' dir='ltr'><strong>exponens.</strong></span> <span class='ocrx_word' id='word_1_751' title='bbox 1810 2235 1887 2268; x_wconf 82' lang='lat' dir='ltr'><strong>quod</strong></span> 
     </span>
    </p>
   </div>
   <div class='ocr_carea' id='block_1_105' title="bbox 1058 2279 1885 2316">
    <p class='ocr_par' dir='ltr' id='par_1_105' title="bbox 1058 2279 1885 2316">
     <span class='ocr_line' id='line_1_105' title="bbox 1058 2279 1885 2316; baseline -0.001 -8"><span class='ocrx_word' id='word_1_752' title='bbox 1058 2287 1078 2311; x_wconf 89' lang='grc' dir='ltr'>υ</span> <span class='ocrx_word' id='word_1_753' title='bbox 1093 2281 1200 2316; x_wconf 88' lang='lat' dir='ltr'><strong>quidam</strong></span> <span class='ocrx_word' id='word_1_754' title='bbox 1218 2280 1383 2314; x_wconf 86' lang='lat' dir='ltr'><strong>despiciunt,</strong></span> <span class='ocrx_word' id='word_1_755' title='bbox 1396 2279 1421 2306; x_wconf 89' lang='lat' dir='ltr'><strong>id</strong></span> <span class='ocrx_word' id='word_1_756' title='bbox 1432 2284 1483 2312; x_wconf 85' lang='lat' dir='ltr'><strong>est,</strong></span> <span class='ocrx_word' id='word_1_757' title='bbox 1505 2279 1619 2306; x_wconf 89' lang='lat' dir='ltr'><strong>alterius</strong></span> <span class='ocrx_word' id='word_1_758' title='bbox 1633 2280 1661 2306; x_wconf 91' lang='lat' dir='ltr'><strong>in</strong></span> <span class='ocrx_word' id='word_1_759' title='bbox 1675 2287 1797 2306; x_wconf 85' lang='lat' dir='ltr'><strong>errorem</strong></span> <span class='ocrx_word' id='word_1_760' title='bbox 1817 2281 1885 2307; x_wconf 47' lang='lat' dir='ltr'><strong>mit.</strong></span> 
     </span>
    </p>
   </div>
   <div class='ocr_carea' id='block_1_106' title="bbox 1092 2325 1888 2361">
    <p class='ocr_par' dir='ltr' id='par_1_106' title="bbox 1092 2325 1888 2361">
     <span class='ocr_line' id='line_1_106' title="bbox 1092 2325 1888 2361; baseline -0.001 -7"><span class='ocrx_word' id='word_1_761' title='bbox 1092 2327 1173 2354; x_wconf 58' lang='lat' dir='ltr'><strong>tentis</strong></span> <span class='ocrx_word' id='word_1_762' title='bbox 1185 2334 1238 2353; x_wconf 88' lang='lat' dir='ltr'><strong>non</strong></span> <span class='ocrx_word' id='word_1_763' title='bbox 1249 2333 1362 2361; x_wconf 80' lang='lat' dir='ltr'><strong>arguere</strong></span> <span class='ocrx_word' id='word_1_764' title='bbox 1393 2332 1525 2354; x_wconf 84' lang='lat' dir='ltr'><strong>errorem.</strong></span> <span class='ocrx_word' id='word_1_765' title='bbox 1551 2325 1599 2352; x_wconf 89' lang='lat' dir='ltr'><strong>sed</strong></span> <span class='ocrx_word' id='word_1_766' title='bbox 1623 2333 1789 2352; x_wconf 87' lang='lat' dir='ltr'><strong>consensum</strong></span> <span class='ocrx_word' id='word_1_767' title='bbox 1814 2334 1888 2361; x_wconf 79' lang='lat' dir='ltr'><strong>prae-</strong></span> 
     </span>
    </p>
   </div>
   <div class='ocr_carea' id='block_1_107' title="bbox 1090 2371 1887 2406">
    <p class='ocr_par' dir='ltr' id='par_1_107' title="bbox 1090 2371 1887 2406">
     <span class='ocr_line' id='line_1_107' title="bbox 1090 2371 1887 2406; baseline 0 -8"><span class='ocrx_word' id='word_1_768' title='bbox 1090 2372 1164 2399; x_wconf 84' lang='lat' dir='ltr'><strong>bcre.</strong></span> <span class='ocrx_word' id='word_1_769' title='bbox 1180 2371 1258 2398; x_wconf 89' lang='lat' dir='ltr'><strong>Nunc</strong></span> <span class='ocrx_word' id='word_1_770' title='bbox 1270 2379 1334 2406; x_wconf 79' lang='lat' dir='ltr'><strong>ergo</strong></span> <span class='ocrx_word' id='word_1_771' title='bbox 1349 2371 1542 2406; x_wconf 85' lang='lat' dir='ltr'><strong>ostenditquia</strong></span> <span class='ocrx_word' id='word_1_772' title='bbox 1553 2375 1580 2397; x_wconf 90' lang='lat' dir='ltr'><strong>et</strong></span> <span class='ocrx_word' id='word_1_773' title='bbox 1594 2371 1621 2398; x_wconf 95' lang='lat' dir='ltr'><strong>in</strong></span> <span class='ocrx_word' id='word_1_774' title='bbox 1638 2371 1691 2398; x_wconf 85' lang='lat' dir='ltr'><strong>hoc</strong></span> <span class='ocrx_word' id='word_1_775' title='bbox 1704 2371 1887 2402; x_wconf 86' lang='lat' dir='ltr'><strong>oblationem.</strong></span> 
     </span>
    </p>
   </div>
   <div class='ocr_carea' id='block_1_108' title="bbox 1091 2417 1888 2452">
    <p class='ocr_par' dir='ltr' id='par_1_108' title="bbox 1091 2417 1888 2452">
     <span class='ocr_line' id='line_1_108' title="bbox 1091 2417 1888 2452; baseline 0.001 -8"><span class='ocrx_word' id='word_1_776' title='bbox 1091 2425 1149 2444; x_wconf 89' lang='lat' dir='ltr'><strong>eam</strong></span> <span class='ocrx_word' id='word_1_777' title='bbox 1183 2417 1309 2445; x_wconf 85' lang='lat' dir='ltr'><strong>videlicet</strong></span> <span class='ocrx_word' id='word_1_778' title='bbox 1334 2425 1394 2451; x_wconf 67' lang='lat' dir='ltr'><strong>qure</strong></span> <span class='ocrx_word' id='word_1_779' title='bbox 1417 2417 1449 2444; x_wconf 88' lang='lat' dir='ltr'><strong>ad</strong></span> <span class='ocrx_word' id='word_1_780' title='bbox 1474 2417 1643 2452; x_wconf 53' lang='lat' dir='ltr'><strong>paenitentia:</strong></span> <span class='ocrx_word' id='word_1_781' title='bbox 1681 2417 1888 2445; x_wconf 75' lang='lat' dir='ltr'><strong>absolutionem</strong></span> 
     </span>
    </p>
   </div>
   <div class='ocr_carea' id='block_1_109' title="bbox 1091 2463 1591 2500">
    <p class='ocr_par' dir='ltr' id='par_1_109' title="bbox 1091 2463 1591 2500">
     <span class='ocr_line' id='line_1_109' title="bbox 1091 2463 1591 2500; baseline -0.002 -9"><span class='ocrx_word' id='word_1_782' title='bbox 1091 2463 1220 2500; x_wconf 83' lang='lat' dir='ltr'><strong>pertinet,</strong></span> <span class='ocrx_word' id='word_1_783' title='bbox 1233 2463 1414 2490; x_wconf 83' lang='lat' dir='ltr'><strong>necessariam</strong></span> <span class='ocrx_word' id='word_1_784' title='bbox 1427 2463 1591 2493; x_wconf 72' lang='lat' dir='ltr'><strong>habeamus.</strong></span> 
     </span>
    </p>
   </div>
   <div class='ocr_carea' id='block_1_110' title="bbox 1125 2509 1889 2547">
    <p class='ocr_par' dir='ltr' id='par_1_110' title="bbox 1125 2509 1889 2547">
     <span class='ocr_line' id='line_1_110' title="bbox 1125 2509 1889 2547; baseline 0.001 -10"><span class='ocrx_word' id='word_1_785' title='bbox 1125 2509 1154 2537; x_wconf 85' lang='lat' dir='ltr'><strong>Si</strong></span> <span class='ocrx_word' id='word_1_786' title='bbox 1169 2510 1313 2545; x_wconf 79' lang='lat' dir='ltr'><strong>peccaverit</strong></span> <span class='ocrx_word' id='word_1_787' title='bbox 1335 2511 1438 2538; x_wconf 79' lang='lat' dir='ltr'><strong>anima.</strong></span> <span class='ocrx_word' id='word_1_788' title='bbox 1456 2515 1480 2537; x_wconf 81' lang='lat' dir='ltr'><strong>et</strong></span> <span class='ocrx_word' id='word_1_789' title='bbox 1509 2510 1627 2538; x_wconf 80' lang='lat' dir='ltr'><strong>audierit</strong></span> <span class='ocrx_word' id='word_1_790' title='bbox 1656 2519 1744 2538; x_wconf 78' lang='lat' dir='ltr'><strong>vocem</strong></span> <span class='ocrx_word' id='word_1_791' title='bbox 1755 2511 1889 2547; x_wconf 76' lang='lat' dir='ltr'><strong>jurantis,</strong></span> 
     </span>
    </p>
   </div>
   <div class='ocr_carea' id='block_1_111' title="bbox 1093 2555 1886 2591">
    <p class='ocr_par' dir='ltr' id='par_1_111' title="bbox 1093 2555 1886 2591">
     <span class='ocr_line' id='line_1_111' title="bbox 1093 2555 1886 2591; baseline 0.001 -9"><span class='ocrx_word' id='word_1_792' title='bbox 1093 2556 1214 2591; x_wconf 80' lang='lat' dir='ltr'><strong>testisque</strong></span> <span class='ocrx_word' id='word_1_793' title='bbox 1225 2555 1392 2590; x_wconf 78' lang='lat' dir='ltr'><strong>fuerit,quod</strong></span> <span class='ocrx_word' id='word_1_794' title='bbox 1407 2560 1453 2582; x_wconf 83' lang='lat' dir='ltr'><strong>aut</strong></span> <span class='ocrx_word' id='word_1_795' title='bbox 1470 2555 1525 2590; x_wconf 79' lang='lat' dir='ltr'><strong>ipse</strong></span> <span class='ocrx_word' id='word_1_796' title='bbox 1545 2555 1620 2588; x_wconf 76' lang='lat' dir='ltr'><strong>vidit,</strong></span> <span class='ocrx_word' id='word_1_797' title='bbox 1640 2561 1685 2582; x_wconf 85' lang='lat' dir='ltr'><strong>aut</strong></span> <span class='ocrx_word' id='word_1_798' title='bbox 1711 2557 1832 2583; x_wconf 74' lang='lat' dir='ltr'><strong>conscius</strong></span> <span class='ocrx_word' id='word_1_799' title='bbox 1840 2558 1886 2589; x_wconf 81' lang='lat' dir='ltr'><strong>sit,</strong></span> 
     </span>
    </p>
   </div>
   <div class='ocr_carea' id='block_1_112' title="bbox 1093 2602 1891 2639">
    <p class='ocr_par' dir='ltr' id='par_1_112' title="bbox 1093 2602 1891 2639">
     <span class='ocr_line' id='line_1_112' title="bbox 1093 2602 1891 2639; baseline 0.001 -10"><span class='ocrx_word' id='word_1_800' title='bbox 1093 2602 1119 2629; x_wconf 83' lang='lat' dir='ltr'><strong>id</strong></span> <span class='ocrx_word' id='word_1_801' title='bbox 1128 2607 1176 2635; x_wconf 71' lang='lat' dir='ltr'><strong>est,</strong></span> <span class='ocrx_word' id='word_1_802' title='bbox 1194 2602 1218 2629; x_wconf 80' lang='lat' dir='ltr'><strong>si</strong></span> <span class='ocrx_word' id='word_1_803' title='bbox 1228 2602 1318 2637; x_wconf 82' lang='lat' dir='ltr'><strong>aliqua</strong></span> <span class='ocrx_word' id='word_1_804' title='bbox 1335 2602 1434 2636; x_wconf 74' lang='lat' dir='ltr'><strong>furtum</strong></span> <span class='ocrx_word' id='word_1_805' title='bbox 1448 2608 1495 2628; x_wconf 84' lang='lat' dir='ltr'><strong>aut</strong></span> <span class='ocrx_word' id='word_1_806' title='bbox 1522 2602 1611 2629; x_wconf 80' lang='lat' dir='ltr'><strong>dolum</strong></span> <span class='ocrx_word' id='word_1_807' title='bbox 1622 2603 1744 2638; x_wconf 73' lang='lat' dir='ltr'><strong>faciente,</strong></span> <span class='ocrx_word' id='word_1_808' title='bbox 1761 2608 1785 2629; x_wconf 81' lang='lat' dir='ltr'><strong>et</strong></span> <span class='ocrx_word' id='word_1_809' title='bbox 1797 2603 1891 2639; x_wconf 71' lang='lat' dir='ltr'><strong>jusju-</strong></span> 
     </span>
    </p>
   </div>
   <div class='ocr_carea' id='block_1_113' title="bbox 1092 2648 1891 2686">
    <p class='ocr_par' dir='ltr' id='par_1_113' title="bbox 1092 2648 1891 2686">
     <span class='ocr_line' id='line_1_113' title="bbox 1092 2648 1891 2686; baseline 0.004 -12"><span class='ocrx_word' id='word_1_810' title='bbox 1092 2648 1205 2675; x_wconf 83' lang='lat' dir='ltr'><strong>randum</strong></span> <span class='ocrx_word' id='word_1_811' title='bbox 1219 2656 1266 2682; x_wconf 89' lang='lat' dir='ltr'><strong>pro</strong></span> <span class='ocrx_word' id='word_1_812' title='bbox 1281 2649 1318 2675; x_wconf 73' lang='lat' dir='ltr'><strong>eis</strong></span> <span class='ocrx_word' id='word_1_813' title='bbox 1331 2649 1421 2681; x_wconf 80' lang='lat' dir='ltr'><strong>dante,</strong></span> <span class='ocrx_word' id='word_1_814' title='bbox 1436 2650 1524 2675; x_wconf 78' lang='lat' dir='ltr'><strong>videns</strong></span> <span class='ocrx_word' id='word_1_815' title='bbox 1537 2649 1634 2684; x_wconf 71' lang='lat' dir='ltr'><strong>aliquis</strong></span> <span class='ocrx_word' id='word_1_816' title='bbox 1647 2650 1748 2686; x_wconf 74' lang='lat' dir='ltr'><strong>furtum</strong></span> <span class='ocrx_word' id='word_1_817' title='bbox 1765 2656 1812 2677; x_wconf 82' lang='lat' dir='ltr'><strong>aut</strong></span> <span class='ocrx_word' id='word_1_818' title='bbox 1841 2651 1891 2677; x_wconf 88' lang='lat' dir='ltr'><strong>do-</strong></span> 
     </span>
    </p>
   </div>
   <div class='ocr_carea' id='block_1_114' title="bbox 1093 2693 1885 2730">
    <p class='ocr_par' dir='ltr' id='par_1_114' title="bbox 1093 2693 1885 2730">
     <span class='ocr_line' id='line_1_114' title="bbox 1093 2693 1885 2730; baseline 0.001 -11"><span class='ocrx_word' id='word_1_819' title='bbox 1093 2693 1146 2719; x_wconf 82' lang='lat' dir='ltr'><strong>lum</strong></span> <span class='ocrx_word' id='word_1_820' title='bbox 1161 2701 1236 2728; x_wconf 82' lang='lat' dir='ltr'><strong>quem</strong></span> <span class='ocrx_word' id='word_1_821' title='bbox 1248 2693 1320 2728; x_wconf 79' lang='lat' dir='ltr'><strong>fecit,</strong></span> <span class='ocrx_word' id='word_1_822' title='bbox 1350 2693 1390 2720; x_wconf 75' lang='lat' dir='ltr'><strong>vel</strong></span> <span class='ocrx_word' id='word_1_823' title='bbox 1408 2693 1488 2719; x_wconf 86' lang='lat' dir='ltr'><strong>aliter</strong></span> <span class='ocrx_word' id='word_1_824' title='bbox 1502 2695 1618 2721; x_wconf 76' lang='lat' dir='ltr'><strong>conscius</strong></span> <span class='ocrx_word' id='word_1_825' title='bbox 1634 2694 1703 2729; x_wconf 67' lang='lat' dir='ltr'><strong>quod</strong></span> <span class='ocrx_word' id='word_1_826' title='bbox 1718 2694 1785 2730; x_wconf 77' lang='lat' dir='ltr'><strong>false</strong></span> <span class='ocrx_word' id='word_1_827' title='bbox 1797 2695 1885 2729; x_wconf 81' lang='lat' dir='ltr'><strong>juret,</strong></span> 
     </span>
    </p>
   </div>
   <div class='ocr_carea' id='block_1_115' title="bbox 1093 2738 1888 2775">
    <p class='ocr_par' dir='ltr' id='par_1_115' title="bbox 1093 2738 1888 2775">
     <span class='ocr_line' id='line_1_115' title="bbox 1093 2738 1888 2775; baseline 0.004 -11"><span class='ocrx_word' id='word_1_828' title='bbox 1093 2747 1142 2764; x_wconf 81' lang='lat' dir='ltr'><strong>non</strong></span> <span class='ocrx_word' id='word_1_829' title='bbox 1155 2739 1308 2772; x_wconf 81' lang='lat' dir='ltr'><strong>prodiderit,</strong></span> <span class='ocrx_word' id='word_1_830' title='bbox 1320 2738 1435 2773; x_wconf 83' lang='lat' dir='ltr'><strong>portabit</strong></span> <span class='ocrx_word' id='word_1_831' title='bbox 1457 2739 1635 2775; x_wconf 82' lang='lat' dir='ltr'><strong>iniquitatem.</strong></span> <span class='ocrx_word' id='word_1_832' title='bbox 1652 2739 1686 2766; x_wconf 84' lang='lat' dir='ltr'><strong>Et</strong></span> <span class='ocrx_word' id='word_1_833' title='bbox 1714 2745 1797 2770; x_wconf 80' lang='lat' dir='ltr'><strong>recte.</strong></span> <span class='ocrx_word' id='word_1_834' title='bbox 1820 2739 1888 2767; x_wconf 80' lang='lat' dir='ltr'><strong>Nam</strong></span> 
     </span>
    </p>
   </div>
   <div class='ocr_carea' id='block_1_116' title="bbox 1094 2785 1889 2822">
    <p class='ocr_par' dir='ltr' id='par_1_116' title="bbox 1094 2785 1889 2822">
     <span class='ocr_line' id='line_1_116' title="bbox 1094 2785 1889 2822; baseline 0.006 -12"><span class='ocrx_word' id='word_1_835' title='bbox 1094 2785 1137 2811; x_wconf 83' lang='lat' dir='ltr'><strong>cui</strong></span> <span class='ocrx_word' id='word_1_836' title='bbox 1150 2785 1226 2811; x_wconf 89' lang='lat' dir='ltr'><strong>licuit</strong></span> <span class='ocrx_word' id='word_1_837' title='bbox 1239 2793 1353 2820; x_wconf 84' lang='lat' dir='ltr'><strong>arguere</strong></span> <span class='ocrx_word' id='word_1_838' title='bbox 1370 2791 1521 2819; x_wconf 86' lang='lat' dir='ltr'><strong>peccatum,</strong></span> <span class='ocrx_word' id='word_1_839' title='bbox 1538 2791 1565 2814; x_wconf 86' lang='lat' dir='ltr'><strong>et</strong></span> <span class='ocrx_word' id='word_1_840' title='bbox 1589 2786 1665 2818; x_wconf 64' lang='lat' dir='ltr'><strong>texit,</strong></span> <span class='ocrx_word' id='word_1_841' title='bbox 1698 2787 1808 2822; x_wconf 84' lang='lat' dir='ltr'><strong>adjutor</strong></span> <span class='ocrx_word' id='word_1_842' title='bbox 1829 2788 1889 2822; x_wconf 80' lang='lat' dir='ltr'><strong>ejus</strong></span> 
     </span>
    </p>
   </div>
   <div class='ocr_carea' id='block_1_117' title="bbox 1097 2830 1885 2866">
    <p class='ocr_par' dir='ltr' id='par_1_117' title="bbox 1097 2830 1885 2866">
     <span class='ocr_line' id='line_1_117' title="bbox 1097 2830 1885 2866; baseline 0.006 -10"><span class='ocrx_word' id='word_1_843' title='bbox 1097 2830 1190 2865; x_wconf 86' lang='lat' dir='ltr'><strong>procul</strong></span> <span class='ocrx_word' id='word_1_844' title='bbox 1202 2830 1284 2858; x_wconf 89' lang='lat' dir='ltr'><strong>dubio</strong></span> <span class='ocrx_word' id='word_1_845' title='bbox 1300 2830 1388 2858; x_wconf 78' lang='lat' dir='ltr'><strong>factus</strong></span> <span class='ocrx_word' id='word_1_846' title='bbox 1402 2836 1453 2859; x_wconf 73' lang='lat' dir='ltr'><strong>est.</strong></span> <span class='ocrx_word' id='word_1_847' title='bbox 1473 2831 1524 2865; x_wconf 84' lang='lat' dir='ltr'><strong>Qui</strong></span> <span class='ocrx_word' id='word_1_848' title='bbox 1549 2841 1613 2859; x_wconf 86' lang='lat' dir='ltr'><strong>vero</strong></span> <span class='ocrx_word' id='word_1_849' title='bbox 1625 2833 1772 2861; x_wconf 83' lang='lat' dir='ltr'><strong>auxiliatus</strong></span> <span class='ocrx_word' id='word_1_850' title='bbox 1786 2839 1839 2866; x_wconf 87' lang='lat' dir='ltr'><strong>cst,</strong></span> <span class='ocrx_word' id='word_1_851' title='bbox 1858 2834 1885 2861; x_wconf 93' lang='lat' dir='ltr'><strong>in</strong></span> 
     </span>
    </p>
   </div>
   <div class='ocr_carea' id='block_1_118' title="bbox 1098 2872 1888 2914">
    <p class='ocr_par' dir='ltr' id='par_1_118' title="bbox 1098 2872 1888 2914">
     <span class='ocr_line' id='line_1_118' title="bbox 1098 2872 1888 2914; baseline 0.006 -11"><span class='ocrx_word' id='word_1_852' title='bbox 1098 2872 1277 2912; x_wconf 71' lang='lat' dir='ltr'><strong>Semetipsum</strong></span> <span class='ocrx_word' id='word_1_853' title='bbox 1307 2882 1450 2914; x_wconf 75' lang='lat' dir='ltr'><strong>peccatum</strong></span> <span class='ocrx_word' id='word_1_854' title='bbox 1477 2878 1567 2907; x_wconf 78' lang='lat' dir='ltr'><strong>traxit.</strong></span> <span class='ocrx_word' id='word_1_855' title='bbox 1593 2879 1651 2907; x_wconf 69' lang='lat' dir='ltr'><strong>Non</strong></span> <span class='ocrx_word' id='word_1_856' title='bbox 1684 2880 1771 2908; x_wconf 88' lang='lat' dir='ltr'><strong>solum</strong></span> <span class='ocrx_word' id='word_1_857' title='bbox 1796 2886 1888 2908; x_wconf 79' lang='lat' dir='ltr'><strong>autem</strong></span> 
     </span>
    </p>
   </div>
  </div>
