2052 3150
153 189 205 222 833

740 171 780 219 In
799 189 1019 220 LEVITICUM.
1041 201 1072 207 -
1094 190 1168 220 LIB.
1189 187 1215 220 1.

1741 193 1792 225 Sili,

156 244 280 279 praedicti
293 245 397 280 peccati
429 239 632 272 immunditiam
657 243 811 270 evitandam
838 243 952 279 putavit,
973 250 989 274 Α
1006 243 1208 271 conniventiam
1225 243 1337 278 praebet,
1359 246 1401 272 vel
1432 245 1458 272 in
1486 229 1530 273 eo.
1545 247 1616 281 quod
1635 248 1742 283 placent
1756 255 1794 277 ta-

157 291 243 318 sedet
256 290 280 318 si
295 291 356 326 quis
371 291 490 325 tetigerit
519 299 628 318 omnem
645 298 702 318 rem
715 290 893 322 immundatn,
906 294 953 317 aut

157 335 346 368 morticinatn,
363 340 410 363 aut
425 343 440 362 a
457 336 553 363 bestiis
576 339 696 370 captam,
727 343 782 362 non
816 336 950 370 corporis,

155 382 202 410 sed
219 382 260 408 rei
274 381 431 409 immundas
445 382 569 409 actiones
583 381 729 408 ostendere
746 381 871 416 cupiens,
900 388 952 408 nec

156 428 215 454 illas
229 427 421 454 immunditias
445 435 514 462 quas
533 426 690 454 Judaaorum
714 434 782 462 gens
802 426 950 453 existimat.

155 472 221 506 Quae
240 473 297 500 sint
313 476 404 499 autem
433 473 559 500 actiones
592 480 706 507 quarttm
736 471 951 498 communicatio

155 519 229 546 sicut
245 518 450 546 immundarutn
466 518 594 545 evitanda
607 523 660 550 est,
673 517 799 544 Salvator
813 517 951 552 apostolos

154 564 259 596 docuit,
281 564 397 592 dicens:
427 564 517 591 Adhuc
531 569 554 591 et
573 572 617 591 vos
639 564 696 590 sine
723 563 856 590 intellectu
869 563 953 589 estis?

153 609 268 637 Nescitis
283 611 346 645 quia
362 618 438 637 autne
452 611 520 645 quod
549 610 696 646 ingreditur
717 610 745 636 in
773 617 812 641 0s,
840 609 868 635 in
890 617 952 635 uen-

155 660 224 682 trem
241 656 326 688 vadit,
343 659 366 682 et
383 656 409 682 in
435 663 564 681 secessum
593 655 723 682 emittitur
740 662 749 681 :
777 661 835 689 qua:
863 658 951 680 autem

153 701 329 737 egrediuntur
343 701 374 727 de
387 709 441 732 ore,
456 701 486 727 de
498 700 574 727 corde
590 704 684 727 exeunt
697 720 704 731 ,
740 704 764 726 et
785 699 840 726 hwe
865 699 952 734 inqui-

106 756 109 758 ‘
153 752 220 774 nant
238 746 393 773 hominem?
409 746 512 773 Etenim
527 747 558 772 de
586 745 662 772 corde
674 750 767 772 exeunt
779 745 951 780 cogitationes

152 792 245 823 multa,
260 792 414 825 homicidio,
430 791 577 823 adulteria,
594 791 664 827 falso
689 792 850 821 testimonia,
867 792 949 826 furta,

152 838 330 874 blasphemiae.
350 837 412 865 Ηωε
423 843 483 864 sunt
506 845 564 872 quo:
579 832 747 872 coibquiuant
759 836 949 871 hominem)”.

156 885 275 920 Propter
290 885 362 919 quod
378 884 564 912 etimmundae
591 892 646 917 res,
676 888 770 918 utpote
796 883 950 918 polluentcs

151 937 201 956 eos
214 938 232 956 a
251 929 352 964 quibus
365 933 521 964 tanguntur,
540 929 566 956 id
583 932 624 955 cst
634 936 682 955 eos
690 928 948 963 quiconununicant
967 921 985 948 Β

152 977 234 1007 eis,a
255 975 411 1010 legislature
440 974 585 1001 intellecta:
616 978 680 1001 sunt
715 973 874 1000 tttorticinzc.
900 973 948 1001 llis

152 1021 249 1048 similis
260 1021 343 1048 estin
363 1020 511 1055 polluendo
540 1019 623 1046 homo
656 1019 701 1054 qui
727 1027 774 1054 per
805 1023 947 1054 peccatum

152 1073 278 1095 mortttus
292 1071 344 1100 est,
358 1067 391 1094 de
405 1067 532 1101 qualibus
549 1066 681 1093 Dominus
700 1065 809 1093 dicebat
821 1074 828 1091 ε
840 1066 948 1092 Dimitte

152 1117 268 1139 mortuos
283 1112 390 1145 sepelire
402 1115 519 1138 mortuos
530 1118 589 1137 suos
608 1110 641 1138 ³⁸.
658 1109 680 1136 Α
695 1109 789 1137 bestiis
799 1112 888 1136 autem
900 1116 947 1136 ca-

153 1163 215 1193 ptus
229 1162 281 1190 est,
296 1158 354 1193 qui.
364 1161 494 1192 operante
511 1157 538 1183 itt
554 1164 588 1183 eo
601 1156 719 1187 diabolo,
737 1159 842 1183 tractus
852 1159 894 1182 est
912 1155 947 1182 ad

152 1205 270 1238 aliquanti
288 1203 424 1230 actionem
438 1203 549 1232 malam,
574 1201 805 1237 quemadmodum
817 1200 900 1228 ludas
912 1200 945 1227 ad

153 1248 316 1277 tradendum
333 1248 489 1280 Dominum,
507 1248 542 1275 de
571 1256 626 1282 quo
640 1247 761 1274 Joannes
780 1247 946 1282 evangelista

152 1299 190 1322 ait
211 1304 218 1322 :
236 1294 270 1321 Et
284 1296 356 1330 facta
368 1303 451 1326 caena,
483 1295 641 1321 imntittente
656 1293 761 1321 diabolo
778 1294 805 1320 in
817 1302 861 1320 cor
877 1293 945 1328 ejus,

153 1347 181 1368 ut
198 1342 314 1369 traderet
327 1350 386 1368 eum
404 1341 486 1368 Iudae
514 1340 631 1368 Simonis
656 1341 851 1368 Iseoriotte’“.
876 1340 945 1373 Quia

155 1392 249 1414 autem
261 1388 291 1414 in
301 1386 371 1414 LXX
387 1386 574 1418 translatione,
593 1394 649 1413 non
675 1386 745 1413 dixit
758 1384 917 1420 simpliciter
930 1392 944 1412 a

151 1433 238 1460 bestia
253 1437 374 1468 captum,
392 1433 440 1459 sed
458 1431 572 1464 addidit,
600 1430 785 1461 immundum,
806 1430 852 1465 qui
868 1434 910 1457 est
929 1437 945 1456 a

152 1478 240 1504 bestia
256 1482 363 1511 captus,
381 1481 460 1511 putas
474 1484 529 1503 non
552 1479 595 1503 est
608 1475 767 1502 omnimodo
782 1479 811 1502 et
824 1475 944 1502 immun-

150 1525 221 1552 dus?
237 1523 270 1551 Et
286 1524 404 1551 dicimus
421 1533 427 1550 :
445 1523 633 1558 Nequaquam.
660 1522 753 1557 Neque
768 1522 840 1549 enim
857 1521 945 1548 omttis

150 1571 197 1606 qui
213 1579 229 1598 a
246 1571 332 1597 bestia
343 1570 458 1605 capitur,
473 1570 530 1605 jatn
560 1569 718 1597 omnimodo
733 1569 768 1596 ab
786 1576 818 1595 ca
833 1572 861 1595 et
875 1567 946 1595 occi-

150 1618 234 1644 ditur.
250 1617 376 1644 Forsitan
392 1617 465 1644 enim
480 1621 506 1644 et
522 1621 665 1652 postquam
680 1615 786 1650 capitur
803 1615 944 1646 liberatur,

151 1664 224 1691 sicut
239 1663 336 1690 Petrus
352 1672 359 1690 :
375 1663 470 1690 incidit
489 1663 563 1690 enim
593 1663 620 1689 itt
638 1661 739 1689 diaboli
752 1661 857 1696 laqueo,
877 1666 947 1688 tem-

151 1717 218 1743 pore
238 1709 403 1745 negationis.
419 1708 472 1736 Sed
487 1712 514 1736 et
547 1708 714 1744 resipiscens
729 1708 826 1740 evasit,
839 1712 867 1735 et
882 1707 948 1735 dicit

156 1764 219 1783 cum
233 1755 339 1792 David;
360 1755 455 1781 Animo
470 1763 528 1782 mea
557 1754 624 1782 sicut
646 1762 736 1789 passer
756 1757 844 1788 erepta
860 1757 896 1780 est
916 1753 947 1779 de

152 1801 245 1837 laqueo
258 1801 413 1828 venantium
423 1801 456 1827 ’7.
475 1801 524 1828 Hic
536 1808 602 1836 ergo
631 1800 789 1828 immundus
813 1807 869 1826 nott
883 1803 924 1826 est
937 1806 946 1831 ;

151 1846 338 1880 sedqunadatn
353 1844 524 1875 diderentize,
554 1845 580 1871 id
601 1848 652 1876 est,
682 1844 833 1871 secundum
864 1842 945 1875 LXX,

152 1891 361 1918 morticinorunt
379 1890 474 1925 posita;
487 1894 561 1917 sunt.
577 1889 615 1916 De
632 1889 732 1924 quibus
748 1888 947 1924 quzedamdixit

152 1944 214 1964 esse
227 1944 337 1971 pecora,
356 1937 479 1972 quaedam
494 1943 559 1962 vero
573 1935 803 1963 abominationes.
823 1934 945 1962 Mortici—

154 1991 218 2010 num
232 1987 325 2010 autent
336 1990 430 2017 pecus,
448 1987 491 2009 cst
507 1982 589 2009 homo
620 1989 668 2016 per
681 1981 865 2016 insipientiam
881 1987 946 2015 pec—

151 2037 228 2060 cans,
245 2034 273 2056 et
286 2029 421 2064 pecudum
438 2033 533 2056 contra
548 2028 634 2063 legem
653 2028 736 2054 vitam
753 2027 867 2058 ducens,
878 2033 946 2060 qua-

151 2077 224 2102 libus
238 2076 277 2102 ait
288 2075 372 2102 David
386 2083 392 2100 :
411 2075 498 2102 Nolite
507 2075 565 2109 fieri
577 2075 645 2101 sicut
661 2082 742 2110 equus
756 2078 780 2100 et
795 2073 892 2103 mulus.
918 2072 946 2099 in

151 2120 245 2153 quibus
259 2128 311 2146 non
325 2126 360 2147 est
375 2120 523 2146 intellectus
535 2120 558 2136 ’⁸
575 2129 581 2152 ς
597 2119 644 2147 sed
675 2119 756 2146 etiam
773 2119 806 2146 de
822 2118 947 2153 qualibus

151 2165 286 2193 Jcremias
303 2167 340 2193 ait
355 2174 361 2191 ε
375 2165 426 2198 Qui
440 2167 593 2193 admissarii
605 2167 669 2201 facti
684 2174 754 2198 sunt,
770 2166 946 2201 unusquisque

151 2221 244 2239 eorum
258 2215 294 2239 ad
310 2220 420 2239 uxorem
437 2212 550 2247 proximi
565 2213 606 2238 sui
629 2212 805 2238 hinnicbat”.
832 2211 945 2238 Abomi-

1005 289 1049 321 lia,
1068 289 1155 317 modis
1167 290 1296 317 omnibus
1323 291 1462 325 polluitur.
1478 291 1526 319 Hic
1538 300 1635 320 sensus
1663 302 1696 321 eo
1713 296 1794 323 modo

1004 335 1031 362 in
1067 335 1195 370 prtesenti
1232 343 1342 371 quoque
1379 338 1557 366 translatione
1574 339 1596 366 si
1625 340 1792 371 intendatur.

1003 386 1087 408 vcnlt.

1038 425 1090 453 Sed
1103 431 1126 453 et
1144 426 1168 453 si
1182 427 1293 462 tetigerit
1306 428 1442 460 quidpiam
1453 429 1485 455 de
1500 429 1667 457 immunditia
1682 432 1794 459 hominis

999 471 1079 505 juxta
1094 480 1196 499 omnem
1210 473 1393 507 impuritatem
1412 482 1462 509 qua
1484 474 1567 509 pollui
1581 475 1656 508 salut,
1675 477 1706 503 de
1722 478 1793 503 omni

1003 518 1133 544 munditia
1150 519 1206 553 ejus
1222 526 1404 554 quamcunque
1419 526 1527 554 tangens
1557 520 1672 554 pollutus
1702 522 1792 557 fuerit.

1002 562 1073 590 Dicit
1087 566 1178 590 autem
1209 564 1358 590 secundant
1380 563 1509 597 litteram,
1536 572 1583 592 eos
1612 566 1657 600 qui
1681 567 1794 594 seminis

1002 607 1103 635 fluxum
1116 609 1267 643 patiuntur,
1280 613 1309 636 et
1326 614 1520 642 mcnstruatas,
1532 614 1559 637 et
1572 611 1702 645 quosdam
1714 612 1792 646 alios,

1002 654 1035 681 de
1056 654 1156 689 quibus
1166 654 1292 682 subtilius
1307 655 1365 690 ipse
1385 655 1523 690 legislator
1536 656 1618 690 paulo
1635 661 1695 690 post
1713 657 1792 688 dicit,

1003 699 1030 726 in
1044 699 1143 734 quibus
1161 700 1258 727 borum
1275 700 1474 735 expositionem
1499 702 1700 729 reservavimus
1717 710 1722 727 :
1740 702 1794 729 hoc

1001 746 1172 773 solummodo
1196 754 1269 774 nunc
1288 754 1338 782 pro
1362 747 1621 774 commemoratione
1648 753 1793 783 ponentes,

1001 791 1073 825 quod
1090 799 1145 818 ιιοη
1158 792 1429 819 omnisimntunditia
1459 793 1580 820 hominis
1605 794 1701 828 polluit
1731 799 1792 821 tan-

999 842 1120 872 gentem,
1142 837 1257 871 ideoque
1268 837 1341 864 enim
1360 837 1429 864 dixit
1445 845 1451 863 ἒ
1466 838 1550 865 Juxta
1563 847 1666 866 omnem
1679 840 1792 875 impuri-

1001 888 1081 909 tatem
1096 891 1147 918 qua
1162 883 1244 917 pollui
1255 883 1331 915 solet,
1356 884 1507 911 secundum
1535 884 1605 911 LXX
1633 891 1724 913 autem
1760 887 1793 913 ab
1815 885 1818 895 '

1001 929 1072 955 omni
1083 929 1250 955 immunditia
1265 929 1332 963 ejus,
1350 937 1430 964 quam
1446 934 1554 965 tangens
1570 931 1685 965 pollutus
1701 933 1793 968 fuerit.

1001 973 1066 1007 Quae
1078 974 1133 1001 sint
1146 978 1237 1001 autem
1256 975 1297 1002 hae
1317 982 1379 1002 cum
1397 975 1430 1002 de
1459 975 1500 1003 eis
1522 976 1660 1012 legislator
1684 978 1792 1006 locutus

1001 1019 1092 1051 fuerit,
1109 1020 1232 1048 dicemus
1248 1029 1255 1048 :

1036 1066 1133 1092 Anima
1146 1066 1344 1101 quwjuraverit
1363 1071 1387 1093 et
1414 1067 1551 1101 protulerit
1576 1067 1653 1095 labiis
1675 1069 1740 1096 suis.
1762 1069 1789 1096 id

1000 1116 1042 1139 est
1058 1116 1150 1147 aperte
1162 1113 1335 1147 promittens,
1352 1113 1424 1148 quod
1438 1113 1509 1140 LXX
1532 1114 1638 1146 dicunt,
1662 1123 1791 1149 separaris

1000 1157 1092 1190 labris,
1110 1162 1140 1185 ut
1157 1158 1199 1185 vel
1215 1158 1284 1185 male
1305 1158 1370 1193 quid
1385 1158 1475 1186 facere
1495 1159 1586 1190 vellet,
1604 1159 1646 1186 vel
1662 1160 1740 1190 bene,
1763 1159 1789 1185 in

999 1204 1098 1238 quibus
1114 1208 1255 1239 peccatum
1269 1209 1321 1237 est,
1339 1205 1449 1238 quando
1474 1203 1498 1231 is
1512 1205 1559 1239 qui
1579 1205 1649 1232 bene
1665 1206 1791 1239 promisit

999 1249 1089 1278 facere
1105 1250 1248 1283 mentitur,
1261 1257 1307 1278 aut
1327 1250 1373 1286 qni
1394 1250 1464 1277 ntala
1491 1251 1611 1278 minatus
1623 1257 1673 1283 est,
1687 1251 1790 1278 verita-

1000 1299 1054 1323 tem
1070 1296 1146 1323 dicit.
1160 1295 1238 1329 Quod
1256 1300 1284 1323 ct
1303 1296 1425 1323 Herodes
1448 1303 1595 1331 perpessus
1609 1299 1661 1328 cst,
1679 1296 1725 1331 qui
1741 1305 1790 1332 pro

999 1349 1032 1368 eo
1045 1341 1116 1376 quod
1128 1342 1229 1376 juravit
1242 1341 1389 1369 licrodiadi
1400 1341 1532 1368 Joannem
1545 1341 1691 1376 Baptistam
1702 1335 1791 1377 capite

999 1387 1181 1418 detruncavit,
1200 1387 1337 1422 oblitaque
1348 1392 1442 1422 postea
1466 1387 1630 1415 intellexerit
1660 1388 1790 1416 delictum

998 1441 1088 1460 suum.
1101 1431 1197 1460 Omnia
1211 1433 1269 1460 hac
1288 1433 1415 1460 videlicet
1429 1441 1489 1468 quae
1505 1433 1578 1460 dicta
1599 1437 1674 1465 sunt,
1703 1441 1790 1461 unus-

998 1479 1113 1514 quisque
1125 1487 1186 1506 cum
1202 1479 1319 1506 senserit
1332 1484 1358 1506 et
1370 1479 1541 1515 cognoverit,
1556 1479 1790 1514 conﬁtcaturpec-

998 1530 1089 1553 catttut
1102 1526 1173 1560 quod
1190 1525 1265 1557 fecit,
1284 1529 1312 1552 et
1326 1525 1529 1561 oderatagnatn
1546 1525 1579 1552 dc
1592 1526 1719 1561 gregibus
1734 1526 1790 1553 sive

999 1579 1120 1606 capram,
1138 1571 1201 1605 quia
1215 1571 1248 1598 de
1262 1570 1355 1606 aliquo
1367 1571 1413 1606 qui
1425 1571 1458 1599 dc
1482 1571 1582 1606 populo
1597 1576 1649 1604 est,
1664 1572 1791 1600 videlicet

999 1618 1033 1646 de
1045 1617 1125 1653 vulgo
1138 1617 1261 1652 loquitur
1271 1618 1322 1644 hoc
1336 1617 1405 1649 loco,
1430 1617 1501 1644 ittter
1515 1625 1583 1652 quos
1594 1618 1724 1652 possibile
1749 1623 1791 1646 est

998 1663 1147 1698 simplicem
1160 1663 1316 1699 quempiam
1338 1662 1457 1690 inveniri
1473 1670 1568 1698 agnam
1596 1663 1630 1690 de
1653 1663 1790 1699 gregibus.

999 1713 1094 1744 utpote
1120 1714 1212 1744 aptam
1240 1707 1367 1743 simplici,
1403 1708 1632 1743 quemadmodum
1664 1708 1791 1743 superius

998 1755 1116 1782 diximus
1132 1754 1158 1781 in
1172 1754 1234 1785 hoc,
1250 1753 1284 1781 de
1300 1761 1355 1788 quo
1369 1761 1445 1780 nunc
1459 1760 1551 1780 sermo
1575 1758 1627 1787 est,
1654 1753 1791 1781 sacriﬁcio

997 1800 1055 1827 sive
1081 1799 1243 1834 poenitentia
1286 1803 1361 1826 recte
1397 1798 1551 1826 custodivit
1573 1798 1679 1832 oﬂcrri,
1707 1798 1789 1826 ﬁnem

998 1845 1141 1880 adjiciens.

1035 1890 1178 1926 Orabitque
1193 1898 1241 1924 pro
1257 1897 1287 1916 eo
1297 1889 1430 1921 sacerdos,
1460 1893 1485 1916 et
1518 1897 1565 1923 pro
1591 1893 1697 1923 peccato
1722 1889 1788 1923 ejus.

998 1936 1144 1963 (lottsuetis
1158 1935 1244 1962 utitur
1260 1935 1360 1966 verbis,
1389 1934 1415 1960 itt
1431 1934 1591 1961 memoriam
1607 1938 1726 1960 ttostrattt
1746 1942 1790 1959 re-

998 1989 1100 2008 vocans
1124 1989 1154 2007 ea
1167 1989 1227 2015 qure
1250 1979 1376 2015 superius
1393 1980 1420 2006 itt
1440 1979 1632 2014 deprecatione
1649 1987 1696 2013 pro
1729 1987 1790 2013 pec-

998 2026 1066 2053 catis
1082 2026 1210 2061 prreccpit
1227 2026 1329 2061 peragi.
1352 2033 1422 2060 qu:e_
1445 2025 1543 2052 iterum
1556 2025 1658 2055 dicere,
1695 2029 1788 2059 utpote

999 2071 1082 2098 semel
1101 2071 1181 2103 dicta,
1194 2070 1379 2097 necessarium
1390 2078 1443 2097 non
1456 2070 1598 2097 habemus.
1613 2070 1789 2097 Solutnntodo

999 2116 1155 2143 antcmltoc
1166 2115 1337 2150 adjiciamus,
1356 2119 1386 2142 ut
1400 2114 1421 2142 si
1450 2114 1509 2150 quid
1534 2115 1630 2142 borum
1663 2115 1790 2150 princeps

998 2162 1163 2198 peccaverit,
1183 2161 1287 2188 bircutn
1303 2161 1337 2188 de
1348 2161 1437 2195 capris
1446 2161 1553 2193 oll‘erat,
1567 2161 1732 2189 oblationem
1739 2162 1789 2189 sibi

1000 2209 1108 2244 dignam
1125 2213 1151 2235 et
1168 2207 1369 2242 paenitentiam.
1384 2206 1436 2234 Per
1452 2207 1502 2234 hoc
1515 2208 1587 2234 cnim
1604 2208 1675 2243 quod
1697 2209 1789 2235 multi-

153 2261 284 2286 nationes
295 2263 386 2286 autent
407 2259 564 2290 immundae,
581 2258 664 2285 veluti
678 2266 770 2289 canes,
795 2261 823 2284 et
848 2257 944 2288 simiae,
964 2271 986 2299 D
1002 2255 1135 2287 tudinem,
1154 2254 1222 2280 etin
1236 2254 1279 2280 bis
1292 2253 1324 2280 dc
1337 2253 1436 2288 quibus
1451 2261 1524 2280 nunc
1537 2254 1614 2286 dixit,
1631 2255 1655 2281 id
1675 2259 1718 2281 est
1746 2263 1790 2281 sa,

153 2311 182 2332 ιιι
200 2313 373 2340 quaecunque
385 2305 447 2332 talia
460 2309 534 2336 sunt,
566 2305 599 2331 de
626 2304 788 2331 animalibus
812 2303 948 2338 appellan-

152 2355 209 2380 tur,
223 2358 285 2385 quae
309 2350 390 2376 etiam
401 2350 435 2376 ab
451 2349 606 2376 inﬁdelibus
616 2349 790 2379 colebantur;
807 2349 848 2376 vel
861 2348 948 2383 quod-

154 2397 219 2422 l;bet
233 2395 340 2430 reptile,
361 2395 387 2422 id
398 2399 440 2422 cst
459 2395 530 2430 quod
546 2403 630 2430 super
649 2399 771 2421 ventrem
787 2402 866 2421 suum
892 2398 946 2421 tra-

155 2442 240 2474 hitur,
259 2449 321 2476 quae
337 2441 514 2469 nihilominus
527 2441 707 2477 Symmachus
721 2446 748 2468 et
762 2441 856 2476 Aquila
867 2441 948 2475 repti-

155 2488 190 2513 lia
203 2487 361 2517 ediderunt,
376 2487 447 2513 LXX
464 2492 555 2514 autem
573 2487 791 2513 ubominationes.
807 2487 876 2522 Ergo
900 2494 948 2522 per

156 2536 214 2560 haec
233 2537 289 2559 tam
307 2533 474 2560 idololatrias
499 2533 672 2567 apertissime
703 2532 837 2568 signiﬁcat
868 2541 949 2568 quam

158 2579 181 2605 in
195 2578 250 2606 alio
264 2578 335 2606 malo
351 2579 486 2610 viventes,
501 2579 527 2606 id
545 2583 587 2606 cst
600 2579 627 2605 itt
639 2578 708 2606 dolis
742 2584 769 2605 et
786 2579 814 2605 in
837 2579 948 2613 rapinis,

156 2624 213 2650 sive
228 2624 255 2650 in
270 2623 329 2651 aliis
341 2624 546 2658 cupiditatibus.
563 2623 612 2656 llis
625 2624 752 2650 omnibus
768 2624 790 2651 si
808 2625 869 2659 quis
879 2629 951 2652 tactu

156 2671 414 2702 mmmunicaverit.
423 2676 451 2698 ct
458 2671 560 2698 oblitus
570 2670 719 2703 tuerit,vcl,
728 2676 758 2698 ut
769 2670 839 2697 LXX
846 2671 951 2702 dicttnt,

158 2718 268 2745 latuerit
282 2718 358 2745 illut'n
377 2727 384 2744 :
402 2718 532 2753 quoniam
546 2718 648 2745 oblivio
664 2718 763 2744 animm
790 2718 951 2744 etobscuri-

158 2770 197 2792 tas
215 2765 327 2798 utentis,
345 2765 401 2793 sive
409 2765 481 2792 actio
493 2763 733 2798 mala,inquinatio
748 2769 801 2797 est,
813 2764 839 2790 in
856 2764 952 2790 borum

159 2814 243 2843 tactu,
262 2810 288 2837 id
306 2814 349 2838 est
365 2811 407 2838 vel
420 2811 490 2837 ineo
504 2811 576 2845 quod
600 2810 661 2844 quis
689 2809 746 2836 tunc
773 2809 953 2844 operantibus

192 2879 226 2895 "‘
243 2877 339 2905 Matth.
365 2887 412 2913 xv,
437 2879 477 2907 ιϐ.
515 2879 537 2894 ’⁸
551 2878 646 2905 Matth.
669 2886 726 2911 vin,
742 2877 788 2904 22.
825 2877 858 2893 ’θ’
876 2877 1026 2910 Joan.xnt,
1041 2877 1069 2903 2.
1107 2874 1130 2890 ⁸⁷
1148 2873 1323 2906 Psachxnt,
1339 2873 1365 2901 'I.

162 2921 225 2941 rem.
245 2922 271 2944 v,
289 2917 317 2941 ὃ.

1002 2300 1252 2329 criﬁciumoﬁ'erre
1281 2299 1419 2335 praecepit,
1455 2300 1629 2327 manifestum
1659 2305 1700 2327 est
1727 2309 1789 2328 cum

1001 2349 1082 2375 etiam
1098 2348 1131 2375 de
1146 2347 1269 2382 principe
1288 2347 1385 2373 similia
1402 2346 1530 2373 voluisse.
1552 2345 1586 2373 Ut
1598 2351 1689 2373 autem
1701 2351 1727 2373 et
1742 2347 1790 2373 ali-

1001 2398 1041 2421 ter
1053 2393 1170 2425 dicatur,
1182 2401 1244 2420 cuin
1252 2393 1296 2426 qui
1307 2392 1335 2418 in
1344 2392 1456 2419 srientia
1465 2392 1627 2424 excellebant,
1640 2400 1691 2418 nec
1700 2391 1791 2426 ipsum

1001 2447 1113 2475 peccare
1126 2443 1296 2473 oportuerat,
1312 2446 1362 2464 nec
1384 2438 1496 2464 alterius
1511 2438 1711 2465 communicare
1727 2446 1791 2472 pcc-

1001 2487 1078 2514 catis.
1093 2485 1152 2512 Non
1165 2485 1238 2512 enim
1259 2485 1292 2511 ad
1320 2484 1458 2516 virtutem,
1485 2484 1531 2510 scd
1560 2484 1593 2510 ad
1618 2484 1792 2519 iniquitatem

1000 2532 1164 2561 aztnulantes
1176 2538 1215 2564 se,
1230 2530 1367 2557 invenitur
1391 2529 1554 2565 producere,
1570 2530 1626 2557 sive
1642 2538 1794 2566 provocare

1000 2580 1149 2614 subjectos.
1182 2577 1296 2612 Propter
1323 2575 1394 2610 quod
1429 2575 1503 2607 illttd,
1532 2576 1607 2610 quasi
1639 2575 1711 2610 quod
1740 2584 1795 2603 nec

1001 2625 1112 2654 evenire
1125 2623 1248 2655 deberet,
1266 2622 1446 2649 indiscussuut
1462 2622 1580 2657 reliquit.
1600 2621 1654 2649 Sed
1679 2627 1707 2649 et
1738 2622 1794 2649 hoc

1002 2671 1152 2699 notandum
1179 2674 1230 2699 est.
1259 2668 1322 2703 quia
1349 2668 1476 2695 delictum
1518 2668 1664 2703 aliquando
1681 2668 1792 2703 quidem

1003 2716 1147 2752 specialem
1167 2713 1348 2748 iniquitatem,
1365 2719 1425 2746 qua:
1436 2717 1530 2739 contra
1544 2714 1631 2740 solum
1651 2715 1794 2752 praesumi-

1004 2769 1047 2790 tur
1060 2761 1157 2792 Deum,
1174 2759 1261 2794 qualis
1270 2763 1313 2785 cst
1337 2766 1398 2793 quae
1418 2758 1444 2785 in
1473 2764 1591 2792 sattctos,
1622 2764 1669 2786 aut
1682 2751 1792 2795 quasin

1000 2806 1193 2845 jusjurandum
1205 2805 1382 2832 committitur
1397 2812 1404 2837 ;
1421 2804 1566 2840 aliquando
1592 2811 1682 2832 autem
1711 2813 1794 2833 omne

1404 2874 1427 2890 "
1442 2873 1512 2901 Psal.
1531 2881 1623 2907 suis,
1635 2873 1662 2901 9.
1709 2874 1731 2890 ”
1746 2872 1794 2901 .Ic-
