2052 3146
266 165 321 197 835

863 165 1045 196 HESYCHII
1065 165 1300 197 PRESBYTER!

1845 169 1898 200 8ΐὸ

266 223 409 256 peccatum
423 218 494 254 quod
507 218 540 246 ad
554 218 696 247 scientiam
717 219 851 255 pervenit,
864 221 1001 256 legislator
1014 228 1060 255 ap~
1073 224 1094 250 Α
1110 228 1173 255 que,
1187 222 1298 256 quando
1326 223 1475 250 secundum
1505 224 1683 252 intcnt'oncm
1715 224 1896 253 Dominicam.

267 265 360 301 pellat,
376 270 403 293 et
416 269 559 300 propterea
571 262 605 292 ab
619 273 652 292 eo
676 265 775 300 ubique
795 266 914 300 cognitio
937 266 1053 301 peccati,

267 312 325 340 sive
343 315 536 346 anteponatur,
553 311 611 338 sive
623 308 900 338 subinferaturmodis
916 311 1052 344 omnibus,

260 358 394 385 delictum
410 356 520 388 dicitur,
534 361 564 384 ut
577 357 704 384 ostendat
724 357 786 392 quia
804 362 885 384 omne
899 360 1053 392 peccatum,

216 418 219 431 γ
267 406 408 437 postquam
421 402 605 437 cognoscitur,
627 402 655 429 in
667 402 755 438 ipsum
771 402 940 437 delinquitur
958 403 1054 435 Deum,

266 451 294 474 ct
312 447 374 474 ideo
390 446 542 481 appellatur
553 446 694 478 delictum,
710 446 736 473 id
751 447 1054 482 οειπλημμελέια,ηυη

266 491 338 519 enim
356 491 504 518 sinecausa
517 489 654 524 legislator
669 491 721 518 hoc
745 495 872 518 sermone
897 490 1055 526 frequenter

268 535 362 564 utitur.
381 534 448 562 Nam
461 539 489 562 et
504 535 733 567 quemadmodum
762 534 922 563 diﬁ'ereutes
941 544 1055 563 conver-

267 581 386 608 sationes
399 580 540 608 hominum
555 579 582 606 in
598 580 716 607 exordiis
744 580 805 607 libri
833 589 882 616 per
899 580 1055 608 holo'ca‘utoé

267 632 340 654 mata
355 631 384 654 et
394 626 526 653 sacriﬁcia
543 625 671 653 salutaria
684 626 840 662 designans,
856 626 991 662 legislator
999 635 1054 654 non

267 673 372 701 frustra
386 673 540 708 proposuit,
559 672 606 700 sed
620 672 677 699 vias
699 672 809 704 multas,
823 677 851 699 et
862 672 961 707 januas
992 681 1055 708 ape-

268 719 321 746 rire
336 719 469 754 cupiens:
486 719 525 746 sic
540 722 568 746 et
580 718 660 746 modo
671 725 725 745 non
756 726 838 745 unam
851 719 981 754 speciem,
1007 720 1054 746 sed

269 765 372 792 multas
388 765 422 791 de
445 763 628 791 oblationibus
655 771 705 799 pro
730 768 843 799 peccato
869 763 993 795 sancivit,
1026 769 1056 791 ut

266 810 401 845 plut-iores
418 810 514 837 modos
530 809 699 845 pmnitentize
727 814 895 844 proponeret
908 818 915 837 :
926 810 990 844 quia
1003 817 1055 837 nec

265 863 362 884 omnes
375 856 500 884 homines
509 864 605 884 omnes
623 856 719 884 modos
729 855 842 891 implere
853 861 977 891 possunt,
1003 863 1055 884 nec

1106 271 1187 301 atque
1199 275 1232 294 eo
1244 269 1380 296 mediante
1393 268 1555 297 olfcruntur.
1577 270 1628 303 Qui
1653 271 1767 306 primum
1790 271 1898 306 aﬁ'erem

1105 319 1153 345 pro
1170 316 1288 346 peccato.
1311 312 1373 339 Ideo
1387 314 1503 348 primum
1522 322 1570 348 pro
1583 319 1694 349 peccato
1709 315 1816 348 offeret,
1833 315 1897 350 quia

1106 361 1187 381 nemo
1202 359 1292 389 potest
1304 355 1491 383 holocaustum
1515 355 1584 388 ﬁeri,
1603 357 1656 384 uisi
1684 358 1762 392 prius
1775 357 1857 384 fuerit
1883 366 1897 385 a

1105 403 1219 433 peccato
1235 400 1304 427 liber
1320 400 1444 428 effectus.
1461 401 1514 428 Sed
1537 401 1599 436 quis
1622 402 1704 437 hujus
1728 403 1827 430 modus
1855 408 1898 430 est

1109 445 1260 472 libertatis?
1721 480 1734 488 _

1141 490 1312 526 Retorquebit
1337 492 1463 519 sacerdos
1490 497 1570 527 caput
1601 493 1659 527 ejus
1691 494 1728 520 ad
1755 493 1896 527 penmalas.

1105 535 1143 562 ila
1162 541 1190 562 ut
1204 536 1269 563 collo
1280 538 1388 568 [κω-σαι,
1401 542 1425 563 et
1437 538 1604 571 nonpem‘ttu
1628 538 1817 572 abrumpatur.
1846 537 1898 565 Per

1105 580 1216 612 collum,
1232 582 1303 616 quod
1327 580 1396 608 LXX
1422 582 1596 617 sphondylum
1619 583 1789 617 interpretati
1820 587 1895 613 sunt.

1105 631 1191 654 totum
1208 629 1307 662 Corpus
1319 627 1490 662 intelligitur,
1508 629 1570 663 quia
1585 629 1646 656 colli
1671 629 1796 661 ﬁrmitas,
1815 629 1897 655 .sania

1105 677 1157 706 tas,
1169 677 1196 700 et
1210 673 1388 700 subsistentia
1402 673 1486 701 totius
1510 674 1634 709 corporis
1655 679 1708 702 est.
1736 674 1804 707 Quia
1830 682 1897 710 ergo

1105 716 1174 744 solet
1188 721 1269 752 caput
1286 725 1335 751 pro
1342 723 1435 745 mente
1446 717 1531 753 accipi
1544 718 1571 745 in
1582 719 1673 746 divina
1686 718 1837 753 Scriptura,
1847 725 1897 753 pro

1104 769 1137 789 eo
1156 763 1228 797 quod
1245 770 1322 790 mens
1341 763 1525 798 principatum
1543 768 1618 791 tenet
1638 764 1664 791 in
1680 764 1804 796 homine,
1823 764 1896 790 unde

1104 811 1131 836 et
1146 808 1229 836 David
1247 809 1301 836 Deo
1316 808 1446 844 dicebat;
1464 809 1501 836 Tu
1521 809 1706 837 contribulasti
1730 810 1819 844 capita
1831 811 1897 836 dra-

1105 856 1198 881 conum
1214 856 1302 881 subter
1316 860 1400 890 aquas
1414 850 1435 887 ί,
1450 859 1570 882 mentem
1596 855 1734 889 videlicet,
1746 856 1810 883 dum
1825 863 1896 890 aqua

265 901 354 929 omnis
365 902 462 929 modus
473 901 642 936 poenitentiae
657 901 685 928 in
701 901 775 928 omni
790 906 902 936 peccato
913 902 1052 929 convenit.
1071 894 1090 921 Β
1107 893 1278 935 baptismatis
1299 900 1489 928 remissionem
1518 902 1669 936 puniente.
1694 907 1772 928 mens
1796 902 1896 930 diaboli

265 946 381 979 Quando
394 947 468 974 enim
482 946 652 982 poenitentia,
664 954 783 979 saccum,
807 951 836 974 et
856 946 1001 982 jejunium.
1027 952 1055 974 et

264 991 406 1027 lacrymas,
423 995 450 1018 et
462 992 613 1019 orationem
629 992 798 1024 continuam,
811 997 838 1019 et
850 992 1053 1029 vigiliasetigit,

263 1038 370 1073 aliaque
385 1038 483 1066 similia
501 1046 507 1065 :
521 1039 669 1074 quomodo,
691 1039 766 1066 verbi
783 1039 879 1074 gratia,
896 1043 1052 1072 senectute,

263 1089 312 1111 aut
326 1082 405 1111 aliter
420 1091 535 1120 corpore
554 1084 690 1116 inﬁrmus,
721 1084 802 1112 talem
823 1092 905 1119 agere
915 1085 1054 1119 pmnitcn-

263 1130 329 1157 tiam
347 1129 524 1165 praevalebit?
538 1129 666 1164 Nunquid
691 1137 756 1165 ergo
783 1130 828 1157 hic
851 1134 962 1165 propter
983 1130 1055 1157 inﬁr-

263 1177 386 1203 mitatem
399 1179 446 1202 aut
461 1176 577 1202 similem
592 1180 699 1203 aetatem
733 1176 874 1211 repellitur
889 1183 904 1202 a
919 1177 1055 1211 poeniten-

265 1221 410 1249 tiai'Nullo
424 1221 514 1254 modo,
527 1221 610 1247 habet
626 1221 700 1247 enim
727 1221 810 1248 alium
824 1221 934 1248 modum
950 1221 983 1248 ad
1002 1221 1054 1248 im-

265 1266 425 1301 petrandam
441 1265 629 1293 remissionem
650 1270 835 1301 peccatorum.
865 1266 917 1294 Sed
931 1266 992 1301 quis
1009 1267 1054 1294 hic

263 1311 310 1344 sit,
322 1310 463 1345 sequentia
476 1311 674 1343 demonstrant;
687 1311 726 1338 ait
741 1311 814 1338 enim
833 1319 840 1337 :

300 1356 329 1384 Si
343 1361 431 1384 autem
444 1365 496 1384 non
515 1358 629 1392 potuerit
642 1357 733 1392 oﬂ'erre
764 1364 852 1393 pecus.
886 1357 964 1391 Quod
983 1357 1051 1385 LXX

264 1401 440 1438 interpretati
454 1408 517 1430 sunt
529 1411 536 1429 :
556 1402 585 1430 Si
596 1408 685 1430 autem
696 1411 748 1430 non
759 1404 873 1430 valuerit
887 1412 981 1431 manus
996 1404 1053 1439 ejus

262 1449 301 1476 ad
314 1457 398 1481 ouem,
414 1447 538 1477 volentes
547 1457 595 1484 per
607 1457 685 1477 ovem
697 1457 809 1484 caprum
827 1450 868 1476 vel
889 1457 997 1484 capram
1011 1450 1054 1476 in-

263 1494 358 1530 telligi,
380 1495 457 1530 quasi
480 1502 625 1522 commune
651 1499 724 1522 esset
750 1502 835 1530 genus
855 1501 998 1530 caprarum
1027 1499 1055 1522 et

1105 946 1255 973 conteritur
1271 955 1279 974 :
1296 954 1344 981 per
1374 946 1426 975 hoc
1445 955 1510 982 ergo
1535 947 1606 982 quod
1621 947 1721 974 dicitur
1745 947 1835 975 LXX:
1863 948 1896 975 Et

1106 996 1225 1026 erumpet
1239 992 1362 1019 sacerdos
1378 997 1456 1027 caput
1467 992 1524 1027 ejus
1538 1000 1547 1019 :
1563 998 1686 1028 praesens
1700 1000 1765 1020 vero
1779 993 1897 1021 transla-

1107 1037 1168 1064 tio:
1184 1037 1351 1072 Retorquebit
1363 1041 1443 1070 caput
1472 1038 1528 1072 ejus
1548 1041 1572 1064 et
1603 1037 1744 1071 pennulas,
1762 1038 1820 1065 vult
1846 1046 1897 1065 nos

1105 1091 1160 1110 non
1173 1083 1276 1111 servire
1287 1089 1376 1118 neque
1392 1083 1510 1118 compati
1525 1083 1649 1119 corpori,
1679 1083 1727 1111 sed
1759 1083 1895 1118 abrumpi,

1105 1128 1147 1155 vel
1163 1128 1323 1163 retorqueri,
1336 1132 1366 1155 ut
1378 1134 1433 1156 non
1449 1136 1483 1156 ex
1497 1137 1575 1163 a-quo
1588 1134 1721 1164 repugnet
1733 1130 1784 1165 legi
1797 1129 1898 1156 mentis

1104 1175 1146 1202 lex
1164 1174 1277 1209 peccati,
1292 1182 1353 1209 qua:
1367 1175 1566 1202 consuetudine
1579 1175 1711 1210 peccandi
1726 1175 1751 1202 in
1766 1176 1896 1202 membris

1105 1220 1208 1247 habitat
1221 1220 1352 1254 corporis,
1366 1228 1456 1255 neque
1468 1220 1606 1255 captivum
1631 1220 1714 1248 ducat
1743 1221 1894 1252 hominem.

1104 1266 1177 1292 sicut
1191 1265 1291 1292 Paulus
1307 1265 1345 1292 ait
1356 1265 1378 1292 ‘.
1391 1265 1460 1299 Quia
1470 1270 1561 1293 autem
1576 1273 1631 1293 non
1646 1266 1780 1294 debemus
1794 1274 1826 1294 ex
1838 1271 1897 1294 toto

1103 1316 1204 1345 corpus
1218 1309 1365 1341 adversari,
1379 1317 1431 1337 nec
1442 1315 1594 1337 creaturam
1622 1310 1688 1337 illud
1703 1311 1803 1338 diaboli
1821 1311 1897 1338 a-sti;

1104 1362 1189 1386 mare,
1206 1355 1277 1382 sicut
1291 1355 1400 1389 quidam
1417 1359 1524 1390 putant.
1539 1355 1586 1382 sed
1597 1355 1786 1383 subdereillud
1795 1357 1896 1383 menti:

1104 1405 1250 1435 propterea
1260 1408 1312 1427 non
1326 1401 1455 1435 prgecepit
1465 1405 1547 1436 caput
1561 1408 1576 1428 a
1596 1401 1666 1428 collo
1677 1402 1811 1436 separari,
1826 1409 1898 1428 unus

1104 1447 1206 1482 quippe
1235 1446 1414 1481 ejusdemque
1427 1451 1492 1474 sunt
1517 1451 1639 1482 utraeque
1666 1452 1808 1474 creaturae.
1843 1447 1898 1475 Sed

1104 1492 1246 1528 sequentia
1258 1492 1398 1520 videamus
1417 1502 1424 1519 :

264 1540 453 1589 OViumi_Si‘f“‘
465 1541 720 1589 diximustpoﬁhic
750 1541 859 1576 Planius
879 1541 995 1589 ‘5‘“me
1007 1541 1052 1589 (illi
1067 1560 1089 1589 ρ
1139 1549 1174 1577 Et
1189 1554 1310 1585 aspergat
1325 1550 1356 1576 de
1371 1550 1502 1585 sanguine
1532 1549 1604 1578 illius
1631 1551 1758 1585 parietem
1787 1550 1895 1577 altaris.

264 1586 394 1613 utomnia
411 1587 470 1614 hiBC
486 1587 744 1621 comprehenderet,
762 1594 845 1621 pecus
862 1587 961 1622 posuit.
973 1586 1052 1614 Unde

263 1636 292 1659 et
306 1631 350 1659 alii
365 1631 546 1667 interpretum
563 1633 590 1659 in
606 1633 658 1660 hoc
677 1633 736 1660 loco
757 1641 806 1668 pro
831 1641 887 1666 ove,
900 1633 927 1660 hi
939 1633 1051 1668 quidem

264 1677 403 1712 pascualia
417 1698 424 1711 ,
437 1678 482 1705 alii
494 1683 584 1706 autem
601 1686 633 1705 ex
649 1687 735 1715 grege,
760 1679 881 1706 volentes
899 1687 948 1714 per
963 1680 1015 1706 hoc
1024 1683 1053 1706 et

264 1730 362 1758 capras
380 1723 546 1758 signiﬁcare,
562 1724 718 1752 ediderunt.
743 1725 770 1752 Si
785 1732 849 1760 ergo
865 1725 909 1752 hic
922 1730 978 1752 non
1005 1733 1053 1760 po-

265 1770 349 1797 tuerit
365 1768 465 1796 olferre
480 1777 575 1804 pecus,
589 1770 687 1798 oﬁ‘eret
699 1777 749 1806 pro
767 1776 881 1806 peccato
906 1779 956 1799 suo
978 1772 1051 1807 quod

265 1814 401 1849 peccavit,
418 1815 488 1842 duos
504 1819 635 1848 turtures,
653 1821 700 1843 aut
712 1816 781 1843 duos
799 1815 888 1851 pullos
911 1817 1053 1844 columba-

266 1867 325 1887 rum
341 1860 468 1888 Domino.
484 1860 666 1894 Quamobrem
694 1863 880 1890 necessarium
901 1863 984 1890 nimis
1010 1867 1053 1890 est

264 1905 405 1933 reminisci
423 1914 486 1940 nos,
499 1907 563 1942 quia
589 1908 829 1943 contemplativam
856 1909 939 1936 vitam
967 1914 995 1937 et
1024 1911 1051 1937 in

263 1950 441 1978 meditatione
455 1957 674 1986 conversantem,
689 1957 716 1980 et
739 1954 867 1980 mundam
879 1959 960 1989 atque
984 1955 1051 1982 sim-

264 1997 360 2032 plicetn
378 1997 535 2033 signiﬁcari,
553 2005 601 2034 per
619 1999 706 2033 pullos
719 2000 908 2027 columbarum
919 2005 947 2028 et
962 2005 1051 2028 turtu-

264 2050 325 2070 rum
337 2044 465 2078 superius
481 2044 610 2072 diximus.
627 2045 696 2081 Ergo
721 2047 768 2080 qui
783 2054 837 2072 non
855 2051 944 2082 potest
954 2054 1052 2074 vacare

263 2088 292 2117 in
305 2090 436 2118 continua
450 2090 596 2118 alllietione
610 2095 639 2119 et
653 2100 787 2123 aerumna,
805 2097 833 2119 ut
845 2100 942 2127 panem
971 2101 1051 2120 suum

263 2140 326 2160 cum
341 2134 434 2162 cinere
456 2135 591 2167 comedat.
618 2140 646 2164 et
676 2139 771 2172 potum
798 2145 877 2165 suum
897 2146 958 2165 cum
987 2138 1052 2165 ﬂetu

265 2182 410 2214 temperet,
422 2180 528 2216 aliaque
541 2182 583 2209 his
598 2182 697 2210 similia
725 2183 861 2218 paenitens
872 2189 942 2219 agat,
975 2184 1051 2212 verbi

1105 1595 1239 1631 Quidquid
1249 1601 1339 1623 autem
1351 1596 1480 1631 reliquum
1495 1596 1585 1632 fuerit,
1606 1597 1684 1632 [acict
1695 1597 1828 1624 distillare
1861 1598 1898 1623 ad

1105 1641 1279 1676 fundamenta
1295 1642 1362 1676 ejus,
1380 1642 1442 1677 quia
1456 1649 1503 1675 pro
1520 1647 1625 1677 peccato
1639 1647 1686 1669 est.
1702 1641 1897 1668 ParieSaIIaris

1105 1693 1205 1720 corpus
1215 1685 1317 1712 Christi
1331 1685 1502 1720 intelligitur,
1519 1686 1553 1712 de
1566 1693 1620 1720 quo
1636 1686 1693 1720 ipse
1710 1685 1838 1712 Christus
1853 1686 1896 1712 di—

1105 1730 1184 1757 cebat
1194 1737 1201 1756 :
1212 1729 1308 1757 Solvite
1323 1730 1447 1761 templum
1457 1730 1515 1763 hoc,
1524 1736 1547 1757 et
1561 1731 1644 1757 tribus
1653 1730 1743 1757 diebus
1760 1730 1898 1765 wdlﬁcabo

1105 1776 1172 1803 illud
1183 1777 1202 1803 ³.
1219 1777 1435 1804 Fundamentum
1451 1781 1541 1804 autem
1549 1777 1617 1811 ejus,
1637 1777 1694 1803 sive
1708 1797 1716 1809 ,
1744 1776 1896 1804 secundum

1105 1823 1178 1858 quod
1194 1822 1266 1850 LXX
1276 1823 1448 1858 interpretati
1459 1827 1533 1855 sunt,
1541 1823 1634 1850 basim.
1645 1822 1721 1850 Basis
1729 1823 1800 1850 enim
1813 1831 1899 1850 evan-

1105 1868 1203 1904 gelium
1221 1873 1270 1895 est.
1286 1869 1365 1903 Ergo,
1401 1869 1551 1896 secundum
1572 1868 1752 1896 intentionem
1769 1869 1896 1895 sacriﬁcii

1105 1913 1205 1940 Christi
1220 1919 1247 1941 et
1257 1915 1421 1950 evangelica:
1436 1915 1578 1947 doctrinae,
1591 1915 1669 1949 jubet
1680 1915 1761 1942 etiam
1779 1915 1830 1941 hoc
1847 1923 1898 1949 pro

1106 1960 1224 1995 peccatis
1240 1960 1402 1988 sacriﬁcium
1417 1959 1511 1989 oll'erri
1525 1969 1531 1987 :
1543 1967 1687 1996 propterea
1704 1960 1817 1990 addidit,
1831 1962 1896 1996 quia

1105 2014 1153 2037 pro
1171 2012 1277 2040 peccata
1288 2012 1334 2034 est.
1352 2003 1426 2035 Nihil
1441 2008 1543 2043 quippe
1564 2008 1603 2035 sic
1620 2015 1634 2035 a
1649 2007 1767 2043 peccatis
1778 2007 1895 2042 eripere.

1105 2053 1332 2086 quemadmodum
1349 2053 1450 2081 Christi
1463 2054 1578 2081 imitatio
1593 2059 1621 2081 et
1642 2054 1797 2082 obedientia
1810 2061 1896 2080 evan-

1105 2097 1197 2132 gelica:
1208 2095 1418 2132 praedicationis,
1429 2099 1528 2134 potest.
1539 2100 1584 2127 cui
1597 2099 1619 2126 si
1629 2099 1690 2134 quis
1705 2099 1739 2126 sit
1751 2098 1895 2128 obediens.

1105 2143 1221 2170 alterunt
1236 2144 1357 2172 adolebit
1370 2140 1570 2179 holocaustum,
1590 2150 1620 2172 ut
1637 2145 1695 2172 ﬁeri
1706 2145 1786 2178 solet,
1815 2145 1840 2172 id
1854 2149 1897 2171 cst

1104 2190 1332 2224 quemadmodum
1343 2195 1451 2226 oportet
1462 2192 1651 2219 holocaustum
1661 2191 1728 2218 ﬁeri.
1738 2191 1816 2224 Quod
1825 2191 1905 2218 LXX.

264 2225 361 2258 gratia,
378 2225 538 2255 inﬁrmitate
550 2232 597 2255 aut
616 2228 668 2255 alia
699 2236 863 2264 quacunque
887 2230 1052 2258 necessitate

1105 2236 1185 2271 plane
1192 2237 1333 2264 secundum
1346 2225 1393 2264 hoc
1412 2238 1507 2268 edunt.
1526 2238 1552 2265 id
1563 2243 1614 2270 est,
1632 2237 1713 2266 faciet
1727 2241 1818 2264 autem
1826 2245 1896 2272 quo-

264 2270 434 2304 prohibetur,
448 2272 492 2299 hic
500 2272 639 2301 aliomodo
651 2281 732 2308 agere
742 2278 832 2308 potest
852 2275 1052 2309 paenitentiam,

264 2317 348 2345 veluti
378 2318 500 2346 otTerens
526 2319 715 2354 semetipsum,
746 2320 780 2347 ad
812 2321 1053 2356 contemplandum

264 2362 361 2396 Deum,
377 2368 405 2390 et
417 2363 451 2390 ad
465 2365 711 2399 perscrutationem
737 2364 804 2401 legis
819 2365 890 2400 ejus,
915 2368 1055 2402 totamque

264 2414 385 2437 mentem
401 2417 477 2436 suam
493 2417 658 2438 consecrans
672 2411 776 2438 ctelesti
803 2412 1015 2444 eonversationi,
1037 2420 1053 2440 a

263 2454 378 2482 terrenis
393 2455 476 2482 rebus
490 2455 647 2491 plenissime
661 2457 793 2485 cohibens
805 2465 845 2492 se,
857 2465 905 2493 per
921 2458 972 2486 hoc
981 2459 1053 2486 enim

262 2497 300 2530 ei,
316 2502 345 2526 et
365 2503 542 2534 peccatorum
563 2501 702 2534 remissio,
716 2507 743 2529 et
757 2502 917 2537 justiﬁcatio
925 2511 1056 2538 procura-

264 2548 319 2573 tur.
334 2545 412 2573 Unde
426 2553 522 2573 eorum
539 2546 704 2581 oll‘eruntur,
717 2556 801 2576 unum
815 2549 926 2585 quidem
938 2556 1056 2585 propee-

262 2595 335 2623 cato,
351 2591 378 2619 id
393 2596 434 2619 est
447 2592 481 2620 ad
498 2594 720 2622 emundationem
734 2596 850 2631 peccati,
865 2596 980 2623 alterum
990 2593 1055 2624 vero

263 2635 293 2662 in
308 2635 510 2669 holocaustum,
524 2637 601 2671 quasi
612 2637 639 2664 in
648 2639 853 2675 cruciﬁgentem
864 2642 1052 2676 semetipsum,

262 2682 500 2710 cnnversationem
514 2683 556 2711 vel
567 2684 662 2717 vitam,
675 2690 703 2713 et
727 2686 887 2721 plenissime
914 2686 969 2714 Deo
997 2692 1052 2714 tra-

261 2727 373 2756 dentem
390 2728 557 2756 immolatur.
573 2728 676 2758 Olleret
700 2736 793 2759 autem
821 2732 879 2760 haec
905 2733 1052 2766 sacerdoti,

261 2774 373 2803 Christo
387 2775 490 2810 utique.
507 2774 585 2802 Tunc
599 2776 673 2803 enim
691 2778 858 2812 acceptabile
875 2782 918 2806 est
943 2783 1052 2807 utrum-

294 2865 304 2882 ¹
322 2865 395 2893 Psal.
424 2874 517 2900 Lntu,
536 2866 576 2894 15.
616 2868 626 2882 ²
639 2867 717 2894 Rom.
738 2875 785 2900 vn,
800 2868 845 2894 '23.
885 2868 895 2883 ²
911 2868 989 2895 Joan.
1006 2876 1036 2901 u,
1056 2868 1096 2896 l9.

1106 2282 1188 2309 modo
1217 2282 1308 2310 debet.
1332 2282 1447 2318 Oportet
1471 2284 1573 2319 quippe
1593 2292 1656 2311 eum
1686 2283 1730 2319 qui
1747 2287 1851 2318 patrem
1870 2288 1897 2309 et

1106 2332 1234 2362 matrem,
1249 2332 1276 2356 et
1289 2328 1397 2362 fratres,
1412 2334 1443 2357 et
1463 2330 1554 2357 omnia
1576 2329 1715 2357 saecularia
1727 2330 1828 2361 renuit,
1845 2329 1896 2356 ho-

1106 2375 1259 2402 locaustum
1275 2375 1345 2408 ﬁeri,
1360 2376 1382 2403 si
1398 2376 1479 2404 modo
1503 2377 1561 2404 vult
1588 2384 1649 2404 esse
1680 2375 1847 2412 aeceptebile
1867 2381 1894 2402 et

1105 2418 1275 2454 intelligihile
1293 2420 1494 2448 holocaustum.
1510 2420 1574 2449 Haec
1600 2421 1622 2448 si
1639 2420 1757 2454 faciatis,
1777 2420 1824 2456 qui
1838 2428 1894 2447 non

1092 2469 1199 2500 ‘potcst
1213 2465 1350 2500 praedictis
1376 2466 1464 2493 modis
1484 2467 1672 2501 pmnitentiam
1695 2473 1786 2501 agere,
1798 2466 1823 2493 id
1855 2471 1898 2492 est

1107 2508 1218 2544 vigiliis,
1229 2513 1258 2536 et
1270 2517 1360 2543 sacco,
1375 2514 1401 2538 et
1419 2511 1478 2538 aliis
1495 2510 1630 2538 similibus
1638 2510 1896 2541 afﬂictionibus,ro-

1104 2556 1177 2591 gabit
1188 2563 1237 2591 pro
1253 2563 1286 2583 eo
1299 2555 1474 2591 intelligibilis
1496 2557 1633 2590 sacerdos,
1662 2559 1689 2584 et
1711 2563 1761 2592 pro
1783 2561 1898 2592 peccato

1104 2600 1173 2635 ejus,
1190 2605 1217 2627 et
1227 2599 1382 2628 dimittetur
1394 2600 1430 2628 ei.
1455 2600 1630 2629 Admirabilis
1640 2602 1717 2629 valde
1731 2609 1797 2638 ergo
1824 2601 1898 2630 Deus

1103 2650 1147 2672 est
1163 2646 1245 2680 hujus
1263 2646 1332 2673 lator
1347 2646 1425 2681 legis,
1440 2647 1486 2682 qui
1508 2647 1626 2679 veniam,
1651 2651 1743 2683 utpote
1774 2647 1898 2674 clemens

1105 2691 1293 2719 imbecillitate
1305 2693 1413 2727 generis
1425 2693 1536 2720 humani
1552 2693 1657 2724 tribuit.
1672 2698 1700 2720 et
1713 2693 1825 2720 modum
1851 2701 1901 2720 re-

1105 2737 1178 2773 perit
1192 2745 1240 2773 per
1256 2745 1337 2773 quem
1351 2745 1407 2766 non
1438 2740 1543 2767 minora
1570 2739 1699 2774 consequi
1725 2738 1898 2766 inﬁrmantrs

1107 2783 1222 2819 possint.
1239 2783 1308 2816 Quia
1318 2788 1408 2812 autem
1425 2792 1480 2812 non
1496 2793 1576 2812 omne
1586 2785 1663 2812 facile
1691 2789 1732 2812 est
1745 2785 1779 2813 ad
1807 2787 1897 2820 porri-
