2052 3146
167 153 218 190 837

755 164 795 198 ΙΝ
816 166 1033 200 LEVITICUM.
1050 183 1084 188 —
1102 172 1175 204 LIB.
1191 171 1216 204 Χ.

1747 184 1800 217 838

169 214 281 271 tendum
298 219 416 271 “imp-us,
434 217 488 245 imo
510 217 661 271 pliquando
671 226 697 248 et
714 221 831 271 difﬁcile,
863 224 888 251 id
916 229 958 252 est
969 229 996 256 Λ
1009 224 1115 254 modios
1138 229 1260 263 capiens.
1286 230 1357 267 Ergo
1375 232 1500 262 Christus
1516 241 1558 264 est
1572 236 1618 271 qui
1636 214 1799 268 sacriﬁcium

168 261 279 295 quando
297 262 375 293 abusi
392 264 487 291 s'umus
510 265 567 300 ipsa
584 267 755 301 ptenitentia,
778 269 959 305 virtutemque

167 308 227 342 ejus
241 308 444 343 quodammodo
458 311 628 340 abolevimus
644 315 733 348 :quod
749 315 850 348 evenit,
866 316 958 350 siquis

169 353 237 382 forte
251 362 370 389 peccans
382 360 410 384 et
424 357 557 391 ptenitere
573 366 602 386 se
611 359 742 388 simulans
758 361 791 388 ad
802 361 852 388 hoc
863 369 958 389 rursus

168 398 271 432 redeat,
286 401 395 435 quando
405 407 431 428 et
439 401 536 431 Petrus
562 405 766 438 reprehendens
792 406 848 432 ait:
865 405 958 433 Evenit

166 446 204 473 eis
219 454 261 473 res
275 446 331 473 veri
347 447 477 481 prouerbii
487 456 497 474 :
510 448 589 476 Canis
599 457 716 477 reuersus
731 450 766 477 ad
782 459 859 477 suum
873 451 958 477 uomi-

166 494 233 523 tum,
244 495 270 517 et
284 499 328 517 sus
341 490 396 518 tota
412 491 438 518 in
453 493 590 520 uolutabro
616 495 680 521 omni
697 495 716 521 ⁸.
740 495 792 522 Sed
805 500 832 522 et
847 496 955 523 Paulus.

165 532 206 563 Ne
216 536 285 571 quis,
302 537 341 563 ait
353 537 511 572 fornicator,
537 544 584 565 aut
600 541 738 575 profanus,
755 545 784 567 ut
799 541 881 573 Esau,
913 542 957 573 qui

163 586 271 616 propter
283 590 364 609 unam
381 586 466 610 eaeam
480 584 595 611 uendidit
619 586 779 619 primitiuam
795 595 882 613 suam.
897 587 957 614 Sci-

165 632 218 654 tote
233 628 304 655 enim
316 629 379 662 quia
390 634 414 655 et
431 635 521 664 postea
531 630 685 658 haereditate
702 631 904 659 benedictionem
916 641 957 660 re-

163 673 291 708 probatus
322 679 369 701 est.
386 674 446 701 Non
460 675 529 702 enim
550 675 648 703 invenit
669 677 827 712 paenitentia:
859 678 955 712 locum,

163 727 316 754 quanquam
325 727 385 745 cum
393 719 518 755 lacrymis
536 722 689 756 esquisisset
700 731 758 750 eam
771 724 791 750 ⁸.
803 723 873 758 Ergo
892 724 956 759 quia

164 766 263 793 talibus
280 773 335 793 non
349 765 437 793 facilis
452 767 589 801 praebetur
600 769 766 802 poenitentia:
778 769 878 802 aditus,
892 777 956 797 ecce

152 814 237 837 “nunc
250 810 389 844 legislator
401 811 506 844 innuit;
523 812 560 838 ait
573 812 645 839 enim
666 820 672 838 :

197 853 274 887 Quod
287 854 374 882 sinon
391 856 502 891 quiverit
517 865 611 884 manus
636 857 694 892 ejus
711 857 802 893 oﬂerre
819 859 884 886 duos
897 864 955 886 tur—

1010 272 1099 305 oll‘er't,
1121 279 1149 301 et
1171 275 1230 310 ipse
1255 282 1296 304 est
1319 279 1482 307 sacriﬁcium
1495 282 1568 316 quod
1590 282 1712 312 olfertur.
1730 284 1798 321 Ephi

1009 321 1081 345 enim
1098 327 1159 347 cum
1176 321 1212 348 sit
1230 330 1357 351 mensura
1373 325 1454 352 trium
1476 327 1640 360 modiorum,
1657 330 1794 359 evidentet

1009 362 1171 392 Trinitatem
1196 366 1295 399 innuit,
1310 377 1371 404 qua:
1387 378 1439 397 una
1462 373 1572 406 quidem
1593 382 1721 403 mensura
1745 382 1797 406 est.

1007 410 1071 444 quia
1087 418 1138 437 una
1160 411 1186 438 in
1202 419 1233 439 ea
1251 417 1293 440 est
1311 413 1410 441 Deitas.
1427 415 1494 443 Tres
1509 421 1601 444 autem
1619 418 1701 447 habet
1720 428 1798 448 men-

1007 461 1096 487 suras,
1113 455 1138 482 id
1153 461 1206 488 est,
1227 461 1282 484 tres
1303 466 1435 492 personas
1461 461 1603 495 periectas,
1621 468 1649 491 et
1669 468 1708 492 tot
1731 466 1797 493 sub-

1007 500 1157 534 sistentias,
1173 507 1203 530 ut
1217 503 1391 532 manifestum
1407 506 1444 533 sit
1460 515 1515 534 non
1532 516 1583 535 nos
1597 517 1721 544 peccare.
1738 513 1797 546 ejus

1007 551 1112 580 partem
1127 555 1237 575 carnem
1255 548 1363 577 Domini
1378 551 1512 586 dicentes,
1526 559 1639 589 propter
1654 556 1796 591 insepara-
1820 553 1823 557 ’

1007 592 1089 619 bilem
1112 600 1174 620 cum
1199 601 1229 621 ea
1257 594 1388 623 incarnati
1413 596 1493 624 Verbi
1520 599 1680 627 unitionem.
1706 601 1796 634 Quare

1006 642 1098 665 autem
1114 638 1253 667 Trinitatis
1267 648 1329 674 pars
1343 641 1402 668 est?
1417 642 1479 676 quia
1497 643 1669 672 indivisibilis
1682 646 1741 680 ejus
1755 652 1797 674 est

1006 683 1092 718 gloria
1109 688 1136 711 et
1149 685 1246 717 virtus,
1265 685 1301 713 ita
1321 690 1350 713 ut
1370 687 1470 715 Paulus
1491 688 1525 715 de
1544 689 1652 717 Christo
1667 691 1770 720 diceret
1788 701 1794 718 :

1007 727 1041 755 In
1057 730 1113 764 ipso
1134 730 1235 757 habitat
1256 732 1340 758 omnia
1354 732 1490 767 plenitudo
1507 735 1653 762 diuinitatis
1669 745 1795 771 corpora—

1006 775 1067 802 liter
1081 776 1103 802 ".
1121 775 1174 803 Sed
1189 781 1216 804 et
1229 777 1349 805 Joannes
1366 787 1372 805 :
1387 778 1438 810 Qui
1456 785 1544 815 negat,
1564 780 1660 815 inquit,
1682 781 1794 810 Filium.

1005 827 1052 847 nec
1065 820 1173 848 Patrem
1194 822 1271 849 liabet
1285 831 1294 850 :
1310 823 1360 855 Qui
1368 818 1513 859 'con/itetur
1529 825 1629 859 Iesum,
1648 831 1672 853 et
1689 826 1795 854 Patrem

1007 866 1085 893 habet
1099 867 1120 894 '.
1143 867 1214 903 Ergo
1239 869 1305 903 ephi
1329 869 1439 903 quidem
1463 869 1509 897 hic
1532 871 1688 900 incarnatus
1711 872 1793 906 Deus,

162 906 235 928 tum
249 901 291 928 uel
312 901 377 928 duos
397 902 483 936 pullos
498 903 634 930 columbae.
655 904 725 936 Quia
740 912 804 932 vero
820 904 880 933 haec
898 913 951 933 non

1009 911 1125 940 Verbum
1141 901 1236 948 utpote
1256 901 1360 942 habens
1385 915 1411 942 in
1434 923 1463 943 se
1485 915 1627 945 Trinitatis
1643 901 1794 952 plenitudi;

161 951 253 982 potest
276 948 446 981 omnimodo,
471 956 522 977 nec
545 948 653 977 haedum
680 955 727 978 aut
746 958 824 978 ovem
847 956 953 986 potest;

159 999 246 1029 quare
260 998 351 1021 autem
362 995 422 1022 non'
435 999 524 1030 potest
538 1005 544 1023 :
563 1003 624 1029 seu,
650 1001 680 1023 ut
694 996 765 1024 LXX
781 997 885 1032 dicunt,
902 1007 954 1025 non

158 1036 283 1067 inuenit?
304 1040 367 1075 quia
391 1040 494 1068 divitiis
514 1041 683 1076 paenitentia:
707 1043 777 1070 male
802 1051 876 1076 usus,
897 1051 953 1071 non

157 1093 207 1113 eas
221 1086 454 1120 quemadmodum
471 1088 624 1122 oportebat,
646 1089 784 1123 expendit.
802 1089 873 1122 Quid
888 1097 953 1126 ergo

159 1131 252 1162 Faciet,
273 1136 303 1158 ut
322 1139 377 1159 non
398 1132 553 1167 desperatio
567 1133 591 1160 ei
611 1141 691 1160 causa
714 1134 874 1169 perditionis
889 1134 953 1162 ﬁat?

194 1177 286 1212 (ᾔτει-ει
300 1185 348 1212 pro
362 1183 468 1213 peccato
482 1187 529 1205 suo
544 1178 672 1211 similam,
687 1184 791 1214 partem
807 1180 866 1215 ephi
882 1180 952 1207 deci-

159 1228 231 1250 mam
245 1231 255 1250 ι
271 1231 323 1250 non
341 1225 426 1251 mittet
449 1225 477 1250 in
499 1232 557 1251 eam
575 1224 672 1258 oleum,
691 1233 737 1252 nec
751 1225 834 1252 thuris
850 1226 952 1261 aliquid

157 1273 248 1302 ponet,
274 1269 338 1304 quia
362 1277 410 1303 pro
431 1274 537 1303 peccato
554 1274 602 1296 est.
622 1269 684 1298 Haec
706 1278 771 1306 ergo
796 1271 903 1306 species
926 1271 950 1298 ei

160 1315 329 1349 paenitentiae
353 1322 483 1343 concessa
506 1320 548 1343 est
568 1324 649 1350 quam
665 1316 743 1344 dixit.
763 1317 876 1344 Atixiari
900 1325 951 1344 au-

159 1364 215 1387 tem
230 1365 258 1388 et
273 1361 370 1388 timere
383 1361 475 1393 debet,
491 1370 526 1389 ne
546 1361 615 1389 forte
631 1369 686 1390 non
701 1362 866 1397 suscipiatur
879 1363 948 1398 ejus,

159 1410 254 1442 utpote
279 1407 439 1442 lrequenter
453 1407 589 1442 injuriata,
603 1408 762 1443 paenitentia
776 1417 783 1442 ;
804 1414 948 1444 propterea

157 1459 211 1480 nec
234 1451 324 1479 oleum
348 1453 531 1488 superlundit.
550 1457 642 1487 utpote
666 1453 793 1481 dubitans
813 1461 848 1481 an
868 1455 950 1482 mise-

156 1497 277 1524 ricordia
291 1502 319 1524 et
333 1498 523 1533 compassione
536 1496 634 1532 dignus
655 1499 699 1525 sit.
721 1499 775 1526 Sed
793 1507 844 1526 nec
862 1500 949 1527 thuris

157 1543 260 1578 aliquid
281 1543 409 1578 imponit,
423 1547 517 1578 utpote
532 1544 578 1578 qui
595 1544 684 1571 nescit
696 1548 785 1571 utrum
800 1545 862 1571 boni
880 1545 948 1572 odo-

157 1589 196 1616 ris
219 1589 259 1616 sit
281 1589 341 1624 ejus
362 1589 553 1624 oratio.quam
577 1589 736 1624 frequenter
755 1591 948 1625 praevaricatus

155 1639 208 1663 est.
225 1635 303 1663 Unde
318 1635 376 1663 Joel
390 1636 522 1671 propheta
538 1636 572 1663 ad
587 1636 694 1672 plebem
707 1636 864 1665 Judzeorum
875 1637 949 1664 dicc-

156 1681 204 1709 bat
222 1690 229 1708 :
249 1680 442 1709 Canuertimini
472 1683 507 1709 ad
541 1683 682 1710 Dominum
712 1683 794 1710 Deum
823 1690 947 1717 vestrum,

156 1729 219 1762 quia
243 1728 370 1763 benignus
396 1733 419 1754 et
442 1729 590 1755 misericors
606 1734 654 1761 est,
670 1729 773 1763 patiens
793 1734 815 1756 et
838 1729 948 1756 multum

156 1775 317 1806 misericors,
331 1779 355 1801 et
370 1775 529 1809 pra'stabilis
549 1783 629 1809 super
649 1775 764 1802 malitia.
786 1775 850 1808 Quis
865 1777 911 1803 scit
926 1777 949 1803 si

155 1825 327 1848 convertatur
341 1825 365 1848 et
386 1821 512 1856 ignoscat,
529 1826 553 1848 et
574 1821 706 1856 relinquat
726 1827 784 1856 post
798 1831 825 1849 se
841 1823 948 1850 benedi-

154 1867 289 1893 ctionem?
315 1864 483 1901 Sacriﬁcium
506 1871 531 1894 et
556 1865 671 1894 libamen
693 1867 805 1895 Domino
827 1868 879 1896 Deo
901 1877 948 1896 no-

154 1917 209 1940 stra
225 1912 245 1939 '.
274 1912 308 1939 Et
334 1912 472 1947 quomodo
501 1912 642 1940 dubitatur
666 1913 700 1940 de
725 1913 902 1942 misericordc
921 1919 949 1942 et

156 1959 288 1994 patiente,
311 1963 339 1986 et
360 1959 454 1986 multa:
476 1959 670 1992 miserationis,
690 1959 711 1986 si
729 1964 906 1987 convertatur
921 1965 950 1987 et

157 2005 302 2041 paeniteat.
315 2010 343 2033 et
357 2006 379 2033 si
394 2005 558 2033 sacriﬁcium
570 2010 617 2032 aut
632 2005 750 2032 libamen
767 2013 815 2040 pro
831 2006 948 2040 peccatis

155 2052 283 2088 accipiat,
301 2051 355 2079 nisi
370 2052 433 2087 quia
451 2052 552 2087 populo
569 2052 687 2086 maligno
703 2056 730 2078 et
745 2051 868 2086 diligenti
883 2059 948 2086 pec—

156 2103 215 2125 cata
228 2098 369 2133 loquitur?
384 2097 436 2130 Qui
454 2105 516 2124 cum
533 2105 606 2132 saepe
619 2097 715 2133 egerit,
731 2104 870 2131 nunquam
887 2105 949 2132 per-

156 2144 225 2171 stitit
248 2144 276 2171 iu
299 2152 366 2179 pura
380 2144 538 2178 ptruitentia
554 2152 561 2170 :
577 2151 641 2179 ergo
659 2151 709 2171 nec
730 2143 948 2179 desperationem

157 2190 209 2218 illis
232 2189 325 2217 facere
341 2191 409 2222 vult,
429 2197 479 2217 nec
499 2197 595 2216 rursus
616 2197 664 2217 eos
690 2190 856 2224 pmnitcntes
871 2191 949 2218 valde

1004 965 1079 986 nem.
1097 957 1207 987 Decima
1225 964 1316 987 autem
1336 961 1396 995 ejus
1417 966 1459 990 est
1481 969 1544 989 caro
1562 971 1568 989 :
1586 963 1706 998 primum
1729 965 1792 1000 qui-

1004 1003 1066 1031 dem
1094 1007 1123 1030 ut
1149 1004 1339 1033 ostenderetur
1367 1006 1519 1034 sublimitas
1548 1008 1698 1036 divinitatis
1722 1010 1792 1044 ejus,

1003 1051 1137 1083 quantum
1161 1050 1194 1077 ad
1219 1050 1426 1084 humanitatem,
1447 1057 1560 1087 propter
1585 1054 1658 1088 quod
1681 1059 1709 1081 et
1731 1063 1794 1090 pars

1002 1093 1118 1127 dicitur;
1139 1095 1238 1122 deinde
1254 1103 1304 1130 pro
1318 1104 1350 1123 eo
1367 1097 1439 1131 quod
1455 1097 1560 1133 integro
1575 1099 1687 1127 homine
1705 1100 1794 1128 incar-

1003 1143 1084 1166 natus
1109 1143 1152 1166 est
1175 1139 1246 1167 Deus
1270 1139 1399 1173 Verbum,
1419 1146 1446 1168 et
1469 1142 1517 1176 qui
1544 1143 1631 1178 legem
1656 1144 1791 1179 impleret.

1002 1181 1153 1218 Utrumque
1169 1184 1242 1211 enim
1256 1184 1361 1212 decima
1376 1185 1521 1220 signiﬁcat,
1534 1188 1596 1222 quia
1611 1192 1639 1215 et
1654 1188 1793 1223 perfectus

1002 1233 1043 1256 est
1056 1229 1185 1256 denarius
1201 1238 1343 1258 numerus.
1364 1231 1461 1259 Decem
1477 1237 1569 1260 autem
1583 1235 1712 1262 mandata
1726 1236 1794 1273 legis

1002 1278 1076 1308 sunt,
1089 1275 1161 1302 unde
1177 1279 1204 1302 et
1219 1275 1330 1302 decima:
1345 1275 1496 1304 :decimam
1508 1282 1613 1313 partem
1627 1280 1791 1315 praecipuam

1002 1320 1147 1353 sacerdoti,
1167 1320 1278 1348 Christo
1300 1321 1434 1354 videlicet,
1459 1322 1500 1349 lex
1521 1323 1673 1358 deputavit,
1699 1330 1793 1361 utpote

1001 1375 1099 1394 massa:
1124 1372 1225 1395 nostra:
1245 1367 1381 1403 primitias
1402 1369 1524 1398 habenti.
1544 1371 1705 1406 Quicunque
1729 1380 1793 1408 ergo

1001 1412 1191 1447 paenitentiam
1210 1420 1281 1447 stupe
1300 1415 1481 1448 praevaricans
1498 1416 1618 1449 violabit,
1640 1425 1792 1453 rursusque

1002 1456 1059 1483 vult
1072 1465 1151 1492 agere
1167 1458 1367 1492 pcenitentiam,
1381 1460 1408 1485 in
1426 1467 1474 1494 spe
1485 1460 1583 1488 Christi
1601 1466 1672 1496 agat,
1686 1463 1732 1497 qui
1748 1463 1791 1490 in-

999 1503 1119 1537 quisitus
1133 1511 1148 1530 a
1164 1503 1244 1531 Petro
1259 1513 1266 1530 :
1281 1504 1310 1531 Si
1330 1506 1474 1539 peccaverit
1496 1506 1524 1532 in
1546 1515 1587 1533 me
1605 1508 1687 1542 frater
1708 1516 1789 1541 meus,

1000 1549 1100 1584 quoties
1122 1549 1227 1576 dimitto
1252 1550 1286 1582 ei,
1305 1558 1387 1585 usque
1403 1551 1517 1586 septies?
1541 1552 1610 1579 dixit
1627 1561 1633 1578 :
1650 1552 1709 1580 Non
1732 1554 1790 1580 dico

1001 1595 1048 1622 tibi
1063 1604 1142 1631 usque
1155 1596 1259 1630 septies,
1277 1597 1322 1623 sed
1339 1605 1420 1632 usque
1434 1598 1583 1633 septuagies
1598 1599 1692 1632 septies
1704 1600 1724 1625 '.
1740 1600 1791 1627 Hic

999 1649 1064 1677 ergo
1086 1649 1176 1669 sermo
1207 1650 1283 1677 spem
1304 1643 1471 1677 paenitentia:
1490 1643 1529 1670 eis
1549 1644 1647 1678 quibus
1663 1646 1790 1681 impossi-

999 1688 1061 1715 bilis
1076 1688 1183 1716 videtur
1194 1688 1307 1723 praebet.
1321 1688 1436 1724 Propter
1445 1689 1517 1723 quod
1529 1688 1658 1718 hauriens
1672 1692 1705 1718 de
1718 1691 1791 1728 obla-

999 1734 1073 1762 tione
1098 1734 1193 1769 implet
1218 1735 1349 1770 pugillum
1374 1735 1401 1762 in
1426 1741 1634 1764 monumentum
1659 1737 1719 1771 ejus
1743 1739 1788 1772 qui

999 1780 1107 1813 obtulit,
1124 1785 1151 1807 et
1167 1785 1272 1807 cremat
1294 1789 1378 1816 super
1395 1781 1490 1814 altare,
1509 1782 1535 1809 id
1555 1787 1606 1815 est,
1623 1791 1727 1810 memor
1747 1785 1787 1810 sui

998 1825 1086 1858 verbi,
1103 1825 1174 1860 quod
1190 1833 1239 1859 pro
1257 1824 1299 1851 his
1319 1825 1466 1857 salvandis,
1482 1826 1527 1860 qui
1549 1826 1581 1853 ad
1599 1833 1628 1853 se
1644 1826 1790 1854 veniebant

998 1871 1128 1906 apostolis
1149 1871 1218 1898 dixit
1235 1880 1242 1898 :
1257 1871 1318 1898 Non
1333 1872 1454 1906 peribunt
1472 1872 1500 1898 in
1523 1876 1659 1904 aeternum,
1674 1878 1698 1898 et
1716 1881 1790 1899 nemo

998 1926 1043 1945 eas
1059 1918 1142 1952 rapiet
1158 1918 1190 1944 de
1205 1926 1285 1944 manu
1301 1926 1358 1944 mea
1377 1918 1409 1944 '°.
1428 1917 1589 1944 Veniente-In
1607 1918 1639 1944 ad
1658 1925 1687 1944 se
1705 1918 1791 1944 salvat

998 1971 1060 1990 eum
1093 1963 1138 1997 qui
1164 1970 1235 1997 saepe
1257 1962 1372 1997 deliquit
1391 1963 1418 1989 in
1438 1962 1637 1997 paenitentiam.
1657 1961 1726 1994 Quid
1742 1970 1790 1996 pro

997 2017 1031 2038 eo
1046 2008 1167 2036 offerens
1182 2008 1312 2043 pugillum
1331 2009 1357 2035 in
1374 2013 1594 2040 monumentum,
1616 2009 1641 2034 id
1659 2012 1710 2039 est,
1728 2016 1789 2035 vcr-

999 2055 1062 2081 bum
1085 2054 1236 2081 secundum
1257 2054 1330 2088 quod
1354 2053 1480 2088 promisit
1499 2061 1546 2081 eos
1564 2054 1610 2089 qui
1631 2055 1715 2082 semel
1738 2055 1790 2082 sub

999 2109 1080 2128 manu
1103 2101 1163 2135 ejus
1187 2100 1252 2127 lacti
1278 2100 1381 2127 fuerint
1405 2108 1458 2127 non
1480 2101 1579 2136 perire.
1597 2101 1633 2129 Dc
1652 2102 1703 2128 hoc
1724 2109 1788 2136 ergo

1000 2147 1102 2182 pugillo
1127 2146 1270 2173 mulierem
1295 2154 1355 2181 quae
1379 2146 1493 2182 ﬁgurant
1518 2147 1628 2182 gerebat
1650 2147 1788 2179 Ecclesim,

1000 2194 1058 2229 ipsc
1080 2193 1232 2220 introduxit
1247 2192 1386 2220 dicentem
1404 2201 1410 2219 :
1427 2191 1594 2228 Congattdete
1614 2194 1686 2226 milii,
1703 2194 1789 2221 inveni

156 2243 334 2270 praesumere.
352 2239 433 2270 atque
454 2235 516 2262 ideo
536 2235 629 2263 verbis
651 2239 693 2262 εει
713 2235 804 2263 (initiis
819 2244 905 2263 usus:
922 2241 949 2264 Ol
966 2246 987 2273 D
1000 2248 1058 2267 eam
1072 2239 1227 2266 drachmam
1241 2246 1322 2273 quant
1335 2238 1503 2272 perdideram
1517 2238 1548 2264 ¹¹.
1569 2239 1589 2264 Α
1606 2238 1698 2265 multis
1715 2239 1788 2265 enim

155 2281 336 2316 quamobrem
354 2289 409 2308 non
427 2281 571 2316 oportebat
587 2280 828 2315 prmsumptionem
853 2281 892 2308 eis
909 2281 949 2308 ia-

155 2327 209 2354 cilc
222 2327 295 2359 dari,
311 2334 346 2354 ne
357 2328 420 2354 data
441 2326 630 2362 prmsumptio,
651 2325 684 2353 ad
703 2326 753 2352 alia
773 2334 867 2354 rursus
882 2334 948 2361 pec-

154 2377 216 2399 cata
243 2379 293 2399 eos
320 2372 532 2407 negligentiores
558 2371 695 2404 efficeret,
721 2371 796 2398 velut
820 2371 948 2399 relaxatis

155 2418 307 2454 prioribus,
323 2418 447 2445 inlirmos
467 2418 568 2453 quippe
586 2417 717 2452 quosdam
745 2422 773 2445 et
791 2417 948 2445 inconstan-

156 2470 198 2492 tcs
211 2464 240 2491 iu
259 2464 407 2492 virtutibus
422 2463 560 2500 legislator
576 2463 676 2491 innuit.

191 2509 290 2538 Tradat
312 2515 403 2536 autem
423 2517 483 2536 eam
506 2509 645 2536 sacerdoti.
668 2508 714 2536 Ille
737 2513 838 2541 autem,
857 2513 951 2543 utpote

155 2556 219 2590 pius
231 2555 361 2583 Christus
374 2563 382 2583 :
395 2555 498 2590 quippe
512 2559 554 2584 est
568 2555 614 2590 qui
627 2554 709 2582 etiam
718 2562 792 2582 nunc
808 2562 856 2590 per
868 2555 951 2591 signi-

155 2600 313 2629 ﬁcationem
329 2601 490 2636 intelligitur
503 2601 663 2629 sacerdotis.

191 2645 243 2679 Qui
266 2647 374 2681 plenum
395 2655 427 2674 ex
451 2651 505 2674 toto
523 2647 653 2683 pugillum
672 2648 806 2681 hauriens,
823 2649 949 2676 cremabit

155 2701 235 2727 super
249 2693 338 2720 altare
353 2693 380 2720 in
396 2698 594 2720 monumentum
612 2693 677 2728 ejus.
696 2694 749 2726 Qui
770 2694 869 2722 obtulit
887 2703 950 2730 spc-

155 2740 212 2766 cies
231 2739 392 2772 oblationis,
408 2739 584 2774 acceptabilis
607 2744 649 2767 est
673 2740 736 2775 ephi
760 2740 859 2769 simile.
881 2742 950 2777 Ephi

157 2790 247 2811 autem
264 2792 393 2811 mensura
408 2789 450 2811 est
464 2784 546 2812 trium
566 2793 770 2820 mensurarum,
786 2787 811 2814 id
828 2791 880 2821 est,
895 2792 951 2816 tres

1003 2285 1073 2312 male.
1088 2283 1251 2320 ptenitcntia
1266 2284 1406 2311 utentibus
1419 2282 1524 2318 perdita
1542 2283 1629 2310 fuerat
1644 2283 1712 2309 ratio
1727 2291 1788 2317 spc-

982 2330 1096 2362 ,raudae
1120 2330 1298 2366 prenitentiaa,
1321 2330 1368 2357 sed
1379 2329 1529 2357 secundum
1552 2327 1709 2363 praedictum
1731 2336 1789 2354 Ino-

1001 2375 1067 2403 dum
1090 2376 1201 2403 inventa
1225 2380 1275 2402 cst.
1300 2375 1357 2402 Hoc
1380 2382 1445 2410 ergo
1466 2378 1673 2401 monumentum
1695 2372 1790 2399 oll‘ert-t

1001 2430 1086 2457 super
1108 2421 1194 2448 altare
1218 2428 1318 2455 corpus
1342 2428 1431 2452 suum,
1449 2420 1521 2455 quod
1543 2427 1624 2446 onme
1648 2423 1787 2453 peccatum

1002 2468 1135 2502 suscepit,
1156 2467 1237 2494 etiam
1264 2466 1329 2493 illud
1357 2466 1429 2501 quod
1455 2465 1598 2492 videbatur
1624 2463 1790 2498 impossibile

1002 2521 1082 2549 posse
1097 2512 1208 2540 salvari.
1224 2511 1338 2548 Propter
1354 2512 1425 2547 quod
1441 2511 1544 2538 addidit
1559 2519 1566 2537 :

1037 2559 1105 2592 Quia
1121 2567 1168 2593 pro
1181 2564 1287 2593 peccato
1300 2563 1347 2585 est.
1361 2557 1516 2592 Ostendcns
1528 2556 1591 2591 quia
1605 2556 1638 2583 ad
1651 2554 1789 2583 Christum

1002 2605 1090 2632 solum
1115 2606 1234 2640 pertinet
1261 2604 1384 2631 omnium
1410 2607 1520 2638 peccata
1544 2602 1696 2636 suscipere.
1720 2599 1790 2636 Ergo

1001 2651 1029 2678 hi
1058 2651 1104 2686 qui
1134 2651 1323 2686 paenitentiam
1353 2657 1425 2684 saepe
1455 2649 1592 2683 peccando
1622 2647 1790 2683 praevaricati

1000 2703 1075 2729 sunt.
1096 2703 1233 2733 postremo
1252 2701 1343 2723 autem
1362 2695 1559 2731 pmnitucrunt,
1574 2702 1606 2721 ex
1627 2701 1660 2720 eo
1679 2693 1790 2728 quidem

999 2745 1071 2778 quod
1094 2744 1252 2777 frequenter
1274 2742 1442 2777 praevaricati
1465 2745 1540 2773 sunt,
1556 2747 1633 2776 spetn
1653 2739 1790 2774 poeniten-

1000 2790 1044 2816 tia:
1060 2796 1114 2816 non
1133 2789 1235 2816 habent
1252 2797 1259 2816 :
1275 2789 1399 2816 Christus
1421 2793 1512 2815 tamen
1536 2786 1618 2814 etiam
1639 2785 1677 2812 sic
1699 2792 1789 2816 orare,

190 2850 234 2877 ιιι
255 2850 375 2890 ceti-.31,
391 2852 452 2890 η-
473 2852 484 2868 ι
500 2852 644 2890 ιιρδηδιι,
662 2853 705 2890 ιθ,
724 2854 766 2881 l7.
805 2854 816 2870 ι
834 2834 903 2884 toct.
923 2865 951 2890 ιι,

1005 2878 1011 2890 ,
1040 2857 1079 2885 ιι.
1119 2857 1244 2885 ’Coloss.
1259 2866 1277 2884 ιι
1309 2858 1334 2885 9.
1380 2857 1389 2872 ⁸
1407 2856 1417 2883 l
1433 2856 1511 2884 toan.
1524 2863 1557 2888 ιι,
1572 2854 1618 2881 23.
1666 2853 1676 2869 '
1692 2851 1789 2879 Matth.

155 2893 233 2918 svnt,
256 2886 302 2919 2|,
316 2886 361 2913 ‘22.
401 2888 422 2902 ¹⁶
437 2887 516 2916 Joan.
536 2896 561 2921 κ,
575 2889 619 2916 28.
661 2889 678 2904 ¹¹
696 2889 761 2916 Luc.
773 2897 815 2922 xv,
830 2890 856 2916 9.
