2052 3146
154 188 202 223 841

731 186 771 218 ΙΝ
792 187 1010 219 LEVITICUM.
1030 198 1061 203 —
1082 187 1154 216 LIB.
1176 184 1200 216 Ι.

1725 183 1777 215 κω

153 245 222 273 eiter
240 243 343 272 dictum
362 246 414 275 est,
431 242 627 278 quinquaginta
647 242 788 271 sicterum.
810 243 939 270 Ostendit
954 246 974 274 Α
991 241 1067 275 Quod
1076 241 1098 269 si
1111 240 1307 276 peccaveritde
1320 240 1508 275 populoterrze
1524 247 1572 275 per
1582 239 1774 276 ignorantiam,

154 287 256 325 quippe
280 289 325 316 hic
348 296 477 316 numerus
494 289 580 316 sancti
598 288 715 323 Spiritus
731 289 891 321 adventurm,
907 296 941 315 ex

153 343 186 362 eo
205 335 279 370 quod
296 335 340 362 die
355 334 526 367 Pentecoste,
543 334 568 362 id
587 339 629 361 est;
652 334 886 370 quinquagesima,
907 333 941 361 ad

154 380 292 415 apostolos
317 381 402 407 venit.
423 380 477 407 Sed
501 384 530 407 et
555 381 675 415 pondere
699 381 857 412 sanctuarii,
883 380 941 407 sive

154 425 306 452 secundum
321 425 391 452 LXX
409 425 476 452 sielo
490 430 595 458 sancto,
612 429 641 451 ut
656 433 704 460 per
718 425 770 452 hoc
782 425 855 459 quod
872 424 941 451 dixit

155 475 261 502 sancto,
290 471 448 497 ostenderet
480 470 567 497 sancti
603 470 721 505 Spiritus
754 470 882 497 virtutem
914 474 941 496 et

154 516 354 551 operationem.
374 515 447 543 Siclo
469 520 560 542 autent
580 515 681 550 quare?
702 515 770 547 Quia
793 515 876 542 siclus
897 515 940 542 vi-

154 562 223 597 ginti
239 562 382 588 obolorum
399 565 451 593 est,
470 561 515 588 hic
535 566 626 588 autem
644 560 795 587 vicenarius
812 567 941 587 numerus

154 616 209 635 non
223 612 266 634 est
285 606 403 642 peccatis
417 606 562 633 obnoxius.
583 605 661 633 Unde
675 605 701 632 hi
713 606 758 640 qui
774 605 808 632 de
825 605 940 640 IEgj'pto

153 654 290 684 exierunt,
312 660 373 679 eum
391 652 486 687 viginti
500 659 634 678 annorum
649 655 753 682 essent,
768 651 872 685 peccati
890 658 940 685 po-

153 699 210 734 puli
229 706 338 733 pmnam
360 705 414 724 non
436 701 616 731 susceperunt
631 704 637 722 :
655 696 771 723 mundus
789 697 888 731 quippe
906 697 939 723 ab

127 753 137 782 ς,
153 744 229 772 omni
242 749 354 778 peccato
368 747 410 770 est
422 743 552 777 spiritalis
566 743 658 769 homo.
673 741 731 768 Non
747 742 834 769 solum
848 746 938 769 autem

153 791 269 818 arietem
285 789 390 820 oﬁerri,
407 789 454 815 sed
468 793 495 815 et
509 788 629 823 quintam
643 788 743 815 addere
756 787 893 822 przecepit.
911 787 938 814 Si

152 837 215 870 quis
238 835 309 862 forte
328 839 423 861 sancto
437 841 512 865 vase,
529 834 570 861 vel
586 834 656 864 cibo,
671 838 718 860 aut
735 837 873 868 unguento
893 833 938 860 tali

153 880 249 907 illicite
265 879 366 906 abusus
381 883 432 911 est,
445 879 496 905 hoc
511 879 657 913 appellavit
677 878 851 905 commissura
872 886 938 913 pec-

995 287 1113 314 utfaciat
1121 286 1267 321 quidquam
1278 293 1311 312 ex
1321 285 1362 312 his
1373 293 1432 320 qua:
1441 285 1548 312 Domini
1563 285 1619 321 lege
1631 286 1776 320 prohiben-

993 336 1036 359 tur
1048 336 1130 366 atque
1147 331 1296 366 delinquat,
1315 336 1342 358 et
1357 332 1514 367 cognoverit
1527 337 1670 366 peccatum
1684 340 1774 362 suum.

991 376 1088 404 oﬁ'eret
1108 385 1216 412 capram
1237 377 1448 404 immaculatam.
1467 377 1544 405 Nunc
1560 382 1687 413 tanquam
1705 379 1775 406 obli-

992 427 1035 450 tus
1052 430 1083 450 ea
1103 431 1163 458 quae
1185 427 1351 458 praeceperat
1368 431 1373 449 :
1393 423 1420 450 Si
1440 424 1541 454 anima,
1558 423 1606 454 ait,
1623 424 1777 459 peccaverit

991 476 1041 503 per
1062 468 1254 504 ignorantiam,
1269 469 1417 504 feceritque
1437 477 1520 496 unum
1538 477 1570 496 ex
1586 469 1628 496 his
1646 477 1706 504 quae
1723 470 1776 497 Do—

990 514 1056 540 mini
1074 514 1132 550 lege
1151 514 1333 549 prohibentur
1350 523 1356 541 :
1372 519 1399 542 et
1418 515 1520 550 peccati
1545 523 1590 542 rea
1612 516 1773 545 intellexerit

990 558 1161 592 iniquitatem
1179 566 1267 591 suam,
1283 559 1379 586 oll'erct
1393 560 1506 587 arietem
1526 560 1726 588 immaculatum
1742 561 1776 589 de

991 603 1118 638 gregibus
1137 604 1282 631 sacerdoti.
1302 605 1336 632 Et
1354 605 1469 632 multum
1486 606 1593 633 videtur
1607 606 1715 634 diﬁerre
1731 607 1774 634 in-

990 654 1031 676 ter
1045 650 1097 677 hoc
1110 650 1284 682 sacriﬁcium,
1301 655 1329 677 et
1346 650 1410 678 illud
1426 651 1497 685 quod
1511 651 1612 678 dudum
1623 653 1751 687 prmcepit
1766 661 1772 679 :

990 695 1037 722 sed
1058 703 1148 730 neque
1167 696 1266 723 oblitus
1292 701 1333 723 est
1355 697 1489 724 anteriOra
1512 705 1563 725 nec
1585 699 1719 726 contraria
1736 699 1775 727 eis

990 740 1129 774 praecepit.
1148 740 1217 773 Quia
1238 741 1310 768 enim
1328 742 1439 769 nomine
1454 742 1551 769 animae
1565 743 1692 777 gentilem
1706 743 1775 771 dixi-

990 793 1051 812 mus
1068 785 1224 820 signiﬁcari,
1244 786 1289 812 hic
1309 791 1399 813 autem
1421 787 1535 814 forsitan
1553 787 1679 823 ignorans
1696 796 1774 816 man-

990 830 1050 857 data
1069 830 1135 865 legis
1154 831 1305 866 transgredi
1331 836 1437 866 poterat
1462 832 1583 867 (propter
1599 833 1671 868 quod
1695 833 1771 864 dixit,

977 870 1035 909 'per
1054 876 1232 910 ignorantiam
1252 877 1346 911 recte),
1363 878 1541 913 intelligibilis
1557 878 1638 911 aries,
1650 878 1774 907 Christus

153 930 244 951 catum
258 924 285 951 in
300 929 392 950 sancta
409 932 416 952 :
431 924 474 950 hic
487 932 551 959 ergo
567 924 655 959 ipsum
671 924 776 955 reddet,
789 929 816 951 et
829 925 939 958 insuper
955 923 975 950 Β
990 921 1125 954 videlicet,
1141 923 1222 957 hujus
1237 927 1377 958 peccatum
1392 924 1419 950 in
1439 924 1571 952 sacriﬁcio
1588 933 1637 959 pro
1651 932 1684 953 eo
1697 925 1774 952 obla-

152 970 288 1005 quintam,
305 969 330 997 id
344 974 386 996 est
399 970 520 1004 quintam
540 970 598 1004 ejus
618 974 722 1004 partem
739 970 827 997 tradet
846 977 937 997 sacer-

153 1016 219 1043 doti.
244 1016 302 1042 lloc
323 1020 414 1042 autem
440 1015 572 1051 signiﬁcat
592 1020 631 1048 ut,
662 1016 788 1051 quoniam
817 1016 937 1050 quinque

152 1070 251 1089 sensus
274 1063 414 1095 habemus,
431 1062 452 1089 si
475 1070 523 1097 per
546 1070 630 1089 unum
652 1070 762 1089 sensum
785 1062 937 1097 peccaveri-

152 1116 224 1140 mus,
241 1108 324 1135 veluti
339 1107 360 1134 si
376 1107 483 1134 oculum
499 1107 533 1134 ad
548 1107 708 1134 adulterium
723 1107 752 1134 in
774 1111 896 1142 tempore
910 1113 937 1134 et

153 1154 214 1181 loco
231 1159 328 1181 sancto
344 1153 577 1188 occupaverimus,
594 1157 641 1180 aut
664 1152 782 1188 linguam
801 1153 829 1180 in
848 1153 937 1180 detra-

153 1199 255 1231 hendo,
272 1198 315 1225 vel
333 1205 412 1226 aures
426 1198 460 1225 ad
478 1198 575 1225 malam
593 1198 768 1231 locutionem,
782 1203 828 1225 aut
843 1199 937 1226 odora-

152 1248 211 1271 tum
234 1244 267 1271 ad
288 1243 492 1278 perceptionem
511 1243 747 1270 odoranientorum
768 1242 936 1270 meretricio-

151 1298 225 1321 rum,
239 1294 286 1316 aut
301 1297 411 1316 manum
424 1289 458 1315 ad
473 1292 574 1316 tactum
588 1288 731 1323 profanum
745 1294 773 1316 et
786 1289 935 1323 injustum:

152 1336 271 1370 primum
287 1335 397 1369 quidem
419 1335 452 1362 ah
470 1334 517 1362 illo
534 1339 645 1369 peccato
666 1335 777 1362 omnino
798 1335 937 1364 abstinea-

151 1388 224 1413 mus,
241 1385 268 1408 et
283 1380 470 1416 paenitentiam
486 1381 519 1408 de
533 1388 565 1408 eo
577 1388 624 1415 per
643 1380 754 1408 arietem
769 1381 934 1415 oﬁ‘eramus;

152 1427 179 1455 id
193 1431 246 1459 est,
262 1427 399 1454 Christum
415 1434 541 1461 rogemus
557 1432 586 1454 ut
600 1427 702 1461 peccati
718 1427 743 1453 in
756 1435 784 1454 se
799 1428 936 1455 commissi

151 1473 209 1507 ipse
236 1472 283 1499 ﬁat
306 1472 408 1507 ercptio
426 1479 432 1498 :
452 1472 549 1499 deinde
573 1473 709 1507 quintam,
734 1473 759 1500 id
787 1477 827 1500 est
851 1481 935 1501 unum

151 1518 343 1553 praedictorum
368 1525 508 1550 sensuum,
529 1525 577 1552 per
598 1518 670 1552 quod
695 1522 834 1553 peccatum
859 1527 934 1546 com-

151 1563 264 1590 missum
280 1568 331 1595 est,
346 1563 490 1590 oﬁ‘eramus
509 1563 649 1596 sacerdoti,
665 1563 771 1591 Christo
787 1564 912 1591 videlicet
926 1573 932 1590 :

152 1612 182 1635 ut
207 1616 380 1642 nequaquam
410 1609 477 1635 ultra
505 1608 537 1635 ad
567 1608 701 1635 actionem
725 1617 834 1643 pravam
859 1609 933 1636 illum

151 1661 317 1688 occupemus
345 1661 465 1686 sensum,
484 1654 530 1681 sed
556 1662 747 1682 consecremus
771 1655 846 1682 illum
870 1655 933 1683 Deo.

152 1698 198 1726 Sic
209 1699 284 1726 enim
297 1707 347 1734 pro
357 1704 468 1734 peccato
480 1704 572 1726 nostro
585 1699 782 1734 deprccabitur.
795 1699 935 1732 Quomodo

150 1747 243 1770 autem
259 1743 363 1778 peccati
385 1744 456 1770 aries
477 1751 526 1777 per
550 1744 718 1770 sacerdotem
738 1743 876 1776 olIeratur.
908 1745 934 1771 in

150 1787 203 1815 alia
227 1792 305 1823 parte
330 1788 392 1814 libri
418 1789 602 1822 conscriptum
628 1792 679 1820 est,
701 1788 747 1815 ubi
773 1789 934 1816 sacriﬁcium

149 1841 200 1869 pro
215 1837 327 1869 peccato
342 1834 445 1868 aequale
464 1841 525 1860 esse
539 1833 674 1860 sacriﬁcio
687 1833 758 1867 quod
775 1841 824 1868 pro
838 1834 935 1862 delicto

150 1878 188 1911 ﬁt,
209 1878 376 1913 praedicavit.
398 1877 454 1905 Iloc
475 1882 564 1905 autem
589 1885 662 1905 nunc
684 1878 865 1913 adjiciendum
881 1885 932 1912 est,

148 1924 211 1959 quia
241 1924 370 1951 delictum
398 1924 534 1959 Iegislator
559 1924 665 1951 duobus
690 1924 778 1960 modis
805 1924 860 1956 uti,
885 1932 933 1952 seu

149 1976 252 2004 ponere
265 1969 367 2001 solens,
379 1973 406 1996 et
420 1969 547 1996 delictum
564 1969 700 2004 appellare
725 1976 799 1996 nunc
823 1969 932 2004 quidem

147 2019 291 2049 peccatum
315 2015 387 2049 quod
410 2015 442 2042 ad
465 2015 605 2042 scientiam
630 2016 762 2050 pervenit,
780 2020 807 2043 et
832 2024 933 2051 nequa-

145 2067 227 2095 quam
242 2061 298 2096 jam
316 2060 437 2096 ignotum
455 2066 497 2088 est
514 2062 648 2096 peccanti,
663 2069 736 2088 nunc
754 2065 845 2089 autem
860 2062 932 2097 quod

144 2106 174 2133 in
200 2106 256 2134 Deo
281 2107 341 2141 ipso
365 2107 540 2134 commissum
561 2112 611 2140 est,
635 2108 718 2135 veluti
743 2107 929 2143 jurejurando,

143 2157 192 2179 aut
207 2152 290 2179 etiam
315 2153 343 2179 in
365 2153 474 2184 sanctis,
491 2161 545 2180 non
567 2153 627 2180 sine
646 2161 728 2180 causa
750 2154 800 2180 hoc
816 2153 931 2188 appellat

142 2198 286 2231 delictum,
304 2198 352 2226 sed
376 2202 406 2225 ut
428 2203 455 2225 tu
476 2206 623 2234 cognoscas
646 2199 773 2226 similiter
793 2199 821 2226 in
846 2200 930 2228 Deum

141 2244 254 2271 extendi
280 2248 433 2279 peccatum,
456 2245 529 2279 quod
557 2244 585 2271 in
617 2245 740 2278 scientia,
759 2249 787 2272 et
809 2246 881 2280 quod
901 2246 927 2272 in
945 2258 968 2285 ι)

137 2289 330 2324 jurejurando,
346 2295 374 2316 et
390 2290 461 2324 quod
477 2290 504 2317 in
521 2290 622 2317 sanctis
635 2290 823 2317 committitur.

176 2333 261 2361 Vsus.
279 2335 374 2362 17-19.
395 2343 404 2360 ‹
428 2335 524 2362 Anima
547 2335 570 2362 si
600 2335 752 2369 peccaverit
776 2343 826 2369 per
853 2335 930 2370 igno-

140 2380 272 2410 rantiam,
287 2380 434 2414 feceritque
458 2389 542 2407 unum
559 2388 592 2407 ex
615 2381 657 2408 his
670 2388 731 2415 quae
746 2381 851 2408 Domini
873 2382 930 2416 lege

138 2423 334 2458 prohibentur,
351 2428 377 2450 et
390 2424 491 2457 peccati
513 2431 558 2450 rea
576 2423 742 2451 intellexerit
758 2424 928 2459 iniquitatem

139 2476 227 2501 suam,
245 2473 273 2495 et
285 2468 383 2495 oﬁ‘eret
401 2469 511 2495 arietem
534 2469 737 2496 immaculatum
751 2469 785 2496 de
801 2470 926 2504 gregibus

138 2514 288 2546 sacerdoti,
303 2514 380 2548 juxta
403 2522 556 2541 mensuram
578 2515 840 2549 aestimationemque
861 2523 926 2550 pec-

138 2560 203 2593 cati,
218 2560 266 2594 qui
285 2560 377 2587 orabit
399 2568 448 2594 pro
473 2561 518 2587 illo
539 2561 611 2594 quod
634 2560 761 2588 nesciens
779 2561 884 2593 l'ecerit,
900 2567 927 2590 et

138 2605 293 2632 dimittetur
316 2605 351 2638 ei,
372 2605 434 2639 quia
461 2613 509 2640 per
537 2613 657 2632 errorem
683 2605 795 2641 deliquit
823 2606 850 2633 in
871 2606 925 2633 Do-

135 2651 220 2678 mino.
240 2660 251 2677 ι

171 2695 261 2722 Habet
272 2702 392 2729 praesens
403 2695 478 2722 locus
487 2695 663 2730 qumstionem
674 2704 728 2724 non
739 2697 844 2725 modica
857 2705 923 2725 con-

136 2740 302 2768 sideratione
313 2741 434 2776 dignam,
444 2741 507 2775 quia
519 2749 568 2775 pro
579 2742 695 2776 peccatis
711 2749 759 2779 pro
770 2743 868 2777 quibus
881 2750 923 2770 ca-

137 2795 211 2821 pram
229 2787 335 2822 pridem
350 2787 452 2819 oﬁ‘erri,
469 2791 516 2814 aut
528 2795 605 2815 ovem
622 2788 761 2824 praecepit;
774 2787 812 2816 ait
826 2788 898 2815 enim
914 2796 920 2815 :

378 2833 386 2844 ι*

172 2886 194 2903 ⁸⁸
213 2886 294 2915 Joan.
312 2895 355 2919 xv,
380 2887 426 2915 22.

235 2933 372 2966 ΡΑτιιοιι.
399 2934 456 2964 Gn.
476 2933 578 2965 XCIII.

989 972 1032 994 tus
1054 968 1143 996 diluit.
1169 969 1221 997 Sed
1248 974 1276 996 et
1300 970 1364 997 illud
1385 971 1546 1004 ostenditur,
1571 975 1651 1005 atque
1676 971 1703 998 in
1729 970 1773 998 his

988 1013 1129 1040 evidenter
1142 1014 1356 1046 demonstratur,
1367 1015 1428 1049 quia
1443 1015 1470 1042 in
1485 1023 1647 1050 unoquoque
1662 1015 1771 1050 quidem

988 1063 1110 1093 peccato,
1128 1067 1178 1095 pro
1202 1060 1366 1087 remittendo
1389 1068 1421 1088 eo
1444 1061 1547 1096 egimus
1572 1061 1770 1096 paenitentiam,

988 1113 1049 1131 cum
1060 1113 1114 1132 non
1129 1105 1214 1133 simus
1229 1106 1319 1134 idonei
1333 1114 1382 1142 per
1394 1106 1585 1142 nosmetipsos,
1597 1107 1657 1134 sine
1671 1106 1770 1134 Christi

987 1151 1123 1179 sacriﬁcio
1136 1153 1268 1188 consequi
1281 1153 1398 1181 veniam.
1414 1153 1484 1188 Ergo
1498 1153 1590 1188 siquis
1602 1157 1675 1180 extra
1690 1152 1770 1180 Iidem

987 1196 1088 1224 Christi
1106 1198 1270 1225 constitutus
1290 1202 1340 1230 est,
1356 1198 1467 1226 Judaaus
1486 1198 1556 1225 forte
1574 1204 1620 1225 aut
1639 1206 1770 1233 paganus,

988 1242 1050 1270 lieet
1068 1243 1202 1278 pmnitere
1229 1251 1258 1271 se
1278 1244 1312 1271 de
1331 1244 1449 1278 peccatis
1473 1244 1530 1271 suis
1553 1252 1602 1279 per
1625 1251 1771 1272 conversa-

987 1289 1088 1316 tionem
1116 1294 1143 1317 et
1170 1289 1252 1317 vitam
1283 1290 1470 1322 demonstret,
1499 1290 1686 1318 remissionem
1717 1297 1771 1318 non

988 1333 1145 1366 merebitur,
1159 1334 1222 1369 quia
1246 1335 1355 1362 arietem
1370 1335 1478 1368 otierre,
1499 1335 1525 1362 id
1543 1339 1593 1368 est,
1610 1335 1711 1362 Christi
1727 1342 1772 1362 sa-

987 1379 1130 1412 criﬁcium,
1149 1387 1203 1406 non
1226 1385 1324 1414 potest.
1346 1380 1528 1413 Quamobrem
1552 1380 1715 1416 generaliter
1737 1380 1772 1408 de

987 1424 1114 1452 omnibus
1128 1425 1327 1459 quodammodo
1347 1426 1452 1452 sancire
1472 1426 1594 1460 cupiens,
1611 1433 1664 1452 non
1683 1425 1769 1453 dixit:

988 1468 1015 1495 Si
1029 1469 1120 1497 anima
1134 1470 1167 1497 de
1182 1471 1292 1505 populo,
1306 1471 1363 1504 sed,
1381 1470 1410 1498 Si
1430 1471 1520 1497 anima
1536 1470 1695 1506 simpliciter
1712 1478 1772 1504 pec-

986 1516 1092 1548 caverit,
1115 1519 1139 1541 et
1166 1516 1255 1551 fecerit
1284 1524 1364 1542 unum
1392 1524 1423 1543 ea:
1446 1516 1485 1543 his
1512 1525 1569 1551 qum
1589 1516 1695 1543 Domini
1718 1515 1772 1552 legs

986 1561 1165 1595 pro/libentur.
1183 1563 1253 1597 Ergo
1276 1566 1304 1590 et
1327 1563 1361 1590 de
1384 1562 1503 1594 indocto,
1525 1568 1552 1590 et
1572 1563 1605 1590 de
1629 1563 1769 1590 scientiam

988 1607 1115 1639 habente,
1132 1615 1183 1634 nec
1203 1615 1257 1634 non
1273 1608 1306 1635 de
1323 1608 1397 1635 omni
1418 1612 1528 1643 peccato
1545 1612 1618 1636 recte
1633 1608 1684 1636 hoc
1699 1607 1770 1643 quod

986 1651 1087 1678 dictum
1119 1657 1178 1684 est,
1204 1653 1344 1687 accipitur.
1372 1652 1440 1686 Quia
1467 1657 1556 1680 atttem
1584 1653 1698 1681 arietem
1722 1660 1772 1688 pro

986 1697 1083 1725 delicto
1105 1698 1184 1732 jubet
1205 1698 1307 1731 oﬁ‘crri,
1323 1699 1524 1734 apertissimum
1546 1707 1588 1727 est
1614 1699 1677 1734 quia
1702 1699 1771 1726 deli-

985 1747 1059 1770 ctum
1085 1743 1128 1770 hic
1154 1744 1292 1779 lcgislator
1313 1745 1480 1772 intelleetttm
1502 1749 1645 1780 peccatum
1669 1744 1769 1780 posuit.

985 1786 1098 1823 Propter
1107 1788 1179 1822 quod
1195 1789 1288 1816 dicens
1301 1797 1350 1823 per
1366 1789 1559 1824 ignorantiam,
1576 1789 1716 1817 subdidit:

1017 1835 1050 1860 Et
1064 1835 1164 1869 peccati
1190 1843 1233 1862 rea
1251 1835 1406 1862 intellm‘erit
1432 1835 1598 1871 iniquitatem
1615 1843 1700 1862 suam.
1719 1833 1771 1867 Qui

984 1883 1074 1906 autem
1089 1879 1253 1907 intellexerit
1271 1885 1421 1915 peccatum,
1437 1880 1483 1907 hic
1496 1880 1562 1907 illud
1580 1880 1607 1906 in
1624 1887 1654 1906 se
1669 1879 1768 1910 relidit,

983 1928 1010 1950 et
1023 1924 1176 1951 sordidatur
1190 1925 1224 1952 ab
1234 1933 1276 1958 eo,
1288 1925 1345 1952 sive
1356 1930 1495 1957 oneratur,
1509 1925 1628 1960 quandiu
1641 1933 1689 1960 per
1703 1932 1770 1960 prai-

983 1969 1084 1995 dictum
1099 1969 1261 1996 sacriﬁcium
1279 1970 1367 1997 oratio
1390 1978 1439 2004 pro
1463 1977 1497 1997 eo
1528 1970 1584 1996 ﬁat.
1613 1969 1769 1997 Intellectus

983 2017 1073 2040 autem
1088 2013 1201 2048 peccati,
1233 2014 1261 2041 in
1285 2014 1450 2041 habentibus
1480 2014 1588 2049 quidem
1615 2013 1766 2044 scientiam,

982 2058 1185 2086 contenebratis
1199 2066 1264 2086 vero
1277 2067 1368 2086 amore
1380 2059 1536 2092 libidinum,
1552 2066 1665 2086 necesse
1675 2062 1717 2086 est
1729 2063 1767 2088 ut.

982 2112 1043 2131 eum
1061 2104 1089 2131 in
1101 2105 1264 2140 cogitatione
1277 2113 1325 2133 sua
1352 2106 1526 2141 resipiscunt,
1545 2106 1688 2142 proveniat
1701 2113 1708 2132 :
1721 2114 1767 2133 ca-

983 2150 1104 2178 rentibus
1115 2158 1177 2178 vero
1192 2151 1316 2184 scientia,
1332 2159 1381 2187 per
1391 2157 1589 2187 eompetentem
1605 2153 1766 2186 doctrinam,

981 2195 1027 2230 qui
1055 2195 1209 2223 intellectus
1241 2203 1302 2223 cum
1343 2197 1474 2224 alterutro
1505 2197 1601 2225 horum
1630 2198 1766 2234 provenit,

983 2241 1063 2268 modo
1082 2241 1115 2268 ad
1131 2241 1183 2268 hoc
1196 2247 1287 2269 movet
1303 2242 1451 2275 hominem,
1469 2247 1498 2270 ut
1512 2244 1730 2279 cgeatsacriiicio
1739 2249 1768 2275 et

981 2287 1153 2321 pmnitentia.
1169 2286 1219 2320 Qui
1231 2287 1303 2315 enim
1319 2288 1443 2324 intelligit
1455 2289 1643 2326 pollutionem,
1665 2295 1693 2319 et
1711 2299 1766 2318 non

980 2340 1010 2360 se
1025 2337 1120 2368 purgat
1143 2341 1190 2368 per
1206 2334 1404 2368 prenitentiam,
1424 2335 1598 2363 manifestum
1623 2340 1665 2362 cst
1694 2336 1766 2370 quod

980 2377 1174 2404 abominabilis
1190 2378 1224 2405 sit
1238 2382 1266 2406 et
1295 2378 1429 2405 sordidus.
1445 2378 1512 2407 Nam
1531 2379 1612 2414 hujus
1624 2378 1663 2405 rei
1681 2380 1767 2413 gratia

979 2423 1012 2450 de
1028 2423 1130 2450 Judreis
1158 2424 1290 2452 Dominus
1316 2425 1423 2452 dicebat
1450 2433 1456 2452 :
1483 2424 1511 2452 Si
1531 2433 1582 2452 non
1604 2425 1729 2451 venissem
1747 2431 1770 2456 et

980 2469 1079 2496 locutus
1103 2470 1140 2496 eis
1168 2470 1285 2506 fuissem,
1300 2475 1437 2506 peccatum
1458 2479 1508 2498 non
1530 2471 1655 2498 haberent
1673 2478 1682 2497 :
1699 2478 1770 2497 nunc

980 2520 1068 2542 autem
1090 2517 1286 2543 extricatiouem
1310 2524 1361 2543 non
1375 2517 1470 2543 habent
1491 2517 1522 2544 de
1544 2520 1719 2551 peccato‘auo
1735 2517 1766 2543 η.

981 2562 1037 2588 Hoc
1060 2566 1151 2589 autem
1176 2561 1283 2596 planius
1311 2569 1342 2588 ex
1374 2561 1572 2596 posterioribus
1587 2563 1765 2598 approbatur.

979 2606 1048 2639 Quid
1060 2607 1132 2635 enim
1145 2607 1210 2634 dicit
1227 2616 1233 2634 :

1013 2650 1102 2678 Orabit
1112 2659 1159 2686 pro
1173 2651 1218 2678 illo
1240 2652 1370 2684 sacerdos,
1396 2653 1464 2686 quod
1481 2653 1596 2680 nesciens
1619 2654 1721 2689 fecerit.
1740 2658 1763 2682 et

976 2697 1122 2724 dimitte/ur
1133 2698 1167 2729 ei,
1183 2698 1244 2732 quia
1256 2706 1301 2732 per
1314 2706 1427 2725 errorem
1444 2698 1552 2734 deliquit
1567 2700 1594 2728 in
1610 2700 1761 2732 Dominum.

976 2741 1052 2774 Quod
1069 2741 1138 2769 LXX
1153 2742 1246 2770 dicunt
1263 2751 1269 2768 :
1288 2742 1320 2769 Et
1349 2743 1497 2770 dimittetur
1517 2745 1551 2776 ei,
1567 2744 1676 2780 deliquit
1693 2745 1761 2775 enim

976 2788 1097 2815 delictum
1111 2794 1170 2815 ante
1186 2789 1336 2822 Dominum.
1352 2789 1385 2816 Et
1400 2791 1536 2826 quomodo
1551 2790 1620 2823 idem
1638 2791 1696 2831 ipse
1713 2798 1762 2823 ne.
