2052 3146
275 199 328 232 843

869 195 1051 226 HESYCHII
1068 196 1305 227 PRESBYTERI

1857 198 1910 230 8M

277 258 372 288 scisse,
388 258 415 282 et
429 253 588 288 delinquere
611 252 740 280 delictum
767 259 859 280 coram
887 252 1003 280 Dontino
1019 253 1064 280 di-
1079 257 1101 285 Α
1116 253 1173 288 ipsa
1191 255 1272 282 verba
1289 254 1410 282 discussa
1437 259 1560 290 possunt.
1586 254 1733 284 Videamus
1754 263 1821 283 vero
1839 264 1910 292 quo-

277 304 363 334 cirur,
385 300 431 335 qui
457 298 541 333 judex
570 298 661 333 justus
685 303 736 330 est,
760 303 788 326 et
817 298 885 325 niltil
902 299 957 335 agit
973 304 1068 326 contra

274 346 427 385 justitiam?
447 353 499 373 nec
513 345 587 372 enim
603 345 637 372 de
663 346 719 372 sola
748 345 855 372 actiotte
878 353 929 373 nos
953 345 1067 380 judicat,

276 395 348 422 sicut
360 392 471 428 quando
490 392 523 418 ad
537 395 691 426 peccatum,
716 395 763 418 aut
786 396 897 426 propter
916 391 1067 424 libidinem,

275 446 323 469 aut
341 444 454 476 propter
472 439 614 466 avaritiam
628 459 634 471 ,
651 442 698 465 aut
711 437 1069 473 proptcrgloriamdeclina-

276 495 347 520 mus,
369 486 441 522 quod
468 485 619 521 ignorantia
649 484 721 511 illius
749 491 821 511 vera:
848 483 1014 518 voluptatis,
1042 486 1070 509 et

276 532 375 561 summi
400 531 479 564 lucri,
511 535 539 557 et
559 530 631 557 illius
660 537 715 556 non
742 529 816 556 falsae
832 529 921 563 gloria:
938 529 1068 563 patimur.

276 579 458 607 Faeitautem
486 578 557 604 hanc
580 577 760 611 ignorantiam
786 575 896 602 dilectio
923 574 1068 601 mendacii.

278 626 317 653 l‘lx
329 633 383 659 quo
395 624 529 658 quiSpiam
545 627 662 649 eteeatus
674 626 775 651 mente,
797 625 915 647 emeatur
934 620 1015 646 etiam
1042 623 1070 646 et

278 672 441 698 obscuratur
462 669 588 701 scicntia,
609 675 669 702 qua:
696 672 806 699 caecata,
833 667 900 693 nihil
932 665 1070 692 invenitur

278 718 380 744 distare
400 716 435 743 ab
447 714 611 750 ignorantia.
626 713 704 740 Unde
717 718 744 739 et
763 712 846 739 David
862 712 970 739 dicebat
988 721 994 737 :
1015 711 1070 737 Νε-

277 763 401 793 scicrunt,
424 769 506 796 neque
517 760 711 791 intellexerunt,
726 759 752 785 in
765 759 875 785 tenebris
887 757 1022 784 ambulant
1036 758 1068 784 ".

279 809 348 836 Dum
363 813 454 835 autem
475 806 650 841 resipueriut,
665 810 691 832 et
708 809 858 832 restaurata
876 804 958 831 fuerit
969 804 1069 830 obscu-

278 858 336 880 rata
354 859 444 883 IDCHS,
461 856 526 878 tunc
535 855 675 886 pCCCillUlll
691 850 835 880 sentimus,
852 852 880 875 et
891 855 1002 875 llCCCSSC
1029 852 1070 874 CSI

279 905 309 926 ut
322 899 348 925 in
363 899 492 925 delictum
515 897 606 928 nobis,
622 903 709 930 usque
724 896 787 922 dum
806 903 854 929 per
881 893 1069 929 pmuitentiam

279 951 437 980 purgentur,
463 947 616 978 reputetur,
632 942 760 968 delictum
778 944 869 968 autent
882 940 909 967 id
929 939 1002 974 quod
1031 944 1072 966 est

279 997 374 1018 contra
402 991 559 1021 Dontinuttt,
584 990 705 1024 duplicat
730 988 802 1015 enittt
828 987 959 1014 delictum
973 993 1072 1013 secun—

279 1037 343 1063 dum
361 1035 431 1062 LXX
446 1035 540 1062 dicens
563 1043 569 1061 :
590 1033 705 1068 Deliquit
719 1033 788 1060 enim
800 1033 922 1059 delictum
937 1036 998 1058 ante
1019 1031 1073 1057 Do-

279 1083 390 1110 minum.
410 1081 443 1108 ῐίι
459 1082 510 1108 ltoc
533 1081 611 1115 cujus
627 1080 664 1106 rei
678 1079 783 1115 gratia?
797 1079 931 1111 Quoniam
945 1078 1072 1105 delictum

279 1135 340 1155 esse
356 1127 523 1154 intellectum
541 1125 598 1151 sive
624 1125 805 1160 cognitionem
826 1123 929 1159 peccati
944 1123 1071 1155 diximus,

279 1178 308 1200 et
331 1173 420 1199 omnis
448 1172 530 1198 homo
559 1170 669 1204 quidem
694 1169 810 1196 naturali
842 1170 904 1204 jure
930 1169 1073 1196 scientiam

280 1219 385 1253 peccati
404 1217 496 1248 habet,
514 1215 561 1242 sed
578 1215 634 1246 hie,
652 1215 723 1241 sicut
748 1215 877 1245 diximus,
893 1221 952 1240 eattt
980 1221 1073 1240 amore

281 1263 427 1290 libidinum
444 1262 606 1289 tenebravit.
622 1261 698 1288 Alius
730 1265 820 1288 autem
844 1261 946 1287 tardior
966 1264 1075 1287 natura-

281 1311 343 1338 liter
358 1315 409 1343 cst,
425 1315 452 1337 et
467 1310 579 1336 alterius
595 1309 747 1336 doctrinam
761 1309 867 1337 habens
881 1310 1071 1336 necessariam.

282 1356 327 1384 Sic
337 1364 401 1391 ergo
413 1361 461 1383 aut
474 1355 645 1391 resipiscenti
661 1356 697 1388 ei,
714 1360 761 1382 aut
779 1355 812 1382 ab
827 1355 880 1382 alio
893 1355 1008 1382 discettti
1024 1355 1073 1382 de-

282 1402 386 1434 lictum,
403 1402 428 1429 id
444 1406 486 1429 est
512 1401 617 1436 peccati
634 1401 791 1432 seicntiam,
808 1401 899 1428 delicti
929 1405 1073 1435 perpetra-

283 1449 321 1476 tio
348 1453 413 1475 ante
428 1447 583 1477 Dominum,
598 1447 698 1482 duplex
725 1455 770 1481 pet
794 1446 941 1476 scientiam
962 1451 1074 1480 reputa-

282 1499 338 1526 tur,
353 1499 418 1521 tunc
434 1494 507 1521 enim
525 1495 594 1520 Deus
607 1494 666 1527 ejus
684 1493 824 1520 scientiam
840 1493 984 1520 obnoxiam
999 1492 1072 1525 facit,

282 1545 310 1568 et
327 1540 492 1568 sacriﬁcium
510 1548 558 1576 per
580 1540 761 1575 ignorantiam
776 1548 790 1567 e
807 1545 918 1575 peccato
939 1539 1029 1574 exigit,
1047 1543 1074 1566 et

282 1587 484 1623 ptenitentiam.

583 1630 697 1658 CAPUT
713 1631 756 1658 Vl.

318 1677 402 1705 Vnus.
430 1677 488 1704 l-‘l.
520 1677 662 1704 «Locutus
693 1682 735 1704 est
763 1676 894 1703 Dominus
918 1675 951 1703 ad
966 1675 1075 1711 Moysen

285 1723 396 1750 dicens:
415 1721 512 1749 Anima
534 1730 595 1756 qua:
618 1721 782 1757 peccaverit,
799 1725 826 1749 et
841 1725 998 1756 cotttempto
1021 1722 1075 1748 lico

286 1768 426 1804 negaverit
436 1768 591 1802 depositum
610 1768 736 1802 proximo
754 1775 814 1800 suo,
837 1768 909 1802 quod
932 1767 993 1794 ﬁdei
1015 1768 1076 1802 ejus

285 1814 418 1842 creditum
440 1813 532 1847 fuerit,
545 1814 588 1840 vel
602 1814 625 1840 vi
637 1813 737 1848 aliquid
746 1814 899 1846 extorserit,
913 1819 959 1840 aut
970 1814 1075 1841 calum-

285 1860 359 1886 niam
377 1859 474 1886 fecerit
492 1867 498 1885 :
515 1859 577 1886 sive‘
593 1866 650 1886 rem
667 1859 801 1894 perditam
818 1859 961 1892 invenerit,
975 1864 1002 1886 et
1031 1859 1074 1886 in-

286 1905 380 1933 ﬁcians
402 1906 514 1940 insuper
540 1905 684 1940 juraverit,
717 1910 745 1933 et
773 1906 913 1940 quodlibet
941 1907 1012 1934 aliud
1040 1914 1075 1934 ex

285 1952 410 1987 pluribus
425 1951 531 1982 fecerit,
543 1951 569 1977 itt
586 1951 683 1986 quibus
698 1959 812 1986 peccare
837 1952 926 1979 solent
950 1953 1075 1979 homines

286 1995 405 2024 convicti
430 1995 532 2028 delicti,
557 1995 652 2023 reddet
673 1996 767 2023 omnia
789 2004 849 2031 qua:
871 1996 966 2024 fraude
989 1997 1076 2024 voluit

285 2041 532 2077 obtinereintegra,
549 2041 707 2076 etquintam
721 2042 833 2076 insuper
841 2047 946 2077 partem
960 2042 1075 2069 Domino

285 2087 329 2114 eui
350 2087 478 2114 damnum
501 2087 641 2118 intulerat,
659 2095 707 2122 pro
722 2091 835 2122 peccato
849 2093 939 2114 autem
963 2094 1012 2114 suo
1033 2086 1075 2114 of-

286 2131 355 2158 feret
375 2131 487 2158 arietem
499 2131 704 2158 immaculatum
720 2131 753 2158 de
774 2139 865 2167 grege,
880 2135 907 2158 et
922 2131 997 2158 dabit
1012 2139 1074 2158 eum

287 2175 420 2202 sacerdoti
435 2175 510 2210 juxta
523 2176 733 2203 :estimationem
748 2184 959 2211 mensuramque
972 2176 1073 2209 delicti,

287 2221 333 2255 qui
344 2220 448 2255 rogabit
462 2229 512 2256 pro
524 2229 557 2248 eo
572 2230 663 2249 eorant
680 2222 807 2254 Domino,
831 2227 857 2250 et
872 2222 1025 2249 dimittetur
1038 2222 1073 2248 illi

287 2271 336 2299 pro
356 2264 468 2299 singulis
483 2272 543 2299 qua:
556 2265 679 2292 faciendo
691 2265 854 2300 peccaverit.
875 2274 884 2290 ›

323 2310 418 2338 Cernis
438 2311 510 2345 quod
535 2311 562 2338 in
585 2311 682 2338 eodem
707 2311 802 2338 ordine
834 2319 905 2344 esse,
934 2316 1073 2346 peceatum

287 2356 359 2391 quod
377 2356 403 2383 in
419 2361 523 2388 sancta,
540 2361 567 2383 et
579 2357 604 2383 id
617 2357 872 2391 quodjurejurando
885 2357 1074 2390 committitur,

287 2402 399 2437 spiritus
414 2401 461 2428 Dei
479 2402 577 2434 tradit;
590 2407 665 2437 patet
679 2407 768 2429 autent
784 2410 815 2428 ex
825 2410 857 2429 eo
870 2403 942 2437 quod
957 2402 984 2428 itt
999 2406 1076 2429 utro-

287 2456 340 2483 que
354 2448 527 2475 identarictis
542 2449 707 2475 sacriﬁcium
720 2448 810 2475 oﬂerri
826 2449 965 2484 praecepit.
987 2449 1074 2481 Quam

288 2494 323 2521 ob
338 2501 394 2521 rem
421 2494 494 2520 enim
516 2493 596 2528 paulo
616 2497 680 2521 ante
696 2494 723 2520 itt
739 2494 813 2520 otnni
831 2498 944 2528 peccato
963 2494 1075 2520 arietem

286 2539 368 2573 jussit
382 2538 485 2571 offerri,
500 2547 556 2567 non
578 2547 593 2566 a
619 2539 698 2567 nobis
713 2540 901 2574 conjicietttes,
920 2539 967 2566 sed
986 2539 1076 2566 inten-

290 2585 391 2612 tionem
411 2585 575 2620 legislatoris
593 2590 749 2620 sequentes,
772 2585 900 2612 diximus.
913 2585 969 2612 Cur
986 2590 1077 2612 autem

290 2636 431 2666 peccatum
445 2631 516 2666 quod
529 2631 708 2666 jurejurando
723 2635 774 2664 est,
805 2636 832 2658 et
846 2632 918 2666 quod
936 2631 963 2657 in
977 2631 1078 2658 sanctis

289 2676 468 2711 conjunctum
489 2677 614 2711 putavit?
633 2676 699 2710 Quia
713 2677 869 2704 omnimodo
883 2682 1029 2712 utrumque
1044 2676 1077 2704 ad

289 2722 374 2749 Deunt
389 2723 508 2757 pertinet
522 2731 528 2749 ε
546 2727 574 2750 et
593 2723 640 2758 qui
658 2723 851 2758 jusjurandum
865 2723 1076 2759 transgreditur,

289 2776 345 2796 non
364 2770 451 2796 solum
473 2770 598 2805 proximo
622 2774 713 2802 nocet,
735 2770 782 2797 sed
803 2775 831 2797 et
851 2770 901 2804 ipsi
919 2770 982 2801 Deo,
996 2778 1077 2804 quem

290 2814 468 2842 mediatorem
482 2815 557 2848 fecit,
571 2815 700 2850 injuriam
722 2814 805 2849 facit;
823 2815 923 2842 docere
937 2820 1029 2842 autem
1052 2819 1077 2842 te

341 2915 362 2930 "
381 2913 451 2941 Psal.
477 2921 567 2945 Lxxxt,
591 2913 617 2940 5.

1119 299 1200 327 modo
1211 300 1293 327 etiam
1304 300 1362 335 ipsa
1376 308 1450 328 nunc
1463 301 1505 327 lex
1522 300 1626 335 incipit.

1156 345 1190 372 Et
1204 345 1305 372 locutus
1325 350 1362 372 est
1379 345 1505 372 Dominus
1523 348 1559 372 ad
1574 346 1691 381 Moysen,
1710 346 1808 373 dicens.
1835 345 1911 375 Prte-

1120 391 1229 426 eipuum
1241 391 1361 418 ostendit
1374 392 1544 423 mandatum,
1563 399 1594 418 ex
1608 399 1641 418 eo
1656 392 1727 426 quod
1744 396 1770 419 et
1795 392 1821 419 in
1841 393 1911 427 ipso,

1119 436 1350 470 quemadmodum
1365 440 1391 463 et
1406 436 1433 463 in
1448 441 1559 471 peccato
1575 436 1608 464 de
1623 437 1727 468 sanctis
1740 437 1824 464 Deum
1835 438 1910 472 loqui

1120 481 1203 516 Moysi
1220 482 1376 517 specialiter
1393 483 1514 517 exponit.

1158 527 1270 554 Locutus
1285 532 1322 554 est
1335 536 1405 563 ergo.
1420 528 1515 554 Anima
1538 536 1596 562 qua:
1618 529 1776 563 peccaverit,
1805 533 1829 555 et
1849 536 1912 555 con-

1121 578 1217 608 tempto
1235 573 1290 600 Deo
1310 575 1442 608 negaverit
1455 575 1600 608 depositum
1621 575 1739 608 proximo
1759 582 1816 607 suo,
1842 576 1911 610 quod

1119 622 1182 656 ﬁdei
1201 623 1257 657 ejus
1273 624 1401 650 creditum
1425 624 1516 658 fuerit,
1537 623 1576 650 vel
1596 623 1621 649 vi
1638 623 1741 658 aliquid
1761 623 1911 656 extarscrit,

1121 673 1167 694 aut
1182 668 1344 695 calumniam
1359 669 1458 703 fecerit,
1476 669 1528 696 sive
1545 678 1597 696 rem
1618 669 1750 703 perditam
1772 670 1909 702 inuenerit,

1121 719 1144 740 et
1168 714 1289 748 inﬁtiaris
1309 715 1414 748 insuper
1428 715 1570 748 jurarcrit.
1592 715 1657 747 Qum
1682 716 1764 742 verba
1784 715 1854 742 LXX
1873 716 1912 743 sic

1121 757 1205 784 edunt
1219 766 1226 784 ε
1245 758 1340 784 Anima
1353 766 1512 793 qua’cunque
1535 759 1690 792 peccaverit,
1716 764 1740 786 ct
1755 759 1912 794 prtum-ierit

1121 807 1250 837 pra-cepta
1265 803 1380 835 Domini,
1397 809 1421 831 et
1435 805 1577 831 mentiatur
1599 805 1626 831 in
1646 806 1806 839 proximum,
1824 807 1852 832 in
1868 806 1913 832 de-

1121 850 1205 882 posito
1219 854 1263 876 aut
1277 850 1308 876 de
1329 850 1464 883 societate,
1480 855 1527 876 aut
1550 853 1580 877 de
1601 851 1695 885 rapina
1720 851 1805 878 nocuit
1820 853 1913 886 proxi-

1122 903 1204 926 mum,
1223 899 1246 921 et
1259 895 1385 922 invenerit
1398 896 1581 930 perditionem,
1597 901 1621 922 et
1633 898 1772 923 mentietur
1791 898 1817 922 in
1834 906 1876 929 ea,
1888 902 1913 924 et

1087 930 1107 957 Β
1119 939 1252 974 juraverit
1273 941 1378 975 injuste.
1400 940 1459 968 Non
1475 946 1567 968 autent
1591 941 1690 968 frustra
1708 942 1748 969 bis
1773 942 1841 969 dixit
1858 951 1866 969 :
1884 943 1913 970 Si

1123 985 1273 1011 mentietur.
1298 985 1391 1020 Neque
1403 986 1476 1013 enim
1492 987 1560 1014 solet
1571 987 1660 1014 divina
1670 986 1809 1021 Scriptura
1817 989 1914 1015 eadrm

1123 1029 1205 1056 verba
1223 1033 1358 1064 repetere,
1380 1039 1440 1066 quas
1464 1037 1492 1059 et
1517 1033 1602 1059 ntulta
1624 1033 1748 1060 omittere
1770 1034 1913 1061 brevitatis

1123 1083 1205 1103 causa
1224 1076 1341 1103 videtur.
1361 1077 1410 1104 llic
1427 1085 1490 1113 ergo
1506 1079 1685 1113 jnrisjurandi
1700 1081 1913 1116 transgressioni

1124 1121 1296 1148 mendacium
1313 1126 1454 1157 comparat
1464 1133 1470 1150 :
1481 1128 1509 1150 et
1519 1123 1580 1151 ideo
1592 1125 1718 1159 superius
1729 1126 1838 1160 quidem
1854 1127 1913 1155 sine

1122 1166 1302 1200 jurejurando
1331 1169 1568 1202 commemoravit,
1586 1170 1630 1198 hic
1656 1175 1746 1198 autent
1770 1173 1914 1200 mendacio

1121 1210 1314 1245 jusjurandum
1331 1212 1490 1246 conjunxit;
1509 1214 1547 1240 ait
1562 1214 1634 1241 ettim
1652 1223 1658 1241 :
1672 1214 1707 1242 Et
1730 1216 1854 1242 mentitur
1865 1224 1914 1251 pro

1123 1265 1165 1290 ca,
1179 1259 1342 1293 etjuraverit
1366 1259 1473 1294 injuste.
1493 1259 1560 1287 Nam
1583 1265 1611 1288 et
1636 1262 1728 1289 cmteri
1750 1262 1914 1298 interpretes

1123 1305 1221 1340 Aquila
1245 1311 1272 1333 et
1297 1306 1484 1339 Tlteodotion,
1511 1311 1538 1334 et
1560 1307 1739 1343 Symmachus
1766 1309 1810 1336 ubi
1836 1310 1915 1337 dixe-

1124 1356 1189 1378 runt
1207 1350 1277 1378 LXX
1294 1361 1301 1379 :
1320 1351 1348 1379 Si
1362 1353 1449 1379 nocuit
1470 1353 1572 1389 aliquid
1599 1355 1747 1389 proximum
1760 1363 1835 1382 suum
1847 1376 1853 1387 ,
1870 1356 1914 1383 isti

1123 1395 1153 1424 Si
1164 1397 1342 1425 calumniatus
1355 1403 1391 1425 est
1409 1398 1520 1433 aliquid.
1547 1399 1625 1433 Quod
1651 1400 1798 1434 intuentes,
1827 1402 1915 1429 absti—

1124 1449 1238 1470 tteantus
1265 1451 1316 1470 nos
1332 1445 1395 1470 totis
1415 1444 1517 1472 viribus
1537 1453 1551 1472 a
1571 1446 1684 1478 fallacia,
1700 1448 1828 1482 quoniam
1843 1448 1915 1475 Deus

1125 1495 1173 1522 per
1186 1487 1321 1515 fallaciam
1338 1488 1493 1523 iujuriatur,
1509 1490 1555 1524 qui
1567 1492 1668 1519 veritas
1682 1497 1732 1519 est.
1751 1493 1803 1519 Sed
1814 1498 1842 1520 et
1858 1493 1915 1520 vim

1125 1541 1173 1560 seu
1188 1534 1310 1568 rapinam
1324 1541 1385 1561 cum
1399 1539 1499 1569 negato
1512 1536 1647 1571 deposito,
1673 1538 1715 1564 vel
1738 1538 1807 1565 sicut
1828 1539 1912 1567 etiam

1126 1577 1302 1615 Septuaginta
1321 1580 1417 1607 dicunt
1441 1588 1527 1608 :cum
1563 1582 1703 1614 societate,
1730 1585 1914 1618 commiscuit,

1125 1633 1207 1652 onme
1223 1625 1355 1660 injustum
1371 1625 1477 1653 luerunt
1492 1627 1546 1654 vim
1562 1635 1611 1654 seu
1635 1629 1755 1662 rapinam
1776 1630 1915 1664 judicans.

1126 1670 1299 1697 Manifestum
1315 1677 1357 1699 est
1371 1678 1462 1700 autent
1478 1680 1510 1700 ex
1524 1673 1567 1700 ltis
1578 1666 1813 1709 quat'subneetunt
1824 1675 1915 1704 LXX:

1126 1714 1185 1742 Erit
1197 1724 1254 1742 cum
1276 1719 1420 1751 peccaverit
1433 1723 1457 1746 et
1469 1719 1627 1754 pmniluerit,
1650 1726 1674 1747 et
1692 1722 1832 1749 reddiderit
1847 1724 1918 1757 rapi.

1127 1769 1187 1788 nam
1204 1771 1284 1797 quam
1299 1764 1399 1797 rapuit,
1416 1765 1456 1791 vel
1470 1765 1631 1800 injustitiam
1644 1775 1723 1801 quam
1739 1768 1836 1802 injuste
1851 1769 1916 1803 egit.

1126 1808 1329 1844 autdepositum
1350 1810 1418 1841 quod
1439 1811 1584 1844 depositum
1598 1819 1634 1839 est
1654 1813 1689 1845 ei,
1713 1814 1766 1840 sive
1783 1815 1916 1848 perditum

1126 1853 1195 1888 quod
1206 1854 1314 1886 invenit,
1326 1854 1397 1888 quod
1414 1857 1626 1891 unumquodque
1643 1859 1833 1892 praedictorum
1851 1868 1918 1893 pec—

1126 1905 1250 1926 catorum
1269 1900 1311 1927 ltis
1327 1909 1387 1935 qum
1403 1907 1598 1929 connutnerata
1614 1908 1678 1930 sunt
1693 1904 1780 1931 simile
1791 1905 1835 1932 sit.
1849 1905 1916 1932 Pro-

1126 1948 1187 1979 pter
1202 1945 1274 1972 enitn
1285 1947 1427 1974 avaritiam
1441 1948 1631 1978 comntittitur.
1654 1949 1806 1985 Unicuique
1821 1955 1914 1978 autent

1126 1997 1220 2017 eorum
1239 1997 1320 2026 caput
1336 1992 1437 2027 ipsum,
1451 1999 1478 2020 et
1493 1994 1616 2028 quintam
1631 1995 1692 2022 addi
1709 1997 1854 2030 przecepit;
1868 1998 1915 2024 sed

1127 2035 1172 2063 hic
1187 2044 1242 2064 non
1259 2038 1403 2071 sacerdoti,
1422 2039 1468 2066 sed
1478 2039 1502 2066 ci
1518 2040 1563 2074 qui
1579 2039 1740 2074 injustitiam
1759 2048 1856 2075 passus
1874 2048 1916 2069 est

1127 2081 1183 2108 dari
1199 2082 1327 2117 praecepit
1339 2083 1472 2117 quintam,
1484 2084 1510 2111 in
1528 2085 1618 2112 verbis
1633 2085 1822 2113 ditl'ercntibus
1838 2088 1916 2114 sitni-

1126 2126 1161 2153 lia
1176 2127 1307 2155 sentiens.
1329 2127 1464 2160 Quoniam
1484 2129 1556 2156 enim
1577 2138 1638 2157 cum
1655 2139 1688 2158 eo
1710 2131 1757 2166 qui
1784 2133 1915 2166 przejudi-

1127 2173 1197 2200 cium
1214 2181 1310 2208 passus
1326 2179 1368 2202 est
1385 2175 1410 2201 in
1423 2176 1516 2210 rapina
1528 2176 1568 2203 vel
1587 2177 1613 2203 in
1630 2177 1763 2212 deposito,
1780 2183 1807 2205 et
1821 2183 1916 2206 contra

1127 2218 1215 2254 ipsum
1233 2227 1341 2254 quoque
1362 2219 1446 2247 Deum
1465 2221 1566 2255 injuste
1584 2223 1672 2257 agitur
1697 2231 1745 2257 per
1765 2223 1916 2258 fallaciam,

1129 2265 1168 2292 vel
1201 2266 1361 2300 perjurium,
1401 2271 1474 2294 recte
1506 2268 1603 2294 horum
1628 2269 1751 2303 quintam
1773 2270 1833 2297 .Dco
1860 2272 1917 2299 dari

1127 2311 1214 2345 jubet,
1233 2311 1264 2338 ad
1279 2319 1360 2346 quem
1378 2313 1464 2339 tetulit
1478 2313 1586 2347 injuria.
1599 2314 1698 2346 Quinta
1715 2320 1805 2342 autem
1826 2316 1918 2352 lingua

1128 2361 1179 2383 est.
1197 2356 1261 2383 Esse
1275 2357 1346 2384 enim
1360 2357 1482 2392 quintam
1498 2359 1580 2385 etiam
1607 2360 1676 2387 hanc
1705 2361 1834 2392 diximus.
1856 2371 1919 2390 cum

1129 2402 1164 2428 sit
1184 2410 1235 2428 una
1247 2402 1281 2429 de
1291 2403 1411 2437 quinque
1427 2404 1562 2444 sensibus.
1578 2404 1710 2440 llaeccrgo
1721 2406 1836 2434 oﬂ‘ertur
1853 2407 1918 2439 Deo,

1130 2452 1159 2474 ut
1174 2448 1304 2482 deinceps
1320 2457 1376 2475 non
1387 2454 1490 2483 peccet,
1506 2450 1567 2484 quia
1580 2459 1628 2484 per
1643 2452 1729 2486 ipsam
1744 2454 1920 2487 unumquod-

1130 2502 1183 2529 que
1195 2494 1386 2528 przedictorum
1398 2495 1587 2522 committitur.
1610 2497 1679 2531 Ergo
1708 2497 1803 2524 cadent
1832 2499 1921 2525 sancit

1131 2539 1159 2566 in
1184 2539 1376 2566 differentibus
1396 2540 1499 2573 verbis,
1520 2545 1548 2567 et
1572 2541 1719 2575 aliquando
1751 2543 1863 2576 quidem
1894 2544 1920 2570 itt

1130 2592 1246 2620 persona
1257 2585 1415 2618 sacerdotis,
1431 2585 1578 2619 aliquando
1589 2591 1678 2613 autent
1692 2587 1718 2613 in
1734 2588 1792 2622 ejus
1808 2591 1855 2622 qui
1878 2589 1922 2616 in-

1128 2631 1262 2665 jttstitiam
1285 2638 1382 2665 passus
1398 2637 1440 2658 est
1461 2631 1547 2657 Deum
1571 2631 1706 2667 ﬁguravit.
1728 2632 1783 2659 Aut
1799 2634 1863 2667 quia
1878 2641 1922 2660 sev

1131 2677 1251 2704 eundum
1270 2677 1393 2704 eamdem
1409 2677 1544 2704 rationem
1558 2683 1585 2704 et
1598 2678 1725 2706 sacerdos
1737 2683 1831 2706 noster
1843 2679 1922 2706 Cliti-

1132 2726 1190 2750 stus
1205 2729 1277 2753 esse,
1290 2726 1317 2749 et
1332 2721 1476 2748 nobiscum
1506 2730 1555 2756 pro
1573 2722 1652 2749 nobis
1678 2722 1840 2757 injustitiam
1865 2723 1920 2757 pati

1131 2767 1263 2800 creditur,
1285 2767 1436 2794 secundum
1459 2767 1545 2804 legem
1565 2768 1693 2795 videlicet
1721 2769 1920 2803 compassion‘s

1132 2805 1243 2845 nostra,
1259 2813 1285 2840 in
1301 2813 1354 2840 ﬁne
1370 2813 1520 2841 sanctionis
1536 2813 1617 2849 hujus
1635 2815 1748 2841 arietem
1764 2813 1843 2848 jubet
1869 2814 1922 2840 im-
