  <div class='ocr_page' id='page_1' title='image "/cluster/home/n/w/nwhite01/storage/ocr_20150623/93/njp.32101077772836/482.png"; bbox 0 0 2052 3146; ppageno 0'>
   <div class='ocr_carea' id='block_1_1' title="bbox 176 215 229 246">
    <p class='ocr_par' dir='ltr' id='par_1_1' title="bbox 176 215 229 246">
     <span class='ocr_line' id='line_1_1' title="bbox 176 215 229 246; baseline -0.038 0"><span class='ocrx_word' id='word_1_1' title='bbox 176 215 229 246; x_wconf 73' lang='grc'><strong>815</strong></span> 
     </span>
    </p>
   </div>
   <div class='ocr_carea' id='block_1_2' title="bbox 754 215 1226 245">
    <p class='ocr_par' dir='ltr' id='par_1_2' title="bbox 754 215 1226 245">
     <span class='ocr_line' id='line_1_2' title="bbox 754 215 1226 245; baseline 0 -1"><span class='ocrx_word' id='word_1_2' title='bbox 754 215 795 245; x_wconf 69' lang='grc' dir='ltr'><strong>ΙΝ</strong></span> <span class='ocrx_word' id='word_1_3' title='bbox 808 215 1025 245; x_wconf 67' lang='grc' dir='ltr'><strong>ιΕνΙΤίρυΜ.</strong></span> <span class='ocrx_word' id='word_1_4' title='bbox 1044 228 1076 233; x_wconf 89' lang='grc'><strong><em>-</em></strong></span> <span class='ocrx_word' id='word_1_5' title='bbox 1093 215 1166 244; x_wconf 83' lang='lat' dir='ltr'><strong>LlB.</strong></span> <span class='ocrx_word' id='word_1_6' title='bbox 1186 215 1226 245; x_wconf 83' lang='grc' dir='ltr'><strong>ΙΙ.</strong></span> 
     </span>
    </p>
   </div>
   <div class='ocr_carea' id='block_1_3' title="bbox 1751 218 1803 253">
    <p class='ocr_par' dir='ltr' id='par_1_3' title="bbox 1751 218 1803 253">
     <span class='ocr_line' id='line_1_3' title="bbox 1751 218 1803 253; baseline -0.019 -4"><span class='ocrx_word' id='word_1_7' title='bbox 1751 218 1803 253; x_wconf 67' lang='lat'><strong>856</strong></span> 
     </span>
    </p>
   </div>
   <div class='ocr_carea' id='block_1_4' title="bbox 174 269 1804 308">
    <p class='ocr_par' dir='ltr' id='par_1_4' title="bbox 174 269 1804 308">
     <span class='ocr_line' id='line_1_4' title="bbox 174 269 1804 308; baseline 0.004 -11"><span class='ocrx_word' id='word_1_8' title='bbox 174 269 339 298; x_wconf 83' lang='lat' dir='ltr'><strong>maculatum</strong></span> <span class='ocrx_word' id='word_1_9' title='bbox 353 269 485 298; x_wconf 88' lang='lat' dir='ltr'><strong>sacerdoti</strong></span> <span class='ocrx_word' id='word_1_10' title='bbox 499 269 603 303; x_wconf 75' lang='lat' dir='ltr'><strong>offerri,</strong></span> <span class='ocrx_word' id='word_1_11' title='bbox 618 272 664 306; x_wconf 89' lang='lat' dir='ltr'><strong>qui</strong></span> <span class='ocrx_word' id='word_1_12' title='bbox 690 276 749 299; x_wconf 89' lang='lat' dir='ltr'><strong>oret</strong></span> <span class='ocrx_word' id='word_1_13' title='bbox 764 277 792 299; x_wconf 91' lang='lat' dir='ltr'><strong>et</strong></span> <span class='ocrx_word' id='word_1_14' title='bbox 822 273 962 300; x_wconf 63' lang='lat' dir='ltr'><strong>remissio-</strong></span> <span class='ocrx_word' id='word_1_15' title='bbox 976 276 998 302; x_wconf 81' lang='grc' dir='ltr'><strong>Α</strong></span> <span class='ocrx_word' id='word_1_16' title='bbox 1014 272 1066 308; x_wconf 82' lang='lat' dir='ltr'><strong>pla,</strong></span> <span class='ocrx_word' id='word_1_17' title='bbox 1083 272 1184 307; x_wconf 85' lang='lat' dir='ltr'><strong>quibus</strong></span> <span class='ocrx_word' id='word_1_18' title='bbox 1198 271 1239 298; x_wconf 93' lang='lat' dir='ltr'><strong>uti</strong></span> <span class='ocrx_word' id='word_1_19' title='bbox 1253 271 1418 306; x_wconf 88' lang='lat' dir='ltr'><strong>supplicanti</strong></span> <span class='ocrx_word' id='word_1_20' title='bbox 1429 271 1531 299; x_wconf 87' lang='lat' dir='ltr'><strong>bonum</strong></span> <span class='ocrx_word' id='word_1_21' title='bbox 1545 272 1590 300; x_wconf 88' lang='lat' dir='ltr'><strong>sit.</strong></span> <span class='ocrx_word' id='word_1_22' title='bbox 1606 272 1671 300; x_wconf 71' lang='lat' dir='ltr'><strong>Hm</strong></span> <span class='ocrx_word' id='word_1_23' title='bbox 1685 273 1759 302; x_wconf 86' lang='lat' dir='ltr'><strong>enim</strong></span> <span class='ocrx_word' id='word_1_24' title='bbox 1776 277 1804 304; x_wconf 80' lang='lat' dir='ltr'><strong>in</strong></span> 
     </span>
    </p>
   </div>
   <div class='ocr_carea' id='block_1_5' title="bbox 174 316 962 353">
    <p class='ocr_par' dir='ltr' id='par_1_5' title="bbox 174 316 962 353">
     <span class='ocr_line' id='line_1_5' title="bbox 174 316 962 353; baseline 0.003 -9"><span class='ocrx_word' id='word_1_25' title='bbox 174 324 235 344; x_wconf 84' lang='lat' dir='ltr'><strong>nem</strong></span> <span class='ocrx_word' id='word_1_26' title='bbox 256 316 389 344; x_wconf 88' lang='lat' dir='ltr'><strong>obtineat.</strong></span> <span class='ocrx_word' id='word_1_27' title='bbox 418 316 520 343; x_wconf 83' lang='lat' dir='ltr'><strong>llorum</strong></span> <span class='ocrx_word' id='word_1_28' title='bbox 542 321 634 344; x_wconf 89' lang='lat' dir='ltr'><strong>autem</strong></span> <span class='ocrx_word' id='word_1_29' title='bbox 665 317 803 346; x_wconf 80' lang='lat' dir='ltr'><strong>sufﬁciens</strong></span> <span class='ocrx_word' id='word_1_30' title='bbox 827 318 962 353; x_wconf 70' lang='lat' dir='ltr'><strong>expositio</strong></span> 
     </span>
    </p>
   </div>
   <div class='ocr_carea' id='block_1_6' title="bbox 173 362 962 397">
    <p class='ocr_par' dir='ltr' id='par_1_6' title="bbox 173 362 962 397">
     <span class='ocr_line' id='line_1_6' title="bbox 173 362 962 397; baseline 0.005 -9"><span class='ocrx_word' id='word_1_31' title='bbox 173 367 223 393; x_wconf 79' lang='lat' dir='ltr'><strong>est.</strong></span> <span class='ocrx_word' id='word_1_32' title='bbox 240 369 273 388; x_wconf 85' lang='lat' dir='ltr'><strong>ex</strong></span> <span class='ocrx_word' id='word_1_33' title='bbox 288 362 332 389; x_wconf 84' lang='lat' dir='ltr'><strong>bis</strong></span> <span class='ocrx_word' id='word_1_34' title='bbox 350 369 411 397; x_wconf 67' lang='lat' dir='ltr'><strong>qua:</strong></span> <span class='ocrx_word' id='word_1_35' title='bbox 429 362 455 389; x_wconf 94' lang='lat' dir='ltr'><strong>in</strong></span> <span class='ocrx_word' id='word_1_36' title='bbox 471 363 578 390; x_wconf 90' lang='lat' dir='ltr'><strong>delictis</strong></span> <span class='ocrx_word' id='word_1_37' title='bbox 599 368 755 391; x_wconf 88' lang='lat' dir='ltr'><strong>sanctorum</strong></span> <span class='ocrx_word' id='word_1_38' title='bbox 785 364 856 391; x_wconf 90' lang='lat' dir='ltr'><strong>dicta</strong></span> <span class='ocrx_word' id='word_1_39' title='bbox 888 369 962 392; x_wconf 89' lang='lat' dir='ltr'><strong>sunt.</strong></span> 
     </span>
    </p>
   </div>
   <div class='ocr_carea' id='block_1_7' title="bbox 175 408 961 445">
    <p class='ocr_par' dir='ltr' id='par_1_7' title="bbox 175 408 961 445">
     <span class='ocr_line' id='line_1_7' title="bbox 175 408 961 445; baseline 0.005 -11"><span class='ocrx_word' id='word_1_40' title='bbox 175 408 229 435; x_wconf 82' lang='lat' dir='ltr'><strong>Sed</strong></span> <span class='ocrx_word' id='word_1_41' title='bbox 244 415 295 435; x_wconf 90' lang='lat' dir='ltr'><strong>nos</strong></span> <span class='ocrx_word' id='word_1_42' title='bbox 306 408 340 434; x_wconf 87' lang='lat' dir='ltr'><strong>ab</strong></span> <span class='ocrx_word' id='word_1_43' title='bbox 352 413 467 443; x_wconf 88' lang='lat' dir='ltr'><strong>utroque</strong></span> <span class='ocrx_word' id='word_1_44' title='bbox 484 414 605 442; x_wconf 87' lang='lat' dir='ltr'><strong>peccato,</strong></span> <span class='ocrx_word' id='word_1_45' title='bbox 632 410 717 445; x_wconf 79' lang='lat' dir='ltr'><strong>magis</strong></span> <span class='ocrx_word' id='word_1_46' title='bbox 733 414 823 437; x_wconf 86' lang='lat' dir='ltr'><strong>autem</strong></span> <span class='ocrx_word' id='word_1_47' title='bbox 836 410 870 438; x_wconf 87' lang='lat' dir='ltr'><strong>ab</strong></span> <span class='ocrx_word' id='word_1_48' title='bbox 888 410 961 438; x_wconf 87' lang='lat' dir='ltr'><strong>omni</strong></span> 
     </span>
    </p>
   </div>
   <div class='ocr_carea' id='block_1_8' title="bbox 177 453 962 490">
    <p class='ocr_par' dir='ltr' id='par_1_8' title="bbox 177 453 962 490">
     <span class='ocr_line' id='line_1_8' title="bbox 177 453 962 490; baseline 0.003 -10"><span class='ocrx_word' id='word_1_49' title='bbox 177 453 368 488; x_wconf 88' lang='lat' dir='ltr'><strong>resipiseeutes</strong></span> <span class='ocrx_word' id='word_1_50' title='bbox 379 454 567 481; x_wconf 71' lang='lat' dir='ltr'><strong>custodiamus</strong></span> <span class='ocrx_word' id='word_1_51' title='bbox 581 455 773 490; x_wconf 84' lang='lat' dir='ltr'><strong>nosmetipsos.</strong></span> <span class='ocrx_word' id='word_1_52' title='bbox 790 455 818 484; x_wconf 87' lang='lat' dir='ltr'><strong>Si</strong></span> <span class='ocrx_word' id='word_1_53' title='bbox 831 456 903 483; x_wconf 84' lang='lat' dir='ltr'><strong>enim</strong></span> <span class='ocrx_word' id='word_1_54' title='bbox 921 456 962 482; x_wconf 82' lang='lat' dir='ltr'><strong>rei</strong></span> 
     </span>
    </p>
   </div>
   <div class='ocr_carea' id='block_1_9' title="bbox 176 499 962 535">
    <p class='ocr_par' dir='ltr' id='par_1_9' title="bbox 176 499 962 535">
     <span class='ocr_line' id='line_1_9' title="bbox 176 499 962 535; baseline 0.001 -9"><span class='ocrx_word' id='word_1_55' title='bbox 176 499 202 526; x_wconf 89' lang='lat' dir='ltr'><strong>in</strong></span> <span class='ocrx_word' id='word_1_56' title='bbox 216 507 272 527; x_wconf 91' lang='lat' dir='ltr'><strong>uno</strong></span> <span class='ocrx_word' id='word_1_57' title='bbox 287 499 408 534; x_wconf 87' lang='lat' dir='ltr'><strong>quolibet</strong></span> <span class='ocrx_word' id='word_1_58' title='bbox 423 507 517 527; x_wconf 88' lang='lat' dir='ltr'><strong>eorum</strong></span> <span class='ocrx_word' id='word_1_59' title='bbox 531 501 589 535; x_wconf 89' lang='lat' dir='ltr'><strong>capi</strong></span> <span class='ocrx_word' id='word_1_60' title='bbox 607 509 668 532; x_wconf 85' lang='lat' dir='ltr'><strong>nos,</strong></span> <span class='ocrx_word' id='word_1_61' title='bbox 686 507 733 528; x_wconf 88' lang='lat' dir='ltr'><strong>aut</strong></span> <span class='ocrx_word' id='word_1_62' title='bbox 751 502 871 529; x_wconf 84' lang='lat' dir='ltr'><strong>incidere</strong></span> <span class='ocrx_word' id='word_1_63' title='bbox 895 509 962 528; x_wconf 89' lang='lat' dir='ltr'><strong>con-</strong></span> 
     </span>
    </p>
   </div>
   <div class='ocr_carea' id='block_1_10' title="bbox 176 545 962 581">
    <p class='ocr_par' dir='ltr' id='par_1_10' title="bbox 176 545 962 581">
     <span class='ocr_line' id='line_1_10' title="bbox 176 545 962 581; baseline 0.004 -9"><span class='ocrx_word' id='word_1_64' title='bbox 176 545 276 580; x_wconf 75' lang='lat' dir='ltr'><strong>tigerit,</strong></span> <span class='ocrx_word' id='word_1_65' title='bbox 295 545 428 573; x_wconf 85' lang='lat' dir='ltr'><strong>habemus</strong></span> <span class='ocrx_word' id='word_1_66' title='bbox 443 546 645 581; x_wconf 85' lang='lat' dir='ltr'><strong>deprecationis</strong></span> <span class='ocrx_word' id='word_1_67' title='bbox 657 551 685 574; x_wconf 87' lang='lat' dir='ltr'><strong>et</strong></span> <span class='ocrx_word' id='word_1_68' title='bbox 704 547 849 575; x_wconf 84' lang='lat' dir='ltr'><strong>oblationis</strong></span> <span class='ocrx_word' id='word_1_69' title='bbox 870 555 962 575; x_wconf 89' lang='lat' dir='ltr'><strong>exem-</strong></span> 
     </span>
    </p>
   </div>
   <div class='ocr_carea' id='block_1_11' title="bbox 1014 318 1803 353">
    <p class='ocr_par' dir='ltr' id='par_1_11' title="bbox 1014 318 1803 353">
     <span class='ocr_line' id='line_1_11' title="bbox 1014 318 1803 353; baseline 0.004 -9"><span class='ocrx_word' id='word_1_70' title='bbox 1014 318 1100 353; x_wconf 82' lang='lat' dir='ltr'><strong>ﬁgura</strong></span> <span class='ocrx_word' id='word_1_71' title='bbox 1113 318 1296 353; x_wconf 83' lang='lat' dir='ltr'><strong>contingebant</strong></span> <span class='ocrx_word' id='word_1_72' title='bbox 1316 318 1369 345; x_wconf 77' lang='lat' dir='ltr'><strong>illis</strong></span> <span class='ocrx_word' id='word_1_73' title='bbox 1390 325 1399 345; x_wconf 91' lang='lat'><em>:</em></span> <span class='ocrx_word' id='word_1_74' title='bbox 1421 318 1520 352; x_wconf 75' lang='lat' dir='ltr'><strong>scripta</strong></span> <span class='ocrx_word' id='word_1_75' title='bbox 1546 322 1606 345; x_wconf 79' lang='lat' dir='ltr'><strong>sunt</strong></span> <span class='ocrx_word' id='word_1_76' title='bbox 1639 323 1728 347; x_wconf 85' lang='lat' dir='ltr'><strong>autem</strong></span> <span class='ocrx_word' id='word_1_77' title='bbox 1767 321 1803 350; x_wconf 75' lang='lat' dir='ltr'><strong>ad</strong></span> 
     </span>
    </p>
   </div>
   <div class='ocr_carea' id='block_1_12' title="bbox 1015 363 1804 398">
    <p class='ocr_par' dir='ltr' id='par_1_12' title="bbox 1015 363 1804 398">
     <span class='ocr_line' id='line_1_12' title="bbox 1015 363 1804 398; baseline 0 -8"><span class='ocrx_word' id='word_1_78' title='bbox 1015 368 1134 390; x_wconf 80' lang='lat' dir='ltr'><strong>nostram</strong></span> <span class='ocrx_word' id='word_1_79' title='bbox 1148 363 1349 398; x_wconf 79' lang='lat' dir='ltr'><strong>correptionem,</strong></span> <span class='ocrx_word' id='word_1_80' title='bbox 1370 363 1397 390; x_wconf 87' lang='lat' dir='ltr'><strong>in</strong></span> <span class='ocrx_word' id='word_1_81' title='bbox 1413 371 1477 398; x_wconf 86' lang='lat' dir='ltr'><strong>quos</strong></span> <span class='ocrx_word' id='word_1_82' title='bbox 1493 363 1557 398; x_wconf 77' lang='lat' dir='ltr'><strong>ﬁnes</strong></span> <span class='ocrx_word' id='word_1_83' title='bbox 1579 364 1736 393; x_wconf 74' lang='lat' dir='ltr'><strong>smulorum</strong></span> <span class='ocrx_word' id='word_1_84' title='bbox 1756 366 1804 393; x_wconf 70' lang='lat' dir='ltr'><strong>de.</strong></span> 
     </span>
    </p>
   </div>
   <div class='ocr_carea' id='block_1_13' title="bbox 1015 409 1804 447">
    <p class='ocr_par' dir='ltr' id='par_1_13' title="bbox 1015 409 1804 447">
     <span class='ocr_line' id='line_1_13' title="bbox 1015 409 1804 447; baseline 0.004 -10"><span class='ocrx_word' id='word_1_85' title='bbox 1015 415 1138 437; x_wconf 77' lang='lat' dir='ltr'><strong>venerunt</strong></span> <span class='ocrx_word' id='word_1_86' title='bbox 1154 411 1189 438; x_wconf 69' lang='lat'><strong>’9.</strong></span> <span class='ocrx_word' id='word_1_87' title='bbox 1204 410 1234 437; x_wconf 94' lang='lat' dir='ltr'><strong>ln</strong></span> <span class='ocrx_word' id='word_1_88' title='bbox 1258 409 1369 437; x_wconf 84' lang='lat' dir='ltr'><strong>Christo</strong></span> <span class='ocrx_word' id='word_1_89' title='bbox 1384 409 1450 437; x_wconf 83' lang='lat' dir='ltr'><strong>Jesu</strong></span> <span class='ocrx_word' id='word_1_90' title='bbox 1477 409 1595 437; x_wconf 88' lang='lat' dir='ltr'><strong>Domino</strong></span> <span class='ocrx_word' id='word_1_91' title='bbox 1618 417 1722 438; x_wconf 89' lang='lat' dir='ltr'><strong>nostro.</strong></span> <span class='ocrx_word' id='word_1_92' title='bbox 1750 411 1804 447; x_wconf 89' lang='lat' dir='ltr'><strong>ipsi</strong></span> 
     </span>
    </p>
   </div>
   <div class='ocr_carea' id='block_1_14' title="bbox 1015 455 1804 491">
    <p class='ocr_par' dir='ltr' id='par_1_14' title="bbox 1015 455 1804 491">
     <span class='ocr_line' id='line_1_14' title="bbox 1015 455 1804 491; baseline 0.004 -9"><span class='ocrx_word' id='word_1_93' title='bbox 1015 456 1098 491; x_wconf 79' lang='lat' dir='ltr'><strong>gloria</strong></span> <span class='ocrx_word' id='word_1_94' title='bbox 1111 464 1174 484; x_wconf 92' lang='lat' dir='ltr'><strong>cum</strong></span> <span class='ocrx_word' id='word_1_95' title='bbox 1187 455 1279 489; x_wconf 87' lang='lat' dir='ltr'><strong>Patre,</strong></span> <span class='ocrx_word' id='word_1_96' title='bbox 1297 459 1325 483; x_wconf 88' lang='lat' dir='ltr'><strong>et</strong></span> <span class='ocrx_word' id='word_1_97' title='bbox 1336 455 1440 490; x_wconf 86' lang='lat' dir='ltr'><strong>Spiritu</strong></span> <span class='ocrx_word' id='word_1_98' title='bbox 1451 459 1557 489; x_wconf 83' lang='lat' dir='ltr'><strong>sancto,</strong></span> <span class='ocrx_word' id='word_1_99' title='bbox 1574 464 1649 484; x_wconf 90' lang='lat' dir='ltr'><strong>nunc</strong></span> <span class='ocrx_word' id='word_1_100' title='bbox 1663 461 1691 484; x_wconf 90' lang='lat' dir='ltr'><strong>et</strong></span> <span class='ocrx_word' id='word_1_101' title='bbox 1705 457 1734 487; x_wconf 83' lang='lat' dir='ltr'><strong>in</strong></span> <span class='ocrx_word' id='word_1_102' title='bbox 1754 464 1804 485; x_wconf 64' lang='lat' dir='ltr'><strong>sa:-</strong></span> 
     </span>
    </p>
   </div>
   <div class='ocr_carea' id='block_1_15' title="bbox 1017 502 1383 532">
    <p class='ocr_par' dir='ltr' id='par_1_15' title="bbox 1017 502 1383 532">
     <span class='ocr_line' id='line_1_15' title="bbox 1017 502 1383 532; baseline 0 -1"><span class='ocrx_word' id='word_1_103' title='bbox 1017 504 1077 531; x_wconf 89' lang='lat' dir='ltr'><strong>cula</strong></span> <span class='ocrx_word' id='word_1_104' title='bbox 1095 503 1266 532; x_wconf 70' lang='lat' dir='ltr'><strong>saeculorum.</strong></span> <span class='ocrx_word' id='word_1_105' title='bbox 1285 502 1383 531; x_wconf 85' lang='lat' dir='ltr'><strong>Amen.</strong></span> 
     </span>
    </p>
   </div>
   <div class='ocr_carea' id='block_1_16' title="bbox 183 598 1781 613">
    <p class='ocr_par' dir='ltr' id='par_1_16' title="bbox 183 598 1781 613">
     <span class='ocr_line' id='line_1_16' title="bbox 183 598 1781 613; baseline -0.003 4"><span class='ocrx_word' id='word_1_106' title='bbox 183 598 1781 613; x_wconf 57' lang='lat' dir='ltr'><strong>mm</strong></span> 
     </span>
    </p>
   </div>
   <div class='ocr_carea' id='block_1_17' title="bbox 717 693 1258 739">
    <p class='ocr_par' dir='ltr' id='par_1_17' title="bbox 717 693 1258 739">
     <span class='ocr_line' id='line_1_17' title="bbox 717 693 1258 739; baseline 0 -1"><span class='ocrx_word' id='word_1_107' title='bbox 717 695 894 739; x_wconf 75' lang='lat' dir='ltr'><strong>LIBER</strong></span> <span class='ocrx_word' id='word_1_108' title='bbox 933 693 1258 738; x_wconf 82' lang='lat' dir='ltr'><strong>SECUNDUS.</strong></span> 
     </span>
    </p>
   </div>
   <div class='ocr_carea' id='block_1_18' title="bbox 359 877 769 906">
    <p class='ocr_par' dir='ltr' id='par_1_18' title="bbox 359 877 769 906">
     <span class='ocr_line' id='line_1_18' title="bbox 359 877 769 906; baseline 0.002 -1"><span class='ocrx_word' id='word_1_109' title='bbox 359 878 436 906; x_wconf 80' lang='lat' dir='ltr'><strong>CAP.</strong></span> <span class='ocrx_word' id='word_1_110' title='bbox 456 878 489 905; x_wconf 86' lang='lat' dir='ltr'><strong>Vl</strong></span> <span class='ocrx_word' id='word_1_111' title='bbox 510 877 599 905; x_wconf 79' lang='lat' dir='ltr'><strong>PARS</strong></span> <span class='ocrx_word' id='word_1_112' title='bbox 619 878 769 906; x_wconf 70' lang='lat' dir='ltr'><strong>ALTERA.</strong></span> 
     </span>
    </p>
   </div>
   <div class='ocr_carea' id='block_1_19' title="bbox 209 923 960 959">
    <p class='ocr_par' dir='ltr' id='par_1_19' title="bbox 209 923 960 959">
     <span class='ocr_line' id='line_1_19' title="bbox 209 923 960 959; baseline 0.001 -9"><span class='ocrx_word' id='word_1_113' title='bbox 209 923 290 950; x_wconf 75' lang='lat' dir='ltr'><strong>Vens.</strong></span> <span class='ocrx_word' id='word_1_114' title='bbox 308 923 383 951; x_wconf 69' lang='lat'><strong>8-12.</strong></span> <span class='ocrx_word' id='word_1_115' title='bbox 402 934 411 950; x_wconf 76' lang='grc' dir='ltr'><strong><em>ι</em></strong></span> <span class='ocrx_word' id='word_1_116' title='bbox 427 923 545 951; x_wconf 87' lang='lat' dir='ltr'><strong>Locutus</strong></span> <span class='ocrx_word' id='word_1_117' title='bbox 563 928 607 951; x_wconf 87' lang='lat' dir='ltr'><strong>est</strong></span> <span class='ocrx_word' id='word_1_118' title='bbox 627 923 759 951; x_wconf 87' lang='lat' dir='ltr'><strong>Dominus</strong></span> <span class='ocrx_word' id='word_1_119' title='bbox 775 923 808 951; x_wconf 83' lang='lat' dir='ltr'><strong>ad</strong></span> <span class='ocrx_word' id='word_1_120' title='bbox 840 923 960 959; x_wconf 78' lang='lat' dir='ltr'><strong>Moysen,</strong></span> 
     </span>
    </p>
   </div>
   <div class='ocr_carea' id='block_1_20' title="bbox 1016 878 1804 913">
    <p class='ocr_par' dir='ltr' id='par_1_20' title="bbox 1016 878 1804 913">
     <span class='ocr_line' id='line_1_20' title="bbox 1016 878 1804 913; baseline 0 -9"><span class='ocrx_word' id='word_1_121' title='bbox 1016 878 1069 904; x_wconf 85' lang='lat' dir='ltr'><strong>Sed</strong></span> <span class='ocrx_word' id='word_1_122' title='bbox 1087 878 1150 912; x_wconf 82' lang='lat' dir='ltr'><strong>quia</strong></span> <span class='ocrx_word' id='word_1_123' title='bbox 1166 878 1353 906; x_wconf 90' lang='lat' dir='ltr'><strong>holocaustum</strong></span> <span class='ocrx_word' id='word_1_124' title='bbox 1367 879 1505 913; x_wconf 89' lang='lat' dir='ltr'><strong>quomodo</strong></span> <span class='ocrx_word' id='word_1_125' title='bbox 1524 879 1706 913; x_wconf 70' lang='lat' dir='ltr'><strong>particulatim</strong></span> <span class='ocrx_word' id='word_1_126' title='bbox 1733 879 1804 906; x_wconf 78' lang='lat' dir='ltr'><strong>divi-</strong></span> 
     </span>
    </p>
   </div>
   <div class='ocr_carea' id='block_1_21' title="bbox 1015 923 1804 960">
    <p class='ocr_par' dir='ltr' id='par_1_21' title="bbox 1015 923 1804 960">
     <span class='ocr_line' id='line_1_21' title="bbox 1015 923 1804 960; baseline 0.004 -10"><span class='ocrx_word' id='word_1_127' title='bbox 1015 923 1104 956; x_wconf 86' lang='lat' dir='ltr'><strong>datur,</strong></span> <span class='ocrx_word' id='word_1_128' title='bbox 1127 924 1264 958; x_wconf 89' lang='lat' dir='ltr'><strong>quomodo</strong></span> <span class='ocrx_word' id='word_1_129' title='bbox 1282 923 1438 951; x_wconf 79' lang='lat' dir='ltr'><strong>effundatur</strong></span> <span class='ocrx_word' id='word_1_130' title='bbox 1454 924 1513 960; x_wconf 85' lang='lat' dir='ltr'><strong>ejus</strong></span> <span class='ocrx_word' id='word_1_131' title='bbox 1529 925 1650 960; x_wconf 83' lang='lat' dir='ltr'><strong>sanguis,</strong></span> <span class='ocrx_word' id='word_1_132' title='bbox 1667 925 1804 959; x_wconf 84' lang='lat' dir='ltr'><strong>quomodo</strong></span> 
     </span>
    </p>
   </div>
   <div class='ocr_carea' id='block_1_22' title="bbox 172 961 1804 1006">
    <p class='ocr_par' dir='ltr' id='par_1_22' title="bbox 172 961 1804 1006">
     <span class='ocr_line' id='line_1_22' title="bbox 172 961 1804 1006; baseline 0.001 -10"><span class='ocrx_word' id='word_1_133' title='bbox 172 970 288 997; x_wconf 88' lang='lat' dir='ltr'><strong>dicens:</strong></span> <span class='ocrx_word' id='word_1_134' title='bbox 309 969 429 1005; x_wconf 72' lang='lat' dir='ltr'><strong>Prazcipe</strong></span> <span class='ocrx_word' id='word_1_135' title='bbox 446 970 537 997; x_wconf 80' lang='lat' dir='ltr'><strong>Aaron</strong></span> <span class='ocrx_word' id='word_1_136' title='bbox 558 975 586 997; x_wconf 90' lang='lat' dir='ltr'><strong>et</strong></span> <span class='ocrx_word' id='word_1_137' title='bbox 606 969 667 997; x_wconf 89' lang='lat' dir='ltr'><strong>ﬁliis</strong></span> <span class='ocrx_word' id='word_1_138' title='bbox 687 971 757 1005; x_wconf 82' lang='lat' dir='ltr'><strong>ejus.</strong></span> <span class='ocrx_word' id='word_1_139' title='bbox 776 970 839 998; x_wconf 62' lang='lat' dir='ltr'><strong>llaec</strong></span> <span class='ocrx_word' id='word_1_140' title='bbox 865 975 904 997; x_wconf 88' lang='lat' dir='ltr'><strong>est</strong></span> <span class='ocrx_word' id='word_1_141' title='bbox 920 969 963 996; x_wconf 97' lang='lat' dir='ltr'><strong>lex</strong></span> <span class='ocrx_word' id='word_1_142' title='bbox 981 961 1000 988; x_wconf 73' lang='grc' dir='ltr'><strong>Β</strong></span> <span class='ocrx_word' id='word_1_143' title='bbox 1016 970 1173 1005; x_wconf 81' lang='lat' dir='ltr'><strong>imponatur</strong></span> <span class='ocrx_word' id='word_1_144' title='bbox 1185 978 1267 1006; x_wconf 88' lang='lat' dir='ltr'><strong>super</strong></span> <span class='ocrx_word' id='word_1_145' title='bbox 1283 970 1378 1003; x_wconf 84' lang='lat' dir='ltr'><strong>altare,</strong></span> <span class='ocrx_word' id='word_1_146' title='bbox 1408 971 1436 997; x_wconf 93' lang='lat' dir='ltr'><strong>in</strong></span> <span class='ocrx_word' id='word_1_147' title='bbox 1452 970 1530 998; x_wconf 89' lang='lat' dir='ltr'><strong>initio</strong></span> <span class='ocrx_word' id='word_1_148' title='bbox 1548 970 1630 1005; x_wconf 81' lang='lat' dir='ltr'><strong>hujus</strong></span> <span class='ocrx_word' id='word_1_149' title='bbox 1646 970 1709 998; x_wconf 86' lang='lat' dir='ltr'><strong>libri</strong></span> <span class='ocrx_word' id='word_1_150' title='bbox 1724 970 1804 998; x_wconf 79' lang='lat' dir='ltr'><strong>Levi-</strong></span> 
     </span>
    </p>
   </div>
   <div class='ocr_carea' id='block_1_23' title="bbox 173 1016 964 1050">
    <p class='ocr_par' dir='ltr' id='par_1_23' title="bbox 173 1016 964 1050">
     <span class='ocr_line' id='line_1_23' title="bbox 173 1016 964 1050; baseline -0.001 -7"><span class='ocrx_word' id='word_1_151' title='bbox 173 1016 346 1043; x_wconf 87' lang='lat' dir='ltr'><strong>holocausti:</strong></span> <span class='ocrx_word' id='word_1_152' title='bbox 369 1016 538 1044; x_wconf 80' lang='lat' dir='ltr'><strong>eremabitur</strong></span> <span class='ocrx_word' id='word_1_153' title='bbox 553 1016 580 1043; x_wconf 93' lang='lat' dir='ltr'><strong>in</strong></span> <span class='ocrx_word' id='word_1_154' title='bbox 603 1016 682 1043; x_wconf 82' lang='lat' dir='ltr'><strong>altari</strong></span> <span class='ocrx_word' id='word_1_155' title='bbox 708 1020 763 1044; x_wconf 88' lang='lat' dir='ltr'><strong>tota</strong></span> <span class='ocrx_word' id='word_1_156' title='bbox 778 1021 859 1043; x_wconf 91' lang='lat' dir='ltr'><strong>nocte</strong></span> <span class='ocrx_word' id='word_1_157' title='bbox 879 1023 964 1050; x_wconf 86' lang='lat' dir='ltr'><strong>usque</strong></span> 
     </span>
    </p>
   </div>
   <div class='ocr_carea' id='block_1_24' title="bbox 171 1062 964 1097">
    <p class='ocr_par' dir='ltr' id='par_1_24' title="bbox 171 1062 964 1097">
     <span class='ocr_line' id='line_1_24' title="bbox 171 1062 964 1097; baseline 0.001 -9"><span class='ocrx_word' id='word_1_158' title='bbox 171 1063 207 1089; x_wconf 85' lang='lat' dir='ltr'><strong>ad</strong></span> <span class='ocrx_word' id='word_1_159' title='bbox 219 1071 319 1090; x_wconf 89' lang='lat' dir='ltr'><strong>mane:</strong></span> <span class='ocrx_word' id='word_1_160' title='bbox 336 1063 407 1097; x_wconf 83' lang='lat' dir='ltr'><strong>ignis</strong></span> <span class='ocrx_word' id='word_1_161' title='bbox 419 1071 450 1090; x_wconf 80' lang='lat' dir='ltr'><strong>ex</strong></span> <span class='ocrx_word' id='word_1_162' title='bbox 468 1063 564 1090; x_wconf 85' lang='lat' dir='ltr'><strong>eodem</strong></span> <span class='ocrx_word' id='word_1_163' title='bbox 580 1063 656 1090; x_wconf 81' lang='lat' dir='ltr'><strong>altari</strong></span> <span class='ocrx_word' id='word_1_164' title='bbox 677 1063 741 1091; x_wconf 87' lang='lat' dir='ltr'><strong>erit.</strong></span> <span class='ocrx_word' id='word_1_165' title='bbox 760 1062 896 1090; x_wconf 79' lang='lat' dir='ltr'><strong>Vestietur</strong></span> <span class='ocrx_word' id='word_1_166' title='bbox 920 1069 964 1089; x_wconf 90' lang='lat' dir='ltr'><strong>sa-</strong></span> 
     </span>
    </p>
   </div>
   <div class='ocr_carea' id='block_1_25' title="bbox 172 1108 965 1143">
    <p class='ocr_par' dir='ltr' id='par_1_25' title="bbox 172 1108 965 1143">
     <span class='ocr_line' id='line_1_25' title="bbox 172 1108 965 1143; baseline -0.003 -7"><span class='ocrx_word' id='word_1_167' title='bbox 172 1109 271 1136; x_wconf 88' lang='lat' dir='ltr'><strong>cerdos</strong></span> <span class='ocrx_word' id='word_1_168' title='bbox 285 1109 388 1143; x_wconf 84' lang='lat' dir='ltr'><strong>tunica,</strong></span> <span class='ocrx_word' id='word_1_169' title='bbox 405 1113 432 1136; x_wconf 87' lang='lat' dir='ltr'><strong>et</strong></span> <span class='ocrx_word' id='word_1_170' title='bbox 446 1109 619 1136; x_wconf 79' lang='lat' dir='ltr'><strong>feminalibus</strong></span> <span class='ocrx_word' id='word_1_171' title='bbox 630 1108 711 1136; x_wconf 85' lang='lat' dir='ltr'><strong>lineis</strong></span> <span class='ocrx_word' id='word_1_172' title='bbox 726 1118 732 1136; x_wconf 93' lang='lat'><strong>:</strong></span> <span class='ocrx_word' id='word_1_173' title='bbox 749 1109 878 1143; x_wconf 89' lang='lat' dir='ltr'><strong>tollctque</strong></span> <span class='ocrx_word' id='word_1_174' title='bbox 891 1108 965 1136; x_wconf 85' lang='lat' dir='ltr'><strong>cine-</strong></span> 
     </span>
    </p>
   </div>
   <div class='ocr_carea' id='block_1_26' title="bbox 171 1154 964 1191">
    <p class='ocr_par' dir='ltr' id='par_1_26' title="bbox 171 1154 964 1191">
     <span class='ocr_line' id='line_1_26' title="bbox 171 1154 964 1191; baseline -0.001 -9"><span class='ocrx_word' id='word_1_175' title='bbox 171 1162 218 1183; x_wconf 86' lang='lat' dir='ltr'><strong>res</strong></span> <span class='ocrx_word' id='word_1_176' title='bbox 251 1163 319 1190; x_wconf 89' lang='lat' dir='ltr'><strong>quos</strong></span> <span class='ocrx_word' id='word_1_177' title='bbox 355 1163 455 1183; x_wconf 78' lang='lat' dir='ltr'><strong>vorans</strong></span> <span class='ocrx_word' id='word_1_178' title='bbox 478 1155 548 1191; x_wconf 82' lang='lat' dir='ltr'><strong>ignis</strong></span> <span class='ocrx_word' id='word_1_179' title='bbox 578 1155 692 1186; x_wconf 88' lang='lat' dir='ltr'><strong>exussit,</strong></span> <span class='ocrx_word' id='word_1_180' title='bbox 724 1159 751 1182; x_wconf 88' lang='lat' dir='ltr'><strong>et</strong></span> <span class='ocrx_word' id='word_1_181' title='bbox 775 1158 859 1189; x_wconf 87' lang='lat' dir='ltr'><strong>ponet.</strong></span> <span class='ocrx_word' id='word_1_182' title='bbox 888 1154 964 1189; x_wconf 88' lang='lat' dir='ltr'><strong>juxta</strong></span> 
     </span>
    </p>
   </div>
   <div class='ocr_carea' id='block_1_27' title="bbox 171 1201 964 1237">
    <p class='ocr_par' dir='ltr' id='par_1_27' title="bbox 171 1201 964 1237">
     <span class='ocr_line' id='line_1_27' title="bbox 171 1201 964 1237; baseline -0.001 -9"><span class='ocrx_word' id='word_1_183' title='bbox 171 1201 272 1228; x_wconf 87' lang='lat' dir='ltr'><strong>altare.</strong></span> <span class='ocrx_word' id='word_1_184' title='bbox 311 1201 478 1235; x_wconf 84' lang='lat' dir='ltr'><strong>Spoliabitur</strong></span> <span class='ocrx_word' id='word_1_185' title='bbox 517 1202 653 1237; x_wconf 83' lang='lat' dir='ltr'><strong>prioribus</strong></span> <span class='ocrx_word' id='word_1_186' title='bbox 675 1201 852 1233; x_wconf 81' lang='lat' dir='ltr'><strong>vestimentis,</strong></span> <span class='ocrx_word' id='word_1_187' title='bbox 883 1201 964 1228; x_wconf 91' lang='lat' dir='ltr'><strong>indu-</strong></span> 
     </span>
    </p>
   </div>
   <div class='ocr_carea' id='block_1_28' title="bbox 172 1246 963 1282">
    <p class='ocr_par' dir='ltr' id='par_1_28' title="bbox 172 1246 963 1282">
     <span class='ocr_line' id='line_1_28' title="bbox 172 1246 963 1282; baseline -0.001 -8"><span class='ocrx_word' id='word_1_188' title='bbox 172 1251 273 1282; x_wconf 88' lang='lat' dir='ltr'><strong>tusque</strong></span> <span class='ocrx_word' id='word_1_189' title='bbox 294 1247 362 1279; x_wconf 87' lang='lat' dir='ltr'><strong>aliis,</strong></span> <span class='ocrx_word' id='word_1_190' title='bbox 383 1247 479 1274; x_wconf 74' lang='lat' dir='ltr'><strong>cﬁ&#39;eret</strong></span> <span class='ocrx_word' id='word_1_191' title='bbox 501 1255 548 1274; x_wconf 86' lang='lat' dir='ltr'><strong>eos</strong></span> <span class='ocrx_word' id='word_1_192' title='bbox 564 1252 640 1274; x_wconf 84' lang='lat' dir='ltr'><strong>extra</strong></span> <span class='ocrx_word' id='word_1_193' title='bbox 669 1252 766 1279; x_wconf 88' lang='lat' dir='ltr'><strong>castra,</strong></span> <span class='ocrx_word' id='word_1_194' title='bbox 797 1251 823 1273; x_wconf 91' lang='lat' dir='ltr'><strong>et</strong></span> <span class='ocrx_word' id='word_1_195' title='bbox 847 1246 873 1273; x_wconf 91' lang='lat' dir='ltr'><strong>in</strong></span> <span class='ocrx_word' id='word_1_196' title='bbox 904 1247 963 1273; x_wconf 91' lang='lat' dir='ltr'><strong>loco</strong></span> 
     </span>
    </p>
   </div>
   <div class='ocr_carea' id='block_1_29' title="bbox 171 1291 961 1324">
    <p class='ocr_par' dir='ltr' id='par_1_29' title="bbox 171 1291 961 1324">
     <span class='ocr_line' id='line_1_29' title="bbox 171 1291 961 1324; baseline 0.001 -5"><span class='ocrx_word' id='word_1_197' title='bbox 171 1291 364 1324; x_wconf 87' lang='lat' dir='ltr'><strong>mundissimo,</strong></span> <span class='ocrx_word' id='word_1_198' title='bbox 392 1299 478 1324; x_wconf 88' lang='lat' dir='ltr'><strong>usque</strong></span> <span class='ocrx_word' id='word_1_199' title='bbox 508 1292 541 1319; x_wconf 92' lang='lat' dir='ltr'><strong>ad</strong></span> <span class='ocrx_word' id='word_1_200' title='bbox 566 1291 684 1319; x_wconf 78' lang='lat' dir='ltr'><strong>favillam</strong></span> <span class='ocrx_word' id='word_1_201' title='bbox 714 1293 839 1320; x_wconf 85' lang='lat' dir='ltr'><strong>consumi</strong></span> <span class='ocrx_word' id='word_1_202' title='bbox 871 1291 961 1320; x_wconf 87' lang='lat' dir='ltr'><strong>faciet.</strong></span> 
     </span>
    </p>
   </div>
   <div class='ocr_carea' id='block_1_30' title="bbox 172 1337 963 1372">
    <p class='ocr_par' dir='ltr' id='par_1_30' title="bbox 172 1337 963 1372">
     <span class='ocr_line' id='line_1_30' title="bbox 172 1337 963 1372; baseline 0 -8"><span class='ocrx_word' id='word_1_203' title='bbox 172 1337 248 1372; x_wconf 79' lang='lat' dir='ltr'><strong>Ignis</strong></span> <span class='ocrx_word' id='word_1_204' title='bbox 259 1341 351 1364; x_wconf 90' lang='lat' dir='ltr'><strong>autem</strong></span> <span class='ocrx_word' id='word_1_205' title='bbox 363 1337 390 1364; x_wconf 89' lang='lat' dir='ltr'><strong>in</strong></span> <span class='ocrx_word' id='word_1_206' title='bbox 407 1337 484 1364; x_wconf 87' lang='lat' dir='ltr'><strong>altari</strong></span> <span class='ocrx_word' id='word_1_207' title='bbox 496 1345 604 1372; x_wconf 84' lang='lat' dir='ltr'><strong>semper</strong></span> <span class='ocrx_word' id='word_1_208' title='bbox 617 1338 734 1369; x_wconf 82' lang='lat' dir='ltr'><strong>ardebit,</strong></span> <span class='ocrx_word' id='word_1_209' title='bbox 752 1346 832 1372; x_wconf 85' lang='lat' dir='ltr'><strong>quem</strong></span> <span class='ocrx_word' id='word_1_210' title='bbox 861 1338 963 1365; x_wconf 86' lang='lat' dir='ltr'><strong>nutriet</strong></span> 
     </span>
    </p>
   </div>
   <div class='ocr_carea' id='block_1_31' title="bbox 172 1382 962 1418">
    <p class='ocr_par' dir='ltr' id='par_1_31' title="bbox 172 1382 962 1418">
     <span class='ocr_line' id='line_1_31' title="bbox 172 1382 962 1418; baseline -0.003 -7"><span class='ocrx_word' id='word_1_211' title='bbox 172 1384 303 1412; x_wconf 76' lang='lat' dir='ltr'><strong>sacerdos</strong></span> <span class='ocrx_word' id='word_1_212' title='bbox 327 1383 477 1418; x_wconf 88' lang='lat' dir='ltr'><strong>subjiciens</strong></span> <span class='ocrx_word' id='word_1_213' title='bbox 492 1383 563 1418; x_wconf 78' lang='lat' dir='ltr'><strong>ligna</strong></span> <span class='ocrx_word' id='word_1_214' title='bbox 583 1391 663 1410; x_wconf 85' lang='lat' dir='ltr'><strong>mane</strong></span> <span class='ocrx_word' id='word_1_215' title='bbox 677 1391 723 1418; x_wconf 87' lang='lat' dir='ltr'><strong>per</strong></span> <span class='ocrx_word' id='word_1_216' title='bbox 749 1382 868 1418; x_wconf 78' lang='lat' dir='ltr'><strong>singulos</strong></span> <span class='ocrx_word' id='word_1_217' title='bbox 892 1382 962 1415; x_wconf 84' lang='lat' dir='ltr'><strong>dies,</strong></span> 
     </span>
    </p>
   </div>
   <div class='ocr_carea' id='block_1_32' title="bbox 171 1428 963 1465">
    <p class='ocr_par' dir='ltr' id='par_1_32' title="bbox 171 1428 963 1465">
     <span class='ocr_line' id='line_1_32' title="bbox 171 1428 963 1465; baseline -0.003 -8"><span class='ocrx_word' id='word_1_218' title='bbox 171 1434 200 1457; x_wconf 87' lang='lat' dir='ltr'><strong>et</strong></span> <span class='ocrx_word' id='word_1_219' title='bbox 213 1428 343 1465; x_wconf 86' lang='lat' dir='ltr'><strong>imposito</strong></span> <span class='ocrx_word' id='word_1_220' title='bbox 359 1429 530 1461; x_wconf 86' lang='lat' dir='ltr'><strong>holocauslo,</strong></span> <span class='ocrx_word' id='word_1_221' title='bbox 546 1429 665 1463; x_wconf 77' lang='lat' dir='ltr'><strong>desuper</strong></span> <span class='ocrx_word' id='word_1_222' title='bbox 678 1428 798 1455; x_wconf 88' lang='lat' dir='ltr'><strong>adolebit</strong></span> <span class='ocrx_word' id='word_1_223' title='bbox 814 1428 907 1462; x_wconf 84' lang='lat' dir='ltr'><strong>adipes</strong></span> <span class='ocrx_word' id='word_1_224' title='bbox 919 1436 963 1463; x_wconf 89' lang='lat' dir='ltr'><strong>pa-</strong></span> 
     </span>
    </p>
   </div>
   <div class='ocr_carea' id='block_1_33' title="bbox 171 1473 962 1510">
    <p class='ocr_par' dir='ltr' id='par_1_33' title="bbox 171 1473 962 1510">
     <span class='ocr_line' id='line_1_33' title="bbox 171 1473 962 1510; baseline -0.001 -8"><span class='ocrx_word' id='word_1_225' title='bbox 171 1475 324 1502; x_wconf 86' lang='lat' dir='ltr'><strong>ciﬁeorum.</strong></span> <span class='ocrx_word' id='word_1_226' title='bbox 347 1474 418 1510; x_wconf 85' lang='lat' dir='ltr'><strong>Ignis</strong></span> <span class='ocrx_word' id='word_1_227' title='bbox 443 1479 485 1501; x_wconf 86' lang='lat' dir='ltr'><strong>est</strong></span> <span class='ocrx_word' id='word_1_228' title='bbox 509 1474 562 1502; x_wconf 87' lang='lat' dir='ltr'><strong>iste</strong></span> <span class='ocrx_word' id='word_1_229' title='bbox 588 1479 745 1509; x_wconf 87' lang='lat' dir='ltr'><strong>perpetuus,</strong></span> <span class='ocrx_word' id='word_1_230' title='bbox 759 1473 805 1508; x_wconf 92' lang='lat' dir='ltr'><strong>qui</strong></span> <span class='ocrx_word' id='word_1_231' title='bbox 823 1481 962 1508; x_wconf 85' lang='lat' dir='ltr'><strong>nunquam</strong></span> 
     </span>
    </p>
   </div>
   <div class='ocr_carea' id='block_1_34' title="bbox 172 1521 457 1549">
    <p class='ocr_par' dir='ltr' id='par_1_34' title="bbox 172 1521 457 1549">
     <span class='ocr_line' id='line_1_34' title="bbox 172 1521 457 1549; baseline -0.011 0"><span class='ocrx_word' id='word_1_232' title='bbox 172 1521 284 1549; x_wconf 87' lang='lat' dir='ltr'><strong>deﬁciet</strong></span> <span class='ocrx_word' id='word_1_233' title='bbox 296 1521 322 1548; x_wconf 91' lang='lat' dir='ltr'><strong>in</strong></span> <span class='ocrx_word' id='word_1_234' title='bbox 341 1521 430 1548; x_wconf 88' lang='lat' dir='ltr'><strong>altari.</strong></span> <span class='ocrx_word' id='word_1_235' title='bbox 448 1530 457 1546; x_wconf 77' lang='grc' dir='ltr'><strong><em>ι</em></strong></span> 
     </span>
    </p>
   </div>
   <div class='ocr_carea' id='block_1_35' title="bbox 207 1565 963 1602">
    <p class='ocr_par' dir='ltr' id='par_1_35' title="bbox 207 1565 963 1602">
     <span class='ocr_line' id='line_1_35' title="bbox 207 1565 963 1602; baseline -0.001 -8"><span class='ocrx_word' id='word_1_236' title='bbox 207 1567 277 1600; x_wconf 86' lang='lat' dir='ltr'><strong>Quia</strong></span> <span class='ocrx_word' id='word_1_237' title='bbox 307 1567 468 1602; x_wconf 78' lang='lat' dir='ltr'><strong>legislatoris</strong></span> <span class='ocrx_word' id='word_1_238' title='bbox 496 1566 606 1593; x_wconf 90' lang='lat' dir='ltr'><strong>modum</strong></span> <span class='ocrx_word' id='word_1_239' title='bbox 635 1565 800 1593; x_wconf 68' lang='lat' dir='ltr'><strong>sufficienter</strong></span> <span class='ocrx_word' id='word_1_240' title='bbox 833 1566 860 1593; x_wconf 90' lang='lat' dir='ltr'><strong>in</strong></span> <span class='ocrx_word' id='word_1_241' title='bbox 893 1573 963 1600; x_wconf 60' lang='lat' dir='ltr'><strong>prae.</strong></span> 
     </span>
    </p>
   </div>
   <div class='ocr_carea' id='block_1_36' title="bbox 172 1611 961 1647">
    <p class='ocr_par' dir='ltr' id='par_1_36' title="bbox 172 1611 961 1647">
     <span class='ocr_line' id='line_1_36' title="bbox 172 1611 961 1647; baseline 0 -8"><span class='ocrx_word' id='word_1_242' title='bbox 172 1613 338 1640; x_wconf 81' lang='lat' dir='ltr'><strong>cedentibus</strong></span> <span class='ocrx_word' id='word_1_243' title='bbox 363 1612 543 1643; x_wconf 88' lang='lat' dir='ltr'><strong>ostendimus,</strong></span> <span class='ocrx_word' id='word_1_244' title='bbox 570 1616 598 1639; x_wconf 89' lang='lat' dir='ltr'><strong>et</strong></span> <span class='ocrx_word' id='word_1_245' title='bbox 628 1611 805 1646; x_wconf 81' lang='lat' dir='ltr'><strong>expositionis</strong></span> <span class='ocrx_word' id='word_1_246' title='bbox 834 1611 961 1647; x_wconf 80' lang='lat' dir='ltr'><strong>legalium</strong></span> 
     </span>
    </p>
   </div>
   <div class='ocr_carea' id='block_1_37' title="bbox 173 1650 998 1693">
    <p class='ocr_par' dir='ltr' id='par_1_37' title="bbox 173 1650 998 1693">
     <span class='ocr_line' id='line_1_37' title="bbox 173 1650 998 1693; baseline -0.004 -8"><span class='ocrx_word' id='word_1_247' title='bbox 173 1659 322 1686; x_wconf 83' lang='lat' dir='ltr'><strong>verborum</strong></span> <span class='ocrx_word' id='word_1_248' title='bbox 335 1657 543 1685; x_wconf 82' lang='lat' dir='ltr'><strong>fundamentum</strong></span> <span class='ocrx_word' id='word_1_249' title='bbox 560 1658 679 1693; x_wconf 87' lang='lat' dir='ltr'><strong>positum</strong></span> <span class='ocrx_word' id='word_1_250' title='bbox 709 1661 761 1689; x_wconf 88' lang='lat' dir='ltr'><strong>est,</strong></span> <span class='ocrx_word' id='word_1_251' title='bbox 790 1660 865 1684; x_wconf 83' lang='lat' dir='ltr'><strong>extra</strong></span> <span class='ocrx_word' id='word_1_252' title='bbox 889 1656 961 1691; x_wconf 92' lang='lat' dir='ltr'><strong>quod</strong></span> <span class='ocrx_word' id='word_1_253' title='bbox 977 1650 998 1681; x_wconf 89' lang='lat' dir='ltr'><strong>C</strong></span> 
     </span>
    </p>
   </div>
   <div class='ocr_carea' id='block_1_38' title="bbox 173 1702 962 1737">
    <p class='ocr_par' dir='ltr' id='par_1_38' title="bbox 173 1702 962 1737">
     <span class='ocr_line' id='line_1_38' title="bbox 173 1702 962 1737; baseline -0.004 -6"><span class='ocrx_word' id='word_1_254' title='bbox 173 1703 249 1732; x_wconf 83' lang='lat' dir='ltr'><strong>aliud</strong></span> <span class='ocrx_word' id='word_1_255' title='bbox 278 1711 359 1731; x_wconf 89' lang='lat' dir='ltr'><strong>nemo</strong></span> <span class='ocrx_word' id='word_1_256' title='bbox 380 1703 570 1731; x_wconf 68' lang='lat' dir='ltr'><strong>tediﬁcantium</strong></span> <span class='ocrx_word' id='word_1_257' title='bbox 604 1703 632 1731; x_wconf 90' lang='lat' dir='ltr'><strong>in</strong></span> <span class='ocrx_word' id='word_1_258' title='bbox 669 1702 766 1737; x_wconf 86' lang='lat' dir='ltr'><strong>spiritu</strong></span> <span class='ocrx_word' id='word_1_259' title='bbox 794 1709 896 1737; x_wconf 87' lang='lat' dir='ltr'><strong>ponere</strong></span> <span class='ocrx_word' id='word_1_260' title='bbox 912 1709 962 1736; x_wconf 91' lang='lat' dir='ltr'><strong>po-</strong></span> 
     </span>
    </p>
   </div>
   <div class='ocr_carea' id='block_1_39' title="bbox 174 1747 963 1783">
    <p class='ocr_par' dir='ltr' id='par_1_39' title="bbox 174 1747 963 1783">
     <span class='ocr_line' id='line_1_39' title="bbox 174 1747 963 1783; baseline -0.003 -7"><span class='ocrx_word' id='word_1_261' title='bbox 174 1753 229 1777; x_wconf 88' lang='lat' dir='ltr'><strong>test</strong></span> <span class='ocrx_word' id='word_1_262' title='bbox 244 1758 252 1776; x_wconf 87' lang='lat'>:</span> <span class='ocrx_word' id='word_1_263' title='bbox 267 1749 392 1776; x_wconf 81' lang='lat' dir='ltr'><strong>Christus</strong></span> <span class='ocrx_word' id='word_1_264' title='bbox 411 1749 484 1776; x_wconf 87' lang='lat' dir='ltr'><strong>enim</strong></span> <span class='ocrx_word' id='word_1_265' title='bbox 506 1753 557 1780; x_wconf 87' lang='lat' dir='ltr'><strong>est,</strong></span> <span class='ocrx_word' id='word_1_266' title='bbox 571 1749 616 1783; x_wconf 86' lang='lat' dir='ltr'><strong>qui</strong></span> <span class='ocrx_word' id='word_1_267' title='bbox 634 1748 713 1776; x_wconf 89' lang='lat' dir='ltr'><strong>nobis</strong></span> <span class='ocrx_word' id='word_1_268' title='bbox 733 1748 803 1775; x_wconf 90' lang='lat' dir='ltr'><strong>sicut</strong></span> <span class='ocrx_word' id='word_1_269' title='bbox 825 1747 963 1782; x_wconf 81' lang='lat' dir='ltr'><strong>angularis</strong></span> 
     </span>
    </p>
   </div>
   <div class='ocr_carea' id='block_1_40' title="bbox 173 1793 960 1830">
    <p class='ocr_par' dir='ltr' id='par_1_40' title="bbox 173 1793 960 1830">
     <span class='ocr_line' id='line_1_40' title="bbox 173 1793 960 1830; baseline -0.003 -8"><span class='ocrx_word' id='word_1_270' title='bbox 173 1795 280 1823; x_wconf 64' lang='lat' dir='ltr'><strong>aediﬁcii</strong></span> <span class='ocrx_word' id='word_1_271' title='bbox 300 1795 369 1830; x_wconf 86' lang='lat' dir='ltr'><strong>lapis</strong></span> <span class='ocrx_word' id='word_1_272' title='bbox 383 1803 433 1830; x_wconf 88' lang='lat' dir='ltr'><strong>per</strong></span> <span class='ocrx_word' id='word_1_273' title='bbox 458 1799 541 1822; x_wconf 87' lang='lat' dir='ltr'><strong>totam</strong></span> <span class='ocrx_word' id='word_1_274' title='bbox 567 1794 634 1830; x_wconf 81' lang='lat' dir='ltr'><strong>legis</strong></span> <span class='ocrx_word' id='word_1_275' title='bbox 658 1794 856 1829; x_wconf 82' lang='lat' dir='ltr'><strong>expositionem</strong></span> <span class='ocrx_word' id='word_1_276' title='bbox 874 1793 960 1828; x_wconf 84' lang='lat' dir='ltr'><strong>jacet;</strong></span> 
     </span>
    </p>
   </div>
   <div class='ocr_carea' id='block_1_41' title="bbox 172 1838 962 1876">
    <p class='ocr_par' dir='ltr' id='par_1_41' title="bbox 172 1838 962 1876">
     <span class='ocr_line' id='line_1_41' title="bbox 172 1838 962 1876; baseline -0.004 -8"><span class='ocrx_word' id='word_1_277' title='bbox 172 1841 234 1876; x_wconf 84' lang='lat' dir='ltr'><strong>ejus</strong></span> <span class='ocrx_word' id='word_1_278' title='bbox 252 1848 316 1876; x_wconf 81' lang='lat' dir='ltr'><strong>ergo</strong></span> <span class='ocrx_word' id='word_1_279' title='bbox 338 1841 423 1876; x_wconf 79' lang='lat' dir='ltr'><strong>gratia</strong></span> <span class='ocrx_word' id='word_1_280' title='bbox 451 1845 478 1868; x_wconf 91' lang='lat' dir='ltr'><strong>et</strong></span> <span class='ocrx_word' id='word_1_281' title='bbox 506 1840 641 1873; x_wconf 90' lang='lat' dir='ltr'><strong>doctrina,</strong></span> <span class='ocrx_word' id='word_1_282' title='bbox 667 1839 729 1874; x_wconf 87' lang='lat' dir='ltr'><strong>quia</strong></span> <span class='ocrx_word' id='word_1_283' title='bbox 751 1844 778 1866; x_wconf 89' lang='lat' dir='ltr'><strong>et</strong></span> <span class='ocrx_word' id='word_1_284' title='bbox 797 1838 962 1866; x_wconf 86' lang='lat' dir='ltr'><strong>architectus</strong></span> 
     </span>
    </p>
   </div>
   <div class='ocr_carea' id='block_1_42' title="bbox 173 1884 962 1922">
    <p class='ocr_par' dir='ltr' id='par_1_42' title="bbox 173 1884 962 1922">
     <span class='ocr_line' id='line_1_42' title="bbox 173 1884 962 1922; baseline -0.003 -8"><span class='ocrx_word' id='word_1_285' title='bbox 173 1891 225 1918; x_wconf 82' lang='lat' dir='ltr'><strong>est,</strong></span> <span class='ocrx_word' id='word_1_286' title='bbox 238 1894 346 1920; x_wconf 88' lang='lat' dir='ltr'><strong>aurum,</strong></span> <span class='ocrx_word' id='word_1_287' title='bbox 361 1891 512 1922; x_wconf 76' lang='lat' dir='ltr'><strong>argentum,</strong></span> <span class='ocrx_word' id='word_1_288' title='bbox 535 1886 638 1921; x_wconf 85' lang='lat' dir='ltr'><strong>lapides</strong></span> <span class='ocrx_word' id='word_1_289' title='bbox 659 1885 791 1921; x_wconf 87' lang='lat' dir='ltr'><strong>pretiosos</strong></span> <span class='ocrx_word' id='word_1_290' title='bbox 813 1884 962 1920; x_wconf 53' lang='lat' dir='ltr'><strong>superadi-</strong></span> 
     </span>
    </p>
   </div>
   <div class='ocr_carea' id='block_1_43' title="bbox 173 1932 297 1961">
    <p class='ocr_par' dir='ltr' id='par_1_43' title="bbox 173 1932 297 1961">
     <span class='ocr_line' id='line_1_43' title="bbox 173 1932 297 1961; baseline -0.016 0"><span class='ocrx_word' id='word_1_291' title='bbox 173 1932 297 1961; x_wconf 81' lang='lat' dir='ltr'><strong>ﬁcemus.</strong></span> 
     </span>
    </p>
   </div>
   <div class='ocr_carea' id='block_1_44' title="bbox 210 1975 963 2012">
    <p class='ocr_par' dir='ltr' id='par_1_44' title="bbox 210 1975 963 2012">
     <span class='ocr_line' id='line_1_44' title="bbox 210 1975 963 2012; baseline -0.004 -8"><span class='ocrx_word' id='word_1_292' title='bbox 210 1977 324 2005; x_wconf 79' lang='lat' dir='ltr'><strong>Locutus</strong></span> <span class='ocrx_word' id='word_1_293' title='bbox 335 1982 372 2004; x_wconf 75' lang='lat' dir='ltr'><strong>est</strong></span> <span class='ocrx_word' id='word_1_294' title='bbox 386 1977 513 2005; x_wconf 76' lang='lat' dir='ltr'><strong>Dominus</strong></span> <span class='ocrx_word' id='word_1_295' title='bbox 525 1978 560 2004; x_wconf 81' lang='lat' dir='ltr'><strong>ad</strong></span> <span class='ocrx_word' id='word_1_296' title='bbox 578 1976 692 2012; x_wconf 76' lang='lat' dir='ltr'><strong>Moysen,</strong></span> <span class='ocrx_word' id='word_1_297' title='bbox 716 1977 802 2003; x_wconf 82' lang='lat' dir='ltr'><strong>dicens</strong></span> <span class='ocrx_word' id='word_1_298' title='bbox 815 1984 823 2003; x_wconf 91' lang='lat'><em>:</em></span> <span class='ocrx_word' id='word_1_299' title='bbox 846 1975 963 2009; x_wconf 77' lang='lat' dir='ltr'><strong>Prwcipe</strong></span> 
     </span>
    </p>
   </div>
   <div class='ocr_carea' id='block_1_45' title="bbox 173 2019 963 2058">
    <p class='ocr_par' dir='ltr' id='par_1_45' title="bbox 173 2019 963 2058">
     <span class='ocr_line' id='line_1_45' title="bbox 173 2019 963 2058; baseline -0.005 -8"><span class='ocrx_word' id='word_1_300' title='bbox 173 2023 263 2050; x_wconf 81' lang='lat' dir='ltr'><strong>Aaron</strong></span> <span class='ocrx_word' id='word_1_301' title='bbox 280 2028 305 2050; x_wconf 86' lang='lat' dir='ltr'><strong>et</strong></span> <span class='ocrx_word' id='word_1_302' title='bbox 316 2023 378 2058; x_wconf 80' lang='lat' dir='ltr'><strong>ﬁliis</strong></span> <span class='ocrx_word' id='word_1_303' title='bbox 393 2023 460 2058; x_wconf 88' lang='lat' dir='ltr'><strong>ejus.</strong></span> <span class='ocrx_word' id='word_1_304' title='bbox 475 2022 539 2049; x_wconf 75' lang='grc' dir='ltr'><strong>Ηιεε</strong></span> <span class='ocrx_word' id='word_1_305' title='bbox 559 2027 595 2049; x_wconf 77' lang='lat' dir='ltr'><strong>est</strong></span> <span class='ocrx_word' id='word_1_306' title='bbox 620 2022 662 2049; x_wconf 75' lang='lat' dir='ltr'><strong>lea:</strong></span> <span class='ocrx_word' id='word_1_307' title='bbox 679 2021 833 2048; x_wconf 76' lang='lat' dir='ltr'><strong>ltolocausti.</strong></span> <span class='ocrx_word' id='word_1_308' title='bbox 858 2020 908 2047; x_wconf 84' lang='lat' dir='ltr'><strong>llic</strong></span> <span class='ocrx_word' id='word_1_309' title='bbox 929 2019 963 2047; x_wconf 90' lang='lat' dir='ltr'><strong>de</strong></span> 
     </span>
    </p>
   </div>
   <div class='ocr_carea' id='block_1_46' title="bbox 171 2066 962 2105">
    <p class='ocr_par' dir='ltr' id='par_1_46' title="bbox 171 2066 962 2105">
     <span class='ocr_line' id='line_1_46' title="bbox 171 2066 962 2105; baseline -0.006 -8"><span class='ocrx_word' id='word_1_310' title='bbox 171 2069 230 2105; x_wconf 78' lang='lat' dir='ltr'><strong>jugi</strong></span> <span class='ocrx_word' id='word_1_311' title='bbox 247 2069 383 2097; x_wconf 88' lang='lat' dir='ltr'><strong>sacriﬁcio</strong></span> <span class='ocrx_word' id='word_1_312' title='bbox 403 2070 446 2096; x_wconf 79' lang='lat' dir='ltr'><strong>lcx</strong></span> <span class='ocrx_word' id='word_1_313' title='bbox 472 2069 601 2103; x_wconf 78' lang='lat' dir='ltr'><strong>loquitur,</strong></span> <span class='ocrx_word' id='word_1_314' title='bbox 617 2068 690 2103; x_wconf 90' lang='lat' dir='ltr'><strong>quod</strong></span> <span class='ocrx_word' id='word_1_315' title='bbox 702 2067 823 2102; x_wconf 88' lang='lat' dir='ltr'><strong>quotidie</strong></span> <span class='ocrx_word' id='word_1_316' title='bbox 846 2067 873 2093; x_wconf 91' lang='lat' dir='ltr'><strong>in</strong></span> <span class='ocrx_word' id='word_1_317' title='bbox 892 2066 962 2093; x_wconf 90' lang='lat' dir='ltr'><strong>libro</strong></span> 
     </span>
    </p>
   </div>
   <div class='ocr_carea' id='block_1_47' title="bbox 173 2110 963 2150">
    <p class='ocr_par' dir='ltr' id='par_1_47' title="bbox 173 2110 963 2150">
     <span class='ocr_line' id='line_1_47' title="bbox 173 2110 963 2150; baseline -0.006 -7"><span class='ocrx_word' id='word_1_318' title='bbox 173 2115 259 2143; x_wconf 83' lang='lat' dir='ltr'><strong>Exodi</strong></span> <span class='ocrx_word' id='word_1_319' title='bbox 272 2115 369 2143; x_wconf 80' lang='lat' dir='ltr'><strong>eﬁ’crre</strong></span> <span class='ocrx_word' id='word_1_320' title='bbox 381 2114 509 2150; x_wconf 61' lang='lat' dir='ltr'><strong>praecepit</strong></span> <span class='ocrx_word' id='word_1_321' title='bbox 519 2114 686 2147; x_wconf 85' lang='lat' dir='ltr'><strong>sacerdotes;</strong></span> <span class='ocrx_word' id='word_1_322' title='bbox 701 2113 739 2140; x_wconf 85' lang='lat' dir='ltr'><strong>ait</strong></span> <span class='ocrx_word' id='word_1_323' title='bbox 750 2113 822 2140; x_wconf 87' lang='lat' dir='ltr'><strong>enim</strong></span> <span class='ocrx_word' id='word_1_324' title='bbox 838 2112 892 2139; x_wconf 91' lang='lat' dir='ltr'><strong>sic:</strong></span> <span class='ocrx_word' id='word_1_325' title='bbox 905 2110 963 2138; x_wconf 80' lang='lat' dir='ltr'><strong>Hoc</strong></span> 
     </span>
    </p>
   </div>
   <div class='ocr_carea' id='block_1_48' title="bbox 173 2158 962 2197">
    <p class='ocr_par' dir='ltr' id='par_1_48' title="bbox 173 2158 962 2197">
     <span class='ocr_line' id='line_1_48' title="bbox 173 2158 962 2197; baseline -0.005 -9"><span class='ocrx_word' id='word_1_326' title='bbox 173 2162 291 2197; x_wconf 79' lang='lat' dir='ltr'><strong>estquod</strong></span> <span class='ocrx_word' id='word_1_327' title='bbox 305 2162 387 2196; x_wconf 73' lang='lat' dir='ltr'><strong>facies</strong></span> <span class='ocrx_word' id='word_1_328' title='bbox 408 2162 435 2188; x_wconf 86' lang='lat' dir='ltr'><strong>in</strong></span> <span class='ocrx_word' id='word_1_329' title='bbox 450 2161 531 2188; x_wconf 80' lang='lat' dir='ltr'><strong>altari</strong></span> <span class='ocrx_word' id='word_1_330' title='bbox 548 2169 556 2188; x_wconf 90' lang='lat'><em>:</em></span> <span class='ocrx_word' id='word_1_331' title='bbox 578 2168 659 2195; x_wconf 83' lang='lat' dir='ltr'><strong>agnos</strong></span> <span class='ocrx_word' id='word_1_332' title='bbox 678 2158 813 2186; x_wconf 81' lang='lat' dir='ltr'><strong>anniculus</strong></span> <span class='ocrx_word' id='word_1_333' title='bbox 835 2158 900 2184; x_wconf 83' lang='lat' dir='ltr'><strong>duos</strong></span> <span class='ocrx_word' id='word_1_334' title='bbox 915 2165 962 2192; x_wconf 82' lang='lat' dir='ltr'><strong>per</strong></span> 
     </span>
    </p>
   </div>
   <div class='ocr_carea' id='block_1_49' title="bbox 172 2203 964 2243">
    <p class='ocr_par' dir='ltr' id='par_1_49' title="bbox 172 2203 964 2243">
     <span class='ocr_line' id='line_1_49' title="bbox 172 2203 964 2243; baseline -0.006 -8"><span class='ocrx_word' id='word_1_335' title='bbox 172 2209 291 2243; x_wconf 77' lang='lat' dir='ltr'><strong>singulos</strong></span> <span class='ocrx_word' id='word_1_336' title='bbox 317 2208 373 2235; x_wconf 75' lang='lat' dir='ltr'><strong>dies</strong></span> <span class='ocrx_word' id='word_1_337' title='bbox 393 2207 496 2242; x_wconf 77' lang='lat' dir='ltr'><strong>jugiter</strong></span> <span class='ocrx_word' id='word_1_338' title='bbox 508 2207 550 2239; x_wconf 84' lang='lat'><strong>&quot;;</strong></span> <span class='ocrx_word' id='word_1_339' title='bbox 573 2211 600 2233; x_wconf 90' lang='lat' dir='ltr'><strong>et</strong></span> <span class='ocrx_word' id='word_1_340' title='bbox 620 2205 701 2240; x_wconf 90' lang='lat' dir='ltr'><strong>paulo</strong></span> <span class='ocrx_word' id='word_1_341' title='bbox 733 2209 803 2240; x_wconf 90' lang='lat' dir='ltr'><strong>post.</strong></span> <span class='ocrx_word' id='word_1_342' title='bbox 827 2203 964 2231; x_wconf 82' lang='lat' dir='ltr'><strong>Oblatione</strong></span> 
     </span>
    </p>
   </div>
   <div class='ocr_carea' id='block_1_50' title="bbox 171 2249 960 2288">
    <p class='ocr_par' dir='ltr' id='par_1_50' title="bbox 171 2249 960 2288">
     <span class='ocr_line' id='line_1_50' title="bbox 171 2249 960 2288; baseline -0.005 -8"><span class='ocrx_word' id='word_1_343' title='bbox 171 2258 299 2288; x_wconf 81' lang='lat' dir='ltr'><strong>perpetua</strong></span> <span class='ocrx_word' id='word_1_344' title='bbox 325 2253 353 2279; x_wconf 86' lang='lat' dir='ltr'><strong>in</strong></span> <span class='ocrx_word' id='word_1_345' title='bbox 372 2252 552 2287; x_wconf 76' lang='lat' dir='ltr'><strong>generationes</strong></span> <span class='ocrx_word' id='word_1_346' title='bbox 576 2250 720 2278; x_wconf 79' lang='lat' dir='ltr'><strong>vestras&quot;.</strong></span> <span class='ocrx_word' id='word_1_347' title='bbox 751 2249 820 2277; x_wconf 86' lang='lat' dir='ltr'><strong>Dicit</strong></span> <span class='ocrx_word' id='word_1_348' title='bbox 847 2254 960 2277; x_wconf 85' lang='lat' dir='ltr'><strong>autem:</strong></span> 
     </span>
    </p>
   </div>
   <div class='ocr_carea' id='block_1_51' title="bbox 172 2295 960 2332">
    <p class='ocr_par' dir='ltr' id='par_1_51' title="bbox 172 2295 960 2332">
     <span class='ocr_line' id='line_1_51' title="bbox 172 2295 960 2332; baseline -0.006 -6"><span class='ocrx_word' id='word_1_349' title='bbox 172 2299 266 2326; x_wconf 79' lang='lat' dir='ltr'><strong>Facies</strong></span> <span class='ocrx_word' id='word_1_350' title='bbox 283 2298 474 2331; x_wconf 79' lang='lat' dir='ltr'><strong>holocaustum,</strong></span> <span class='ocrx_word' id='word_1_351' title='bbox 492 2305 574 2324; x_wconf 86' lang='lat' dir='ltr'><strong>unum</strong></span> <span class='ocrx_word' id='word_1_352' title='bbox 599 2304 696 2332; x_wconf 87' lang='lat' dir='ltr'><strong>agnum</strong></span> <span class='ocrx_word' id='word_1_353' title='bbox 725 2304 813 2329; x_wconf 85' lang='lat' dir='ltr'><strong>mane,</strong></span> <span class='ocrx_word' id='word_1_354' title='bbox 837 2300 862 2322; x_wconf 90' lang='lat' dir='ltr'><strong>et</strong></span> <span class='ocrx_word' id='word_1_355' title='bbox 877 2295 960 2322; x_wconf 82' lang='lat' dir='ltr'><strong>alium</strong></span> 
     </span>
    </p>
   </div>
   <div class='ocr_carea' id='block_1_52' title="bbox 171 2342 960 2381">
    <p class='ocr_par' dir='ltr' id='par_1_52' title="bbox 171 2342 960 2381">
     <span class='ocr_line' id='line_1_52' title="bbox 171 2342 960 2381; baseline -0.005 -9"><span class='ocrx_word' id='word_1_356' title='bbox 171 2346 254 2381; x_wconf 66' lang='lat' dir='ltr'><strong>facit:</strong></span> <span class='ocrx_word' id='word_1_357' title='bbox 283 2352 387 2379; x_wconf 76' lang='lat' dir='ltr'><strong>vespere</strong></span> <span class='ocrx_word' id='word_1_358' title='bbox 399 2343 433 2369; x_wconf 82' lang='lat'><strong>&quot;.</strong></span> <span class='ocrx_word' id='word_1_359' title='bbox 455 2344 505 2370; x_wconf 84' lang='lat' dir='ltr'><strong>Per</strong></span> <span class='ocrx_word' id='word_1_360' title='bbox 524 2343 582 2370; x_wconf 63' lang='lat' dir='ltr'><strong>haec</strong></span> <span class='ocrx_word' id='word_1_361' title='bbox 603 2350 667 2378; x_wconf 82' lang='lat' dir='ltr'><strong>ergo</strong></span> <span class='ocrx_word' id='word_1_362' title='bbox 684 2342 869 2377; x_wconf 83' lang='lat' dir='ltr'><strong>intelligimus,</strong></span> <span class='ocrx_word' id='word_1_363' title='bbox 898 2342 960 2376; x_wconf 89' lang='lat' dir='ltr'><strong>quia</strong></span> 
     </span>
    </p>
   </div>
   <div class='ocr_carea' id='block_1_53' title="bbox 172 2386 961 2422">
    <p class='ocr_par' dir='ltr' id='par_1_53' title="bbox 172 2386 961 2422">
     <span class='ocr_line' id='line_1_53' title="bbox 172 2386 961 2422; baseline -0.003 -7"><span class='ocrx_word' id='word_1_364' title='bbox 172 2388 201 2415; x_wconf 88' lang='lat' dir='ltr'><strong>in</strong></span> <span class='ocrx_word' id='word_1_365' title='bbox 214 2395 310 2414; x_wconf 88' lang='lat' dir='ltr'><strong>eorum</strong></span> <span class='ocrx_word' id='word_1_366' title='bbox 323 2387 431 2422; x_wconf 91' lang='lat' dir='ltr'><strong>quidem</strong></span> <span class='ocrx_word' id='word_1_367' title='bbox 442 2387 488 2422; x_wconf 90' lang='lat' dir='ltr'><strong>qui</strong></span> <span class='ocrx_word' id='word_1_368' title='bbox 501 2391 565 2414; x_wconf 88' lang='lat' dir='ltr'><strong>sunt</strong></span> <span class='ocrx_word' id='word_1_369' title='bbox 575 2387 608 2414; x_wconf 91' lang='lat' dir='ltr'><strong>de</strong></span> <span class='ocrx_word' id='word_1_370' title='bbox 623 2387 711 2421; x_wconf 83' lang='lat' dir='ltr'><strong>plebe,</strong></span> <span class='ocrx_word' id='word_1_371' title='bbox 720 2386 858 2413; x_wconf 92' lang='lat' dir='ltr'><strong>voluntate</strong></span> <span class='ocrx_word' id='word_1_372' title='bbox 868 2387 961 2413; x_wconf 88' lang='lat' dir='ltr'><strong>datum</strong></span> 
     </span>
    </p>
   </div>
   <div class='ocr_carea' id='block_1_54' title="bbox 172 2432 961 2468">
    <p class='ocr_par' dir='ltr' id='par_1_54' title="bbox 172 2432 961 2468">
     <span class='ocr_line' id='line_1_54' title="bbox 172 2432 961 2468; baseline -0.003 -7"><span class='ocrx_word' id='word_1_373' title='bbox 172 2439 225 2465; x_wconf 83' lang='lat' dir='ltr'><strong>est.</strong></span> <span class='ocrx_word' id='word_1_374' title='bbox 235 2433 258 2460; x_wconf 91' lang='lat' dir='ltr'><strong>si</strong></span> <span class='ocrx_word' id='word_1_375' title='bbox 274 2433 370 2460; x_wconf 91' lang='lat' dir='ltr'><strong>volunt</strong></span> <span class='ocrx_word' id='word_1_376' title='bbox 381 2434 479 2461; x_wconf 76' lang='lat' dir='ltr'><strong>offerre</strong></span> <span class='ocrx_word' id='word_1_377' title='bbox 497 2434 696 2466; x_wconf 88' lang='lat' dir='ltr'><strong>holocaustum,</strong></span> <span class='ocrx_word' id='word_1_378' title='bbox 711 2437 821 2468; x_wconf 88' lang='lat' dir='ltr'><strong>propter</strong></span> <span class='ocrx_word' id='word_1_379' title='bbox 832 2432 903 2468; x_wconf 88' lang='lat' dir='ltr'><strong>quod</strong></span> <span class='ocrx_word' id='word_1_380' title='bbox 917 2440 961 2459; x_wconf 81' lang='lat' dir='ltr'><strong>sa-</strong></span> 
     </span>
    </p>
   </div>
   <div class='ocr_carea' id='block_1_55' title="bbox 172 2479 962 2513">
    <p class='ocr_par' dir='ltr' id='par_1_55' title="bbox 172 2479 962 2513">
     <span class='ocr_line' id='line_1_55' title="bbox 172 2479 962 2513; baseline 0 -7"><span class='ocrx_word' id='word_1_381' title='bbox 172 2479 307 2506; x_wconf 81' lang='lat' dir='ltr'><strong>criﬁcium</strong></span> <span class='ocrx_word' id='word_1_382' title='bbox 338 2479 404 2506; x_wconf 90' lang='lat' dir='ltr'><strong>illud</strong></span> <span class='ocrx_word' id='word_1_383' title='bbox 428 2487 529 2507; x_wconf 90' lang='lat' dir='ltr'><strong>munus</strong></span> <span class='ocrx_word' id='word_1_384' title='bbox 561 2487 667 2511; x_wconf 86' lang='lat' dir='ltr'><strong>eorum,</strong></span> <span class='ocrx_word' id='word_1_385' title='bbox 694 2483 789 2513; x_wconf 89' lang='lat' dir='ltr'><strong>utpote</strong></span> <span class='ocrx_word' id='word_1_386' title='bbox 813 2482 962 2513; x_wconf 84' lang='lat' dir='ltr'><strong>spontanea</strong></span> 
     </span>
    </p>
   </div>
   <div class='ocr_carea' id='block_1_56' title="bbox 171 2524 961 2560">
    <p class='ocr_par' dir='ltr' id='par_1_56' title="bbox 171 2524 961 2560">
     <span class='ocr_line' id='line_1_56' title="bbox 171 2524 961 2560; baseline -0.001 -9"><span class='ocrx_word' id='word_1_387' title='bbox 171 2525 284 2557; x_wconf 88' lang='lat' dir='ltr'><strong>oblatio,</strong></span> <span class='ocrx_word' id='word_1_388' title='bbox 294 2525 462 2552; x_wconf 82' lang='lat' dir='ltr'><strong>nominatur.</strong></span> <span class='ocrx_word' id='word_1_389' title='bbox 473 2525 568 2560; x_wconf 80' lang='lat' dir='ltr'><strong>Neque</strong></span> <span class='ocrx_word' id='word_1_390' title='bbox 582 2526 654 2552; x_wconf 89' lang='lat' dir='ltr'><strong>enim</strong></span> <span class='ocrx_word' id='word_1_391' title='bbox 669 2525 758 2552; x_wconf 90' lang='lat' dir='ltr'><strong>omnis</strong></span> <span class='ocrx_word' id='word_1_392' title='bbox 772 2525 854 2552; x_wconf 90' lang='lat' dir='ltr'><strong>homo</strong></span> <span class='ocrx_word' id='word_1_393' title='bbox 868 2524 961 2559; x_wconf 92' lang='lat' dir='ltr'><strong>perfe-</strong></span> 
     </span>
    </p>
   </div>
   <div class='ocr_carea' id='block_1_57' title="bbox 171 2570 961 2606">
    <p class='ocr_par' dir='ltr' id='par_1_57' title="bbox 171 2570 961 2606">
     <span class='ocr_line' id='line_1_57' title="bbox 171 2570 961 2606; baseline -0.003 -9"><span class='ocrx_word' id='word_1_394' title='bbox 171 2571 325 2598; x_wconf 82' lang='lat' dir='ltr'><strong>ctissimam</strong></span> <span class='ocrx_word' id='word_1_395' title='bbox 343 2571 427 2606; x_wconf 79' lang='lat' dir='ltr'><strong>exigit</strong></span> <span class='ocrx_word' id='word_1_396' title='bbox 450 2571 621 2606; x_wconf 85' lang='lat' dir='ltr'><strong>sapientiam,</strong></span> <span class='ocrx_word' id='word_1_397' title='bbox 642 2570 770 2598; x_wconf 85' lang='lat' dir='ltr'><strong>sacerdos</strong></span> <span class='ocrx_word' id='word_1_398' title='bbox 789 2573 877 2597; x_wconf 88' lang='lat' dir='ltr'><strong>tamen</strong></span> <span class='ocrx_word' id='word_1_399' title='bbox 900 2576 961 2596; x_wconf 93' lang='lat' dir='ltr'><strong>om-</strong></span> 
     </span>
    </p>
   </div>
   <div class='ocr_carea' id='block_1_58' title="bbox 170 2616 959 2652">
    <p class='ocr_par' dir='ltr' id='par_1_58' title="bbox 170 2616 959 2652">
     <span class='ocr_line' id='line_1_58' title="bbox 170 2616 959 2652; baseline -0.003 -8"><span class='ocrx_word' id='word_1_400' title='bbox 170 2617 286 2645; x_wconf 85' lang='lat' dir='ltr'><strong>nimodo</strong></span> <span class='ocrx_word' id='word_1_401' title='bbox 306 2617 387 2644; x_wconf 84' lang='lat' dir='ltr'><strong>debet</strong></span> <span class='ocrx_word' id='word_1_402' title='bbox 413 2617 534 2652; x_wconf 86' lang='lat' dir='ltr'><strong>perfecte</strong></span> <span class='ocrx_word' id='word_1_403' title='bbox 563 2624 667 2652; x_wconf 83' lang='lat' dir='ltr'><strong>sapere.</strong></span> <span class='ocrx_word' id='word_1_404' title='bbox 697 2616 862 2651; x_wconf 84' lang='lat' dir='ltr'><strong>Perpetuum</strong></span> <span class='ocrx_word' id='word_1_405' title='bbox 887 2616 959 2643; x_wconf 89' lang='lat' dir='ltr'><strong>enim</strong></span> 
     </span>
    </p>
   </div>
   <div class='ocr_carea' id='block_1_59' title="bbox 173 2661 962 2695">
    <p class='ocr_par' dir='ltr' id='par_1_59' title="bbox 173 2661 962 2695">
     <span class='ocr_line' id='line_1_59' title="bbox 173 2661 962 2695; baseline -0.001 -5"><span class='ocrx_word' id='word_1_406' title='bbox 173 2663 353 2695; x_wconf 87' lang='lat' dir='ltr'><strong>sacriﬁcium,</strong></span> <span class='ocrx_word' id='word_1_407' title='bbox 373 2662 400 2689; x_wconf 88' lang='lat' dir='ltr'><strong>id</strong></span> <span class='ocrx_word' id='word_1_408' title='bbox 431 2667 473 2690; x_wconf 88' lang='lat' dir='ltr'><strong>est</strong></span> <span class='ocrx_word' id='word_1_409' title='bbox 502 2662 664 2690; x_wconf 90' lang='lat' dir='ltr'><strong>continuum</strong></span> <span class='ocrx_word' id='word_1_410' title='bbox 692 2661 892 2693; x_wconf 85' lang='lat' dir='ltr'><strong>holocaustum.</strong></span> <span class='ocrx_word' id='word_1_411' title='bbox 919 2669 962 2689; x_wconf 90' lang='lat' dir='ltr'><strong>se-</strong></span> 
     </span>
    </p>
   </div>
   <div class='ocr_carea' id='block_1_60' title="bbox 173 2706 960 2741">
    <p class='ocr_par' dir='ltr' id='par_1_60' title="bbox 173 2706 960 2741">
     <span class='ocr_line' id='line_1_60' title="bbox 173 2706 960 2741; baseline -0.004 -6"><span class='ocrx_word' id='word_1_412' title='bbox 173 2708 264 2735; x_wconf 85' lang='lat' dir='ltr'><strong>cundo</strong></span> <span class='ocrx_word' id='word_1_413' title='bbox 280 2707 308 2734; x_wconf 89' lang='lat' dir='ltr'><strong>in</strong></span> <span class='ocrx_word' id='word_1_414' title='bbox 327 2707 371 2735; x_wconf 89' lang='lat' dir='ltr'><strong>die</strong></span> <span class='ocrx_word' id='word_1_415' title='bbox 387 2715 468 2734; x_wconf 86' lang='lat' dir='ltr'><strong>mane</strong></span> <span class='ocrx_word' id='word_1_416' title='bbox 496 2713 523 2734; x_wconf 90' lang='lat' dir='ltr'><strong>et</strong></span> <span class='ocrx_word' id='word_1_417' title='bbox 539 2714 650 2741; x_wconf 85' lang='lat' dir='ltr'><strong>vespere</strong></span> <span class='ocrx_word' id='word_1_418' title='bbox 665 2706 764 2734; x_wconf 87' lang='lat' dir='ltr'><strong>ollcrre</strong></span> <span class='ocrx_word' id='word_1_419' title='bbox 794 2706 960 2741; x_wconf 62' lang='lat' dir='ltr'><strong>prazcipitur,</strong></span> 
     </span>
    </p>
   </div>
   <div class='ocr_carea' id='block_1_61' title="bbox 175 2751 960 2788">
    <p class='ocr_par' dir='ltr' id='par_1_61' title="bbox 175 2751 960 2788">
     <span class='ocr_line' id='line_1_61' title="bbox 175 2751 960 2788; baseline -0.004 -7"><span class='ocrx_word' id='word_1_420' title='bbox 175 2759 230 2782; x_wconf 88' lang='lat' dir='ltr'><strong>uta</strong></span> <span class='ocrx_word' id='word_1_421' title='bbox 252 2753 375 2788; x_wconf 85' lang='lat' dir='ltr'><strong>perfecta</strong></span> <span class='ocrx_word' id='word_1_422' title='bbox 392 2753 524 2788; x_wconf 84' lang='lat' dir='ltr'><strong>sapientia</strong></span> <span class='ocrx_word' id='word_1_423' title='bbox 545 2752 687 2788; x_wconf 80' lang='lat' dir='ltr'><strong>incipiens,</strong></span> <span class='ocrx_word' id='word_1_424' title='bbox 709 2752 737 2779; x_wconf 91' lang='lat' dir='ltr'><strong>in</strong></span> <span class='ocrx_word' id='word_1_425' title='bbox 750 2752 844 2779; x_wconf 82' lang='lat' dir='ltr'><strong>eadem</strong></span> <span class='ocrx_word' id='word_1_426' title='bbox 874 2751 960 2784; x_wconf 85' lang='lat' dir='ltr'><strong>ﬁniat,</strong></span> 
     </span>
    </p>
   </div>
   <div class='ocr_carea' id='block_1_62' title="bbox 174 2798 960 2833">
    <p class='ocr_par' dir='ltr' id='par_1_62' title="bbox 174 2798 960 2833">
     <span class='ocr_line' id='line_1_62' title="bbox 174 2798 960 2833; baseline -0.001 -6"><span class='ocrx_word' id='word_1_427' title='bbox 174 2804 199 2826; x_wconf 89' lang='lat' dir='ltr'><strong>et</strong></span> <span class='ocrx_word' id='word_1_428' title='bbox 221 2804 308 2827; x_wconf 85' lang='lat' dir='ltr'><strong>totam</strong></span> <span class='ocrx_word' id='word_1_429' title='bbox 329 2807 406 2826; x_wconf 89' lang='lat' dir='ltr'><strong>suam</strong></span> <span class='ocrx_word' id='word_1_430' title='bbox 434 2799 517 2826; x_wconf 87' lang='lat' dir='ltr'><strong>vitam</strong></span> <span class='ocrx_word' id='word_1_431' title='bbox 538 2802 683 2833; x_wconf 86' lang='lat' dir='ltr'><strong>componat</strong></span> <span class='ocrx_word' id='word_1_432' title='bbox 700 2798 733 2825; x_wconf 82' lang='lat' dir='ltr'><strong>ad</strong></span> <span class='ocrx_word' id='word_1_433' title='bbox 755 2798 960 2833; x_wconf 80' lang='lat' dir='ltr'><strong>perfectionem.</strong></span> 
     </span>
    </p>
   </div>
   <div class='ocr_carea' id='block_1_63' title="bbox 209 2900 984 2934">
    <p class='ocr_par' dir='ltr' id='par_1_63' title="bbox 209 2900 984 2934">
     <span class='ocr_line' id='line_1_63' title="bbox 209 2900 984 2934; baseline -0.003 -5"><span class='ocrx_word' id='word_1_434' title='bbox 209 2902 233 2918; x_wconf 83' lang='lat'><strong><em>“</em></strong></span> <span class='ocrx_word' id='word_1_435' title='bbox 249 2902 258 2929; x_wconf 97' lang='lat' dir='ltr'><strong>l</strong></span> <span class='ocrx_word' id='word_1_436' title='bbox 274 2902 339 2930; x_wconf 90' lang='lat' dir='ltr'><strong>Cor.</strong></span> <span class='ocrx_word' id='word_1_437' title='bbox 353 2910 381 2934; x_wconf 74' lang='grc' dir='ltr'><strong>χ,</strong></span> <span class='ocrx_word' id='word_1_438' title='bbox 405 2902 446 2929; x_wconf 90' lang='lat' dir='ltr'><strong>ll.</strong></span> <span class='ocrx_word' id='word_1_439' title='bbox 485 2901 507 2917; x_wconf 84' lang='lat'><strong>&quot;</strong></span> <span class='ocrx_word' id='word_1_440' title='bbox 533 2901 620 2928; x_wconf 79' lang='lat' dir='ltr'><strong>Exod.</strong></span> <span class='ocrx_word' id='word_1_441' title='bbox 645 2901 720 2929; x_wconf 71' lang='lat' dir='ltr'><strong>xxtfx.</strong></span> <span class='ocrx_word' id='word_1_442' title='bbox 743 2900 788 2927; x_wconf 79' lang='lat'><strong>&#39;58.</strong></span> <span class='ocrx_word' id='word_1_443' title='bbox 825 2900 925 2929; x_wconf 84' lang='lat' dir='ltr'><strong>&quot;ibid.</strong></span> <span class='ocrx_word' id='word_1_444' title='bbox 941 2901 984 2927; x_wconf 69' lang='lat' dir='ltr'><strong>i2.</strong></span> 
     </span>
    </p>
   </div>
   <div class='ocr_carea' id='block_1_64' title="bbox 177 2935 751 2973">
    <p class='ocr_par' dir='ltr' id='par_1_64' title="bbox 177 2935 751 2973">
     <span class='ocr_line' id='line_1_64' title="bbox 177 2935 751 2973; baseline -0.003 -9"><span class='ocrx_word' id='word_1_445' title='bbox 177 2937 199 2952; x_wconf 86' lang='lat'>&quot;</span> <span class='ocrx_word' id='word_1_446' title='bbox 207 2936 278 2964; x_wconf 82' lang='lat' dir='ltr'><strong>l’sal.</strong></span> <span class='ocrx_word' id='word_1_447' title='bbox 289 2944 382 2969; x_wconf 85' lang='lat' dir='ltr'><strong>cxvm,</strong></span> <span class='ocrx_word' id='word_1_448' title='bbox 397 2937 458 2964; x_wconf 69' lang='lat'><strong>126.</strong></span> <span class='ocrx_word' id='word_1_449' title='bbox 498 2937 521 2953; x_wconf 88' lang='lat'><strong>&quot;</strong></span> <span class='ocrx_word' id='word_1_450' title='bbox 545 2937 645 2973; x_wconf 81' lang='lat' dir='ltr'><strong>Ephcs.</strong></span> <span class='ocrx_word' id='word_1_451' title='bbox 659 2943 695 2968; x_wconf 84' lang='lat' dir='ltr'><strong>vt,</strong></span> <span class='ocrx_word' id='word_1_452' title='bbox 709 2935 751 2963; x_wconf 69' lang='grc'><strong>14,</strong></span> 
     </span>
    </p>
   </div>
   <div class='ocr_carea' id='block_1_65' title="bbox 1015 1015 1806 1051">
    <p class='ocr_par' dir='ltr' id='par_1_65' title="bbox 1015 1015 1806 1051">
     <span class='ocr_line' id='line_1_65' title="bbox 1015 1015 1806 1051; baseline 0 -9"><span class='ocrx_word' id='word_1_453' title='bbox 1015 1016 1060 1044; x_wconf 92' lang='lat' dir='ltr'><strong>tici</strong></span> <span class='ocrx_word' id='word_1_454' title='bbox 1076 1016 1214 1051; x_wconf 80' lang='lat' dir='ltr'><strong>legislator</strong></span> <span class='ocrx_word' id='word_1_455' title='bbox 1234 1016 1370 1050; x_wconf 90' lang='lat' dir='ltr'><strong>exposuit,</strong></span> <span class='ocrx_word' id='word_1_456' title='bbox 1388 1024 1461 1043; x_wconf 90' lang='lat' dir='ltr'><strong>nunc</strong></span> <span class='ocrx_word' id='word_1_457' title='bbox 1475 1020 1569 1051; x_wconf 88' lang='lat' dir='ltr'><strong>utpote</strong></span> <span class='ocrx_word' id='word_1_458' title='bbox 1579 1016 1630 1043; x_wconf 83' lang='lat' dir='ltr'><strong>illis</strong></span> <span class='ocrx_word' id='word_1_459' title='bbox 1639 1015 1806 1046; x_wconf 71' lang='lat' dir='ltr'><strong>sufﬁcienter</strong></span> 
     </span>
    </p>
   </div>
   <div class='ocr_carea' id='block_1_66' title="bbox 1014 1062 1804 1097">
    <p class='ocr_par' dir='ltr' id='par_1_66' title="bbox 1014 1062 1804 1097">
     <span class='ocr_line' id='line_1_66' title="bbox 1014 1062 1804 1097; baseline 0 -8"><span class='ocrx_word' id='word_1_460' title='bbox 1014 1062 1104 1095; x_wconf 85' lang='lat' dir='ltr'><strong>dictis,</strong></span> <span class='ocrx_word' id='word_1_461' title='bbox 1122 1062 1155 1089; x_wconf 88' lang='lat' dir='ltr'><strong>de</strong></span> <span class='ocrx_word' id='word_1_462' title='bbox 1173 1063 1231 1089; x_wconf 89' lang='lat' dir='ltr'><strong>solo</strong></span> <span class='ocrx_word' id='word_1_463' title='bbox 1247 1062 1314 1089; x_wconf 86' lang='lat' dir='ltr'><strong>dicit</strong></span> <span class='ocrx_word' id='word_1_464' title='bbox 1337 1062 1566 1090; x_wconf 89' lang='lat' dir='ltr'><strong>holocautomate.</strong></span> <span class='ocrx_word' id='word_1_465' title='bbox 1596 1063 1804 1097; x_wconf 84' lang='lat' dir='ltr'><strong>Consequenth</strong></span> 
     </span>
    </p>
   </div>
   <div class='ocr_carea' id='block_1_67' title="bbox 1013 1109 1238 1145">
    <p class='ocr_par' dir='ltr' id='par_1_67' title="bbox 1013 1109 1238 1145">
     <span class='ocr_line' id='line_1_67' title="bbox 1013 1109 1238 1145; baseline -0.004 -9"><span class='ocrx_word' id='word_1_466' title='bbox 1013 1116 1078 1145; x_wconf 79' lang='lat' dir='ltr'><strong>ergo</strong></span> <span class='ocrx_word' id='word_1_467' title='bbox 1094 1109 1215 1136; x_wconf 86' lang='lat' dir='ltr'><strong>subdidit</strong></span> <span class='ocrx_word' id='word_1_468' title='bbox 1232 1120 1238 1136; x_wconf 84' lang='lat'>:</span> 
     </span>
    </p>
   </div>
   <div class='ocr_carea' id='block_1_68' title="bbox 1048 1155 1804 1191">
    <p class='ocr_par' dir='ltr' id='par_1_68' title="bbox 1048 1155 1804 1191">
     <span class='ocr_line' id='line_1_68' title="bbox 1048 1155 1804 1191; baseline -0.001 -9"><span class='ocrx_word' id='word_1_469' title='bbox 1048 1156 1120 1191; x_wconf 78' lang='lat' dir='ltr'><strong>Ignis</strong></span> <span class='ocrx_word' id='word_1_470' title='bbox 1134 1156 1161 1182; x_wconf 85' lang='lat' dir='ltr'><strong>in</strong></span> <span class='ocrx_word' id='word_1_471' title='bbox 1177 1155 1262 1182; x_wconf 79' lang='lat' dir='ltr'><strong>altare</strong></span> <span class='ocrx_word' id='word_1_472' title='bbox 1274 1163 1376 1191; x_wconf 71' lang='lat' dir='ltr'><strong>semper</strong></span> <span class='ocrx_word' id='word_1_473' title='bbox 1389 1155 1499 1187; x_wconf 80' lang='lat' dir='ltr'><strong>ardebit,</strong></span> <span class='ocrx_word' id='word_1_474' title='bbox 1517 1163 1593 1191; x_wconf 81' lang='lat' dir='ltr'><strong>quem</strong></span> <span class='ocrx_word' id='word_1_475' title='bbox 1608 1155 1704 1182; x_wconf 80' lang='lat' dir='ltr'><strong>nutriet</strong></span> <span class='ocrx_word' id='word_1_476' title='bbox 1717 1163 1804 1182; x_wconf 73' lang='lat' dir='ltr'><strong>sacer-</strong></span> 
     </span>
    </p>
   </div>
   <div class='ocr_carea' id='block_1_69' title="bbox 1014 1199 1804 1236">
    <p class='ocr_par' dir='ltr' id='par_1_69' title="bbox 1014 1199 1804 1236">
     <span class='ocr_line' id='line_1_69' title="bbox 1014 1199 1804 1236; baseline -0.001 -8"><span class='ocrx_word' id='word_1_477' title='bbox 1014 1202 1069 1228; x_wconf 81' lang='lat' dir='ltr'><strong>dos.</strong></span> <span class='ocrx_word' id='word_1_478' title='bbox 1087 1200 1201 1236; x_wconf 85' lang='lat' dir='ltr'><strong>Oportet</strong></span> <span class='ocrx_word' id='word_1_479' title='bbox 1215 1201 1315 1235; x_wconf 86' lang='lat' dir='ltr'><strong>quippe</strong></span> <span class='ocrx_word' id='word_1_480' title='bbox 1328 1208 1391 1227; x_wconf 91' lang='lat' dir='ltr'><strong>eum</strong></span> <span class='ocrx_word' id='word_1_481' title='bbox 1415 1200 1462 1235; x_wconf 89' lang='lat' dir='ltr'><strong>qui</strong></span> <span class='ocrx_word' id='word_1_482' title='bbox 1480 1201 1681 1233; x_wconf 82' lang='lat' dir='ltr'><strong>holocaustum,</strong></span> <span class='ocrx_word' id='word_1_483' title='bbox 1713 1199 1739 1227; x_wconf 92' lang='lat' dir='ltr'><strong>id</strong></span> <span class='ocrx_word' id='word_1_484' title='bbox 1762 1204 1804 1230; x_wconf 85' lang='lat' dir='ltr'><strong>est</strong></span> 
     </span>
    </p>
   </div>
   <div class='ocr_carea' id='block_1_70' title="bbox 1013 1246 1804 1282">
    <p class='ocr_par' dir='ltr' id='par_1_70' title="bbox 1013 1246 1804 1282">
     <span class='ocr_line' id='line_1_70' title="bbox 1013 1246 1804 1282; baseline -0.003 -8"><span class='ocrx_word' id='word_1_485' title='bbox 1013 1247 1140 1282; x_wconf 60' lang='lat' dir='ltr'><strong>perfectae</strong></span> <span class='ocrx_word' id='word_1_486' title='bbox 1155 1247 1296 1282; x_wconf 64' lang='lat' dir='ltr'><strong>sapientiae</strong></span> <span class='ocrx_word' id='word_1_487' title='bbox 1312 1247 1498 1281; x_wconf 86' lang='lat' dir='ltr'><strong>operationem</strong></span> <span class='ocrx_word' id='word_1_488' title='bbox 1517 1246 1607 1278; x_wconf 82' lang='lat' dir='ltr'><strong>debet.</strong></span> <span class='ocrx_word' id='word_1_489' title='bbox 1635 1253 1742 1280; x_wconf 84' lang='lat' dir='ltr'><strong>semper</strong></span> <span class='ocrx_word' id='word_1_490' title='bbox 1757 1251 1804 1272; x_wconf 88' lang='lat' dir='ltr'><strong>ac-</strong></span> 
     </span>
    </p>
   </div>
   <div class='ocr_carea' id='block_1_71' title="bbox 1013 1292 1805 1328">
    <p class='ocr_par' dir='ltr' id='par_1_71' title="bbox 1013 1292 1805 1328">
     <span class='ocr_line' id='line_1_71' title="bbox 1013 1292 1805 1328; baseline -0.003 -8"><span class='ocrx_word' id='word_1_491' title='bbox 1013 1293 1130 1320; x_wconf 88' lang='lat' dir='ltr'><strong>cendere</strong></span> <span class='ocrx_word' id='word_1_492' title='bbox 1160 1293 1249 1328; x_wconf 80' lang='lat' dir='ltr'><strong>ignem</strong></span> <span class='ocrx_word' id='word_1_493' title='bbox 1266 1293 1353 1320; x_wconf 83' lang='lat' dir='ltr'><strong>sancti</strong></span> <span class='ocrx_word' id='word_1_494' title='bbox 1369 1292 1496 1328; x_wconf 80' lang='lat' dir='ltr'><strong>Spiritus,</strong></span> <span class='ocrx_word' id='word_1_495' title='bbox 1511 1296 1537 1319; x_wconf 85' lang='lat' dir='ltr'><strong>et</strong></span> <span class='ocrx_word' id='word_1_496' title='bbox 1558 1300 1612 1319; x_wconf 91' lang='lat' dir='ltr'><strong>non</strong></span> <span class='ocrx_word' id='word_1_497' title='bbox 1646 1292 1736 1319; x_wconf 88' lang='lat' dir='ltr'><strong>sinere</strong></span> <span class='ocrx_word' id='word_1_498' title='bbox 1759 1299 1805 1319; x_wconf 69' lang='lat' dir='ltr'><strong>ex-</strong></span> 
     </span>
    </p>
   </div>
   <div class='ocr_carea' id='block_1_72' title="bbox 1013 1338 1804 1374">
    <p class='ocr_par' dir='ltr' id='par_1_72' title="bbox 1013 1338 1804 1374">
     <span class='ocr_line' id='line_1_72' title="bbox 1013 1338 1804 1374; baseline -0.001 -8"><span class='ocrx_word' id='word_1_499' title='bbox 1013 1339 1123 1373; x_wconf 76' lang='lat' dir='ltr'><strong>stingui.</strong></span> <span class='ocrx_word' id='word_1_500' title='bbox 1144 1338 1331 1374; x_wconf 75' lang='lat' dir='ltr'><strong>Exstiuguitur</strong></span> <span class='ocrx_word' id='word_1_501' title='bbox 1344 1343 1434 1365; x_wconf 88' lang='lat' dir='ltr'><strong>autem</strong></span> <span class='ocrx_word' id='word_1_502' title='bbox 1452 1345 1547 1365; x_wconf 85' lang='lat' dir='ltr'><strong>eorum</strong></span> <span class='ocrx_word' id='word_1_503' title='bbox 1568 1338 1667 1372; x_wconf 87' lang='lat' dir='ltr'><strong>quibus</strong></span> <span class='ocrx_word' id='word_1_504' title='bbox 1688 1338 1804 1366; x_wconf 76' lang='lat' dir='ltr'><strong>donatus</strong></span> 
     </span>
    </p>
   </div>
   <div class='ocr_carea' id='block_1_73' title="bbox 1012 1383 1803 1420">
    <p class='ocr_par' dir='ltr' id='par_1_73' title="bbox 1012 1383 1803 1420">
     <span class='ocr_line' id='line_1_73' title="bbox 1012 1383 1803 1420; baseline -0.004 -8"><span class='ocrx_word' id='word_1_505' title='bbox 1012 1390 1055 1413; x_wconf 90' lang='lat' dir='ltr'><strong>est</strong></span> <span class='ocrx_word' id='word_1_506' title='bbox 1071 1385 1374 1420; x_wconf 75' lang='lat' dir='ltr'><strong>negligentia;prop‘er</strong></span> <span class='ocrx_word' id='word_1_507' title='bbox 1393 1384 1464 1418; x_wconf 88' lang='lat' dir='ltr'><strong>quod</strong></span> <span class='ocrx_word' id='word_1_508' title='bbox 1482 1388 1509 1411; x_wconf 90' lang='lat' dir='ltr'><strong>et</strong></span> <span class='ocrx_word' id='word_1_509' title='bbox 1526 1384 1626 1410; x_wconf 83' lang='lat' dir='ltr'><strong>l’aulus</strong></span> <span class='ocrx_word' id='word_1_510' title='bbox 1637 1384 1673 1411; x_wconf 82' lang='lat' dir='ltr'><strong>ait</strong></span> <span class='ocrx_word' id='word_1_511' title='bbox 1692 1393 1698 1410; x_wconf 92' lang='lat'>:</span> <span class='ocrx_word' id='word_1_512' title='bbox 1716 1383 1803 1418; x_wconf 78' lang='lat' dir='ltr'><strong>Spiri-</strong></span> 
     </span>
    </p>
   </div>
   <div class='ocr_carea' id='block_1_74' title="bbox 1013 1429 1804 1465">
    <p class='ocr_par' dir='ltr' id='par_1_74' title="bbox 1013 1429 1804 1465">
     <span class='ocr_line' id='line_1_74' title="bbox 1013 1429 1804 1465; baseline -0.001 -7"><span class='ocrx_word' id='word_1_513' title='bbox 1013 1436 1068 1458; x_wconf 88' lang='lat' dir='ltr'><strong>tum</strong></span> <span class='ocrx_word' id='word_1_514' title='bbox 1081 1431 1160 1458; x_wconf 83' lang='lat' dir='ltr'><strong>nolite</strong></span> <span class='ocrx_word' id='word_1_515' title='bbox 1175 1432 1340 1465; x_wconf 66' lang='lat' dir='ltr'><strong>erstinguere</strong></span> <span class='ocrx_word' id='word_1_516' title='bbox 1356 1429 1390 1462; x_wconf 78' lang='lat'><strong>“,</strong></span> <span class='ocrx_word' id='word_1_517' title='bbox 1409 1429 1484 1457; x_wconf 85' lang='lat' dir='ltr'><strong>velut</strong></span> <span class='ocrx_word' id='word_1_518' title='bbox 1508 1429 1534 1456; x_wconf 93' lang='lat' dir='ltr'><strong>in</strong></span> <span class='ocrx_word' id='word_1_519' title='bbox 1553 1434 1646 1456; x_wconf 84' lang='lat' dir='ltr'><strong>nostra</strong></span> <span class='ocrx_word' id='word_1_520' title='bbox 1666 1432 1804 1464; x_wconf 71' lang='lat' dir='ltr'><strong>potestate</strong></span> 
     </span>
    </p>
   </div>
   <div class='ocr_carea' id='block_1_75' title="bbox 1013 1473 1803 1511">
    <p class='ocr_par' dir='ltr' id='par_1_75' title="bbox 1013 1473 1803 1511">
     <span class='ocr_line' id='line_1_75' title="bbox 1013 1473 1803 1511; baseline -0.001 -8"><span class='ocrx_word' id='word_1_521' title='bbox 1013 1477 1048 1504; x_wconf 88' lang='lat' dir='ltr'><strong>sit</strong></span> <span class='ocrx_word' id='word_1_522' title='bbox 1063 1476 1181 1511; x_wconf 88' lang='lat' dir='ltr'><strong>positum</strong></span> <span class='ocrx_word' id='word_1_523' title='bbox 1197 1476 1371 1509; x_wconf 71' lang='lat' dir='ltr'><strong>exstinguere</strong></span> <span class='ocrx_word' id='word_1_524' title='bbox 1386 1475 1473 1507; x_wconf 88' lang='lat' dir='ltr'><strong>illum,</strong></span> <span class='ocrx_word' id='word_1_525' title='bbox 1488 1474 1546 1501; x_wconf 80' lang='lat' dir='ltr'><strong>sive</strong></span> <span class='ocrx_word' id='word_1_526' title='bbox 1560 1474 1721 1501; x_wconf 86' lang='lat' dir='ltr'><strong>accendere.</strong></span> <span class='ocrx_word' id='word_1_527' title='bbox 1734 1473 1803 1502; x_wconf 82' lang='lat' dir='ltr'><strong>Tota</strong></span> 
     </span>
    </p>
   </div>
   <div class='ocr_carea' id='block_1_76' title="bbox 1012 1519 1803 1555">
    <p class='ocr_par' dir='ltr' id='par_1_76' title="bbox 1012 1519 1803 1555">
     <span class='ocr_line' id='line_1_76' title="bbox 1012 1519 1803 1555; baseline -0.004 -6"><span class='ocrx_word' id='word_1_528' title='bbox 1012 1527 1101 1550; x_wconf 87' lang='lat' dir='ltr'><strong>autem</strong></span> <span class='ocrx_word' id='word_1_529' title='bbox 1117 1526 1198 1549; x_wconf 86' lang='lat' dir='ltr'><strong>nocte</strong></span> <span class='ocrx_word' id='word_1_530' title='bbox 1214 1520 1323 1548; x_wconf 89' lang='lat' dir='ltr'><strong>incendi</strong></span> <span class='ocrx_word' id='word_1_531' title='bbox 1343 1520 1432 1555; x_wconf 83' lang='lat' dir='ltr'><strong>ignem</strong></span> <span class='ocrx_word' id='word_1_532' title='bbox 1448 1520 1539 1554; x_wconf 88' lang='lat' dir='ltr'><strong>jussit,</strong></span> <span class='ocrx_word' id='word_1_533' title='bbox 1561 1527 1614 1546; x_wconf 90' lang='lat' dir='ltr'><strong>non</strong></span> <span class='ocrx_word' id='word_1_534' title='bbox 1626 1519 1698 1554; x_wconf 92' lang='lat' dir='ltr'><strong>quod</strong></span> <span class='ocrx_word' id='word_1_535' title='bbox 1715 1520 1742 1546; x_wconf 91' lang='lat' dir='ltr'><strong>in</strong></span> <span class='ocrx_word' id='word_1_536' title='bbox 1757 1519 1803 1547; x_wconf 81' lang='lat' dir='ltr'><strong>die</strong></span> 
     </span>
    </p>
   </div>
   <div class='ocr_carea' id='block_1_77' title="bbox 1012 1564 1804 1600">
    <p class='ocr_par' dir='ltr' id='par_1_77' title="bbox 1012 1564 1804 1600">
     <span class='ocr_line' id='line_1_77' title="bbox 1012 1564 1804 1600; baseline -0.001 -6"><span class='ocrx_word' id='word_1_537' title='bbox 1012 1575 1066 1595; x_wconf 91' lang='lat' dir='ltr'><strong>non</strong></span> <span class='ocrx_word' id='word_1_538' title='bbox 1083 1567 1284 1599; x_wconf 80' lang='lat' dir='ltr'><strong>incenderetur,</strong></span> <span class='ocrx_word' id='word_1_539' title='bbox 1300 1567 1348 1594; x_wconf 89' lang='lat' dir='ltr'><strong>sed</strong></span> <span class='ocrx_word' id='word_1_540' title='bbox 1367 1566 1503 1600; x_wconf 84' lang='lat' dir='ltr'><strong>quomodo</strong></span> <span class='ocrx_word' id='word_1_541' title='bbox 1518 1565 1638 1592; x_wconf 88' lang='lat' dir='ltr'><strong>secundo</strong></span> <span class='ocrx_word' id='word_1_542' title='bbox 1655 1564 1733 1593; x_wconf 86' lang='lat' dir='ltr'><strong>fieret</strong></span> <span class='ocrx_word' id='word_1_543' title='bbox 1745 1565 1804 1593; x_wconf 80' lang='lat' dir='ltr'><strong>die-</strong></span> 
     </span>
    </p>
   </div>
   <div class='ocr_carea' id='block_1_78' title="bbox 1012 1610 1804 1648">
    <p class='ocr_par' dir='ltr' id='par_1_78' title="bbox 1012 1610 1804 1648">
     <span class='ocr_line' id='line_1_78' title="bbox 1012 1610 1804 1648; baseline -0.001 -8"><span class='ocrx_word' id='word_1_544' title='bbox 1012 1613 1064 1640; x_wconf 91' lang='lat' dir='ltr'><strong>bus</strong></span> <span class='ocrx_word' id='word_1_545' title='bbox 1078 1613 1189 1648; x_wconf 79' lang='lat' dir='ltr'><strong>singulis</strong></span> <span class='ocrx_word' id='word_1_546' title='bbox 1205 1613 1394 1640; x_wconf 87' lang='lat' dir='ltr'><strong>holocaustum</strong></span> <span class='ocrx_word' id='word_1_547' title='bbox 1420 1620 1426 1638; x_wconf 92' lang='lat'>:</span> <span class='ocrx_word' id='word_1_548' title='bbox 1455 1619 1519 1638; x_wconf 88' lang='lat' dir='ltr'><strong>nam</strong></span> <span class='ocrx_word' id='word_1_549' title='bbox 1548 1611 1611 1645; x_wconf 89' lang='lat' dir='ltr'><strong>quia</strong></span> <span class='ocrx_word' id='word_1_550' title='bbox 1643 1610 1804 1639; x_wconf 74' lang='lat' dir='ltr'><strong>manifestus</strong></span> 
     </span>
    </p>
   </div>
   <div class='ocr_carea' id='block_1_79' title="bbox 1014 1657 1804 1694">
    <p class='ocr_par' dir='ltr' id='par_1_79' title="bbox 1014 1657 1804 1694">
     <span class='ocr_line' id='line_1_79' title="bbox 1014 1657 1804 1694; baseline -0.001 -8"><span class='ocrx_word' id='word_1_551' title='bbox 1014 1664 1073 1687; x_wconf 89' lang='lat' dir='ltr'><strong>erat</strong></span> <span class='ocrx_word' id='word_1_552' title='bbox 1088 1659 1159 1694; x_wconf 82' lang='lat' dir='ltr'><strong>ignis</strong></span> <span class='ocrx_word' id='word_1_553' title='bbox 1176 1659 1300 1689; x_wconf 87' lang='lat' dir='ltr'><strong>diurnus,</strong></span> <span class='ocrx_word' id='word_1_554' title='bbox 1320 1663 1484 1685; x_wconf 90' lang='lat' dir='ltr'><strong>nocturnum</strong></span> <span class='ocrx_word' id='word_1_555' title='bbox 1509 1657 1621 1684; x_wconf 87' lang='lat' dir='ltr'><strong>addidit.</strong></span> <span class='ocrx_word' id='word_1_556' title='bbox 1641 1657 1710 1690; x_wconf 88' lang='lat' dir='ltr'><strong>Quia</strong></span> <span class='ocrx_word' id='word_1_557' title='bbox 1738 1664 1804 1691; x_wconf 73' lang='lat' dir='ltr'><strong>ergo</strong></span> 
     </span>
    </p>
   </div>
   <div class='ocr_carea' id='block_1_80' title="bbox 1014 1703 1804 1740">
    <p class='ocr_par' dir='ltr' id='par_1_80' title="bbox 1014 1703 1804 1740">
     <span class='ocr_line' id='line_1_80' title="bbox 1014 1703 1804 1740; baseline -0.004 -7"><span class='ocrx_word' id='word_1_558' title='bbox 1014 1713 1067 1733; x_wconf 86' lang='lat' dir='ltr'><strong>nox</strong></span> <span class='ocrx_word' id='word_1_559' title='bbox 1082 1705 1167 1740; x_wconf 81' lang='lat' dir='ltr'><strong>caligo</strong></span> <span class='ocrx_word' id='word_1_560' title='bbox 1186 1709 1229 1732; x_wconf 86' lang='lat' dir='ltr'><strong>est</strong></span> <span class='ocrx_word' id='word_1_561' title='bbox 1244 1705 1307 1732; x_wconf 66' lang='lat' dir='ltr'><strong>vita:</strong></span> <span class='ocrx_word' id='word_1_562' title='bbox 1321 1704 1414 1738; x_wconf 88' lang='lat' dir='ltr'><strong>hujus,</strong></span> <span class='ocrx_word' id='word_1_563' title='bbox 1427 1703 1453 1731; x_wconf 92' lang='lat' dir='ltr'><strong>id</strong></span> <span class='ocrx_word' id='word_1_564' title='bbox 1479 1708 1531 1736; x_wconf 86' lang='lat' dir='ltr'><strong>est,</strong></span> <span class='ocrx_word' id='word_1_565' title='bbox 1555 1711 1586 1730; x_wconf 89' lang='lat' dir='ltr'><strong>ea</strong></span> <span class='ocrx_word' id='word_1_566' title='bbox 1615 1711 1676 1738; x_wconf 80' lang='lat' dir='ltr'><strong>quae</strong></span> <span class='ocrx_word' id='word_1_567' title='bbox 1702 1703 1804 1730; x_wconf 71' lang='lat' dir='ltr'><strong>multos</strong></span> 
     </span>
    </p>
   </div>
   <div class='ocr_carea' id='block_1_81' title="bbox 1013 1748 1805 1785">
    <p class='ocr_par' dir='ltr' id='par_1_81' title="bbox 1013 1748 1805 1785">
     <span class='ocr_line' id='line_1_81' title="bbox 1013 1748 1805 1785; baseline -0.001 -8"><span class='ocrx_word' id='word_1_568' title='bbox 1013 1751 1118 1778; x_wconf 87' lang='lat' dir='ltr'><strong>obtinet</strong></span> <span class='ocrx_word' id='word_1_569' title='bbox 1136 1750 1299 1785; x_wconf 79' lang='lat' dir='ltr'><strong>ignorantia,</strong></span> <span class='ocrx_word' id='word_1_570' title='bbox 1330 1749 1364 1777; x_wconf 88' lang='lat' dir='ltr'><strong>de</strong></span> <span class='ocrx_word' id='word_1_571' title='bbox 1385 1757 1436 1784; x_wconf 89' lang='lat' dir='ltr'><strong>qua</strong></span> <span class='ocrx_word' id='word_1_572' title='bbox 1459 1749 1560 1776; x_wconf 87' lang='lat' dir='ltr'><strong>Paulus</strong></span> <span class='ocrx_word' id='word_1_573' title='bbox 1585 1748 1695 1776; x_wconf 85' lang='lat' dir='ltr'><strong>dicebat</strong></span> <span class='ocrx_word' id='word_1_574' title='bbox 1718 1757 1724 1774; x_wconf 74' lang='grc' dir='ltr'>ε</span> <span class='ocrx_word' id='word_1_575' title='bbox 1746 1748 1805 1776; x_wconf 70' lang='lat' dir='ltr'><strong>No.1:</strong></span> 
     </span>
    </p>
   </div>
   <div class='ocr_carea' id='block_1_82' title="bbox 1012 1794 1804 1831">
    <p class='ocr_par' dir='ltr' id='par_1_82' title="bbox 1012 1794 1804 1831">
     <span class='ocr_line' id='line_1_82' title="bbox 1012 1794 1804 1831; baseline -0.003 -8"><span class='ocrx_word' id='word_1_576' title='bbox 1012 1797 1154 1831; x_wconf 69' lang='lat' dir='ltr'><strong>prwcessit,</strong></span> <span class='ocrx_word' id='word_1_577' title='bbox 1172 1797 1227 1823; x_wconf 75' lang='lat' dir='ltr'><strong>dies</strong></span> <span class='ocrx_word' id='word_1_578' title='bbox 1240 1800 1329 1823; x_wconf 89' lang='lat' dir='ltr'><strong>autem</strong></span> <span class='ocrx_word' id='word_1_579' title='bbox 1346 1795 1569 1831; x_wconf 83' lang='lat' dir='ltr'><strong>appropinquabit</strong></span> <span class='ocrx_word' id='word_1_580' title='bbox 1582 1794 1616 1827; x_wconf 80' lang='lat'><strong>“,</strong></span> <span class='ocrx_word' id='word_1_581' title='bbox 1633 1802 1684 1822; x_wconf 89' lang='lat' dir='ltr'><strong>nos</strong></span> <span class='ocrx_word' id='word_1_582' title='bbox 1699 1802 1804 1830; x_wconf 69' lang='lat' dir='ltr'><strong>praecev</strong></span> 
     </span>
    </p>
   </div>
   <div class='ocr_carea' id='block_1_83' title="bbox 1013 1841 1805 1877">
    <p class='ocr_par' dir='ltr' id='par_1_83' title="bbox 1013 1841 1805 1877">
     <span class='ocr_line' id='line_1_83' title="bbox 1013 1841 1805 1877; baseline 0 -8"><span class='ocrx_word' id='word_1_583' title='bbox 1013 1843 1054 1877; x_wconf 81' lang='lat' dir='ltr'><strong>pit</strong></span> <span class='ocrx_word' id='word_1_584' title='bbox 1064 1843 1110 1877; x_wconf 91' lang='lat' dir='ltr'><strong>qui</strong></span> <span class='ocrx_word' id='word_1_585' title='bbox 1125 1842 1313 1869; x_wconf 87' lang='lat' dir='ltr'><strong>holocaustum</strong></span> <span class='ocrx_word' id='word_1_586' title='bbox 1325 1841 1371 1868; x_wconf 88' lang='lat' dir='ltr'><strong>Dei</strong></span> <span class='ocrx_word' id='word_1_587' title='bbox 1386 1841 1448 1868; x_wconf 86' lang='lat' dir='ltr'><strong>facti</strong></span> <span class='ocrx_word' id='word_1_588' title='bbox 1465 1848 1570 1873; x_wconf 82' lang='lat' dir='ltr'><strong>sumus,</strong></span> <span class='ocrx_word' id='word_1_589' title='bbox 1582 1841 1664 1868; x_wconf 83' lang='lat' dir='ltr'><strong>etiam</strong></span> <span class='ocrx_word' id='word_1_590' title='bbox 1682 1841 1710 1869; x_wconf 92' lang='lat' dir='ltr'><strong>in</strong></span> <span class='ocrx_word' id='word_1_591' title='bbox 1723 1845 1805 1869; x_wconf 74' lang='lat' dir='ltr'><strong>nocte</strong></span> 
     </span>
    </p>
   </div>
   <div class='ocr_carea' id='block_1_84' title="bbox 1013 1886 1804 1922">
    <p class='ocr_par' dir='ltr' id='par_1_84' title="bbox 1013 1886 1804 1922">
     <span class='ocr_line' id='line_1_84' title="bbox 1013 1886 1804 1922; baseline -0.004 -7"><span class='ocrx_word' id='word_1_592' title='bbox 1013 1887 1162 1915; x_wconf 86' lang='lat' dir='ltr'><strong>accendere</strong></span> <span class='ocrx_word' id='word_1_593' title='bbox 1180 1887 1280 1922; x_wconf 79' lang='lat' dir='ltr'><strong>ignem,</strong></span> <span class='ocrx_word' id='word_1_594' title='bbox 1295 1891 1326 1913; x_wconf 91' lang='lat' dir='ltr'><strong>ut</strong></span> <span class='ocrx_word' id='word_1_595' title='bbox 1342 1894 1404 1913; x_wconf 89' lang='lat' dir='ltr'><strong>cum</strong></span> <span class='ocrx_word' id='word_1_596' title='bbox 1420 1886 1464 1913; x_wconf 88' lang='lat' dir='ltr'><strong>alii</strong></span> <span class='ocrx_word' id='word_1_597' title='bbox 1497 1887 1583 1920; x_wconf 87' lang='lat' dir='ltr'><strong>legem</strong></span> <span class='ocrx_word' id='word_1_598' title='bbox 1601 1886 1804 1920; x_wconf 82' lang='lat' dir='ltr'><strong>transgredian-</strong></span> 
     </span>
    </p>
   </div>
   <div class='ocr_carea' id='block_1_85' title="bbox 1013 1930 1804 1966">
    <p class='ocr_par' dir='ltr' id='par_1_85' title="bbox 1013 1930 1804 1966">
     <span class='ocr_line' id='line_1_85' title="bbox 1013 1930 1804 1966; baseline -0.004 -7"><span class='ocrx_word' id='word_1_599' title='bbox 1013 1937 1067 1965; x_wconf 90' lang='lat' dir='ltr'><strong>tur,</strong></span> <span class='ocrx_word' id='word_1_600' title='bbox 1083 1937 1111 1959; x_wconf 91' lang='lat' dir='ltr'><strong>et</strong></span> <span class='ocrx_word' id='word_1_601' title='bbox 1127 1933 1228 1960; x_wconf 89' lang='lat' dir='ltr'><strong>terreni</strong></span> <span class='ocrx_word' id='word_1_602' title='bbox 1245 1932 1310 1966; x_wconf 80' lang='lat' dir='ltr'><strong>sitit,</strong></span> <span class='ocrx_word' id='word_1_603' title='bbox 1332 1940 1383 1959; x_wconf 85' lang='lat' dir='ltr'><strong>nos</strong></span> <span class='ocrx_word' id='word_1_604' title='bbox 1401 1931 1487 1959; x_wconf 87' lang='lat' dir='ltr'><strong>simus</strong></span> <span class='ocrx_word' id='word_1_605' title='bbox 1502 1931 1668 1966; x_wconf 87' lang='lat' dir='ltr'><strong>spirituales,</strong></span> <span class='ocrx_word' id='word_1_606' title='bbox 1691 1930 1804 1957; x_wconf 83' lang='lat' dir='ltr'><strong>remini-</strong></span> 
     </span>
    </p>
   </div>
   <div class='ocr_carea' id='block_1_86' title="bbox 1013 1975 1802 2011">
    <p class='ocr_par' dir='ltr' id='par_1_86' title="bbox 1013 1975 1802 2011">
     <span class='ocr_line' id='line_1_86' title="bbox 1013 1975 1802 2011; baseline -0.003 -7"><span class='ocrx_word' id='word_1_607' title='bbox 1013 1982 1120 2004; x_wconf 88' lang='lat' dir='ltr'><strong>scentes</strong></span> <span class='ocrx_word' id='word_1_608' title='bbox 1136 1977 1219 2004; x_wconf 87' lang='lat' dir='ltr'><strong>David</strong></span> <span class='ocrx_word' id='word_1_609' title='bbox 1235 1978 1372 2006; x_wconf 79' lang='lat' dir='ltr'><strong>dicentem</strong></span> <span class='ocrx_word' id='word_1_610' title='bbox 1390 1986 1396 2004; x_wconf 70' lang='grc' dir='ltr'><strong><em>ι</em></strong></span> <span class='ocrx_word' id='word_1_611' title='bbox 1416 1977 1527 2010; x_wconf 78' lang='lat' dir='ltr'><strong>Tempus</strong></span> <span class='ocrx_word' id='word_1_612' title='bbox 1540 1977 1665 2011; x_wconf 81' lang='lat' dir='ltr'><strong>faciendi,</strong></span> <span class='ocrx_word' id='word_1_613' title='bbox 1680 1975 1802 2008; x_wconf 80' lang='lat' dir='ltr'><strong>Domine,</strong></span> 
     </span>
    </p>
   </div>
   <div class='ocr_carea' id='block_1_87' title="bbox 1012 2021 1803 2057">
    <p class='ocr_par' dir='ltr' id='par_1_87' title="bbox 1012 2021 1803 2057">
     <span class='ocr_line' id='line_1_87' title="bbox 1012 2021 1803 2057; baseline -0.001 -9"><span class='ocrx_word' id='word_1_614' title='bbox 1012 2022 1204 2056; x_wconf 77' lang='lat' dir='ltr'><strong>dissipaverunt</strong></span> <span class='ocrx_word' id='word_1_615' title='bbox 1229 2023 1312 2054; x_wconf 82' lang='lat' dir='ltr'><strong>iniqui</strong></span> <span class='ocrx_word' id='word_1_616' title='bbox 1332 2022 1414 2057; x_wconf 81' lang='lat' dir='ltr'><strong>legem</strong></span> <span class='ocrx_word' id='word_1_617' title='bbox 1445 2023 1566 2054; x_wconf 77' lang='lat' dir='ltr'><strong>tuam”;</strong></span> <span class='ocrx_word' id='word_1_618' title='bbox 1595 2021 1703 2056; x_wconf 87' lang='lat' dir='ltr'><strong>quando</strong></span> <span class='ocrx_word' id='word_1_619' title='bbox 1730 2021 1803 2050; x_wconf 88' lang='lat' dir='ltr'><strong>enim</strong></span> 
     </span>
    </p>
   </div>
   <div class='ocr_carea' id='block_1_88' title="bbox 1012 2066 1803 2103">
    <p class='ocr_par' dir='ltr' id='par_1_88' title="bbox 1012 2066 1803 2103">
     <span class='ocr_line' id='line_1_88' title="bbox 1012 2066 1803 2103; baseline 0.004 -10"><span class='ocrx_word' id='word_1_620' title='bbox 1012 2067 1057 2094; x_wconf 87' lang='lat' dir='ltr'><strong>alii</strong></span> <span class='ocrx_word' id='word_1_621' title='bbox 1074 2067 1311 2102; x_wconf 77' lang='lat' dir='ltr'><strong>transgrediuntur</strong></span> <span class='ocrx_word' id='word_1_622' title='bbox 1325 2067 1423 2103; x_wconf 85' lang='lat' dir='ltr'><strong>legem,</strong></span> <span class='ocrx_word' id='word_1_623' title='bbox 1439 2074 1491 2094; x_wconf 90' lang='lat' dir='ltr'><strong>nos</strong></span> <span class='ocrx_word' id='word_1_624' title='bbox 1509 2070 1618 2102; x_wconf 89' lang='lat' dir='ltr'><strong>oportet</strong></span> <span class='ocrx_word' id='word_1_625' title='bbox 1634 2066 1751 2095; x_wconf 77' lang='lat' dir='ltr'><strong>maxime</strong></span> <span class='ocrx_word' id='word_1_626' title='bbox 1768 2066 1803 2096; x_wconf 76' lang='lat' dir='ltr'><strong>ad</strong></span> 
     </span>
    </p>
   </div>
   <div class='ocr_carea' id='block_1_89' title="bbox 1012 2112 1671 2149">
    <p class='ocr_par' dir='ltr' id='par_1_89' title="bbox 1012 2112 1671 2149">
     <span class='ocr_line' id='line_1_89' title="bbox 1012 2112 1671 2149; baseline 0.003 -9"><span class='ocrx_word' id='word_1_627' title='bbox 1012 2113 1194 2140; x_wconf 89' lang='lat' dir='ltr'><strong>obedientiam</strong></span> <span class='ocrx_word' id='word_1_628' title='bbox 1207 2113 1274 2149; x_wconf 89' lang='lat' dir='ltr'><strong>legis</strong></span> <span class='ocrx_word' id='word_1_629' title='bbox 1287 2112 1400 2148; x_wconf 85' lang='lat' dir='ltr'><strong>subrigi.</strong></span> <span class='ocrx_word' id='word_1_630' title='bbox 1418 2113 1544 2141; x_wconf 88' lang='lat' dir='ltr'><strong>Subdidit</strong></span> <span class='ocrx_word' id='word_1_631' title='bbox 1554 2117 1645 2140; x_wconf 89' lang='lat' dir='ltr'><strong>autem</strong></span> <span class='ocrx_word' id='word_1_632' title='bbox 1665 2121 1671 2142; x_wconf 82' lang='lat'><strong>:</strong></span> 
     </span>
    </p>
   </div>
   <div class='ocr_carea' id='block_1_90' title="bbox 1051 2159 1801 2194">
    <p class='ocr_par' dir='ltr' id='par_1_90' title="bbox 1051 2159 1801 2194">
     <span class='ocr_line' id='line_1_90' title="bbox 1051 2159 1801 2194; baseline 0.001 -8"><span class='ocrx_word' id='word_1_633' title='bbox 1051 2159 1177 2186; x_wconf 78' lang='lat' dir='ltr'><strong>l’estietur</strong></span> <span class='ocrx_word' id='word_1_634' title='bbox 1204 2159 1326 2186; x_wconf 72' lang='lat' dir='ltr'><strong>sacerdos</strong></span> <span class='ocrx_word' id='word_1_635' title='bbox 1352 2159 1442 2185; x_wconf 83' lang='lat' dir='ltr'><strong>tunica</strong></span> <span class='ocrx_word' id='word_1_636' title='bbox 1473 2164 1497 2185; x_wconf 88' lang='lat' dir='ltr'><strong>et</strong></span> <span class='ocrx_word' id='word_1_637' title='bbox 1525 2159 1691 2194; x_wconf 75' lang='lat' dir='ltr'><strong>feminalibus</strong></span> <span class='ocrx_word' id='word_1_638' title='bbox 1716 2159 1801 2188; x_wconf 72' lang='lat' dir='ltr'><strong>lineis.</strong></span> 
     </span>
    </p>
   </div>
   <div class='ocr_carea' id='block_1_91' title="bbox 1014 2204 1803 2241">
    <p class='ocr_par' dir='ltr' id='par_1_91' title="bbox 1014 2204 1803 2241">
     <span class='ocr_line' id='line_1_91' title="bbox 1014 2204 1803 2241; baseline 0 -8"><span class='ocrx_word' id='word_1_639' title='bbox 1014 2205 1147 2233; x_wconf 87' lang='lat' dir='ltr'><strong>Sacerdos</strong></span> <span class='ocrx_word' id='word_1_640' title='bbox 1161 2206 1206 2233; x_wconf 87' lang='lat' dir='ltr'><strong>hic</strong></span> <span class='ocrx_word' id='word_1_641' title='bbox 1229 2206 1276 2241; x_wconf 89' lang='lat' dir='ltr'><strong>qui</strong></span> <span class='ocrx_word' id='word_1_642' title='bbox 1294 2206 1483 2233; x_wconf 89' lang='lat' dir='ltr'><strong>holocaustum</strong></span> <span class='ocrx_word' id='word_1_643' title='bbox 1498 2204 1588 2238; x_wconf 73' lang='lat' dir='ltr'><strong>offert.</strong></span> <span class='ocrx_word' id='word_1_644' title='bbox 1615 2206 1803 2241; x_wconf 81' lang='lat' dir='ltr'><strong>unusquisque</strong></span> 
     </span>
    </p>
   </div>
   <div class='ocr_carea' id='block_1_92' title="bbox 1013 2249 1803 2287">
    <p class='ocr_par' dir='ltr' id='par_1_92' title="bbox 1013 2249 1803 2287">
     <span class='ocr_line' id='line_1_92' title="bbox 1013 2249 1803 2287; baseline -0.001 -8"><span class='ocrx_word' id='word_1_645' title='bbox 1013 2251 1133 2287; x_wconf 86' lang='lat' dir='ltr'><strong>perfecte</strong></span> <span class='ocrx_word' id='word_1_646' title='bbox 1143 2251 1430 2286; x_wconf 87' lang='lat' dir='ltr'><strong>sapiensinteliigitur,</strong></span> <span class='ocrx_word' id='word_1_647' title='bbox 1440 2249 1502 2285; x_wconf 87' lang='lat' dir='ltr'><strong>quia</strong></span> <span class='ocrx_word' id='word_1_648' title='bbox 1519 2251 1703 2278; x_wconf 89' lang='lat' dir='ltr'><strong>sacerdotium</strong></span> <span class='ocrx_word' id='word_1_649' title='bbox 1717 2250 1803 2285; x_wconf 68' lang='lat' dir='ltr'><strong>perfev</strong></span> 
     </span>
    </p>
   </div>
   <div class='ocr_carea' id='block_1_93' title="bbox 1013 2295 1802 2331">
    <p class='ocr_par' dir='ltr' id='par_1_93' title="bbox 1013 2295 1802 2331">
     <span class='ocr_line' id='line_1_93' title="bbox 1013 2295 1802 2331; baseline -0.006 -8"><span class='ocrx_word' id='word_1_650' title='bbox 1013 2296 1111 2323; x_wconf 89' lang='lat' dir='ltr'><strong>etionis</strong></span> <span class='ocrx_word' id='word_1_651' title='bbox 1127 2296 1281 2331; x_wconf 88' lang='lat' dir='ltr'><strong>exemplum</strong></span> <span class='ocrx_word' id='word_1_652' title='bbox 1297 2300 1348 2328; x_wconf 87' lang='lat' dir='ltr'><strong>est,</strong></span> <span class='ocrx_word' id='word_1_653' title='bbox 1372 2299 1485 2330; x_wconf 85' lang='lat' dir='ltr'><strong>propter</strong></span> <span class='ocrx_word' id='word_1_654' title='bbox 1516 2295 1588 2328; x_wconf 89' lang='lat' dir='ltr'><strong>quod</strong></span> <span class='ocrx_word' id='word_1_655' title='bbox 1607 2301 1635 2322; x_wconf 87' lang='lat' dir='ltr'><strong>et</strong></span> <span class='ocrx_word' id='word_1_656' title='bbox 1649 2295 1738 2329; x_wconf 78' lang='lat' dir='ltr'><strong>regale</strong></span> <span class='ocrx_word' id='word_1_657' title='bbox 1758 2302 1802 2322; x_wconf 79' lang='lat' dir='ltr'><strong>sa.</strong></span> 
     </span>
    </p>
   </div>
   <div class='ocr_carea' id='block_1_94' title="bbox 1013 2339 1802 2377">
    <p class='ocr_par' dir='ltr' id='par_1_94' title="bbox 1013 2339 1802 2377">
     <span class='ocr_line' id='line_1_94' title="bbox 1013 2339 1802 2377; baseline -0.005 -8"><span class='ocrx_word' id='word_1_658' title='bbox 1013 2342 1164 2370; x_wconf 87' lang='lat' dir='ltr'><strong>cerdotium</strong></span> <span class='ocrx_word' id='word_1_659' title='bbox 1179 2342 1295 2377; x_wconf 92' lang='lat' dir='ltr'><strong>populus</strong></span> <span class='ocrx_word' id='word_1_660' title='bbox 1316 2341 1404 2369; x_wconf 85' lang='lat' dir='ltr'><strong>ﬁdelis</strong></span> <span class='ocrx_word' id='word_1_661' title='bbox 1424 2339 1585 2375; x_wconf 89' lang='lat' dir='ltr'><strong>appellatur,</strong></span> <span class='ocrx_word' id='word_1_662' title='bbox 1602 2344 1696 2374; x_wconf 90' lang='lat' dir='ltr'><strong>utpote</strong></span> <span class='ocrx_word' id='word_1_663' title='bbox 1716 2339 1802 2374; x_wconf 83' lang='lat' dir='ltr'><strong>legem</strong></span> 
     </span>
    </p>
   </div>
   <div class='ocr_carea' id='block_1_95' title="bbox 1014 2383 1804 2422">
    <p class='ocr_par' dir='ltr' id='par_1_95' title="bbox 1014 2383 1804 2422">
     <span class='ocr_line' id='line_1_95' title="bbox 1014 2383 1804 2422; baseline -0.004 -7"><span class='ocrx_word' id='word_1_664' title='bbox 1014 2387 1163 2422; x_wconf 88' lang='lat' dir='ltr'><strong>perfectam</strong></span> <span class='ocrx_word' id='word_1_665' title='bbox 1179 2387 1319 2422; x_wconf 78' lang='lat' dir='ltr'><strong>Evangelii</strong></span> <span class='ocrx_word' id='word_1_666' title='bbox 1341 2386 1503 2421; x_wconf 89' lang='lat' dir='ltr'><strong>suscipiens.</strong></span> <span class='ocrx_word' id='word_1_667' title='bbox 1523 2385 1574 2418; x_wconf 81' lang='lat' dir='ltr'><strong>Qui</strong></span> <span class='ocrx_word' id='word_1_668' title='bbox 1589 2392 1653 2420; x_wconf 83' lang='lat' dir='ltr'><strong>ergo</strong></span> <span class='ocrx_word' id='word_1_669' title='bbox 1677 2384 1734 2411; x_wconf 76' lang='lat' dir='ltr'><strong>vult</strong></span> <span class='ocrx_word' id='word_1_670' title='bbox 1763 2383 1804 2412; x_wconf 77' lang='lat' dir='ltr'><strong>of-</strong></span> 
     </span>
    </p>
   </div>
   <div class='ocr_carea' id='block_1_96' title="bbox 1014 2429 1802 2466">
    <p class='ocr_par' dir='ltr' id='par_1_96' title="bbox 1014 2429 1802 2466">
     <span class='ocr_line' id='line_1_96' title="bbox 1014 2429 1802 2466; baseline -0.006 -5"><span class='ocrx_word' id='word_1_671' title='bbox 1014 2434 1085 2462; x_wconf 87' lang='lat' dir='ltr'><strong>ferre</strong></span> <span class='ocrx_word' id='word_1_672' title='bbox 1106 2434 1306 2465; x_wconf 90' lang='lat' dir='ltr'><strong>holocaustum,</strong></span> <span class='ocrx_word' id='word_1_673' title='bbox 1321 2433 1424 2464; x_wconf 89' lang='lat' dir='ltr'><strong>tunica,</strong></span> <span class='ocrx_word' id='word_1_674' title='bbox 1441 2432 1468 2460; x_wconf 88' lang='lat' dir='ltr'><strong>id</strong></span> <span class='ocrx_word' id='word_1_675' title='bbox 1486 2436 1528 2459; x_wconf 81' lang='lat' dir='ltr'><strong>est</strong></span> <span class='ocrx_word' id='word_1_676' title='bbox 1540 2430 1658 2466; x_wconf 81' lang='lat' dir='ltr'><strong>justitia,</strong></span> <span class='ocrx_word' id='word_1_677' title='bbox 1674 2434 1702 2458; x_wconf 87' lang='lat' dir='ltr'><strong>et</strong></span> <span class='ocrx_word' id='word_1_678' title='bbox 1721 2429 1802 2456; x_wconf 87' lang='lat' dir='ltr'><strong>femi-</strong></span> 
     </span>
    </p>
   </div>
   <div class='ocr_carea' id='block_1_97' title="bbox 1013 2474 1803 2510">
    <p class='ocr_par' dir='ltr' id='par_1_97' title="bbox 1013 2474 1803 2510">
     <span class='ocr_line' id='line_1_97' title="bbox 1013 2474 1803 2510; baseline -0.009 -3"><span class='ocrx_word' id='word_1_679' title='bbox 1013 2480 1132 2510; x_wconf 81' lang='lat' dir='ltr'><strong>nalibus,</strong></span> <span class='ocrx_word' id='word_1_680' title='bbox 1157 2479 1183 2506; x_wconf 87' lang='lat' dir='ltr'><strong>id</strong></span> <span class='ocrx_word' id='word_1_681' title='bbox 1214 2483 1256 2506; x_wconf 85' lang='lat' dir='ltr'><strong>est</strong></span> <span class='ocrx_word' id='word_1_682' title='bbox 1291 2478 1416 2506; x_wconf 86' lang='lat' dir='ltr'><strong>castitate</strong></span> <span class='ocrx_word' id='word_1_683' title='bbox 1445 2477 1584 2504; x_wconf 86' lang='lat' dir='ltr'><strong>induatur.</strong></span> <span class='ocrx_word' id='word_1_684' title='bbox 1601 2475 1653 2503; x_wconf 84' lang='lat' dir='ltr'><strong>Sed</strong></span> <span class='ocrx_word' id='word_1_685' title='bbox 1668 2474 1732 2510; x_wconf 90' lang='lat' dir='ltr'><strong>quia</strong></span> <span class='ocrx_word' id='word_1_686' title='bbox 1753 2481 1803 2509; x_wconf 89' lang='lat' dir='ltr'><strong>per</strong></span> 
     </span>
    </p>
   </div>
   <div class='ocr_carea' id='block_1_98' title="bbox 1014 2520 1802 2559">
    <p class='ocr_par' dir='ltr' id='par_1_98' title="bbox 1014 2520 1802 2559">
     <span class='ocr_line' id='line_1_98' title="bbox 1014 2520 1802 2559; baseline -0.008 -6"><span class='ocrx_word' id='word_1_687' title='bbox 1014 2526 1151 2553; x_wconf 83' lang='lat' dir='ltr'><strong>feminalia</strong></span> <span class='ocrx_word' id='word_1_688' title='bbox 1185 2526 1339 2552; x_wconf 88' lang='lat' dir='ltr'><strong>castitatem</strong></span> <span class='ocrx_word' id='word_1_689' title='bbox 1371 2527 1480 2559; x_wconf 85' lang='lat' dir='ltr'><strong>oportet</strong></span> <span class='ocrx_word' id='word_1_690' title='bbox 1510 2521 1642 2557; x_wconf 80' lang='lat' dir='ltr'><strong>intelligi,</strong></span> <span class='ocrx_word' id='word_1_691' title='bbox 1680 2520 1802 2550; x_wconf 78' lang='lat' dir='ltr'><strong>membra</strong></span> 
     </span>
    </p>
   </div>
   <div class='ocr_carea' id='block_1_99' title="bbox 1014 2567 1804 2607">
    <p class='ocr_par' dir='ltr' id='par_1_99' title="bbox 1014 2567 1804 2607">
     <span class='ocr_line' id='line_1_99' title="bbox 1014 2567 1804 2607; baseline -0.008 -9"><span class='ocrx_word' id='word_1_692' title='bbox 1014 2572 1156 2607; x_wconf 77' lang='lat' dir='ltr'><strong>probant,</strong></span> <span class='ocrx_word' id='word_1_693' title='bbox 1183 2578 1299 2607; x_wconf 84' lang='lat' dir='ltr'><strong>quorum</strong></span> <span class='ocrx_word' id='word_1_694' title='bbox 1330 2570 1389 2606; x_wconf 82' lang='lat' dir='ltr'><strong>ipsa</strong></span> <span class='ocrx_word' id='word_1_695' title='bbox 1424 2569 1605 2604; x_wconf 77' lang='lat' dir='ltr'><strong>tegimentum</strong></span> <span class='ocrx_word' id='word_1_696' title='bbox 1634 2571 1700 2595; x_wconf 86' lang='lat' dir='ltr'><strong>sunt</strong></span> <span class='ocrx_word' id='word_1_697' title='bbox 1723 2567 1804 2598; x_wconf 74' lang='lat' dir='ltr'><strong>femi.</strong></span> 
     </span>
    </p>
   </div>
   <div class='ocr_carea' id='block_1_100' title="bbox 1015 2618 1098 2646">
    <p class='ocr_par' dir='ltr' id='par_1_100' title="bbox 1015 2618 1098 2646">
     <span class='ocr_line' id='line_1_100' title="bbox 1015 2618 1098 2646; baseline -0.012 0"><span class='ocrx_word' id='word_1_698' title='bbox 1015 2618 1098 2646; x_wconf 87' lang='lat' dir='ltr'><strong>nalia.</strong></span> 
     </span>
    </p>
   </div>
   <div class='ocr_carea' id='block_1_101' title="bbox 1050 2658 1801 2698">
    <p class='ocr_par' dir='ltr' id='par_1_101' title="bbox 1050 2658 1801 2698">
     <span class='ocr_line' id='line_1_101' title="bbox 1050 2658 1801 2698; baseline -0.007 -8"><span class='ocrx_word' id='word_1_699' title='bbox 1050 2663 1180 2691; x_wconf 84' lang='lat' dir='ltr'><strong>Tunicam</strong></span> <span class='ocrx_word' id='word_1_700' title='bbox 1199 2668 1289 2690; x_wconf 89' lang='lat' dir='ltr'><strong>autem</strong></span> <span class='ocrx_word' id='word_1_701' title='bbox 1302 2663 1435 2698; x_wconf 76' lang='lat' dir='ltr'><strong>justitiam</strong></span> <span class='ocrx_word' id='word_1_702' title='bbox 1451 2662 1580 2694; x_wconf 89' lang='lat' dir='ltr'><strong>diximus,</strong></span> <span class='ocrx_word' id='word_1_703' title='bbox 1599 2659 1662 2695; x_wconf 87' lang='lat' dir='ltr'><strong>quia</strong></span> <span class='ocrx_word' id='word_1_704' title='bbox 1687 2658 1801 2695; x_wconf 85' lang='lat' dir='ltr'><strong>perfecti</strong></span> 
     </span>
    </p>
   </div>
   <div class='ocr_carea' id='block_1_102' title="bbox 1015 2705 1804 2745">
    <p class='ocr_par' dir='ltr' id='par_1_102' title="bbox 1015 2705 1804 2745">
     <span class='ocr_line' id='line_1_102' title="bbox 1015 2705 1804 2745; baseline -0.005 -8"><span class='ocrx_word' id='word_1_705' title='bbox 1015 2710 1147 2745; x_wconf 85' lang='lat' dir='ltr'><strong>cujusque</strong></span> <span class='ocrx_word' id='word_1_706' title='bbox 1162 2709 1280 2737; x_wconf 82' lang='lat' dir='ltr'><strong>maxime</strong></span> <span class='ocrx_word' id='word_1_707' title='bbox 1303 2709 1409 2744; x_wconf 87' lang='lat' dir='ltr'><strong>justitia</strong></span> <span class='ocrx_word' id='word_1_708' title='bbox 1438 2708 1523 2736; x_wconf 85' lang='lat' dir='ltr'><strong>vestis</strong></span> <span class='ocrx_word' id='word_1_709' title='bbox 1544 2712 1594 2739; x_wconf 88' lang='lat' dir='ltr'><strong>est,</strong></span> <span class='ocrx_word' id='word_1_710' title='bbox 1616 2707 1688 2734; x_wconf 88' lang='lat' dir='ltr'><strong>unde</strong></span> <span class='ocrx_word' id='word_1_711' title='bbox 1704 2705 1804 2733; x_wconf 82' lang='lat' dir='ltr'><strong>Paulus</strong></span> 
     </span>
    </p>
   </div>
   <div class='ocr_carea' id='block_1_103' title="bbox 1015 2751 1803 2783">
    <p class='ocr_par' dir='ltr' id='par_1_103' title="bbox 1015 2751 1803 2783">
     <span class='ocr_line' id='line_1_103' title="bbox 1015 2751 1803 2783; baseline -0.008 -1"><span class='ocrx_word' id='word_1_712' title='bbox 1015 2755 1104 2782; x_wconf 88' lang='lat' dir='ltr'><strong>dixit:</strong></span> <span class='ocrx_word' id='word_1_713' title='bbox 1132 2754 1206 2782; x_wconf 85' lang='lat' dir='ltr'><strong>State</strong></span> <span class='ocrx_word' id='word_1_714' title='bbox 1226 2755 1350 2782; x_wconf 77' lang='lat' dir='ltr'><strong>succincti</strong></span> <span class='ocrx_word' id='word_1_715' title='bbox 1376 2755 1476 2782; x_wconf 76' lang='lat' dir='ltr'><strong>lumbos</strong></span> <span class='ocrx_word' id='word_1_716' title='bbox 1509 2758 1606 2781; x_wconf 72' lang='lat' dir='ltr'><strong>vestras</strong></span> <span class='ocrx_word' id='word_1_717' title='bbox 1629 2752 1656 2779; x_wconf 87' lang='lat' dir='ltr'><strong>in</strong></span> <span class='ocrx_word' id='word_1_718' title='bbox 1682 2751 1803 2783; x_wconf 80' lang='lat' dir='ltr'><strong>ueritate,</strong></span> 
     </span>
    </p>
   </div>
   <div class='ocr_carea' id='block_1_104' title="bbox 1016 2794 1808 2834">
    <p class='ocr_par' dir='ltr' id='par_1_104' title="bbox 1016 2794 1808 2834">
     <span class='ocr_line' id='line_1_104' title="bbox 1016 2794 1808 2834; baseline -0.006 -8"><span class='ocrx_word' id='word_1_719' title='bbox 1016 2801 1101 2827; x_wconf 80' lang='lat' dir='ltr'><strong>induti</strong></span> <span class='ocrx_word' id='word_1_720' title='bbox 1125 2801 1206 2827; x_wconf 83' lang='lat' dir='ltr'><strong>lorica</strong></span> <span class='ocrx_word' id='word_1_721' title='bbox 1227 2800 1387 2834; x_wconf 72' lang='lat' dir='ltr'><strong>justiliw&quot;.</strong></span> <span class='ocrx_word' id='word_1_722' title='bbox 1410 2799 1447 2828; x_wconf 87' lang='lat' dir='ltr'><strong>De</strong></span> <span class='ocrx_word' id='word_1_723' title='bbox 1480 2799 1537 2830; x_wconf 89' lang='lat' dir='ltr'><strong>lino</strong></span> <span class='ocrx_word' id='word_1_724' title='bbox 1564 2801 1656 2825; x_wconf 87' lang='lat' dir='ltr'><strong>autem</strong></span> <span class='ocrx_word' id='word_1_725' title='bbox 1686 2799 1714 2824; x_wconf 86' lang='lat' dir='ltr'><strong>et</strong></span> <span class='ocrx_word' id='word_1_726' title='bbox 1731 2794 1808 2826; x_wconf 53' lang='lat' dir='ltr'><strong>tuni,</strong></span> 
     </span>
    </p>
   </div>
   <div class='ocr_carea' id='block_1_105' title="bbox 1016 2895 1802 2934">
    <p class='ocr_par' dir='ltr' id='par_1_105' title="bbox 1016 2895 1802 2934">
     <span class='ocr_line' id='line_1_105' title="bbox 1016 2895 1802 2934; baseline -0.006 -6"><span class='ocrx_word' id='word_1_727' title='bbox 1016 2901 1037 2915; x_wconf 86' lang='lat'>”</span> <span class='ocrx_word' id='word_1_728' title='bbox 1053 2900 1121 2928; x_wconf 90' lang='lat' dir='ltr'><strong>ibid.</strong></span> <span class='ocrx_word' id='word_1_729' title='bbox 1141 2899 1186 2928; x_wconf 76' lang='lat'><strong>59.</strong></span> <span class='ocrx_word' id='word_1_730' title='bbox 1226 2900 1249 2917; x_wconf 76' lang='lat'><strong>&quot;</strong></span> <span class='ocrx_word' id='word_1_731' title='bbox 1271 2900 1281 2927; x_wconf 96' lang='lat' dir='ltr'><strong>l</strong></span> <span class='ocrx_word' id='word_1_732' title='bbox 1302 2900 1400 2928; x_wconf 75' lang='lat' dir='ltr'><strong>Thess.</strong></span> <span class='ocrx_word' id='word_1_733' title='bbox 1416 2909 1443 2934; x_wconf 94' lang='lat' dir='ltr'><strong>v,</strong></span> <span class='ocrx_word' id='word_1_734' title='bbox 1461 2901 1503 2928; x_wconf 86' lang='lat' dir='ltr'><strong>l9.</strong></span> <span class='ocrx_word' id='word_1_735' title='bbox 1539 2901 1563 2917; x_wconf 82' lang='lat'><em>“</em></span> <span class='ocrx_word' id='word_1_736' title='bbox 1579 2900 1657 2927; x_wconf 83' lang='lat' dir='ltr'><strong>Rom.</strong></span> <span class='ocrx_word' id='word_1_737' title='bbox 1679 2904 1740 2929; x_wconf 79' lang='lat' dir='ltr'><strong>xui,</strong></span> <span class='ocrx_word' id='word_1_738' title='bbox 1761 2895 1802 2928; x_wconf 69' lang='grc'><strong>12,</strong></span> 
     </span>
    </p>
   </div>
  </div>
