2052 3146
261 189 316 220 857

855 188 1034 218 IlESYCllll
1054 190 1283 222 PRESBYTERl

1840 187 1893 220 Sis

265 254 325 272 eam
341 249 368 272 et
385 242 520 271 l'emiualia
533 243 590 270 vult
608 250 678 275 esse,
698 251 751 269 nua
770 251 800 270 ex
818 244 887 275 lana,
902 246 964 279 quia
983 245 1051 272 linea
1070 252 1086 276 θ.
1102 246 1162 273 "Non
1181 248 1267 274 soluat
1285 248 1356 274 enim
1375 247 1453 274 nobis
1468 247 1494 274 in
1512 247 1564 279 die,
1580 245 1626 274 sed
1643 251 1670 273 et
1698 249 1787 277 nocte,
1811 245 1837 272 id
1853 251 1894 273 est

266 291 351 318 vestis
376 290 485 321 habilis,
516 289 678 324 molliusque
702 290 844 316 adlm'rens
871 296 913 317 est
934 292 1052 326 corpori,

267 344 361 371 aspera
376 340 466 362 autem
494 343 524 361 ea
542 343 601 369 qlnc
619 343 651 362 cx
671 335 731 362 lana
752 340 802 362 est.
829 335 868 362 lix
899 344 952 370 quo
975 337 1055 363 docet

267 382 329 416 quia
348 381 465 408 humiles
480 382 836 415 multumque‘cohaerentes
859 387 923 409 sunt
947 383 1054 414 animte,

263 428 368 462 justit'ta
388 428 536 454 etcastilas
548 435 554 459 ;
568 427 702 461 simulque
712 428 762 454 hoc
779 428 868 459 docet,
885 429 946 462 quia
958 436 1056 463 quem-

266 474 411 500 admodum
445 473 530 499 litium
554 472 631 499 facile
659 473 757 507 cuique
775 474 807 500 ad
834 474 998 503 habentium.
1017 474 1055 501 sic

266 520 380 546 virtutes
394 519 547 546 volentibus
559 526 605 545 eas
621 519 749 552 consequi
766 519 857 546 faciles
871 524 985 546 suntzet
996 527 1056 553 qua:

266 565 320 591 cito
337 564 460 598 conquiri
475 568 598 599 possunt.
612 564 659 590 llis
673 568 764 591 autem
777 564 913 595 indutum,
925 565 1002 598 jubet
1013 564 1055 591 of-

268 612 340 638 ferre
356 611 463 638 cineres
482 610 633 636 lioloeausli
657 618 725 644 quos
738 610 806 644 ignis
823 610 990 644 consumpsit
1023 610 1056 637 de

267 657 355 684 altari.
373 656 442 689 Quid
461 664 508 690 per
521 655 578 682 hate
591 655 702 684 docens,
717 656 767 682 nisi
784 660 812 682 ut
827 655 1055 690 quemadmodum

268 702 354 730 hostia
367 701 532 732 aufertur,id
547 706 589 728 est
604 701 766 728 sacriﬁcium
779 701 849 735 quod
860 706 999 735 peractum
1016 705 1056 727 est

267 749 505 779 holocautomatis,
532 752 559 774 ut
577 747 648 773 aliud
662 747 760 774 iterum
790 747 878 773 simile
913 747 1054 778 olferatur,

267 795 304 822 ita
321 799 347 821 et
359 803 409 822 nos
425 795 572 826 faciamus;
592 794 706 820 virtutes
730 793 830 828 quippe
859 801 926 828 quas
955 800 1056 827 coope-

269 846 347 868 rante
360 840 462 875 Spiritu
475 840 605 875 gerimus,
621 839 757 874 sigillatiin
787 839 919 866 debemus
943 846 1054 873 ponere,

269 892 299 914 ut
314 887 380 914 alias
398 894 492 913 rursus
508 892 651 920 operemur
670 894 676 911 :
702 889 798 912 etnon
819 889 923 912 tantum
953 892 1056 918 praece-

268 933 394 961 dentibus
412 932 532 960 contenti
550 932 643 963 simus,
656 931 703 958 sed
722 936 748 957 et
776 930 842 956 alias
865 930 1053 964 adjungamus,

267 978 494 1014 quemadmodum
520 977 542 1004 is
556 977 600 1012 qui
614 977 698 1003 currit
715 976 871 1010 relinquens
888 979 1052 1007 transcursa,

267 1024 300 1050 ad
319 1024 422 1058 reliqua
434 1022 566 1050 currenda
586 1020 725 1048 contendit
738 1029 744 1047 :
761 1020 825 1054 quia
838 1019 963 1046 videlicet
977 1019 1055 1046 aliter

267 1070 299 1096 ad
312 1068 434 1095 bravium
454 1075 509 1094 non
539 1066 639 1101 poterit
666 1065 818 1100 pervenire.
846 1064 961 1099 Propter
982 1064 1054 1098 quod

267 1121 329 1140 eum
353 1112 453 1139 auferri
474 1112 508 1139 de
536 1111 613 1138 altari
639 1110 814 1145 prmeepisset
835 1114 1056 1136 consummatum

267 1159 329 1194 igne
340 1159 541 1190 holocaustum,
556 1157 619 1192 poni
633 1156 785 1191 illudjuxta
807 1156 894 1183 altare
904 1155 1034 1190 prmcepit
1046 1164 1053 1182 :

267 1211 328 1231 esse
356 1210 447 1231 autem
464 1202 601 1230 Christum
627 1201 853 1229 liotoeautomatis
878 1201 962 1228 altare
985 1200 1054 1228 dixi—

267 1257 336 1276 mus.
353 1249 514 1275 Auferamus
531 1255 596 1282 ergo
608 1247 632 1274 ci
654 1247 718 1274 olim
743 1254 826 1281 opere
852 1250 1056 1274 consunnnatas

267 1295 393 1327 virtutes,
409 1294 518 1329 quando
542 1293 672 1321 habemus
689 1298 810 1328 tempora
835 1293 886 1320 has
914 1292 1054 1328 opt-randi,

267 1341 344 1376 quasi
360 1349 414 1367 non
431 1340 510 1367 nobis
523 1339 638 1374 imputet
650 1339 834 1374 przecedentcs
848 1338 1054 1373 negligentibus,

267 1387 289 1414 si
304 1394 360 1413 non
375 1393 456 1420 super
471 1393 517 1412 eas
535 1385 601 1412 alias
612 1384 820 1412 constituamus.
842 1384 941 1410 Probat
966 1387 1055 1410 autem

263 1433 327 1460 haec
340 1431 466 1459 Ezechiel
478 1439 539 1458 cum
557 1430 645 1457 dicit:
662 1430 691 1457 Si
713 1431 803 1456 dixero
822 1429 894 1463 justo
915 1429 984 1463 quod
1003 1430 1055 1455 vita

262 1478 346 1510 vivat,
358 1476 500 1512 alcon/istis
509 1476 649 1510 iujustitia
661 1484 709 1502 sua
716 1475 804 1511 fecerit
816 1475 991 1510 iniquitatem,
1000 1483 1056 1501 om-

267 1522 429 1557 ues‘justitiw
435 1522 491 1557 ejus
500 1522 621 1548 oblivioni
632 1522 781 1553 tradentur,
788 1526 811 1548 et
823 1522 849 1548 iu
861 1522 1000 1556 iniquitate
1008 1530 1055 1549 sua

267 1576 347 1603 quam
357 1574 480 1602 operatus
492 1573 537 1599 est,
553 1568 579 1593 in
590 1568 646 1602 ipsa
660 1568 784 1594 morietur
796 1567 829 1594 ³⁸.
839 1567 957 1602 Imputat
966 1572 1055 1594 autem

1107 300 1161 318 non
1176 293 1262 320 salum
1276 294 1302 320 iu
1321 298 1442 328 tempore
1458 293 1623 323 sobrietatis,
1640 293 1687 319 sed
1714 296 1741 318 et
1767 291 1895 327 intelligi—

1107 337 1152 363 bili
1167 342 1256 369 nocte,
1272 339 1305 365 de
1321 347 1373 373 qua
1393 339 1492 365 Paulus
1516 339 1623 364 dicebat
1648 348 1654 364 :
1675 337 1733 364 Non
1754 346 1814 372 ergo
1832 338 1894 364 rior-

1107 384 1220 410 miumus
1235 386 1301 411 sicut
1312 390 1335 411 et
1351 385 1440 411 rwtcri
1453 393 1503 410 non
1514 384 1634 410 littbf‘iiif’s
1646 392 1726 418 spem,
1739 384 1783 410 sed
1803 383 1896 418 vigile-

1107 437 1163 455 mus
1179 435 1201 455 et
1217 430 1296 456 sobrii
1310 431 1391 456 simus
1410 440 1415 456 :
1433 430 1478 464 qui
1500 430 1566 456 enim
1588 429 1729 458 dai'miunt,
1746 434 1818 454 nocte
1831 429 1895 454 dor-

1108 475 1190 500 miunt
1207 484 1215 501 :
1239 480 1262 502 rt
1279 477 1323 510 qui
1348 476 1412 502 rbrii
1430 481 1499 505 sunt,
1518 479 1591 501 nocte
1611 475 1676 500 ebrii
1698 479 1757 500 sunt
1774 475 1805 500 ⁷³⁷.
1825 474 1896 507 Ignis

1107 522 1221 548 sufﬁciat
1234 521 1494 548 subministrationis
1512 520 1634 555 spiritus,
1651 520 1678 546 in
1698 528 1751 554 quo
1773 520 1894 546 ordinari

1107 571 1213 601 oportet
1236 566 1432 601 intelligibilem
1452 566 1579 598 hostiam,
1598 569 1625 591 ct
1640 565 1745 598 adipem
1769 565 1896 599 paciﬁco-

1107 619 1177 644 rum,
1187 619 1267 645 quem
1278 611 1347 638 LXX
1358 611 1477 637 salutare
1486 611 1639 637 ediderunt.
1650 610 1716 642 Quia
1728 617 1776 643 per
1786 609 1894 644 adipem

1107 657 1271 684 desiderium
1289 656 1434 691 signiﬁcari
1451 656 1478 682 in
1490 656 1673 690 paciﬁcurum,
1687 662 1734 681 seu
1746 655 1772 681 in
1783 654 1894 681 salutari

1106 703 1240 730 sacriﬁcio
1257 703 1383 732 diximus,
1399 706 1428 729 ut
1444 702 1608 729 desiderium
1628 700 1785 727 salvationis
1800 700 1896 726 offerat

1106 755 1154 774 seu
1168 748 1310 777 devoveat,
1337 748 1382 781 qui
1402 747 1508 781 spiritui
1537 750 1611 773 totus
1633 746 1722 772 iactus
1751 745 1894 779 spiritalis,

1106 793 1174 820 nihil
1193 793 1332 819 matcriale
1351 793 1464 824 habens,
1480 792 1549 818 nihil
1573 791 1703 818 miserum
1725 798 1814 824 neque
1840 795 1896 817 ter-

1107 846 1214 869 renum,
1227 846 1258 864 ac
1272 838 1344 872 quod
1362 845 1412 865 nos
1427 838 1565 872 legislator
1578 844 1679 864 vocans
1703 847 1709 864 ;
1733 837 1817 871 Ignis,
1843 837 1894 868 ait,

1107 888 1149 910 cst
1163 884 1210 910 istc
1225 888 1370 918 perpetuus,
1388 883 1431 918 qui
1445 891 1577 918 nimquam
1594 883 1692 916 deﬁciet
1713 883 1743 909 de
1760 882 1851 910 altari.
1861 896 1898 902 —

1070 931 1092 959 B
1107 928 1221 962 Spiritus
1233 929 1305 955 enim
1335 933 1371 955 est
1387 929 1465 962 Deus,
1479 934 1503 956 et
1512 929 1556 964 qui
1571 929 1685 955 adorant
1699 936 1767 959 eum,
1785 928 1812 954 in
1839 928 1892 961 spi-

1108 972 1159 998 ritu
1178 977 1202 998 ει
1214 973 1322 999 veritate
1331 977 1430 1007 oportet
1450 973 1564 1000 adorare
1575 973 1619 999 ’9‘.
1632 972 1709 1000 Unde
1723 977 1750 1000 et
1768 972 1894 1008 intelligi-

1106 1017 1162 1044 bile
1175 1017 1270 1049 altare,
1282 1019 1354 1053 quod
1367 1019 1516 1046 estChristi
1526 1027 1635 1054 corpus,
1648 1017 1896 1053 inexstinguibilem

1106 1063 1189 1091 habet
1205 1064 1292 1099 ignem
1309 1065 1566 1092 subministrationis
1581 1065 1701 1099 spiritus.

1145 1108 1225 1136 Vsus.
1241 1110 1332 1138 14-58.
1352 1120 1361 1136 ‹
1380 1110 1442 1137 llaec
1457 1115 1496 1137 est
1517 1111 1559 1137 lex
1571 1110 1695 1137 sacriﬁcii
1708 1116 1736 1137 ct
1762 1111 1897 1138 libamen-

1109 1156 1280 1187 torum,qu:e
1296 1153 1413 1181 oﬁerent
1427 1154 1474 1181 ﬁlii
1486 1155 1576 1182 Aaron
1601 1163 1692 1182 coram
1721 1154 1848 1188 Domino,
1870 1159 1898 1182 et

1109 1205 1199 1225 coram
1216 1199 1302 1227 altari.
1322 1199 1409 1226 Tollet
1422 1200 1549 1227 sacerdos
1571 1200 1700 1234 pugillum
1716 1200 1821 1232 similaz,
1837 1208 1898 1234 quae

1109 1251 1255 1278 conspersa
1266 1250 1306 1272 est
1321 1245 1391 1278 oleo,
1401 1250 1428 1272 et
1444 1250 1530 1272 totum
1545 1246 1607 1273 thus
1617 1247 1690 1280 quod
1719 1255 1802 1281 super
1815 1247 1894 1274 simi-

1109 1290 1161 1316 lam
1173 1290 1290 1324 positum
1301 1295 1353 1323 est,
1369 1291 1543 1326 adoluliitque
1569 1291 1634 1319 illud
1650 1293 1676 1318 in
1687 1292 1764 1319 altari
1777 1293 1899 1320 inmoni-

1109 1340 1231 1361 mentum
1245 1335 1336 1362 odoris
1355 1337 1509 1363 suavissimi
1529 1336 1644 1364 Domino
1662 1346 1669 1364 :
1691 1337 1822 1372 reliquam
1848 1346 1898 1364 au-

1110 1384 1164 1407 tem
1182 1385 1286 1415 partem
1304 1381 1398 1408 similia
1413 1381 1538 1408 comedet
1563 1383 1651 1409 Aaron
1668 1391 1729 1410 cum
1755 1383 1817 1410 ﬁliis
1839 1384 1898 1411 suis

1109 1425 1211 1459 absque
1227 1426 1371 1458 tertnento,
1389 1430 1417 1453 et
1430 1426 1554 1453 comedet
1580 1427 1606 1453 in
1625 1427 1683 1454 loco
1699 1429 1844 1455 sanctuarii
1857 1434 1898 1455 ta-

1109 1471 1258 1498 bernaculi.
1275 1472 1337 1498 Ideo
1355 1475 1510 1498 autemnon
1527 1471 1746 1504 fermentabitur,
1762 1474 1823 1508 quia
1834 1482 1899 1508 pars

1110 1519 1169 1553 cjus
1184 1518 1210 1545 in
1223 1519 1339 1546 Domino
1350 1519 1463 1545 offertur
1479 1519 1632 1546 incensum.
1647 1519 1776 1546 Sanctum
1791 1525 1899 1548 sancto-

1110 1572 1169 1591 rum
1182 1564 1243 1596 erit,
1256 1565 1324 1591 sicut
1340 1573 1388 1599 pro
1399 1569 1510 1599 peccato
1519 1570 1600 1599 atque
1615 1566 1725 1592 delicto.
1740 1566 1826 1593 Mares
1835 1570 1898 1593 tan-

266 1620 288 1640 su
310 1614 446 1648 praeterita
465 1613 565 1640 futuris
582 1621 728 1649 augeamus
748 1619 828 1648 atque
841 1614 1034 1641 conﬁrmemus
1049 1623 1055 1640 :
1072 1604 1092 1632 ο
1110 1614 1167 1637 tum
1183 1610 1276 1644 stirpis
1301 1611 1391 1637 Aaron
1421 1611 1566 1638 comedent
1585 1611 1662 1643 illud,
1687 1612 1837 1647 legitimum
1865 1620 1899 1640 ac

267 1659 340 1686 unde
351 1659 429 1693 juxta
453 1659 536 1686 altare
551 1660 628 1693 jubet
646 1660 834 1687 holocaustum
862 1661 937 1695 poni,
967 1666 1058 1688 servat

268 1704 338 1732 enim
357 1705 437 1731 nobis
452 1704 577 1732 Christus
588 1705 677 1739 justus
691 1706 784 1740 judex,
806 1713 974 1741 quascunque
987 1707 1058 1734 bona

267 1750 414 1785 egerimus,
431 1750 453 1776 si
466 1758 520 1777 non
537 1751 596 1777 inec
612 1759 659 1786 per
672 1751 780 1786 iniquas
803 1753 925 1779 actiones
951 1761 1056 1788 praeva-

267 1794 342 1821 ricati
357 1793 503 1823 fuerimus.
520 1794 633 1830 Propter
660 1796 713 1823 hoc
735 1797 815 1824 etiam
840 1798 949 1832 spoliari
974 1799 1057 1826 vesti-

266 1839 376 1872 mentis,
394 1843 422 1867 et
439 1840 515 1868 indui
529 1841 598 1873 aliis,
613 1846 640 1868 et
654 1841 745 1869 efferri
757 1843 863 1870 cineres
876 1848 951 1870 extra
968 1848 1056 1870 castra

266 1886 293 1913 in
309 1885 370 1913 loco
383 1886 564 1914 mundissimo
576 1887 667 1922 jussit,
687 1896 740 1915 non
760 1889 872 1917 alterius
886 1890 993 1925 generis
1006 1897 1056 1918 nos

266 1932 446 1966 vestimentis,
470 1937 546 1960 extra
575 1941 606 1960 ea
629 1942 690 1969 qua;
712 1935 789 1970 prius
822 1935 899 1968 dixit,
926 1936 1053 1964 inducas.

264 1977 358 2013 Neque
374 1978 446 2005 enim
465 1986 515 2013 pro
526 1979 598 2006 linea
612 1984 687 2007 reste
713 1980 791 2007 indui
815 1981 893 2008 lanea
910 1989 961 2008 nos
985 1990 1055 2016 pra:-

264 2025 346 2059 eepit,
360 2025 408 2052 sed
425 2025 477 2052 hoc
487 2025 559 2052 idem
584 2027 667 2053 amita
694 2026 844 2062 signiﬁcat;
867 2028 894 2054 id
920 2033 962 2055 est
982 2029 1054 2063 quod

262 2077 324 2104 quae
336 2069 413 2104 prius
428 2074 487 2097 acta
503 2075 583 2106 atque
592 2076 715 2106 correpta
727 2078 861 2104 sunt,non
875 2073 1052 2108 impntentur,

263 2117 372 2152 quando
388 2122 496 2152 tempus
511 2123 553 2146 est
567 2119 618 2146 alia
628 2119 786 2154 peragendi.
800 2120 833 2146 Et
847 2126 991 2155 propterea
1004 2122 1053 2148 de—

264 2166 398 2196 poncntes
430 2163 623 2191 vestimentum
653 2165 738 2199 prius,
757 2165 830 2192 aliud
854 2166 907 2192 tale
929 2167 988 2193 vult
1013 2167 1053 2193 in-

263 2208 321 2234 dui.
339 2208 418 2236 Extra
448 2216 535 2237 castra
559 2216 648 2238 autem
682 2211 709 2238 in
734 2212 822 2238 locum
844 2213 1052 2240 mundissimum

1108 1657 1344 1691 sempiternumin
1368 1657 1588 1691 generationibus
1615 1659 1712 1685 vestris
1735 1658 1767 1685 dc
1791 1659 1898 1686 sacriﬁ-

1107 1702 1156 1729 ciis
1177 1701 1294 1729 Domini.
1311 1701 1406 1729 Omnis
1435 1702 1480 1737 qui
1507 1703 1624 1738 tetigerit
1647 1704 1691 1731 illa
1713 1705 1898 1732 sanctiﬁcabi-

1108 1753 1161 1776 tur.
1178 1757 1187 1774 ι

1142 1804 1316 1832 llleminimus
1340 1804 1451 1832 beatum
1467 1805 1579 1832 Paulum
1595 1805 1712 1833 dixisse:
1739 1807 1838 1834 Eadem
1852 1808 1898 1834 di—

1107 1858 1163 1876 cere
1180 1850 1245 1876 mihi
1257 1858 1306 1876 mm
1316 1851 1432 1885 pigrum,
1464 1852 1534 1878 vobis
1561 1856 1649 1878 autem
1673 1853 1848 1881 necessarium
1862 1853 1895 1880 '°.

1106 1894 1193 1927 Quam
1209 1895 1389 1922 intentionem
1402 1896 1429 1922 in
1445 1896 1572 1930 praesenti
1591 1896 1652 1923 loco
1669 1897 1768 1924 habere
1789 1897 1897 1932 legisla-

1108 1943 1149 1966 tor
1166 1939 1283 1972 videtur,
1305 1940 1439 1967 reiterans
1454 1949 1514 1976 qua:
1529 1941 1614 1968 semel
1628 1942 1763 1976 exposuit,
1780 1947 1809 1968 ut
1826 1942 1898 1969 mul-

1106 1985 1191 2020 tiplici
1207 1985 1371 2020 repetitione
1391 1986 1511 2013 mandati
1536 1986 1649 2022 legentis
1672 1987 1705 2013 ad
1735 1987 1895 2014 memoriam

1105 2032 1256 2054 revocaret.
1270 2027 1409 2060 Quatenus
1423 2033 1513 2055 autem
1536 2037 1585 2063 per
1611 2029 1800 2064 repetitionem
1827 2030 1896 2065 legis

1105 2073 1321 2100 necessariorcm
1337 2074 1463 2101 redderet
1487 2074 1645 2106 lectionem,
1666 2075 1817 2109 interponit
1843 2076 1895 2103 ali-

1105 2118 1167 2152 quid
1184 2119 1310 2153 amplius,
1324 2119 1402 2154 cujus
1429 2120 1514 2154 gratia
1532 2120 1715 2147 necessarium
1731 2122 1783 2148 hoc
1814 2130 1893 2148 man-

1105 2164 1197 2191 datum
1214 2170 1241 2190 et
1254 2165 1438 2192 inexcusabile
1470 2166 1550 2193 nimis
1563 2167 1715 2193 exsisteret.
1727 2168 1803 2194 Sicut
1829 2176 1894 2203 ergo

1106 2211 1132 2236 in
1146 2211 1365 2245 praecedentibus
1379 2212 1412 2238 de
1434 2212 1600 2239 holocaustis
1626 2213 1757 2241 sacriﬁcia
1773 2214 1895 2248 iteravit,

263 2254 364 2286 eﬂ‘erri,
379 2255 405 2282 id
434 2261 475 2283 est
502 2258 667 2291 prin-mittere
693 2258 727 2284 ad
750 2257 871 2285 futurum
897 2258 1049 2293 judicium;
1069 2272 1089 2298 ι)
1105 2257 1274 2291 permiscens
1289 2258 1537 2291 eisassiduitatem,
1550 2259 1636 2294 ipsius
1647 2265 1689 2287 est
1699 2261 1772 2287 enim
1783 2262 1895 2296 utignis

263 2299 328 2327 illud
345 2301 417 2328 enim
437 2307 512 2329 extra
526 2307 614 2330 castra
629 2309 669 2330 est
682 2304 824 2338 praesentis
834 2304 936 2335 szeculi,
952 2308 980 2331 et
1012 2305 1052 2331 lo—

262 2352 310 2372 cus
325 2350 366 2373 est
398 2347 526 2380 mundus,
544 2348 606 2382 quia
628 2349 662 2376 ab
677 2348 751 2375 omni
775 2349 951 2383 corruptione
971 2357 1051 2376 mun-

261 2391 326 2418 dum
339 2397 381 2418 est
399 2392 480 2419 futuri
497 2393 585 2420 szeculi
601 2393 745 2427 judicium.
763 2393 815 2421 Sed
831 2394 895 2429 quid
919 2399 960 2423 Isi.
978 2395 1050 2429 quod

261 2436 384 2464 addidit?

296 2481 367 2516 Ignis
381 2487 469 2509 autem
485 2484 513 2510 in
524 2483 606 2511 altari
620 2493 721 2519 semper
734 2486 844 2518 ardebit,
863 2495 938 2522 quem
953 2486 1050 2513 nutriet

260 2528 382 2554 sacerdos
412 2528 551 2563 subjiciam
582 2530 652 2565 (igua
679 2540 756 2558 mane
780 2540 826 2566 per
846 2533 962 2567 singulos
985 2533 1050 2559 dies.

261 2572 496 2604 Quemadmodum
512 2581 575 2609 ergo
589 2575 701 2602 materia
718 2577 787 2611 ignis
801 2581 863 2603 sunt
875 2577 958 2611 ligna,
971 2585 1051 2604 mane

260 2623 350 2645 autem
366 2626 397 2645 ea
418 2619 495 2653 jubet
511 2621 637 2654 componi
657 2629 663 2647 :
683 2621 722 2648 sic
749 2622 829 2649 nobis
852 2627 915 2650 sunt
937 2624 1049 2650 materia

259 2663 522 2692 subministrationis
538 2666 650 2700 spiritus
672 2667 771 2694 divinae
797 2668 864 2703 legis
883 2669 1047 2701 testimonia,

259 2714 287 2737 et
302 2717 443 2737 sacrorum
465 2711 635 2745 eloquiorum
654 2712 806 2741 meditatio.
828 2721 888 2748 qua:
903 2714 973 2750 ligna
987 2722 1047 2742 esse

258 2763 340 2791 supra
358 2756 484 2784 diximus.
502 2757 573 2793 Ergo
590 2757 648 2785 lucc
666 2765 745 2785 mane
762 2759 789 2786 in
811 2760 913 2787 lumine
936 2769 1048 2795 compo-

258 2809 323 2830 nere
330 2803 469 2837 debemus,
478 2804 504 2831 id
513 2809 552 2831 t-st
560 2804 585 2831 in
597 2804 929 2840 vigilantia,etsobrietate
940 2807 1047 2834 auiime.

309 2902 331 2917 ’³
342 2901 440 2929 Ezerh.
454 2911 548 2935 xxxm,
567 2903 609 2930 15.
649 2903 694 2929 ⁵³1
719 2903 817 2930 Thess.
829 2912 856 2936 v,
871 2904 897 2935 ϐ,
921 2905 946 2931 7.

991 2906 1024 2920 ¹¹“
1045 2905 1122 2933 Joan.
1140 2914 1176 2939 ιν,
1194 2906 1238 2933 Ἡ.

1104 2303 1150 2337 qui
1172 2303 1198 2330 in
1215 2303 1292 2330 altari
1305 2309 1357 2336 est,
1376 2312 1484 2339 semper
1507 2306 1601 2333 ardeat
1617 2314 1812 2341 nunquamque
1825 2308 1895 2334 deii-

1104 2348 1173 2375 ciat:
1187 2349 1225 2376 sic
1240 2354 1267 2376 et
1282 2358 1357 2378 nunc
1367 2358 1429 2377 cum
1449 2351 1612 2379 sacrificium
1624 2353 1720 2380 similre
1735 2353 1897 2380 deduxisset

1104 2395 1137 2422 ad
1153 2396 1285 2427 taedium,
1303 2404 1439 2431 perquam
1456 2397 1601 2433 signiﬁcari
1618 2399 1780 2433 theologiam
1798 2399 1824 2425 in
1844 2399 1895 2426 hu-

1101 2441 1147 2475 jus
1177 2441 1240 2469 libri
1269 2443 1382 2470 exordio
1405 2443 1663 2477 demonstravimus,
1691 2446 1805 2476 addidit,
1830 2446 1894 2480 quia

1104 2491 1212 2520 oportet
1225 2488 1319 2514 eamin
1336 2489 1395 2516 loco
1409 2494 1512 2516 tantum
1536 2496 1639 2522 sancto,
1658 2499 1672 2517 a
1686 2491 1824 2524 masculis,
1837 2500 1893 2519 non

1103 2538 1195 2559 autem
1213 2533 1323 2568 ubique,
1344 2540 1391 2561 aut
1408 2536 1488 2562 etiam
1503 2536 1536 2563 ab
1557 2537 1685 2563 omnibus
1709 2537 1834 2564 comedi:
1859 2538 1894 2566 de

1103 2585 1155 2612 qua
1175 2578 1237 2605 vide
1251 2579 1341 2614 qualia
1355 2580 1436 2607 etiam
1464 2589 1536 2608 nunc
1551 2582 1690 2616 praecepit.
1709 2581 1770 2608 Ηιιτ
1788 2588 1825 2609 est
1852 2583 1895 2610 [ex

1101 2625 1228 2659 sacriﬁcii
1254 2630 1278 2652 et
1297 2626 1498 2653 libamenlorum
1522 2635 1581 2661 qua:
1601 2628 1707 2662 offerent
1730 2628 1780 2662 ﬁlii
1803 2629 1893 2655 Aaron

1102 2678 1193 2697 coram
1207 2671 1329 2702 Domino,
1344 2678 1467 2698 etroratn
1496 2672 1589 2700 altari.
1614 2673 1669 2700 lloc
1692 2681 1756 2708 ergo
1779 2674 1813 2701 de
1839 2682 1894 2708 quo

1101 2724 1176 2743 nunc
1190 2725 1281 2744 sermo
1295 2723 1347 2749 est,
1362 2717 1407 2744 ﬁlii
1428 2718 1528 2751 Aaron,
1541 2719 1568 2746 id
1585 2724 1626 2746 est
1654 2720 1783 2747 sublimes
1798 2720 1825 2746 in
1850 2728 1894 2747 sa-

1103 2762 1205 2796 pientia
1220 2763 1353 2795 homines,
1372 2764 1420 2791 soli
1435 2764 1536 2791 offerre
1551 2765 1650 2792 debent
1664 2774 1754 2793 coram
1765 2766 1892 2798 Domino,

1103 2808 1129 2835 id
1147 2813 1189 2836 est
1200 2809 1348 2837 secundum
1361 2810 1432 2845 quod
1452 2810 1497 2837 Dei
1523 2811 1648 2838 voluntas
1657 2816 1708 2845 est,
1729 2819 1892 2846 nonsuper-

1287 2907 1308 2923 ³ο
1322 2906 1439 2943 Philipp.
1457 2917 1495 2941 ιιι,
1512 2909 1537 2936 1.
