2052 3146
171 216 226 248 849

744 217 785 247 IN
807 217 1027 248 LEVITICUM.
1048 231 1079 235 --
1105 219 1178 248 LIB.
1201 218 1241 247 II.

1753 215 1804 247 8ἷο

173 274 227 300 flua
242 273 269 300 in
286 273 379 301 divino
396 272 503 308 eloquio
521 273 702 307 disputantes,
719 273 767 300 sed
792 281 964 308 quzccunque
979 277 1002 304 Α
1016 278 1123 308 oportet
1138 272 1295 301 omnimodo
1305 273 1338 301 de
1356 273 1498 300 divinitate
1519 273 1603 307 loqui,
1616 273 1673 300 sive
1699 273 1805 300 theolo-

175 321 253 348 nobis
264 320 390 348 Christus
400 321 540 353 revelavit,
554 321 605 348 hoc
618 321 690 348 enim
706 321 828 356 intellige
843 322 916 356 quod
928 322 965 349 ait

174 365 447 400 toramaltari;quia
465 365 550 392 altare
566 373 626 392 esse
650 366 849 393 humanitatem
865 366 965 401 Unige-

175 412 223 439 niti
252 411 469 438 demonstratum
497 416 560 438 est:
587 419 651 446 ergo
679 412 707 438 in
734 412 776 439 his
802 412 964 447 theologiam

176 458 382 489 constituamus,
396 457 422 483 in
439 465 499 492 quae
529 457 608 484 nobis
623 457 780 484 incarnatus
793 458 966 485 ll'3tiilillD0-

175 500 276 532 minus,
290 504 319 527 ut
333 501 439 528 Patrem
451 501 477 527 in
491 508 533 532 eo,
551 505 579 528 et
606 501 694 536 ipsum
716 503 743 528 in
760 502 839 529 Patre
864 503 966 538 cogite-

175 554 247 576 mus.
262 552 289 573 et
304 546 337 573 de
354 550 449 573 sancto
461 546 564 580 Spiritu
590 547 720 579 sciamus,
748 548 809 582 quia
836 553 861 575 et
883 548 967 582 ipsius

175 598 216 619 est
231 591 302 625 Filii,
319 596 346 619 et
360 600 374 618 a
388 593 468 619 Patre
480 593 612 626 procedit.
634 592 696 620 Haec
711 594 783 621 enim
796 595 874 622 nobis
894 594 967 621 sulti-

176 638 253 664 (ἧρπε.
277 638 311 664 ad
335 638 499 673 theologiam
517 646 577 673 quin
600 639 675 673 juvat
694 644 722 666 ct
747 640 841 667 salvat.
865 640 967 668 Altiora

176 689 266 711 autem
281 685 415 718 quispiam
433 692 560 719 quaerens
585 685 627 712 vel
646 685 834 720 proiundiora,
861 686 968 714 excidet

176 730 209 756 ab
225 730 377 756 intentione
390 730 521 764 veritatis,
536 735 563 757 ct
578 735 681 765 peccat.
694 731 772 758 Unde
785 731 867 758 etiam
894 739 968 759 nunc

177 775 314 809 lcgislator
339 775 470 802 subdidit.

213 819 294 846 Tollet
307 821 429 847 sacerdos
448 821 576 855 pugillam
597 821 694 849 simin
704 831 763 858 quw
783 831 922 857 conspersa
931 829 968 850 cst

177 866 234 893 olea
250 871 274 892 ct
286 871 368 892 totum
384 867 442 893 thus
461 868 531 901 quod
548 876 628 901 super
643 869 759 896 similam
775 870 888 904 positum
918 874 967 902 est,

177 912 345 947 adolebitque
373 912 439 939 illud
462 913 488 939 in
511 913 591 940 altari
621 915 647 940 in
672 916 860 942 monimentum
883 916 969 942 odoris

176 958 327 984 suavissimi
358 957 479 985 Domino.
502 957 568 985 Cum
594 959 765 995 eleemosyna
775 964 803 987 et
832 961 964 992 oratione,

178 1003 220 1030 Ine
234 1004 306 1030 enim
322 1003 474 1038 ﬁgurantur
493 1012 542 1039 per
555 1005 644 1032 oleutn
657 1009 683 1033 et
700 1006 774 1036 thus,
792 1005 892 1039 quibus
916 1013 966 1032 ne-

177 1051 297 1077 cessarie
313 1051 446 1086 theologia
468 1051 648 1086 conquiritur,
673 1052 814 1086 utriusque
833 1046 966 1087 siquidem

177 1095 356 1129 adiutorium,
379 1099 408 1122 ut
423 1103 477 1122 non
492 1096 616 1123 excidant.
637 1103 651 1122 a
670 1097 784 1124 veritate
797 1097 842 1132 qui
864 1098 897 1124 de
914 1097 967 1124 Deo

177 1141 338 1175 loquuntur,
361 1142 548 1168 necessarium
577 1142 688 1168 habent.
715 1142 802 1176 llujus
828 1143 854 1168 in
878 1143 967 1169 [noni-

176 1192 301 1214 mcntum
322 1187 499 1222 intelligibilis
526 1188 653 1214 sacerdos
683 1188 808 1215 Christus
838 1188 968 1223 pugillum

178 1232 258 1265 tollit,
266 1233 328 1267 quia
337 1240 441 1259 summa
451 1233 571 1260 scientiae
579 1233 650 1267 apud
659 1241 721 1260 eum
733 1238 884 1267 permanet,
895 1233 968 1268 quod

178 1277 206 1304 in
221 1278 420 1304 monimentum
432 1278 541 1312 quidem
555 1283 606 1310 est,
619 1279 681 1312 quia
697 1278 723 1305 in
738 1283 900 1313 perpetuum
917 1279 970 1306 erit

177 1330 353 1357 permansura
365 1323 505 1350 memoria.
515 1323 607 1358 Neque
616 1324 687 1350 enim
698 1325 926 1358 quemadmodum
937 1332 968 1351 ca

177 1376 240 1402 qua:
253 1376 325 1395 nunc
341 1373 382 1395 es’t
396 1374 488 1395 nostra
502 1369 616 1396 scientia
639 1374 770 1403 provectu
797 1371 968 1398 destruitur:

178 1414 244 1448 quia
270 1415 375 1449 quando
403 1415 499 1441 uenerit
519 1415 587 1449 quod
612 1416 756 1450 perfection
772 1421 819 1447 est,
839 1416 910 1443 sicut
931 1417 970 1444 ait

179 1460 289 1492 l'aulus,
307 1461 451 1487 destruitur
462 1462 531 1496 quod
546 1470 578 1488 ex
592 1467 667 1496 parte
680 1467 716 1488 cst
726 1462 757 1488 ".
772 1461 817 1489 Sic
832 1462 885 1490 erit
901 1467 927 1490 ct
938 1471 970 1490 ea

179 1515 241 1541 qua:
257 1507 327 1541 apud
338 1507 476 1534 Christum
500 1513 551 1540 est,
581 1516 662 1542 quam
693 1508 770 1535 nobis
797 1509 824 1535 in
848 1509 970 1536 futurum

180 1553 321 1584 arculum,
334 1558 364 1580 ut
376 1553 583 1588 pet‘f'ectioribus
611 1558 675 1581 tunc
703 1554 862 1586 efﬁciendis,
884 1563 970 1582 reser-

1016 319 1086 354 giam
1100 326 1226 346 exercere
1247 327 1253 344 :
1279 319 1312 345 In
1341 318 1465 345 Erclusiis
1488 318 1572 351 enitn,
1594 319 1642 351 ait,
1663 318 1806 346 benedicite

1017 365 1200 392 Dominum“.
1218 364 1246 391 Si
1258 365 1318 400 quis
1333 369 1424 392 autem
1443 365 1469 391 in
1480 365 1561 391 domo
1578 365 1728 392 Ecclesium
1757 365 1806 392 ha-

1015 413 1061 439 bet
1079 412 1125 445 (ait
1139 413 1239 446 quippe
1253 412 1351 438 Paulus
1369 420 1375 438 :
1393 411 1515 438 Salutate
1530 411 1691 446 Nympham,
1714 416 1738 438 et
1764 412 1807 438 do-

1017 459 1153 485 mesticam
1164 458 1220 492 ejus
1234 457 1379 484 Ecclesium
1397 457 1419 473 ³³
1438 466 1444 482 :
1460 457 1543 484 habet
1567 462 1657 484 autem
1678 457 1739 491 quis
1757 457 1806 484 do-

1017 505 1156 532 mesticam
1169 504 1328 536 Ecclesiam,
1346 503 1455 538 quando
1466 503 1641 537 semetipsum
1655 503 1807 530 sanctifica-

1017 551 1086 578 verit
1104 550 1158 577 Deo
1168 554 1193 576 et
1214 558 1229 576 a
1249 549 1426 576 swcularibus
1443 549 1591 576 cessaverit
1606 549 1742 583 negotiis),
1763 549 1807 575 hic

1018 598 1098 625 etiam
1120 597 1194 623 domi
1208 597 1240 623 de
1261 596 1317 623 Deo
1330 595 1414 630 loqui,
1429 596 1485 622 sive
1498 595 1659 631 theologiam
1679 602 1806 622 exercere

1018 647 1117 679 potest.
1136 642 1216 669 Tales
1234 645 1308 673 sunt,
1324 641 1423 676 quibus
1453 648 1516 675 pars
1534 641 1567 668 de
1592 640 1734 667 sacrificiis
1753 639 1806 667 Dor

1019 689 1096 721 mini,
1113 688 1138 715 id
1154 692 1196 715 est
1215 687 1286 722 loqui
1301 688 1334 714 dc
1355 687 1419 719 Deo,
1437 687 1480 714 vel
1512 686 1657 721 theologia,
1676 686 1709 713 dc
1729 685 1808 713 donis

1019 739 1046 762 et
1060 734 1244 761 oblationibus
1261 733 1353 760 datur.
1372 733 1408 760 De
1431 741 1485 768 quo
1508 733 1627 760 subdidit
1644 740 1652 760 :
1681 732 1807 759 Sanctum

1019 786 1169 808 sanctorum
1180 781 1240 813 erit,
1257 781 1319 815 quia
1330 778 1422 806 Sancti
1438 785 1587 806 sanctorum
1607 778 1808 813 contemplatio-

1020 834 1078 853 nem
1093 824 1234 860 possident.
1248 825 1373 852 Subdidit
1386 830 1476 852 autem
1495 834 1501 852 :

1056 872 1128 899 Sicut
1139 880 1185 906 pro
1200 876 1304 906 peccato
1319 876 1398 906 atque
1406 871 1511 898 delicto.
1530 870 1623 897 Simile
1641 869 1705 896 illud
1714 869 1808 896 volens

1020 917 1166 945 ostendere
1183 925 1232 952 pro
1241 921 1363 951 peccato,
1376 921 1403 943 et
1419 917 1519 943 delicto
1528 916 1700 943 sacrificium.
1712 915 1809 943 Sermo

1020 964 1092 990 enim
1113 963 1145 990 de
1159 963 1214 990 Deo
1225 962 1342 989 maxime
1361 962 1394 989 ad
1410 961 1578 996 ereptionem
1594 965 1621 987 et
1633 960 1808 987 emundatio-

1019 1017 1082 1036 nem
1100 1009 1199 1036 anima:
1216 1009 1342 1040 habetur,
1370 1007 1479 1043 quando
1494 1007 1559 1034 oleo
1580 1011 1607 1034 et
1634 1006 1717 1038 thuri,
1735 1006 1808 1033 elec-

1019 1063 1138 1091 mosynae
1154 1055 1280 1083 videlicet
1294 1059 1320 1082 et
1332 1054 1458 1087 orationi,
1472 1053 1636 1080 sacrificium
1655 1052 1728 1079 verbi
1748 1051 1805 1084 Dei,

1019 1101 1046 1129 id
1061 1105 1102 1128 est
1115 1100 1269 1136 theologica,
1289 1099 1472 1135 conjungitur,
1492 1098 1642 1126 secundum
1663 1098 1735 1132 quod
1756 1097 1809 1125 hoc

1019 1147 1158 1181 legislator
1176 1146 1268 1173 ofl'erri
1285 1145 1425 1180 praecepit,
1446 1152 1501 1172 non
1516 1144 1614 1171 frustra
1629 1143 1681 1170 hoc
1697 1143 1807 1177 jubens,

1020 1193 1066 1220 sed
1089 1193 1152 1228 quia
1169 1192 1348 1227 eleemosynis
1365 1196 1393 1218 et
1415 1191 1466 1218 fide
1485 1190 1650 1217 mundantur
1670 1193 1778 1224 peccata
1800 1199 1806 1216 :

1019 1238 1246 1273 quemadmodum
1276 1237 1402 1264 Salomon
1437 1237 1463 1263 in
1495 1236 1650 1263 Proverbiis
1684 1234 1751 1262 di\it
1773 1235 1806 1261 ³³.

1055 1284 1152 1314 Mares,
1166 1282 1263 1316 inquit,
1278 1286 1380 1308 tantum
1391 1281 1480 1315 stirpis
1489 1281 1578 1307 Aaron
1591 1279 1807 1312 rontedentillml,

1020 1325 1175 1360 chitimum
1185 1334 1216 1352 ac
1226 1326 1412 1359 sempiternum
1421 1330 1457 1352 est
1468 1325 1494 1352 in
1505 1324 1715 1360 generationibus
1721 1324 1810 1351 vestris

1020 1372 1051 1397 rlc
1064 1371 1201 1405 sacriﬁciis
1211 1371 1326 1398 Domini.
1341 1371 1400 1398 Non
1415 1379 1479 1407 ergo
1496 1371 1618 1398 omnium
1636 1375 1678 1398 est
1693 1371 1725 1398 de
1756 1371 1810 1397 Deo

1021 1415 1171 1450 disputare,
1199 1416 1246 1443 sed
1275 1416 1369 1443 taliutn
1394 1415 1440 1450 qui
1455 1416 1522 1442 nihil
1549 1415 1712 1447 femineum,
1740 1415 1809 1441 nihil

1021 1460 1123 1487 ﬂuxum
1136 1461 1163 1487 in
1178 1460 1386 1496 cogitationibus
1400 1460 1515 1493 habent;
1531 1460 1602 1495 quod
1619 1460 1769 1494 legitimum
1788 1463 1813 1486 ct

1022 1513 1152 1533 aeternum
1169 1499 1196 1533 in
1212 1506 1434 1542 generationibus
1456 1506 1596 1536 eorum,id
1613 1510 1655 1533 est
1670 1505 1696 1531 in
1711 1501 1812 1540 ρεηωέ

1023 1556 1099 1579 tuum
1115 1551 1246 1579 custodiri
1267 1552 1404 1587 prmeepit,
1418 1556 1447 1578 ut
1472 1551 1498 1578 in
1514 1551 1589 1578 omni
1616 1555 1739 1585 tempore
1769 1549 1810 1576 in-

181 1599 265 1624 \a\‘it.
277 1598 321 1624 illa
332 1599 416 1631 enim,
431 1604 525 1634 utpote
538 1603 742 1632 consummata,
763 1600 821 1627 sine
832 1601 970 1628 oblivione
984 1607 1005 1636 ο
1023 1598 1175 1630 tendamus,
1191 1598 1346 1625 nullatenus
1360 1598 1393 1625 de
1414 1597 1468 1625 Deo
1481 1598 1621 1632 disputare
1636 1603 1810 1632 praesumere,

180 1651 290 1678 semper
307 1645 333 1671 in
352 1646 511 1672 memoriam
531 1649 632 1672 manet.
661 1645 738 1672 Sicut
752 1651 842 1673 autem
854 1655 914 1681 qua:
928 1651 970 1674 to-

182 1690 237 1717 tius
249 1697 355 1716 summa
369 1695 410 1717 est
421 1690 569 1724 sapientiae,
587 1690 688 1725 pugillo
701 1692 828 1723 sumitur,
843 1692 907 1726 quia
923 1701 972 1727 per

184 1737 290 1771 singula
304 1737 390 1770 capita
403 1737 534 1772 pugillum
555 1745 602 1772 per
618 1737 725 1772 Moysen
753 1738 779 1764 in
801 1738 869 1766 libre
883 1739 971 1766 Exodi

185 1790 235 1816 pro
262 1782 324 1809 filiis
349 1782 430 1809 Israel
449 1783 531 1817 jussit
554 1782 624 1810 Deus
652 1783 742 1810 otl'erri
760 1794 765 1810 :
786 1783 875 1819 itaque
897 1793 972 1812 sum-

181 1835 254 1854 mam
263 1828 434 1863 cognitionis,
444 1833 471 1855 et
480 1828 605 1863 perfecta:
616 1829 735 1856 scientim
743 1837 803 1857 esse
813 1831 883 1864 apud
892 1830 972 1858 Chri-

181 1878 254 1899 stum
264 1873 579 1908 legislatorinnuitQuid
588 1879 677 1901 autem
689 1875 729 1902 his
741 1875 838 1902 subdat
848 1876 969 1904 intende.

219 1918 357 1952 Reliquam
385 1924 473 1946 autem
502 1920 714 1954 partcmsimilte
739 1922 854 1948 comedet
881 1922 971 1949 Aaron

182 1973 241 1991 cum
256 1965 319 1998 ﬁliis
328 1965 390 1991 suis.
413 1964 447 1992 Ut
461 1973 514 1991 non
544 1973 577 1992 ex
607 1969 663 1993 toto
683 1974 697 1993 a
720 1966 854 2000 theologia
878 1974 971 1993 cesse-

182 2018 254 2040 mus,
271 2018 320 2045 pro
336 2018 368 2037 eo
382 2011 453 2045 quod
471 2019 576 2038 summa
593 2012 714 2039 scientize
725 2012 751 2038 in
769 2012 890 2039 futurum
904 2021 970 2040 cott-

182 2060 318 2088 servatur;
333 2065 393 2090 qua:
406 2061 496 2084 autem
508 2057 586 2084 nobis
598 2058 632 2084 ab
651 2065 685 2084 eo
700 2057 793 2084 relicta
808 2062 858 2090 est,
879 2058 904 2085 id
930 2063 972 2085 est

183 2101 294 2133 tradita,
304 2101 374 2128 hanc
387 2102 532 2129 comedere
544 2110 594 2129 nos
607 2103 686 2137 jubet
697 2103 849 2136 scientiam,
863 2109 889 2131 et
906 2112 972 2139 ope-

183 2148 245 2178 rari,
262 2147 296 2174 de
311 2155 364 2182 qua
380 2148 459 2174 nobis
474 2152 501 2174 ct
517 2153 684 2183 praeceptum
700 2153 752 2180 est,
766 2157 880 2184 quaeque
893 2150 972 2177 nobis

182 2193 320 2220 suiliciens
333 2198 385 2225 est,
401 2194 513 2227 etjuxta
527 2199 633 2221 nostras
646 2195 728 2222 vires.
743 2196 795 2223 Sed
810 2197 971 2223 intuendum

183 2239 226 2264 ubi
246 2240 318 2266 hanc
335 2243 363 2266 et
378 2240 515 2273 quomodo
533 2244 657 2274 oporteat
677 2242 796 2275 operari.
816 2241 946 2277 Sequitur
963 2252 969 2269 :

217 2285 319 2319 Absque
354 2286 497 2320 fermento,
530 2292 554 2313 et
591 2288 722 2319 mth,
752 2289 779 2315 in
811 2289 867 2316 loco
892 2299 971 2317 sanc-

181 2331 265 2356 tunrt'i
289 2331 463 2358 tabernaculi.
491 2332 549 2359 Non
581 2334 708 2368 coquitur
737 2342 798 2361 cum
836 2335 971 2364 fermento

181 2375 240 2408 Dci,
266 2384 356 2410 neque
380 2378 529 2404 secundum
556 2378 696 2406 Judaicam
726 2381 889 2414 doctrinam,
923 2390 971 2409 ne-

179 2428 232 2455 que
269 2422 420 2448 secundum
454 2423 553 2456 gentile
585 2423 748 2450 fermentum
777 2433 783 2452 :
811 2425 874 2458 quia
915 2432 968 2451 non

180 2467 300 2493 vultnos
314 2468 424 2494 verbum
435 2468 518 2502 inqui,
537 2469 582 2495 sed
601 2475 630 2496 ut
659 2470 759 2496 munda
784 2469 819 2496 sit
833 2469 867 2496 ab
895 2471 967 2496 omni

178 2511 368 2545 permistionc,
385 2517 409 2538 et
424 2513 525 2546 absque
539 2514 613 2540 omni
640 2513 783 2541 fermento.
797 2515 908 2541 Comedi
921 2523 970 2541 au-

181 2560 234 2582 tem
253 2556 326 2582 illam
342 2556 368 2582 in
382 2557 450 2583 atrio
463 2557 628 2584 tabernaculi
660 2558 806 2585 testimonii
829 2559 969 2594 prmccpit.

180 2601 280 2634 idest,
315 2602 422 2636 operari
451 2603 478 2629 in
504 2603 631 2631 Ecclesia.
660 2603 875 2632 Tabernaculum
898 2605 969 2632 enim

180 2648 342 2680 testimonii,
359 2649 457 2676 coelum
476 2654 526 2682 est,
546 2650 572 2677 in
594 2658 648 2684 quo
666 2651 737 2685 quod
768 2651 872 2678 habitet
888 2651 969 2682 Deus,

180 2694 323 2728 Scriptura
336 2698 460 2721 testatur.
485 2696 591 2722 Atrium
611 2701 700 2722 autem
715 2696 880 2723 tabernaculi
894 2698 970 2724 testi—

180 2739 275 2771 monii,
290 2739 315 2766 id
332 2743 374 2767 est
391 2740 463 2772 coeli,
479 2741 602 2768 Ecclesia
617 2746 669 2772 est,
702 2750 756 2768 non
781 2742 868 2769 solum
898 2743 970 2770 sicut

179 2783 319 2815 introitus,
335 2789 363 2811 et
378 2785 540 2812 vestibulum
557 2787 699 2818 cmlorunt,
716 2787 764 2813 sed
776 2787 856 2813 etiam
873 2795 969 2822 quem-

180 2829 326 2856 admodum
350 2830 447 2858 domns
479 2831 538 2858 Dei.
567 2831 604 2859 lbi
624 2840 698 2868 ergo,
727 2831 752 2859 id
781 2837 832 2862 cst,
859 2833 885 2859 in
923 2841 965 2866 ea,

225 2898 244 2913 τ’
264 2897 272 2924 l
292 2898 355 2925 Cor.
383 2907 443 2932 xui,
471 2901 512 2928 l0.

576 2902 597 2917 ³³
610 2900 679 2928 l’sal.
696 2909 776 2933 LXV",
795 2901 838 2928 '27.

182 2932 202 2948 ⁵⁸
218 2932 226 2958 ι
244 2933 314 2960 'l'int.
347 2942 382 2965 ιν,
398 2935 418 2960 ι.

879 2902 900 2917 ³³
916 2902 1020 2930 Coloss.
1041 2911 1094 2935 xiv,
1111 2903 1153 2930 15.

1022 1645 1142 1679 quandiu
1154 1652 1202 1679 per
1216 1644 1346 1678 quasdam
1359 1643 1555 1671 declinationes
1578 1642 1742 1672 diffluentes,
1770 1639 1812 1668 vel

1022 1691 1166 1718 saecularcs
1181 1691 1246 1717 alias
1258 1690 1426 1725 phantasias,
1442 1698 1457 1716 a
1466 1690 1648 1717 masculorum
1659 1688 1812 1716 excidimus

1022 1737 1163 1771 dignitate,
1181 1744 1214 1763 ne
1224 1740 1250 1763 et
1261 1736 1338 1763 nobis
1352 1737 1474 1763 dicatur:
1489 1735 1625 1762 I'crcatori
1642 1740 1730 1761 autem
1746 1735 1812 1761 dixit

1024 1782 1198 1815 Deus,Quare
1210 1787 1236 1809 tu
1253 1791 1365 1809 enarras
1378 1782 1501 1816 justitias
1517 1790 1588 1808 utens
1607 1787 1631 1808 et
1645 1782 1757 1808 assumis
1775 1786 1812 1808 te—

1022 1834 1180 1856 stamentum
1192 1837 1277 1855 mcum
1292 1837 1373 1864 peros
1393 1833 1463 1856 tuum
1476 1828 1516 1855 a5?
1531 1828 1705 1856 Concludunt.
1720 1831 1811 1854 autem

1024 1876 1093 1902 hanc
1105 1876 1189 1910 legem
1201 1875 1282 1902 verba
1297 1875 1455 1909 sequentia:

1057 1919 1147 1946 Omnis
1161 1919 1206 1954 qui
1215 1919 1329 1954 tetigerit
1338 1927 1369 1945 ea
1384 1917 1607 1953 sancti/imbitur.
1638 1917 1735 1952 Tangit
1763 1924 1812 1944 au-

1024 1970 1087 1996 tem,
1102 1966 1146 2000 qui
1160 1970 1220 1999 apte
1236 1965 1287 1992 hoc
1301 1965 1438 1998 pr.csumit
1469 1972 1559 1999 agere,
1591 1964 1634 1990 hic
1647 1963 1720 1998 juste
1747 1970 1811 1990 san-

1023 2010 1186 2038 etificahitur
1202 2009 1315 2036 :Omnis
1328 2009 1428 2044 quippe
1445 2009 1491 2036 Dei
1508 2010 1731 2036 commemoratio
1750 2015 1812 2035 san-

1023 2056 1215 2083 ctificationem
1232 2059 1352 2090 praestat,
1365 2055 1436 2090 quod
1451 2059 1563 2082 testatur
1579 2054 1687 2085 Paulus,
1697 2054 1790 2081 dicens
1803 2062 1809 2079 :

1023 2102 1090 2134 Quia
1106 2102 1190 2128 omnis
1203 2105 1325 2128 creatura
1342 2101 1388 2127 Dei
1408 2102 1484 2133 bona,
1503 2107 1526 2127 et
1556 2101 1621 2127 nihil
1641 2100 1811 2135 reﬁciendum

1023 2147 1158 2182 quodcum
1175 2146 1325 2182 gratiarum
1343 2146 1446 2172 actione
1471 2147 1615 2181 percipitur
1637 2147 1669 2173 ³⁵.
1685 2145 1811 2173 Sanctifi-

1023 2198 1100 2221 catur
1123 2197 1214 2219 autem
1242 2199 1291 2226 per
1312 2192 1424 2218 verbum
1443 2191 1489 2218 Dei
1517 2196 1544 2219 ct
1570 2192 1734 2219 orationem.
1758 2191 1812 2219 Sed

1025 2247 1086 2266 cum
1103 2238 1169 2265 dicit
1193 2242 1347 2271 tangentem
1369 2237 1544 2268 sanctitirari,
1575 2237 1653 2271 plane
1680 2237 1810 2266 ostendit,

1024 2285 1086 2319 quia
1102 2284 1127 2311 in
1145 2283 1308 2318 disputando
1325 2282 1357 2309 de
1376 2282 1439 2314 Deo,
1458 2282 1483 2308 id
1495 2287 1535 2309 est
1552 2282 1578 2308 in
1597 2282 1742 2317 theologia,
1756 2282 1812 2308 suf—

1026 2331 1081 2357 ficit
1099 2330 1177 2356 nobis
1193 2329 1273 2355 etiam
1301 2332 1404 2355 tantum
1437 2332 1555 2363 tangere,
1582 2327 1809 2362 quemadmodum

1026 2377 1087 2410 igne
1096 2375 1142 2409 qui
1154 2373 1345 2405 vultcaleficri,
1356 2381 1417 2400 nam
1431 2373 1452 2399 si
1464 2373 1577 2399 interius
1587 2372 1675 2398 mittat
1690 2379 1808 2402 manum,

1025 2430 1074 2456 pro
1092 2429 1124 2448 eo
1138 2421 1210 2455 quod
1223 2419 1311 2454 potuit
1329 2419 1445 2446 calt-fleri
1469 2419 1647 2446 comburitur.
1662 2418 1707 2444 Sic
1719 2422 1746 2444 rt
1765 2419 1810 2451 qui

1025 2467 1197 2502 profundius,
1215 2466 1256 2493 vel
1270 2466 1349 2492 altius
1365 2466 1397 2492 de
1415 2466 1469 2492 Deo
1498 2465 1636 2499 disptllnt’c
1660 2465 1810 2499 pnesumit,

1026 2521 1074 2547 pro
1086 2520 1118 2539 eo
1129 2512 1201 2547 quod
1213 2511 1358 2547 gloriosius
1372 2510 1436 2545 quid
1457 2511 1512 2538 vult
1528 2511 1683 2539 ostendere.
1707 2510 1732 2536 in
1757 2509 1812 2536 l.la-

1025 2558 1269 2591 sphcmiamctuiil,
1295 2557 1358 2583 dum
1380 2556 1613 2590 comprchmidcre
1639 2556 1810 2583 altitudinem

1024 2604 1179 2631 divinorum
1193 2604 1349 2638 dogmatum
1369 2611 1421 2629 non
1444 2604 1539 2637 possit.

1062 2650 1141 2678 VERS.
1156 2651 1248 2677 19-25.
1264 2660 1273 2675 ‹
1287 2649 1317 2677 l‘lt
1328 2650 1434 2677 locutus
1452 2655 1491 2676 est
1509 2650 1638 2678 Dominus
1654 2651 1685 2678 ad
1705 2651 1810 2686 Moysen

1024 2697 1139 2724 dicens:
1162 2694 1224 2722 Ilree
1239 2700 1279 2721 est
1307 2695 1408 2722 oblatio
1420 2694 1509 2721 Aaron
1540 2700 1566 2723 ι·ι
1597 2695 1711 2723 filiorum
1740 2697 1809 2730 ejus,

1022 2751 1103 2777 quam
1116 2741 1215 2769 offerre
1230 2742 1329 2767 debent
1346 2741 1459 2767 ltomino
1490 2741 1516 2768 in
1537 2742 1580 2769 die
1595 2742 1732 2769 unctionis
1743 2750 1808 2773 siue.

1022 2789 1160 2816 Decimam
1172 2793 1276 2823 partem
1293 2787 1355 2822 cpiti
1369 2787 1485 2815 oll'crcnt
1512 2789 1606 2816 simila:
1631 2789 1656 2815 in
1676 2789 1810 2816 sacriﬁcio

1021 2835 1197 2870 sempiterno,
1209 2834 1328 2861 medium
1343 2835 1402 2868 ejus
1412 2842 1500 2865 mane,
1514 2839 1541 2861 et
1561 2835 1678 2862 medium
1694 2835 1752 2869 ejus
1766 2843 1811 2862 ve-

1192 2902 1214 2920 "
1235 2903 1301 2933 imo,
1321 2901 1509 2935 Eccli.nt,55.
1547 2903 1569 2918 ³⁵
1588 2903 1658 2930 Psal.
1679 2903 1808 2936 xux,1ti.
