2052 3146
243 175 295 213 ﬁt

847 180 1026 214 HESYCHII
1047 150 1282 216 PRESBYTERI

244 241 334 272 opere,
358 236 457 271 qumin
489 236 627 273 sartagine
644 237 705 265 oleo
738 246 885 274 conspersa
912 239 1031 274 frigetur.
1050 245 1073 271 Α

243 284 344 312 Oﬁ‘eret
354 287 445 310 autem
461 290 520 311 eam
534 282 649 310 calidam
674 283 700 310 in
715 284 827 311 odorem
843 285 1034 312 suavissimum

244 327 359 358 Domino
369 329 507 361 sacerdos,
523 330 569 364 qui
584 330 654 365 patri
671 330 733 364 jure
752 332 925 364 successerit,
942 335 969 358 et
981 335 1036 358 tota

244 375 412 402 cremabitur
427 374 454 402 in
471 375 560 402 altari.
576 375 663 403 Omne
683 376 756 403 enim
768 377 930 404 sacriﬁcium
945 385 1036 404 sacer-

244 421 338 448 dotum
354 420 416 456 igne
427 425 615 454 consumetur,
639 429 691 449 nec
701 423 845 457 quisquam
863 423 988 450 comedet
1005 431 1038 450 ex

245 473 288 493 ρο.
307 475 316 491 ι

280 510 367 538 Omne
382 510 544 538 sacriﬁcidm
554 512 626 547 quod
639 512 673 539 ad
688 513 837 540 sacerdotis
849 513 966 540 refertur
977 521 1039 548 per-

245 563 353 587 sonam.
370 553 511 592 Unigeniti
529 557 653 585 sacriﬁcii
666 558 778 594 ﬁguram
799 559 878 594 gerit,
898 559 969 586 sicut
990 566 1039 594 per

247 607 410 637 praesentem
425 603 628 631 demonstratur
644 604 749 640 legem;
766 606 803 631 ait
818 606 891 632 enim
907 613 913 630 :

284 648 316 676 Et
334 649 435 676 locutus
451 654 488 676 est
510 649 636 676 Dominus
663 650 698 677 ad
718 648 823 684 Moysen
846 650 958 677 dicetis:
978 649 1040 678 Haec

248 699 286 722 est
307 695 406 722 oblatio
420 693 510 722 Aaron
539 701 562 722 at
574 694 690 730 ﬁliorum
705 693 772 731 ejus,
786 703 867 732 quam
880 696 972 731 afferre
994 697 1039 724 de-

249 739 308 769 bent
322 741 433 770 Domino
449 743 475 769 in
488 744 529 770 die
541 744 672 770 unctionis
683 751 747 770 sure.
762 743 908 771 Multorum
929 745 1040 779 quidem

249 789 425 816 sacerdotum
445 789 498 816 hoc
517 787 619 816 donum
631 794 682 820 est.
711 790 750 817 ait
771 790 872 824 quippe
898 791 988 817 Aaron
1014 795 1042 818 et

250 832 366 861 ﬁliorum
377 834 452 869 ejus;
467 834 514 861 sed
530 841 585 861 uno
604 842 687 862 uncto
722 834 845 868 offertur,
875 836 938 870 quia
953 837 1042 864 omnis

252 879 398 906 sacerdotii
425 880 516 915 imago
547 879 583 907 ἐι
619 880 742 912 ﬁrmitas,
769 880 826 907 sive
853 881 1039 915 subsistentia,

251 924 352 952 Christi
369 925 533 952 sacriﬁcium
549 930 607 952 est:
627 926 687 960 ipso
712 926 785 953 enim
806 927 863 954 solo
879 927 970 955 oblato
996 936 1044 962 per

253 973 340 997 totum
361 975 412 998 est.
428 971 461 998 Et
474 971 584 1006 quando
601 976 690 998 actum
713 972 776 1011 est?
804 972 832 1000 in
855 972 897 1000 die
915 975 1045 1001 unctionis

252 1016 322 1050 ejus,
337 1016 362 1043 id
376 1020 418 1043 est
433 1020 556 1051 tempore
567 1025 620 1052 quo
630 1017 788 1045 incarnatus
797 1024 853 1046 est:
870 1020 962 1047 unctio
972 1021 1043 1048 enim

253 1056 280 1086 in
299 1060 728 1096 Unigenitipersonaincarnatio
747 1065 856 1092 dicitur.
877 1064 914 1092 De
929 1074 982 1100 qua
1008 1067 1046 1093 ait

252 1104 351 1133 Petrus
372 1112 379 1133 ι
399 1106 489 1133 Iesum
516 1107 698 1141 Nazarenam,
737 1111 866 1144 quomodo
891 1119 949 1137 eum
969 1112 1043 1138 unxit

253 1150 322 1178 Dens
339 1152 441 1186 Spiritu
457 1158 549 1179 sancta
559 1158 583 1179 et
600 1155 696 1181 virtute
713 1154 744 1180 ".
757 1154 818 1182 |l:L-c
834 1165 897 1183 vero
909 1157 1045 1190 quomodo

254 1200 301 1223 aut
313 1197 422 1230 quando
434 1197 504 1224 facta
528 1198 582 1225 sint
605 1198 713 1226 Gabriel
728 1199 819 1227 Maria:
831 1200 898 1227 dixit
911 1209 916 1226 :
932 1201 1045 1236 Spiritus

254 1246 372 1273 Iunctus,
388 1241 696 1276 inquiens,superveniet
714 1245 774 1271 inte
784 1249 808 1272 et
825 1246 907 1272 virtus
919 1246 1046 1274 ditissimi

254 1286 421 1313 obambrabit
436 1288 482 1314 tibi
506 1288 537 1315 ³⁸.
567 1288 645 1316 Unde
669 1290 754 1318 David
779 1291 848 1319 dixit
868 1302 874 1319 :
904 1292 1046 1328 Propterea

255 1331 330 1358 unxit
340 1336 363 1358 te
375 1332 442 1359 Deus
459 1333 527 1360 Deus
541 1338 599 1361 tuus
618 1335 674 1362 olea
687 1335 798 1369 la‘titia',
814 1346 869 1372 prce
884 1340 1046 1367 consortibus

255 1377 307 1404 tuis
320 1379 352 1405 ".
366 1379 543 1414 Apertissimc
559 1381 753 1418 interpretans,
772 1384 843 1419 quod
861 1391 934 1414 esset
946 1387 1047 1415 sancti-

255 1425 390 1454 ﬁcationis
405 1427 506 1460 oleutn,
524 1429 588 1463 quia
603 1437 658 1457 non
686 1436 760 1459 csset
776 1433 864 1460 simile
883 1434 944 1461 huic
974 1434 1045 1468 oleo,

254 1479 309 1506 quo
321 1480 416 1500 omnes
425 1474 592 1507 sacerdotes,
608 1480 636 1502 et
651 1484 740 1511 rcges,
759 1482 786 1504 et
801 1479 943 1513 propheta:
961 1489 1046 1514 unge-

255 1515 363 1545 bantur.
383 1518 495 1555 Propter
508 1521 581 1554 quod
599 1522 655 1549 ait:
671 1523 732 1550 Prae
747 1525 921 1559 participibus
934 1527 997 1556 tuis.
1020 1527 1045 1554 ill

1060 911 1079 938 Β

1828 183 1882 217 85⁸2

1122 243 1285 269 [Ιανεαίιιλεηι
1304 243 1332 269 in
1355 243 1492 278 sartagine
1517 241 1573 269 oleo
1592 248 1732 275 conspersa
1757 240 1879 275 frigetar.

1087 286 1259 323 Sartagincm
1273 288 1380 316 Domini
1395 297 1515 321 crucem,
1531 292 1627 322 utpote
1652 287 1762 320 fortem,
1776 287 1882 314 etnibil

1088 333 1121 360 ab
1131 333 1192 368 igne
1203 334 1386 362 humanorum
1400 339 1574 369 peccatorum
1587 333 1689 365 lzesam,
1697 333 1784 367 accipi
1799 339 1877 367 opor-

1089 383 1146 407 tet:
1162 388 1222 415 quae
1248 381 1330 408 etiam
1366 380 1606 416 superitnpositam
1632 379 1800 406 Dominivam
1823 386 1884 406 car-

1088 434 1161 459 nam,
1177 427 1302 454 esibilem
1317 427 1474 454 hominibus
1487 426 1615 454 reddidit.
1625 425 1682 452 Nisi
1694 425 1768 452 enim
1782 432 1882 460 super-

1088 471 1214 506 imposita
1230 472 1326 500 fuisset
1352 472 1438 504 cruci,
1456 479 1507 499 nos
1526 479 1626 506 corpus
1647 470 1749 498 Christi
1779 478 1882 504 nequa-

1089 525 1171 552 quam
1187 518 1301 553 mystice
1316 517 1544 553 percepissemus.
1576 516 1640 544 llzec
1665 516 1726 543 oleo
1751 523 1883 550 consper-

1090 564 1172 600 gitur,
1186 564 1249 599 quia
1263 564 1336 591 enim
1351 564 1431 591 nobis
1451 570 1612 599 compassus
1640 567 1683 590 est
1694 561 1883 597 impassibilis,

1091 610 1244 644 passionem
1260 609 1501 637 sustinuitcarnis.
1519 608 1631 636 Addidit
1649 613 1742 635 autem
1769 612 1793 634 et
1822 616 1885 634 con-

1090 663 1219 690 spersum,
1232 655 1305 690 quod
1322 655 1393 682 LXX
1410 655 1450 682 sic
1473 655 1617 682 ediderunt
1631 663 1636 680 :
1654 653 1831 688 Conspersam
1846 655 1884 689 of-

1091 702 1156 736 feret
1172 710 1232 728 eam
1247 701 1376 728 buccellas
1391 701 1553 736 sacri/icium
1573 700 1634 728 boni
1653 701 1741 727 odoris
1761 700 1884 732 Domino,

1092 747 1202 774 odorem
1211 755 1386 782 conspersam
1406 748 1531 774 eamdem
1549 746 1673 774 dicentes
1688 746 1835 773 buccellas.
1852 746 1887 772 Et

1093 794 1230 822 buccellas
1240 793 1351 828 quidem
1367 793 1468 820 dixisse
1488 792 1689 827 intelliguntur,
1703 794 1798 826 utpote
1814 791 1886 818 mul-

1094 840 1225 874 tipliciter
1241 838 1434 873 procedentem
1454 841 1566 872 propter
1578 836 1720 871 passiones
1733 843 1783 870 per
1795 839 1887 870 partes

1095 886 1303 922 provenientes;
1320 891 1496 920 conspersam
1514 888 1618 914 autem,
1637 886 1734 917 utpote
1754 881 1780 908 in
1799 889 1885 908 unum

1096 932 1246 963 collectam,
1263 931 1335 958 unde
1352 938 1401 965 pro
1419 929 1540 956 bucceltis
1552 928 1732 963 Symmachus
1745 927 1887 954 dilatatam

1096 977 1194 1010 edidit;
1213 976 1337 1012 quaedam
1354 979 1445 1002 autem
1460 973 1616 1009 ἀντίγραφα.
1627 972 1708 1000 electa
1721 972 1832 1001 habent.
1861 971 1887 998 id

1096 1024 1138 1051 cs‘t
1155 1023 1306 1058 complexa,
1323 1021 1386 1056 quia
1404 1021 1522 1048 invicom
1557 1020 1608 1047 sibi
1624 1020 1765 1046 cohaerent
1781 1018 1889 1052 passio-

1096 1078 1145 1097 nes
1162 1069 1280 1096 Domini.
1297 1068 1375 1095 Unde
1389 1067 1485 1094 eadem
1500 1070 1528 1093 et
1547 1074 1580 1092 ex
1606 1065 1740 1100 partibnS,
1754 1071 1802 1090 seu
1823 1071 1890 1090 con-

1096 1114 1288 1144 fractiouibus,
1305 1105 1458 1140 secundum
1472 1111 1666 1145 prmdii-lorum
1689 1107 1761 1136 LXX
1791 1107 1889 1136 editio-

1097 1168 1170 1192 nem,
1186 1167 1248 1187 esse
1264 1159 1302 1185 ait
1320 1157 1458 1192 lcgislator
1485 1157 1533 1183 has
1558 1156 1763 1183 confractioncs
1790 1162 1889 1189 prece-

1097 1206 1203 1237 denlcs,
1221 1212 1269 1239 per
1283 1208 1375 1238 partes
1391 1202 1531 1237 passiones
1551 1201 1725 1236 intelligens:
1745 1200 1826 1228 Omne
1838 1208 1889 1226 au-

1098 1257 1149 1278 tem
1164 1253 1212 1278 hoc
1227 1249 1388 1283 sacri/icium
1403 1253 1440 1275 cst
1472 1248 1623 1274 suavissimi
1656 1247 1744 1273 odoris
1766 1246 1888 1272 Domino.

1098 1297 1215 1325 Humani
1233 1296 1334 1332 quippe
1347 1295 1456 1330 generis
1469 1295 1584 1320 salutem
1615 1293 1754 1328 praestitit,
1769 1292 1819 1319 hac.
1837 1299 1889 1319 an-

1098 1349 1152 1372 tcm
1170 1344 1233 1375 Deo,
1246 1346 1338 1377 utpote
1354 1341 1475 1368 Creatori
1493 1345 1608 1371 naturm,
1627 1339 1694 1365 nihil
1712 1343 1753 1365 est
1766 1338 1889 1365 suavius.

1097 1390 1138 1418 Ad
1152 1389 1282 1423 majorem
1301 1392 1392 1414 autem
1412 1384 1645 1420 explanationem,
1659 1384 1731 1418 quod
1750 1381 1890 1417 L'nigeuiti

1098 1434 1261 1463 sacriﬁcium
1277 1433 1420 1468 signiﬁcet,
1442 1431 1553 1457 intende
1565 1429 1630 1464 quid
1647 1428 1779 1458 subdidit,
1793 1427 1891 1454 Sacer-

1098 1482 1143 1508 dos
1159 1480 1203 1514 qui
1214 1479 1285 1513 patri
1302 1479 1359 1509 iure
1371 1477 1506 1504 successit.
1531 1476 1607 1508 Quod
1637 1474 1816 1509 Septuaginta
1853 1474 1891 1500 ita

1099 1527 1245 1554 ediderunt
1260 1533 1265 1550 ε
1282 1525 1404 1551 sacerdos
1427 1527 1519 1549 unctus
1547 1530 1594 1556 pro
1607 1530 1637 1547 co
1649 1529 1680 1547 ex
1692 1521 1756 1555 [iliis
1771 1520 1828 1553 ejus
1848 1520 1892 1553 fa-

255 1568 297 1590 εει
313 1571 397 1598 super
414 1565 560 1600 Participes
573 1570 644 1594 tuos.
659 1567 810 1603 Participes
821 1575 913 1600 autem
925 1573 1049 1606 ejus,aut
1063 1574 1084 1603 c
1101 1573 1201 1604 cietea,
1213 1571 1276 1606 quia
1291 1570 1401 1605 quidem
1413 1569 1539 1596 Christus
1556 1573 1581 1594 cl
1606 1567 1687 1594 Jcsus
1713 1571 1766 1597 est,
1789 1565 1892 1592 Paulus

255 1613 366 1642 propter
381 1616 501 1643 carnem,
513 1615 560 1638 aut
570 1616 681 1646 propter
696 1613 815 1648 Spiritus
828 1618 1048 1644 communionem

256 1654 343 1681 sancti
360 1658 435 1681 sunt.
448 1653 527 1682 Unde
558 1655 659 1684 Paulus
678 1657 745 1686 dicit
764 1659 931 1695 :Participes
960 1668 1048 1690 autem

256 1697 355 1725 Christi
372 1699 453 1733 επεσιὶ
473 1708 573 1733 sumus,
605 1702 628 1728 si
653 1707 742 1729 tamen
761 1705 867 1732 initium
896 1706 1049 1736 substantiw

255 1744 312 1775 eius
330 1752 410 1779 usque
420 1745 456 1771 ad
477 1745 555 1780 ﬁnem
581 1747 689 1781 ﬁrmant
720 1750 878 1778 retineamus
893 1751 926 1779 ⁵⁰.
961 1754 1047 1786 Quam

256 1797 321 1825 ergo
335 1789 513 1824 oblationem,
529 1800 591 1820 cum
609 1793 737 1821 sacerdos
747 1801 847 1823 unctus
875 1797 965 1829 fuerit.
990 1805 1047 1834 post

257 1835 474 1864 incarnationem
489 1837 716 1871 videiicetVerbi,
729 1841 866 1876 legislator
879 1843 970 1870 oiferri
980 1853 1049 1880 pra:-

257 1881 350 1916 cepit?

295 1925 430 1954 Decimam
441 1933 543 1961 partem
560 1930 618 1962 ep/ii
638 1930 745 1965 offerent
772 1933 866 1960 simila:
876 1934 904 1961 in
919 1936 1049 1970 sacriﬁcia

255 1973 423 2007 sempiterno,
438 1975 552 2002 medium
566 1976 623 2011 ejus
638 1985 724 2010 mane,
755 1984 778 2005 et
796 1980 909 2008 medium
920 1982 978 2016 ejus
1006 1992 1049 2010 ve-

256 2026 340 2053 spere,
354 2027 413 2054 qua:
431 2018 459 2046 in
474 2022 608 2056 sartagine
635 2022 691 2050 oleo
709 2032 848 2059 conspersa
863 2027 984 2062 (rigetur.
996 2029 1049 2056 Sed

257 2064 394 2092 decimum
408 2065 518 2100 quidem
530 2067 593 2101 ephi
616 2068 722 2102 similar,
748 2078 809 2099 esse
833 2070 969 2108 Unigcniti
997 2075 1049 2102 bu-

258 2111 659 2146 manitatemiusdperioribus
683 2119 823 2143 ostensum
852 2123 904 2150 est,
934 2125 994 2146 cum
1023 2126 1050 2148 et

260 2155 332 2189 ephi,
350 2159 445 2189 utpote
466 2164 620 2184 mensuram
652 2163 707 2186 tres
725 2168 868 2190 mensuras
883 2165 1047 2199 capientem,

259 2199 422 2227 Trinitatem
439 2207 499 2228 esse
515 2207 587 2229 recte
612 2202 740 2231 diximus.
759 2206 787 2233 Si
800 2212 892 2235 autem
905 2211 969 2244 ephi
995 2212 1049 2239 Do-

260 2246 327 2273 mini
340 2253 403 2274 caro
412 2254 482 2279 esse,
496 2253 525 2274 ut
539 2253 563 2275 et
578 2248 730 2278 divinitatis
752 2255 984 2287 supereminentia
1001 2258 1050 2286 de-

261 2297 440 2325 monstretur,
462 2292 663 2330 Dominicaaque
681 2298 771 2324 carnis
787 2307 849 2326 cum
869 2308 901 2328 ea
915 2302 1051 2336 insepara-

261 2338 362 2372 bilitas,
381 2339 431 2366 hoc
457 2339 637 2367 nihilominus
653 2342 679 2368 in
702 2343 865 2372 sacriﬁcium
890 2355 1050 2383 perpetuum

261 2389 313 2417 est,
332 2384 395 2420 quia
412 2385 483 2413 sicut
497 2386 535 2413 ait
552 2385 670 2414 Paulus:
692 2388 747 2416 Una
762 2391 831 2417 enim
845 2393 976 2422 oblatione
988 2405 1050 2423 con-

260 2429 443 2457 summauitin
455 2431 642 2465 sempiternum
670 2434 847 2468 sancti/icatos
859 2436 891 2464 δ’.
921 2437 998 2467 Unde
1024 2445 1052 2468 et

262 2474 367 2502 salvare
381 2475 407 2502 in
419 2481 692 2512 perpetuumpotest,
719 2481 852 2510 accedens
877 2491 926 2518 pcr
949 2491 1052 2513 semet-

262 2520 351 2555 ipsum
366 2520 399 2548 ad
409 2520 503 2548 Deum.

299 2566 415 2594 Medium
428 2572 517 2594 autem
534 2567 590 2603 ejus
611 2577 697 2602 mane,
713 2576 737 2598 et
748 2573 861 2601 medium
872 2576 929 2610 ejus
937 2586 1050 2612 vespere.

258 2610 341 2640 Mane
357 2613 446 2648 passio
459 2613 603 2649 incipiens,
621 2624 653 2643 ex
665 2625 719 2651 quo
744 2625 806 2646 eum
823 2620 850 2647 in
862 2610 1052 2658 atrioCaiplue

263 2659 347 2694 alapis
359 2659 499 2687 caedebant
521 2660 673 2696 alligantes,
689 2671 775 2699 usque
787 2666 820 2693 ad
832 2674 974 2702 vesperum
989 2678 1052 2704 pro-

263 2705 346 2732 telata
362 2710 423 2738 est;
439 2706 559 2733 tenebris
576 2708 649 2734 enim
666 2716 726 2736 cam
741 2711 978 2748 interpolantibus,
997 2722 1021 2744 el
1038 2726 1052 2745 a

262 2755 338 2777 sexta
353 2749 420 2777 hora
438 2758 523 2785 usque
543 2751 576 2778 ad
589 2760 688 2779 nonam
710 2753 805 2787 factis,
828 2761 982 2787 necessarie
1008 2769 1053 2789 sa-

262 2795 395 2823 criﬁcium
408 2796 435 2824 in
454 2805 533 2825 mane
544 2802 570 2825 et
591 2806 703 2834 vespere
723 2801 804 2829 dividi
817 2802 926 2831 dicitur.

313 2865 336 2881 ’⁷
351 2865 410 2893 Act.
427 2875 454 2897 Χ,
473 2866 517 2894 58.

556 2867 577 2883 ³⁸
594 2866 679 2899 luunt,
695 2868 740 2894 '55.

263 2897 288 2917 ⁸⁸
301 2899 374 2928 Psal.
391 2910 445 2934 (.IX,
462 2901 487 2928 4.

606 2875 679 2908 nim,
695 2869 740 2908 55:
779 2869 800 2885 "
815 2869 884 2898 Psai.
896 2880 965 2907 κων,
981 2874 1007 2902 8.

528 2901 548 2917 ⁸⁵
565 2902 573 2929 i
593 2903 654 2929 Cor.
676 2911 705 2936 ιι,
726 2903 753 2930 ὃ.

1068 2245 1090 2272 D

1047 2875 1068 2890 ‘°
1082 2875 1163 2903 Hebr.
1182 2883 1221 2908 tu,
1236 2875 1276 2903 Μ.

1100 1619 1196 1654 probat
1209 1618 1304 1644 dicens
1318 1626 1323 1643 :
1343 1615 1425 1642 Nobis
1438 1623 1504 1641 umis
1531 1613 1657 1640 Dominus
1670 1612 1745 1640 Jesus
1759 1611 1890 1640 Christus.

1100 1673 1146 1699 per
1160 1672 1234 1699 quem
1250 1662 1339 1688 omnia
1357 1662 1390 1688 θ’.
1407 1661 1475 1693 Quia
1491 1660 1565 1687 cnim
1587 1667 1636 1694 per
1651 1659 1743 1685 Aaron
1758 1661 1811 1687 est.
1835 1665 1891 1684 non

1100 1710 1127 1737 in
1144 1708 1203 1736 loco
1216 1708 1312 1743 ipsius.
1323 1707 1370 1734 sed
1388 1714 1436 1740 pro
1452 1714 1494 1738 eo,
1524 1705 1655 1732 translato
1672 1704 1699 1730 in
1716 1711 1745 1730 se
1764 1703 1893 1729 videlicet

1101 1755 1264 1786 sacerdotio,
1284 1753 1458 1780 manifestum
1479 1757 1522 1779 est
1542 1759 1574 1778 ex
1589 1759 1622 1778 eo
1641 1752 1713 1785 quod
1727 1750 1784 1784 ipse
1798 1757 1893 1776 sacer-

1099 1800 1203 1828 dotium
1231 1799 1396 1833 suscipiens,
1425 1797 1497 1824 illius
1528 1796 1673 1824 sacerdotii
1707 1794 1892 1822 ministerium

1101 1854 1206 1874 cessare
1221 1845 1296 1872 fecit.
1313 1844 1366 1871 Sed
1381 1849 1407 1871 et
1425 1843 1496 1878 quod
1508 1842 1663 1872 ediderunt,
1683 1848 1714 1867 ea:
1731 1839 1795 1873 ﬁliis
1812 1839 1870 1872 ejus
1884 1858 1892 1871 ,

1102 1900 1163 1918 esse
1182 1899 1214 1918 ex
1231 1892 1291 1924 ejus
1306 1890 1450 1924 ﬁliisjtzstc
1471 1887 1604 1918 creditur,
1617 1891 1713 1920 utpote
1726 1884 1772 1919 qui
1789 1892 1821 1911 ex
1846 1884 1893 1910 ,1η-

1102 1937 1152 1965 cob
1164 1935 1314 1964 femoribus
1336 1934 1531 1964 descendebat,
1553 1932 1719 1960 heatissimm
1745 1930 1893 1958 Genitricis

1103 1982 1209 2010 Domini
1223 1989 1255 2009 ex
1272 1980 1368 2008 eadem
1386 1981 1458 2007 tribu
1490 1980 1561 2006 linea
1589 1977 1790 2005 descendente:
1821 1975 1893 2010 adji-

1101 2029 1232 2062 ciuntque
1246 2026 1368 2062 praedicti
1386 2024 1563 2059 Septuaginta
1583 2032 1589 2050 :
1618 2022 1671 2049 Lex
1702 2027 1826 2056 perpetua
1856 2025 1894 2047 est

1102 2075 1223 2102 Domino.
1238 2073 1316 2106 Quod
1341 2072 1439 2100 iterum
1470 2070 1573 2098 Christi
1601 2068 1785 2096 sacerdotium
1818 2072 1894 2094 recte

1101 2121 1272 2154 intelligitur,
1285 2120 1347 2154 quia
1369 2118 1419 2153 ipsi
1434 2118 1536 2144 dictum
1562 2120 1627 2143 est:
1652 2114 1690 2141 Tu
1715 2122 1741 2140 es
1766 2113 1895 2140 sacerdos

1100 2169 1130 2195 in
1148 2172 1275 2194 internum
1301 2167 1444 2192 secundum
1464 2164 1581 2190 ordinem
1596 2160 1779 2188 Melchisedech
1794 2159 1827 2186 ⁸³.
1848 2159 1895 2185 Si-

1103 2214 1214 2248 mulque
1228 2217 1255 2240 et
1272 2212 1344 2246 quod
1359 2211 1393 2238 ad
1414 2209 1619 2237 conclusionem
1648 2206 1716 2241 legis
1744 2206 1827 2240 hujus
1847 2213 1896 2232 se-

1104 2259 1206 2294 quitur,
1227 2256 1425 2284 intendendum
1443 2260 1494 2282 est.
1516 2254 1548 2281 Et
1559 2258 1614 2280 tota
1628 2251 1787 2279 cremabitur
1801 2251 1829 2277 in
1850 2250 1897 2276 al-

1103 2305 1167 2332 tari.
1184 2303 1266 2331 Omne
1285 2302 1354 2329 enim
1383 2300 1542 2334 sacri/icium
1559 2297 1725 2325 sacerdotum
1748 2296 1807 2330 igne
1830 2303 1896 2321 con-

1103 2355 1220 2378 sumetur
1236 2356 1245 2375 :
1263 2356 1309 2375 nec
1327 2347 1467 2382 quisquam
1486 2344 1602 2372 comedet
1617 2351 1649 2370 ex
1664 2350 1704 2369 eo.

1138 2396 1208 2430 Quid
1218 2403 1282 2430 ergo
1296 2401 1342 2429 per
1353 2394 1411 2420 haec
1420 2389 1625 2419 contestamur?
1636 2389 1688 2416 nisi
1704 2391 1733 2415 ut
1751 2395 1804 2414 non
1818 2387 1897 2414 dica-

1103 2449 1148 2471 tur
1163 2443 1196 2471 de
1214 2441 1328 2469 Domino
1345 2448 1352 2465 ι
1366 2439 1428 2474 quia
1443 2438 1465 2464 is
1480 2437 1525 2472 qui
1542 2444 1575 2463 ex
1606 2435 1722 2462 muliere
1745 2439 1828 2461 natus
1841 2437 1895 2464 est.

1102 2498 1201 2525 passus
1216 2492 1258 2515 est
1273 2487 1336 2521 :qui
1349 2490 1441 2512 autem
1475 2482 1616 2511 descendit
1633 2482 1666 2509 de
1681 2484 1762 2512 coelo,
1794 2487 1895 2514 passus

1104 2543 1157 2563 non
1171 2537 1223 2562 est.
1238 2533 1320 2560 Nobis
1337 2531 1410 2558 enim
1425 2538 1492 2556 unus
1509 2528 1635 2555 Dominus
1659 2526 1738 2554 Iesus
1763 2525 1894 2556 Christus,

1104 2590 1150 2616 per
1164 2588 1240 2616 quem
1256 2578 1358 2608 onmia.
1374 2583 1455 2612 quem
1471 2575 1497 2602 hi
1510 2574 1555 2609 qui
1571 2573 1766 2601 cruciﬁxerunt
1778 2578 1833 2597 non
1846 2578 1896 2597 co-

1104 2629 1257 2663 gnoverunt
1289 2624 1368 2658 cujus
1388 2627 1462 2650 esset
1477 2620 1617 2656 dignitatis
1648 2623 1731 2653 atque
1761 2616 1893 2644 virtutis:

1105 2662 1133 2699 Si
1152 2672 1221 2699 enim
1251 2670 1438 2705 cognovissent,
1465 2673 1600 2701 utinquam
1629 2664 1771 2691 Dominum
1802 2662 1897 2697 gloria:

1105 2715 1343 2752 cruci/ixissent“.
1377 2714 1463 2748 Ipsius
1492 2719 1557 2746 ergo
1585 2715 1627 2737 est
1648 2709 1728 2736 Verbi
1760 2707 1897 2734 incarnati

1104 2762 1205 2797 passio,
1219 2769 1278 2797 (tuae
1290 2759 1416 2795 provenit
1432 2759 1458 2784 in
1467 2765 1560 2788 carne,
1577 2755 1754 2790 quamobrem
1771 2757 1827 2780 tota
1837 2760 1898 2779 crc-

1108 2808 1227 2836 mabitur
1243 2808 1270 2835 in
1290 2807 1379 2834 altari.
1396 2804 1485 2840 Ipsius
1501 2811 1566 2839 ergo
1594 2807 1647 2833 est,
1663 2802 1707 2837 qui
1727 2799 1896 2834 semetipsum

1315 2874 1336 2890 "
1351 2873 1432 2901 Hebr.
1449 2881 1474 2904 χ,
1493 2871 1531 2898 Η.
1573 2869 1688 2897 “lCor.
1704 2875 1763 2900 nn,
1778 2867 1806 2894 6.
