2052 3146
167 203 220 236 853

747 206 787 236 lN
809 206 1031 237 Lavrrtcuu.
1048 218 1085 224 —
1103 207 1176 236 LiB.
1199 207 1239 236 Π.
1259 196 1262 198 ’

1750 203 1802 236 85ι

167 266 250 289 totum
266 261 422 295 exinauivit,
436 266 460 289 et
475 263 587 298 formam
608 264 676 290 servi
691 265 800 298 accepit,
814 268 837 291 et
865 265 956 292 habitu
973 266 993 294 Α
1008 264 1194 297 Quamobrem
1223 269 1250 292 et
1274 264 1444 291 'l'hr-odotion
1470 271 1520 299 pro
1545 271 1579 291 eo
1593 264 1665 298 quod
1681 267 1724 291 est
1738 264 1801 298 oﬂ'e-

166 308 285 335 inuentus
313 312 351 335 est
380 308 529 341 ut‘ltomo;
554 309 754 345 humiliavitque
778 311 956 344 semetipsum,

165 355 286 381 obediens
302 355 386 390 {actus
398 363 478 390 usque
492 356 527 382 ad
544 360 662 389 mortem,
675 361 785 383 mortem
800 362 887 384 autem
898 365 958 383 cru-

166 400 204 426 cis
215 398 250 426 ⁸⁵.
263 399 309 426 Sic
326 408 391 436 ergo
407 401 535 436 intelligis
547 402 638 430 ethoc
654 403 726 437 quod
739 403 837 430 dicitur
852 412 858 428 :
877 404 958 430 Omne

166 445 235 472 enim
246 446 407 480 sacri/icium
430 447 595 474 sacerdotum
621 448 680 482 igne
709 454 885 479 consumctur,
913 457 958 475 nec

167 492 282 518 comedet
293 500 325 518 ex
340 501 368 518 eo
380 493 527 528 quisquam.
543 493 672 520 Eamdcm
688 494 788 529 quippe
806 485 887 521 etiam
901 495 957 521 hrec

167 535 297 562 virtutem
324 541 405 571 atque
430 537 609 564 intentionem
640 538 758 570 habent,
786 540 859 566 unde
883 549 957 567 omne

166 581 328 614 sacri/icium
368 582 427 617 igne
469 588 651 615 consumatur,
683 583 754 610 LXX
785 585 915 612 dixerunt
948 595 955 614 :

167 625 360 654 Ilolocuustum
374 628 429 662 ﬁet,
443 628 538 662 Aquila
553 629 649 661 edidit,
665 630 795 664 integrant
807 632 866 658 erit.
897 631 955 658 Non

166 680 230 708 ergo
243 673 367 700 comedet
387 681 420 700 ex
434 681 467 700 eo
482 673 636 708 quisquam,
652 674 678 701 id
688 678 730 701 est
745 683 799 702 non
809 675 955 708 dividetur,

165 719 228 753 quia
240 718 362 745 dentium
376 718 550 745 estdividcre
567 723 594 745 et
609 719 702 754 partiri
725 719 811 752 cibos,
829 729 891 747 cum
907 721 957 748 ali-

167 770 207 791 ter
221 763 314 790 mandi
327 771 381 790 non
397 763 511 798 possint.
524 764 624 791 Christi
639 769 729 791 autent
743 766 904 792 sacriﬁcium
915 766 956 792 in-

165 809 298 836 divisiiiile
319 810 535 836 demonstratum
552 814 603 843 est,
633 814 661 838 et
686 816 831 846 propterea
850 812 955 840 comedi

164 864 220 882 non
239 859 339 890 potest.

199 900 281 927 γωδ.
296 900 342 927 24.
360 910 368 926 ι
392 901 509 928 Locutus
523 906 566 929 est
578 901 710 930 Dominus
729 903 762 931 ad
790 903 898 940 Moysen
911 903 954 931 di—

164 953 232 973 cens
250 946 393 980 :Loquere
406 946 497 973 Aaron
516 951 543 974 et
575 947 639 974 ﬁliis
670 949 740 983 ejus,
778 949 828 976 ista
841 954 881 976 est
911 949 954 976 lex

165 991 262 1018 hostiae
279 999 326 1026 pro
339 996 451 1026 peccato
472 1002 479 1020 :
496 993 526 1019 lu
556 993 616 1020 loco
633 994 678 1021 ubi
696 995 812 1022 oli‘crlur
825 995 955 1022 holocau-

162 1042 246 1068 stum,
268 1037 551 1065 immolabiturcoram
585 1039 711 1072 Domino,
736 1039 866 1067 Sanctum
892 1048 956 1067 san-

162 1087 270 1110 ctorum
297 1088 349 1110 est.
362 1083 496 1111 Sacerdos
513 1085 560 1119 qui
575 1085 683 1118 oﬁ'eret,
710 1086 835 1113 comedet
867 1093 899 1113 ea
928 1087 955 1113 in

161 1129 223 1156 loeo
239 1133 334 1156 sancto
350 1129 379 1156 in
398 1130 468 1157 atrio
478 1130 656 1158 tabernaculi.
680 1131 819 1166 Quidquid
836 1132 956 1167 tetigerit

162 1182 261 1201 carnes
275 1174 344 1208 ejus,
359 1175 585 1202 sanctiﬁcabitur.
614 1176 642 1204 Si
662 1177 696 1204 de
725 1177 857 1212 sanguine
884 1177 956 1205 illius

162 1219 248 1246 vestis
262 1219 346 1246 fuerit
369 1227 490 1255 aspersa,
507 1221 641 1248 lavabitur
659 1222 686 1249 in
701 1222 761 1249 loco
774 1227 878 1253 sancto,
910 1231 956 1250 vas

161 1269 255 1291 autem
274 1264 355 1292 ﬁctile
370 1265 396 1292 iu
414 1273 469 1300 quo
489 1271 565 1293 cocta
590 1271 641 1300 est,
655 1267 850 1303 confringetur.
877 1267 955 1301 Quod

162 1311 186 1337 si
205 1318 253 1336 vas
263 1318 380 1344 aeneum,
396 1311 573 1339 detricahitur
585 1318 611 1339 et
622 1313 755 1340 lavabitur
770 1321 849 1348 aqua.
860 1313 955 1341 Omnis

163 1356 302 1383 masculus
325 1356 359 1384 de
370 1365 470 1391 genere
491 1359 652 1385 sacerdotali
666 1363 793 1386 vescetur
825 1360 955 1388 carnibus

162 1400 234 1435 ejus,
249 1401 310 1435 quia
324 1401 453 1428 Sanctum
467 1407 624 1430 sanctorum
636 1409 687 1431 est.
705 1403 797 1431 [lostia
809 1405 880 1431 enim
895 1413 955 1439 qua:

163 1447 279 1474 caeditur
306 1455 354 1481 pro
389 1452 513 1482 peccato,
548 1449 627 1483 cujus
641 1450 754 1485 sanguis
781 1450 897 1478 infertur
926 1452 954 1478 in

164 1493 372 1520 tabernaculum
408 1494 557 1521 testimonii
576 1495 610 1521 ad
643 1495 810 1529 expiandum
836 1496 864 1523 in
890 1504 954 1524 san-

163 1539 280 1570 ctuario,
300 1547 352 1564 non
369 1540 538 1572 comedetur,
560 1540 606 1567 scd
616 1541 792 1568 comburetur
805 1542 870 1577 igni.
895 1551 903 1568 ι

1009 319 1078 343 reus,
1096 311 1205 345 erpiuns
1219 311 1314 342 edidit,
1334 311 1359 337 id
1373 314 1415 338 est
1428 310 1590 341 emundans,
1607 314 1635 337 et
1647 317 1696 344 per
1709 317 1800 337 sacer-

1009 357 1075 384 dotii
1101 357 1142 384 sui
1167 357 1358 388 ministerium,
1378 356 1528 391 perfectum
1555 356 1658 383 iaciens
1675 363 1738 383 eum
1754 356 1800 391 qui

1008 403 1180 429 emundatur.
1200 402 1232 429 Et
1245 402 1381 437 quomodo
1406 409 1465 428 eam
1481 401 1629 428 manducet
1644 401 1770 428 Christus
1784 408 1799 428 a

1009 448 1068 475 loco
1100 456 1232 483 cognosce
1261 449 1288 474 in
1314 456 1368 482 quo
1398 447 1548 474 comedet:
1567 446 1599 473 In
1625 447 1681 473 loco
1698 451 1800 478 sancta,

1008 492 1035 517 in
1060 492 1129 517 atrio
1147 491 1319 518 tabernaculi.
1338 491 1386 518 Vel
1400 491 1470 518 sicut
1498 490 1569 517 LXX
1585 491 1739 523 ediderunt,
1769 491 1801 518 In

1008 538 1077 563 atrio
1102 537 1265 564 tabernaculi
1291 537 1440 564 testimonii.
1466 536 1572 563 Atrium
1592 541 1683 563 autem
1707 536 1800 563 taber-

1008 583 1098 610 naculi
1126 582 1286 614 testimonii,
1314 582 1433 609 Ecclesia
1464 586 1525 615 est;
1545 582 1603 616 ipsa
1616 582 1717 616 quippe
1735 587 1800 608 ante

1009 629 1118 660 coelum,
1149 628 1247 655 atrium
1288 628 1456 654 tabernaculi
1495 627 1644 654 testimonii
1673 631 1725 660 est,
1753 627 1798 654 ubi

1008 675 1132 702 Christus
1151 674 1344 709 pmuitentium
1360 675 1474 700 salutem
1491 677 1630 708 operatur,
1646 681 1706 708 qua:
1723 673 1798 700 salus

1007 721 1067 755 ejus
1091 721 1172 747 etiam
1197 721 1274 747 cibus
1291 721 1460 755 appellatur:
1485 720 1556 746 Meus
1579 720 1647 746 enim
1663 719 1734 745 cibus
1751 722 1798 750 est,

1008 765 1104 801 inquit,
1126 771 1152 793 ut
1172 767 1270 802 faciam
1285 767 1446 794 voluntatem
1464 766 1554 793 Patris
1571 766 1799 798 mei“,volunlas

1007 815 1096 838 autem
1112 811 1170 846 ejus
1186 817 1229 838 est
1249 815 1277 838 ut
1294 816 1421 847 peccator
1436 815 1612 839 convertatur
1625 815 1652 838 et
1668 811 1798 837 salvetur.

1007 858 1120 892 Insuper
1134 858 1171 885 ait
1183 867 1189 884 :

1042 904 1175 939 Quidquid
1210 904 1324 939 tetigerit
1358 913 1448 930 cm'nes
1478 904 1544 936 eius,
1576 903 1797 937 srmrtiﬁcabitur.

1006 949 1109 977 Carncs
1133 954 1225 976 autem
1247 949 1428 984 pmnitcntia‘,
1451 949 1627 984 intelligimus
1651 949 1796 984 jejunium.

1005 997 1122 1032 vigilias,
1161 996 1299 1024 cilicinum
1338 997 1538 1026 vestimentum.
1576 1003 1638 1022 cum
1671 994 1798 1029 lacrymis

1006 1042 1175 1072 orationem,
1210 1041 1425 1075 eleemosynam;
1453 1048 1487 1066 ex
1520 1039 1564 1067 his
1591 1039 1666 1066 enim
1702 1039 1797 1066 consi-

1006 1088 1053 1115 stit
1077 1087 1247 1122 poenitentia,
1273 1094 1332 1121 quae
1357 1087 1403 1122 qui
1433 1086 1526 1122 tangit,
1552 1090 1624 1113 recte
1642 1084 1797 1112 sanctiﬁca-

1007 1132 1088 1160 bitur.

1041 1177 1075 1204 Et
1089 1177 1111 1204 si
1124 1177 1155 1204 de
1166 1176 1293 1211 sanguine
1313 1176 1385 1202 illius
1400 1177 1479 1204 uestis
1495 1176 1574 1210 fuerit
1586 1184 1708 1210 aspersa,
1723 1175 1798 1202 lava-

1006 1222 1076 1249 [n'tur
1106 1222 1134 1248 in
1162 1222 1217 1248 loco
1242 1225 1344 1248 sancto.
1363 1221 1479 1255 Sanguis
1507 1221 1675 1256 poenitentize
1688 1221 1798 1255 proprie

1006 1267 1157 1302 baptismus
1177 1272 1227 1300 est,
1249 1269 1312 1302 quia
1330 1267 1401 1294 sicut
1427 1267 1481 1294 vita
1515 1267 1605 1293 omnis
1632 1267 1722 1293 carnis
1734 1274 1799 1293 san-

1006 1313 1065 1348 guis
1082 1317 1133 1345 est,
1151 1314 1189 1340 sic
1203 1317 1230 1340 et
1245 1313 1413 1348 pmnitcntim
1429 1313 1530 1340 donum
1547 1312 1685 1347 baptismi.
1703 1311 1798 1340 Omnis

1005 1359 1078 1386 enim
1106 1359 1152 1393 qui
1180 1359 1235 1393 agit
1261 1358 1469 1393 paenitentiam,
1502 1357 1524 1384 si
1552 1364 1607 1384 non
1646 1357 1799 1392 perceperit

1005 1405 1181 1439 baptismum,
1197 1404 1301 1431 inutilis
1326 1403 1386 1438 ejus
1408 1407 1450 1430 est
1472 1407 1498 1430 ct
1519 1402 1578 1430 sine
1603 1402 1694 1436 aliquo
1723 1402 1799 1429 lucro

1006 1449 1164 1485 poenitentia
1194 1454 1355 1484 mortuaque
1371 1453 1397 1475 et
1413 1448 1566 1475 exanimis:
1592 1449 1656 1482 quia
1677 1452 1798 1481 veterem

1005 1495 1107 1530 peccati
1125 1495 1263 1522 hominem
1274 1502 1329 1522 non
1346 1494 1424 1521 aliter
1436 1494 1573 1528 quispiam
1589 1493 1642 1520 nisi
1658 1493 1799 1520 ablutione

1005 1539 1220 1575 regenerationis
1244 1539 1366 1574 deponit.
1381 1539 1458 1571 Quod
1481 1539 1502 1565 si
1517 1539 1594 1570 dicis,
1614 1543 1641 1565 et
1660 1537 1800 1573 quomodo

201 1583 270 1616 Quia
289 1592 342 1618 non
364 1584 464 1612 frustra
496 1585 590 1612 eadem
613 1583 745 1612 sacriﬁcia
766 1587 875 1621 repetit,
907 1595 953 1614 su-
970 1592 991 1620 ο
1008 1584 1053 1619 qui
1095 1585 1159 1611 olim
1186 1584 1315 1619 baptizati
1352 1588 1417 1610 sunt
1446 1583 1582 1615 homines,
1609 1583 1799 1618 pmnitentiam

164 1630 262 1663 perius
291 1630 418 1662 diximus,
446 1631 556 1665 quodet
579 1631 606 1657 in
637 1632 819 1666 praesentibus
840 1632 956 1659 demon-

165 1679 281 1702 stratur.

201 1719 316 1747 Locutus
343 1726 379 1747 est
407 1721 535 1748 Dominus
547 1723 580 1749 ad
595 1724 703 1757 Moysen
714 1723 811 1750 dicens.
842 1723 957 1758 Lor/uere

166 1766 258 1792 Aaron
271 1766 365 1799 ctﬁliis
383 1767 448 1799 ejus.
464 1767 520 1794 Ista
530 1772 567 1793 est
581 1767 623 1794 [ex
648 1767 740 1795 Itostiw
766 1777 813 1802 pro
838 1774 955 1802 peccato.

166 1811 216 1838 Vel
227 1813 339 1846 peccati,
360 1813 399 1839 sic
412 1813 521 1847 quidem
536 1813 707 1841 Theodotion
724 1819 752 1841 ct
776 1815 956 1850 Symmachus

166 1857 325 1884 ediderunt.
341 1857 405 1890 Quae
424 1863 466 1886 est
493 1863 585 1886 anteiit
610 1860 667 1886 haec
692 1860 752 1887 lex?
773 1861 805 1888 In
828 1862 883 1888 loco
913 1862 956 1888 ubi

166 1902 274 1936 cﬂ‘ertur
288 1902 481 1935 holocaustum,
513 1904 694 1931 immolabitur
708 1914 797 1932 eorum
829 1906 954 1940 Domino,

167 1948 231 1982 quia
241 1947 368 1974 Sanctum
379 1953 530 1975 sanctorum
539 1955 586 1976 est.
596 1949 742 1985 Propterea
754 1953 842 1978 Aaron
855 1957 881 1979 et
894 1953 956 1980 ﬁliis

168 1993 226 2028 ejus
239 1994 369 2028 pranticta
385 1995 558 2028 mandantur,
589 1997 651 2031 quia
666 1997 764 2024 oﬂcrrc
779 2006 827 2032 pro
843 2003 956 2033 peccato

169 2039 345 2070 sacrificium,
360 2040 385 2066 id
401 2045 442 2067 est
452 2041 652 2075 paenitentiam,
670 2043 826 2070 sublimium
839 2049 867 2071 et
881 2053 956 2072 sum-

170 2092 275 2111 morum
292 2089 343 2116 est,
358 2090 437 2120 atque
452 2094 467 2112 a
482 2091 552 2113 terra
580 2088 793 2120 sublevatorum,
815 2090 886 2124 quod
902 2098 956 2117 non

170 2134 280 2164 praestat
302 2130 353 2157 nisi
369 2139 383 2157 a
400 2132 470 2158 malo
486 2133 613 2161 rcccssio.
632 2134 700 2169 Ergo
721 2135 767 2162 ubi
795 2136 956 2164 holocausta

171 2175 356 2209 immolantur,
374 2177 411 2204 ibi
426 2183 453 2205 et
469 2187 528 2213 quae
548 2187 597 2213 pro
614 2185 726 2214 peccato
746 2187 811 2208 sunt
824 2183 956 2210 occidun-

171 2226 236 2247 tur:
256 2222 320 2256 quia
338 2222 383 2256 qui
402 2223 498 2250 oﬁ‘eret
525 2225 725 2258 pmnitcntiam,
745 2227 800 2261 jam
835 2227 957 2255 imitatur

170 2273 231 2292 eum
242 2266 288 2300 qui
302 2270 387 2293 totum
401 2268 576 2303 semetipsum
588 2270 685 2297 obtulit
699 2271 752 2298 Deo
763 2275 790 2298 et
800 2273 958 2301 omnimodo

172 2312 284 2339 recessit
302 2321 316 2339 a
339 2314 439 2340 smculo
452 2334 458 2346 ,
480 2315 554 2342 unde
580 2320 608 2343 et
632 2317 820 2344 holocaustqu
837 2319 896 2353 ejus
910 2327 958 2354 ap-

173 2357 289 2391 pellatur
301 2360 472 2387 convcrsatio
493 2369 499 2387 :
515 2365 542 2388 et
554 2362 694 2396 utriusque
707 2363 809 2391 oblatio
838 2365 866 2391 in
890 2373 958 2392 con-

171 2407 267 2437 spectu
282 2408 325 2431 est
339 2404 455 2437 Domini,
477 2406 576 2440 placita
597 2407 669 2435 enim
682 2412 724 2435 est
750 2409 816 2442 Deo,
849 2411 959 2444 quando

171 2449 322 2475 secundum
349 2449 408 2483 ejus
436 2450 614 2479 intentionem
640 2453 774 2480 otlcrtur:
803 2454 842 2482 sic
868 2453 960 2483 autem

172 2494 270 2528 placita
284 2494 348 2527 Deo,
365 2496 497 2523 Sanctum
530 2503 688 2525 sanctorum
720 2504 794 2528 recte
823 2501 958 2535 appellata

171 2544 211 2566 est
230 2547 237 2565 :
257 2540 280 2566 si
297 2541 369 2567 enim
387 2550 442 2569 non
459 2547 532 2570 esset
557 2548 714 2571 sanctorum
728 2550 853 2573 sanctum
872 2547 960 2581 potui.

171 2586 266 2613 tentim
291 2586 465 2620 sacrificium,
501 2597 639 2624 nunquam
673 2590 850 2625 pcenitentcm
872 2591 960 2619 intro-

171 2631 294 2658 duxisset
308 2632 334 2658 in
353 2632 452 2660 Sancta
464 2639 620 2662 sanctorum
636 2645 642 2662 :
666 2643 784 2671 eumque
798 2645 847 2672 per
863 2646 960 2673 pecca-

173 2681 240 2709 tum,
257 2677 329 2704 uude
345 2678 419 2713 prius
438 2680 567 2714 expulsus
584 2685 636 2708 est.

206 2722 338 2750 Sacerdos
359 2725 405 2759 qui
432 2725 529 2760 oﬂ‘eret,
561 2728 676 2754 comedet
704 2736 772 2756 eam.
799 2728 850 2762 Qui
867 2729 964 2758 oﬂeret

171 2767 219 2800 ait,
251 2768 297 2796 hic
328 2774 418 2796 autem
447 2770 573 2800 Christus
596 2777 648 2804 est,
673 2774 718 2808 qui
744 2779 836 2802 nostra
852 2781 962 2810 peccata

171 2813 305 2848 suscepit,
333 2819 460 2850 recteque
487 2822 607 2846 nostram
641 2820 737 2848 oﬁ‘eret
763 2821 960 2855 penitentiam.

207 2901 230 2917 "
252 2901 370 2938 l‘ltilipp.
395 2913 423 2938 η,
437 2906 462 2938 'i,
479 2908 502 2933 8.
545 2907 756 2939 ".l0an.t\',51.

1010 1631 1111 1666 agent?
1126 1638 1269 1666 cognosce,
1281 1630 1343 1665 quia
1359 1630 1445 1657 virtus
1458 1630 1636 1664 praecedentis
1650 1629 1801 1664 baptisma-

1011 1677 1045 1704 tis
1059 1681 1188 1711 operatur
1211 1681 1237 1703 et
1263 1677 1288 1702 in
1305 1683 1335 1702 ea
1356 1684 1415 1711 qua:
1432 1679 1525 1710 postea
1541 1681 1598 1702 acta
1617 1676 1698 1702 fuerit
1713 1675 1801 1709 poeni-

1011 1722 1106 1748 tentia.
1136 1721 1199 1748 ll.cc
1223 1729 1286 1756 ergo
1314 1726 1356 1748 est
1388 1721 1503 1747 intentio
1532 1721 1704 1755 legislatoris,
1737 1721 1799 1756 quia

1010 1767 1055 1801 qui
1077 1767 1202 1794 comedet
1233 1774 1329 1793 carnes
1361 1766 1479 1801 prazdicti
1505 1766 1645 1798 sacriﬁcii,
1674 1766 1799 1800 quamvis

1009 1811 1110 1838 oblatio
1146 1811 1182 1838 sit
1208 1811 1331 1844 alterius,
1358 1810 1552 1837 sanctilicatur.
1585 1810 1636 1837 Per
1670 1811 1722 1837 hoc
1748 1818 1799 1837 au-

1011 1862 1063 1884 tem
1096 1857 1265 1888 ostenditur,
1292 1857 1355 1892 quia
1387 1861 1414 1883 ct
1443 1857 1464 1883 is
1494 1856 1540 1891 qui
1570 1864 1625 1883 non
1656 1861 1717 1890 eget
1741 1864 1800 1891 pce-

1010 1902 1133 1934 nitentia,
1150 1903 1171 1930 si
1189 1903 1254 1937 quid
1271 1903 1358 1937 egerit
1380 1903 1494 1932 horum.
1512 1902 1700 1936 paenitentiam
1717 1910 1800 1937 agens

1010 1947 1204 1974 sanctiﬁcatur.
1223 1947 1353 1974 Similiter
1380 1947 1420 1973 \‘cl
1440 1947 1462 1973 si
1477 1946 1591 1972 multum
1607 1953 1706 1980 parvus
1723 1946 1799 1980 quis-

1009 1993 1081 2027 piam
1104 1992 1254 2026 baptizatus
1275 1991 1363 2021 l‘uerit,
1380 1991 1424 2025 qui
1442 1991 1558 2018 necdum
1581 1990 1649 2017 forte
1666 1989 1797 2023 peccavit,

1010 2037 1166 2063 mundatur.
1193 2036 1224 2063 Et
1237 2036 1301 2070 quid
1318 2036 1342 2063 ei
1364 2040 1406 2062 cst
1423 2043 1492 2070 opus
1514 2034 1654 2061 mundatio
1666 2033 1677 2060 ’ἓ
1690 2034 1731 2060 Ad
1749 2033 1799 2060 hoc

1010 2082 1034 2109 ei
1063 2089 1131 2116 opus
1156 2085 1208 2113 est,
1225 2081 1287 2115 quia
1308 2088 1388 2107 nemo
1402 2084 1444 2107 est
1461 2079 1578 2106 mundus
1600 2086 1615 2105 a
1629 2078 1709 2105 sorde
1735 2085 1798 2105 nam

1011 2128 1073 2154 licet
1093 2127 1174 2154 unius
1200 2126 1253 2153 diei
1267 2126 1320 2154 vita
1335 2127 1394 2160 ejus
1408 2126 1443 2153 sit
1457 2133 1538 2160 super
1553 2129 1663 2157 terram,
1690 2124 1798 2151 sordem

1012 2179 1100 2200 tamen
1126 2180 1206 2207 quam
1231 2180 1262 2198 ex
1289 2172 1373 2199 Adam
1402 2171 1574 2199 successione
1594 2175 1619 2198 ct
1645 2170 1798 2205 generatio-

1011 2227 1044 2246 ne
1061 2219 1152 2250 traxit,
1169 2218 1269 2244 retinet
1285 2226 1291 2244 ε
1309 2221 1336 2244 ct
1349 2217 1410 2244 ideo
1421 2225 1481 2243 eum
1500 2216 1545 2252 qui
1561 2217 1693 2252 sanguine
1710 2216 1798 2252 pruni--

975 2265 996 2292 D
1012 2265 1101 2292 tentia:
1125 2270 1253 2298 aspersus
1270 2267 1311 2290 est
1324 2270 1380 2290 non
1398 2263 1465 2291 dixit
1481 2263 1551 2290 sicut
1574 2262 1744 2290 immundum
1760 2263 1800 2289 la-

1010 2310 1078 2342 vari,
1092 2309 1129 2336 ait
1142 2309 1235 2335 enim:

1046 2366 1076 2394 Si
1096 2367 1127 2393 de
1152 2366 1281 2400 sanguine
1297 2366 1368 2392 illius
1391 2366 1468 2392 restis
1483 2365 1560 2400 fuerit
1580 2372 1697 2398 aspersa.
1720 2363 1746 2389 Id
1761 2369 1801 2391 cst

1012 2421 1085 2445 caro,
1110 2412 1167 2446 ipsa
1184 2416 1224 2439 est
1246 2412 1318 2438 enim
1335 2412 1419 2438 vestis
1438 2411 1577 2438 interioris
1595 2409 1723 2440 hominis,
1740 2417 1801 2443 qua:

1012 2459 1034 2487 si
1061 2465 1171 2493 aspersa
1198 2457 1288 2490 fuerit,
1315 2457 1350 2484 ibi
1370 2457 1501 2483 luwbilur
1523 2456 1550 2482 iu
1572 2455 1626 2481 loco
1653 2458 1759 2486 sancto,
1775 2454 1801 2481 id

1014 2504 1118 2531 esthoc
1132 2503 1219 2538 ipsum
1235 2503 1307 2537 quod
1322 2502 1484 2537 aspergitur,
1503 2501 1648 2534 lavabitur,
1669 2508 1723 2527 non
1738 2500 1801 2535 quia

1014 2550 1178 2576 maculatum
1191 2554 1232 2576 cst
1245 2549 1419 2583 aspersione:
1433 2548 1453 2574 si
1467 2547 1539 2574 enim
1556 2547 1591 2574 ita
1607 2550 1690 2579 esset,
1707 2546 1801 2582 utique

1014 2595 1126 2623 dixisset
1141 2595 1182 2622 vel
1197 2595 1341 2629 adiecisset
1359 2594 1423 2621 illud
1437 2602 1444 2625 ;
1465 2593 1511 2620 sed
1533 2594 1584 2620 hoc
1598 2593 1670 2628 quod
1687 2593 1802 2620 eﬁicitur

1014 2641 1048 2668 ab
1072 2640 1128 2674 ipsa
1155 2639 1321 2674 aspersione,
1345 2639 1506 2665 lavationem
1531 2638 1679 2673 appellavit
1700 2637 1802 2665 inloco

1014 2687 1111 2713 factam
1139 2690 1242 2718 sancto,
1265 2685 1290 2711 in
1316 2685 1396 2712 domo
1419 2684 1542 2719 mystica.
1566 2683 1683 2718 Spiritus
1699 2691 1763 2719 ergo
1779 2683 1800 2710 si

1012 2732 1073 2767 quis
1086 2731 1163 2759 fortis
1178 2732 1249 2758 lotus
1264 2730 1354 2763 fuerit,
1373 2730 1443 2757 sicut
1463 2734 1536 2760 sunt,
1552 2730 1626 2757 verbi
1639 2729 1735 2764 gratia,
1751 2736 1801 2764 pa—

1013 2785 1142 2812 ganorum
1172 2777 1352 2812 aspcrsiones,
1382 2783 1436 2803 non
1471 2776 1586 2807 lavatur,
1618 2775 1681 2810 quia
1696 2782 1752 2801 non
1773 2774 1800 2801 in

1013 2823 1072 2851 loco
1085 2827 1180 2850 saneto
1200 2822 1388 2857 aspersionem
1411 2829 1498 2855 nejue
1519 2821 1686 2848 ablutionem
1706 2826 1799 2847 susce-
