2052 3146
245 187 301 222 855

245 247 295 281 pit.
328 246 391 274 llaec
418 254 482 282 ergo
507 247 654 283 legislator.
688 249 858 284 baptismatis
877 259 1031 280 sermonem
1049 254 1069 281 Α

246 291 341 318 volens
357 291 548 323 introducere,
569 292 645 319 dixit.
664 292 811 322 Evidenter
829 300 921 322 autem
939 297 1035 331 proxi-

245 344 307 363 mus
335 340 377 363 est
415 337 513 364 rationi
544 339 711 372 poenitentiae
740 348 830 369 sermo
853 342 1034 377 baptismatis,

246 382 318 409 unde
332 382 452 411 Joannes
468 385 656 419 paenitentiam
676 387 823 421 prmdicare
848 389 992 424 incipiens,
1008 390 1035 417 in

246 429 439 463 praedicatione
461 439 509 457 sua
526 431 660 459 inferebat
681 434 888 468 baptismum”,
909 440 938 462 ut
960 436 1035 463 vide—

245 475 310 503 licet
333 477 462 512 mysterio
492 478 660 512 poenitentire
682 479 708 506 in
735 480 897 514 baptismate
919 481 1036 508 habente

245 523 435 551 substantiam.
460 523 514 551 Sed
541 525 573 551 ad
597 533 627 552 ca
644 533 703 560 qua:
720 527 922 561 subsequuntur
940 534 1036 563 proce-

244 570 351 597 damus.

283 617 333 644 Vas
350 623 440 645 autem
462 618 544 653 ﬁctile
570 620 661 656 inquo
676 628 748 648 cocta
767 626 815 653 est,
846 622 1034 656 confringelur.

245 661 322 694 Quod
337 664 360 690 si
377 673 421 691 vas
436 672 549 698 teneant,
563 666 745 700 defricubitur,
761 672 784 693 et
804 667 938 693 [arabitur
953 677 1034 702 aqua.

247 706 324 737 Quod
346 711 388 734 est
415 713 505 735 autem
528 718 574 737 vas
595 710 685 743 ﬁctile,
704 714 731 737 ct
747 711 792 738 ubi
814 712 916 746 iacens,
937 712 1037 739 Paulus

249 753 368 780 ostendit
397 762 459 780 cum
486 755 572 782 dicit:
601 755 633 782 In
656 765 752 791 magna
780 762 868 784 autem
887 758 963 784 domo
986 767 1037 785 non

248 798 333 825 solum
355 805 415 827 sunt
430 810 494 829 vasa
512 811 594 830 aurea
611 808 635 830 et
651 808 785 839 argentea,
800 803 844 830 sed
860 808 884 830 et
899 804 996 838 ligucu.
1013 810 1038 832 ct

248 844 352 878 ﬁctilia,
375 849 498 882 quwdnm
521 850 624 884 quidem
651 850 677 876 in
691 851 797 882 honore,
817 850 937 884 qumdum
950 855 1037 877 auten

248 892 277 918 in
296 893 453 920 contumelia
463 894 494 921 *9.
521 894 549 922 In
572 898 765 925 contumeliam
791 898 917 925 videlicet
929 904 960 924 ea
978 903 1038 931 quas

249 942 313 965 sunt
335 938 437 966 ﬁctilia.
466 940 588 976 Magnam
607 947 696 970 autem
720 944 842 976 domum,
863 948 958 978 utpote
978 951 1038 978 quin

248 983 346 1012 domus
372 985 419 1012 Dei
440 991 492 1021 est,
511 987 659 1016 Ecclesiam
685 989 830 1021 intellexit,
850 990 876 1017 in
890 998 942 1025 qua
958 998 1039 1017 aurea

249 1035 314 1056 Vasa
332 1035 358 1058 et
372 1035 500 1066 argentea
513 1032 591 1068 justi,
603 1035 692 1062 ﬁctilia
702 1040 859 1071 peceatores
870 1035 1039 1063 snnt.Dixit-

248 1083 302 1110 que
330 1077 431 1112 quippe
457 1083 484 1105 et
508 1079 589 1107 Isaias
616 1081 650 1108 de
675 1081 844 1110 Jerusalem:
865 1081 955 1109 Veniet
979 1090 1041 1109 conv

249 1122 321 1149 tritio
349 1123 416 1157 cjus,
447 1129 471 1151 et
500 1127 689 1154 comminuetur
703 1128 768 1154 sicut
786 1129 929 1155 conteritur
946 1128 1040 1163 lagona

248 1168 324 1203 ﬁguli
357 1171 512 1198 contritione
543 1173 700 1206 pervalida,
729 1165 816 1200 etnon
840 1175 989 1201 invenietur
1009 1175 1041 1201 de

249 1215 404 1249 fragmentis
419 1217 476 1250 cjus
494 1221 570 1250 testa,
593 1219 620 1244 in
639 1227 691 1253 qua
716 1224 836 1253 portetur
860 1220 990 1255 igniculus
1009 1220 1041 1246 zlc

248 1259 377 1291 inccndio,
394 1267 441 1287 aut
454 1262 594 1289 liauriutur
604 1271 699 1297 parum
714 1272 790 1299 aqum
807 1266 838 1291 (te
850 1265 922 1300 fovea
931 1265 1041 1299 “.Ergo

248 1303 311 1338 quia
325 1312 389 1332 vasa
403 1305 429 1331 in
444 1306 544 1341 quibus
566 1315 663 1335 carnes
688 1308 811 1336 sacriﬁcii
828 1314 994 1344 coquuntur,
1013 1300 1043 1335 in-

250 1349 350 1384 templo
377 1355 451 1383 sunt,
474 1359 534 1379 esse
559 1356 650 1380 autem
672 1353 697 1380 in
726 1355 826 1388 templo
853 1354 899 1380 Dei
915 1355 1040 1388 quadam

248 1393 355 1422 inﬁrma
371 1403 434 1423 vasa
462 1403 494 1423 ex
514 1397 650 1431 prmdictis
663 1398 819 1433 apostolicis
840 1398 931 1425 verbis
949 1403 1042 1425 osten-

249 1441 349 1473 dimus,
373 1443 529 1478 quicunque
553 1448 595 1471 est
622 1445 648 1471 in
673 1445 773 1480 templo
787 1453 833 1473 vas
847 1445 938 1477 ﬁctile,
957 1445 983 1472 id
1000 1448 1042 1472 est

249 1485 374 1514 inﬁrmus
397 1487 531 1523 quispiam
548 1495 575 1516 et
589 1489 724 1522 sordidus,
743 1494 770 1516 et
785 1490 830 1525 qui
848 1490 873 1516 iu
902 1490 1042 1524 peccando

249 1534 474 1561 consuetudinem
501 1535 573 1566 fecit,
597 1540 670 1562 utcx
694 1536 755 1568 hoc,
772 1536 841 1563 sicut
854 1542 960 1564 amator
977 1544 1042 1571 pec-

249 1582 384 1611 catorum,
407 1587 454 1606 vas
473 1581 646 1608 contumeliae
668 1582 834 1614 nominetur,
861 1587 939 1609 cocto
956 1584 1041 1609 sacri-
1057 1599 1080 1630 ο

251 1623 322 1658 ﬁcio,
346 1633 395 1660 per
422 1627 494 1661 quod
516 1632 690 1661 peccatorum
711 1628 886 1662 dispensatur
903 1628 1041 1661 remissio,

251 1675 395 1706 propterea
422 1673 603 1708 confringitur
629 1673 686 1700 sive
715 1674 885 1707 conteritur,
903 1675 965 1710 quia
981 1683 1043 1702 cum

251 1722 325 1745 esset
349 1718 483 1751 inﬁrmus,
507 1719 577 1747 bona
601 1720 672 1747 male
693 1720 816 1755 percepit
833 1730 840 1747 :
861 1721 956 1748 videns
970 1721 1044 1748 enim

253 1769 364 1800 peccata
383 1765 492 1797 dimitti,
512 1771 588 1801 putat
603 1775 712 1802 semper
733 1767 815 1794 licere
834 1775 957 1802 peccare,
970 1772 997 1796 et
1013 1775 1045 1794 ex

253 1819 287 1838 eo
299 1811 370 1846 quod
395 1813 517 1847 juvatur,
537 1813 620 1840 altera
640 1813 714 1841 laesio
733 1818 761 1841 et
776 1814 905 1841 contritio
929 1813 1045 1841 inﬁrmi-

256 1859 318 1885 tatis
333 1859 469 1886 iuvenitur
484 1860 605 1887 alterius.
621 1859 783 1896 Quicunque
803 1866 894 1888 autem
911 1861 987 1889 fortis
1005 1866 1046 1889 est

256 1907 286 1931 ut
305 1912 354 1937 aes,
377 1909 404 1932 et
432 1906 581 1940 aeruginem
619 1907 723 1941 peccati
763 1915 819 1935 non
859 1907 974 1939 habens,
1003 1908 1048 1935 hic

254 1951 379 1979 coctione
388 1953 555 1987 paenitentiae
563 1961 617 1980 non
629 1958 795 1986 conteretur,
818 1962 907 1989 neque
924 1954 1047 1982 confrin-

255 2004 342 2035 getur,
358 2000 405 2027 sed
420 2000 567 2027 defricatur
578 2001 635 2028 sive
647 2002 805 2036 cxtengitur,
819 2001 844 2028 id
857 2005 910 2035 est,
920 2002 1045 2029 diluitur.

255 2045 290 2073 Et
309 2046 448 2081 quomodo
476 2047 612 2074 diluitur?
634 2048 710 2082 Aqua
734 2048 806 2075 lotus
827 2056 835 2075 :
855 2048 953 2076 videns
974 2048 1047 2075 enim

255 2091 339 2119 alium
367 2092 556 2127 pmnitentem,
587 2098 713 2120 movetur
734 2094 767 2121 ad
795 2094 1047 2129 compnnctionem,

257 2142 285 2166 et
306 2139 453 2165 mundatur
481 2146 551 2174 aqua
571 2139 751 2175 lacrymarum
778 2140 859 2167 lotus.
887 2140 942 2167 Cur
957 2144 1048 2167 autem

257 2183 369 2211 alterius
393 2184 553 2219 pmnitentia
579 2185 659 2220 coqui
675 2185 702 2212 in
722 2186 803 2218 vasis,
820 2194 880 2221 qua;
902 2186 928 2213 in
946 2186 1047 2221 templo

257 2234 320 2257 sunt
356 2231 513 2264 constituta,
545 2231 667 2259 dicitur?
699 2231 767 2265 Quia
784 2232 810 2259 hi
826 2232 871 2268 qui
893 2237 977 2268 agunt
992 2241 1049 2267 po:-

257 2275 411 2308 nitentiam,
434 2277 616 2305 necessariam
628 2278 663 2305 ad
684 2278 850 2312 adjutorium
868 2279 970 2306 habent
984 2287 1047 2306 ora-
1065 2276 1085 2304 D

257 2324 359 2351 tionem
387 2324 492 2359 populi,
516 2325 616 2360 quibus
635 2329 779 2352 attestatur
797 2325 916 2352 Jacobus
935 2325 1049 2353 dicens:

257 2369 424 2406 Conﬁtcmini
440 2370 597 2399 alterutrum
617 2376 724 2407 peccata
744 2376 841 2404 vestra,
860 2376 883 2398 et
903 2376 977 2399 orate
1005 2380 1053 2406 pro

258 2418 368 2445 invicem
386 2423 413 2445 ut
430 2418 610 2446 sulvemini".

293 2464 383 2492 Omnis
404 2466 537 2493 masculus
565 2466 597 2493 de
624 2474 716 2502 genere
737 2465 913 2498 sacerdotali,
936 2469 1054 2492 vescatur

259 2511 382 2538 carniqu
392 2511 459 2545 ejus,
480 2512 542 2546 quia
560 2511 687 2538 Sanctum
710 2516 862 2538 sanctorum
883 2516 931 2538 cst.
953 2510 980 2537 Id
997 2514 1050 2542 est,

260 2554 313 2581 hoc
334 2555 408 2590 quod
430 2556 550 2590 pertinet
573 2557 606 2589 ad
633 2557 799 2592 pcenitcnlia:
817 2557 964 2589 actionem,
989 2556 1051 2583 forti

260 2601 333 2628 enim
361 2609 430 2636 opus
453 2607 495 2630 est
514 2611 595 2631 sensu
614 2608 641 2630 ct
659 2603 727 2630 virili
744 2603 898 2630 intentione
922 2602 990 2629 nihil
1013 2601 1054 2629 fe-

262 2648 382 2677 mineum
402 2657 491 2685 neque
511 2650 611 2677 ﬂuxum
632 2650 760 2680 habente.
790 2650 817 2676 in
841 2649 945 2684 agenda
968 2649 1056 2683 pecni-

263 2698 360 2725 tentia.
376 2697 530 2724 Notandum
554 2701 654 2725 autem.
673 2696 734 2730 quia
755 2695 916 2723 sacriﬁcium
942 2694 1052 2729 quidem

263 2751 325 2770 eum
339 2743 385 2778 qui
398 2743 496 2771 oﬁeret
510 2743 677 2770 sacerdotem
695 2742 762 2769 dixit
776 2742 920 2769 comedere
934 2750 939 2767 :
960 2747 1057 2768 carnes

264 2793 353 2816 autem
381 2789 504 2817 sacriﬁcii
528 2796 623 2815 omnes
649 2787 785 2815 masculos
808 2787 841 2814 de
858 2786 1056 2813 sacerdotibus.

300 2900 432 2938 "qtlattb.
449 2912 490 2936 Ill,
521 2904 536 2930 S
549 2911 624 2938 se“.

672 2902 692 2917 ‘3
705 2901 726 2928 ll
751 2900 822 2927 Tim.
845 2905 875 2932 tl,
891 2899 936 2926 20.

267 2941 303 2969 Iv,
316 2936 362 2965 Ξί.

843 197 1024 227 HESYCHII
1045 198 1283 229 PRESBYTER!

986 2896 1007 2911 "
1021 2896 1062 2923 lsa
1094 2903 1156 2925 xxx,
1173 2890 1214 2918 Η.

1831 197 1883 230 856

1085 255 1111 281 id
1131 258 1182 287 est,
1208 262 1318 282 onmem
1339 255 1373 283 de
1397 255 1558 291 cognatione
1578 253 1751 282 sacerdotum
1775 262 1883 282 mascu-

1089 302 1155 334 lum,
1176 301 1248 337 quod
1273 301 1380 328 videtnr
1407 309 1467 328 esse
1486 298 1654 328 contrarium
1680 299 1771 335 aliquo
1789 301 1880 334 modo,

1088 347 1140 374 nisi
1161 347 1327 382 competenti
1346 347 1516 382 expositione
1541 346 1672 374 solvatur.
1697 346 1881 379 Quamobrem

1088 393 1257 421 sacerdotem
1285 393 1394 428 quidem
1424 392 1584 419 offerentem
1613 391 1748 426 integrum
1775 391 1882 419 sacriﬁ-

1087 439 1171 470 cium,
1195 442 1222 466 et
1252 438 1440 466 comedentcm
1472 437 1599 472 intelligis
1636 436 1787 464 Christum.
1821 437 1882 472 Ipse

1087 485 1178 508 autent
1199 486 1319 508 nostram
1342 481 1437 508 olIcret
1458 481 1654 516 pmnitentiam,
1671 481 1728 515 ipse
1748 485 1774 507 et
1788 489 1881 508 come-

1087 528 1142 559 det,
1157 528 1220 562 quia
1236 527 1326 554 cibum
1341 527 1455 554 salutem
1471 533 1643 561 peccatorum
1661 528 1754 554 habet.
1777 527 1881 554 Carnes

1088 578 1178 601 autem
1205 573 1341 606 sacriﬁcii,
1364 581 1425 608 quae
1454 574 1591 608 pertinent
1616 573 1650 600 ad
1677 573 1879 608 poanitentiam,

1087 620 1177 647 omnis
1199 619 1335 647 masculus
1352 619 1385 647 de
1413 619 1601 647 sacerdotibus
1619 620 1754 651 comedet,
1769 627 1880 646 onmem

1088 665 1275 692 fortitudinem
1301 665 1497 693 convenienter
1515 665 1658 698 exhibens,
1681 665 1724 692 cui
1747 671 1820 691 recte
1839 665 1881 691 di-

1088 715 1183 738 catur:
1202 710 1316 737 Viriliter
1334 719 1393 745 age.
1408 715 1431 737 ct
1454 711 1603 746 confortarc
1626 715 1650 737 et
1674 711 1772 738 sustine
1791 710 1882 737 Domi-

1089 756 1190 783 num“.
1217 756 1250 784 Et
1263 757 1321 784 hmc
1346 757 1453 790 quidem
1468 757 1503 784 ita
1521 765 1550 783 se
1564 757 1675 784 habent.
1704 756 1757 784 Sed
1770 756 1881 783 intuen-

1089 801 1152 827 dum
1170 807 1221 833 cst,
1238 809 1318 836 quem
1337 801 1489 828 subinterat
1506 801 1664 828 terminum.

1120 847 1213 873 Hostia
1225 847 1292 873 cnim
1306 855 1364 882 qum
1378 847 1488 874 creditur
1497 855 1543 881 pro
1554 852 1669 881 peccato,
1685 847 1762 881 cujus
1774 848 1884 882 sanguis

1089 894 1202 929 infertur
1220 895 1247 920 in
1268 893 1438 920 tabernaculo
1454 893 1606 923 testimonii,
1622 893 1656 919 mi
1681 893 1840 926 expiandum
1856 893 1883 918 in

1090 940 1253 971 sanctuario,
1275 948 1324 966 non
1346 940 1506 971 comedctur,
1525 940 1573 966 scd
1590 938 1754 965 comburetur
1772 938 1834 974 igni.
1852 937 1885 965 Et

1091 987 1169 1019 cuius
1186 986 1297 1020 sanguis
1315 993 1363 1020 pro
1384 990 1495 1020 peccato
1516 986 1543 1012 in
1563 984 1737 1012 tabernaculo
1759 984 1884 1011 testimo-

1091 1033 1129 1060 nii
1143 1033 1177 1060 ad
1192 1032 1355 1067 expiandum
1372 1040 1419 1059 seu
1434 1031 1635 1066 deprecandum
1650 1030 1783 1057 oﬁ'ertur?
1801 1029 1883 1057 Vituli

1091 1079 1195 1106 scilicet
1222 1077 1441 1113 congregationis
1481 1077 1539 1103 sive
1569 1076 1736 1111 Sylmgogze,
1772 1076 1798 1103 id
1842 1079 1886 1103 est

1091 1123 1178 1155 vituli,
1205 1131 1253 1158 pro
1277 1128 1389 1158 peccato
1404 1122 1552 1158 pontiﬁcis,
1572 1122 1623 1148 hoc
1638 1121 1711 1147 enim
1726 1119 1886 1155 plenissime

1092 1169 1218 1203 superius
1231 1169 1309 1195 dixit.
1327 1168 1396 1201 Quia
1411 1175 1477 1202 ergo
1493 1167 1537 1194 illa
1561 1166 1693 1193 sacriﬁcia
1709 1165 1802 1192 multis
1820 1173 1885 1200 pro-

1092 1215 1248 1242 bationibus
1282 1214 1315 1241 ad
1353 1214 1494 1241 Christum
1523 1211 1693 1240 ostendimus
1724 1211 1883 1247 pertinere,

1093 1265 1166 1287 recte
1191 1267 1222 1286 ea
1242 1259 1346 1286 comedi
1372 1267 1426 1285 non
1447 1258 1586 1293 przecepit,
1607 1258 1654 1284 sed
1671 1258 1732 1292 igne
1749 1256 1883 1284 comburi.

1091 1305 1186 1340 Neque
1216 1304 1287 1331 enim
1317 1312 1367 1339 per
1395 1312 1437 1336 ea,
1463 1311 1508 1338 per
1533 1311 1593 1338 quae
1617 1303 1667 1330 sibi
1698 1302 1887 1336 unusquisque

1093 1351 1280 1378 remissionem
1307 1356 1479 1386 peccatorum
1505 1349 1639 1384 proliigat,
1666 1355 1715 1382 per
1737 1347 1884 1381 jejunium,

1092 1397 1166 1424 verbi
1189 1397 1283 1432 gratia,
1303 1401 1349 1424 aut
1364 1397 1468 1432 vigilias
1487 1396 1528 1423 vel
1542 1395 1621 1422 aliam
1637 1394 1754 1421 similem
1769 1401 1886 1420 convcr-

1093 1443 1237 1474 sationem,
1262 1442 1333 1469 unde
1350 1446 1377 1469 et
1396 1442 1454 1468 lure
1478 1444 1578 1468 nostrae
1607 1439 1698 1467 carnis
1718 1438 1888 1474 pmnitentia:

1093 1488 1240 1515 dicuntur:
1268 1495 1319 1514 nec
1348 1495 1411 1522 ergo
1439 1495 1486 1522 per
1508 1487 1566 1513 haec
1590 1485 1716 1513 Christus
1733 1485 1888 1512 communis

1094 1533 1196 1568 peccati
1229 1533 1267 1567 (id
1295 1538 1335 1560 est
1365 1532 1475 1559 immani
1505 1531 1632 1567 generis,
1665 1531 1737 1565 quod
1769 1530 1889 1564 pOpulus
1915 1542 1918 1546 ~

1095 1578 1227 1613 signiﬁcat
1246 1583 1274 1605 et
1295 1577 1394 1604 suunni
1419 1577 1568 1604 sacerdotis
1601 1583 1729 1611 persona,
1751 1575 1797 1610 qui
1824 1575 1888 1610 quia

1096 1627 1195 1659 praeest
1213 1622 1323 1658 populo,
1335 1623 1444 1657 propria
1462 1622 1527 1649 facit
1541 1622 1635 1656 utique
1652 1621 1744 1656 populi
1764 1620 1888 1655 pecrala)

1095 1670 1199 1706 peragit
1212 1668 1413 1700 remissionem,
1430 1668 1477 1694 sed
1493 1667 1655 1694 auctoritate
1669 1671 1695 1693 et
1712 1666 1811 1692 virtute
1825 1673 1891 1700 pro-

1095 1718 1161 1752 priae
1179 1715 1341 1743 divinitatis.
1367 1714 1468 1741 Christi
1493 1714 1566 1740 enim
1582 1713 1734 1748 passiones,
1752 1720 1801 1746 per
1822 1719 1891 1746 quas

1095 1763 1173 1790 nobis
1190 1761 1314 1789 remissio
1329 1765 1500 1796 procuratur,
1523 1766 1578 1785 non
1595 1758 1713 1785 hominis
1728 1758 1889 1792 cujusquam

1096 1809 1167 1845 puri,
1185 1808 1232 1835 sed
1250 1807 1296 1834 Dei
1311 1811 1375 1834 sunt
1388 1804 1533 1833 incarnati.
1549 1804 1664 1839 Propter
1678 1803 1749 1837 quod
1770 1810 1826 1828 non
1845 1806 1890 1828 est

1096 1855 1199 1883 esibilis
1216 1853 1384 1884 hominibus,
1397 1852 1444 1880 sed
1460 1852 1521 1887 igne
1533 1850 1715 1890 consumitpr,
1730 1848 1791 1883 quia
1806 1848 1893 1874 solius

1097 1902 1143 1928 Dei
1165 1905 1206 1928 est
1232 1899 1420 1927 remissionem
1441 1896 1515 1924 omni
1543 1895 1665 1930 prmhere
1690 1903 1739 1922 suo
1754 1892 1892 1928 plasmati,

1098 1947 1169 1982 quod
1185 1953 1233 1981 per
1250 1946 1340 1980 ignem
1363 1941 1507 1978 signiﬁcat.
1538 1940 1606 1967 Deus
1630 1939 1703 1967 enim
1720 1943 1807 1966 noster
1823 1939 1894 1973 ignis

1098 2000 1249 2020 consumens
1261 1995 1298 2018 est
1307 1990 1339 2017 ⁵⁸.

1398 2032 1510 2061 CAPUT
1537 2030 1592 2059 Vll.

1134 2084 1215 2111 Vens.
1235 2081 1294 2108 1-7.
1315 2091 1323 2106 ι
1342 2080 1405 2107 ιιιθο
1420 2085 1529 2114 quoque
1548 2081 1591 2104 est
1605 2076 1647 2103 lex
1664 2074 1760 2102 hostia:
1778 2081 1828 2109 pro
1847 2074 1896 2100 de-

1101 2130 1174 2160 licto,
1185 2129 1314 2156 Sanctum
1324 2131 1480 2153 sanctorum
1490 2130 1546 2157 est;
1557 2124 1670 2154 idcirco,
1683 2123 1727 2149 ubi
1738 2122 1898 2148 immolatur

1101 2175 1302 2203 holocaustum,
1329 2170 1491 2198 mactabitur
1516 2173 1543 2197 et
1566 2169 1675 2196 victima
1698 2176 1746 2203 pro
1774 2167 1896 2199 delicto;

1102 2223 1212 2259 sanguis
1227 2223 1286 2257 ejus
1298 2228 1347 2256 per
1359 2227 1453 2255 gyrum
1468 2219 1597 2246 lundetur
1611 2217 1714 2245 altaris.
1731 2216 1853 2244 (merent
1866 2223 1898 2242 ex

1101 2279 1132 2299 ea
1152 2269 1278 2301 caudam,
1298 2272 1325 2295 et
1347 2267 1454 2302 adipem
1472 2265 1520 2300 qui
1542 2264 1631 2300 operit
1653 2263 1755 2295 vitalia,
1769 2262 1839 2288 duos
1855 2270 1900 2288 re-

1106 2315 1250 2347 nnnculos,
1267 2318 1294 2341 et
1307 2312 1511 2349 pinguedinem,
1534 2318 1594 2345 quae
1614 2310 1690 2344 juxta
1707 2308 1751 2334 ilia
1767 2312 1818 2339 est,
1835 2307 1901 2333 reli-

1107 2364 1252 2398 culumque
1273 2361 1374 2396 jccoris
1393 2368 1455 2386 cum
1481 2357 1650 2389 renuncnlis,
1672 2361 1700 2384 et
1725 2356 1846 2382 adolebit
1870 2342 1921 2381 ea,

1107 2409 1235 2437 sacerdos
1259 2415 1340 2442 super
1360 2407 1464 2433 altare:
1491 2406 1631 2432 incensum
1655 2408 1697 2430 est
1722 2402 1828 2429 Domini
1854 2409 1902 2436 pro

1108 2457 1220 2484 delicto.
1234 2455 1329 2483 Omnis
1352 2453 1490 2481 masculus
1513 2452 1545 2479 de
1562 2450 1721 2478 sacerdotali
1745 2456 1855 2484 genere,
1874 2448 1901 2474 in

1107 2503 1166 2530 loco
1188 2506 1282 2530 sancto
1306 2505 1432 2528 vescctur
1462 2499 1504 2525 his
1531 2497 1670 2526 carnibus,
1689 2495 1752 2530 quia
1769 2495 1902 2521 Sanctum

1105 2553 1261 2575 sanctorum
1295 2550 1347 2573 est.
1385 2545 1418 2572 Et
1457 2544 1526 2571 sicut
1563 2551 1612 2578 pro
1649 2545 1762 2577 peccato
1788 2539 1906 2566 oﬁ'crtnr

1105 2593 1217 2624 hostia,
1258 2592 1293 2619 ita
1335 2595 1363 2618 et
1399 2598 1449 2625 pro
1486 2588 1765 2622 delicto;utriusque
1807 2584 1906 2611 bestia:

1107 2650 1161 2668 nua
1179 2641 1221 2667 lex
1236 2639 1298 2670 erit,
1316 2638 1356 2665 Ad
1372 2637 1542 2664 sacerdotem
1558 2635 1603 2670 qni
1617 2643 1677 2661 eam
1695 2631 1826 2661 obtulerit
1841 2638 1907 2666 per-

1109 2687 1214 2715 tinebit.
1237 2695 1246 2711 ›

1149 2734 1280 2761 Delictum
1307 2730 1452 2766 aliquando
1479 2729 1589 2764 quidem
1615 2726 1784 2763 recognitum
1808 2731 1907 2759 pecca-

1113 2787 1170 2808 tum
1190 2783 1278 2810 vocat,
1303 2777 1448 2812 aliquando
1473 2781 1565 2803 autem
1584 2774 1660 2806 illud,
1679 2773 1750 2808 quod
1768 2772 1794 2798 in
1816 2771 1908 2806 ipsum

1251 2890 1275 2906 ”
1288 2889 1344 2917 Jac.
1362 2897 1388 2923 ν,
1408 2888 1450 2916 ίϐ.
1490 2888 1510 2903 ’⁸⁵
1525 2887 1596 2914 Pral.
1614 2893 1687 2915 xxvi,
1703 2883 1743 2910 Η.
1783 2883 1807 2898 τ’
1822 2881 1905 2908 Deut.
