2052 3146
187 197 239 230 857

763 199 804 229 IN
823 201 1042 231 LEVITiCUM.
1063 213 1096 219 λυ
1115 202 1187 231 LlB.
1209 202 1251 232 Π.

1765 201 1818 234 853

186 253 366 283 committitur
383 253 479 285 Deum,
493 254 564 282 sicut
578 254 643 281 illud
658 255 729 289 quod
752 255 781 282 in
796 257 898 283 sanctis
915 265 976 291 per-
990 262 1013 288 Α
1028 258 1180 285 ﬁcationem
1204 259 1355 294 signiﬁcat,
1378 267 1438 294 qua:
1463 259 1542 286 nobis
1567 258 1692 286 ordinata
1715 263 1756 286 est
1783 259 1818 284 ad

185 305 319 336 petratur,
344 300 574 335 quemadmodum
592 301 717 335 superius
737 301 917 328 ostendimus.
938 302 976 329 De

185 345 229 372 his
250 353 347 372 rursus
373 352 490 379 praesens
520 345 596 372 locus
623 344 698 371 dicit.
732 344 906 371 Manifestum
935 349 977 372 cst

183 395 275 418 autem
290 398 322 418 ex
339 398 381 421 eo.
403 391 475 425 quod
497 395 524 417 et
544 398 594 424 pro
617 391 678 422 hoc,
693 391 843 417 secundum
862 391 934 425 quod
950 395 976 418 et

182 435 255 463 LXX
278 436 432 470 specialiter
456 436 559 467 dicunt,
590 436 701 462 arietem
721 436 811 463 ollerri
835 435 973 470 prazcepit.

183 479 237 506 Sed
254 486 282 506 et
297 479 324 506 in
341 487 396 514 quo
416 480 637 507 communionem
654 480 736 507 habet
751 488 813 507 cum
831 481 975 508 sacriﬁciis

181 525 296 552 aliorum
318 530 500 560 peccatorum,
525 530 553 552 et
568 526 594 552 in
613 533 667 560 quo
683 533 778 552 rursus
799 526 890 553 diﬂert
907 526 972 553 sub-

179 571 262 598 tiliter
283 571 459 599 discutientes
473 572 654 599 inveniemus.
917 600 921 605 ,

216 617 280 644 Han:
304 625 404 652 quoque
429 622 467 644 est
482 617 524 644 lea:
547 618 638 645 hostia:
661 626 708 652 pro
727 618 831 644 delicto.
858 617 886 644 ln
918 625 972 652 quo

179 662 250 689 LXX
281 664 394 690 arietem
426 663 589 698 specialiter,
623 669 652 691 ut
678 671 760 698 supra
792 664 896 690 dictum
917 668 969 695 est,

177 714 375 743 expresserunt
390 709 530 737 dicentes:
557 709 621 736 llwc
636 715 672 736 est
688 710 730 737 lca:
750 711 840 737 arietis
852 719 899 744 pro
917 719 970 745 ρω-

176 755 300 785 nitentia.
317 755 415 782 Sancta
438 762 590 783 sanctorum
605 761 674 783 sunt.
691 756 723 783 In
746 756 800 783 loco
815 765 865 791 quo
876 757 970 783 immo-

177 800 270 827 labant
287 801 512 834 ltolocautomata,
538 803 699 837 jugulabunt
724 807 747 829 et
762 803 871 829 arietem
886 802 968 836 pomi-

175 847 266 873 teutitz
278 852 369 873 contra
388 847 472 874 Deum
489 853 511 874 et
533 849 687 882 sanguinem
710 848 791 882 ipsius
811 849 919 882 fundent
933 848 968 874 ad

175 892 261 918 basim
276 892 370 920 altaris
388 894 415 919 in
433 894 556 922 circuitu.
573 894 635 920 Ihec
651 901 716 928 ergo
735 894 888 920 communia
904 897 968 920 sunt

174 944 238 963 cum
252 937 394 969 sacriﬁcio,
411 938 483 972 quod
498 946 548 973 pro
569 938 622 964 alio
641 938 686 965 illo
709 943 819 972 peccato
840 938 965 965 oﬁ‘ertur.
984 933 1004 959 Β

174 981 290 1017 Propter
305 986 377 1019 quod
390 992 422 1012 ea
438 985 475 1012 ibi
495 985 682 1020 interpretata,
704 985 747 1012 hic
770 990 842 1012 recte
854 990 966 1020 pra-lter-

173 1029 328 1057 mittentur.
346 1030 415 1062 Quid
435 1035 526 1057 autem
542 1031 584 1058 his
603 1031 718 1062 addidit,

209 1072 305 1107 Oﬂ'eret
319 1082 351 1100 ex
365 1082 395 1100 ea
411 1074 533 1104 caudam.
551 1078 575 1100 et
592 1074 695 1108 adipem
711 1074 848 1109 quioperit
861 1074 964 1106 vitalia,

173 1118 240 1144 duos
256 1118 421 1148 ranunculos,
438 1123 461 1144 ct
475 1119 670 1152 pinguedinem,
688 1119 833 1153 qutejuxta
854 1119 902 1145 ilia
916 1123 964 1151 est,

173 1161 366 1197 reticulumque
383 1163 482 1198 jecoris
501 1171 560 1190 cum
581 1164 740 1196 ranunculis,
766 1169 789 1190 et
805 1164 918 1190 adolcbit
934 1172 965 1190 ea

172 1215 254 1240 super
269 1207 356 1234 altare
378 1209 509 1241 sacerdos,
536 1209 670 1235 incensth
684 1214 720 1235 es!
739 1209 845 1235 Domini
859 1218 906 1243 pro
921 1210 966 1236 de-

173 1252 247 1279 licta.
277 1253 356 1285 Quod
387 1254 459 1281 LXX
490 1255 530 1282 sic
555 1255 663 1282 edunt:
682 1255 715 1281 Et
736 1263 839 1282 onmem
860 1256 965 1290 adipan

173 1298 232 1333 ejus
248 1300 350 1333 auferet
369 1300 401 1326 ab
419 1308 458 1332 eo,
485 1300 602 1327 lumbum
625 1306 649 1327 et
669 1310 771 1328 onmem
794 1302 898 1335 adipem
919 1302 964 1336 qui

173 1345 259 1377 operit
282 1345 407 1371 interiora
420 1365 428 1377 ,
452 1350 475 1371 et
495 1354 597 1372 omnem
627 1347 733 1381 adipem
751 1348 796 1381 qui
817 1353 853 1374 est
871 1348 899 1373 iu
925 1348 965 1373 iu-

171 1389 323 1420 lcrioribua,
344 1395 368 1417 et
384 1391 448 1418 duos
466 1400 551 1424 renes,
578 1397 602 1419 et
621 1393 726 1427 adipem
747 1394 774 1419 in
789 1394 836 1426 eis,
851 1395 895 1428 qui
927 1399 963 1420 est

172 1435 201 1462 in
233 1436 388 1471 feruoribus,
421 1441 445 1464 ct
481 1438 606 1471 pinnulas
635 1439 732 1472 jccoris
766 1447 825 1466 cum
862 1441 964 1466 renibus

171 1486 197 1508 ct
229 1481 320 1516 offeret
347 1491 378 1509 ea
408 1483 444 1509 ad
472 1483 558 1510 altare
585 1484 706 1511 sacerdos
732 1485 845 1512 hostium
873 1485 964 1512 Domi-

171 1533 216 1553 no.
237 1526 299 1554 Haec
312 1534 481 1562 nequaquam
500 1529 637 1562 pertinent
658 1529 690 1556 ad
705 1529 820 1556 aliorum
836 1535 963 1564 peccato-

171 1579 233 1598 rum
258 1571 399 1604 sacriﬁeia,
430 1577 537 1608 oportet
562 1581 626 1608 ergo
656 1582 687 1601 ea
715 1575 862 1602 discutere.
896 1576 963 1603 lllud

170 1621 264 1644 autem
285 1619 426 1646 intendere
451 1619 526 1653 prius
541 1625 581 1646 est
604 1621 800 1652 necessarium,
817 1622 880 1656 quia
896 1622 963 1649 deli-

170 1667 247 1690 ctum
278 1663 312 1690 ad
348 1663 431 1690 Deum
457 1665 593 1692 refertur:
614 1673 785 1700 qumcunque
814 1672 905 1694 autem
929 1667 963 1694 ad

171 1708 257 1735 Deum
283 1709 449 1741 referuntur,
467 1710 603 1738 difﬁcilem
621 1712 723 1738 habent
744 1713 863 1743 veniam,
879 1713 915 1740 ita
934 1718 964 1740 ut

171 1753 231 1781 Heli
254 1755 316 1781 ﬁliis
334 1755 446 1782 diceret:
463 1755 492 1782 Si
513 1756 589 1783 homo
606 1758 750 1790 peccaverit
774 1759 801 1784 iu
821 1759 961 1792 hominem,

169 1801 258 1828 orabit
267 1809 315 1835 pro
332 1809 381 1828 eo:
394 1802 417 1828 si
431 1810 490 1829 vero
512 1803 539 1829 in
559 1802 641 1830 Deum
659 1805 814 1838 peccaverit,
833 1805 891 1840 quis
915 1814 962 1840 pro

170 1854 201 1873 ιο
225 1847 360 1873 orabit“?
379 1847 538 1875 Necessario
559 1855 624 1883 ergo
645 1849 759 1876 arietant
781 1849 892 1884 ﬁgurant
915 1858 962 1885 ge-

170 1897 277 1919 rentem
295 1893 412 1924 Domini,
432 1893 466 1920 de
485 1901 539 1928 quo
552 1894 655 1921 dictum
682 1899 724 1921 est
743 1904 749 1922 :
779 1895 845 1922 Ecce
873 1896 962 1931 Agnus

171 1938 230 1971 Dei,
253 1947 311 1965 erce
326 1939 371 1973 qui
393 1939 462 1965 tollit
478 1944 613 1973 peccatum
638 1941 768 1972 mundi“,
788 1941 858 1967 sumi
876 1941 902 1967 in
917 1949 961 1968 sa—

170 1982 273 2010 criﬁcio
296 1983 425 2016 diximus,
450 1984 477 2010 in
504 1991 558 2018 quo
573 1985 631 2012 solo
646 1989 706 2021 est,
723 1989 832 2019 peccata
855 1993 916 2020 quae
935 1986 961 2012 in

171 2035 233 2055 eum
249 2030 394 2056 commissa
409 2034 473 2056 sunt
485 2030 615 2057 relaxare.
635 2029 748 2065 Oportet
760 2035 849 2058 autent
865 2031 960 2065 quaeri,

171 2083 255 2109 quare
272 2083 328 2103 non
345 2076 434 2103 omnis
447 2078 517 2104 aries
534 2077 561 2103 in
582 2077 770 2104 holocaustum
786 2077 830 2109 sit,
852 2078 920 2104 sicut
935 2081 962 2104 et

171 2120 283 2151 vitulus.
310 2121 355 2155 qui
375 2129 424 2156 pro
449 2122 550 2156 populo
570 2126 598 2148 et
623 2130 673 2157 pro
697 2122 839 2150 sacerdote
855 2122 963 2149 oblatus

171 2170 223 2198 est,
238 2170 266 2192 et
283 2166 340 2200 ipse
358 2166 430 2192 enim
448 2166 560 2201 ﬁguram
575 2175 669 2202 gerere
683 2167 807 2194 sacriﬁcii
824 2167 962 2202 Unigcniti

171 2215 213 2238 cst
228 2211 369 2245 probatus.
386 2211 439 2238 Sed
454 2212 491 2238 ibi
507 2212 616 2246 quidem
629 2212 690 2246 quia
705 2213 838 2247 generalis
853 2214 961 2247 dispen-

172 2262 229 2284 sata
243 2260 285 2284 est
301 2257 435 2288 remissio,
451 2263 478 2285 et
490 2257 579 2285 omnis
595 2258 706 2284 humani
724 2258 832 2292 generis
853 2262 959 2292 peracta
978 2273 999 2300 ο

171 2307 213 2329 est
226 2303 317 2334 venia,
333 2304 486 2331 necessarie
499 2311 580 2330 omne
592 2303 693 2330 Christi
707 2303 868 2330 sacriﬁcium
880 2303 962 2330 offer-

173 2353 227 2378 tur,
251 2348 297 2376 hic
314 2352 406 2376 autem
429 2349 494 2377 illud
513 2355 554 2377 est
568 2350 641 2385 quod
662 2357 711 2384 pro
734 2350 775 2378 eis
801 2350 840 2382 ﬁt,
863 2350 962 2384 quibus

172 2394 337 2422 sacriﬁcium
365 2400 392 2422 ct
421 2396 547 2423 remissio
584 2401 756 2430 procuratur.
788 2395 963 2430 Qumcunque

172 2448 239 2476 ergo
250 2449 313 2468 cum
327 2447 441 2476 possunt
452 2442 568 2472 salvare,
590 2442 647 2469 haec
665 2442 691 2468 in
705 2442 867 2468 sacriﬁcium
887 2442 962 2468 Chri-

172 2487 206 2514 sti
236 2488 337 2521 suscipi
365 2488 501 2521 lcgislator
521 2488 612 2521 jussit.
629 2488 694 2520 Quae
717 2488 771 2514 sint
796 2492 886 2514 autem
905 2488 962 2514 haec
985 2520 990 2529 I

173 2533 274 2561 Paulus
288 2534 326 2560 ait
340 2553 348 2565 ,
376 2533 470 2560 Pacem
489 2534 628 2568 sequimini
644 2542 701 2560 cum
718 2534 836 2559 omnibus
856 2534 960 2564 dicens,

173 2582 197 2604 et
219 2578 433 2608 sanctimoniam.
461 2577 517 2603 sine
541 2586 592 2610 qua
619 2585 692 2604 nemo
720 2578 813 2604 ridebit
837 2577 961 2604 Deum".

173 2623 251 2656 Quod
267 2627 295 2650 et
307 2631 380 2649 nunc
394 2623 530 2657 legislator
546 2623 706 2658 signiﬁcavit
733 2632 781 2657 per
799 2624 962 2650 antcfactam

173 2668 359 2695 oblationem:
392 2669 552 2695 interiorum
579 2669 652 2695 enim
692 2670 870 2704 cogitationes
899 2674 964 2696 sunt

174 2713 353 2749 intelligibilia
377 2714 517 2746 interiera,
543 2715 642 2749 quibus
670 2723 764 2749 pacem
787 2715 960 2747 habentibus,

174 2767 269 2794 pacem
290 2768 352 2786 cum
377 2761 504 2788 omnibus
529 2760 696 2788 habebimus.
714 2761 856 2788 Oblationc
870 2766 961 2789 autem

175 2806 293 2837 renium,
316 2811 343 2833 et
360 2806 489 2841 pinnulae,
503 2811 530 2833 et
544 2806 642 2841 epotis,
660 2812 684 2833 et
709 2806 841 2833 fernorutn
858 2808 962 2834 sancti-

978 1599 999 1627 C

211 2906 234 2922 ³³
253 2905 261 2932 l
278 2905 345 2941 ltcg.
373 2915 400 2939 ιι⁷
417 2908 462 2934 ἳέἱ.
500 2908 610 2936 l”.'oan.
626 2916 644 2940 ι,
659 2909 702 2936 29.
742 2912 763 2925 ⁸⁸
781 2910 862 2937 Hebr.
878 2919 925 2943 xu,
947 2911 987 2938 tl.

1028 305 1152 331 salutent.
1169 305 1321 332 Notandum
1337 309 1437 337 autem,
1453 305 1516 339 quia
1535 311 1704 339 quascunque
1730 304 1757 330 in
1773 311 1817 330 sa-

1027 350 1130 377 criﬁcio
1149 351 1333 385 paciﬁcorum,
1355 359 1386 378 ea
1407 351 1434 377 in
1452 351 1504 378 hoc
1526 351 1660 378 sacriﬁcio
1686 350 1816 384 praecepit

1026 397 1095 424 ﬁeri.
1108 397 1220 432 Adipem
1232 398 1309 432 jubet
1325 397 1427 425 oﬁ‘erri.
1447 398 1586 424 Desiderat
1601 397 1673 424 enim
1689 396 1815 423 Christus

1025 447 1053 469 ct
1079 451 1142 470 cum
1169 443 1214 477 qui
1240 444 1330 478 gravia
1357 444 1437 470 habet
1466 448 1587 478 peccata,
1611 443 1726 469 saltare.
1745 441 1814 468 Cum

1024 488 1115 522 adipe,
1134 488 1284 514 secundum
1304 487 1385 519 LXX,
1408 492 1435 514 ct
1456 488 1577 514 lumbum
1598 487 1702 514 offeret.
1720 486 1814 520 Neque

1024 535 1096 561 enim
1112 535 1283 561 solummodo
1302 535 1353 561 hoc
1377 534 1444 566 vult,
1468 534 1514 561 sed
1531 538 1558 560 et
1572 538 1671 568 potest.
1692 533 1812 560 Lumbus

1023 584 1134 612 autem,
1163 584 1256 614 utpote
1280 579 1350 607 forte
1375 580 1538 612 membrum,
1560 579 1694 614 signiﬁcat
1724 579 1812 606 virtu-

1023 631 1087 654 tem.

1057 672 1128 699 Duos
1144 671 1309 703 ranunculos,
1333 677 1356 698 et
1378 671 1561 706 pinguedinem
1580 678 1638 705 qua:
1663 670 1743 704 juxta
1762 669 1810 696 ilia

1022 723 1070 744 est.
1090 718 1152 744 Vult
1168 718 1269 752 quippe
1290 717 1406 744 maxime
1422 717 1579 750 poenitentis
1591 716 1715 743 mandari
1733 716 1810 742 inte—

1021 764 1118 791 riorem
1143 763 1291 794 hominem,
1309 763 1365 789 vult
1380 763 1462 790 etiam
1482 762 1582 788 habere
1602 769 1664 788 eum
1680 766 1707 788 ct
1728 761 1811 788 casti-

1020 814 1113 837 tatem.
1141 809 1255 843 l’ruptcr
1280 809 1351 843 quod
1378 817 1431 835 non
1459 808 1545 834 solum
1570 807 1686 838 rcnium,
1710 807 1757 833 sed
1781 811 1810 834 et

1019 854 1143 885 iliorum,
1168 854 1209 880 vel
1234 854 1366 880 femorum
1389 853 1580 887 pinguedinem
1595 872 1602 883 ,
1627 860 1674 879 seu
1699 851 1807 886 adipem

1019 899 1119 926 auferri
1141 899 1234 934 jussit.
1254 899 1317 933 quia
1332 899 1390 925 lucc
1406 897 1604 924 commistionis
1616 897 1766 924 ministeria
1781 901 1809 924 et

1018 944 1152 971 seminum
1179 947 1317 977 putantur.
1345 943 1412 969 Cum
1437 942 1479 968 his
1502 942 1583 968 etiam
1609 942 1752 968 reticulum
1766 941 1808 976 je-

1016 990 1098 1022 coris,
1121 989 1164 1016 vel
1178 989 1248 1016 sicut
1263 988 1344 1018 LXX,
1368 989 1508 1022 pinnulam
1523 987 1611 1021 epotis
1625 995 1686 1014 cum
1703 995 1807 1014 renun-

1015 1035 1083 1062 culis
1097 1033 1196 1061 auferri
1216 1033 1355 1068 praecepit,
1371 1037 1398 1060 et
1413 1032 1506 1059 otl‘erri
1519 1040 1581 1060 cum
1598 1032 1659 1058 aliis
1679 1032 1706 1058 in
1727 1031 1806 1058 altari

1015 1080 1130 1107 hostiam
1151 1079 1270 1106 Domino.
1293 1078 1354 1104 Vult
1375 1078 1447 1105 enim
1465 1085 1526 1104 eum
1545 1077 1590 1111 qui
1616 1077 1804 1112 paenitentiam

1015 1126 1079 1161 agit,
1103 1125 1350 1159 concupiscentiam
1366 1124 1503 1158 propriam
1529 1131 1584 1150 non
1606 1124 1725 1154 habere.
1757 1125 1806 1151 sed

1015 1179 1124 1198 omnem
1155 1178 1214 1196 eam
1247 1170 1345 1196 oﬁ‘erre
1378 1169 1444 1196 Deo.
1466 1168 1535 1202 Quia
1556 1169 1804 1203 concupiscentias,

1015 1217 1073 1244 sive
1090 1216 1233 1247 desideria,
1255 1216 1281 1241 in
1301 1216 1397 1249 hcpatc
1415 1215 1518 1242 moveri
1531 1215 1635 1247 dicunt,
1651 1220 1679 1242 et
1692 1216 1802 1247 nutriri,

1015 1270 1128 1297 quarum
1155 1262 1279 1296 primitia:
1297 1269 1345 1296 per
1370 1261 1507 1295 pinnulam
1528 1261 1665 1288 oblaL-ein
1684 1262 1805 1289 sanctiﬁ-

1015 1307 1121 1334 catione
1150 1307 1251 1341 peragi,
1280 1314 1428 1340 omnesque
1454 1305 1552 1341 corrigi
1581 1305 1696 1334 faciunt.
1741 1307 1806 1334 Ilico

1015 1354 1118 1384 dicens,
1135 1353 1238 1380 addidit
1252 1361 1259 1379 :

1053 1397 1103 1424 Pro
1114 1397 1207 1424 delicto
1217 1401 1264 1424 est.
1277 1396 1440 1428 Ostendens,
1448 1397 1510 1432 quia
1523 1405 1577 1424 non
1589 1397 1689 1424 frustra
1699 1397 1805 1424 sacriﬁ-

1015 1443 1085 1470 cium
1102 1444 1154 1470 hoc
1172 1442 1283 1469 dilierre
1299 1442 1333 1470 ab
1351 1442 1412 1469 aliis
1425 1442 1575 1475 sacriﬁciis,
1595 1451 1656 1477 qua:
1677 1447 1742 1469 sunt
1756 1450 1806 1476 pro

1015 1489 1142 1523 peccatis,
1165 1487 1242 1520 dixit,
1257 1487 1304 1514 sed
1326 1487 1388 1522 quia
1411 1494 1459 1522 pro
1473 1487 1572 1514 delicto
1586 1491 1637 1519 est,
1659 1487 1685 1514 id
1701 1492 1753 1519 est,
1776 1487 1805 1514 iu

1016 1536 1100 1562 Deum
1117 1534 1202 1561 tendit
1220 1538 1360 1568 peccatum
1378 1533 1447 1566 ejus.
1462 1533 1540 1560 Unde
1558 1537 1583 1559 et
1599 1538 1702 1567 partem
1724 1532 1805 1560 Chri-

1015 1580 1050 1606 sti
1073 1578 1210 1609 sacriﬁcii.
1231 1578 1303 1612 quod
1322 1585 1371 1611 pro
1390 1577 1463 1603 omni
1480 1585 1578 1612 genere
1592 1578 1712 1604 humano
1727 1577 1805 1604 obla-

1017 1629 1072 1652 tum
1097 1628 1147 1656 est,
1176 1624 1202 1650 in
1228 1631 1280 1650 una
1307 1623 1388 1649 etiam
1410 1630 1525 1657 persona
1548 1623 1670 1657 accipere
1692 1631 1805 1650 necesse

1014 1670 1118 1697 habuit.
1136 1669 1249 1704 Reliqua
1269 1674 1360 1695 autem
1377 1676 1430 1694 non
1447 1669 1561 1702 accepit,
1581 1668 1644 1702 quia
1662 1668 1711 1694 soli
1727 1668 1804 1695 obla-

1014 1713 1095 1746 tioni,
1123 1721 1184 1748 quae
1205 1721 1253 1747 pro
1281 1713 1408 1739 omnibus
1432 1712 1523 1739 oblata
1549 1717 1602 1743 est,
1630 1716 1802 1746 competunt.

1013 1759 1106 1793 Neque
1131 1759 1203 1785 enim
1227 1758 1283 1785 sola
1318 1765 1378 1792 qua:
1407 1757 1534 1791 praedicta
1564 1762 1637 1789 sunt,
1664 1757 1804 1791 Unigeniti

1013 1803 1174 1830 sacriﬁcium
1201 1803 1347 1838 praestitit:
1373 1803 1420 1829 sed
1445 1807 1472 1829 et
1489 1807 1658 1830 mortuorum
1683 1811 1806 1830 resurre—

1013 1850 1141 1877 ctionem.
1172 1855 1198 1876 et
1227 1849 1328 1875 diaboli
1360 1849 1637 1880 condemnationem,
1664 1849 1803 1876 maledicti

1013 1895 1217 1925 liberationem,
1267 1894 1384 1928 paradisi
1432 1895 1645 1926 restitutionem,
1688 1903 1803 1929 quarum

1013 1940 1225 1974 unumquodque
1254 1940 1379 1965 virtutem
1413 1939 1569 1972 paenitentis
1611 1938 1726 1966 excedit.
1762 1939 1804 1966 Ad

1012 1984 1092 2018 cujus
1121 1983 1354 2017 supplementum,
1374 1987 1467 2016 utpote
1496 1991 1551 2010 non
1580 1983 1631 2010 sibi
1653 1984 1805 2012 sufﬁciente

1012 2033 1123 2064 propter
1148 2028 1364 2062 magnitudinem
1392 2029 1494 2062 peccati
1526 2037 1558 2056 eo
1586 2029 1631 2063 qui
1668 2030 1801 2064 peccavit.

1011 2079 1115 2109 partem
1142 2074 1273 2101 Dominici
1297 2074 1421 2101 sacriﬁcii
1443 2075 1661 2109 comprehendit.
1690 2074 1803 2109 Reliqua

1013 2124 1102 2147 autem
1127 2120 1162 2150 ei,
1187 2119 1259 2154 quod
1284 2127 1332 2153 pro
1347 2119 1474 2146 omnibus
1490 2125 1540 2151 est,
1564 2120 1698 2147 sacriﬁcio
1713 2125 1804 2147 eustoc

1011 2167 1134 2194 diuntur.
1149 2165 1328 2200 Participatur
1339 2171 1429 2192 autem
1442 2173 1475 2192 eo
1485 2169 1513 2192 et
1525 2166 1585 2197 iste,
1603 2175 1651 2201 pro
1660 2175 1714 2202 quo
1730 2175 1804 2195 nunc

1013 2212 1174 2240 sacriﬁcium
1200 2211 1239 2242 ﬁt.
1259 2219 1321 2238 cuin
1346 2219 1417 2238 unus
1441 2216 1468 2238 et
1494 2212 1551 2246 ipse
1569 2220 1602 2239 ex
1625 2214 1697 2240 omni
1715 2221 1802 2241 massa

1013 2258 1056 2285 sit.
1079 2257 1223 2292 Postquam
1241 2260 1331 2283 autem
1360 2256 1436 2288 dixit,
1463 2257 1587 2290 qiucdam
1612 2258 1737 2285 sacriﬁcii
1755 2266 1804 2292 pro

1013 2303 1113 2331 delicto
1130 2303 1277 2337 przecipua,
1297 2301 1418 2329 subdidit
1432 2302 1588 2329 communia
1612 2310 1673 2336 qua:
1687 2303 1721 2329 de
1739 2310 1804 2336 pec-

1013 2349 1081 2376 catis
1096 2349 1186 2375 habet.

1051 2395 1142 2423 Omnis
1153 2394 1286 2421 masculus
1294 2395 1325 2421 de
1338 2394 1496 2421 sacerdotali
1508 2402 1600 2428 genere
1611 2394 1638 2420 in
1652 2394 1706 2419 loco
1714 2398 1804 2420 sancto

1014 2446 1129 2468 vescatur
1143 2441 1182 2467 liis
1195 2441 1328 2470 carnibus,
1356 2441 1417 2475 quia
1438 2440 1563 2467 Sanctum
1583 2446 1733 2466 sanctorum
1756 2444 1804 2466 est.

1016 2486 1088 2512 Sicut
1105 2493 1152 2519 pro
1169 2490 1274 2519 peccato
1297 2485 1402 2519 o/fertur
1417 2485 1513 2515 hostia,
1532 2485 1569 2511 ita
1587 2490 1611 2511 et
1633 2493 1679 2519 pro
1699 2484 1803 2510 delicto.

1019 2533 1156 2566 Utriusque
1187 2533 1277 2559 hostia:
1304 2540 1357 2558 una
1383 2532 1424 2559 lea:
1453 2533 1515 2559 crit.
1543 2532 1614 2566 Ergo
1640 2532 1706 2558 nillil
1731 2532 1806 2558 aliud

1016 2586 1152 2613 exponere
1175 2579 1229 2610 hic,
1255 2584 1300 2605 aut
1324 2579 1424 2605 addere
1446 2586 1560 2606 necesse
1578 2579 1721 2610 habemus,
1743 2578 1806 2613 quia

1017 2624 1170 2651 communia
1200 2625 1257 2650 lucc
1280 2632 1339 2651 esse
1359 2632 1407 2658 pro
1432 2628 1554 2658 peccato,
1588 2629 1615 2650 et
1633 2632 1681 2659 pro
1707 2625 1807 2651 delicto

1017 2670 1147 2696 sacriﬁcia
1178 2669 1342 2696 audivimus.
1373 2670 1545 2697 Sulﬁcieuter
1577 2675 1667 2697 autem
1689 2663 1737 2696 ide
1765 2670 1807 2697 his

1016 2724 1076 2750 qum
1103 2724 1151 2750 pro
1178 2721 1289 2750 peccato
1314 2721 1378 2743 sunt
1402 2717 1429 2742 in
1458 2717 1594 2751 przedictis
1618 2717 1804 2751 exposuimus.

1018 2762 1070 2789 Sed
1088 2762 1322 2789 confirmationem
1352 2763 1432 2789 etiam
1449 2763 1511 2790 huic
1527 2763 1578 2797 legi
1609 2763 1687 2790 talem
1712 2769 1805 2796 super

1017 2809 1140 2834 addidit:
