2052 3146
253 201 308 234 85')

853 183 1035 227 ncsrcnn
1054 195 1292 225 PRESBrrEnI

1841 192 1896 224 860

290 259 329 286 Ad
358 258 520 285 sacerdotem
545 255 590 290 qui
609 265 668 284 eam
695 256 818 283 obtulerit
840 254 991 290 pertinebit.
1015 269 1051 275 ——
1065 255 1088 283 Α
1104 259 1164 281 tur:
1182 253 1244 288 quia
1259 253 1317 287 ipse
1330 251 1408 279 nobis
1421 251 1578 286 patientiam
1593 249 1802 282 demonstravit,
1819 251 1895 284 pr'us

253 305 373 332 Christus
393 309 482 330 autent
498 303 570 330 nobis
589 303 743 337 propitiatio
770 303 854 337 factus
870 306 906 328 est
917 301 951 326 ⁵⁸.
971 300 1043 335 Ergo

253 351 281 377 in
307 350 366 384 ipso
394 357 475 376 omne
501 349 669 383 pmnitcntiae
693 347 1044 375 sacriﬁciumministratur

253 399 280 422 et
292 395 389 430 agitur,
407 399 433 421 et
451 402 532 420 omne
557 393 630 428 quod
648 402 680 420 cx
697 393 856 428 pmniteatia
870 392 931 427 quis
945 400 1043 419 conse-

252 441 352 476 quitur.
370 441 403 468 ad
419 449 479 468 eum
495 441 624 473 refertur;
644 440 728 474 ipsius
737 439 858 466 estenim
872 438 1041 472 poenitentia,

252 491 280 513 et
291 490 401 521 propter
417 486 498 516 hanc,
513 491 542 512 ut
555 494 605 512 nos
618 486 745 516 salvaret,
756 484 883 516 advenit;
900 484 972 518 quod
987 491 1045 510 ma-

251 530 381 558 nifestum
414 535 501 557 estex
527 539 560 557 eo
583 530 655 564 quod
681 530 771 557 dixit:
790 530 849 556 Non
873 530 931 556 veni
953 537 1045 556 vocare

249 575 347 609 justas,
365 576 411 602 sed
426 580 573 610 percu/ores
589 575 617 601 in
640 575 820 609 paenitentiam
832 575 867 602 ⁵⁷.

289 619 371 646 Vens.
393 620 472 645 8-10.
492 629 500 644 ‹
520 619 652 646 Sacerdos
666 620 710 654 qui
731 619 825 646 oﬁ‘crct
845 619 992 646 holocausti
1005 619 1045 645 vi-

255 665 377 697 ctimam,
403 665 513 691 habebit
539 665 635 699 pellem
659 665 718 698 ejus
739 668 767 691 et
782 672 862 691 omne
876 664 1038 692 sacriﬁcium

254 709 350 736 simila:
370 710 441 744 quod
464 710 591 744 coquitur
612 710 638 735 in
660 709 778 741 clibano,
801 714 828 736 et
855 709 987 744 quidquid
1017 709 1045 735 in

254 755 394 786 craticula.
409 755 451 783 vel
465 755 491 782 in
503 755 638 790 sartagine
656 760 833 788 prteparatnr,
854 755 913 787 eius
937 755 993 782 erit
1003 763 1047 781 sa—

255 801 384 832 cerdotis,
399 808 413 827 a
431 808 486 835 quo
504 800 634 827 offertur:
656 801 713 827 sive
728 800 788 827 oleo
809 807 971 834 conspersa,
989 801 1046 827 sive

255 845 329 872 arida
347 846 456 876 fuerint,
474 847 580 874 cunctis
593 846 653 873 ﬁliis
669 846 760 873 Aaron
769 854 894 873 mensura
909 854 986 881 atqua
1000 854 1048 881 per

255 891 375 926 singulos
395 892 560 919 dividentur.
576 901 585 917 ι

284 935 342 964 Νοη
356 938 554 972 qualiacunque
569 945 617 971 per
629 945 661 964 ca
674 945 734 972 quae
745 945 818 964 nunc
831 937 968 967 dicuntur,
979 937 1044 972 legi-

254 981 337 1009 slator
354 982 488 1018 signiﬁcat
502 993 507 1010 :
523 983 581 1010 haec
590 983 662 1010 enim
670 989 734 1010 sunt
745 983 772 1010 in
785 983 884 1018 quibus
899 991 961 1010 cum
983 991 1046 1018 per-

253 1033 408 1056 scrutantes
429 1033 459 1055 ut
477 1029 710 1064 obstupescamus,
736 1030 846 1065 dignum
866 1035 916 1057 est.

287 1073 415 1101 Sacerdos
437 1076 481 1110 qui
503 1075 594 1115 offeret
614 1075 760 1102 holocausti
784 1076 928 1109 uictimam,
944 1076 1048 1103 habebit

252 1119 346 1154 pellent
361 1121 428 1155 ejus.
441 1121 512 1153 Quid
532 1129 581 1155 per
602 1121 699 1156 pellem
717 1121 830 1156 intelligi
848 1122 944 1156 possit,
963 1122 1048 1148 mani-

252 1166 322 1194 feste
350 1167 470 1194 ostendit
498 1168 550 1193 hoc
575 1167 648 1202 quod
678 1167 734 1194 Deo
756 1175 770 1193 a
799 1167 908 1194 diabolo
935 1168 968 1194 de
995 1167 1047 1195 Job

252 1211 354 1238 dictum
371 1219 423 1238 est.
437 1212 550 1243 Quando
570 1211 642 1238 enim
667 1211 726 1242 Job,
750 1219 830 1245 quem
854 1217 882 1238 ut
903 1212 1048 1238 abundan-

253 1260 307 1282 tem
324 1256 450 1282 omnibus
463 1256 610 1286 accusavit,
627 1263 735 1283 omnem
750 1257 839 1283 saeculi
854 1257 1046 1289 substantiam,

253 1300 311 1327 sive
330 1301 420 1326 omnia
442 1309 502 1335 qua:
522 1301 594 1328 circa
617 1309 679 1328 cum
701 1305 779 1328 erant
803 1302 981 1336 disperdidit,
1003 1303 1047 1330 ille

253 1349 343 1371 autem
357 1345 383 1371 in
395 1353 442 1372 sua
462 1346 601 1380 impietate
622 1347 781 1381 permansit,
803 1349 917 1375 audiens
933 1356 948 1375 a
967 1349 1021 1376 [)eo
1039 1358 1046 1376 :

253 1390 380 1425 Nunquid
397 1391 569 1417 considerasti
589 1400 692 1418 servum
716 1400 802 1418 meum
825 1392 883 1424 Job,
903 1393 972 1427 quod
995 1401 1048 1419 non

252 1436 287 1462 sit
303 1436 326 1462 ei
349 1436 443 1463 similis
467 1437 491 1463 in
510 1441 579 1463 terra
598 1445 606 1463 :
633 1438 672 1464 vir
689 1438 800 1472 simplex
816 1443 840 1464 et
859 1443 954 1470 rectus,
971 1439 1049 1465 acti-

253 1489 325 1508 nteus
342 1482 441 1514 Deum,
459 1486 482 1508 et
501 1482 622 1509 recedens
642 1492 658 1509 a
678 1483 759 1514 malo,
782 1488 807 1510 et
823 1484 908 1510 adhuc
932 1485 1047 1511 retinens

253 1527 448 1554 innocentiam?
477 1527 513 1554 Tu
535 1533 625 1555 autem
658 1529 820 1555 commovisti
850 1537 891 1555 me
924 1531 1048 1556 adversus

253 1580 323 1603 eum,
345 1576 372 1597 ut
403 1572 544 1606 aﬂligerem
569 1581 628 1599 eum
656 1573 795 1608 frustm“.
812 1574 861 1600 Cui
880 1575 1048 1608 respondens

255 1617 349 1647 Satan.
362 1617 419 1643 ait:
445 1617 542 1644 Pellem
564 1627 611 1652 pro
632 1618 708 1653 pelle,
731 1624 756 1646 et
771 1625 873 1652 cuncta,
892 1628 950 1654 qua:
972 1621 1047 1646 habet

254 1663 340 1696 homo,
364 1663 436 1690 dabit
456 1672 502 1697 pro
524 1665 614 1690 anima
634 1666 723 1693 sua”.
748 1665 819 1700 Ergo
839 1666 915 1700 pellis
937 1666 1047 1693 divitia-

255 1715 315 1733 rum
331 1708 546 1739 circumstantia,
571 1709 647 1742 quasi
666 1710 787 1736 exterius
811 1710 984 1738 circumdatis
1006 1716 1048 1738 est

255 1753 404 1783 hominem,
419 1762 499 1788 qumn
519 1754 617 1780 Oﬁcrre
634 1755 795 1790 intelligibili
810 1756 944 1782 sacerdoti
959 1757 985 1783 hi
1001 1757 1046 1791 qui

254 1799 350 1826 mlunt
366 1800 554 1826 holocaustum
571 1800 639 1832 ﬁcri,
660 1801 770 1828 debent.
788 1801 902 1836 Propter
929 1803 998 1837 quod
1019 1804 1046 1830 hi

254 1844 300 1878 qui
314 1844 444 1871 doctrinae
461 1845 614 1879 apostolica:
625 1846 808 1878 crediderunt,
820 1848 970 1876 vendentes
981 1850 1047 1876 sub-

254 1889 369 1915 stantias
394 1897 466 1919 suas,
487 1890 521 1916 ad
544 1890 626 1924 pedes
652 1892 836 1924 apostolorum
865 1894 1044 1927 ponebant“.

253 1933 321 1964 Quia
342 1942 407 1969 ergo
423 1935 518 1968 pellem
546 1943 594 1970 pro
612 1936 680 1970 pcllc
699 1937 777 1969 dixit,
799 1940 955 1966 necessarie
972 1940 1044 1967 divis

255 1980 352 2006 tiarum
386 1980 629 2013 circumstantiam,
664 1990 744 2016 quam
776 1984 893 2017 perdidit
918 1984 970 2012 Job
996 1993 1045 2020 pro

253 2025 392 2060 patientia,
418 2034 478 2060 qum
498 2026 521 2053 ei
547 2027 640 2054 relicta
664 2032 714 2058 est.
734 2028 918 2063 intelligimus.
944 2029 1044 2058 Pellem

253 2077 356 2104 autem,
386 2072 450 2106 quia
477 2073 561 2099 multa
589 2081 622 2100 ex
645 2081 675 2100 ca
702 2074 777 2100 utilia
799 2075 867 2102 ﬁunt
884 2076 1044 2109 patientiam

253 2118 422 2151 prolitemur.
441 2118 506 2150 Quae
531 2119 632 2146 multa?
657 2119 869 2153 Acquirenlibus
901 2129 930 2148 se
950 2123 1043 2156 provi-

253 2161 300 2188 dct
328 2161 423 2188 bona:
451 2163 609 2196 patientiam
637 2169 729 2192 autem
756 2173 816 2192 eam
840 2167 967 2199 maxime,
984 2176 1044 2202 qua:

254 2207 281 2233 in
301 2207 522 2236 tribulationibus
546 2215 598 2242 est,
626 2211 698 2238 unde
723 2215 750 2238 et
779 2212 864 2239 David
888 2214 1040 2247 psallebat:

254 2251 323 2284 Quia
343 2253 428 2287 [actus
444 2261 501 2280 sum
516 2255 582 2282 sicut
599 2261 656 2282 uter
671 2257 698 2282 in
712 2258 819 2291 pruina,
837 2259 1043 2292 justiﬁeationes

254 2301 315 2324 tuas
340 2306 390 2324 non
415 2307 473 2326 sum
488 2300 621 2327 oblitus“.
641 2302 873 2334 Quemadmodum
892 2305 965 2331 cnim
984 2310 1043 2332 uter

254 2342 281 2369 in
297 2344 394 2378 pruina
405 2345 495 2379 jurari
507 2350 534 2373 et
549 2346 694 2374 confortari
711 2347 820 2380 dicitur,
846 2348 886 2376 sic
898 2354 925 2376 et
938 2351 1044 2384 patien-

254 2389 290 2416 tia
305 2392 403 2419 erescit
424 2392 654 2420 tribulationibus.
675 2393 789 2429 Propter
802 2395 875 2429 quod
899 2400 925 2423 ct
946 2396 1043 2425 Paulus

252 2437 320 2464 dixit
334 2447 340 2464 :
353 2438 495 2466 Tribulatio
510 2440 666 2472 patientiam
681 2441 844 2475 operatur“.
858 2441 943 2470 Simul
960 2444 1041 2471 etiam

253 2485 282 2507 et
298 2481 412 2509 inferius
438 2483 542 2511 addidit
560 2493 565 2511 :
582 2485 718 2512 Patientia
735 2485 925 2520 probationem,
942 2490 1041 2526 proba~

253 2526 289 2552 tio
309 2534 395 2561 spent,
419 2537 476 2563 spes
496 2535 584 2557 autem
603 2539 653 2558 non
677 2532 850 2567 confundit“.
870 2533 937 2566 Quia
953 2539 1042 2562 autem

253 2573 380 2600 sacerdos
403 2574 521 2602 oﬁ‘erens
542 2581 665 2603 nostrum
684 2577 884 2611 holocaustum,
901 2583 942 2606 est
963 2580 1043 2608 Chri-

253 2621 311 2644 stus
328 2625 333 2642 :
349 2616 402 2652 Ipsi
427 2620 496 2646 enim
516 2621 663 2648 exhibemus
691 2630 800 2656 corpora
822 2629 910 2651 nostra
932 2626 1044 2653 hostiam

252 2669 348 2692 vtvam,
359 2667 489 2696 sanctam,
502 2663 554 2691 Deo
561 2665 716 2699 placentem,
727 2668 884 2695 rationabile
893 2670 1043 2705 obsequium

253 2708 412 2740 nostrum“,
435 2709 520 2743 ipsius
540 2712 696 2739 necessario
719 2721 779 2740 esse
798 2715 969 2749 patientiam,
994 2726 1043 2752 per

252 2761 334 2789 quam
350 2755 522 2789 assequimur
536 2757 693 2791 praedictam
711 2761 958 2794 conversationem,
973 2763 1040 2791 dici-

290 2858 327 2883 "l
340 2858 417 2885 Joan.
432 2867 461 2887 ιι.
472 2859 500 2887 ἳ.

254 2897 280 2922 ν»
294 2893 321 2920 5.
336 2895 357 2909 ³³
378 2894 442 2922 ibid.
463 2896 488 2922 -l.

537 2861 660 2888 "Matth.
673 2870 709 2891 IK.
722 2861 761 2888 l5.

527 2896 629 2923 "Hom.
649 2905 696 2930 λιι,
716 2898 737 2923 l.

801 2863 823 2878 "
837 2863 886 2890 Job
912 2864 976 2892 ".5.

779 2899 800 2913 ⁵⁵
814 2898 878 2925 Luc.
904 2907 959 2931 χχι,
980 2900 1019 2927 l9.

1015 2866 1037 2882 ⁸³
1050 2866 1114 2892 ihitl.
1128 2867 1153 2893 Ιι.

1093 301 1204 336 quidem
1222 299 1335 326 dicens:
1357 297 1388 324 In
1402 298 1531 332 patientia
1549 302 1633 323 vestra
1651 296 1815 329 possidebitis
1834 297 1896 322 ani-

1094 354 1152 372 mos
1171 344 1309 372 vestras“.
1332 343 1455 369 Deinde:
1473 342 1504 368 In
1524 342 1620 368 mundo
1642 340 1829 367 tribulationes
1844 341 1895 366 ha-

1094 390 1196 422 bebitis,
1218 389 1264 416 sed
1275 389 1406 423 conﬁdite,
1424 388 1487 423 quia
1504 396 1550 422 ego
1571 387 1618 413 uici
1641 390 1768 413 mundum
1780 387 1811 413 ⁸⁵.
1836 386 1894 413 Non

1095 437 1182 464 solutn
1200 440 1289 462 autem
1309 435 1336 461 in
1359 435 1418 469 ejus
1435 433 1576 465 dcetrinis,
1599 433 1647 460 scd
1668 437 1695 459 et
1716 433 1742 459 in
1766 437 1894 467 respectu

1095 483 1171 516 ejus,
1197 481 1355 515 patientiam
1385 480 1411 506 in
1439 478 1612 513 passionibus
1636 478 1786 509 habemus,
1813 478 1895 504 Paulo

1095 527 1222 554 dicente:
1248 526 1368 561 Cogitate
1391 530 1479 551 autem
1502 525 1547 557 qui
1563 524 1643 550 talem
1667 525 1793 550 sustinuit
1807 533 1822 550 a
1837 533 1896 558 pec-

1096 573 1227 600 catoribus
1249 573 1373 599 adversus
1389 571 1558 605 semetipsum
1571 571 1852 602 contradictionem,ut
1864 579 1896 598 ne

1097 618 1245 652 fatigemini
1260 618 1357 644 animis
1372 617 1463 643 vestris
1482 616 1671 647 deﬁcientes“.
1689 615 1804 650 Propter
1820 617 1896 651 quod

1098 665 1184 692 David
1201 665 1258 692 ait:
1284 664 1319 692 Et
1340 673 1409 691 nunc
1423 671 1482 699 qua:
1499 668 1536 690 est
1558 664 1688 698 patientia
1716 663 1794 690 mea?
1811 672 1895 690 nonne

1099 711 1238 742 Dominus,
1270 716 1294 738 et
1324 710 1473 737 substantia
1505 718 1564 736 mea
1591 714 1653 736 ante
1669 715 1694 736 te
1721 709 1895 742 ett"?Quia

1097 762 1188 784 autem
1213 755 1383 790 intelligibilc
1407 755 1451 782 hic
1473 754 1821 787 describitholocaustum,
1837 754 1896 789 ipse

1098 807 1188 829 textus
1202 802 1331 832 ostendit,
1347 801 1385 827 ait
1398 801 1471 827 cnim
1487 809 1492 826 :

1134 847 1260 874 Sacerdos
1283 847 1328 882 qui
1359 847 1445 881 oﬂ‘erel
1475 846 1622 873 Itolocausti
1656 846 1800 872 victimam.
1833 845 1896 872 Non

1100 894 1192 923 boum,
1207 896 1254 919 aut
1269 892 1372 923 ovium,
1390 896 1437 918 aut
1451 892 1568 919 aliorum
1583 891 1724 924 similium,
1744 891 1790 918 sed
1804 891 1896 918 homi-

1100 938 1151 965 nis.
1167 936 1219 964 Ubi
1235 937 1308 964 enim
1324 945 1379 964 non
1395 937 1429 963 ab
1443 937 1484 963 his
1503 936 1549 971 qui
1575 936 1704 969 oﬁ‘erunt,
1726 937 1774 963 sed
1789 937 1823 964 ab
1853 936 1896 963 his

1100 991 1162 1018 qute
1177 983 1340 1015 oﬁ‘cruntur,
1355 982 1485 1010 sacriﬁcia
1500 982 1720 1014 considerantur,
1737 982 1896 1009 necessarie

1099 1028 1261 1056 animalium
1277 1028 1444 1055 mentionem
1458 1027 1531 1055 facit.
1549 1027 1599 1055 llic
1611 1032 1713 1060 autem,
1727 1027 1789 1062 quia
1814 1035 1896 1062 aper-

1099 1074 1154 1101 tius
1165 1073 1249 1100 voluit
1267 1073 1440 1100 introducere
1455 1080 1601 1107 personam
1627 1072 1747 1105 Domini,
1764 1073 1896 1099 sacerdo-

1099 1123 1152 1146 tem
1182 1119 1283 1154 posuit,
1302 1119 1490 1146 holocaustum
1515 1119 1634 1146 hominis
1659 1119 1830 1146 oﬂ'erentem.
1850 1119 1896 1145 ln—

1099 1165 1247 1199 telligibilia
1265 1165 1337 1192 enim
1353 1170 1445 1192 nostra
1469 1165 1628 1192 holocausta
1661 1165 1734 1192 solus
1766 1165 1894 1192 Christus

1099 1210 1188 1242 oﬁ'ert,
1206 1211 1238 1238 ad
1250 1211 1328 1245 cujus
1345 1211 1525 1238 imitationem
1545 1219 1642 1238 eorum
1661 1211 1757 1239 hostire
1777 1215 1805 1238 et
1827 1219 1893 1238 con-

1099 1256 1265 1283 versationes
1274 1256 1426 1284 stmlentur.
1445 1256 1508 1284 l’ost
1523 1257 1582 1284 haec
1596 1257 1662 1284 dixit
1681 1264 1688 1282 :

1133 1301 1214 1330 Omne
1228 1302 1386 1336 sacri/icium
1400 1303 1468 1338 quod
1484 1303 1605 1338 coquitur
1617 1302 1721 1329 clibano
1729 1307 1753 1329 et
1766 1303 1893 1338 quidquid

1098 1347 1125 1373 in
1139 1347 1279 1379 craticula,
1291 1348 1331 1374 vel
1341 1348 1367 1374 in
1378 1348 1514 1383 sartagine
1524 1352 1703 1382 prwparatur,
1717 1348 1773 1382 ejus
1790 1350 1839 1375 erit
1852 1358 1895 1376 sn-

1098 1393 1209 1419 cerdotis
1224 1402 1240 1419 a
1271 1402 1321 1426 quo
1340 1395 1470 1428 o/feretur.
1488 1394 1729 1421 Reminiscendum
1753 1399 1794 1422 est
1829 1395 1893 1430 quia

1100 1439 1233 1467 sacriﬁcia
1258 1440 1315 1466 haec
1333 1439 1473 1474 theologia:
1499 1447 1559 1466 esse
1583 1439 1722 1475 Unigeniti
1751 1441 1895 1475 dispensa-

1100 1485 1181 1512 tionis
1193 1485 1322 1516 diximus,
1338 1489 1366 1512 et
1382 1486 1448 1512 illud
1459 1485 1568 1520 quidem
1580 1486 1652 1520 quod
1668 1490 1709 1512 est
1725 1486 1758 1513 de
1772 1486 1892 1519 clibano,

1100 1530 1218 1558 diximus
1233 1531 1387 1566 signiﬁcare
1398 1531 1516 1566 Virginis
1533 1536 1660 1566 partum;
1681 1532 1752 1565 quod
1769 1540 1835 1559 vero
1858 1532 1894 1560 de

1064 1580 1084 1609 ο
1100 1575 1235 1610 sartagine
1249 1580 1300 1608 est,
1318 1575 1406 1602 crucis
1423 1576 1579 1610 passionem
1597 1585 1604 1602 :
1627 1576 1691 1603 illud
1710 1577 1791 1603 etiam
1818 1578 1892 1611 quod

1099 1621 1132 1648 de
1146 1621 1275 1648 craticula
1289 1626 1340 1650 est.
1361 1629 1375 1648 a
1391 1626 1478 1648 morte
1494 1622 1733 1654 resurrectionem,
1758 1623 1892 1650 rationem

1098 1667 1125 1693 in
1141 1667 1268 1693 omnibus
1285 1667 1440 1700 reddentcs,
1457 1671 1483 1694 et
1499 1668 1688 1702 probationem
1703 1676 1770 1702 quas
1786 1674 1894 1703 opOrte-

1098 1711 1154 1743 bat,
1169 1712 1337 1745 adjicicntcs.
1356 1712 1574 1747 Quiacrgohtcc
1600 1713 1741 1748 theologia!
1765 1714 1893 1741 incarna-

1099 1757 1180 1784 tionis
1192 1758 1312 1792 proxima
1337 1763 1411 1789 sunt,
1427 1759 1582 1786 necessarie
1608 1760 1756 1786 sacerdotis
1772 1759 1893 1787 oﬁ'eren-

1098 1804 1132 1830 tis
1143 1811 1214 1835 eam,
1227 1803 1328 1831 Christi
1344 1804 1470 1830 videlicet
1479 1804 1535 1831 nati
1548 1809 1574 1832 et
1585 1805 1658 1839 passi
1671 1810 1698 1833 et
1709 1806 1889 1841 resurgentis,

1097 1854 1147 1876 cst.
1163 1849 1215 1876 Sed
1231 1849 1359 1876 nimirum
1371 1857 1470 1876 novum
1483 1850 1530 1877 tibi
1544 1850 1652 1877 videtur
1662 1851 1736 1884 quod
1749 1843 1868 1878 infertur
1881 1860 1888 1878 :

1133 1896 1191 1923 Sive
1210 1897 1265 1923 oleo
1283 1905 1432 1931 conspersa,
1446 1898 1497 1923 sive
1513 1898 1591 1924 arida
1613 1898 1702 1933 fuerit,
1718 1900 1817 1925 eunetis
1828 1899 1892 1933 filiis

1096 1943 1186 1969 Aaron
1207 1951 1283 1977 wqua
1308 1951 1429 1969 mensura
1453 1951 1499 1977 per
1519 1944 1636 1978 singulos
1661 1944 1801 1971 dividetur.
1817 1944 1891 1972 Con-

1096 1995 1220 2022 spersum
1252 1988 1385 2022 siquidem
1420 1988 1447 2014 in
1464 1988 1525 2015 oleo
1552 1988 1718 2016 sacriﬁcium
1741 1990 1774 2017 de
1799 1990 1890 2017 simila

1096 2032 1161 2059 dicit
1183 2033 1254 2066 quod
1274 2040 1324 2058 nec
1339 2033 1366 2058 in
1386 2033 1494 2059 clibano
1515 2041 1566 2060 nec
1584 2034 1610 2060 in
1625 2035 1770 2069 sartagine,
1789 2043 1842 2062 nec
1864 2036 1890 2062 in

1096 2078 1225 2105 craticula
1241 2078 1366 2105 mittitur.
1384 2078 1452 2112 Ergo
1479 2083 1507 2105 ct
1523 2078 1608 2112 ipsam
1640 2087 1701 2106 esse
1725 2081 1890 2116 theologiam

1095 2123 1222 2154 diximus,
1239 2123 1285 2150 scd
1305 2131 1358 2150 non
1372 2122 1406 2150 de
1416 2123 1555 2150 Dominica
1573 2124 1768 2152 incarnatione.
1786 2124 1820 2152 Ut
1834 2133 1889 2152 non

1095 2176 1161 2204 ergo
1175 2177 1284 2195 omnem
1303 2169 1468 2204 theologiam
1497 2170 1754 2198 circumscribamus
1778 2178 1803 2197 tn
1822 2171 1890 2198 Uni-

1095 2216 1179 2251 geniti
1215 2216 1401 2248 humanitate,
1429 2221 1536 2251 oportet
1566 2225 1618 2244 nos
1650 2222 1675 2244 et
1707 2218 1741 2245 de
1778 2218 1887 2251 Patris,

1095 2267 1123 2288 et
1136 2262 1169 2289 de
1183 2261 1301 2297 Spiritus
1316 2262 1402 2289 sancti
1418 2266 1446 2289 et
1462 2264 1544 2290 etiam
1564 2263 1650 2298 ipsius
1677 2263 1748 2296 Filii,
1765 2273 1826 2299 quae
1854 2274 1887 2292 cx

1097 2307 1237 2340 Patreest,
1267 2308 1415 2336 substantia
1439 2309 1588 2344 disputare.
1617 2310 1761 2344 Propterea
1776 2319 1830 2337 non
1861 2311 1889 2338 in

1097 2354 1243 2388 semetipso
1255 2358 1361 2388 portare
1375 2355 1427 2382 hoc
1449 2355 1612 2383 sacriﬁcium
1627 2355 1762 2390 repetivit,
1777 2356 1826 2382 scd
1856 2356 1890 2383 ﬁ-

1097 2399 1140 2426 liis
1154 2399 1243 2426 Aaron
1259 2399 1335 2432 illud,
1351 2401 1385 2428 ad
1410 2401 1572 2437 theologiam
1600 2409 1649 2436 pcr
1681 2401 1890 2429 meditationem

1097 2445 1300 2480 proﬁcientibus
1329 2447 1542 2482 Scripturarum,
1565 2447 1716 2482 deputavit,
1740 2447 1890 2482 unicuique

1093 2491 1233 2525 aequaliter
1247 2491 1421 2526 dispertiens,
1436 2496 1465 2519 ut
1479 2500 1534 2519 non
1553 2491 1705 2524 dissimilia,
1722 2492 1770 2519 sed
1792 2500 1891 2520 omnes

1094 2536 1192 2563 similia
1207 2537 1240 2564 de
1257 2536 1311 2565 Deo
1326 2539 1469 2565 sentirent.
1483 2538 1516 2565 Et
1539 2538 1590 2565 hoc
1606 2538 1794 2567 manifestum.
1823 2540 1890 2573 quia

1095 2582 1231 2610 haereticis
1244 2583 1277 2610 de
1289 2583 1333 2610 tali
1350 2583 1490 2618 percipere
1516 2583 1649 2610 sacriﬁcio
1677 2591 1730 2610 non
1745 2585 1888 2618 praecepit,

1098 2628 1160 2663 quia
1175 2635 1228 2655 non
1241 2629 1335 2656 eadem
1349 2629 1382 2656 de
1397 2629 1452 2656 Deo
1467 2629 1586 2663 sapiunt,
1600 2629 1646 2655 sed
1662 2634 1689 2655 et
1704 2629 1786 2656 nimis
1807 2629 1889 2657 ditl'c-

1098 2674 1198 2702 renlia.
1215 2674 1271 2702 N0n
1288 2682 1466 2709 conspersum
1482 2679 1574 2701 autem
1599 2674 1634 2700 de
1650 2673 1739 2700 simila
1760 2673 1824 2700 dicit
1837 2674 1891 2702 ite-

1098 2720 1288 2755 rum,quando
1303 2720 1408 2747 decima
1429 2719 1491 2754 ephi
1521 2720 1623 2754 absque
1654 2719 1723 2750 oleo,
1740 2723 1766 2746 ct
1794 2719 1887 2750 thure.

1098 2773 1147 2800 pro
1163 2771 1274 2801 peccato
1287 2765 1408 2797 oﬁ'ertur,
1421 2774 1436 2792 a
1454 2773 1509 2792 non
1528 2765 1682 2793 valentibus
1705 2765 1823 2799 hircum,
1841 2772 1890 2794 aut

1191 2867 1278 2894 “Act.
1293 2876 1326 2899 tv,
1338 2867 1381 2895 54.
1391 2868 1435 2894 25.

1059 2902 1080 2916 “
1097 2902 1175 2929 Joan.
1192 2910 1246 2935 xu,
1262 2903 1305 2929 '55.

1476 2868 1736 2897 "l"sal.cxvtn.8.'i.
1775 2868 1887 2896 "Ilum.

1345 2903 1460 2930 "Hebr.
1476 2911 1521 2931 xit.
1549 2904 1574 2930 5.
1614 2905 1713 2931 “‘l'sal.
1729 2913 1840 2936 χχχ-ειη,
1859 2906 1885 2932 3.
