2052 3146
153 175 203 207 861

724 177 764 209 IN
785 180 1006 211 LEVITICUJI.
1027 195 1062 200 —
1082 183 1156 212 LIB.
1178 183 1219 213 II.
1520 184 1534 190 ”

1736 187 1789 218 852

148 237 239 260 ovem.
256 236 304 257 aut
335 239 383 266 par
410 236 555 261 turturum.
579 237 626 259 aut
641 233 729 268 pullos
756 235 943 262 columbarum
959 237 981 265 Α
995 235 1059 263 dum
1078 237 1282 270 misericordite,
1297 245 1407 274 propter
1435 241 1647 269 inoltedientiam
1679 241 1789 269 inda-.0-

149 275 250 303 oﬁ'crre
263 277 288 303 itt
302 277 473 304 sacrificium.
485 277 542 305 lloe
553 284 643 305 autem
653 279 702 305 etsi
712 280 873 307 sacriﬁeiutn
884 280 944 307 Sal-

150 322 254 349 vatoris
268 322 416 358 signiﬁcat,
434 328 524 351 tamen
541 324 604 358 quia
621 332 675 351 non
692 325 832 361 theologiae
847 326 942 361 gratia,

150 367 199 394 sed
216 375 299 394 causa
316 368 440 396 utilitatis
455 369 596 397 oﬁerentis
614 375 748 405 praecepta
760 376 811 404 est,
824 377 851 399 et
873 371 945 399 hanc

149 412 212 440 ﬁliis
239 414 331 440 Aaron
365 414 515 448 deputavit.
547 415 694 450 Oportebat
724 417 807 449 enim,
837 422 944 444 etcum

151 458 252 486 oblatio
269 460 364 486 eadem
377 464 459 490 esset,
472 467 552 486 causa
569 465 661 487 autem
676 460 770 488 eadem
784 470 839 488 non
861 466 944 494 esset,

151 504 204 531 hoc
220 505 356 539 siquidem
369 511 480 540 propter
494 506 668 541 theologiam,
687 507 752 534 illud
768 513 859 534 autem
882 516 946 542 pro-

151 555 213 585 pter
230 555 417 585 pattpertatem
430 552 594 589 postulantis
618 560 666 587 pro
681 553 800 587 peccatis
821 553 945 587 otl‘ertttr,

152 596 337 624 differentiam
349 597 464 632 aliquam
482 597 646 625 sacriﬁcium
674 598 785 632 habere,
804 603 833 626 ut
852 604 946 627 osten-

152 642 244 671 datur.
261 643 326 677 quid
354 651 402 678 pro
417 643 561 678 theologia,
579 647 606 670 et
633 644 716 679 gloria
732 653 792 679 qua:
814 645 840 671 in
868 645 949 672 Chri—

153 693 197 714 sto
220 693 272 720 est.
299 688 438 720 oﬁ‘eratur,
459 689 525 724 quid
550 697 600 724 pro
617 689 673 716 sola
695 689 810 717 utilitate
830 690 950 718 oﬁ'ercn-

154 733 201 760 tis.

190 776 273 804 Vsus.
293 777 383 804 Η-ίὸ.
404 787 412 803 ι
428 777 491 805 Hice
512 783 554 806 est
580 778 622 806 lex
638 779 733 807 hostiae
760 779 948 814 paciﬁcorum,

154 831 216 858 quae
229 823 344 850 oﬁ'ertur
357 823 481 852 Domino.
499 825 526 851 Si
544 832 591 859 pro
602 825 750 860 gratiarum
767 826 875 853 actione
888 826 948 853 fue—

155 869 313 903 ritoblatio,
330 869 446 897 oﬁ‘erent
457 878 540 905 panes
553 871 654 906 absque
670 871 804 898 fermento
818 879 950 907 consper-

155 923 201 942 sos
228 915 299 949 oleo,
313 920 340 943 et
369 916 462 951 lagana
485 924 577 952 azyma
593 921 673 944 uncta
702 917 772 949 oleo,
789 923 949 953 coctatttque
967 909 986 936 Β

155 961 284 994 similam,
308 966 335 989 et
359 963 503 997 collyridas
519 963 569 991 olei
599 963 762 991 admistione
774 972 947 999 conspersas.

154 1007 244 1035 Panes
258 1014 366 1042 quoque
393 1009 569 1036 l'ermentatos
584 1017 646 1036 cutn
672 1009 761 1037 ltostia
788 1011 947 1045 gratiarum,
973 1022 978 1026 ·

154 1061 215 1088 qua:
230 1054 385 1081 immolatur
404 1062 453 1089 pro
477 1054 607 1090 paciﬁcis,
622 1063 656 1082 ex
678 1056 778 1090 quibus
803 1064 873 1083 unus
900 1064 949 1091 pro

155 1099 285 1134 primitiis
304 1100 435 1128 oﬁ'eretur
463 1101 588 1133 Domino,
606 1105 634 1128 et
650 1101 702 1128 erit
730 1102 879 1129 sacerdotis
902 1102 948 1137 qui

155 1145 250 1172 fundet
269 1146 365 1173 hostiae
382 1147 552 1182 sanguinem,
572 1147 650 1181 cujus
672 1155 768 1174 carnes
782 1147 876 1174 eadem
902 1155 949 1174 co-

155 1191 302 1218 medentur
318 1192 371 1225 die,
386 1201 437 1219 nec
454 1193 606 1220 remanebit
624 1200 656 1220 ex
673 1193 712 1220 eis
727 1192 875 1228 quidquam
903 1201 948 1220 us-

153 1244 208 1271 que
220 1245 310 1264 mane.
330 1247 338 1262 l

190 1282 425 1315 Quemadmodum
439 1284 658 1312 holocaustornm
671 1289 698 1312 et
712 1275 885 1319 peccatorum
906 1293 949 1311 sa-

154 1328 269 1360 eriﬁcia,
286 1329 325 1356 sic
350 1334 377 1356 et
403 1338 433 1356 ea
451 1338 511 1364 qua:
527 1338 577 1365 pro
591 1331 720 1365 paciﬁcis,
751 1331 807 1358 sive
837 1331 948 1358 salutari

155 1373 321 1408 oﬂ'eruntur,
343 1375 501 1408 reiteravit;
520 1377 640 1403 secundo
659 1377 724 1404 illud
739 1377 841 1406 dicens.
859 1381 887 1403 ut
908 1385 951 1402 re-

155 1421 289 1455 petitione
304 1422 461 1448 memoriam
475 1430 570 1449 eornm
587 1423 674 1457 legent
690 1423 888 1450 meditantibus
905 1423 949 1448 ir.-

155 1471 273 1494 sereret.
291 1466 533 1494 Subinfertautetu
548 1475 578 1495 ea
594 1476 654 1502 qua:
677 1473 739 1495 ante
754 1476 807 1495 tton
827 1468 904 1499 dixit,
923 1473 951 1495 ιιι
970 1504 975 1509 .

156 1513 237 1540 nobis
266 1513 346 1541 lectio
371 1514 533 1546 necessaria,
551 1518 577 1542 et
607 1523 660 1542 non
690 1515 862 1550 despicabilis
895 1515 949 1541 ﬁat.

996 291 1067 315 rum,
1100 285 1266 318 permiscent
1286 286 1382 313 mittas.
1413 286 1489 314 Unde
1511 292 1538 314 et
1560 295 1614 315 non
1641 295 1790 323 conspersa

996 329 1056 356 oleo
1072 329 1177 364 lagana,
1194 331 1243 357 sed
1274 336 1380 359 tantum
1403 336 1484 360 uncta
1503 341 1562 361 esse
1581 334 1718 361 dicuntur.
1736 334 1788 361 Co-

996 379 1067 402 ctam
1083 379 1173 402 autem
1192 376 1317 408 similam,
1333 382 1360 405 et
1379 377 1522 412 collyridas
1533 380 1586 407 olei
1600 380 1790 408 commistione

997 427 1168 454 eonspersas,
1200 421 1242 448 vel
1269 422 1339 449 sicut
1373 422 1445 449 LXX
1470 424 1566 451 dicunt
1590 433 1597 451 :
1623 424 1655 451 Et
1673 425 1790 452 similam

998 475 1165 501 conspersum
1180 467 1235 494 oleo
1251 468 1386 503 colig/ridis
1406 478 1506 504 panum
1525 478 1700 504 azymorum:
1714 470 1790 496 simi-

997 512 1051 539 lam
1067 513 1095 539 in
1110 513 1169 540 oleo
1185 521 1370 548 conspersatu,
1389 523 1451 542 cum
1480 515 1652 551 eleemosyna
1683 516 1790 543 theolo-

999 557 1069 593 giam
1086 558 1273 594 intelligimus,
1290 561 1361 587 unde
1375 565 1402 588 et
1415 561 1502 588 simila
1527 566 1639 596 propter
1653 562 1791 589 subtilita-

1000 608 1054 630 tem
1070 603 1180 632 dicitur.
1197 604 1390 633 Verumtamen
1403 606 1428 632 iu
1442 606 1578 641 eollyridis
1594 606 1710 641 panibus
1730 608 1790 634 sine

1000 649 1144 681 fermento,
1167 658 1282 678 nntnera
1297 651 1420 679 sacriﬁcii
1443 652 1628 686 paciﬁcorum,
1647 661 1695 680 seu
1719 653 1792 680 salu-

1001 692 1068 719 taris
1084 694 1214 729 praecepit
1227 695 1295 728 ﬁeri,
1312 696 1339 722 in
1352 696 1509 730 apostolicis
1520 697 1647 724 videlicet
1666 697 1791 730 Scriptu-

988 738 1048 778 Vris.
1066 738 1249 774 Apostolicam
1273 747 1362 768 autetn
1398 742 1549 770 doctrinam
1568 744 1646 778 sequi
1675 743 1794 770 maxime

1001 789 1107 819 oportet
1118 792 1192 818 eum,
1208 787 1252 821 qui
1265 787 1363 815 salvari
1378 789 1524 817 desiderat.

1036 829 1122 856 Panes
1136 839 1236 865 quoque
1249 832 1417 867 fermentatos
1438 842 1497 861 cunt
1528 835 1614 861 Itostia
1633 834 1792 870 gratiarum,

1002 882 1059 908 qure
1078 875 1231 902 immolatur
1253 885 1301 910 pro
1324 877 1452 912 paciﬁcis,
1480 887 1512 905 ea:
1530 879 1623 914 quibus
1646 887 1713 905 unus
1746 886 1794 912 pro

1000 920 1125 954 primitiis
1136 921 1257 955 offeretur
1271 923 1384 949 Domino
1397 931 1404 949 :
1421 928 1445 950 et
1457 924 1506 950 erit
1521 924 1662 950 sacerdotis
1676 924 1721 959 qui
1734 925 1796 958 fun-

999 965 1041 992 det
1056 965 1148 992 hostiw
1163 967 1328 1002 sanguinem.
1342 968 1410 994 LXX
1432 972 1522 996 autcttt
1543 969 1638 996 dicunt
1656 977 1662 995 :
1678 968 1713 995 Et
1727 969 1791 1002 olfe-

999 1015 1037 1037 ret
1058 1011 1089 1037 de
1118 1012 1236 1039 omnibus
1265 1013 1414 1040 muneribus
1438 1014 1492 1040 suis
1528 1012 1708 1040 laudationem
1730 1012 1794 1043 Deo,

998 1057 1129 1084 sacerdoti
1142 1057 1312 1092 profttmlenti
1327 1058 1481 1092 sanguinem
1492 1057 1620 1084 salutaris
1634 1057 1705 1083 illius
1733 1056 1792 1082 erit.

999 1101 1118 1129 Perhmc
1135 1103 1320 1135 ostendentes,
1356 1103 1418 1137 quia
1442 1108 1685 1138 quantumcunth
1712 1101 1795 1128 homo

1000 1148 1085 1182 egerit
1109 1153 1134 1175 et
1165 1147 1271 1180 vixerit,
1297 1148 1458 1179 cucurrerit,
1484 1152 1510 1175 et
1541 1147 1792 1182 comprehenderit,

1000 1194 1062 1221 sive
1072 1199 1213 1222 assecutus
1225 1194 1316 1226 fuerit,
1331 1195 1389 1222 sine
1402 1195 1537 1229 adjutorio
1557 1194 1662 1220 Domini
1675 1194 1792 1220 salutem

1000 1240 1114 1275 adipis‘ci
1147 1242 1204 1267 sive
1221 1240 1331 1275 assequi
1346 1249 1400 1267 non
1424 1244 1524 1275 potest.
1554 1240 1668 1275 Propter
1683 1240 1754 1274 quod
1769 1244 1796 1267 et

1001 1285 1100 1312 Paulus
1131 1286 1257 1313 dicebat:
1273 1285 1332 1312 Non
1361 1285 1470 1313 volentis
1488 1294 1568 1321 nequc
1593 1286 1732 1316 currentis,
1751 1285 1796 1312 scd

1002 1332 1148 1358 miscrentis
1164 1337 1200 1358 est
1215 1331 1262 1358 Dei
1278 1332 1309 1358 τί.
1327 1331 1380 1366 Ipsi
1405 1336 1495 1358 autem
1521 1330 1657 1358 sacerdoti
1684 1330 1796 1364 profun-

1001 1377 1074 1404 ιιι-ιιιί
1103 1377 1261 1412 sanguinem
1282 1377 1427 1407 salutaris,
1456 1377 1483 1404 id
1510 1381 1561 1406 est.
1587 1375 1689 1403 Christi
1714 1376 1796 1403 mitti-

1001 1422 1097 1448 stranti
1113 1426 1140 1448 et
1158 1421 1307 1456 perﬁcienti
1327 1421 1488 1448 sacriﬁcittm
1514 1429 1562 1455 per
1584 1428 1663 1447 suum
1686 1421 1794 1454 adjuto-

1003 1468 1083 1500 rium,
1105 1467 1240 1502 primitias
1254 1467 1336 1502 jussit
1355 1467 1456 1493 offerri.
1473 1466 1591 1493 Attende
1615 1469 1706 1492 autem
1729 1473 1796 1499 qua-

1003 1513 1065 1541 liter
1092 1513 1173 1540 etiam
1200 1516 1361 1547 praesentem
1389 1512 1455 1547 legis
1487 1511 1657 1539 sanctionem
1687 1511 1798 1538 conclu-

158 1557 246 1586 Dividi
262 1563 352 1586 autem
365 1559 428 1586 illud
441 1567 494 1586 non
509 1559 619 1590 frustra,
634 1560 679 1586 sed
700 1566 726 1586 et
743 1560 823 1586 nimis
835 1561 953 1586 rationa-
966 1576 986 1603 ο
1007 1558 1060 1585 sit:

158 1603 251 1630 biliter
262 1604 396 1638 praevidit,
414 1604 471 1630 haec
483 1604 556 1631 enim
567 1604 704 1639 inquisitis
719 1604 878 1640 lcgislatoris
893 1612 951 1631 ver-

160 1650 201 1676 bis
219 1650 387 1676 invenimus.

195 1695 257 1722 Hmc
269 1700 306 1722 est
317 1695 359 1722 [εχιτ
375 1696 465 1723 Ιιοδιῐω
473 1697 655 1731 paci/irarum,
672 1704 729 1732 qtuv
741 1697 846 1731 oﬂ’ertur
863 1697 952 1722 Domi-

160 1749 202 1772 no,
220 1742 243 1767 si
255 1749 303 1774 pro
315 1741 465 1775 gratiarum
484 1743 586 1768 actione
608 1743 705 1776 offeret,
723 1743 774 1768 sive
791 1750 836 1775 pro
857 1741 952 1768 lauda-

161 1788 240 1813 tione.
258 1787 339 1813 Yides
353 1787 468 1814 activam
485 1788 596 1822 quidem
610 1788 695 1814 solum
708 1795 778 1820 esse,
793 1787 952 1814 rationalem

160 1838 261 1866 autem,
277 1837 305 1860 ct
321 1833 436 1860 activam
452 1841 512 1860 esse
528 1833 622 1864 vitam,
638 1841 670 1859 ex
690 1833 732 1859 his
746 1841 806 1867 qua:
826 1832 905 1859 nobis
920 1833 953 1859 ad

161 1881 284 1917 paciﬁca,
298 1882 356 1909 sive
375 1881 408 1908 ad
423 1880 537 1908 salutem
555 1879 759 1907 transeuntibus
775 1879 856 1910 dedit,
877 1885 953 1913 pote-

161 1932 259 1955 statem
273 1928 406 1959 triburns,
423 1934 504 1962 quam
517 1934 550 1953 ev
567 1926 708 1959 utriusque
725 1925 891 1952 voluerimus
907 1925 956 1952 eli-

161 1982 224 2010 gere
238 1983 245 2007 ;
263 1974 328 2009 quia
342 1973 414 2001 enim
427 1972 558 1999 rationale
575 1971 709 2006 quoddam
726 1975 768 1998 est
792 1971 954 1997 sacriﬁcium

161 2022 311 2058 gratiarum
326 2019 452 2049 actionis,
470 2018 526 2045 sive
538 2017 690 2045 secundum
714 2015 794 2046 LXX,
822 2015 955 2041 laudatio-

162 2068 224 2099 nis;
241 2066 305 2093 audi
327 2065 421 2096 David,
439 2070 582 2100 postquam
596 2063 736 2098 prohibuit
753 2060 884 2089 sacriﬁcia
895 2069 956 2095 qua:

163 2113 314 2141 secundum
329 2113 414 2146 legem
430 2114 517 2141 erant,
529 2110 664 2137 dicentem
685 2118 690 2135 :
704 2106 816 2136 Intntola
843 2107 894 2133 Deo
911 2116 957 2133 sa-

162 2160 292 2194 cri/icium
305 2158 391 2185 laudis
402 2161 425 2184 et
450 2157 530 2183 redde
550 2156 682 2183 ditissima
708 2159 767 2182 vota
784 2159 829 2181 tua
838 2154 871 2181 υ.
887 2153 956 2180 Audi

163 2211 191 2234 et
205 2205 321 2233 Paulum
339 2203 372 2232 ad
390 2203 517 2230 llebraros
530 2202 693 2230 scribentem
706 2209 754 2236 per
764 2209 803 2232 se,
816 2200 882 2227 dicit
909 2208 957 2227 att-

1039 1603 1121 1638 anus
1137 1612 1229 1630 cornus
1243 1603 1334 1630 eadem
1354 1603 1524 1630 comcdvntur
1536 1603 1588 1634 (lic,
1611 1611 1656 1629 nec
1679 1611 1800 1630 remane-

1003 1649 1077 1676 bitat
1092 1650 1128 1676 eis
1141 1649 1287 1684 quidquam
1301 1657 1381 1684 usque
1395 1657 1481 1675 mune.
1502 1648 1550 1676 ναι
1569 1649 1638 1676 sicut
1651 1648 1720 1675 LXX
1737 1658 1742 1675 :
1764 1648 1801 1676 Ει

1003 1703 1094 1721 carnes
1120 1695 1243 1728 sacriﬁcii
1267 1694 1354 1720 laudis
1376 1694 1512 1725 salutaris,
1530 1694 1580 1728 ipsi
1607 1699 1682 1721 erant
1707 1694 1800 1721 videli-

1003 1746 1041 1768 cet
1054 1741 1178 1776 offerenti,
1196 1744 1219 1766 et
1234 1740 1262 1766 in
1283 1747 1438 1774 quacunque
1457 1739 1499 1766 die
1514 1739 1622 1766 donabit
1638 1740 1800 1772 contetlelur,

1005 1796 1056 1814 non
1072 1786 1215 1821 relinquent
1235 1793 1266 1812 ca:
1278 1794 1307 1811 eo
1324 1793 1403 1820 usque
1415 1793 1501 1811 mune.
1515 1785 1563 1812 llic
1580 1793 1660 1812 tuane
1672 1785 1800 1812 sa'eulttm

1005 1833 1126 1860 futurum
1147 1831 1275 1866 appellat,
1293 1836 1386 1865 utpote
1403 1830 1474 1865 qttod
1507 1835 1593 1857 totum
1613 1835 1655 1858 est
1676 1831 1745 1857 luris
1774 1834 1802 1857 et

1005 1878 1079 1905 ttocti
1091 1876 1230 1911 prmsentis
1248 1875 1339 1902 saeculi
1356 1875 1487 1902 succedit.
1505 1874 1542 1900 De
1575 1874 1633 1908 ipso
1648 1874 1749 1908 quippe
1775 1877 1802 1900 et

1005 1923 1104 1950 Paulus
1115 1923 1151 1950 ait
1168 1921 1245 1948 :NoI
1255 1921 1396 1955 prtvccssil,
1414 1921 1469 1947 dies
1485 1926 1574 1946 autem
1598 1919 1800 1953 appropinqua-

1006 1970 1041 1996 vit
1053 1969 1074 1984 ⁷¹
1091 1978 1097 1994 :
1115 1967 1198 1995 David
1210 1971 1299 1993 atttent
1313 1966 1379 1992 dicit
1397 1974 1403 1991 ί
1419 1965 1494 1991 Mune
1510 1964 1601 1990 astabo
1612 1964 1688 1990 tibict
1701 1962 1800 1994 ridebo,

1007 2014 1129 2050 quoniam
1148 2019 1198 2039 non
1226 2012 1294 2038 Deus
1314 2012 1401 2037 volans
1427 2011 1593 2043 ittiqui'ulcnt
1615 2015 1641 2034 tu
1660 2017 1685 2035 es
1694 2009 1727 2034 ⁷³.
1744 2007 1802 2034 Non

1007 2061 1064 2087 vult
1081 2067 1143 2094 ergo
1159 2060 1192 2085 de
1203 2058 1330 2085 utrnibtts
1341 2056 1465 2083 sacriﬁcii
1483 2055 1609 2082 salutaris
1624 2055 1650 2080 in
1663 2061 1742 2080 tuane
1760 2061 1802 2079 re—

1008 2105 1103 2140 linqui,
1121 2107 1151 2130 ttt
1165 2111 1219 2129 non
1235 2101 1421 2136 imperfectam
1435 2101 1515 2127 vitam
1528 2104 1648 2126 ttostratn
1667 2098 1800 2132 relinqua-

1008 2160 1078 2184 mus,
1097 2158 1144 2185 pcr
1163 2157 1243 2184 quatit
1256 2155 1305 2175 nos
1323 2152 1431 2182 oportet
1448 2146 1547 2173 salvari
1561 2155 1567 2172 :
1581 2146 1700 2172 scientes
1729 2143 1802 2171 enim

1009 2197 1071 2233 quia
1089 2204 1142 2223 non
1157 2198 1241 2222 restat
1256 2194 1282 2220 in
1309 2193 1355 2219 illo
1374 2192 1473 2219 suscqu
1503 2191 1636 2226 operatio,
1648 2194 1675 2218 et
1692 2190 1718 2217 in
1742 2199 1800 2216 mc-

165 2256 218 2279 tem
242 2261 248 2278 :
266 2250 311 2278 Sic
320 2250 460 2285 offeramus
475 2249 586 2275 hostiam
598 2247 683 2274 laudis
695 2255 796 2280 semper
812 2246 875 2278 Deo,
897 2246 953 2282 fru-
973 2241 995 2270 υ
1010 2243 1123 2270 tnoriattt
1144 2245 1265 2267 nostram
1277 2244 1436 2266 revocantes
1451 2238 1572 2272 quinque
1594 2237 1723 2285 virgines,
1740 2244 1800 2270 qua:

165 2303 235 2324 ctum
251 2297 380 2323 labiorum
404 2294 582 2328 confitentium
600 2293 699 2320 nontitti
714 2292 771 2327 ejus
782 2292 815 2320 7°.
836 2291 957 2324 Quomo-

165 2343 199 2370 do
214 2347 308 2370 autem
325 2341 402 2376 jubet
416 2340 482 2368 illud
499 2339 614 2367 offerri?

200 2390 295 2424 afferet
322 2396 402 2422 partes
419 2387 514 2422 absque
525 2386 660 2421 fet‘tttenlo.
686 2392 834 2419 conspersos
858 2383 961 2415 oleo,et

167 2436 265 2471 lagano
293 2442 388 2468 azyma
411 2437 489 2460 uncta
512 2432 577 2464 oleo,
602 2435 753 2465 coctamque
781 2429 908 2461 similam,
937 2434 961 2456 et

166 2481 308 2516 collyritlas
324 2479 373 2506 olei
388 2478 544 2505 adntistione
557 2485 717 2511 conspersus.
732 2475 808 2508 Quod
829 2474 898 2501 LXX
924 2476 960 2501 ita

167 2528 252 2555 edunt
267 2536 274 2553 :
291 2526 324 2553 Et
350 2525 467 2552 similam
496 2530 661 2558 conspersum
688 2521 753 2552 oleo,
782 2521 808 2547 in
827 2520 960 2554 collyridis

168 2581 266 2607 panum
279 2578 431 2606 azymorum
449 2569 536 2604 offeret
555 2576 664 2594 munera
677 2574 755 2601 super
767 2565 852 2592 altare
863 2564 960 2591 lauda-

169 2618 246 2645 tionis
260 2616 397 2644 salutaris.
413 2615 501 2641 Panes
516 2613 575 2640 sine
599 2612 745 2643 ferittento,
772 2611 829 2638 sive
851 2618 960 2645 azytttos

169 2661 371 2697 eonspersositt
387 2660 459 2690 oleo,
474 2657 639 2693 apostolicos
663 2656 766 2687 libros;
787 2655 880 2690 lagana
906 2663 956 2682 uu-

169 2714 211 2736 cta
225 2708 286 2735 uleo
302 2705 477 2742 propheticos
490 2703 618 2738 intelligo,
632 2702 694 2736 quia
721 2702 759 2728 illi
784 2701 892 2736 quidem
916 2702 959 2729 tti-

171 2755 221 2782 utis
243 2754 398 2789 opulenter,
424 2752 460 2779 illi
481 2755 571 2777 autem
596 2749 645 2776 etsi
674 2753 700 2776 et
730 2748 779 2783 ipsi
807 2749 963 2782 opulenter,

172 2809 223 2827 tton
237 2804 329 2827 tamet:
346 2804 451 2826 tantum
470 2796 634 2824 anuttntiant
662 2793 876 2820 miscricordiam
900 2793 959 2825 Dei,

207 2880 229 2896 "
246 2879 318 2906 Psal.
339 2886 412 2907 χιιι,
437 2878 477 2904 Η.
517 2876 540 2892 ⁷ο
560 2875 642 2903 llehr.
661 2883 720 2905 xttt,
734 2875 777 2902 :‘il.

175 2923 235 2947 xxv,
257 2915 266 2941 ι
282 2922 359 2949 Seqq.
397 2915 418 2929 ⁷⁸
431 2913 511 2940 Prov.
526 2920 564 2942 nt.
579 2911 624 2944 28,
641 2911 684 2938 ΞΩ.

826 2875 848 2890 ⁷·
867 2874 945 2900 Ιὶυιιι.
964 2883 1000 2902 μί.
1019 2873 1058 2900 16.

724 2911 759 2926 7“
774 2911 853 2937 Prov.
869 2918 952 2941 xvvn,
972 2909 980 2935 l
1003 2908 1100 2935 (11:11:.
1119 2915 1154 2938 tv,
1176 2906 1206 2931 li

1007 2289 1071 2324 quia
1084 2288 1191 2322 Sponso
1205 2289 1320 2313 vocante
1336 2284 1428 2311 νειιίιό
1440 2283 1473 2310 ad
1488 2282 1608 2317 nuptias,
1622 2281 1712 2307 oleum
1726 2288 1801 2307 ente-

1009 2341 1038 2361 re
1051 2334 1188 2363 volebant,
1203 2340 1217 2359 a
1232 2331 1334 2366 nuptiis
1344 2330 1460 2357 exclusa:
1475 2333 1539 2356 sttttt
1553 2327 1586 2359 7",
1615 2326 1682 2353 nihil
1696 2333 1802 2356 eorum,

1010 2385 1070 2412 qua:
1084 2377 1117 2403 ad
1133 2377 1246 2403 salutettt
1259 2375 1415 2410 proﬁciunt,
1427 2381 1481 2400 non
1497 2372 1701 2402 manducatuut,
1720 2369 1746 2396 id
1763 2373 1805 2396 est

1012 2430 1065 2449 non
1080 2426 1222 2456 operatum
1237 2428 1316 2448 mane
1342 2419 1509 2454 lllh'liigii'iic
1537 2417 1732 2451 relinquamus.
1749 2414 1806 2441 Hoc

1011 2468 1084 2495 enim
1105 2467 1182 2494 nobis
1205 2472 1233 2493 et
1263 2466 1389 2493 Salomon
1413 2465 1440 2491 itt
1473 2463 1629 2490 Proverbiis
1644 2462 1729 2489 dicit:
1746 2460 1806 2487 Non

1010 2515 1102 2540 dicas:
1120 2512 1201 2544 Vade,
1219 2518 1242 2539 ct
1260 2515 1498 2543 revertere,etcras
1515 2509 1581 2536 dabo
1594 2509 1640 2535 tibi
1651 2507 1806 2534 cumstutim

1011 2560 1093 2594 possis
1100 2559 1162 2586 dare
1171 2559 1204 2591 7‘;
1221 2566 1300 2592 neque
1310 2558 1378 2583 enim
1388 2557 1438 2596 scis
1448 2556 1510 2592 quid
1519 2555 1607 2590 pariat
1619 2557 1806 2587 superuentura

1010 2607 1081 2633 dies:
1094 2599 1125 2632 tie
1141 2606 1216 2641 forte,
1231 2605 1278 2635 ait,
1295 2604 1445 2634 (letlucaris,
1465 2601 1509 2628 ubi
1526 2609 1577 2628 non
1595 2606 1676 2634 potes,
1696 2606 1740 2625 nec
1760 2597 1808 2624 mi-

1011 2653 1192 2683 sericordiam,
1207 2659 1252 2677 nec
1265 2650 1346 2676 aliam
1358 2650 1480 2676 virtutem
1495 2646 1599 2682 operari
1614 2645 1636 2661 ⁷⁵
1646 2647 1666 2672 ”.

1048 2698 1128 2726 Vens.
1143 2698 1232 2724 16-20.
1247 2707 1255 2722 ι
1270 2696 1297 2724 Si
1316 2701 1390 2727 voto,
1405 2695 1446 2722 vel
1462 2698 1560 2729 sponte
1573 2692 1716 2727 quisquam
1729 2689 1808 2716 obtu-

1018 2745 1080 2772 lerit
1096 2744 1222 2775 hostiam,
1237 2743 1332 2770 eadem
1351 2741 1476 2769 similiter
1490 2740 1587 2767 edctur
1600 2737 1654 2765 die.
1675 2735 1727 2763 Sed
1744 2739 1770 2761 et
1784 2733 1808 2761 si

1017 2790 1081 2826 quid
1092 2789 1117 2816 in
1128 2788 1277 2816 crastinum
1290 2785 1463 2818 remanserit,
1473 2784 1543 2812 vesci
1557 2783 1658 2810 licitum
1667 2786 1718 2808 est.
1726 2779 1809 2812 Quid-

1113 2871 1134 2886 "
1157 2869 1234 2896 Rom.
1252 2877 1310 2900 χιιι,
1342 2867 1382 2893 19..
1436 2866 1457 2882 ⁷⁸
1474 2865 1543 2892 Psal.
1561 2873 1587 2896 v,
1600 2862 1626 2890 5.
1678 2860 1700 2877 "
1712 2858 1806 2887 Matth-
