2052 3146
243 184 298 217 803

836 182 1016 213 HESYCIIII
1035 182 1270 212 PRESBYTERI

1826 172 1878 205 Si}!

243 244 309 280 quid
328 247 420 271 autem
436 241 535 269 tertius
547 240 687 268 invenerit
700 240 768 272 dies,
781 241 851 275 ignis
864 242 992 268 absumit.
1004 240 1032 267 Si
1048 243 1070 270 Α
1084 241 1162 274 Quod
1179 246 1326 276 utrumque
1344 240 1370 267 in
1388 238 1515 275 praesenti
1531 237 1631 265 smeulo
1657 234 1802 269 contingit,
1823 241 1879 260 non

244 289 305 324 quis
316 288 350 315 de
359 286 488 314 carnibus
495 285 611 312 victimie
621 284 796 320 paciﬁcornm
805 284 849 311 die
861 284 941 311 tertio
948 292 1036 312 corne-

245 332 409 365 derit,irrita
424 331 470 358 ﬁet
483 331 593 363 oblatio,
609 338 659 358 nec
675 330 931 365 proderitoﬁ‘crenti
946 337 952 356 ε
968 331 1035 365 quin

245 379 337 414 potius
344 385 515 412 qurecunque
525 377 615 404 anima
627 377 671 403 tali
683 384 712 403 se
723 377 813 403 edulio
830 377 1037 403 contaminave-

245 425 290 455 rit,
308 424 540 459 praevaricationis
557 432 602 450 rea
616 424 676 450 erit.
696 423 764 450 Caro
779 431 839 457 qua:
854 422 954 456 aliquid
972 421 1036 448 teti—

245 470 313 505 gerit
329 470 510 502 immundum,
524 477 578 496 non
606 470 773 500 coinedctur,
787 469 834 495 sed
862 468 1038 494 ceinbnretur

245 516 312 549 igni,
339 516 386 551 qui
411 516 491 543 fuerit
513 515 681 547 immundus,
699 519 822 542 veseetur
834 523 867 541 ex
882 522 923 540 ea.
939 513 1037 540 Anima

245 563 348 597 polluta
364 570 425 596 qua:
441 562 528 588 ederit
543 562 577 588 de
589 562 717 588 carnibus
737 560 833 587 hostia:
861 560 1037 594 paciﬁeoruni

246 615 307 641 qua:
323 607 412 633 oblata
429 610 471 633 est
497 606 623 637 Domino,
641 606 740 640 pi-ribit
756 605 790 632 de
816 604 922 639 populis
941 604 1007 631 suis.
1027 613 1035 629 ι

285 653 347 679 Ihee
361 653 404 679 lex
421 653 454 680 ad
471 652 584 687 primani
601 652 710 686 quidem
732 651 828 678 faciem
845 650 980 677 contraria
997 651 1038 677 vi-

247 698 327 724 detur
362 698 589 731 praecedentibus,
614 697 661 724 sed
689 705 743 723 non
771 697 806 723 ita
830 701 872 723 est.
904 696 1037 727 discussa,

249 743 348 778 quippe
368 743 449 770 nimis
471 743 610 771 invenitur
624 743 664 770 eis
685 751 747 769 esse
766 742 946 770 concordans.
972 742 1038 768 Illud

249 793 338 815 autem
354 790 521 815 scrutantem
540 788 687 823 intelligere
707 788 898 822 oportet,qnia
915 788 1038 815 umbram

250 833 352 861 habens
386 834 428 861 lex
462 834 615 862 futurorum
639 835 781 866 bonorum,
809 838 882 860 recte
902 833 994 860 multis
1013 837 1041 860 et

249 879 441 908 diﬂ’erentibus
466 881 672 915 qurestionibns,
694 881 727 908 ad
756 879 895 915 ﬁguranda
918 887 950 907 ea
980 887 1041 914 qua:

250 924 428 959 designantur
439 925 578 960 mysteria,
591 933 638 952 usa
653 929 704 951 est.

285 969 313 996 Si
326 975 383 996 inito
406 970 446 997 vel
458 975 549 1005 sponte
565 971 697 1006 quispiam
715 970 836 997 obtulerit
851 971 975 1002 hostiam,
995 979 1041 997 eo-

250 1016 308 1042 dem
323 1016 444 1042 similiter
457 1017 548 1043 etletur
560 1017 610 1043 die.
632 1016 684 1043 Sed
698 1021 721 1042 et
732 1017 755 1043 si
766 1017 829 1048 quid
852 1017 879 1043 in
896 1017 1043 1043 crastinum

252 1063 418 1092 remanserit,
432 1063 498 1089 vesri
512 1062 612 1090 licitum
637 1068 671 1089 est
685 1071 693 1090 :
708 1064 835 1098 quidquid
847 1069 935 1090 autem
951 1064 1044 1091 tertius

251 1108 377 1134 invenerit
399 1109 452 1135 dies
476 1109 544 1144 ignis
563 1109 783 1137 absitntit.0ninc
804 1110 912 1144 quidem
939 1110 1044 1137 sacriﬁ-

252 1153 511 1188 ciuni‘paeiﬁcorum
529 1163 576 1182 seu
590 1156 708 1182 salutare
717 1161 896 1190 spontaneum
911 1160 961 1187 cst,
973 1157 1044 1183 unde

253 1200 319 1226 illud
330 1200 400 1226 inter
416 1200 486 1226 dona
502 1201 634 1234 superiori
658 1206 734 1235 parte
758 1201 818 1228 libri
843 1202 941 1236 hujus,
956 1201 1044 1238 legis-

253 1245 322 1272 lator
339 1245 482 1279 ascripsit;
500 1246 547 1272 sed
562 1246 709 1280 gratiarum
725 1246 856 1278 actionis,
883 1246 939 1273 sive
956 1247 1045 1275 laudis

254 1290 429 1322 sacriﬁcium,
445 1299 600 1325 quanquam
625 1292 730 1327 species
753 1293 787 1319 sit
813 1293 959 1321 oblationis
985 1294 1045 1329 ejus

254 1343 316 1370 quae
332 1343 406 1363 nunc
423 1336 494 1363 dicta
509 1342 561 1368 est,
581 1342 669 1364 tamen
693 1338 755 1372 quia
776 1339 935 1366 rationabile
960 1339 1046 1373 quod-

255 1384 317 1411 dam
335 1388 386 1416 est,
403 1389 545 1419 propterea
559 1386 584 1410 in
609 1385 667 1420 lege
686 1385 864 1412 voluntarium
881 1393 936 1412 non
964 1385 1047 1412 habet

256 1432 378 1459 additum
401 1441 407 1459 :
424 1433 484 1467 quia
502 1440 564 1459 cum
583 1433 642 1460 sine
666 1433 749 1460 dubio
769 1433 915 1461 rationales
948 1434 1045 1467 simus,

255 1478 376 1505 debitum
391 1478 591 1513 quodammodo
601 1479 767 1514 prmcipiium
782 1479 903 1506 Creatori
916 1481 1048 1508 rationale

259 1524 425 1551 sacriﬁcium
441 1525 582 1552 debemus.
599 1524 746 1559 Propterea
762 1525 788 1552 in
802 1534 835 1553 c0
863 1527 1047 1553 voluntarium

257 1570 300 1597 lex
320 1570 439 1602 reticuit.
460 1579 514 1598 non
535 1571 599 1598 illud
616 1572 754 1606 excipiens
770 1581 784 1598 a
809 1573 980 1604 voluntariis,
997 1581 1047 1600 ne-

257 1623 310 1650 que
329 1616 402 1642 enim
430 1624 480 1650 pro
507 1617 636 1651 peccatis,
664 1618 711 1644 sed
731 1626 782 1644 nec
806 1626 839 1644 ex
865 1619 1047 1652 promissione

257 1661 377 1688 oblatum
396 1662 524 1689 ostendit.
542 1663 657 1689 Tantum
673 1668 762 1690 autem
777 1668 857 1695 tacet,
871 1665 1048 1698 quemadmo-

257 1706 322 1734 dum
349 1707 478 1739 diximus,
503 1708 683 1735 voluntarinm
698 1730 704 1741 ,
724 1709 781 1736 sive
799 1715 991 1743 spontanmim,
1020 1715 1048 1737 ut

257 1760 319 1780 c.nn
341 1753 500 1781 siletnrhoc
517 1755 628 1781 verbum
642 1754 686 1789 qui
716 1755 859 1782 rationales
882 1757 976 1788 simus,
1005 1757 1050 1783 de-

257 1799 323 1826 bere
343 1807 392 1826 nos
410 1800 464 1827 Deo
476 1801 616 1828 rationalia
646 1801 778 1828 sacriﬁcia
809 1794 1000 1837 intelligamus,
1022 1807 1048 1830 ct

257 1845 331 1871 omni
347 1845 684 1874 eistndioadieci-earinis.
702 1846 756 1873 Sed
781 1847 908 1881 quoniam
938 1847 992 1874 illic
1020 1847 1047 1873 in

256 1897 310 1924 qua
326 1890 368 1917 die
382 1891 506 1922 offertur,
524 1892 685 1922 come-ditur,
702 1893 748 1923 ait,
763 1892 807 1920 hic
822 1897 923 1924 autem,
936 1893 962 1919 in
980 1901 1048 1927 qua-

255 1943 363 1971 cunque
375 1936 419 1963 die
434 1937 557 1971 oﬁ‘erinr,
574 1942 600 1964 ct
613 1938 638 1964 in
657 1938 774 1965 crastino
789 1947 794 1964 :
813 1946 863 1965 nec
876 1938 928 1966 hoc
941 1944 1048 1966 contra-

255 1983 326 2009 rium
342 1987 393 2014 est,
409 1984 579 2018 apertissime
597 1984 668 2011 enim
682 1984 770 2011 ethoc
783 1985 855 2019 quod
867 1985 983 2012 dicimus
993 1994 1048 2012 cra-

255 2029 367 2060 stinum,
393 2029 581 2057 dcinnitiatnni
610 2031 752 2065 praesentis
783 2031 873 2057 sreculi
896 2034 948 2061 est,
974 2031 1047 2065 quod

256 2079 370 2102 testatur
380 2075 497 2102 Jacobus
511 2076 604 2103 dicens
616 2085 622 2102 :
632 2076 696 2102 Erue
707 2084 775 2102 nunc
786 2077 830 2110 qui
843 2077 930 2102 (licitis
942 2085 950 2103 :
964 2078 1047 2104 Hodie

255 2124 279 2146 et
292 2121 406 2146 crastino
419 2121 610 2147 ambulabiinns
634 2122 661 2147 iu
675 2121 750 2148 illam
775 2122 907 2148 civitatem.
926 2127 949 2148 et
974 2131 1048 2157 uego-

256 2165 393 2196 tialiiniur,
409 2171 432 2191 et
446 2165 545 2192 lucrum
560 2167 685 2202 faciemus
699 2167 731 2194 ⁷⁸.
747 2167 780 2193 Ει
794 2168 905 2194 omnino
923 2175 976 2194 non
1004 2168 1047 2195 iii-

255 2209 349 2236 venies
359 2210 513 2245 ubicunque
528 2211 554 2237 in
569 2211 704 2245 Scriptura
731 2212 891 2242 crastinum,
913 2213 1047 2240 assimila-

256 2260 312 2281 tnm
338 2255 430 2282 futuro
461 2257 570 2286 Sicculo.
588 2258 635 2284 sed
662 2258 761 2284 dicitur
784 2258 893 2292 quidem
923 2267 1043 2292 [)l‘Jtst'IIS
1063 2253 1085 2278 Ῐ)

255 2300 382 2327 ειῡρηιιιτιι
407 2300 497 2333 hodie,
531 2302 668 2336 quomodo
694 2303 776 2328 Daviil
808 2303 893 2330 dicit:
918 2303 1003 2330 Iiorlie
1023 2305 1046 2331 si

254 2353 341 2372 vocem
364 2347 420 2381 ejus
442 2347 588 2378 audieritis,
603 2348 682 2374 nolite
699 2348 827 2375 obdurare
849 2349 928 2375 cortlu
950 2355 1044 2382 vestra,

253 2392 318 2418 sicut
331 2393 356 2418 iu
367 2394 566 2420 eraterbuiione
579 2395 610 2420 ⁷⁷.
627 2394 661 2420 Et
679 2402 772 2421 rursus
786 2395 884 2421 Paulus
901 2405 906 2421 :
925 2395 975 2422 Seil
998 2397 1048 2422 uil-

256 2437 397 2464 ltortamini
411 2440 576 2473 vosmetipsos
588 2448 634 2474 per
657 2440 772 2475 singulos
786 2441 850 2471 dies.
869 2442 948 2468 doner
972 2442 1048 2468 liorlie

255 2485 453 2517 cognominatur
465 2485 496 2512 ⁷³.
526 2485 629 2512 Dicitur
643 2491 732 2513 autem
753 2491 780 2514 et
801 2495 872 2519 cras,
890 2496 944 2514 non
957 2493 1047 2524 tamen

254 2529 367 2556 omnino
382 2531 433 2556 ἀνὰ
446 2531 590 2567 διαστολὴν
606 2533 729 2560 hodierni
743 2542 748 2559 :
765 2533 811 2560 sed
825 2533 887 2568 quia
909 2534 1049 2567 pricscntis

254 2574 345 2600 saeculi
355 2582 408 2602 non
415 2576 507 2603 eadem
515 2582 578 2604 sunt
585 2578 681 2612 spatia,
691 2579 792 2606 sicutin
802 2578 955 2607 Proverbiis
962 2585 1051 2606 osten-

254 2619 302 2652 dit,
329 2620 368 2647 Ne
379 2622 451 2648 dicas
464 2623 549 2649 antica
562 2628 605 2649 tuo
620 2632 628 2650 :
655 2623 734 2655 Vade,
752 2631 775 2652 et
790 2634 848 2652 cras
866 2626 933 2652 veni.
957 2626 1050 2660 Neque

255 2666 328 2694 enim
344 2667 487 2694 sarculnm'
504 2669 633 2696 describit
645 2669 776 2704 futurum,
792 2672 838 2698 sed
853 2673 1024 2706 subsequens
1037 2693 1044 2704 .

254 2711 397 2746 praesentis
422 2713 484 2739 vitm
516 2718 631 2748 tempus.
644 2715 758 2749 Propter
770 2717 839 2750 quod
854 2717 920 2744 dixit
934 2727 940 2744 :
958 2717 1048 2753 Neque

254 2756 323 2782 enim
336 2757 398 2783 sdes
411 2758 473 2792 quid
485 2759 574 2792 pariat
588 2766 774 2793 superuentura
787 2762 841 2787 dies
856 2762 887 2793 π’,
907 2762 932 2788 id
948 2767 998 2793 est,
1015 2769 1048 2788 nc

254 2797 324 2826 forte
335 2800 362 2827 iu
376 2808 407 2828 ea
421 2803 555 2835 moriaris,
571 2809 616 2831 aut
631 2805 664 2831 ab
676 2805 762 2840 aliqua
782 2806 937 2841 iiiipediaris
951 2815 1044 2834 causa.

293 2887 379 2917 “Jac.
395 2898 430 2924 tv,
451 2892 490 2919 15.
531 2893 551 2908 ⁷⁷
566 2892 637 2920 Psal.
652 2901 722 2926 χειν,
738 2893 766 2925 8;
779 2892 861 2920 llebr.
879 2902 915 2927 iv,
926 2896 950 2922 7.

992 2895 1012 2910 7“
1029 2895 1110 2923 llebr.
1129 2903 1170 2928 in,
1189 2896 1228 2923 l3.

1088 287 1113 314 in
1133 287 1235 314 t‘uturo.
1262 286 1340 314 Unde
1363 294 1414 313 nec
1440 285 1495 312 ullo
1520 283 1600 311 modo
1623 282 1696 310 diem
1719 279 1878 315 duplicavit,

1088 341 1169 360 tinam
1196 333 1268 360 diem
1294 337 1398 359 tantum
1419 331 1512 358 dicens
1537 330 1564 356 in
1580 327 1714 355 sacriﬁcio
1732 325 1880 361 gratiarum

1087 379 1214 410 actionis,
1231 379 1288 406 sive
1296 378 1392 404 laudis.
1407 377 1460 404 Aut
1476 378 1544 403 forte
1554 376 1619 402 hinc
1637 373 1811 400 manifestum
1839 374 1882 398 est

1087 424 1150 459 quia
1163 423 1206 450 his
1224 423 1269 457 qui
1286 422 1445 449 rationalem
1460 421 1542 446 vitam
1565 418 1636 453 apud
1662 425 1691 444 sc
1715 415 1882 442 deﬁnierunt

1088 475 1115 497 et
1131 469 1250 496 studium
1268 469 1377 503 quietis,
1403 466 1486 494 veluti
1515 464 1596 492 Maria
1611 471 1671 498 qure
1692 462 1791 488 bonam
1822 467 1883 494 par-

1089 516 1246 550 teinelegit,
1262 519 1289 542 et
1301 514 1333 541 ad
1357 513 1439 548 pedes
1451 511 1556 538 Domini
1585 509 1649 536 Jesu
1675 507 1775 535 Christi
1802 506 1884 533 sedc-

1088 561 1143 593 liat,
1162 560 1277 593 simplex
1293 564 1335 586 est
1361 558 1413 584 vita
1429 562 1455 584 ct
1469 557 1546 583 velox
1569 559 1650 589 atque
1674 553 1707 579 ad
1733 552 1879 579 transitum

1089 610 1192 640 parata.
1214 605 1260 632 Eis
1275 612 1339 631 vero
1357 603 1401 638 qui
1433 602 1548 629 activam
1576 600 1725 634 elegerunt,
1755 605 1810 623 non
1833 597 1881 628 ita,

1089 652 1136 678 sed
1151 652 1294 683 laboriosa,
1322 649 1410 684 qualis
1435 652 1494 675 erat
1511 646 1620 673 Martha:
1634 653 1694 680 quze
1720 643 1884 671 turbabatur

1089 706 1152 732 erga
1168 697 1244 731 plura
1259 697 1292 723 ⁸ο.
1306 696 1384 723 Unde
1400 699 1429 722 et
1456 695 1479 721 ei
1495 693 1594 727 duplex
1624 697 1741 725 tempus,
1770 694 1882 724 propter

1087 743 1207 775 labores,
1231 745 1424 776 computatur;
1446 743 1632 767 verumtamen
1656 736 1803 771 legislator,
1832 734 1884 762 etsi

1090 789 1182 817 verbis
1206 789 1321 815 diversis
1343 787 1430 814 utitur
1442 790 1552 821 propter
1565 783 1733 818 opulentiam
1758 781 1882 816 sp’ritus,

1090 840 1116 863 et
1135 840 1165 862 ut
1179 834 1338 869 multiplicia
1355 833 1491 862 redderet.
1509 832 1580 858 sicut
1593 837 1665 864 s-.epe
1687 829 1819 859 diximus,
1839 827 1885 854 in-

1091 881 1246 916 telligentia:
1272 880 1426 915 aenigmata,
1448 887 1463 905 a
1477 877 1599 905 districta
1622 882 1713 903 tamen
1731 874 1886 902 subtilitate

1058 921 1078 949 Β
1092 935 1146 954 non
1163 927 1275 959 recedit,
1292 927 1338 953 sed
1357 925 1395 953 ibi
1410 925 1488 957 dixit,

1128 974 1187 1000 Non
1197 973 1342 1007 relinquent
1356 975 1387 999 de
1402 980 1431 998 eo
1441 972 1468 998 iu
1481 979 1566 998 mane.
1583 970 1642 997 Non
1657 969 1761 997 dicens.
1778 967 1804 994 in
1826 973 1888 993 cra-

1094 1021 1176 1051 stino,
1193 1020 1256 1054 quia
1273 1019 1423 1046 crastinum
1434 1026 1488 1044 non
1506 1016 1640 1052 signiﬁcat
1652 1016 1773 1042 futurum
1797 1021 1887 1040 sarcu-

1094 1067 1150 1094 lum
1167 1075 1173 1093 ε
1188 1066 1231 1093 hic
1254 1069 1345 1091 autem
1366 1063 1498 1098 quidquid
1530 1063 1627 1090 tertius
1657 1060 1792 1088 invenerit
1815 1059 1886 1092 dies,

1095 1113 1166 1148 ignis
1180 1111 1308 1142 absumit,
1322 1103 1371 1145 per
1392 1110 1463 1137 diem
1480 1109 1600 1139 tertium,
1619 1107 1739 1134 futui-nni
1762 1106 1888 1132 indicans

1096 1158 1225 1186 SIECliilllll
1238 1179 1244 1190 ,
1259 1158 1286 1184 in
1306 1157 1365 1191 ipso
1377 1156 1478 1190 quippe
1496 1155 1630 1190 generalis
1644 1159 1687 1181 est
1714 1157 1886 1179 mortuorum

1095 1204 1259 1232 resurrectio
1275 1213 1281 1230 :
1303 1210 1382 1237 quani
1399 1202 1523 1237 designat
1547 1200 1618 1228 tertii
1631 1201 1684 1227 diei
1699 1201 1769 1226 facta
1795 1207 1889 1226 resur-

1096 1251 1180 1277 rectio
1195 1249 1300 1278 Domini
1316 1257 1375 1284 quze
1391 1256 1472 1274 mane
1487 1247 1621 1282 provenit.
1641 1246 1756 1280 Propter
1769 1245 1843 1280 quod
1861 1248 1889 1272 et

1096 1305 1176 1324 mane
1189 1296 1317 1324 szeculuin
1329 1296 1448 1322 diximus
1460 1294 1613 1330 signiﬁcare
1630 1293 1762 1319 futurum.

1133 1345 1201 1371 Tum:
1213 1353 1272 1379 ergo
1282 1344 1352 1378 quod
1371 1343 1500 1378 reliquum
1512 1347 1549 1368 est
1561 1342 1592 1368 de
1611 1341 1740 1375 sacri/icio
1764 1331 1889 1374 paci/iec-

1098 1400 1156 1418 ruin
1168 1399 1212 1417 seu
1232 1390 1392 1416 salutarium
1413 1389 1472 1424 igne
1499 1393 1676 1414 constituetur.
1700 1385 1890 1420 Quodcunque

1098 1438 1171 1465 eniin
1192 1437 1381 1471 reliquerimus
1410 1436 1443 1462 ad
1459 1440 1579 1462 nostram
1607 1434 1721 1460 salutem
1738 1433 1890 1467 pertinens,

1099 1484 1269 1518 inoperatuin
1288 1488 1339 1514 est,
1369 1486 1459 1509 autem
1488 1481 1662 1515 inoperatuni
1691 1484 1719 1507 et
1753 1480 1803 1506 hoc
1816 1478 1891 1514 quod

1100 1530 1168 1556 male
1183 1534 1326 1563 operatum
1339 1532 1391 1560 est,
1410 1533 1437 1555 et
1452 1528 1536 1562 ligna,
1564 1531 1609 1553 aut
1627 1526 1719 1553 fenum
1739 1531 1820 1560 atque
1839 1524 1893 1552 sti-

1060 1589 1081 1615 c
1100 1575 1162 1610 piila
1185 1575 1295 1606 factum,
1311 1575 1362 1601 hoc
1374 1574 1434 1609 igne
1450 1579 1638 1604 consumetur,
1655 1581 1704 1599 nos
1723 1577 1815 1598 autem
1843 1571 1893 1598 de-

1101 1622 1258 1648 trimentum
1275 1621 1422 1655 patiemur.
1436 1619 1489 1647 Sed
1504 1620 1568 1654 quid
1586 1619 1627 1646 his
1642 1619 1770 1646 addidit?

1135 1666 1232 1701 Siquis
1243 1667 1274 1693 de
1287 1667 1409 1692 cantibus
1427 1666 1539 1692 victima:
1559 1665 1729 1700 paci/iterum
1748 1665 1790 1691 die
1814 1665 1892 1692 tertio

1099 1713 1248 1745 comederit,
1267 1713 1344 1739 irrita
1364 1712 1408 1746 ﬁet
1427 1711 1535 1744 oblatio,
1558 1719 1602 1737 nec
1616 1711 1730 1744 proderit
1749 1709 1866 1744 offerenti
1883 1717 1893 1737 :

1099 1756 1162 1791 quin
1173 1757 1258 1790 potius
1270 1764 1429 1791 qua-cunque
1440 1756 1528 1782 animo
1547 1755 1595 1781 tali
1609 1763 1635 1781 se
1654 1755 1741 1781 edulio
1759 1755 1891 1781 contami-

1100 1803 1208 1833 naverit,
1233 1803 1460 1837 prwvaricalionis
1487 1810 1530 1828 rea
1544 1803 1602 1828 erit.
1623 1801 1676 1828 Nec
1701 1801 1760 1828 lliPC
1790 1801 1893 1828 frustra

1099 1849 1228 1883 prmsenti
1243 1848 1377 1876 sanctioni
1400 1848 1513 1879 addidit,
1530 1848 1577 1875 sed
1600 1848 1662 1882 quia
1690 1847 1799 1882 quidam
1831 1852 1893 1881 post

1099 1894 1180 1920 ﬁnem
1207 1894 1288 1927 huius
1321 1894 1382 1920 vitae
1416 1897 1443 1920 ct
1465 1898 1636 1920 mortuorum
1661 1893 1893 1920 resurrectionem

1099 1940 1178 1966 aliain
1197 1939 1275 1966 talem
1290 1939 1382 1969 vitam,
1400 1938 1571 1972 qualisnunc
1588 1942 1639 1969 est,
1654 1937 1810 1964 describere
1824 1945 1893 1972 pra:-

1099 1989 1286 2020 sumpsernnt,
1303 1985 1377 2011 mille
1393 1991 1527 2010 annorum
1547 1983 1681 2018 quoddam
1701 1984 1828 2010 saeculum
1849 1983 1891 2009 in‘

1099 2031 1282 2060 trodnccntcs,
1296 2030 1323 2056 in
1336 2030 1400 2064 quo,
1420 2033 1449 2055 ut
1470 2029 1556 2060 aiunt,
1572 2027 1722 2055 Jerusalem
1751 2027 1890 2054 sensibilis

1098 2076 1284 2108 aediﬁcabitur,
1300 2076 1484 2110 templumque
1505 2075 1574 2109 ejus,
1592 2079 1620 2101 et
1636 2082 1695 2108 qum
1712 2073 1738 2100 in
1751 2081 1781 2100 ea
1798 2081 1890 2107 quon-

1098 2123 1159 2149 dam
1176 2121 1285 2148 l'ueruut
1301 2121 1399 2148 Sancta
1425 2125 1581 2147 sanctorum
1610 2119 1849 2148 restaurabuntur,
1867 2123 1894 2144 et

1098 2167 1228 2194 sacriﬁcia
1241 2167 1400 2199 oil‘erentur,
1411 2165 1575 2200 nuptm-que,
1590 2169 1617 2191 et
1632 2164 1748 2190 ﬁlionum
1764 2171 1891 2198 procrea-

1100 2215 1145 2246 tio,
1158 2218 1185 2241 et
1197 2214 1300 2240 delicire
1314 2213 1437 2247 qiitedam
1452 2220 1512 2239 eum
1524 2211 1626 2245 justitia
1644 2211 1778 2243 sensibili,
1790 2215 1817 2236 et
1832 2211 1894 2236 lon-

1099 2269 1130 2296 ge
1145 2260 1194 2286 alia
1207 2259 1378 2286 conversatio
1394 2263 1496 2288 nostra,
1512 2265 1592 2291 quam
1608 2265 1639 2283 ea
1671 2265 1731 2290 qua:
1762 2265 1836 2283 nniie
1851 2261 1896 2283 est

1098 2306 1243 2338 iustorum,
1274 2312 1336 2330 cuni
1354 2311 1387 2330 ex
1415 2303 1531 2329 mortuis
1564 2302 1794 2328 resnrrexerinins
1814 2302 1867 2328 erit
1886 2312 1892 2328 :

1100 2352 1171 2378 hanc
1187 2359 1250 2385 ergo
1265 2349 1503 2383 prarsnniiptioiiein
1516 2349 1550 2375 de
1561 2350 1657 2375 animo
1683 2353 1778 2374 nostro
1802 2356 1894 2374 remo-

1100 2405 1163 2423 vere
1181 2397 1293 2431 cupiens
1310 2405 1316 2422 :
1333 2396 1359 2422 Si
1372 2396 1433 2429 quis
1445 2395 1477 2422 de
1488 2395 1626 2427 carnibus,
1640 2395 1687 2426 ait,
1716 2394 1894 2428 pariﬁcouim

1101 2442 1143 2469 (lie
1158 2442 1239 2468 tertio
1253 2442 1413 2473 comederit,
1432 2441 1458 2467 id
1471 2444 1526 2471 est.
1548 2441 1570 2466 si
1584 2441 1645 2474 quis
1674 2440 1725 2466 Silii
1746 2440 1771 2466 in
1789 2440 1894 2474 cogfla-

1101 2488 1174 2514 tione
1192 2491 1336 2522 proponat,
1353 2487 1415 2521 quia
1432 2491 1494 2521 post
1522 2486 1753 2512 resurrectionem
1769 2491 1894 2512 mortuo—

1102 2541 1170 2565 rnin,
1188 2533 1314 2568 reliquias
1331 2533 1410 2568 hujus
1426 2533 1486 2559 vit:e
1495 2537 1606 2559 acturus
1617 2537 1668 2562 est,
1683 2537 1710 2559 ct
1732 2532 1814 2558 modo
1826 2540 1897 2566 quo-

1101 2579 1162 2606 daai
1182 2579 1306 2606 comedat
1323 2579 1450 2613 praedicta
1481 2579 1508 2604 l‘tl
1538 2583 1640 2610 mente,
1655 2583 1734 2605 lIlCHS
1758 2586 1807 2612 pro
1833 2578 1896 2604 cibo

1103 2625 1262 2659 phantasia;
1279 2629 1305 2651 et
1319 2633 1432 2659 speratis
1444 2633 1472 2652 se
1485 2625 1628 2652 comedere
1642 2632 1675 2651 co
1701 2629 1823 2659 tempore
1840 2633 1896 2658 quo

1105 2671 1248 2698 comedere
1278 2671 1446 2705 impossibile
1472 2674 1524 2701 est,
1542 2670 1567 2697 id
1589 2676 1640 2701 est,
1661 2670 1790 2705 operari:
1813 2670 1896 2703 hujus

1104 2717 1204 2743 oblatio
1217 2725 1271 2744 non
1285 2717 1441 2752 suscipitur,
1457 2725 1506 2744 nec
1520 2717 1689 2751 reputabitur
1705 2716 1740 2743 ei.
1753 2716 1802 2748 Qui
1819 2715 1895 2742 enim

1102 2762 1168 2790 falsa
1179 2763 1211 2790 de
1228 2763 1319 2790 futuro
1331 2764 1430 2790 saeculo
1446 2763 1570 2795 :estiinat,
1581 2762 1743 2797 sibimetipsi
1759 2762 1894 2789 damnum

1101 2807 1173 2838 facit.
1191 2808 1400 2835 aboniinaliilein
1428 2813 1455 2834 et
1471 2808 1601 2843 pollutam
1624 2807 1789 2835 oblationem
1815 2814 1894 2834 suain

1269 2897 1291 2911 ⁷⁸⁷
1306 2895 1363 2922 Jac.
1380 2904 1415 2928 iv,
1435 2896 1474 2923 li.
1513 2895 1604 2922 ⁸³Ι,ιιι;.
1623 2905 1647 2928 λ,
1673 2897 1710 2928 i0,
1726 2895 1768 2923 il.
