2052 3146
153 195 206 227 865

723 187 763 218 1N
786 185 1006 217 LEVITICUM.
1027 197 1060 201 -
1081 185 1154 214 LIB.
1174 184 1214 213 II.

1731 180 1785 214 εδδ

149 246 305 277 constituit.
322 244 381 272 Non
397 244 484 271 solum
499 245 590 270 autem
606 240 670 272 hoc,
686 241 732 268 sed
745 245 771 268 ct
796 244 938 276 peccatum
953 243 974 271 Α
993 237 1133 265 rationalis
1153 236 1281 264 hominis.
1299 236 1377 264 Unde
1388 228 1498 272 quidem
1516 236 1710 272 cogitationum
1727 244 1785 264 ma-

149 295 260 324 sibimet
273 290 410 320 contrahit
424 299 432 323 ;
446 293 557 324 propter
571 287 642 323 quod
654 287 722 314 dixit
736 295 744 312 :

185 340 255 372 Quin
270 337 358 373 potius
375 343 534 371 qua’cuttque
545 335 634 360 anima
651 334 699 360 tuli
711 341 738 360 se
749 333 834 360 edulio
847 337 940 359 conta-

150 386 301 417 minaverit,
325 383 548 419 prrrvaricatiouis
570 390 614 408 rea
628 381 686 408 erit.
704 380 857 408 Ostendens
878 380 940 415 quia

151 439 178 462 et
190 434 216 460 in
231 433 332 458 damno
345 431 478 456 bonorum
504 429 579 460 vivit,
593 433 619 454 et
635 431 745 462 peccato
763 435 792 454 se
822 427 958 465 ςιιὼῇοῐι,⁸

151 481 307 514 quicunque
324 484 378 503 non
400 477 469 502 bona
483 475 516 502 de
529 474 707 501 retributione
721 473 837 499 aestimat
854 472 942 519 Ι011τί-

150 526 185 553 sti
203 534 210 551 :
226 533 281 551 non
294 523 366 550 enim
384 527 448 549 sunt
464 520 654 554 corruptibilcs
670 519 865 546 retributiones
884 519 941 550 Dei,

151 579 204 599 nec
226 578 288 605 quae
312 568 397 596 semel
423 567 567 597 destruxit,
591 566 635 593 illa
662 572 756 592 rursus
780 565 943 592 constituit:

152 621 284 652 praeterea
301 623 354 642 non
370 614 427 642 vult
445 612 560 640 \irtutcs
575 611 642 638 falsa
668 611 820 638 intentione
844 611 942 646 pollui;

152 661 226 689 unde
239 665 268 687 et
286 660 374 687 dixit:

187 705 259 733 Caro
272 713 330 740 qua:
340 705 442 740 aliquid
457 705 571 740 tetigerit
581 704 757 736 immundum,
767 712 818 730 non
827 703 945 730 comede-

152 756 206 782 tur,
218 753 264 777 scd
276 752 334 785 ἱςῃιιν
345 755 522 777 consumetur.
533 749 637 777 Carnes
651 750 745 777 dicens
765 749 892 782 virtutes,
912 756 944 775 cx

153 797 255 831 quibus
269 796 432 824 sacrificium
459 796 576 823 salutare
602 799 732 823 constat:
754 795 830 822 verbi
849 794 943 830 gratia,

152 843 318 873 castitatem,
342 843 554 877 cleemosynam,
576 841 720 875 justitiam.
748 841 811 868 [hec
840 849 903 875 ergo
924 841 946 867 si

154 890 293 924 tetigerint
314 889 484 915 immundum
500 887 651 922 quidpiam,
670 895 731 914 cum
752 887 821 914 forte
840 895 888 921 per
903 894 948 913 su-

155 936 280 972 perbiam
299 935 404 968 justitia
427 939 455 962 et
482 935 593 960 castitas
624 933 657 960 ad
677 941 771 960 vanam
785 933 906 968 gloriam,
921 937 948 959 et

154 983 324 1017 eleemosyna
341 989 374 1008 ex
392 980 522 1015 injustitia
536 979 574 1010 ﬁt,
593 980 653 1015 igne
667 977 949 1013 inccndenturjudicii

154 1027 249 1056 futuri.
265 1027 342 1060 Quod
353 1027 524 1054 demonstrat
539 1025 633 1058 lsaias,
645 1026 741 1052 dicens
759 1034 764 1051 :
780 1025 831 1057 Qui
857 1026 950 1051 immo-

155 1073 194 1100 lat
211 1074 312 1105 bovem,
324 1073 399 1108 quasi
411 1073 455 1106 qui
469 1071 612 1106 interﬁciat
630 1072 730 1103 virum,-
745 1071 790 1106 qui
799 1075 896 1097 mactat
905 1079 949 1104 pc-

156 1128 211 1151 cus,
228 1119 305 1154 quasi
321 1119 366 1153 qui
380 1117 528 1144 excercbrat
553 1126 644 1144 canem
656 1118 688 1149 ⁸¹,
705 1122 732 1144 et
746 1117 860 1151 reliqua.
877 1117 948 1144 Prte-

155 1166 243 1192 sentis
263 1170 353 1191 autem
370 1164 489 1190 mandati
509 1168 582 1191 recta
597 1163 737 1191 conclusio
752 1167 813 1190 est:
830 1162 879 1195 Qui
891 1164 948 1197 fuc-

154 1213 190 1239 rit
216 1212 340 1243 mundus,
365 1217 483 1238 vescatur
499 1219 540 1238 ea.
554 1211 649 1237 Anima
669 1210 770 1243 polluta
782 1217 840 1244 qua!
867 1209 948 1236 ederit

155 1257 319 1284 decar'tibus
327 1257 418 1283 hostire
427 1256 598 1292 paci/icorum
607 1263 666 1290 qua:
677 1255 764 1282 oblata
777 1260 814 1281 est
824 1255 946 1286 Domino,

154 1303 249 1338 peribit
265 1305 297 1329 de
312 1302 415 1337 populis
430 1303 494 1329 suis.
508 1302 607 1337 Aperte
630 1301 675 1328 hic
688 1301 802 1328 ironiam
822 1300 947 1331 destruit,

155 1355 183 1376 et
198 1348 367 1384 hypocrisin.
382 1348 439 1375 hzcc
451 1349 524 1375 enim
553 1352 616 1375 sunt
635 1348 732 1374 animae
758 1346 946 1379 immunditiae,

155 1395 195 1422 ita
209 1399 240 1422 ut
255 1396 351 1421 horum
367 1394 448 1421 homo
460 1394 574 1421 interior
584 1394 664 1428 lupus
675 1393 868 1428 appellaretur,
886 1400 948 1420 cum

156 1441 290 1468 Dominus
303 1439 369 1467 dicit
382 1449 389 1466 :
404 1440 537 1466 Attendite
549 1439 581 1465 ub
599 1440 635 1465 eis
647 1440 691 1474 qui
702 1440 807 1466 veniunt
820 1440 855 1465 ad
867 1447 909 1464 vos
921 1439 948 1464 in

155 1486 249 1512 vestitu
260 1486 358 1518 ovium,
373 1486 442 1511 intus
461 1491 550 1511 autent
564 1490 623 1512 sunt
638 1485 692 1518 lupi
707 1493 815 1518 rupat‘cs
826 1485 858 1511 δ’.
873 1485 902 1510 lli
915 1484 948 1511 de

155 1531 286 1558 cornibus
313 1531 409 1557 hostiae
434 1531 610 1565 pacificorum
640 1531 697 1558 sive
719 1531 854 1561 salutaris,
888 1538 948 1564 qua:

156 1577 254 1605 oblata:
272 1581 337 1604 sunt
352 1577 477 1609 Domino,
493 1577 677 1611 comedentcs,
690 1577 735 1611 qui
761 1577 874 1603 virtutes
889 1584 949 1610 qua:

156 1631 171 1650 a
198 1623 252 1650 Deo
281 1622 466 1657 possidentur,
487 1631 542 1649 non
573 1623 681 1650 virtutis
711 1622 873 1654 intentione,
901 1622 949 1649 scd

157 1669 346 1704 fraudulenter
359 1672 516 1703 operantur,
526 1673 642 1703 pereunt
655 1668 689 1695 de
712 1668 813 1703 populo
829 1676 889 1700 suo,
921 1672 950 1694 ut

156 1722 212 1742 non
224 1715 281 1750 jam
300 1723 376 1745 oves,
394 1715 439 1741 sed
460 1714 516 1749 lupi
544 1714 721 1741 nominentur
733 1719 760 1741 et
784 1719 815 1741 ut
834 1714 950 1741 manife-

157 1765 230 1788 stum
248 1761 294 1793 sit,
305 1760 367 1795 quia
380 1761 414 1787 de
428 1769 508 1796 grege
520 1760 623 1795 expulsi
638 1765 711 1787 sunt.
726 1760 887 1795 Quicunque
902 1768 950 1787 au-

157 1811 213 1834 tem
229 1812 304 1834 extra
322 1815 428 1842 gregem
454 1813 506 1840 est,
520 1807 565 1834 hic
581 1807 607 1833 in
624 1810 699 1841 parte
727 1807 874 1834 bestiarum
900 1806 950 1834 de-

157 1857 290 1887 putatur:
308 1853 342 1880 Et
354 1853 399 1888 qui
422 1854 534 1888 tetigerit
557 1854 755 1880 immunditiam
775 1854 888 1880 hominis
911 1853 951 1880 vel

154 1897 280 1932 jumeuti,
296 1899 350 1925 sive
364 1899 447 1925 onmis
467 1899 505 1925 rei
515 1907 574 1934 qua:
589 1899 705 1933 polluere
716 1903 810 1933 potest,
825 1904 848 1925 et
866 1907 950 1926 tome-

157 1943 224 1970 dcrit
243 1944 275 1969 de
301 1943 481 1978 hujuscemodi
504 1944 636 1977 cornibus,
656 1945 773 1971 interibit
794 1945 825 1971 de
848 1944 950 1978 populis

157 1991 221 2017 suis.
248 1989 308 2017 Non
331 1998 396 2025 ergo
423 1991 574 2025 quemlibet
593 1991 668 2018 illum
690 1991 862 2018 solummodo
880 1990 950 2017 maia

157 2036 290 2064 mundum
317 2044 378 2064 esse
400 2041 428 2064 et
451 2045 545 2064 carere
562 2037 619 2064 vult
637 2037 745 2064 actione
760 2037 781 2064 si
804 2037 949 2063 salutarent

157 2082 215 2108 sive
228 2082 372 2116 pacificam
384 2088 513 2116 operatur
528 2081 655 2114 hostiam,
671 2085 698 2108 et
717 2081 793 2116 cupit
808 2081 867 2115 ejus
890 2087 950 2107 esse

157 2127 307 2162 particeps,
317 2127 365 2154 sed
378 2132 407 2154 ut
419 2128 500 2154 etiam
513 2127 546 2154 ab
560 2127 672 2154 alterius
687 2127 748 2154 mali
758 2127 950 2161 conjunctione

157 2172 305 2204 abstineat,
321 2172 379 2200 sive
398 2173 577 2208 cogitationes
600 2173 660 2207 ejus
687 2173 743 2200 sive
770 2180 851 2207 opera
880 2172 949 2199 mala

157 2219 223 2244 sint.
250 2217 319 2250 Qura
352 2217 425 2244 enim
462 2217 602 2244 rationalis
627 2222 654 2244 et
687 2216 878 2244 intellectualis
909 2220 951 2242 est

158 2263 251 2296 homo,
266 2267 343 2291 recte
357 2263 559 2291 immunditiam
576 2263 707 2294 hominis,
736 2271 796 2290 cam
824 2271 886 2297 qua:
908 2267 949 2289 est
961 2257 988 2288 Ι)

157 2309 184 2336 in
213 2310 348 2340 consiliis,
361 2314 388 2336 et
407 2310 627 2345 cogitationibus,
646 2309 777 2336 malitiam
808 2309 950 2341 intellexit,

156 2357 229 2392 Quod
249 2357 409 2384 manifestat
426 2362 454 2384 et
479 2357 622 2390 Dominus,
648 2357 743 2384 dicens
758 2366 764 2383 :
781 2356 898 2384 Necdum
912 2356 953 2382 in-

158 2403 286 2438 telligitis,
307 2403 371 2438 quia
391 2411 468 2430 omne
481 2404 550 2439 quod
567 2404 716 2438 ingreditur
728 2404 755 2429 in
771 2411 824 2435 ore,
842 2404 869 2429 in
891 2411 953 2429 vcn-

135 2448 136 2451 “
157 2452 224 2476 trem
236 2447 324 2479 vadit,
338 2452 362 2474 et
375 2448 401 2474 in
414 2456 542 2474 secessum
554 2447 705 2474 emittitur?
717 2446 757 2473 Ea
781 2451 869 2473 autent
895 2454 954 2481 qut?

156 2494 328 2529 egrediuntur
340 2494 380 2526 de,
394 2502 449 2525 ore,
465 2496 497 2520 de
516 2493 592 2520 corde
607 2497 711 2523 exeunt,
724 2497 748 2519 et
767 2492 814 2519 illa
830 2492 951 2526 palluunt

155 2539 298 2566 hominem.
316 2537 354 2564 De
369 2539 446 2565 corde
463 2539 532 2565 enim
556 2542 650 2564 exeunt
676 2538 845 2572 cogitationes
862 2536 950 2569 mulir,

155 2585 309 2617 homicidia,
322 2586 464 2618 adulteria,
480 2587 564 2622 furta,
579 2585 647 2621 falsa
660 2585 818 2617 testimonia,
829 2584 950 2619 blasphe-

155 2634 215 2660 παίω
225 2633 269 2659 “1’
288 2632 347 2660 Non
378 2641 409 2660 ea
441 2641 501 2668 quae
517 2633 544 2660 in
568 2633 675 2660 actione
686 2636 758 2664 sunt.
775 2632 869 2659 dicens
880 2633 950 2659 furta

155 2683 201 2705 aut
216 2678 361 2711 adulteria,
374 2683 422 2706 aut
445 2679 650 2710 fornicationes,
664 2686 726 2704 nam
744 2677 802 2704 h.ec
813 2678 950 2712 quomodo

154 2723 189 2752 de
205 2725 290 2752 corde
304 2725 422 2752 exeunt?
436 2725 484 2753 sed
502 2733 533 2752 ea
556 2732 616 2759 quae
632 2724 658 2750 in
687 2723 896 2758 cogitationibus
921 2728 948 2751 et

154 2770 278 2798 consiliis
293 2775 367 2803 sunt,
381 2770 442 2806 quia
462 2771 520 2806 ipsa
537 2770 660 2797 maximse
680 2773 743 2796 Sunt
768 2769 947 2797 immunditim

188 2879 209 2896 "
228 2879 278 2906 lsa.
292 2887 364 2908 uvt.
375 2879 401 2906 3.

451 2880 473 2895 ⁸³
490 2879 582 2907 .‘lntth.
593 2889 640 2913 γει,
665 2883 704 2909 ίῖὶ.

155 2913 201 2942 ⁸⁸1
217 2914 289 2942 Tim.
306 2922 332 2943 ν.
349 2915 394 2941 22.

433 2915 453 2930 ⁸⁷
471 2915 561 2942 ΙῊιιι.
577 2925 602 2948 v,
618 2918 643 2943 6.

746 2883 768 2899 ⁸³
794 2883 888 2911 Matth.

926 2893 980 2917 xv,

988 286 1078 314 larum
1096 284 1227 311 Dominus
1257 283 1423 311 mentionem
1448 283 1523 316 fecit,
1542 288 1569 310 tt
1593 284 1632 310 sic
1653 284 1760 311 addicit
1777 291 1782 309 :

991 331 1054 358 Ila’c
1081 335 1169 357 autent
1197 335 1258 356 sunt
1283 338 1341 364 qute
1363 329 1484 364 polluant
1502 330 1784 357 hominem.Jutncnta

991 375 1308 411 ergoimmundasunthi
1322 376 1366 409 qui
1378 375 1527 402 immundis
1540 381 1566 402 et
1581 376 1786 407 tet-renisactio-

991 421 1071 448 nibus
1086 425 1271 455 occupantur;
1285 421 1316 447 ad
1327 425 1425 447 terram
1438 421 1594 454 intendunt,
1608 422 1784 455 qurmadmo~

992 467 1202 500 dumjumenta.
1216 466 1292 493 Undc
1303 471 1330 493 et
1341 466 1522 494 fornicatores
1547 469 1607 502 equi
1634 468 1786 494 admissarii

993 512 1165 547 appellantur
1185 512 1219 539 ".

1030 558 1090 585 Sive
1115 558 1198 584 omnis
1223 558 1261 585 rei
1291 565 1350 592 qua?
1381 557 1497 592 polluere
1534 562 1627 591 potest.
1663 557 1785 590 Qutcun-

994 612 1048 639 que
1075 605 1165 631 omina
1197 609 1224 631 et
1247 604 1442 636 divinationes,
1474 608 1502 631 et
1526 605 1712 640 purgationes,
1744 605 1786 632 vel

995 651 1064 682 dies,
1088 655 1115 677 ct
1153 655 1275 685 tempora
1301 651 1468 682 custodiunt,
1499 651 1584 677 multo
1615 652 1700 686 magis
1737 659 1787 678 au-

997 700 1050 722 tem
1075 695 1144 729 magi
1173 700 1200 722 et
1228 695 1359 728 veneﬁci,
1386 695 1584 722 abominabiles
1616 701 1679 722 sunt
1712 697 1786 723 enim

996 741 1067 776 apud
1084 741 1237 768 Dominum.
1252 740 1347 768 Omnis
1360 742 1405 776 qui
1423 741 1486 768 facit
1501 742 1568 771 haec.
1583 742 1695 769 forsitan
1712 742 1787 768 enim

997 786 1180 814 communicat
1196 787 1257 821 quis
1274 787 1351 814 tnalis
1372 795 1466 814 corum
1488 788 1618 819 consiliis,
1640 792 1685 814 aut
1705 788 1788 815 actio-

997 833 1092 864 nibus,
1124 838 1151 860 et
1181 832 1242 864 hic,
1270 836 1364 867 utpote
1392 834 1559 868 prohibitam
1589 834 1788 860 immunditiam

999 884 1123 914 tangens,
1142 887 1195 906 non
1213 884 1302 914 potest
1322 888 1354 906 ea
1374 888 1434 914 qua:
1455 881 1488 906 ad
1507 881 1621 907 hostium
1643 881 1788 907 salutarem

999 925 1040 952 vel
1064 925 1239 960 paciﬁcorum
1263 926 1401 960 pertinent
1423 926 1576 955 comedere.
1592 926 1650 952 sive
1671 927 1788 956 onerari.

1000 969 1067 996 Cum
1085 969 1158 996 enim
1182 969 1260 997 nisus
1285 969 1367 996 fuerit
1384 977 1416 996 ea
1439 978 1498 1004 qua:
1518 971 1551 997 ad
1571 971 1684 997 salutem
1704 972 1788 1005 perti-

1000 1022 1067 1044 nent
1090 1024 1181 1052 agere,
1200 1021 1227 1043 et
1253 1017 1496 1044 conauunicaverit
1518 1018 1696 1052 operantibus
1720 1018 1790 1045 mala

1000 1067 1028 1090 ct
1041 1070 1102 1097 qua:
1117 1063 1149 1089 ad
1166 1062 1346 1097 perditionem
1364 1063 1510 1097 pertinent,
1526 1063 1625 1096 peribit
1643 1064 1675 1090 de
1690 1064 1790 1098 populo

999 1114 1061 1139 suo,
1077 1107 1102 1133 id
1123 1112 1174 1139 est,
1189 1108 1222 1134 dc
1245 1108 1288 1134 his
1312 1108 1359 1142 qui
1384 1109 1535 1137 salvantur.
1553 1116 1615 1135 nam
1641 1114 1668 1136 et
1693 1110 1790 1136 alienis

1000 1153 1203 1180 communicare
1226 1154 1362 1188 peccatis,
1388 1154 1556 1180 mortiferum
1581 1158 1645 1180 est:
1667 1154 1739 1180 unde
1764 1158 1792 1181 et

1001 1198 1085 1225 David
1109 1199 1216 1225 direbat
1233 1208 1239 1226 ι
1257 1199 1290 1226 Et
1307 1200 1339 1225 ab
1358 1199 1452 1226 aliens
1467 1208 1545 1233 pm'ce
1558 1209 1631 1226 servo
1645 1205 1689 1226 tuo
1704 1201 1736 1226 ⁸⁵.
1759 1201 1791 1226 lit

1000 1244 1100 1273 Paulus
1116 1245 1259 1273 Timotheo
1273 1247 1402 1281 prmccpit
1417 1256 1423 1272 :
1438 1247 1532 1272 Manus
1548 1247 1599 1273 cito
1621 1247 1718 1273 nemini
1738 1247 1790 1272 im-

996 1293 1134 1325 posueris,
1162 1300 1244 1326 neque
1271 1293 1506 1319 communicaret-is
1534 1294 1646 1327 peccatis
1674 1293 1788 1325 alienis,

1001 1338 1164 1372 temetipsum
1181 1343 1280 1366 castum
1295 1339 1394 1365 custodi
1407 1339 1440 1365 ⁸⁸.

1034 1397 1117 1424 Vens.
1136 1397 1231 1424 25-25.
1250 1407 1259 1423 ι
1277 1397 1450 1431 Locutnsque
1464 1401 1506 1424 cst
1521 1397 1654 1424 Dominus
1668 1398 1701 1425 ad
1718 1397 1789 1434 Moy-

999 1451 1048 1470 sen
1064 1443 1157 1470 dicens
1175 1451 1181 1468 :
1198 1443 1321 1477 Loquere
1337 1443 1397 1469 filiis
1419 1443 1510 1469 Israel.
1532 1444 1645 1478 Adipem
1659 1444 1745 1476 bovis,
1762 1449 1790 1472 et

999 1490 1069 1522 ovis,
1086 1493 1113 1515 et
1130 1497 1218 1523 capra:
1241 1497 1295 1515 non
1320 1489 1468 1516 comedetis
1490 1498 1496 1515 :
1515 1490 1622 1524 adipem
1649 1491 1789 1518 cadaveris

1000 1536 1150 1567 morticiui.
1167 1539 1194 1562 et
1216 1535 1275 1569 ejus
1299 1535 1427 1563 animale.
1449 1538 1520 1569 quod
1543 1544 1558 1562 a
1573 1536 1658 1563 bestia
1681 1542 1788 1571 captum

963 1588 983 1617 ε
1001 1586 1052 1613 est,
1071 1581 1205 1608 habebitis
1231 1581 1257 1607 in
1281 1588 1345 1608 usus
1368 1581 1468 1607 varios.
1485 1581 1512 1607 Si
1529 1582 1589 1615 quis
1609 1582 1727 1616 adipem.
1742 1583 1789 1616 qui

1000 1628 1092 1656 offerri
1109 1628 1189 1655 debet
1207 1627 1232 1654 in
1250 1627 1390 1654 incensum
1407 1627 1523 1660 Domini,
1543 1629 1703 1661 comederit,
1728 1637 1790 1663 per-

1001 1675 1051 1702 ibit
1064 1675 1097 1701 de
1111 1674 1211 1708 populo
1225 1681 1284 1700 suo.
1300 1682 1309 1698 ι

1037 1719 1201 1747 Admiranda
1222 1723 1264 1746 est
1281 1718 1446 1753 lcgislatorts
1460 1723 1592 1754 sapientia
1613 1719 1792 1753 quemadmo-

1001 1767 1065 1794 dum
1079 1773 1127 1800 pcr
1137 1766 1281 1800 mnigmala
1295 1769 1322 1791 et
1338 1764 1480 1799 parabolas
1495 1764 1648 1791 introdueat
1660 1765 1792 1799 subjectis

1002 1813 1089 1842 utilia,
1106 1816 1186 1838 caute
1208 1810 1329 1838 mandati
1356 1810 1528 1844 margaritam
1557 1811 1677 1844 quasi'in
1700 1819 1791 1844 perant

1001 1864 1169 1892 componens
1205 1856 1310 1883 litteras.
1350 1855 1533 1887 Quamobrem
1574 1856 1646 1882 enim
1684 1856 1792 1890 adipem

1002 1903 1094 1935 boum,
1114 1907 1140 1929 et
1165 1901 1267 1932 ovium,
1284 1905 1310 1928 et
1334 1908 1476 1935 caprarum
1498 1901 1605 1928 comedi
1622 1909 1675 1927 non
1691 1909 1792 1934 pra-cc—

1001 1949 1063 1983 pit:
1085 1955 1255 1982 quorumque
1277 1953 1375 1972 carnes
1401 1946 1517 1972 mundas
1540 1950 1566 1973 et
1593 1945 1702 1972 esihilcs
1726 1946 1791 1973 dixit

1001 1999 1096 2019 eorum
1119 1991 1224 2018 comedi
1240 1990 1346 2024 adipem
1367 1990 1462 2021 vetuit,
1477 1998 1527 2016 nec
1549 1990 1609 2024 ejus
1627 1989 1672 2024 qui
1696 1997 1791 2023 opera-

1002 2043 1047 2066 tur
1062 2038 1232 2069 mandatum,
1244 2035 1472 2070 quemadmodum
1489 2040 1530 2062 cst
1545 2036 1604 2067 bos,
1621 2043 1672 2062 nec
1686 2036 1790 2070 simpli-

1002 2086 1051 2117 cis,
1062 2084 1107 2119 qui
1124 2089 1164 2111 cst
1175 2084 1245 2116 ovis,
1265 2091 1316 2110 nec
1333 2090 1428 2109 eorum
1444 2082 1488 2117 qui
1504 2090 1554 2116 pro
1570 2082 1688 2116 peccatis
1703 2083 1792 2116 parui—

1003 2131 1116 2159 tcntiam
1133 2134 1226 2164 agunt,
1244 2137 1292 2163 per
1310 2136 1420 2162 capram
1438 2129 1537 2162 quippe
1559 2127 1747 2162 significantur
1760 2137 1791 2156 ea

1002 2184 1062 2211 qme
1075 2184 1123 2211 pro
1141 2175 1259 2210 peccatis
1275 2179 1340 2201 sunt
1354 2174 1498 2205 sacrificia,
1515 2182 1575 2201 cum
1594 2182 1701 2208 capram
1719 2182 1792 2209 prac-

1003 2223 1106 2258 cepcrit
1129 2222 1155 2248 in
1181 2221 1224 2248 his
1246 2225 1294 2247 aut
1317 2219 1425 2246 hircum
1455 2219 1600 2252 immolari,
1622 2228 1673 2247 nec
1692 2221 1790 2248 horum

1001 2276 1065 2304 ergo
1079 2267 1204 2295 concedit
1219 2271 1247 2293 ut
1262 2266 1430 2293 desiderium
1443 2265 1639 2293 t-omedamus?
1650 2266 1690 2292 Ad
1706 2267 1789 2293 Deum

1001 2315 1074 2343 enim
1093 2313 1159 2341 illud
1177 2313 1285 2344 referri,
1306 2317 1333 2339 et
1352 2313 1408 2339 Deo
1430 2311 1521 2338 offerri
1544 2311 1633 2346 jubet,
1655 2317 1791 2345 quatenus

1001 2368 1056 2387 non
1074 2360 1109 2387 sit
1130 2359 1281 2386 secundum
1298 2357 1476 2384 intentionem
1492 2357 1651 2389 humanam,
1667 2357 1714 2383 sed
1737 2358 1791 2384 fleo

1002 2406 1053 2432 soli
1078 2404 1293 2438 uniuscujusque
1321 2403 1378 2435 rei,
1402 2411 1483 2437 quam
1510 2403 1571 2436 quis
1595 2410 1628 2429 cx
1655 2402 1791 2437 prmdietis

1002 2451 1167 2486 assequitur,
1188 2449 1354 2476 desiderium
1377 2449 1516 2476 offeratur.
1536 2448 1668 2475 Similiter
1693 2457 1789 2482 pecca-

1005 2501 1094 2524 torum
1108 2495 1286 2527 desiderium,
1302 2495 1374 2530 quod
1390 2503 1439 2529 per
1456 2495 1597 2522 morticina
1623 2499 1649 2521 ct
1665 2502 1677 2521 a
1695 2494 1791 2521 bestiis

1003 2546 1083 2577 capta
1111 2541 1278 2576 significatur
1296 2549 1302 2567 :
1323 2549 1372 2575 per
1395 2540 1538 2567 morticina
1562 2540 1670 2574 quidem
1697 2544 1790 2575 utpote

1003 2588 1050 2623 qui
1067 2588 1206 2623 elegerunt
1226 2595 1275 2622 per
1294 2587 1424 2622 quasdam
1442 2587 1625 2620 impudicitias
1641 2591 1668 2613 et
1684 2594 1731 2620 per
1746 2594 1792 2613 sn-

1003 2634 1126 2669 perbiatn
1147 2633 1249 2668 peccati
1271 2639 1398 2661 mortem.
1418 2633 1494 2665 Quod
1518 2633 1614 2667 probat
1635 2631 1733 2659 Paulus
1758 2633 1791 2659 dc

1002 2680 1093 2707 viduis
1107 2680 1146 2707 sic
1161 2680 1255 2707 dicens
1276 2689 1282 2706 :
1299 2679 1362 2712 Qum
1384 2680 1453 2706 enim
1476 2680 1502 2706 in
1527 2679 1626 2706 deliciis
1643 2684 1679 2705 est
1699 2674 1790 2711 riduu,

1002 2727 1089 2753 vivens
1113 2731 1217 2753 mortua
1238 2731 1275 2752 est
1291 2726 1324 2752 ⁸⁷.
1342 2725 1393 2752 Per
1416 2733 1446 2752 ea
1471 2731 1560 2752 autem
1582 2732 1642 2760 quae
1662 2732 1676 2750 a
1697 2725 1791 2751 bestiis

1001 2776 1080 2806 capta
1102 2776 1185 2805 sunt,
1212 2772 1403 2808 intelliguntur
1433 2772 1459 2798 hi
1487 2772 1542 2806 qui,
1561 2772 1624 2798 dum
1651 2770 1792 2806 negliguut

1010 2885 1101 2914 liii).
1141 2885 1260 2913 “Eccli.
1298 2892 1378 2912 xxxtn
1396 2905 1403 2917 ,
1431 2884 1457 2911 0.
1496 2884 1517 2899 ⁸³
1543 2883 1611 2910 Psal.
1630 2889 1695 2909 nm
1712 2902 1719 2915 ,
1750 2881 1791 2911 Η.
