2052 3146
257 190 310 223 857

859 186 1040 216 ΗΕδῖεΗΠ
1055 177 1295 218 'PRESBYTERI

1836 185 1890 218 868

257 246 392 274 cautelam
417 251 494 272 suam
517 247 543 270 et
577 241 741 275 custodiam,
769 241 894 277 captivati
920 246 994 274 sunt,
1014 242 1048 270 ab
1062 245 1085 274 Α
1099 249 1161 278 pem
1181 244 1288 276 hostia;
1309 247 1336 270 et
1352 243 1549 278 peetusculum.
1565 243 1688 277 Cumque
1704 241 1784 269 ambo
1799 241 1890 269 oblata

257 290 474 326 intelligibilibus
497 289 594 316 bestiis
617 288 807 322 comprehensi
832 297 838 314 :
856 290 928 322 quod
946 293 975 315 ut
991 296 1048 315 non

257 339 400 369 faciamus,
416 344 514 364 rursus
529 336 626 363 Petrus
643 336 679 363 ait
696 345 703 362 :
721 335 807 363 Sobrii
826 340 915 366 estote,
930 335 1047 370 vigilate,

257 383 424 409 adversarius
447 382 516 408 enim
541 386 624 408 vester
644 381 774 411 diabolus,
794 381 861 407 sicut
884 380 923 406 lco
944 381 1049 415 rugiens

257 429 362 459 circuit,
378 436 498 462 qua'rcns
512 435 589 462 quem
611 427 713 453 devoret
726 426 757 452 ⁵⁸.
775 425 896 458 Quorum
911 434 966 452 non
982 433 1049 453 con-

258 475 330 501 cedit
338 474 445 508 adipem
457 473 563 500 comedi
575 481 582 500 ‘.
596 473 707 500 noxium
721 473 792 499 enim
806 477 848 500 est
859 473 938 500 nobis
951 473 1048 500 horum

257 521 402 548 desideriis
418 520 468 546 uti.
482 520 535 546 Sed
554 527 604 546 nec
622 520 677 546 Deo
694 528 725 545 ea
739 519 816 552 jubet
828 518 931 549 olierri,
948 519 1049 545 deside-

257 567 327 594 rium
342 567 410 592 enim
425 570 591 599 peccatorum
603 565 697 599 peribit
709 565 741 590 “9.
755 565 806 591 Sed
827 564 890 599 quid
904 563 1050 598 prmcepit?

295 612 431 638 Nubel/itis
447 612 474 638 in
487 620 548 638 usus
564 612 660 637 varios.
679 611 846 637 'l‘ransferre
859 617 923 645 ergo
934 610 998 636 illud
1016 610 1050 636 ad

258 657 387 683 virtutem
411 656 552 688 debemus,
571 662 601 682 ut
625 656 658 683 ad
682 655 848 686 castitatem,
868 659 914 681 aut
929 655 962 682 ad
977 655 1050 682 elec-

259 710 409 737 mosynam,
432 707 478 729 aut
502 702 535 728 ad
560 702 704 736 justitiam,
731 706 777 728 aut
801 701 835 727 ad
859 707 1049 734 quamcunque

260 749 380 783 speciem
400 748 477 774 bona:
496 747 662 782 operationis
683 747 780 773 horum
804 746 968 773 desiderium
986 753 1051 772 con-

260 799 409 826 vertamus,
434 793 602 820 resolventes
628 793 704 824 illud,
729 798 756 819 et
781 793 808 818 in
833 793 916 818 alium
939 792 1050 818 modum

261 840 427 867 derivantes.
453 839 509 866 iloc
528 839 600 866 enim
620 842 672 871 est,
688 838 814 864 habebitis
832 839 858 864 in
874 846 936 864 usus
952 839 1049 864 varios.

261 884 329 917 Quia
348 889 376 911 et
392 884 484 918 adeps,
502 885 522 911 si
548 884 580 910 ad
603 884 719 918 aliquam
741 883 886 909 utilitatem
907 882 1051 917 cujuslibet

260 930 421 957 conﬁciendi
438 931 529 965 operis
544 929 715 956 necessarius
733 934 784 961 est,
799 929 953 955 subtiliatur
970 933 1051 963 atque

261 976 416 1002 resolvitur.

296 1020 325 1047 Si
341 1022 398 1054 quis
416 1021 519 1054 adipem
543 1019 587 1054 qui
607 1020 694 1054 offerri
711 1020 783 1045 debet
803 1020 830 1045 in
851 1021 983 1046 int-ensum
1001 1019 1054 1045 Do-

261 1067 326 1092 mini
345 1067 494 1099 comederit,
513 1066 607 1100 peribit
633 1066 665 1092 de
685 1065 780 1100 populo
797 1074 854 1092 suo.
872 1065 954 1092 Recte
972 1065 1052 1100 perit.

261 1111 390 1138 videlicet
413 1119 523 1145 cogens,
548 1115 595 1137 aut
618 1110 672 1136 alio
700 1110 780 1137 modo
806 1109 924 1136 suadelis
951 1110 987 1141 ei,
1007 1110 1052 1143 qui

261 1160 438 1193 semetipsum
455 1158 553 1184 obtulit
569 1157 635 1187 Deo.
651 1164 705 1183 non
721 1157 756 1183 ad
773 1165 922 1190 superauit)
945 1157 1054 1183 oculum

261 1205 428 1232 desiderium
448 1204 558 1234 habere,
575 1203 622 1230 sed
640 1203 673 1229 ad
692 1203 853 1235 placendum
869 1202 930 1228 sibi.

298 1249 379 1276 Vens.
397 1250 442 1280 26,
459 1250 503 1275 27.
528 1258 537 1273 ‹
561 1248 728 1282 Sanguinem
753 1255 861 1282 quoque
887 1247 976 1274 omnis
997 1247 1055 1273 ani-

263 1294 343 1320 malis
358 1302 412 1320 non
428 1293 543 1320 suinetis
558 1294 584 1318 in
600 1294 672 1324 cibo,
689 1298 742 1319 tam
759 1294 791 1320 de
806 1293 912 1325 avibus,
927 1300 1006 1326 quam
1022 1293 1055 1320 de

263 1339 421 1374 pecoribus.
452 1339 548 1365 Omnis
574 1338 665 1365 anima
693 1347 752 1373 quin
768 1339 855 1366 ederit
885 1339 1053 1373 sanguinem,

264 1386 366 1420 peribit
381 1386 414 1412 de
431 1385 538 1420 populis
554 1384 622 1411 suis.
638 1393 648 1409 ι

300 1431 369 1464 Quia
390 1431 551 1466 sanguinem
572 1430 690 1456 animam
707 1430 764 1457 vult
781 1430 904 1464 intelligi,
921 1430 1058 1457 suﬁicien-

265 1481 306 1505 ter
320 1477 445 1512 superius
459 1477 676 1504 demonstratum
697 1481 747 1503 est.
771 1476 831 1503 Vult
847 1484 911 1511 ergo
928 1477 1056 1503 virtutem

264 1529 316 1548 nos
329 1522 436 1555 assequi
453 1521 566 1548 alternze
578 1521 732 1548 dilectionis
748 1530 754 1547 ε
767 1526 796 1548 et
809 1529 896 1556 neque
909 1522 1056 1556 justorum,

265 1573 381 1600 quorum
406 1566 458 1592 hoc
472 1566 543 1598 loco,
568 1570 681 1600 propter
701 1566 826 1593 altiorem
847 1567 976 1599 volatum,
994 1575 1058 1594 eon-

266 1612 451 1639 versationem
467 1612 640 1646 signiﬁcavit,
655 1619 746 1646 neque
761 1617 945 1646 peccatorum,
960 1613 1058 1647 quibus

267 1664 398 1691 pecorum
411 1657 567 1691 appellatio,
581 1665 630 1691 pro
644 1664 676 1683 eo
690 1658 761 1691 quod
777 1658 809 1683 ad
823 1657 952 1684 inferiora
969 1658 1060 1685 inten-

267 1702 348 1733 dunt,
362 1702 492 1729 convenit
514 1702 658 1729 comedere
686 1703 858 1737 sanguinem,
881 1703 906 1730 id
929 1707 971 1730 est
993 1704 1061 1730 nihil

267 1748 302 1775 ad
328 1755 422 1775 eorum
451 1748 558 1781 operari
591 1753 717 1774 mortem.
748 1748 825 1780 Quod
862 1754 964 1781 autem.
992 1749 1062 1776 sicut

268 1793 354 1821 edunt
377 1793 460 1825 LXX,
484 1794 536 1820 hoc
562 1801 617 1820 non
647 1794 705 1820 ﬁeri
736 1794 762 1821 in
791 1795 863 1821 omni
893 1795 1062 1822 habitatione

269 1838 410 1873 praecepit,
433 1846 482 1873 per
509 1838 703 1871 habitationes,
731 1839 890 1867 dichrcntes
914 1848 1062 1868 conversa-

271 1884 359 1912 tiones
382 1884 483 1911 innuit.
501 1884 616 1919 Propter
631 1886 703 1919 quod
727 1890 834 1920 oportet
848 1895 862 1912 a
879 1887 980 1913 malitia
995 1895 1064 1914 conu

270 1934 311 1957 tra
337 1930 503 1964 proximum,
532 1935 585 1957 tam
612 1931 765 1958 sublimiter
795 1932 957 1966 sapientem,
982 1941 1062 1967 quam

268 1974 455 2008 mediocriter,
471 1975 512 2002 vel
530 1976 635 2002 nullum
659 1976 801 2010 sapientiae
819 1977 938 2005 studium
959 1977 1064 2005 haben-

270 2025 335 2054 tem,
352 2025 380 2048 et
395 2026 425 2048 ut
439 2021 544 2049 dicatur
567 2023 696 2055 breviter,
718 2027 744 2050 et
763 2023 867 2058 justum
891 2024 924 2051 ab
947 2031 989 2057 ea,
1003 2032 1063 2058 qua:

270 2071 313 2093 est
330 2071 423 2094 contra
447 2072 630 2101 pcccalorem,
649 2072 677 2095 ct
703 2073 874 2103 pcccatorem
897 2069 932 2096 ab
953 2077 984 2096 ea
1004 2078 1063 2104 quzc

271 2120 332 2139 esse
360 2117 449 2147 potest
473 2119 568 2140 contra
598 2114 713 2148 justum,
731 2115 870 2142 abstinere
896 2116 1009 2148 malitia,
1035 2121 1064 2143 ut

273 2158 361 2185 nullas
382 2159 420 2185 illi
439 2160 566 2186 moliatur
589 2160 712 2192 insidias,
737 2162 837 2191 sciens,
859 2162 921 2196 quia
952 2163 978 2188 in
1000 2170 1063 2189 san-

272 2203 381 2237 guinem
409 2209 511 2238 peccat,
530 2211 558 2232 et
581 2207 740 2241 sanguinem
769 2208 914 2235 comedere
938 2216 999 2235 eum
1024 2208 1063 2235 le-

273 2249 384 2283 gislator
400 2251 513 2284 judicat,
530 2256 557 2279 et
579 2253 679 2286 peribit
706 2254 796 2280 anima
820 2254 878 2280 h:ec
899 2254 933 2280 de
956 2254 1063 2289 populis

273 2295 347 2328 suis,
374 2305 422 2332 pro
450 2305 483 2324 eo
508 2299 579 2332 quod
608 2299 788 2326 intentionem
815 2300 911 2327 habuit
934 2301 1063 2335 perdendi

273 2342 400 2377 proximi.
427 2343 542 2378 Insuper
563 2349 591 2371 et
613 2345 665 2372 hoc
689 2345 811 2378 intende,
834 2347 880 2380 qui
902 2354 932 2373 ea
954 2355 1014 2382 qum
1032 2348 1066 2375 de

274 2389 419 2423 prohibitis
437 2390 504 2417 cibis
519 2395 570 2422 est,
589 2395 616 2418 et
632 2395 705 2418 laetu
720 2387 934 2424 immundorum,
949 2393 1067 2420 sanctio-

274 2441 337 2460 nem
360 2434 502 2461 insinuans
524 2436 632 2468 animm,
653 2436 694 2462 lex
714 2437 880 2463 mentionem
900 2437 963 2464 facit
981 2447 987 2463 :
1003 2437 1066 2472 quia

275 2479 394 2506 maxime
417 2487 450 2506 ex
473 2480 600 2514 gentibus
621 2481 734 2515 populo,
750 2481 829 2516 cujus
849 2489 908 2508 esse
930 2482 1067 2517 signiﬁca-

278 2525 380 2553 tionem
403 2526 549 2553 animalem
577 2528 712 2554 hominem
739 2527 986 2558 manifestavimus,
1010 2536 1069 2555 mos

276 2575 319 2598 est
337 2571 464 2598 onmibus
485 2571 575 2598 vetitis
596 2572 678 2606 pollui
703 2572 869 2605 actionibus,
887 2581 902 2599 a
922 2573 1022 2608 quibus
1039 2572 1071 2598 il-

277 2615 334 2644 lum
350 2618 478 2642 recedere
494 2616 633 2650 praecepit.

1068 913 1088 942 B

1072 1598 1093 1625 C-

316 2671 507 2699 Vr-zns.,9.8-54.
532 2681 540 2697 ‹
557 2671 676 2699 Locutus
693 2678 735 2701 est
753 2673 886 2701 Dominus
908 2674 942 2701 ad
963 2673 1071 2708 Moysen

278 2719 371 2748 dicens
387 2727 393 2744 :
410 2718 534 2752 Loquere
549 2718 611 2745 ﬁliis
630 2719 710 2747 Israel
725 2729 731 2746 :
747 2720 800 2753 Qui
814 2721 911 2748 oll‘eret
928 2721 1066 2747 victimam

277 2764 453 2799 paciﬁeorum
478 2762 603 2797 Domino,
621 2765 717 2793 oti'erat
739 2767 821 2793 simul
847 2771 874 2793 et
893 2766 1068 2799 sacriﬁcium,

279 2809 304 2836 id
326 2813 368 2836 est
382 2813 408 2836 et
425 2808 570 2836 libamenta
593 2810 661 2845 ejus,
683 2811 839 2845 tenebitun
862 2811 989 2838 manibus
1010 2810 1070 2837 adi-

313 2909 336 2927 "
351 2910 359 2937 l
375 2911 446 2941 l‘ctr.
470 2922 496 2947 ν,
517 2913 543 2940 8.

582 2912 603 2927 “
618 2911 690 2938 l‘sal.
710 2919 761 2945 cxt,
794 2910 835 2938 l0.
874 2910 896 2926 '°
909 2910 978 2938 Psnl.
995 2910 1015 2944 Ι,
1042 2910 1069 2936 5.

1100 288 1215 316 Domino
1234 289 1444 321 consecraverit,
1463 288 1551 315 tradet
1566 287 1712 320 sacerdoti,
1730 286 1778 322 qui
1795 286 1891 314 adole-

1099 334 1139 362 bit
1159 335 1268 370 adipem
1294 343 1376 370 super
1400 335 1505 362 altare:
1521 333 1708 369 pectusculum
1730 338 1821 360 autem
1838 333 1891 359 erit

1099 380 1201 413 Aaron,
1219 385 1246 408 et
1269 380 1386 408 ﬁliorum
1411 381 1481 416 ejus,
1502 387 1593 407 armus
1616 386 1725 414 quoque
1744 379 1840 406 dexter
1856 378 1891 405 de

1076 441 1085 448 -
1100 427 1276 462 paciﬁeorum
1301 427 1398 455 hostiis
1421 427 1492 455 cadit
1518 426 1545 453 in
1572 425 1700 460 primitiis
1728 424 1889 452 sacerdotis.

1100 473 1151 506 Qui
1167 473 1296 501 obtulerit
1317 474 1477 508 sanguinem
1498 476 1526 499 et
1545 472 1652 506 adipem
1667 471 1784 498 ﬁliorum
1799 470 1891 497 Aaron

1100 519 1158 553 ipse
1177 518 1289 545 habebit
1311 522 1338 545 et
1360 525 1467 545 armum
1485 517 1610 544 dextrum
1627 516 1652 542 in
1671 515 1795 550 portione
1816 521 1865 541 sua
1883 522 1890 541 :

1100 564 1288 598 pectusculum
1303 564 1376 590 enim
1391 563 1527 594 elationis,
1545 566 1572 589 et
1586 569 1691 588 armum
1712 560 1892 595 separationis

1102 611 1149 637 tuli
1175 618 1189 637 a
1213 610 1276 637 ﬁliis
1299 610 1394 642 lsrael,
1419 617 1451 636 ex
1477 608 1573 635 hostiis
1593 615 1688 635 eorum
1713 606 1844 641 paciﬁcis,
1865 610 1893 634 et

1100 658 1162 686 dedi
1178 658 1268 684 Aaron
1289 656 1432 688 sacerdoti,
1453 663 1485 683 ac
1506 655 1567 682 ﬁliis
1588 654 1648 690 ejus
1673 653 1730 689 lege
1748 656 1890 688 perpetua,

1101 705 1135 732 ab
1150 705 1224 731 omni
1240 704 1341 739 populo
1359 702 1451 730 lsrael.
1472 711 1481 727 ι

1137 750 1206 777 Vere
1231 750 1277 784 qui
1305 750 1391 784 legem
1419 747 1468 775 Dei
1494 746 1641 774 meditatur
1671 750 1751 772 nocte
1780 749 1808 771 et
1835 744 1892 778 die,

1101 796 1204 831 lignum
1220 800 1261 822 est
1279 795 1428 829 plantatum
1453 800 1532 820 secus
1552 793 1684 819 decursus
1700 798 1843 825 aquarum,
1862 794 1894 816 ut

1102 841 1145 868 del
1164 840 1282 868 fructum
1303 840 1331 867 in
1348 844 1469 874 tempore
1485 845 1534 865 suo
1552 837 1727 864 meditatione
1749 836 1893 871 irrigatum

1103 886 1185 921 legis,
1207 894 1268 921 qua:
1292 890 1321 912 ut
1347 893 1402 912 non
1429 885 1510 911 iaciat
1533 882 1686 914 fastidium,
1710 889 1760 908 nec
1785 881 1896 908 deﬁciat

1104 933 1206 967 legens,
1235 932 1321 959 variat
1348 931 1526 962 sanctionem,
1550 929 1711 956 dill‘ercnter
1738 928 1772 955 de
1798 927 1895 954 iisdem

1104 977 1269 1012 pra-cipiens
1283 977 1316 1003 νο.
1345 976 1401 1003 Hoc
1426 980 1515 1002 autem
1545 975 1645 1001 divinte
1673 979 1714 1001 est
1742 973 1895 1007 sapientia),

1104 1030 1164 1056 quae
1189 1022 1214 1048 in
1239 1021 1313 1048 otnni
1335 1021 1417 1048 etiam
1437 1020 1580 1055 disciplina
1598 1020 1649 1047 hoc
1665 1024 1804 1054 operatur.
1827 1018 1896 1045 Nam

1105 1075 1167 1095 ecce
1183 1072 1211 1094 et
1227 1067 1392 1094 medicinam
1409 1066 1534 1093 invenies
1552 1065 1640 1092 morbi
1658 1070 1790 1099 tempore,
1810 1063 1896 1091 multa

1104 1113 1296 1148 praferentem
1317 1112 1525 1144 medicamenta,
1544 1112 1630 1138 multo
1650 1111 1734 1146 magis
1752 1115 1777 1137 et
1795 1110 1822 1136 in
1843 1109 1898 1137 hoc

1105 1160 1176 1194 quod
1189 1160 1289 1185 anima:
1303 1158 1454 1192 profectum
1466 1163 1492 1185 et
1506 1157 1647 1184 sanitatem
1660 1161 1779 1191 pra'stat.
1793 1155 1896 1188 Quam-

1106 1205 1200 1232 obrem
1215 1205 1344 1231 virtutem
1361 1205 1442 1238 hujus
1458 1204 1630 1230 intendamus
1647 1202 1806 1229 sanctionis.

1141 1251 1254 1277 Locutus
1279 1255 1315 1277 est
1339 1250 1467 1276 Dominus
1488 1250 1522 1276 ari
1540 1249 1643 1283 Moysen
1657 1250 1764 1275 dicens:
1781 1248 1898 1281 Loquere

1106 1296 1168 1330 ﬁliis
1186 1296 1281 1323 Israel.
1303 1295 1331 1322 lu
1350 1303 1404 1329 quo
1425 1295 1485 1322 loco
1508 1295 1579 1321 LXX
1598 1295 1742 1321 ed.dcrunt
1760 1303 1766 1320 :
1785 1293 1818 1320 Et
1834 1293 1898 1327 ﬁliis

1108 1341 1193 1368 Israel
1218 1341 1341 1377 loqueris,
1357 1342 1454 1368 dicens.
1470 1341 1529 1368 Non
1555 1349 1620 1375 ergo
1645 1340 1744 1367 frustra
1770 1341 1898 1374 superius

1107 1388 1233 1419 diximus,
1252 1388 1314 1422 quia
1338 1388 1372 1414 ad
1394 1388 1524 1422 populum
1551 1387 1671 1421 gentium
1703 1393 1734 1413 ea
1753 1394 1813 1420 qua-
1831 1390 1898 1412 tunc

1107 1431 1180 1458 dicta
1204 1436 1267 1458 sunt
1292 1432 1409 1458 maxime
1437 1432 1628 1466 pertinebant,
1652 1431 1733 1465 hujus
1759 1431 1830 1457 enim
1859 1430 1899 1456 rei

1108 1477 1247 1512 legislator
1269 1485 1383 1509 memor,
1402 1485 1455 1503 non
1476 1477 1545 1504 dixit
1568 1485 1640 1503 nunc
1662 1477 1811 1504 secundum
1829 1475 1898 1503 LXX

1108 1523 1256 1550 editionem
1274 1532 1279 1550 :
1293 1522 1412 1558 Loquere
1425 1523 1487 1557 ﬁliis
1498 1523 1599 1554 Israel;
1612 1523 1670 1554 sed,
1685 1528 1707 1549 et
1722 1523 1781 1549 ﬁliis
1794 1522 1880 1549 Israel
1890 1530 1900 1550 .'

1110 1569 1162 1596 hoc
1175 1569 1333 1600 ostendens,
1350 1569 1412 1603 quia
1433 1577 1487 1595 non
1505 1568 1593 1595 solum
1613 1569 1664 1601 eis,
1686 1568 1733 1595 sed
1749 1572 1777 1594 et
1792 1567 1845 1594 illis
1859 1567 1901 1593 lo-

1111 1619 1219 1649 quatur,
1234 1615 1280 1649 qui
1305 1619 1370 1641 sunt
1391 1622 1423 1641 ex
1447 1615 1582 1649 gentibus,
1600 1614 1752 1641 communis
1770 1613 1842 1639 enim
1861 1612 1903 1640 eis

1112 1662 1168 1688 haec
1188 1665 1229 1688 est
1245 1661 1395 1688 secundum
1414 1661 1541 1695 spiritum
1555 1661 1607 1687 lex.
1620 1660 1690 1692 Quid
1704 1665 1793 1686 autem
1810 1659 1867 1685 ait?

1146 1705 1197 1738 Qui
1213 1706 1300 1741 o/fcret
1321 1707 1456 1733 victimant
1478 1706 1646 1740 paci/iterum
1665 1705 1787 1736 Domino,
1811 1705 1903 1740 offerat

1112 1751 1191 1777 simul
1215 1756 1239 1777 et
1263 1751 1433 1785 sacrificium,
1446 1751 1474 1777 id
1493 1756 1539 1782 est,
1559 1756 1584 1777 et
1601 1750 1745 1777 libamenta
1761 1749 1828 1784 ejus.
1852 1748 1904 1776 Se-

1112 1798 1231 1824 cundum
1251 1797 1320 1824 LXX
1337 1802 1428 1824 autem
1451 1797 1587 1831 :Oﬁ‘erens
1608 1796 1766 1831 sacrificium
1786 1795 1906 1822 salutare

1113 1842 1241 1874 Domino,
1265 1843 1353 1878 offeret
1378 1851 1472 1870 manus
1494 1850 1572 1869 suum
1598 1842 1710 1869 Domino
1726 1842 1757 1868 de
1773 1841 1906 1875 sacriﬁcio

1112 1889 1226 1916 salutari
1238 1890 1305 1925 ejus.
1319 1889 1351 1916 Et
1359 1897 1440 1924 quam
1452 1889 1506 1916 hoc
1520 1889 1777 1924 interpretationem
1793 1889 1906 1919 habeat,

1113 1935 1272 1962 manifestat
1286 1936 1365 1970 plane
1380 1937 1452 1970 quod
1467 1936 1600 1970 sequitur.

1149 1980 1252 2007 Tenebit
1274 1981 1395 2008 manibus
1417 1982 1521 2016 adipem
1541 1981 1642 2008 hostire.
1657 1980 1706 2008 Vel
1721 1981 1792 2008 sicut
1810 1980 1881 2007 LXX
1899 1989 1906 2007 :

1113 2025 1206 2051 Manus
1219 2025 1276 2059 ejus
1286 2026 1391 2060 oﬂ'erent
1400 2030 1461 2052 exta
1473 2026 1595 2058 Domino,
1609 2026 1636 2053 id
1645 2030 1697 2056 est.
1712 2025 1802 2060 ipsum
1811 2033 1908 2060 quem-

1114 2071 1186 2104 piam
1203 2075 1311 2105 oportet
1327 2079 1359 2098 ea
1376 2079 1437 2106 qum
1457 2072 1490 2099 ad
1509 2071 1632 2106 paciﬁca,
1650 2071 1693 2098 vel
1710 2071 1826 2098 salutem
1842 2078 1907 2106 per-

1115 2115 1202 2142 tinent
1226 2116 1345 2150 operari,
1367 2121 1461 2152 utpote
1488 2117 1535 2151 qui
1563 2116 1675 2144 alterius
1704 2116 1804 2147 studio,
1825 2115 1906 2143 amici

1114 2160 1203 2194 forte,
1224 2167 1271 2189 aut
1290 2163 1415 2198 cognati,
1441 2163 1538 2191 salvari
1565 2171 1620 2191 non
1647 2166 1746 2198 potest.
1767 2162 1908 2195 Quemad-

1115 2207 1225 2234 modum
1244 2208 1303 2235 hazc
1320 2209 1450 2243 iniquitas
1466 2209 1552 2244 iniqui
1570 2217 1653 2244 super
1669 2216 1732 2236 eum
1746 2209 1809 2241 erit,
1827 2209 1868 2235 sic
1880 2214 1908 2235 et

1113 2253 1216 2286 justitia
1228 2254 1295 2288 justi
1309 2262 1393 2289 super
1406 2262 1468 2282 eum
1482 2255 1543 2282 erit.
1557 2254 1700 2286 Quomodo
1719 2258 1783 2281 ante
1797 2258 1906 2288 oportet

1116 2299 1232 2326 hostiam
1252 2300 1403 2327 celebrari?

1151 2345 1254 2372 Tcncbit
1280 2346 1401 2372 manibus
1425 2346 1529 2380 adipem
1553 2346 1643 2372 hostia:
1665 2351 1689 2372 ct
1716 2344 1905 2379 pcctusculum.

1115 2389 1162 2417 Vel
1186 2391 1337 2418 secundum
1358 2391 1427 2417 LXX
1444 2400 1450 2417 :
1466 2391 1560 2426 Oﬂ'eret
1583 2392 1688 2425 adipem
1706 2391 1751 2426 qui
1771 2395 1808 2416 es!
1829 2398 1909 2424 super

1115 2437 1303 2470 pectusculum,
1321 2441 1345 2463 et
1363 2438 1470 2471 pinnam
1485 2438 1593 2472 jecoris,
1609 2442 1632 2464 et
1649 2438 1737 2472 offeret
1751 2445 1793 2468 ea,
1812 2441 1841 2463 ut
1860 2437 1912 2462 im-

1116 2487 1230 2516 ponatur
1247 2483 1273 2509 in
1291 2488 1429 2517 conspectu
1447 2483 1564 2510 Domini.
1582 2482 1772 2510 Pectuseulum
1792 2481 1913 2516 appellat

1118 2527 1199 2554 ﬁdem
1222 2533 1249 2555 et
1271 2529 1475 2562 conlidentiam,
1494 2529 1558 2563 quia
1580 2529 1639 2556 haec
1662 2528 1815 2555 fortitudini
1844 2535 1914 2554 con-

1117 2574 1211 2608 juncta
1236 2579 1309 2602 sunt.
1330 2575 1474 2602 Fortitudo
1499 2579 1589 2602 autem
1617 2575 1754 2606 animalis,
1775 2573 1913 2608 perfectos

1120 2619 1264 2655 designare
1286 2621 1364 2653 solet,
1382 2629 1443 2648 nam
1462 2626 1489 2648 et
1509 2621 1642 2648 Dominus
1657 2621 1690 2647 ad
1707 2620 1759 2647 Job
1773 2620 1808 2646 ita
1826 2619 1915 2654 loqui.

1124 2671 1177 2693 lur.
1198 2666 1325 2702 Nunquid
1348 2667 1473 2702 pra'bebis
1496 2675 1560 2701 equo
1581 2666 1773 2702 fortitudinem.
1792 2669 1839 2691 aut
1862 2665 1916 2691 tir-

1122 2713 1258 2739 cumdabts
1285 2713 1351 2740 colla
1381 2713 1437 2748 ejus
1458 2713 1589 2739 hinnitum
1604 2713 1638 2738 θ’,
1665 2710 1821 2738 Secundum
1842 2708 1916 2737 LXX

1124 2763 1214 2786 autem
1234 2759 1310 2785 addit
1326 2768 1331 2786 :
1349 2759 1566 2793 Circumposnisti
1587 2762 1676 2785 autent
1690 2757 1715 2783 ei
1729 2763 1804 2783 omne
1823 2762 1918 2782 amto-

1125 2816 1181 2834 rum
1196 2815 1286 2843 genus,
1301 2806 1385 2841 gloria
1402 2812 1489 2833 autem
1505 2805 1615 2836 pectori:
1629 2804 1685 2839 ejus
1697 2803 1823 2830 audacia.
1836 2799 1918 2835 Quod

1107 2910 1129 2926 "
1150 2909 1200 2936 Job
1212 2916 1305 2943 χχχιι,
1320 2907 1363 2935 l9.
