2052 3146
160 192 212 225 869

737 195 779 225 IN
800 195 1020 226 LEVITICUM.
1040 196 1225 238 11.13.11.

1742 196 1795 228 870

159 248 233 276 enim
251 247 392 282 praesumit
417 251 444 274 et
468 247 560 280 attdet,
578 255 611 275 ex
637 247 796 276 fortitudine
818 255 845 277 et
869 250 954 277 conﬁ-
971 261 991 288 Α
1041 249 1074 276 Et
1092 250 1152 277 dedi
1165 250 1254 276 Aaron
1277 250 1407 277 sacerdoti
1422 254 1446 278 et
1461 251 1524 285 ﬁliis
1537 251 1605 285 eius.
1636 250 1795 289 Secundum

159 294 254 321 dentia
275 293 325 326 ﬁt;
352 294 416 327 quia
440 299 531 321 autem
555 302 617 322 cum
634 295 668 322 de
689 295 822 322 sacriﬁcio
842 295 954 322 salutari

159 339 378 374 prteciperetur,
413 341 533 372 ventris,
559 345 586 368 et
610 349 723 374 renum,
744 345 771 368 et
797 342 898 374 lumbi,
927 346 955 369 et

160 384 425 421 pinttte,éthcpatis,
449 391 477 413 ct
492 387 590 422 adipis,
602 392 630 414 et
646 388 778 415 femorum
795 388 953 415 memoriam

160 431 234 463 fecit,
249 432 344 459 omisit
368 437 458 460 autem
482 434 682 467 pectusculum,
700 434 748 461 sed
770 438 798 460 et.
821 442 927 461 armum
946 443 953 462 :

159 478 266 505 variare
292 478 431 511 videlicet,
457 479 528 506 sicut
554 479 656 506 dictum
682 485 732 511 est,
756 480 954 515 legislationem

161 523 269 556 volens,
290 528 318 550 et
349 529 457 559 tempus
484 525 536 551 sibi
564 533 675 552 servare
699 527 733 552 de
757 527 858 553 eisdem
887 527 955 562 ipsis

160 567 322 602 frequenter
350 574 485 604 prmccpta
512 568 604 597 dandi.
630 570 699 598 Ecce
722 571 796 597 enim
815 578 889 598 nunc
911 579 954 604 ea,

159 623 222 650 qua:
238 615 315 649 prius
330 624 384 642 non
399 616 477 648 dixit,
493 617 631 651 exposuit.

197 662 303 688 Tenebit
328 663 448 689 manibus
473 663 576 696 adipem
600 663 703 694 ltostt'tr',
718 667 742 689 et
767 663 954 697 pectusculnm.

161 706 211 734 Vel
223 709 294 734 sicut
312 707 382 734 LXX
401 717 407 735 :
426 709 537 742 Adime
552 717 630 742 super
645 709 834 742 pet-tusculum,
853 713 879 736 ct
896 709 956 743 pitt-

162 761 226 780 nam
254 753 363 788 hepatis
391 754 553 788 prtecipieus
578 754 684 780 oﬁerri.
711 753 764 780 Per
789 755 911 788 pinnam,
931 758 957 781 et

162 806 254 831 renes,
270 801 350 826 etiam
365 800 398 827 ad
418 800 533 826 aliorum
547 808 608 835 qua:
621 801 676 835 jam
694 801 765 827 dicta
781 805 855 831 sttnt,
872 802 956 829 semel

164 846 325 872 memoriam
346 853 397 872 nos
420 846 565 872 reducens.
582 845 634 873 Per
649 848 836 880 pectusrultun
853 851 954 878 autem,

162 890 243 917 ﬁdem
257 891 404 926 designans
419 896 447 918 et
463 891 668 923 conﬁdentiam,
688 900 770 927 quam
787 893 882 920 oﬁ‘crri
901 892 956 919 Do—
985 893 989 896 ’

1005 296 1132 330 superius
1145 296 1271 323 videlicet
1285 296 1385 324 dictam
1401 297 1570 324 divisionem.
1589 297 1685 324 Totius
1700 305 1793 325 autem

1005 341 1088 376 hujus
1104 342 1224 369 mandati
1239 342 1412 370 conﬁrmatio
1427 343 1562 378 sequitur.

1039 387 1107 422 Lege
1124 393 1248 422 perpetua
1259 393 1296 414 est
1306 397 1321 414 a
1334 388 1396 422 ﬁliis
1409 388 1503 416 Israel.
1516 389 1575 415 Non
1587 394 1629 416 cst
1640 388 1712 416 enim
1727 393 1794 416 tem.

1004 441 1066 467 pus,
1087 441 1141 468 quo
1165 441 1220 461 non
1247 434 1308 461 ﬁdei
1339 441 1367 461 et
1393 435 1508 462 actionis
1538 435 1702 462 oblationem
1730 441 1794 468 spe-

1004 479 1110 506 cialiter
1125 479 1196 506 Deus
1209 480 1243 506 ab
1258 480 1299 506 his
1318 480 1362 514 qui
1375 480 1523 512 salvantur,
1543 481 1671 515 accipiat.
1696 480 1794 507 Paulus

1005 525 1107 559 quippe
1134 525 1172 552 ait
1193 533 1287 552 omnes
1301 526 1346 560 qui
1374 526 1520 553 virtutibus
1540 527 1686 560 pollebant.
1711 525 1794 553 veluti

1005 570 1083 602 Abel,
1097 570 1187 596 Enoch
1203 574 1231 596 et
1242 570 1298 597 Noe
1310 590 1317 602 ,
1336 574 1363 597 et
1378 579 1556 606 quoscunque
1572 579 1633 598 cutn
1649 571 1700 598 illis
1724 578 1793 598 con-

1006 617 1172 647 nutncravit,
1187 617 1277 650 perﬁci
1293 625 1341 651 per
1357 617 1436 643 ﬁdem
1451 618 1486 643 ⁵⁸.

1045 671 1054 686 ‹
1083 661 1147 689 llaec
1160 667 1202 688 cst
1213 662 1305 688 unctio
1321 663 1411 689 Aaron
1424 668 1450 690 et
1464 662 1579 689 ﬁliorum
1596 663 1654 695 ejus
1671 663 1696 689 in
1711 670 1794 690 etcre-

1007 707 1105 733 moniis
1127 707 1244 736 Domini.
1261 708 1305 734 die
1317 716 1370 742 qua
1382 709 1482 735 obtulit
1498 716 1544 735 eos
1558 708 1661 742 Moyses
1689 712 1717 734 ut
1750 716 1795 734 sa-

1006 751 1126 778 cerdotio
1139 752 1324 786 iungerentur,
1337 758 1364 779 et
1380 761 1439 787 qutc
1455 753 1584 787 praecepit
1606 753 1661 779 dari
1676 753 1714 779 cis
1743 752 1795 780 Do-
1817 758 1822 763 ‘

1007 797 1098 823 minus
1110 804 1124 823 a
1140 797 1201 824 ﬁliis
1214 798 1293 825 Israel
1307 798 1435 833 religione
1455 803 1585 833 perpetua
1597 798 1622 824 in
1642 799 1795 834 generatio-

1007 841 1088 868 nibus
1102 841 1168 868 suis.
1186 851 1195 866 ι

1042 886 1079 912 Ea
1092 893 1151 920 qua:
1181 887 1252 914 dicta
1272 891 1346 917 sunt,
1372 887 1499 914 videntur
1531 888 1732 922 quodammodo
1760 889 1794 915 ad

162 935 239 962 ωξηο
254 937 322 969 vulg,
343 937 376 964 ab
398 944 432 964 eo
454 937 499 972 qui
523 938 620 969 salvari
646 939 793 972 desiderat.
812 939 875 974 quia
898 940 953 966 δίηε
970 931 989 957 Β
1006 931 1162 958 unctionem
1191 933 1362 958 sacerdotum
1378 933 1524 967 pertinere,
1539 933 1585 960 sed
1602 941 1655 959 non
1671 933 1696 959 in
1724 941 1794 967 prm-

162 980 213 1014 ﬁdc
230 981 390 1015 impossibile
406 986 442 1008 est
458 990 504 1008 nos
520 982 624 1017 placere
639 983 694 1010 Dco
707 985 742 1012 θ’.

197 1025 271 1058 Quid
285 1031 376 1052 autent
395 1027 437 1053 his
458 1027 578 1055 addidit?

200 1070 296 1096 Tradct
322 1071 462 1103 sacerdoti,
496 1073 541 1107 qui
560 1073 674 1100 adolebit
696 1075 799 1108 adipem
818 1083 895 1109 super
910 1075 952 1101 al-

163 1120 238 1142 tare.
251 1115 335 1143 Recte
355 1117 473 1144 diximus
493 1119 577 1150 enim,
593 1119 656 1153 quia
674 1127 753 1147 omne
769 1125 891 1148 nostrum
907 1121 953 1148 dc-

163 1162 295 1188 siderium
312 1162 500 1190 holocaustum
520 1164 576 1191 ﬁeri
592 1165 660 1192 vult.

199 1207 385 1235 Pectusculum
409 1215 498 1236 autent
521 1211 569 1236 erit
592 1211 680 1237 Aaron
705 1216 730 1238 et
754 1212 868 1246 ﬁliorum
884 1213 951 1247 ejus.

161 1255 260 1281 Annus
280 1262 381 1289 quoque
401 1256 491 1282 dexter
519 1257 550 1282 de
579 1257 747 1291 paci/iceram
772 1258 862 1284 hostiis
881 1259 952 1285 car/it

162 1298 190 1324 in
204 1299 330 1332 primitiis
345 1301 498 1326 sacerdotis.
514 1300 613 1328 Amtus
630 1304 724 1328 dexter
739 1303 860 1330 actiones
875 1303 953 1330 bonae

162 1348 238 1370 sunt.
263 1344 333 1379 Ergo
361 1349 388 1372 et
413 1345 504 1377 ﬁdem,
522 1350 549 1373 et
576 1347 698 1374 actiones
722 1349 819 1375 otTerre
845 1353 953 1384 oportet

161 1397 236 1421 eum,
254 1390 300 1424 qui
324 1391 422 1418 salvari
446 1393 515 1419 vult.
538 1392 591 1419 Sed
610 1393 672 1427 quia
688 1394 874 1427 pectusculutn
891 1395 953 1422 ﬁliis

163 1436 255 1462 Aaron
282 1436 432 1470 deputavit,
451 1438 497 1472 qui
522 1439 652 1465 sublimes
674 1439 728 1466 vita
753 1443 825 1471 sunt,
846 1448 951 1467 armum

162 1485 256 1507 autem
284 1481 408 1508 dextrum
437 1483 582 1515 sacerdoti,
606 1484 652 1518 qui
681 1484 825 1519 imaginem
850 1485 953 1512 Christi

161 1529 250 1557 tenet,
267 1531 376 1560 propter
393 1527 465 1561 quod
484 1528 560 1554 solus
581 1529 708 1556 sacerdos
723 1529 774 1556 hoc
790 1531 951 1558 sacriﬁcium

161 1571 296 1606 perﬁcere
319 1576 417 1606 potest,
433 1573 527 1601 oﬁ‘erri
550 1579 643 1608 aperte
660 1575 796 1609 legislator
810 1577 928 1603 ostendit
944 1585 950 1603 :
966 1592 987 1620 ο

161 1616 227 1650 quia
244 1617 356 1644 credere
371 1617 492 1652 quidem,
510 1622 538 1645 et
560 1627 712 1654 proponere
731 1620 812 1652 bona,
827 1626 952 1648 nostrum

161 1666 213 1693 est,
232 1661 290 1688 sive
306 1662 426 1696 incipere
448 1669 479 1688 ea
493 1671 500 1695 ;
515 1663 645 1697 operibus
659 1667 749 1690 autem
771 1663 911 1698 perﬁcere,
927 1668 954 1691 et

161 1707 197 1734 ad
211 1706 293 1733 ﬁnem
308 1707 459 1741 perducere
472 1715 504 1735 ea
523 1716 582 1742 qua:
598 1713 685 1743 empta
701 1714 774 1741 sunt,
789 1710 841 1736 hoc
856 1710 954 1751 divinat

161 1758 205 1781 est
219 1754 324 1789 gratim.
343 1754 459 1789 Propter
477 1756 549 1790 quod
567 1755 637 1782 dixit
651 1756 751 1783 Paulus
765 1766 771 1783 :
788 1756 850 1783 Non
863 1758 953 1784 voleti-

162 1799 207 1831 εἰς,
225 1807 310 1834 neque
328 1801 467 1833 currentis,
483 1801 528 1827 sed
543 1801 688 1828 miserentit
703 1807 740 1828 est
753 1801 803 1829 Dei
813 1803 846 1829 ⁸³.
861 1803 953 1830 Solius

161 1843 236 1870 enim
260 1844 320 1878 ejus
342 1849 385 1871 est
406 1845 523 1879 dirigere
544 1845 678 1872 actiones.
703 1845 816 1880 Propter
837 1845 909 1880 quod
925 1849 953 1873 et

161 1888 306 1916 brachium
330 1890 387 1924 ipse
410 1889 457 1916 Dei
482 1891 652 1922 nominatur,
678 1891 716 1918 ait
741 1891 813 1918 enim
841 1891 923 1918 Isaias
944 1899 952 1918 :

165 1933 287 1966 Domine,
303 1935 362 1969 quis
386 1935 496 1962 credidit
522 1935 626 1962 auditut'
651 1941 749 1968 nostro,
770 1942 793 1963 et
817 1937 950 1963 brachium

161 1979 271 2006 Domini
293 1981 335 2006 cui
362 1980 506 2007 revelatum
521 1985 557 2007 est
573 1981 611 2007 °‘?
634 1981 668 2008 Ut
689 1982 735 2016 qui
758 1989 822 2016 ergo
838 1982 896 2016 ipse
910 1985 952 2008 cst

162 2032 258 2052 verum
284 2025 437 2056 brachium.
461 2030 534 2052 recte
556 2030 680 2053 nostrum
703 2034 819 2059 armutn,
840 2034 898 2058 seu,
922 2029 952 2052 ut

163 2069 236 2097 LXX
249 2071 356 2103 dicunt,
372 2071 513 2098 brachium
530 2072 643 2107 accepit.
657 2072 759 2100 Deinde
774 2072 951 2100 intentionent

162 2121 286 2142 nostram
303 2117 420 2143 dilatans
436 2117 578 2152 legislator
594 2118 715 2145 subdidit
732 2126 739 2145 ε
761 2117 811 2150 Qui
831 2118 951 2145 obtulerit

159 2161 318 2195 sanguinem
337 2166 361 2188 et
382 2162 487 2195 adipem
509 2162 625 2196 filiorum
651 2163 750 2194 Aaron,
771 2163 825 2198 ipse
849 2163 950 2190 habebit

161 2213 267 2231 armum
284 2205 405 2232 dextrum
418 2206 445 2232 in
460 2207 579 2240 portione
595 2215 653 2233 sua.
669 2206 794 2234 Christus
808 2212 849 2234 est
864 2207 949 2239 enim,

1005 977 1075 1003 senti
1103 977 1137 1004 de
1167 978 1218 1004 hac
1247 978 1382 1005 disserere
1409 979 1545 1014 lcgislator
1575 983 1755 1014 proposuerat
1785 987 1792 1006 :

1002 1030 1083 1056 quam
1115 1024 1187 1050 enim
1205 1031 1266 1050 cum
1287 1025 1415 1052 unctione
1439 1026 1609 1052 sacerdotum
1636 1026 1792 1057 societatem

1004 1068 1103 1095 habent
1122 1077 1152 1095 ea
1171 1077 1230 1103 qute
1248 1070 1374 1104 pra-dicta
1401 1075 1474 1102 stitit,
1491 1071 1641 1097 sacriﬁcia?
1663 1071 1715 1098 Sed
1747 1077 1793 1097 so-

1003 1115 1141 1141 lumtnodo
1158 1123 1253 1142 eorum
1279 1123 1338 1149 qua:
1361 1116 1485 1150 superius
1509 1116 1542 1142 ab
1559 1124 1592 1142 eo
1619 1116 1690 1143 dicta
1716 1120 1791 1147 sunt,

1002 1162 1061 1188 vult
1074 1163 1217 1189 ostendere
1233 1162 1402 1197 dignitatem,
1417 1167 1444 1189 et
1460 1167 1540 1196 quem
1556 1164 1709 1198 prolectant
1723 1171 1793 1197 prte-

1002 1211 1074 1234 stent
1091 1207 1132 1233 ltis
1159 1207 1204 1241 qui
1224 1215 1255 1233 ea
1276 1208 1442 1234 custodiunt.
1460 1208 1538 1240 Quod
1563 1208 1636 1235 enim
1654 1208 1710 1235 ait;
1730 1208 1792 1235 Ila'c

1003 1255 1041 1277 est
1060 1253 1146 1277 unctio
1165 1251 1254 1277 Aaron
1271 1256 1296 1277 et
1314 1252 1428 1285 ﬁliorum
1445 1253 1501 1286 ejus
1513 1253 1539 1278 iu
1559 1253 1719 1279 ca'rcmouiis
1739 1253 1793 1279 Da-

1003 1296 1077 1322 mini.
1094 1296 1132 1323 Ad
1145 1296 1282 1330 superiora
1300 1297 1350 1323 hoc
1370 1297 1495 1328 reddidit,
1509 1302 1537 1323 ut
1553 1302 1580 1323 ltt
1603 1305 1792 1332 cognosceres.

1003 1340 1066 1370 quia
1083 1340 1238 1366 custodiens
1263 1348 1433 1375 quarumque
1455 1342 1497 1368 lex
1513 1342 1638 1376 superius
1664 1342 1740 1372 dixit,
1760 1342 1794 1369 ad

1003 1385 1150 1412 sacerdotis
1166 1385 1448 1421 proﬁcitdiguitatetn,
1471 1392 1497 1413 ct
1509 1386 1643 1414 studcndo
1659 1395 1689 1414 ea
1705 1387 1794 1414 valeas

1003 1431 1092 1465 regale
1105 1432 1296 1464 sacerdotium,
1310 1440 1376 1467 gens
1403 1437 1496 1459 sancta
1517 1432 1587 1459 dici:
1606 1432 1683 1459 aliter
1701 1437 1792 1460 autem

1004 1483 1189 1510 nequaquam.

1040 1521 1104 1548 Ila'c
1117 1527 1154 1548 cst
1171 1523 1239 1548 enim
1254 1523 1340 1548 unctio
1356 1523 1382 1548 in
1400 1523 1560 1549 ca'remouiis
1577 1522 1693 1549 Domini.
1709 1523 1790 1550 Vide-

1003 1567 1069 1594 licet
1102 1575 1135 1594 ex
1163 1568 1409 1599 observationibus,
1434 1575 1495 1602 qua:
1517 1568 1543 1594 itt
1565 1568 1702 1602 prmdictis
1730 1574 1795 1596 sunt

1003 1613 1148 1647 descriptae
1162 1612 1310 1650 sacriﬁciis.
1322 1613 1433 1647 l’roptcr
1447 1613 1519 1647 quod
1532 1613 1634 1640 addidit
1648 1622 1654 1640 :

1038 1658 1069 1685 In
1080 1659 1121 1685 die
1134 1667 1185 1692 qua
1200 1659 1291 1684 obtulit
1307 1666 1350 1685 eos
1367 1658 1475 1692 Moyses,
1492 1663 1520 1684 ut
1538 1659 1685 1685 sacerdotio
1702 1659 1794 1694 funge-

1003 1710 1094 1733 rentur
1123 1710 1147 1732 ct
1172 1713 1230 1740 qua
1252 1706 1373 1740 prwcepit
1402 1706 1462 1732 dari
1486 1706 1522 1732 eis
1549 1705 1705 1732 Dontinasa
1730 1705 1794 1739 ﬁliis

1002 1752 1095 1779 Israel.
1112 1751 1182 1786 Ergo
1194 1751 1222 1778 in
1238 1751 1279 1778 bis
1295 1751 1374 1778 nobis
1386 1751 1541 1778 unctionem
1556 1751 1641 1783 dedit,
1654 1755 1681 1777 el.
1697 1751 1723 1777 in
1736 1751 1794 1778 istis

1002 1806 1051 1825 nos
1065 1797 1168 1824 vocavit
1189 1797 1269 1828 Deus,
1281 1797 1325 1824 die
1341 1804 1393 1831 qua
1410 1796 1509 1823 obtulit
1532 1803 1590 1823 eos.
1607 1795 1722 1828 Quando
1744 1804 1794 1823 au-

1002 1847 1056 1870 tem
1069 1843 1210 1875 hoc?Qua
1225 1842 1268 1869 die
1288 1842 1366 1869 unxit
1382 1849 1439 1874 eos,
1457 1847 1486 1868 ut
1511 1842 1663 1868 sacerdotio
1693 1842 1792 1877 iunge-

1002 1893 1106 1920 rentur,
1123 1888 1149 1915 id
1165 1893 1207 1915 est
1232 1896 1285 1922 qua
1308 1888 1352 1914 die
1376 1888 1436 1915 illos
1451 1895 1483 1915 cx
1514 1888 1578 1914 ﬁliis
1602 1887 1684 1914 lsrael
1704 1889 1792 1920 unxit,

1001 1942 1051 1968 per
1070 1934 1226 1960 unctionem
1259 1934 1362 1961 scilicet
1389 1941 1450 1968 qua:
1474 1941 1547 1960 nunc
1569 1934 1641 1960 dicta
1668 1937 1720 1960 est.
1739 1934 1792 1964 Qui

1001 1981 1075 2006 enim
1107 1980 1250 2007 sublimius
1275 1980 1382 2011 vivunt,
1398 1986 1448 2006 seu
1478 1982 1687 2009 convcrsantur,
1721 1982 1794 2005 recte

1001 2025 1075 2052 omni
1091 2025 1297 2052 excellentiores
1315 2028 1379 2051 sunt
1396 2024 1506 2058 populo.
1518 2023 1595 2050 Unde
1609 2028 1636 2050 et
1648 2022 1729 2049 nimis
1746 2031 1795 2058 op-

1001 2074 1119 2106 portune
1145 2070 1282 2105 legislator
1304 2069 1445 2096 subdidit:
1463 2069 1597 2104 Religione
1621 2073 1746 2103 perpetua
1765 2069 1792 2095 in

1001 2116 1211 2152 generationibus
1220 2114 1467 2148 uestris.Quatenus
1477 2120 1504 2142 tu
1511 2115 1604 2144 scires.
1619 2115 1682 2150 quia
1695 2114 1794 2142 incon-

1001 2170 1080 2190 cussa
1090 2163 1147 2190 tunc
1156 2162 1227 2196 apud
1236 2162 1319 2189 Deum
1330 2161 1424 2196 religio
1438 2165 1489 2192 est,
1501 2166 1530 2188 ut
1543 2169 1631 2195 tteqttc
1648 2161 1791 2195 dignitate,

1001 2216 1089 2243 neque
1097 2207 1241 2242 sapientia,
1256 2215 1344 2242 neque
1359 2207 1519 2242 cognatione
1538 2207 1684 2241 iustorum,
1704 2215 1793 2242 neque

161 2249 361 2285 lntelligibilem
386 2253 546 2286 sanguinem
573 2252 758 2287 paciﬁcorum.
780 2257 807 2280 ct
832 2253 949 2287 adipem,
966 2257 988 2285 ι)
1003 2253 1053 2280 alia
1069 2253 1150 2280 simili
1161 2260 1195 2280 ex
1209 2261 1238 2280 re
1249 2253 1361 2287 populo,
1373 2252 1416 2278 vel
1431 2252 1553 2286 plurimis
1561 2252 1694 2278 excellere
1707 2252 1794 2286 possit

126 2312 129 2313 ν
162 2296 291 2323 videlicet
311 2297 427 2331 animas,
445 2301 473 2324 et
489 2297 623 2325 desideria
637 2298 796 2325 salutarium
814 2299 948 2331 olIerens;

161 2341 207 2375 qui
224 2346 267 2368 est
284 2342 394 2376 quidem
409 2343 443 2370 de
459 2343 523 2370 ﬁliis
537 2343 639 2377 Aaron,
655 2352 709 2371 non
731 2349 839 2379 propter
853 2353 952 2380 cogna-

162 2387 279 2417 tionem,
297 2387 344 2414 scd
361 2393 471 2423 propter
489 2390 626 2424 propriam
649 2390 807 2426 dignitatem
827 2392 952 2418 sacerdos

161 2431 322 2465 singularis.
338 2437 365 2459 et
380 2433 406 2459 in
423 2434 550 2461 omnibus
566 2435 720 2469 praecipuus
735 2444 742 2463 :
760 2436 786 2461 in
811 2436 869 2470 ejus
891 2444 952 2470 por-

163 2478 267 2505 tionem
282 2486 374 2506 armus
387 2479 490 2512 dexter,
505 2489 553 2508 seu
568 2482 708 2509 brachium
724 2483 857 2515 dextrum,
871 2483 897 2510 id
911 2488 951 2510 est

161 2523 253 2550 omnis
270 2524 343 2551 bona
365 2525 436 2552 actio
450 2530 479 2552 et
494 2527 585 2560 operis
600 2527 714 2555 eﬂ‘ectns
736 2529 843 2556 transit.
866 2529 946 2557 Reca-

161 2567 282 2602 pitulans
295 2575 385 2596 autem
399 2578 458 2604 qua:
471 2571 543 2598 dicta
558 2576 630 2604 sunt,
644 2573 747 2600 addidit
767 2582 774 2599 :

195 2612 383 2640 Pectusculum
398 2615 467 2642 enim
481 2615 603 2643 elationis
621 2620 681 2651 (seu
696 2617 846 2644 secundum
869 2618 948 2650 LXX,

161 2659 364 2692 propositionis)
389 2664 413 2685 et
440 2668 544 2686 armum
575 2662 751 2695 scparatt'onis
777 2661 825 2688 tuli
840 2670 856 2688 a
887 2662 950 2696 [iliis

162 2700 257 2735 Israel,
273 2703 306 2729 de
327 2703 418 2729 hostiis
443 2712 533 2730 eorum
564 2705 690 2739 paciﬁcis.
714 2705 783 2738 Quia
806 2706 896 2738 ﬁdem,
922 2712 948 2734 et

162 2747 309 2780 actionem,
328 2749 492 2777 oblationem
518 2751 663 2784 specialem
690 2751 724 2778 de
749 2752 869 2786 paciﬁcis
898 2760 947 2779 seu

163 2791 326 2820 salutaribus
344 2795 483 2823 sacriﬁciis
502 2796 568 2822 vult.
585 2796 697 2831 Propter
709 2798 780 2831 quod
789 2797 875 2824 dixit:

196 2887 219 2903 "
234 2886 319 2916 Hebr.
336 2897 372 2923 Il,
387 2889 414 2917 6.
451 2891 474 2907 ”
488 2890 566 2919 Rom.
583 2899 619 2926 ιι,
651 2892 692 2920 l6.
730 2893 753 2910 "
775 2892 827 2921 lsa.
841 2901 916 2929 mn,
934 2894 958 2921 Ι.

1000 2300 1070 2335 quis,
1079 2300 1129 2327 nisi
1138 2308 1168 2327 ea
1178 2304 1319 2327 assecutus
1326 2300 1416 2332 fuerit,
1428 2307 1487 2334 quae
1499 2299 1525 2326 in
1537 2298 1793 2333 superioribussunt

1001 2351 1145 2381 praecepta.
1162 2345 1206 2373 Sic
1220 2346 1291 2372 enitn
1304 2345 1437 2380 quispiam
1455 2349 1482 2372 et
1502 2344 1629 2371 sacerdos
1649 2343 1678 2370 ﬁt
1694 2351 1794 2370 secun-

1001 2391 1064 2416 dutu
1082 2391 1273 2425 cognationem
1289 2390 1390 2417 Christi
1418 2391 1473 2417 vcri
1492 2389 1650 2419 sacerdotis.
1667 2389 1712 2422 qtti
1743 2389 1792 2415 im-

1000 2435 1162 2462 maculatum
1178 2439 1205 2462 et
1226 2435 1374 2468 perfectam
1400 2434 1596 2461 demonstravit
1615 2433 1708 2460 vitam.
1735 2432 1791 2460 Sed

1001 2481 1063 2514 quia
1084 2481 1240 2507 unctionem
1266 2488 1313 2515 per
1330 2489 1361 2507 ea
1376 2488 1436 2514 qua:
1455 2480 1580 2514 superius
1607 2479 1686 2514 plane
1718 2478 1790 2506 dicta

1001 2530 1075 2557 sunt,
1090 2525 1230 2556 intellexit,
1246 2533 1306 2559 qua:
1321 2526 1526 2559 subsequuntur
1537 2525 1700 2560 approbant.

1037 2570 1117 2597 Vsus.
1135 2571 1179 2602 57,
1191 2571 1234 2597 58.
1255 2580 1264 2596 t
1280 2571 1317 2597 lta
1335 2575 1377 2598 est
1396 2571 1437 2597 lex
1465 2571 1612 2598 holoCausti
1642 2575 1670 2597 et
1689 2569 1791 2596 sacriﬁ-

1000 2615 1035 2642 cii
1053 2623 1102 2649 pro
1114 2620 1225 2649 peacato
1236 2620 1317 2650 atque
1337 2615 1447 2648 delicto,
1464 2619 1551 2649 etpro
1572 2615 1789 2646 consecratione,

1000 2660 1217 2694 ctpaciﬁeorum
1246 2661 1374 2694 victimis,
1387 2669 1454 2696 quas
1485 2662 1626 2689 constituit
1654 2662 1789 2689 Dominus

999 2705 1083 2741 Moysi
1099 2706 1126 2732 in
1137 2710 1229 2733 monte
1244 2707 1329 2739 Sinai,
1345 2707 1454 2742 quando
1466 2707 1604 2734 mandavit
1619 2707 1679 2734 ﬁliis
1695 2708 1788 2738 lsracl,

1002 2756 1029 2778 ut
1045 2752 1178 2780 oll'errent
1190 2753 1340 2781 oblationes
1366 2762 1429 2782 suas
1455 2754 1566 2782 Domino
1590 2755 1616 2781 in
1629 2754 1735 2781 deserto
1746 2751 1789 2780 Si-

1002 2805 1056 2825 nat.
1076 2808 1085 2824 1

1007 2894 1031 2910 ’⁸
1046 2894 1129 2924 llebr.
1152 2903 1190 2929 xx,
1220 2896 1233 2923 1
1258 2903 1333 2932 seqq.
