2052 3146
266 182 313 215 871

862 177 1042 229 iiESl'CiilI
1061 178 1297 210 PRESBYTERI

1842 179 1895 210 872

300 239 380 266 Vides
392 237 551 266 ditierentes
562 236 797 268 convcrsationes,
812 243 872 270 qua:
883 236 1053 270 coniungunt
1067 240 1088 267 Α
1104 234 1411 270 inaestimabitiquadam
1439 232 1605 262 sublimitate
1625 233 1733 261 excellit
1750 233 1822 262 Deus
1841 235 1894 263 ho-

263 285 319 312 Deo
328 285 384 311 sive
391 292 439 318 per
448 283 598 318 perfectum
609 284 739 310 honorem
749 282 888 317 sapientiae
895 282 940 316 qui
949 289 996 316 per
1003 282 1053 308 lto-

263 329 412 358 locaustnm
424 330 603 364 signiﬁcatur,
612 329 668 355 sive
678 328 896 363 permediocrem
908 327 1051 361 justitiam,

263 383 324 409 quae
340 376 436 403 idottca
446 381 590 409 estctqua:
599 376 630 401 ad
641 375 768 405 salutem,
780 374 918 408 pertinent
933 373 1050 407 operari.

263 422 399 448 Sacriﬁcia
422 421 494 448 cuitu
511 422 567 447 lucc
581 422 754 455 paciticnrutn
768 421 823 446 sive
835 427 882 454 per
898 419 1052 446 holocausta

262 472 386 502 agantur,
399 467 455 493 sive
468 475 515 501 per
527 467 701 498 oblationem,
717 471 787 492 recte
799 465 949 494 csseutilia.
961 470 1052 499 utpote

262 513 419 548 dignitatem
442 512 637 539 sacerdotalem
657 512 823 546 priestantia,
845 511 886 537 lex
899 511 1051 538 intellexit:

262 565 288 586 et
306 563 446 593 propterea
464 559 491 585 in
522 558 566 585 die
583 566 635 592 qua
652 557 789 584 unctionis
813 558 897 592 legem
915 556 997 592 Moysi
1025 557 1052 583 in

263 610 355 631 monte
371 605 444 631 Siuai
460 606 701 636 tnamlavit,.etiam
715 613 746 631 ea
765 612 824 638 qua:
842 608 905 630 sunt
922 604 954 631 de
968 603 1052 630 sacri-

265 651 335 677 ﬁciis
347 651 477 680 subdidit.
494 651 627 684 simulque
643 658 673 677 ea
684 650 774 676 omnia
797 650 915 676 breviter
939 657 1052 675 enunie-

262 696 383 725 ra\'it,ct
412 697 644 722 commemoravit.
677 695 743 722 Natu
771 695 843 721 LXX
869 694 1050 721 addiderunt:

262 740 297 766 Et
321 741 581 767 consummationis:
608 749 669 767 cum
689 740 751 766 illud
781 740 808 766 in
827 739 971 774 praeteritis
997 747 1050 766 non

262 784 433 810 inveniamus
467 785 621 819 specialiter
640 785 731 811 \crhis
753 784 912 819 legislatoris
940 791 1051 817 expres-

263 837 322 856 sum
339 830 420 856 etiam
443 831 470 856 in
503 831 558 865 ipsa
574 830 642 856 LXX
661 830 790 857 editione.
809 830 861 856 Sed
883 830 947 864 quia
964 830 1052 857 simile

262 875 423 902 sacriﬁcium
442 883 491 902 nec
505 884 553 909 pro
570 880 692 909 peccato,
706 883 756 902 nec
767 874 929 905 holocausti,
945 875 987 901 vel
1002 875 1065 901 de~-

262 920 328 949 licti,
346 929 395 948 nec
410 922 535 947 sacriﬁcii
547 927 589 948 est
602 922 739 954 salutaris,
757 928 851 949 utnon
868 922 985 956 speciem
1009 929 1052 948 sa-
1068 919 1088 945 Β
1105 923 1165 948 talia
1178 924 1205 949 in
1218 923 1267 954 eis,
1285 923 1373 956 qualia
1388 927 1414 949 et
1426 923 1452 949 in
1464 923 1580 950 Aaronis
1601 923 1730 949 unctione
1759 928 1886 958 aguntur,

261 966 353 993 criticit
369 967 448 1000 hujus
460 973 506 993 aut
521 975 619 994 nomen
648 968 845 1002 ignoraremus,
859 968 885 994 in
913 968 964 994 hoc
990 967 1050 994 loco

262 1011 501 1038 saeriticiumilind
530 1013 773 1040 consummationis
804 1013 958 1047 appellavit,
985 1012 1051 1039 illud

262 1062 288 1083 te
309 1058 402 1084 volt-ns
419 1058 580 1093 intelligere,
592 1060 669 1093 cujus
681 1059 890 1093 appellationem
910 1058 1048 1085 omiserat.

261 1103 330 1134 Quid
347 1108 437 1129 autem
455 1104 587 1139 theologia
605 1105 752 1138 perfectius
764 1105 824 1131 est?
840 1112 922 1139 quam
951 1103 1051 1131 sacriﬁ-

261 1149 333 1175 cium
361 1150 456 1176 simila:
469 1157 529 1176 cunt
544 1150 605 1176 oleo
619 1154 645 1176 et
657 1151 734 1176 thure
752 1150 883 1181 oblatum,
898 1150 1050 1185 signiﬁcare

260 1194 386 1221 diximus.
405 1195 458 1222 Sed
475 1196 520 1222 ubi
536 1196 592 1222 haec
610 1197 756 1222 constituta
783 1196 874 1222 dixit?
889 1196 917 1222 ln
942 1195 1050 1222 deserto

262 1239 347 1266 Sinai.
362 1240 436 1266 Sinai
457 1245 558 1270 autem,
578 1240 657 1266 rubus
673 1241 714 1266 vel
735 1241 858 1271 tentatiu,
888 1240 1050 1274 interpreta-

262 1290 314 1313 tur.
329 1286 429 1312 Similis
441 1290 483 1312 est
496 1291 585 1312 autetn
601 1287 667 1312 rubo
682 1286 805 1317 tetttatio,
821 1293 946 1320 asperum
969 1287 1049 1319 quip-

261 1340 295 1366 pe
307 1332 451 1367 virgultum
469 1337 520 1364 est,
540 1337 567 1359 et
580 1332 651 1366 quod
681 1331 787 1358 dillicile
813 1339 893 1358 manu
924 1338 1048 1365 compre-

261 1379 390 1405 henditur
409 1387 416 1404 :
433 1378 599 1413 signiﬁcatur
612 1383 702 1405 autettt
716 1386 764 1413 per
779 1379 861 1408 hunc,
881 1377 943 1411 quia
952 1384 1048 1411 quent-

260 1423 405 1450 admodum
435 1432 529 1450 corum
553 1425 598 1458 qui
617 1424 643 1450 in
666 1431 753 1458 agone
766 1422 935 1450 contendunt
947 1429 1048 1449 corona

260 1469 287 1494 in
305 1470 404 1495 sudore
416 1473 443 1495 et
456 1469 547 1496 labore
558 1474 607 1500 est,
625 1471 664 1496 sic
679 1474 705 1495 et
719 1477 816 1495 corona
844 1469 920 1495 bona:
935 1468 996 1495 vitm
1019 1469 1046 1495 in

260 1515 455 1540 tetltnlionibus
466 1520 492 1541 ct
510 1514 729 1541 tribulationibus
740 1519 953 1545 consummatur,
970 1518 998 1540 ut
1021 1518 1048 1540 et

260 1558 360 1585 Paulus
375 1559 481 1585 dicebat
498 1567 504 1585 :
523 1558 618 1585 Omnes
630 1560 672 1593 qui
684 1559 771 1585 t'olltttl
790 1559 873 1584 vivere
889 1559 914 1584 in
945 1558 1047 1586 Clu-isto

259 1604 330 1634 Jesu,
359 1605 563 1639 persecutionem
591 1605 723 1638 patientur
739 1605 773 1630 9".
798 1604 913 1631 Maxime
939 1605 962 1631 si
985 1613 1048 1632 suas

259 1650 411 1677 oblationes
437 1651 567 1682 Domino,
595 1650 636 1677 vel
665 1650 735 1677 sicut
756 1651 826 1677 LXX
841 1651 996 1683 ediderunt,
1023 1651 1050 1677 in

259 1701 396 1730 conspectu
410 1696 512 1722 Domitii
541 1697 663 1730 o/ferant.
686 1697 856 1723 Manifestum
890 1701 932 1723 est
957 1702 1047 1723 autem

259 1742 322 1775 quia
334 1742 379 1775 qui
397 1742 523 1768 mundani
539 1742 682 1775 justitiam,
703 1747 729 1768 et
741 1750 800 1776 qum
818 1742 913 1776 placita
927 1748 968 1769 est
984 1742 1047 1773 Deo,

258 1785 373 1819 adeptus
384 1785 475 1817 fuerit,
492 1786 534 1812 hic
554 1790 581 1812 et
604 1786 766 1813 tentationcs
781 1788 890 1821 patitur,
908 1793 936 1813 et
962 1787 1049 1814 tribu-

259 1829 383 1857 lationes.
395 1830 486 1864 Neque
497 1831 568 1858 enim
582 1831 763 1865 intelligibilcs
778 1831 878 1858 initnici
890 1832 1046 1866 quiescunt,

258 1885 310 1904 nec
325 1878 490 1905 tentationcs
503 1878 577 1912 justo
604 1879 713 1911 desunt,
726 1879 788 1913 quia
817 1879 984 1906 abotniuatio
1007 1884 1049 1906 est

258 1924 448 1958 peccatoribus
469 1924 564 1958 pietas.
579 1923 672 1951 Finem
698 1930 788 1952 autem
818 1925 997 1952 tentationum
1021 1930 1048 1953 ct

259 1969 475 2000 tribulationum,
491 1969 608 1996 Jacobus
623 1969 702 1996 nobis
713 1971 877 1997 suilicienter
901 1971 1045 2004 exposuit:

258 2008 354 2040 Beatus
368 2015 461 2049 uirqui
475 2015 564 2049 suﬁizrt
587 2017 767 2046 tentationem,
781 2016 854 2050 quia.
874 2024 932 2042 cum
951 2017 1047 2050 proba—

258 2065 299 2086 ttts
313 2061 403 2095 fuerit,
414 2061 523 2095 accipiet
533 2070 653 2088 coronant
671 2063 739 2093 vim,
751 2071 828 2097 quam
844 2064 963 2096 promisit
979 2063 1047 2090 Deus

258 2106 425 2140 diligentibus
442 2115 469 2133 se
485 2107 516 2134 ⁹⁷.

566 2152 641 2180 CAP.
657 2153 727 2180 Vill.

291 2197 377 2225 Vens.
396 2198 448 2225 1-5.
469 2208 478 2224 ι
496 2198 669 2233 Locutusque
681 2204 720 2226 est
751 2199 880 2226 Dominus
891 2199 925 2226 ad
935 2199 1045 2234 Moysen

1063 1579 1084 1609 C

1102 282 1232 313 tuinibas,
1251 285 1278 307 et
1293 281 1390 315 gratia,
1409 280 1436 307 in
1446 288 1498 315 qtta
1512 280 1536 307 ei
1555 280 1806 313 communicamus;
1820 281 1892 315 quod

1102 327 1184 354 David
1196 327 1390 362 signiﬁcansad
1402 326 1638 353 Dominumdixit:
1652 326 1730 353 Sedes
1741 330 1798 359 tua,
1812 326 1892 360 Deus,

1101 375 1129 401 in
1144 374 1268 401 swculnm
1283 373 1383 406 saeculi,
1407 374 1480 407 t't'rgu
1505 378 1575 399 recta
1600 378 1647 404 est,
1662 373 1735 407 uirga
1750 373 1823 407 regni
1841 372 1891 399 tui.

1102 421 1417 455 Dilexislijustitiam,et
1443 420 1522 446 odisti
1543 419 1719 454 iniquitatem,
1751 424 1891 453 propterea

1102 469 1176 494 unxit
1196 473 1221 494 te
1237 467 1305 494 Deus
1318 467 1386 494 Deus
1403 471 1463 493 titus
1477 466 1533 492 oleo
1554 466 1663 496 Ia'tititr,
1682 473 1741 500 pro:
1761 466 1892 491 consorti-

1101 513 1148 540 bus
1160 514 1255 540 tuis“.
1270 513 1323 540 Sed
1340 513 1384 548 qui
1397 516 1461 539 sunt
1475 513 1534 546 ejus
1555 511 1784 546 participes?Nos
1798 511 1891 545 utique

1102 560 1136 586 de
1147 560 1247 593 quibus
1263 560 1363 586 dictum
1376 564 1418 586 est
1434 568 1440 586 :
1459 558 1606 592 Partiripes
1626 558 1695 584 enim
1710 557 1809 585 Christi
1825 557 1891 592 facti

1101 606 1235 636 sumus,si
1249 610 1337 632 tamen
1359 606 1463 632 initium
1484 604 1638 631 substantia
1668 603 1725 638 ejus
1750 611 1831 637 usque
1855 604 1891 629 ad

1101 651 1178 685 ﬁnem
1206 650 1310 684 ﬁrmam
1334 651 1493 677 retineamus
1507 650 1539 676 θ’.
1556 649 1652 676 Cernis
1663 653 1764 681 tamen,
1794 656 1887 683 quem-

1103 695 1248 722 admodum
1289 696 1425 730 praacipue
1462 694 1653 722 exsultationis
1687 694 1759 726 oleo,
1791 693 1818 720 id
1843 697 1885 720 est

1103 742 1209 776 spiritu,
1226 750 1280 776 prie
1300 742 1476 776 participibus
1522 741 1615 775 utique
1640 740 1729 772 nobis,
1758 740 1829 766 sicut
1851 740 1890 767 ait

1103 787 1258 819 Psalmista,
1274 787 1394 822 ungitur,
1423 787 1481 821 ipse
1508 786 1644 820 siquidem
1661 785 1888 818 substantialiter,

1102 841 1153 860 nos
1166 841 1229 859 vero
1247 833 1404 867 operatione
1419 833 1488 866 ejus,
1518 836 1545 859 ct
1557 833 1651 867 gratia.
1673 832 1819 867 Propterea
1841 840 1889 858 un-

1103 878 1320 912 gunturquidem
1335 878 1416 904 simul
1430 885 1490 904 cum
1511 878 1601 905 Aaron
1622 878 1670 905 ﬁlii
1683 879 1751 913 ejus,
1764 879 1812 905 sed
1834 887 1886 906 non

1102 968 1172 995 sicut
1187 969 1361 995 manifestam
1377 969 1528 1003 sequentia.
1543 969 1596 996 Sed
1608 969 1689 996 etiam
1703 969 1730 995 in
1743 969 1794 996 hoc
1809 978 1889 997 mens

1101 1011 1127 1038 in
1143 1013 1268 1046 praisenti
1281 1012 1386 1046 ﬁgenda
1402 1017 1454 1043 est,
1479 1013 1551 1046 quod
1580 1020 1635 1038 non
1652 1012 1752 1038 frustra
1774 1013 1830 1039 hcec
1859 1013 1887 1039 in

1100 1057 1238 1085 Christum
1251 1059 1417 1093 accipiamus
1433 1067 1439 1084 :
1455 1059 1545 1085 sciens
1572 1059 1644 1085 enitn
1666 1059 1812 1085 Ecelesiam
1840 1059 1889 1085 de-

1101 1111 1162 1130 cere
1179 1103 1235 1130 ha-c
1254 1103 1389 1138 lcgislator
1398 1104 1534 1138 mysteria,
1548 1103 1691 1130 convocari
1707 1111 1814 1130 onmem
1831 1111 1888 1130 cm-

1103 1152 1168 1179 tum,
1192 1147 1249 1174 sive
1264 1155 1426 1183 synagogatn
1445 1148 1583 1182 pra‘cepit,
1602 1148 1627 1175 id
1643 1148 1769 1182 estquod
1799 1148 1889 1175 Graeci

1101 1193 1194 1220 dicunt
1208 1193 1356 1227 ἐκκλησίας
1376 1193 1528 1227 adjannam
1541 1194 1707 1221 tabernaculi
1727 1193 1887 1220 testimonii.

1100 1237 1166 1270 Qua:
1181 1238 1320 1274 Synagoga
1339 1246 1393 1265 tton
1420 1243 1511 1274 potest
1540 1239 1618 1266 aliter
1637 1240 1671 1266 ad
1703 1239 1775 1266 hanc
1799 1238 1887 1273 legem

1101 1285 1324 1311 communionem
1353 1285 1463 1317 habere,
1485 1285 1536 1312 nisi
1562 1285 1595 1312 ad
1616 1284 1764 1312 Ecclesium
1787 1290 1889 1311 conve-

1100 1329 1166 1361 niat,
1199 1330 1270 1364 apud
1298 1338 1378 1365 quam
1402 1330 1498 1357 harum
1527 1330 1672 1366 ﬁgurarum
1689 1331 1789 1358 veritas
1818 1338 1887 1358 con-

1099 1380 1231 1402 servatur.

1136 1421 1216 1449 Vsus.
1233 1422 1288 1449 4-9.
1313 1432 1322 1448 ε
1338 1421 1412 1450 Fecit
1427 1422 1540 1458 Moyses,
1559 1427 1589 1450 ut
1614 1422 1745 1450 Dominus
1767 1422 1886 1457 impera-

1100 1472 1187 1498 verat,
1205 1473 1421 1503 congregalaque
1437 1469 1512 1495 omni
1534 1469 1612 1495 turba
1638 1473 1700 1495 ante
1722 1468 1804 1501 fores,
1823 1469 1862 1495 ait
1877 1476 1886 1494 :

1099 1514 1153 1541 Iste
1171 1519 1213 1540 est
1226 1522 1317 1541 sermo
1331 1522 1411 1548 quem
1435 1514 1519 1548 juSsit
1542 1513 1671 1541 llmninus
1689 1514 1756 1541 ﬁeri.
1775 1514 1888 1540 Statim-

1100 1568 1152 1594 que
1166 1560 1264 1586 obtulit.
1275 1561 1364 1586 Aaron
1388 1564 1416 1586 et
1441 1559 1510 1586 ﬁlios
1535 1560 1604 1594 ejus,
1631 1568 1747 1594 cumque
1775 1560 1889 1587 lavisset

1100 1613 1158 1638 eos,
1175 1605 1283 1632 vestivit
1296 1605 1450 1640 pontiﬁcem
1476 1605 1607 1632 subucula
1631 1605 1712 1637 linea,
1743 1605 1888 1640 accingeris

1100 1661 1161 1680 eum
1186 1653 1305 1685 baltheo,
1322 1657 1350 1680 et
1377 1653 1494 1680 induens
1519 1653 1610 1680 tunica
1643 1653 1830 1688 hyacinthina,
1860 1657 1890 1680 et

1099 1699 1364 1734 desupcrhumerale
1379 1699 1518 1733 imposuit,
1533 1700 1766 1734 quodastringens
1779 1699 1888 1732 cingulo

1100 1745 1237 1779 coaptavit
1247 1745 1381 1777 rationali,
1398 1744 1424 1770 in
1452 1752 1507 1779 quo
1521 1745 1711 1772 eratdoctrina
1726 1749 1753 1771 et
1774 1744 1886 1772 veritas.

1099 1791 1195 1826 (ty-dari
1206 1798 1313 1825 quoque
1339 1791 1405 1817 texit
1421 1795 1513 1825 caput,
1539 1794 1665 1824 ctsuper
1695 1797 1755 1817 eam
1790 1795 1887 1818 contra

1100 1835 1218 1863 frontem
1235 1835 1325 1869 posuit
1344 1835 1473 1862 laminam
1500 1842 1623 1867 auream,
1655 1839 1841 1862 consecratam
1859 1835 1886 1861 in

1100 1881 1355 1910 sanctiﬁcationem,
1373 1881 1443 1907 sicut
1460 1880 1659 1915 praiccpcratei
1674 1880 1817 1907 Dominus.
1837 1889 1848 1906 ι

1134 1927 1200 1960 Quia
1220 1928 1276 1954 haec
1288 1928 1322 1954 de
1338 1927 1436 1962 quibus
1467 1934 1557 1953 Sermo
1579 1932 1622 1954 est
1646 1927 1742 1954 umbra
1771 1926 1835 1958 sint,
1859 1931 1888 1954 et

1099 1974 1189 2009 ﬁgura!
1205 1981 1298 2000 eorum
1315 1982 1374 2008 qua:
1386 1974 1412 2000 in
1431 1973 1553 2001 Ecclesia
1571 1978 1698 2008 aguntur,
1712 1973 1887 2007 apertissime

1098 2021 1178 2047 etiam
1197 2020 1252 2054 ipsa
1268 2027 1327 2054 qua:
1340 2027 1413 2046 nime
1425 2020 1563 2054 proposita
1581 2024 1645 2046 sunt
1667 2023 1811 2046 testantur.

1135 2065 1205 2091 Fecit
1223 2064 1326 2099 Moyses
1342 2069 1369 2090 ut
1384 2064 1511 2090 Dominus
1534 2065 1720 2098 imperaverat,
1741 2072 1886 2099 congrega-

1097 2115 1175 2144 taque
1189 2110 1260 2136 omni
1273 2109 1347 2135 turba
1367 2114 1428 2135 ante
1441 2110 1520 2144 fores,
1536 2109 1585 2136 ait.
1613 2108 1690 2142 Quod
1710 2108 1803 2137 (ἕτεραι
1833 2109 1886 2135 lin-

1097 2163 1147 2191 gua
1162 2155 1189 2182 in
1202 2154 1273 2181 LXX
1288 2154 1445 2188 expressius
1467 2154 1627 2181 translatum
1651 2159 1703 2186 est,
1724 2154 1749 2181 id
1770 2159 1822 2186 est,
1840 2155 1886 2180 ἐκο

1097 2202 1249 2237 mquam;
1264 2201 1312 2236 τὴν
1327 2201 1503 2235 Συναγωγήν.
1522 2201 1555 2227 Et
1580 2200 1757 2234 quamobrem
1774 2209 1830 2227 non
1842 2201 1886 2227 di-

257 2242 349 2270 dicens
365 2252 371 2270 :
390 2245 487 2271 Tollite
500 2245 589 2271 Aaron
605 2252 666 2272 cum
679 2245 739 2272 ﬁliis
756 2245 823 2276 suis,
847 2250 936 2272 vestes
951 2253 1045 2272 eorum
1063 2250 1084 2278 ι)
1098 2248 1144 2279 cit,
1164 2247 1271 2282 collegit
1285 2246 1527 2282 Congregationcm
1557 2246 1613 2273 sive
1628 2245 1807 2281 Synagogam,
1837 2247 1886 2273 sed

256 2294 284 2316 et
299 2289 435 2317 unctionis
449 2290 549 2323 oleutn,
565 2291 678 2317 vitulum
696 2298 745 2325 pro
760 2295 882 2325 peccato,
895 2291 962 2318 duos
975 2290 1046 2318 arie-

258 2339 309 2368 tes,
323 2337 472 2363 caniSIrum
486 2344 549 2363 Cllm
565 2336 678 2371 azymis,
699 2341 727 2362 ct
742 2336 920 2370 congregabis
936 2343 1045 2363 omnem

255 2388 355 2409 coetum
369 2382 401 2409 ad
416 2382 517 2409 ostium
534 2382 701 2408 tabernaculi
729 2381 888 2408 testimonii.
908 2390 918 2407 ι

291 2427 357 2460 Quae
370 2428 405 2455 sit
419 2428 459 2456 vis
476 2429 678 2463 praedictorum,
695 2433 789 2462 aperte
802 2432 830 2454 et
844 2432 999 2462 opportune
1017 2427 1045 2454 in

258 2474 301 2500 his
310 2481 369 2508 quae
381 2479 533 2509 sequuntur
542 2475 691 2502 ostenditut
699 2495 705 2506 ,
714 2474 822 2508 quando
830 2474 968 2509 legislator
980 2473 1044 2500 sub-

258 2521 379 2547 intulerit
393 2529 424 2548 ea
439 2529 500 2555 quae
522 2522 549 2548 in
571 2521 610 2548 eis
639 2526 766 2556 aguntur.
788 2520 857 2553 Quid
882 2524 972 2546 autem
989 2520 1047 2546 haec

257 2574 317 2600 quin
330 2574 404 2593 nunc
415 2567 487 2593 dicta
503 2571 567 2593 sunt
582 2567 746 2602 signiﬁcent,
761 2566 813 2593 hoc
824 2566 871 2592 tibi
887 2565 1044 2600 prxcedens

256 2612 530 2647 scrmotradet,quia
546 2613 648 2644 unctio,
669 2612 780 2639 Christo
795 2616 823 2638 ct
845 2611 889 2638 his
915 2611 962 2646 qui
987 2611 1047 2646 ejus

256 2663 321 2685 Slllll
345 2659 499 2685 communis
524 2664 551 2685 Cl
567 2666 621 2685 11011
651 2658 803 2686 comtnunis
815 2663 874 2685 οδω
889 2656 1044 2684 communis

255 2705 376 2740 quidem,
389 2705 452 2739 quia
469 2705 591 2739 ejusdem
610 2705 746 2732 unctionis
769 2709 833 2732 sunt
847 2708 875 2731 et
891 2704 940 2739 ipsi
958 2702 1043 2738 parti-

255 2752 341 2787 cipes,
355 2751 532 2785 quamobrem
563 2755 590 2778 et
606 2759 656 2779 nos
690 2752 901 2787 participatione
929 2750 1043 2782 Christi,

255 2797 403 2825 Christiani
424 2797 562 2830 dicimur;
585 2805 638 2824 non
671 2797 826 2824 cotumunis
849 2801 951 2829 autem,
980 2796 1043 2831 quia

289 2899 408 2928 "lTim.
423 2907 464 2933 ιιι,
480 2899 523 2926 12.
560 2899 580 2914 ³·
597 2898 643 2925 Jac
671 2907 688 2931 ι,
709 2899 747 2925 t2.

787 2899 808 2913 ’ἦ
821 2897 891 2924 Psal.
906 2905 976 2929 mv,
991 2897 1017 2930 7,
1033 2897 1060 2924 8.

1099 2296 1260 2324 convocata,
1272 2291 1297 2319 id
1315 2296 1358 2319 est
1376 2291 1581 2326 ἐκκλησιάζειν,
1608 2291 1683 2318 οιιιιιὶ
1697 2291 1787 2322 turba,
1806 2291 1833 2318 id
1844 2295 1888 2318 est

1097 2339 1238 2374 Synagoga
1251 2345 1299 2364 seu
1316 2330 1551 2372 Congregatione?
1574 2335 1643 2369 Quia
1678 2336 1771 2369 proaul
1801 2337 1887 2364 dubio

1096 2388 1125 2412 et
1154 2391 1204 2419 per
1238 2383 1297 2411 hiet:
1326 2383 1417 2409 innuit
1427 2382 1538 2416 aliquid,
1556 2381 1722 2417 Synagogam
1741 2382 1814 2408 illam
1836 2390 1888 2416 ap-

1096 2430 1211 2465 pellans,
1226 2429 1288 2464 quia
1299 2429 1351 2456 hoc
1367 2435 1467 2455 nomen
1481 2427 1620 2462 propriutn
1633 2432 1720 2454 cmtus
1734 2427 1888 2462 populisn-

1096 2476 1209 2510 tiquitus
1232 2475 1293 2502 fuit.
1317 2474 1474 2501 Convocare
1494 2477 1603 2506 autent,
1627 2474 1653 2500 id
1669 2478 1721 2504 est,
1736 2473 1888 2508 ἔκκλησιά-

1096 2519 1153 2553 ζειν
1166 2521 1306 2556 praecepit,
1323 2525 1353 2547 ut
1372 2527 1599 2555 cognosceremus
1625 2519 1705 2554 paulo
1724 2522 1784 2554 post
1811 2519 1889 2546 futu-

1096 2574 1154 2593 ram
1171 2566 1331 2597 Ecclesiam,
1356 2573 1417 2599 quie
1438 2565 1520 2600 hujus
1549 2564 1688 2592 invenitur
1710 2564 1798 2592 virtus
1825 2571 1888 2591 esse

1097 2612 1259 2639 sanctionis.
1277 2610 1453 2638 Manifestius
1464 2615 1554 2637 autem
1570 2609 1600 2636 ﬁt
1627 2617 1661 2636 ex
1685 2616 1718 2636 eo
1742 2609 1817 2644 quod
1843 2609 1888 2636 lex

1097 2657 1214 2692 Dei,qui
1235 2657 1318 2684 Israel
1341 2656 1445 2688 eduxit,
1461 2656 1507 2690 qui
1533 2655 1669 2682 Abraham
1696 2654 1815 2687 vocavit,
1838 2655 1889 2689 qui

1098 2703 1189 2730 omnia
1208 2703 1270 2729 l'ccit
1282 2710 1341 2737 qua:
1354 2709 1403 2737 per
1416 2701 1524 2737 Moysen
1538 2701 1701 2736 prophetam
1715 2700 1888 2731 scribuntur,

1099 2756 1130 2776 ea
1143 2756 1203 2783 quae
1221 2749 1335 2783 mystice
1352 2748 1380 2774 in
1404 2747 1524 2774 Ecclesia
1545 2752 1673 2782 aguntur,
1694 2751 1757 2773 ante
1786 2745 1890 2772 multas

1098 2794 1287 2830 generationes
1302 2793 1414 2828 spiritus
1432 2792 1479 2820 Dei
1501 2793 1641 2827 prmcepit.
1662 2792 1713 2820 Sed
1728 2796 1756 2818 ct
1767 2798 1829 2818 cum
1845 2798 1890 2818 se-

1089 2897 1110 2913 ”
1125 2896 1252 2929 llebmtt,
1272 2897 1314 2924 H.
