2052 3146
156 177 208 210 873

734 167 773 202 IN
793 166 1010 203 ant'rttnttt.
1030 183 1062 188 —
1083 169 1154 201 LIB.
1176 170 1215 200 tt.

1740 139 1798 208 ἐτι

156 234 277 264 "Indum
296 231 377 264 LXX,
399 230 524 266 superius
546 229 660 257 dixisset,
678 237 684 254 :
712 228 832 256 Couvoca
849 229 884 255 ad
903 229 951 262 ja-
966 245 987 272 Δ
1003 236 1062 255 eum
1075 227 1189 260 baltheo,
1206 231 1230 255 et
1247 225 1356 255 induens
1372 228 1474 257 tunica.
1501 228 1578 264 Quod
1591 229 1662 259 LXX
1675 236 1796 261 transtu-

157 289 225 310 mtas
240 278 404 308 tabernaculi
418 276 569 308 testimonii,
582 275 626 302 hic
643 275 696 303 ait:
713 275 870 303 Convocavit
887 282 950 302 con-

157 327 349 365 gregationem,
362 332 416 352 non
431 323 463 350 ad
475 324 584 358 januas,
600 322 647 349 sed
678 323 713 349 ad
725 322 842 357 jannam
860 321 950 348 taber-

158 373 249 402 naculi
264 371 409 399 testimonii
423 378 432 396 :
447 369 599 396 admonens
616 375 698 395 aures
711 371 821 395 nostras
836 367 950 394 eviden-

158 418 290 454 ter,quod
312 417 498 452 apostolorum
521 415 665 446 doctrinm,
678 417 746 449 quas
772 421 834 441 esse
853 413 951 448 ianuas

159 463 327 493 tabernaculi
349 461 499 490 testimonii
528 461 687 496 praecedens
706 464 797 487 sermo
814 459 949 494 exposuit,

161 517 186 540 et
204 510 305 537 Christi
324 508 457 540 doctrina,
479 510 544 534 sunt
555 507 641 542 ipsius
668 507 768 541 linguas
787 505 896 538 infusae,
924 510 952 533 et

156 565 190 585 ex
206 557 250 584 his
268 563 302 582 ex
315 554 416 589 quibus
431 554 489 588 ipse
509 553 613 580 docuit.
634 551 871 586 Quemadmodum
888 559 952 587 ergo

157 604 229 630 inter
240 601 341 628 multas
351 600 460 634 ianuas,
475 603 502 626 et
513 606 594 625 unam
616 598 739 633 januam,
756 598 814 625 sola
828 597 886 624 haec
899 597 951 624 dif-

156 647 274 676 ferentia
287 650 340 679 est,
353 646 415 680 quia
425 645 477 672 illa:
487 644 595 679 quidem
605 640 698 672 multa;
707 648 780 675 sunt,
791 643 849 670 hmo
860 647 951 670 autem

156 701 211 720 una
239 696 292 724 est,
344 691 383 718 sic
411 689 597 725 apostolorum
629 696 772 716 sermones
799 692 828 716 et
848 687 952 715 doctri-

157 747 199 766 na:
222 737 294 765 nihil
323 745 338 764 a
365 735 467 764 Christi
492 735 616 763 doctrina
631 734 864 767 -dill‘ertmtaliud,
899 733 951 761 nisi

155 786 220 820 quia
240 792 326 811 unum
344 782 515 810 Dominicum
545 782 657 809 verbum
681 786 734 813 est,
750 781 785 808 de
806 788 860 816 quo
878 779 951 807 Pau-

158 832 201 858 Ius
211 831 270 857 ait:
291 830 366 856 Vivus
382 834 418 856 est
455 829 525 855 enim
554 826 602 855 Dei
624 834 719 858 sermo,
745 831 769 854 et
798 826 899 861 efﬁcax,
930 829 954 852 et

158 877 264 904 acutior
278 876 349 902 omni
375 875 463 910 gladio
490 874 600 908 ancipiti
615 875 634 899 ‘.
663 874 696 900 Et
711 873 807 900 Petrus
824 880 886 899 cum
900 879 954 899 caa-

1003 273 1093 301 lerunt
1105 281 1112 299 :
1134 272 1166 300 Et
1181 270 1268 300 induit
1285 282 1345 303 eum
1358 275 1489 308 tadum,
1503 281 1528 303 et
1541 278 1679 312 pracith
1688 287 1795 313 sonant,

1002 324 1026 346 et
1039 320 1141 346 vestivit
1155 319 1231 348 illum
1244 321 1402 355 Mtin.
1418 321 1470 349 llic
1483 323 1630 352 manifeste
1657 324 1798 361 Unigeniti

1001 366 1398 402 exsequitarincarnationem,
1414 367 1461 403 qui
1489 370 1552 405 quia
1571 375 1657 400 totum
1669 377 1795 401 nostrum

1003 411 1159 439 incarnatus
1169 417 1212 439 est
1229 410 1379 445 hominem,
1400 414 1519 442 tunicam
1556 415 1631 444 indui
1656 422 1685 444 et
1710 419 1798 454 hypo-

1002 458 1076 493 dytin
1083 456 1191 485 dicitur.
1202 458 1304 492 Duplex
1313 460 1434 487 estenim
1443 464 1535 488 nostra
1546 462 1668 490 conditio
1677 473 1682 490 :
1690 469 1718 491 et
1726 473 1799 493 unus

1002 504 1112 538 quidem
1121 504 1148 531 in
1158 504 1237 531 nobis
1249 505 1333 532 estde
1346 505 1461 539 pulvere
1475 514 1481 531 :
1499 507 1567 535 alter
1583 509 1719 545 caelestis;
1748 512 1797 540 sed

1003 552 1093 577 tamen
1110 557 1182 577 unus
1198 554 1324 585 uterque.
1340 549 1386 577 Ait
1404 551 1478 579 enim
1509 551 1614 588 Moyses
1630 562 1636 580 :
1662 555 1797 585 Formavit

1005 595 1073 622 Deus
1085 596 1214 623 hominem
1226 597 1257 622 de
1266 596 1328 623 limo
1343 601 1437 629 terrae;
1464 597 1508 625 hic
1524 604 1565 626 est
1579 607 1643 634 ergo
1661 606 1795 632 terrenus.

1004 638 1038 665 Et
1050 639 1230 674 instiﬁlavitin
1241 641 1336 676 faciem
1349 641 1406 676 ejus
1429 641 1552 677 spiritum
1586 643 1681 679 vita-9;
1714 655 1798 683 aper.

1004 685 1109 712 tissime
1132 686 1177 713 hic
1189 687 1308 714 caelestis
1317 692 1368 714 est.
1387 685 1420 715 Et
1435 687 1521 724 factus
1541 696 1578 717 est
1599 691 1675 719 hoino
1694 692 1722 720 in
1736 696 1798 722 ani-

1006 741 1076 759 mam
1088 733 1176 760 vivam
1186 734 1197 748 '
1211 741 1217 758 :
1240 741 1324 761 unum
1340 732 1413 762 enim
1427 735 1529 763 animal
1553 741 1678 772 uterque.
1693 739 1745 772 Qui
1775 741 1799 769 si

1004 779 1114 814 quidem
1129 787 1158 806 se
1173 780 1205 806 ad
1222 787 1365 815 corporea,
1379 784 1408 808 et
1417 781 1572 817 voluptates
1586 789 1728 813 convertat
1735 794 1798 814 car-

1006 825 1081 852 nales
1108 833 1114 850 :
1147 829 1219 853 totus
1230 827 1313 853 homo
1338 831 1475 861 terrenus,
1501 830 1578 864 quasi
1608 831 1744 859 exstincto
1771 838 1799 860 et

1005 871 1136 898 com-Iuso
1146 872 1250 899 cmlesti
1264 873 1482 908 nuncupabitur;
1513 875 1534 902 si
1551 881 1642 904 autent
1654 878 1726 905 circa
1741 879 1799 907 sols

159 924 226 951 teris
238 922 370 958 apostolis
384 922 443 948 ait:
473 920 532 947 Non
562 924 599 946 est
615 927 719 953 wquum
736 919 885 954 relinquere
911 925 955 945 vos
972 914 992 944 Β
1006 922 1151 944 versemur
1167 916 1267 945 anima:
1294 918 1475 953 proﬁcientia,
1508 922 1746 958 concedamusquc
1772 925 1798 953 ei

157 970 266 996 verbum
279 968 335 999 Dei,
351 973 376 995 et
396 968 551 994 ministrare
570 967 664 993 mensis
679 967 700 993 ⁸.
716 965 744 992 In
759 965 859 992 multas
877 963 951 992 enirn

157 1016 263 1051 linguas
287 1020 315 1042 et
328 1014 486 1042 diti’erentes
510 1013 626 1041 divisum
660 1018 711 1040 est.
733 1012 799 1045 Qu'te
825 1014 887 1038 cllm
912 1010 953 1045 ja-

157 1069 220 1089 nure
244 1065 356 1095 propter
376 1059 577 1087 multitudinem
589 1059 695 1089 sint,ad
716 1065 800 1086 unum
811 1057 951 1085 introitum

158 1109 232 1138 vitm.
250 1108 276 1134 id
293 1111 336 1134 est
345 1106 444 1134 Christi
470 1106 594 1140 ianuam,
626 1106 765 1133 deducunt
787 1104 950 1132 auditorem.

193 1154 413 1189 Congregataque
426 1153 497 1179 omni
513 1152 590 1178 turba
607 1157 668 1178 ante
680 1152 748 1186 fores
764 1151 800 1177 ait
814 1157 822 1177 :
835 1149 885 1177 llic
914 1154 951 1177 est

158 1207 254 1230 sermo,
271 1206 348 1233 quem
359 1197 440 1232 jussit
458 1196 585 1223 Dominus
607 1196 676 1229 ﬁeri.
691 1194 758 1228 Quis
768 1201 860 1222 sermo
888 1192 951 1224 ille.

158 1245 192 1272 de
203 1252 258 1279 quo
272 1243 377 1271 scilicet
397 1241 480 1269 David
497 1241 605 1268 dieebat
621 1249 627 1267 ε
660 1241 788 1268 Dominus
804 1241 877 1267 dabit
893 1247 952 1266 ver-

159 1291 221 1318 bum
239 1288 478 1324 wangelizantibus
503 1287 625 1314 virtutem
652 1288 764 1314 multam
780 1287 811 1314 ’Ἰ
843 1287 897 1314 Sed
925 1291 952 1313 et

159 1335 258 1362 Petrus
274 1334 380 1369 planius
392 1334 431 1360 ait
452 1342 458 1360 :
479 1332 536 1359 Hoc
551 1337 588 1360 est
603 1332 708 1359 verbum
725 1333 794 1368 quod
804 1333 951 1359 annuntia-

159 1387 217 1409 tum
232 1385 269 1409 est
285 1381 366 1408 vobis.
382 1380 562 1416 Evangelicus
582 1379 716 1414 siquidem
733 1385 854 1414 praesens
862 1385 954 1406 sermo

158 1432 212 1460 est,
229 1428 293 1463 quia
305 1432 330 1454 et
348 1427 508 1462 Evangelica
525 1430 590 1453 sunt
604 1426 638 1453 ab
662 1433 696 1453 eo
713 1425 876 1452 annuntiata
893 1433 951 1460 my-

157 1474 255 1505 steria,
266 1474 365 1508 quibus
380 1477 408 1500 et
418 1472 502 1507 gratia
514 1472 585 1499 inest
597 1471 778 1506 baptismatis.
802 1471 954 1499 Consuevit

158 1521 233 1548 enim
249 1520 388 1556 legislator
398 1519 505 1554 quoties
526 1518 773 1546 ecclesiasticarum
802 1518 954 1554 mysterio-

158 1575 221 1594 rum
236 1566 366 1594 describit
389 1566 544 1602 a'nigmata,
567 1566 667 1593 talibus
696 1565 735 1592 uti
767 1564 951 1592 sermonibus.

1006 964 1189 1000 principatum
1201 973 1305 1001 gerere,
1320 970 1348 994 et
1360 965 1495 995 dominari
1523 969 1641 1004 corpori,
1658 976 1731 999 recte
1743 980 1799 1001 cte-

1007 1010 1081 1038 lestis
1105 1011 1215 1044 dicitur,
1246 1017 1340 1047 utpote
1374 1018 1483 1040 terreno
1520 1015 1654 1050 neglecto.
1684 1016 1799 1050 Quando

1006 1054 1091 1084 Adam
1107 1064 1156 1093 per
1169 1057 1381 1086 inobedientiam
1396 1059 1505 1092 cecidit,
1525 1060 1620 1095 procul
1636 1061 1720 1089 dubio
1746 1068 1800 1091 tcr—

1006 1103 1212 1131 renuseli'ectus
1231 1109 1283 1137 est,
1302 1109 1330 1132 et
1351 1109 1496 1140 propterea
1525 1105 1638 1134 audivit.
1662 1107 1741 1136 Terra
1759 1118 1798 1144 es,

1006 1154 1031 1177 et
1046 1151 1073 1178 in
1090 1156 1189 1179 terram
1206 1152 1256 1179 ibis
1267 1153 1277 1168 '
1287 1154 1313 1186 ‘;
1328 1152 1353 1180 id
1377 1157 1418 1180 est
1430 1151 1548 1180 dilexisti
1563 1154 1684 1189 corporis
1704 1163 1800 1183 corru-

1007 1196 1140 1231 ptionem,
1158 1198 1243 1225 habes
1261 1206 1371 1233 pomum
1389 1204 1502 1235 peccato
1513 1203 1561 1227 tuo
1573 1200 1702 1227 similem.
1719 1201 1799 1229 Chri-

1007 1246 1067 1270 stus
1078 1247 1170 1271 autem
1183 1244 1309 1272 lndtiitur
1323 1246 1433 1280 quidem
1447 1248 1596 1277 terrenum,
1608 1246 1634 1274 id
1659 1251 1701 1273 est
1722 1247 1800 1276 illum

1006 1288 1052 1322 qui
1063 1289 1097 1316 de
1109 1294 1178 1316 terra
1193 1295 1235 1317 est
1248 1295 1367 1317 veterem
1381 1291 1531 1320 hominem.
1546 1299 1628 1326 quem
1643 1292 1725 1319 etiam
1760 1293 1800 1321 si-

1006 1333 1062 1360 mul
1079 1333 1163 1361 aIleit
1173 1335 1259 1368 cruci,
1275 1335 1312 1362 ait
1325 1335 1424 1371 quippe
1440 1335 1556 1363 Paulus:
1580 1334 1648 1369 Quia
1663 1343 1734 1364 vt'tus
1754 1339 1801 1365 Iw-

1007 1387 1050 1416 ιιιο
1064 1384 1152 1407 noster
1161 1380 1242 1407 simul
1255 1381 1395 1416 cruciﬁxus
1424 1386 1471 1413 est,
1489 1387 1517 1409 ut
1535 1382 1687 1410 destruatur
1708 1391 1800 1420 corpus

1006 1427 1108 1461 peccati
1122 1426 1153 1453 ".
1175 1427 1289 1454 lndutus
1317 1431 1359 1455 est
1384 1432 1475 1454 autem
1492 1432 1519 1455 et
1539 1429 1690 1463 caelestem,
1718 1437 1801 1466 quem

1007 1472 1067 1509 ipse
1084 1472 1241 1500 insulllavit.
1257 1472 1309 1500 Sed
1325 1473 1388 1508 quia
1405 1473 1472 1500 nihil
1501 1474 1556 1510 egit
1581 1478 1720 1503 terrenum
1743 1476 1800 1510 hic,

1007 1526 1058 1546 nec
1068 1518 1236 1554 corruptioni
1267 1519 1432 1554 proximum,
1454 1520 1548 1555 procul
1571 1520 1655 1548 dubio
1679 1521 1806 1551 coalestil

1007 1563 1119 1596 dicitur;
1136 1564 1186 1590 hoc
1199 1562 1298 1590 Paulus
1310 1571 1451 1598 exponens
1476 1565 1542 1592 dicit
1561 1572 1567 1592 ξ
1594 1565 1701 1594 Primus
1723 1567 1802 1595 Immo

158 1612 226 1641 Nam
238 1618 266 1640 et
284 1620 348 1640 cum
360 1613 393 1641 de
402 1620 500 1640 manna
513 1613 657 1644 scriberet,
672 1612 746 1647 quod
756 1612 827 1647 gerit
841 1611 954 1647 ﬁguram
968 1597 990 1625 θ
1009 1610 1041 1636 de
1054 1615 1125 1636 terra
1137 1614 1265 1643 terrenus,
1277 1597 1405 1637 secundus
1417 1611 1449 1637 de
1466 1611 1529 1637 creto
1554 1612 1665 1640 «tmte-stis
1681 1614 1712 1646 “,
1726 1615 1802 1648 quod

159 1659 250 1695 panis,
269 1659 316 1694 qui
330 1659 364 1686 de
378 1659 447 1686 creto
460 1659 612 1690 descendit,
638 1658 755 1685 verbum
770 1657 854 1685 etiam
871 1657 905 1684 de
923 1663 957 1682 eo

158 1704 249 1732 simile
264 1703 445 1739 prasentibus
457 1703 536 1738 ponit
555 1703 671 1730 :dicens
700 1703 773 1729 enim
805 1710 811 1728 :
838 1701 887 1729 Hic
913 1705 951 1727 est

158 1751 236 1785 panis
248 1758 326 1785 quem
340 1749 411 1776 dedit
426 1749 498 1777 vobis
515 1749 657 1776 -Dominus
684 1748 818 1775 comedere
831 1747 852 1780 ⁸,
882 1747 958 1774 illico

158 1797 297 1824 subdidit:
310 1796 366 1823 lloc
373 1800 412 1823 est
422 1796 527 1823 verbum
541 1795 609 1830 quod
622 1795 723 1822 locutus
735 1799 772 1822 est
796 1794 922 1821 Dominus
934 1794 955 1820 '.

159 1842 212 1870 Sed
218 1842 285 1878 quid
293 1842 421 1870 estetiam
430 1841 502 1876 quod
508 1849 580 1868 nunc
586 1841 698 1876 exponit
705 1841 788 1868 Deum
798 1840 956 1876 praecipere.

195 1888 344 1922 Statimque
359 1888 452 1915 obtulit
467 1887 559 1914 Aaron
571 1892 594 1914 et
609 1887 678 1922 ﬁlios
695 1887 764 1919 eius,
794 1886 957 1922 cumquela-

159 1936 236 1962 uisset
247 1943 301 1962 eos.
316 1934 431 1967 Quando
438 1934 471 1968 is,
484 1934 530 1969 qui
542 1941 606 1961 vere
620 1938 663 1961 est
676 1933 815 1964 sacerdos,
829 1932 957 1960 Christus

159 1981 276 2009 oﬂertur
290 1980 365 2007 Patri
383 1989 390 2007 :
405 1980 554 2008 oblationis
565 1980 638 2008 enim
666 1980 726 2014 ejus
749 1979 832 2006 etiam
862 1977 956 2005 Daniel

160 2027 298 2059 meminit,
314 2026 458 2054 cum‘dicit
474 2035 481 2053 :
502 2025 536 2053 Et
553 2034 610 2053 erce
622 2030 650 2052 ut
666 2025 753 2052 Filius
767 2024 881 2051 hominis
896 2031 956 2050 cum

160 2073 272 2100 nubibus
282 2072 350 2102 cali.
363 2076 386 2099 et
399 2079 481 2106 usque
505 2072 540 2098 ad
557 2071 691 2098 Vetuststm
708 2070 810 2097 dierum
826 2069 954 2104 peruenit,

160 2122 186 2144 et
196 2117 301 2144 oblatus
319 2122 355 2144 est
369 2117 397 2143 in
413 2121 551 2151 conspectu
563 2117 620 2152 ejus
636 2117 656 2149 ⁸,
673 2115 758 2143 nostri
770 2115 866 2150 utique
874 2122 956 2142 causa

161 2167 189 2191 et
202 2163 357 2194 nobiscum,
374 2166 402 2190 et
416 2167 529 2198 propter
544 2170 596 2190 nos
623 2162 749 2189 otl'ertur.
766 2161 915 2196 Pmpterea
928 2165 957 2188 et

161 2217 235 2236 nunc
254 2216 393 2236 cumcum
408 2208 472 2236 ﬁliis
482 2208 539 2236 suis
566 2208 632 2236 dicit
658 2208 791 2240 oblatum,
818 2215 881 2235 cum
913 2206 958 2234 his

160 2257 298 2289 videlicet,
323 2257 369 2292 qui
384 2257 544 2284 sublimiora
568 2256 687 2292 sapiunt,
705 2260 731 2283 et
747 2255 794 2291 qui
811 2255 954 2282 imitantur
971 2270 992 2298 ο

159 2312 234 2335 eum,
250 2309 383 2338 quantum
399 2303 440 2330 las
455 2306 497 2330 est
513 2302 681 2334 hominibus,
702 2302 773 2329 sicut
787 2300 888 2328 Paulus
896 2300 952 2327 ait:

162 2350 314 2378 lmitatores
342 2349 394 2376 mei
425 2353 517 2382 estote,
541 2349 608 2375 sicut
628 2353 654 2375 et
675 2356 722 2383 ego
738 2347 866 2376 Christi’.
899 2347 955 2374 Sed

161 2396 263 2423 oblatio
280 2396 338 2430 ipsa
356 2403 405 2430 per
418 2395 584 2430 baptismum
602 2394 768 2427 celebratur,
796 2394 869 2429 quod
894 2393 932 2421 ait
947 2402 953 2420 :

194 2442 317 2477 Cumque
332 2441 438 2469 lavisset
449 2449 503 2469 eos.
518 2441 615 2468 Certus
625 2449 655 2468 es
670 2445 772 2473 autem,
789 2440 862 2476 quod
874 2440 955 2468 Chri-

160 2494 218 2515 stus
232 2487 267 2515 ad
285 2487 433 2514 sacrandus
443 2494 528 2522 aquas
549 2486 722 2522 baptismatis
737 2486 837 2520 nostri,
854 2486 881 2514 in
892 2486 954 2514 Jor-

161 2535 228 2562 eane
248 2537 292 2560 est
316 2532 399 2560 ﬂuvio
414 2532 576 2568 baptizatus.
592 2532 647 2560 Sed
672 2533 731 2560 haec
744 2533 854 2568 quidem
878 2540 954 2560 com-

161 2580 253 2608 munia
265 2583 331 2606 sunt
346 2579 435 2606 Aaron
452 2586 513 2606 cum
531 2578 671 2614 ﬁliisejus.
693 2578 803 2606 Christo
827 2578 955 2606 videlicet

160 2625 322 2657 nobiscum;
338 2624 483 2659 sequentia
518 2632 583 2652 vero
608 2632 793 2659 nequaquam.
811 2623 954 2651 Excedunt

159 2672 261 2707 quippe
277 2679 338 2702 nos,
352 2674 434 2705 atque
450 2670 608 2697 sublimiora
639 2670 720 2698 nobis
745 2675 820 2702 sunt,
847 2669 954 2705 solique

159 2717 249 2753 primo
259 2725 291 2744 ac
303 2725 368 2745 vero
383 2717 516 2745 sacerdoti
530 2717 722 2752 competentia.

196 2762 357 2798 Vostwitqas
375 2762 524 2797 pontiﬁcem
557 2763 683 2789 subucula
709 2763 789 2795 linea,
813 2763 953 2798 attingens

196 2852 303 2882 ἰιι-δι’.
331 2862 368 2886 ιν,
394 2852 437 2880 η.
493 2855 504 2871 ¹
519 2855 577 2883 Act.
597 2864 635 2886 τι,
648 2856 676 2883 2.

160 2888 171 2906 '
184 2887 305 2924 Philipp.
322 2897 370 2922 ιιι,
385 2888 430 2917 Η.
463 2889 474 2905 ⁸
488 2889 557 2918 Gen.
573 2899 602 2918 ιι.
618 2893 643 2918 7.
679 2893 689 2907 ⁸
707 2892 772 2918 Ibid.
811 2893 833 2908 "
848 2887 974 2923 Comm,

261 2935 401 2965 Ρλτιοι..
419 2935 478 2966 Gn.
497 2937 608 2968 XCIII.

734 2856 744 2872 ⁸
758 2856 828 2884 Psal.
843 2865 928 2891 uvn,
959 2857 1003 2885 l2.
1058 2856 1068 2871 ⁸
1084 2856 1165 2884 l’md.
1183 2864 1238 2888 xvi,
1262 2856 1306 2883 iii.
1362 2856 1448 2884 'ibid.
1467 2856 1510 2884 l6.
1567 2856 1577 2872 ‘

736 2892 772 2918 id.
811 2893 833 2908 "
848 2891 916 2919 Gen.
935 2900 974 2923 ιιι,
996 2893 1034 2920 l9.
1077 2893 1098 2908 "
1121 2892 1199 2919 Rom.
1217 2899 1254 2924 γι,
1269 2891 1295 2918 8.
1336 2891 1357 2908 ¹¹
1372 2892 1380 2918 Ι
1394 2890 1457 2919 Cor.
1476 2899 1521 2925 xv,
1535 2892 1580 2919 ιτ.

1009 1655 1116 1683 duobus
1137 1655 1224 1682 modis
1235 1655 1321 1690 accipi
1340 1660 1458 1691 oportet.
1488 1655 1594 1685 Primus
1613 1658 1687 1686 enim
1719 1660 1802 1689 homo

1009 1705 1112 1734 noster,
1139 1701 1165 1728 id
1185 1706 1228 1728 est
1244 1709 1355 1736 corpus,
1367 1709 1400 1729 ex
1421 1707 1492 1729 terra
1504 1703 1636 1732 formatus
1656 1710 1708 1738 est,
1735 1714 1802 1742 pro-

1008 1751 1069 1782 pter
1083 1746 1156 1781 quod
1179 1750 1305 1774 terrenus
1338 1747 1427 1774 dictus
1448 1754 1512 1775 est:
1548 1749 1638 1777 anima
1670 1757 1736 1778 vero
1767 1752 1802 1780 de

1008 1792 1145 1824 ctelo,Dei
1160 1797 1202 1820 est
1217 1792 1289 1820 enim
1306 1792 1464 1821 insulilatio.
1482 1793 1588 1822 Rursus
1599 1795 1705 1831 primus
1717 1797 1801 1826 homo

1009 1839 1171 1866 inohedicns
1187 1839 1272 1866 Adam
1284 1847 1316 1866 ex
1334 1842 1406 1866 terra
1427 1844 1564 1874 terrenus,
1582 1842 1645 1876 quia
1671 1843 1802 1877 operibus

1009 1883 1128 1918 pulveris
1137 1884 1314 1919 semetipsum
1329 1884 1482 1920 deputavit,
1500 1886 1638 1914 secundus
1651 1887 1732 1914 homo
1747 1897 1799 1916 no-

1009 1937 1068 1961 vus,
1084 1935 1127 1957 est
1138 1929 1273 1962 Christus.
1290 1930 1335 1966 qui
1351 1931 1469 1966 de_co:lo
1482 1937 1534 1964 est,
1551 1939 1605 1959 non
1632 1933 1719 1960 solum
1738 1935 1802 1969 quia

984 2000 987 2003 .
1007 1975 1041 2003 de
1056 1976 1126 2003 ctelo
1138 1975 1290 2009 descendit,
1306 1976 1355 2004 sed
1378 1976 1442 2010 quia
1457 1981 1484 2004 et
1498 1977 1657 2013 dignitatem
1680 1979 1802 2007 coelestia

1008 2022 1141 2054 servavit,
1153 2022 1218 2050 dum
1234 2030 1286 2050 nec
1298 2026 1437 2050 terrenum
1469 2023 1572 2058 aliquid
1592 2030 1722 2059 operatus
1746 2032 1800 2058 est,

1007 2076 1058 2096 nec
1072 2067 1241 2102 corruptioni
1262 2067 1429 2103 proximum.
1442 2068 1640 2105 Ergotunicam
1657 2072 1701 2100 hic
1712 2076 1802 2101 terre-

1007 2123 1072 2142 num
1089 2115 1271 2150 appellat;de
1287 2115 1344 2142 Iino
1364 2116 1450 2147 enim,
1466 2117 1539 2151 quod
1551 2121 1594 2145 est
1610 2125 1643 2146 ex
1661 2123 1744 2150 terra.
1756 2123 1800 2147 tu-

1007 2160 1066 2188 nica
1083 2160 1153 2188 facta
1167 2164 1225 2193 est;
1241 2160 1279 2188 ait
1291 2161 1366 2188 enim
1382 2169 1389 2187 :
1406 2161 1440 2188 Et
1455 2162 1515 2198 fecit
1536 2162 1572 2190 eis
1583 2163 1800 2199 tunicaslineas;

1008 2207 1165 2243 hypodytim
1179 2211 1270 2234 autem
1286 2207 1436 2241 ctelestem,
1452 2208 1515 2243 quia
1532 2209 1676 2246 hypodytis
1691 2212 1801 2248 poderis

1008 2257 1060 2286 est,
1080 2254 1161 2281 simul
1179 2257 1269 2282 autem
1285 2258 1312 2282 et
1339 2253 1534 2290 hyacinthinus
1554 2261 1606 2284 est.
1638 2256 1687 2285 llic
1708 2263 1800 2287 autem

1010 2299 1085 2326 color
1101 2300 1162 2328 eceli
1175 2304 1229 2333 est,
1243 2300 1315 2336 quod
1335 2308 1401 2328 vero
1417 2305 1459 2329 est
1489 2302 1564 2329 color
1589 2303 1660 2336 etnli,
1687 2304 1740 2332 hoc
1758 2309 1802 2333 est

1009 2345 1080 2373 actio
1094 2345 1226 2377 ctelestis,
1247 2346 1353 2373 scilicet
1367 2350 1395 2374 et
1409 2345 1596 2380 subsistentia,
1607 2353 1720 2383 pr0pter
1728 2349 1801 2384 quod

1009 2397 1036 2419 et
1051 2392 1171 2420 ccelestis
1181 2391 1292 2421 dicitur.
1317 2391 1400 2420 Multa
1414 2398 1505 2420 autem
1533 2397 1561 2421 et
1580 2394 1632 2422 alia
1656 2395 1801 2431 hypodytis

1009 2438 1092 2466 habet
1104 2438 1238 2474 signantia
1252 2438 1391 2466 caelestem
1419 2438 1568 2472 hominem,
1596 2447 1656 2476 qua:
1685 2441 1711 2468 in
1731 2448 1801 2469 con-

1009 2485 1161 2512 structione
1172 2484 1351 2517 tabernaculi,
1367 2492 1428 2512 cum
1445 2486 1629 2521 pontiﬁcalem
1642 2486 1737 2515 stolam
1752 2495 1802 2516 ex-

1009 2532 1142 2566 planaret.
1160 2530 1299 2566 legislator
1320 2533 1455 2567 exposuit.
1488 2532 1526 2560 De
1551 2533 1650 2569 quibus
1679 2533 1802 2564 dicemus

1008 2584 1071 2604 cum
1095 2577 1168 2604 Deus
1180 2575 1364 2609 annuerit,ut
1391 2584 1451 2604 eam
1486 2578 1568 2606 etiam
1596 2586 1658 2614 quas
1680 2579 1737 2608 illic
1759 2584 1802 2610 est

1008 2622 1241 2659 dispensationem
1257 2622 1458 2659 contingamus.
1468 2622 1546 2652 Nunc
1563 2629 1655 2653 autem
1668 2633 1802 2662 quacun-

1007 2676 1061 2704 que
1075 2668 1109 2696 ad
1125 2668 1178 2696 hoc
1187 2668 1261 2704 quod
1278 2673 1319 2695 est.
1330 2668 1359 2696 in
1382 2669 1522 2700 manibus,
1537 2670 1693 2698 necessaria
1704 2671 1802 2699 viden-

1008 2719 1062 2748 tur,
1077 2714 1277 2750 comprehensa
1286 2719 1351 2742 sunt
1364 2720 1393 2743 ut
1404 2716 1565 2751 probaretur
1577 2718 1640 2752 quia
1657 2721 1802 2752 utrumque

1008 2766 1132 2789 nostrum
1146 2760 1273 2789 Christus
1286 2762 1408 2797 suscepit
1419 2762 1569 2796 hominem,
1587 2768 1614 2791 et
1623 2762 1808 2794 manifestum.

1362 2855 1448 2884 'ibid.
1467 2856 1510 2884 ιο.
1567 2856 1577 2872 ι
1595 2847 1665 2885 Dan.
1683 2864 1734 2890 vn,
1757 2855 1807 2886 is.

1058 2856 1068 2871 ⁸
1084 2855 1165 2884 l’md.
1183 2864 1238 2888 xvi,
1262 2855 1306 2883 ili.
