2052 3146
264 152 327 186 Ἦὸ

867 133 1049 185 nasrcnn
1064 154 1302 189 passurum

1858 156 1913 189 876

274 214 302 238 et
319 208 466 242 occultum,
484 212 511 235 ct
525 212 665 234 terrenum
679 212 706 234 et
721 206 871 241 caelestem,
885 207 912 236 id
937 212 980 237 est
1004 217 1067 237 cor-
1083 218 1105 246 Α
1119 212 1186 241 dicit
1201 214 1274 242 enim
1285 215 1313 241 in
1326 213 1494 242 tabernaculi
1525 212 1730 242 ωηειηιειίοιιε
1746 219 1754 239 ε
1771 212 1806 240 ει
1829 213 1914 250 [aa-9,

276 265 327 292 pus
337 256 501 292 perfectum,
520 258 547 281 et
557 254 676 280 animam
703 253 865 291 perfectam,
880 258 907 281 et
934 254 962 281 in
978 255 1067 282 omni-

275 299 472 336 bu’sintegrnm
492 308 498 326 τ
520 295 667 335 utrumque
697 300 781 336 enim,
810 304 906 335 utpote
925 301 1068 336 utriusque

276 353 382 377 creator
403 347 527 374 salvavit.
543 346 611 373 Illud
633 346 715 373 etiam
738 346 861 379 intende,
888 347 1068 381 quemadmo-

275 396 339 422 dum
351 393 510 429 hypodytin,
529 392 602 427 quod
622 392 741 420 diximus
752 399 813 419 esse
827 392 965 419 caelestem
981 392 1069 420 homi-

275 449 349 474 nem,
379 439 525 475 epandytin
549 438 595 465 alii
621 438 785 473 interpretes
817 437 983 465 ediderunt:
1005 438 1068 474 quia

276 488 334 522 ipse
354 490 395 513 est
417 493 472 520 quo
490 484 678 512 desideramus
693 484 843 511 secundant
859 484 931 520 quod
944 485 983 511 ait
996 484 1068 512 Pau-

276 532 329 565 lus,
342 531 502 567 superindui
519 540 526 564 ;
545 531 608 558 dicit
623 534 715 558 autem
730 531 769 558 sie
783 539 789 557 ε
809 530 932 562 Quandiu
948 531 1016 557 enim
1028 539 1071 558 su-

276 589 335 608 mus
351 581 378 606 in
403 579 450 606 Itoc
464 578 643 610 tabernaculo,
677 578 870 613 ingemiscimus
899 578 1013 613 gravati,
1040 585 1069 604 eo

277 628 345 664 quod
361 626 482 653 nolumus
496 625 622 660 spoliare,
635 625 680 651 sed
692 624 871 660 sttpervcstiri,
887 630 913 651 ut
932 624 1070 651 absorbea-

278 679 321 701 tur
331 674 399 708 quod
414 672 526 699 mortale
541 675 577 698 est
594 679 609 698 a
621 670 673 697 vita
692 671 723 697 “.
734 670 802 703 Quia
816 676 907 697 autent
925 670 1068 705 antiquum

278 721 331 748 hoc
363 724 465 746 nostra:
505 716 671 746 conditionis
702 716 754 744 luit
782 716 1068 752 superindumeutum,

277 771 306 793 et
320 772 394 792 nunc
418 763 496 796 illud,
517 767 612 798 utpote
630 762 702 798 quod
736 762 821 789 semel
844 761 998 795 habuimus,
1026 769 1070 788 re-

277 812 383 848 cepturi
399 818 507 843 smnus,
527 809 554 836 in
570 809 802 844 subsequentibus
820 808 984 843 explanavit.
1017 807 1070 841 Qui

278 863 370 886 autem
381 856 463 884 eliicit
475 862 526 883 nos
542 855 569 882 in
584 855 636 882 hoc
653 855 752 891 ipsum,
772 855 853 887 Deus,
864 855 909 890 qui
925 854 1001 882 dedit
1017 862 1068 882 no-

278 905 321 932 bis
337 905 437 939 pignus
448 901 585 937 spiritum.
607 900 760 936 llypodytin
771 905 863 927 autent
881 899 956 927 illum
988 898 1071 932 LXX,

278 951 354 979 velut.
369 950 414 985 qui
432 953 474 977 est
488 947 614 980 interius,
632 947 673 974 vel
706 946 867 980 absconsus,
884 946 989 973 dicunt.
1018 945 1072 973 Sed

280 1002 371 1025 tamen
387 996 451 1032 quia
463 994 601 1022 secundus
613 993 641 1020 in
657 993 753 1020 ordine
773 992 920 1020 creationis
937 991 1071 1020 deductus

278 1049 332 1078 est,
347 1051 409 1072 eum
418 1042 507 1078 prima
522 1041 558 1068 sit
569 1040 672 1072 tunica,
690 1047 750 1075 quae
774 1039 808 1067 de
826 1044 900 1066 terra
915 1043 969 1072 est,
998 1039 1073 1066 hunc

278 1090 431 1120 secundum
446 1088 602 1116 nominant.
617 1086 698 1122 Atqui
731 1085 874 1122 hypodytis
886 1085 1003 1113 interius
1024 1092 1073 1114 ve-

279 1137 441 1166 stimentum
460 1139 513 1167 est,
529 1133 576 1162 sed
585 1140 660 1160 exeo
678 1131 751 1167 quod
774 1132 892 1168 primum
925 1139 989 1159 eum
1016 1139 1073 1159 non

280 1183 374 1220 posuit
388 1180 537 1210 crcationis
553 1179 678 1207 ordinem
691 1177 819 1206 servavit.
855 1177 885 1204 In
900 1177 954 1205 hoc
978 1181 1072 1205 autem

280 1228 352 1262 quod
367 1225 513 1262 hypodytin
529 1224 608 1257 dixit,
640 1222 833 1257 ostenditquia
846 1222 904 1257 ipse
920 1226 962 1250 est
990 1222 1073 1250 homo

282 1278 376 1300 noster
388 1271 512 1299 interior.
533 1269 580 1297 llis
598 1269 736 1304 lcgislator
750 1267 856 1296 addidit
870 1277 877 1295 :

319 1330 350 1357 Et
376 1330 487 1364 desuper
506 1327 642 1355 Immerale
671 1325 807 1360 imposuit,
828 1326 897 1361 quod
925 1325 1074 1361 «stringens

281 1375 386 1411 cingulo
401 1374 503 1409 aptarit
530 1371 668 1399 rationali.
689 1370 759 1398 LXX
782 1375 874 1398 autent
902 1369 1048 1411 ediderunt
1065 1379 1072 1398 :

281 1405 501 1457 Etpasuitsuper
514 1418 589 1446 illum
605 1417 762 1452 cpomidem,
780 1420 804 1443 et
826 1416 909 1443 cinxit
933 1415 1010 1443 illum
1028 1405 1074 1444 ἶε-

280 1469 396 1496 cundum
414 1467 517 1494 aditum
548 1464 687 1499 epomidis,
722 1468 746 1490 et
768 1462 924 1490 constrinxit
939 1461 1016 1489 illum
1041 1462 1075 1489 ad

282 1523 352 1545 eum.
370 1511 601 1549 Superltumerale
627 1517 710 1538 suave
733 1508 835 1537 Christi
860 1509 956 1545 iugum
971 1511 1024 1541 est,
1047 1508 1075 1536 id

282 1566 325 1589 est
338 1560 495 1596 evangelica
509 1558 575 1590 vita,
589 1564 671 1592 quam
696 1559 788 1591 utpote
798 1555 858 1590 ipse
868 1555 1072 1588 demonstrans,
1087 1571 1109 1600 ο

282 1611 357 1635 recte
376 1613 458 1640 super
468 1605 598 1632 humeros
614 1602 752 1638 portabat.
783 1601 817 1629 de
831 1610 886 1637 qua
899 1601 938 1630 ait
953 1610 961 1630 :
981 1601 1075 1629 Tollite

279 1655 375 1689 jugum
393 1660 479 1680 meum
494 1659 572 1685 super
597 1658 652 1682 vos,
675 1653 700 1676 et
722 1649 812 1675 discite
827 1657 843 1675 a
859 1656 910 1681 me,
926 1648 988 1683 quia
1004 1647 1075 1674 mitis

258 1689 262 1696 ’
283 1706 354 1731 sum,
373 1691 397 1724 et
417 1696 523 1724 Itumilis
540 1695 628 1725 corde,
645 1699 669 1721 et
692 1694 830 1720 invenietis
840 1693 956 1728 requiem
969 1693 1075 1720 anima-

258 1735 264 1740 .
283 1747 331 1772 bus
344 1744 444 1778 vestris,
455 1743 551 1778 jugum
562 1741 631 1768 enim
645 1747 730 1767 meum
746 1739 800 1766 leve
810 1744 859 1772 est,
873 1743 897 1766 et
911 1746 976 1766 onus
989 1746 1076 1765 meum

283 1798 364 1818 suave
376 1789 407 1816 ".
422 1788 499 1817 Unde
527 1791 556 1814 et
579 1786 623 1813 lex
637 1785 664 1812 iu
681 1784 775 1812 Exodo
793 1785 827 1812 de
856 1783 1075 1820 superhumerali

283 1836 323 1862 sic
331 1834 396 1862 dicit
413 1841 420 1860 :
438 1833 470 1860 Et
482 1833 562 1868 {acies
577 1830 796 1868 super/tuttterale
811 1830 842 1857 de
868 1837 935 1857 auro
958 1834 982 1857 et
1009 1829 1076 1864 hya-

284 1881 381 1912 cintho,
399 1884 424 1907 et
438 1887 512 1906 roceo
525 1878 563 1906 bis
574 1878 666 1909 tincto,
683 1881 707 1904 et
729 1877 803 1912 bysso
813 1880 922 1908 retorta,
937 1883 1014 1911 opere
1027 1883 1076 1910 po-

284 1927 377 1963 lymita
392 1926 424 1953 ".
439 1925 497 1958 Vel,
518 1925 590 1952 sicut
605 1922 687 1956 LXX,
714 1930 779 1957 opus
794 1922 929 1949 variatum
939 1920 1076 1956 epomida-

283 1982 337 2006 sco,
353 1973 480 2000 [iterantes
491 1971 605 1998 alterunt
619 1970 654 1998 ad
665 1967 789 2002 alteram,
820 1967 968 2004 aliquando
994 1975 1076 1995 unam

284 2019 451 2055 epomidem,
466 2016 613 2052 aliquando
628 2016 696 2044 duas
719 2014 870 2051 appellans,
888 2013 951 2048 quia
978 2016 1006 2040 et
1022 2011 1076 2039 Do-

285 2066 376 2094 minus
393 2064 450 2100 iugi
462 2068 490 2091 et
508 2063 602 2091 oneris
614 2061 776 2089 memoriam
808 2060 884 2091 fecit,
911 2059 938 2086 in
968 2059 1077 2086 duobus

285 2119 370 2139 unum
399 2110 533 2141 dividens,
569 2100 698 2142 tanquam
737 2105 871 2134 divideret
903 2104 1073 2140 epomidem,

285 2155 358 2190 quod
375 2162 430 2181 non
446 2153 557 2184 frustra,
579 2152 628 2179 sed
658 2151 722 2186 quia
754 2154 864 2186 oportet
887 2149 1077 2185 evangelicum

288 2200 440 2232 hominem,
454 2199 522 2234 legis
546 2197 706 2225 mandatum
720 2196 793 2232 quod
809 2195 879 2224 dixit
895 2205 901 2223 :
922 2195 983 2222 Non
1006 2194 1076 2222 occi-

1119 260 1229 294 eydarin
1244 260 1388 295 byssinum,
1404 264 1428 287 et
1438 267 1544 291 zonam,
1557 267 1622 293 opus
1637 257 1829 292 variquuia
1838 259 1913 287 enim

1119 306 1226 342 cydaris
1239 306 1433 334 indumentum
1447 306 1544 341 capitis
1575 309 1627 338 est,
1653 312 1722 339 opus
1741 309 1833 333 autem
1850 305 1912 333 cin-

1118 350 1174 386 guli
1191 351 1249 378 sive
1275 358 1361 382 zonae,
1383 350 1539 378 confortare
1563 349 1766 385 quodammodo
1793 354 1821 378 el.
1844 358 1912 378 con-

1120 396 1254 431 stringere
1269 400 1312 423 est
1325 404 1388 423 eum
1405 395 1451 430 qui
1468 395 1587 431 cingitur
1606 403 1613 421 :
1630 395 1682 423 hoc
1706 396 1852 424 ostendere
1874 396 1914 424 le-

1119 442 1233 478 gislator
1258 442 1411 478 proposuit,
1430 442 1492 477 quia
1518 441 1644 469 Christus
1658 441 1739 468 simul
1755 446 1912 469 creaturam

1121 495 1230 516 onmem
1244 488 1438 524 rccapitulans,
1457 488 1515 516 sive
1549 492 1718 520 restaurans,
1734 487 1814 514 simul
1829 487 1913 516 etiam

1121 537 1280 564 confortans
1296 541 1417 564 nostram
1433 543 1562 569 massam,
1593 536 1673 570 cujus
1687 535 1820 570 primitias
1839 543 1915 562 sunt-

1120 582 1175 617 psit
1190 582 1388 609 incarnationis
1404 581 1566 617 dispensare
1592 581 1763 617 mysterium.
1794 581 1833 608 De
1858 588 1915 616 quo

1120 627 1158 654 ait
1175 626 1275 654 Paulus
1289 635 1295 653 :
1314 627 1364 660 Qui
1381 632 1470 654 notum
1486 626 1558 654 nobis
1573 627 1632 662 fecit
1649 627 1803 661 mysterium
1823 627 1917 654 volun-

1122 673 1184 700 tatis
1199 681 1264 705 saw,
1278 673 1313 700 ad
1332 673 1554 707 dispensationem
1581 672 1752 706 plenitudinis
1768 677 1917 708 temporum

1121 724 1273 747 restaurare
1284 720 1373 746 omnia
1386 719 1414 750 in
1429 718 1542 751 Christo,
1557 726 1615 754 quia
1639 719 1667 745 in
1681 719 1763 752 cazlis,
1777 724 1801 746 et
1813 728 1874 755 qua
1890 721 1918 747 iu

1123 769 1194 792 terra
1204 769 1264 792 sunt
1278 765 1311 792 ¹⁶.
1327 764 1357 792 lu
1373 765 1433 799 ipso
1448 769 1477 792 et
1493 763 1578 791 David
1594 772 1600 791 :
1628 763 1759 792 Dominus
1786 767 1918 800 regnauit,

1121 809 1240 836 decorem
1255 809 1341 836 induit
1361 809 1490 836 Dominus
1517 810 1711 845 fortitudinem,
1724 815 1749 837 et
1776 812 1918 845 νηπίη-τη

1121 864 1149 883 se
1162 856 1192 883 ".
1207 855 1362 883 Manifestat
1373 856 1454 883 etiam
1469 855 1540 891 ipse,
1554 856 1783 891 quemadmodum
1790 857 1922 885 Christus

1088 901 1288 931 Bconl'ortavit
1298 906 1419 929 nostram
1438 909 1566 936 massam,
1591 902 1676 930 verbo
1704 902 1920 938 dispensationis

1123 948 1344 984 eireameingens
1358 947 1504 983 primitias,
1519 956 1600 983 quam
1627 952 1655 975 et
1674 949 1823 984 appellavit
1837 948 1919 985 forti-

1124 994 1250 1026 tudinem,
1266 993 1331 1029 quia
1348 1001 1397 1030 per
1413 994 1501 1029 ipsam
1514 998 1542 1021 et
1562 1002 1613 1022 nos
1627 994 1712 1022 fortes
1725 994 1789 1023 facti
1809 1003 1920 1024 sumus.

1123 1039 1190 1074 Quis
1203 1044 1296 1068 autem
1313 1040 1349 1068 sit
1366 1040 1580 1075 dispensationis
1600 1041 1710 1074 modus,
1725 1040 1847 1069 Joannes
1861 1042 1917 1068 ait:

1125 1087 1235 1114 Verbum
1251 1095 1313 1114 caro
1324 1088 1424 1122 factum
1439 1091 1477 1113 est
1501 1086 1533 1113 ".
1546 1087 1665 1122 Ideoque
1682 1087 1803 1123 cydarim
1827 1093 1855 1115 et
1870 1096 1919 1115 ιο-
1965 1091 1967 1094 ‘

1123 1140 1187 1161 nam
1201 1133 1240 1161 ait
1253 1132 1358 1169 Moyses
1374 1133 1511 1169 byssiuam
1525 1140 1587 1160 esse
1602 1140 1672 1169 opus
1685 1134 1837 1166 variatum;
1855 1134 1920 1170 bys-

1124 1187 1171 1207 sus
1185 1179 1260 1207 enim
1275 1179 1309 1207 de
1325 1183 1398 1207 terra
1409 1186 1472 1207 eum
1481 1179 1527 1210 sit,
1545 1186 1657 1206 carnem
1669 1179 1848 1212 demonstrat,
1857 1187 1921 1214 qua

1123 1233 1158 1253 ex
1176 1230 1246 1253 terra
1262 1231 1356 1253 nostra
1383 1230 1446 1259 est;
1464 1233 1534 1260 opus
1559 1224 1696 1260 plumarii,
1713 1224 1820 1252 Domini
1849 1225 1919 1252 Ver-

1124 1272 1202 1305 bum,
1224 1272 1271 1307 qui
1301 1271 1400 1299 artil'ex
1430 1276 1458 1300 et
1483 1272 1604 1300 variator
1622 1271 1706 1299 totius
1721 1275 1763 1298 est
1774 1276 1919 1298 creaturae.

1124 1315 1186 1351 Ipse
1201 1315 1254 1344 sibi
1268 1323 1379 1343 carnem
1395 1323 1411 1343 a
1428 1316 1508 1344 nobis
1535 1319 1671 1351 sumptam
1699 1321 1828 1351 operatus
1852 1320 1917 1344 est:

1125 1360 1235 1390 varians
1249 1360 1278 1388 in
1291 1368 1323 1388 ea
1341 1361 1470 1396 mysteria
1495 1360 1706 1395 quodammodo,
1722 1365 1750 1388 et
1770 1361 1921 1388 ereatienis

1126 1407 1270 1435 miracula.
1292 1407 1355 1435 Post
1369 1407 1422 1435 hoc
1433 1407 1555 1435 subdidit
1584 1407 1737 1435 secundum
1762 1406 1853 1435 LXX:
1883 1407 1920 1434 Et

1125 1453 1212 1493 posuit
1227 1460 1306 1487 super
1325 1461 1356 1480 ea
1381 1452 1523 1480 rationale.
1543 1452 1577 1479 Et
1601 1452 1760 1487 quomodo:
1789 1452 1920 1486 Quadam

1125 1499 1282 1535 ἀντίγραφα
1302 1498 1415 1531 habent,
1434 1507 1514 1532 super
1550 1506 1632 1531 eum,
1661 1497 1711 1526 sed
1738 1502 1855 1533 utraque
1884 1498 1920 1526 ad

1127 1545 1200 1574 idem
1228 1545 1403 1581 respiciunt:
1433 1570 1437 1574 .

1163 1603 1238 1636 Quod
1247 1603 1394 1638 astringe»:
1415 1601 1529 1637 cingulo,
1559 1601 1661 1636 aptavit
1678 1601 1804 1629 rationali
1820 1603 1848 1628 in
1867 1609 1921 1637 qua

1127 1654 1185 1678 erat
1199 1649 1321 1677 doctrina
1336 1653 1359 1676 et
1374 1649 1483 1676 ueritas.
1494 1647 1565 1676 LXX
1584 1652 1677 1675 autem
1690 1648 1835 1675 ediderunt
1848 1656 1854 1674 :
1885 1647 1920 1675 Et

1109 1696 1252 1731 ~imposuit
1265 1695 1444 1730 superlogium
1457 1695 1634 1722 ostensioaem
1659 1694 1839 1721 etueritatem.
1862 1693 1921 1721 Hoc

1127 1745 1219 1769 autem
1238 1741 1301 1769 alibi
1318 1740 1513 1768 sacerdotalem
1539 1746 1680 1774 exponens
1705 1738 1815 1770 stolam,
1834 1739 1921 1765 ratio-

1127 1788 1216 1815 nalem
1227 1787 1326 1822 judicii
1337 1786 1486 1822 appellavit
1504 1795 1511 1813 :
1533 1785 1686 1813 secundum
1699 1783 1832 1812 rationale
1845 1784 1921 1811 enim

1127 1833 1241 1865 Christi,
1263 1833 1291 1861 id
1302 1837 1344 1860 est
1374 1831 1539 1864 doctrinam,
1569 1830 1729 1866 pradicatio
1754 1829 1851 1865 iudicii
1882 1829 1923 1856 l'u~

1128 1880 1182 1908 turi
1209 1879 1322 1915 regitur.
1344 1878 1537 1906 Ostensionem
1564 1884 1640 1912 ergo,
1658 1876 1685 1904 id
1698 1880 1741 1904 est
1760 1875 1922 1903 manifesta-

1130 1926 1242 1958 tionem,
1260 1930 1288 1954 et
1300 1932 1362 1953 eum
1375 1932 1407 1952 ea
1429 1923 1572 1952 veritatem
1585 1923 1678 1954 habet,
1695 1926 1790 1956 utpote
1803 1921 1922 1948 manife-

1128 1973 1216 1998 stante
1241 1968 1399 1997 hominibus
1412 1968 1530 2003 ignotam
1552 1965 1744 2002 mysteriorum
1765 1966 1920 1993 veritatem.

1128 2016 1251 2049 Quatuor
1264 2019 1356 2043 autem
1370 2022 1499 2042 versuum
1527 2013 1553 2041 ei
1589 2012 1736 2044 rationale,
1767 2011 1796 2039 id
1819 2016 1864 2038 cst
1888 2018 1922 2037 ex

1128 2067 1247 2098 quatuor
1258 2061 1431 2097 generalibus
1447 2060 1608 2093 virtutibus,
1631 2063 1659 2087 et
1674 2066 1708 2086 ex
1717 2057 1864 2085 duodecim
1883 2056 1922 2083 la-

1129 2108 1239 2144 pidibus
1254 2106 1413 2142 partialibus
1424 2104 1626 2140 quodammodo
1640 2108 1668 2132 et
1687 2102 1854 2138 specialibus
1864 2101 1922 2128 ﬁeri

1129 2153 1270 2189 praecepit.
1283 2152 1349 2185 Quae
1359 2156 1424 2180 sunt
1434 2157 1524 2179 autem
1552 2150 1632 2178 haec?
1648 2149 1747 2184 Utique
1772 2148 1806 2176 de
1822 2148 1924 2182 quibus

1128 2199 1266 2227 scribebat
1282 2198 1382 2226 Paulus
1400 2197 1526 2233 πονοι-ιρι
1544 2197 1613 2224 enim
1632 2196 1781 2231 episcopum
1810 2195 1925 2229 irrepre-

266 2244 271 2284 "
286 2247 345 2280 das,
369 2253 422 2273 non
440 2245 572 2272 adultera
588 2244 622 2277 ¹⁵,
653 2248 680 2271 et
696 2243 718 2271 si
734 2242 804 2278 quod
820 2246 863 2271 est
875 2242 960 2276 aliud,
975 2249 1078 2277 nequa-
1094 2242 1116 2269 Ι)
1130 2245 1284 2272 hensibilem
1299 2253 1364 2277 esse,
1376 2245 1442 2272 sicut
1455 2244 1504 2271 Dei
1519 2241 1774 2277 dispensatorem“.
1791 2240 1846 2268 Sed
1854 2247 1925 2274 quo-

286 2292 367 2330 quam
383 2291 536 2328 pmterire,
550 2290 742 2326 duplicemque
767 2289 795 2316 in
810 2289 864 2316 hoc
886 2288 912 2316 ei
939 2287 1078 2324 operatio-

284 2347 349 2367 nem
365 2338 506 2371 exhibere,
520 2337 546 2364 id
563 2341 616 2369 est.
630 2341 728 2364 utnon
754 2335 841 2362 solum
857 2334 891 2362 ab
920 2334 1078 2367 homicidio,

267 2382 332 2414 "sed
348 2390 376 2413 et
391 2385 441 2418 ira,
456 2391 517 2419 qua:
527 2383 592 2410 facit
608 2381 796 2414 homicidium,
809 2379 978 2408 abstineatur
987 2379 1079 2413 simul,

266 2427 272 2434 ’
286 2440 342 2460 non
359 2435 464 2460 tantum
482 2431 517 2458 ab
534 2428 680 2461 adulterio,
695 2427 743 2456 sed
760 2435 776 2455 a
804 2427 943 2455 desiderio
970 2434 1005 2455 ex
1025 2435 1080 2462 quo

286 2479 452 2507 adulterium
463 2477 580 2513 paritur.
595 2476 640 2504 Sic
652 2483 707 2504 una
722 2474 828 2511 epomis
847 2474 964 2509 duaeque
991 2474 1079 2501 cohae-

286 2529 392 2558 rentes,
411 2524 462 2551 alia
476 2522 555 2550 alteri
582 2521 731 2554 invenitur,
749 2520 813 2556 quia
831 2527 886 2547 non
906 2518 987 2547 irasci
1003 2519 1081 2547 cohi-

286 2570 343 2603 bet,
358 2575 385 2598 et
397 2573 506 2596 cautum
520 2568 608 2596 reddit
620 2567 652 2595 ad
662 2575 717 2595 non
731 2566 886 2595 faciendum
892 2565 1080 2594 homicidium.

287 2613 446 2642 Necessario
463 2618 553 2640 autem
563 2613 691 2648 hypodyti
716 2611 1008 2647 conjunxitcpomida,
1037 2619 1080 2639 so-

270 2654 340 2687 ‘lius
356 2660 430 2687 enim
445 2659 565 2687 cmlcstis
588 2659 707 2687 hominis
735 2660 829 2695 iugum
854 2660 996 2696 suscipere
1025 2663 1078 2692 est,

286 2706 359 2742 quod
370 2706 496 2734 Christus
513 2705 592 2733 dixit.
609 2706 687 2738 Quod
704 2711 746 2733 est
760 2711 851 2733 autem
863 2706 1080 2742 eiugulum,quo

289 2753 408 2780 tunicam
421 2757 449 2780 et
466 2752 612 2788 hypodytin
625 2752 729 2779 cinxit?
741 2751 830 2787 Ipsum
846 2759 916 2787 opus
931 2751 1017 2785 disce,
1036 2751 1079 2779 di-

325 2839 346 2856 “
364 2839 385 2866 ll
397 2838 459 2867 Cor.
474 2849 500 2868 v.
512 2841 539 2868 ι.

303 2874 313 2892 '
338 2874 411 2903 Psal.
427 2883 493 2908 xcu,
511 2876 524 2903 1
579 2875 600 2891 ⁸⁸
617 2875 694 2903 loan.
708 2874 728 2908 Ι⁹
746 2875 789 2902 Η.

614 2839 716 2880 lilatth._
727 2839 947 2880 xt._29,_§l_).___“
961 2840 1048 2880 E_xod.
1077 2848 1172 2880 sunt,
1227 2874 1234 2880 _
1247 2839 1273 2880 "_
1285 2839 1371 2880 Exod.
1395 2847 1438 2871 xx,
1466 2838 1508 2871 l3,
1529 2837 1573 2865 14.

831 2875 874 2902 "l
890 2874 1011 2902 Timotb.
1024 2875 1104 2909 “1,2.
1142 2875 1165 2891 "
1181 2874 1247 2904 ibid.
1259 2874 1285 2908 3,
1304 2875 1330 2902 4.

1133 2290 1215 2318 modo
1226 2288 1485 2324 irreprehensibiiis,
1502 2288 1529 2316 id
1543 2292 1586 2315 est
1599 2285 1776 2314 accusatione
1789 2284 1924 2315 mundus.

1132 2341 1161 2364 et
1180 2343 1195 2363 a
1207 2335 1318 2370 querela
1327 2335 1401 2362 omni
1415 2334 1483 2362 liber
1498 2334 1544 2365 sit,
1563 2333 1606 2361 his
1617 2340 1678 2367 quite
1696 2335 1791 2367 postea
1801 2337 1926 2365 sequun-

1133 2387 1177 2409 tur
1189 2381 1309 2409 ostendit
1327 2389 1334 2408 :
1349 2381 1409 2408 Non
1423 2380 1575 2416 superbum,
1599 2387 1650 2406 non
1672 2378 1842 2409 iracundum,
1876 2385 1927 2403 non

1131 2428 1305 2461 vinolentum,
1321 2436 1372 2454 non
1385 2434 1573 2462 percussorem,
1592 2433 1644 2452 non
1669 2425 1753 2458 turpis
1769 2423 1837 2450 lucri
1852 2422 1927 2456 cupi-

1132 2475 1219 2502 dum:
1238 2474 1283 2501 sed
1300 2473 1468 2508 hospitalem,
1493 2472 1644 2507 benignum,
1672 2475 1783 2503 castum,
1807 2469 1927 2504 justum,

1133 2525 1267 2552 sanctum,
1282 2520 1468 2551 continentem,
1485 2517 1686 2552 amplectentem
1694 2524 1754 2543 eum
1771 2515 1817 2550 qui
1831 2523 1927 2542 secun-

1135 2567 1198 2594 dum
1217 2566 1366 2597 doctrinam
1381 2569 1431 2596 est,
1446 2564 1549 2598 ﬁdelem
1560 2571 1706 2590 sermonem
1720 2562 1756 2587 '°.
1772 2559 1837 2587 Hmc
1851 2560 1927 2587 enim

1137 2612 1284 2647 unicuique
1296 2611 1405 2646 quidem
1417 2609 1546 2638 convenit
1559 2608 1681 2644 assequi,
1702 2608 1821 2634 maxime
1836 2611 1927 2632 tamen

1123 2657 1287 2694 sacerdoti.
1303 2657 1437 2692 siquidem
1451 2654 1566 2691 figuram
1583 2656 1653 2691 gerit
1667 2653 1779 2682 Christi.
1798 2652 1929 2687 quiprre-

1135 2704 1222 2732 dictos
1237 2704 1382 2732 duodecim
1407 2702 1523 2738 lapides,
1547 2709 1630 2736 super
1658 2704 1754 2735 pectus
1785 2698 1928 2734 proprium

1135 2751 1263 2787 portavit.
1279 2749 1377 2784 Cydari
1394 2757 1496 2784 quoque
1508 2748 1572 2775 texit
1584 2751 1673 2781 caput.
1690 2744 1764 2777 Sive,
1775 2743 1930 2772 secundum

1614 2835 1751 2871 "Ephes.
1780 2833 1803 2868 Ι,
1831 2832 1860 2869 9,
1884 2832 1930 2861 10.
