2052 3146
217 166 270 201 877

791 168 832 204 IN
849 170 1066 206 LEVITICUM.
1089 189 1122 196 —
1141 177 1214 209 LIB.
1234 178 1273 210 II.

1795 185 1849 218 878

216 222 307 256 LXX;
323 223 357 251 Et
366 225 461 258 posuit,
474 224 572 258 inquit,
582 233 660 260 super
677 231 756 261 caput
791 227 848 261 ejus
882 229 1000 256 mitram.
1017 231 1039 260 A
1052 237 1105 265 que
1124 232 1296 260 sanctiﬁcans
1319 233 1481 268 aspersisset
1501 234 1585 263 altare
1607 241 1712 273 septem
1731 238 1844 272 vicibus,

215 268 269 296 Sed
283 268 349 303 quia
363 274 391 296 et
407 269 501 297 'mitraa
515 270 574 298 sive
599 271 706 306 cydaris
733 273 920 306 operationem
948 282 1002 302 non

215 313 384 349 ignoramus,
402 319 429 342 et
442 315 544 343 Christi
559 322 642 352 caput
652 325 713 345 esse
729 317 836 345 Patrem
846 319 1002 354 didicimus,

214 359 360 387 audiamus
383 361 455 395 quod
469 362 603 397 sequitur.

250 414 372 448 Etsuper
387 423 445 442 eam
460 421 552 444 contra
568 417 680 452 frontem
696 419 781 452 posuit
801 419 930 448 laminam
953 426 1003 459 au-

214 467 298 491 ream,
307 465 487 488 consecratam
502 462 530 488 in
551 464 800 497 sancti/irationem,
822 465 891 492 sicut
908 474 1004 501 prince-

212 509 288 540 perat
302 506 326 532 ei
338 504 477 533 Dominus.
496 506 556 534 Non
571 507 671 535 frustra
689 517 784 538 eorum
799 519 859 546 qua:
875 513 1003 548 praecepit

214 549 348 578 Dominus
374 550 470 587 Moysi,
489 554 649 581 memoriam
680 555 755 588 facit,
773 556 820 585 sed
835 561 1001 586 couimemo-

213 604 275 624 rare
288 605 340 624 nos
354 605 396 629 ea,
408 606 469 633 quas
489 598 524 626 de
538 599 639 628 lamina
655 601 681 628 in
695 602 863 630 tabernaculi
875 608 1003 632 constru-

213 643 304 670 ctione
321 643 393 670 dicta
403 649 477 676 Sunt,
495 645 589 673 volens
606 654 613 672 :
642 646 698 674 illic
728 648 802 675 enim
823 654 916 684 aperte
943 652 1003 686 ejus

212 688 328 720 utilitas,
345 693 372 716 et
388 690 475 719 virtus
486 691 574 725 posita
590 696 632 719 est
645 700 706 720 cum
721 693 787 720 dicit
802 703 808 721 :

249 741 342 769 Facies
353 747 377 769 et
395 743 496 770 lamina
511 745 543 771 de
552 753 618 772 auro
634 746 784 780 purissimo,
797 748 825 774 in
840 757 892 784 qua
907 745 1002 784 sculpis

209 794 289 820 opere
315 787 449 814 caelator-is
473 794 596 816 sanctum
613 790 739 818 Domino.
756 792 803 820 Vel
818 793 890 821 sicut
911 795 1000 823 LXX:

210 832 244 859 Et
259 833 338 868 facies
350 834 479 861 laminam
494 843 604 862 auream
612 844 707 871 puram
723 858 730 869 ,
747 843 771 868 et
786 840 913 874 formabis
929 842 957 868 in
971 850 1001 869 ea

207 878 394 912 formationem
406 880 484 915 signi,
500 882 667 910 sanctitatem
679 882 796 911 Domini.
809 885 895 918 Quam
910 891 1000 915 autem

208 923 411 958 formationem,
428 926 470 953 vel
485 927 556 961 quod
569 928 688 963 signum.
701 929 756 964 jam
771 938 826 958 non
838 931 922 966 dicit;
935 933 1000 961 dicit

209 975 302 998 autem
324 972 393 999 etin
408 973 460 999 alio
478 973 547 1001 loco.
572 974 699 1002 Fecerunt
721 980 746 1004 et
769 976 898 1006 laminam
916 987 1000 1016 sacrae

209 1018 385 1045 venerationis
414 1020 446 1046 de
464 1028 530 1056 auro
556 1021 707 1055 purissimo,
745 1024 954 1060 scripseruntque
972 1027 1000 1053 in

207 1070 240 1090 ea
267 1071 344 1097 opere
357 1065 502 1099 gemmario
523 1071 643 1094 sanctum
660 1067 766 1096 Domini
780 1071 814 1097 ".
839 1070 998 1100 Secundum

207 1107 276 1135 LXX
299 1113 390 1136 autem
404 1119 410 1136 :
422 1109 456 1137 Et
470 1111 530 1146 fecit
545 1111 671 1140 laiiiinam
685 1122 804 1146 auream,
817 1117 998 1146 deductionem

206 1155 268 1181 auri
282 1155 353 1189 puri,
369 1156 573 1192 redemptionem
590 1159 684 1192 sancti,
701 1165 725 1186 et
740 1161 874 1196 insculpsit
897 1163 999 1192 litteras

205 1201 369 1236 deformatos
384 1201 475 1236 signis,
498 1204 667 1233 sanctitatem
692 1205 812 1235 Domino.
840 1206 893 1236 Sed
906 1213 996 1237 tamen

206 1253 262 1272 non
278 1246 344 1274 dicit
361 1254 422 1282 quae
439 1252 518 1276 erant
536 1249 601 1284 ipsae
617 1249 723 1284 litterae,
750 1259 802 1280 nec
828 1253 920 1282 videre
944 1263 997 1284 nec

205 1292 301 1319 audire
317 1300 472 1327 possumus.
491 1294 565 1322 Illam
586 1302 651 1331 ergo
664 1301 756 1324 notam
767 1298 901 1333 signiﬁcat
914 1301 996 1329 etiam

205 1336 343 1371 formatio,
360 1339 394 1366 de
410 1347 462 1374 qua
478 1340 578 1368 Paulus
591 1341 657 1370 dicit
675 1342 744 1375 ξριιί
758 1352 817 1384 cum
829 1345 863 1372 sit
874 1346 997 1382 splendor

204 1382 296 1421 gloria
304 1388 330 1410 et
343 1384 431 1420 ﬁgura
446 1386 602 1414 substantia:
617 1389 675 1423 ejus
687 1389 720 1415 ¹¹.
735 1382 893 1423 Ωυίείῡηίηι
911 1393 995 1421 multa

204 1428 240 1458 de
261 1429 449 1460 incarnatione
465 1431 606 1468 Unigeniti
632 1434 659 1460 in
675 1434 727 1462 hac
755 1436 896 1465 sanctione
923 1438 994 1466 dicta

204 1477 279 1506 sunt.
295 1480 325 1503 ut
338 1484 393 1503 non
407 1477 498 1505 omnia
514 1478 626 1507 humilia
640 1480 673 1508 de
686 1488 719 1508 eo
731 1485 871 1516 putentur.
887 1483 920 1511 ad
932 1485 995 1512 sub-

203 1520 330 1548 stantiam
343 1521 475 1550 incarnati
486 1523 565 1551 Verbi
578 1524 754 1560 principium,
766 1526 799 1554 de
810 1535 864 1562 quo
876 1526 995 1557 Joannes

1056 275 1133 303 unxit
1149 277 1224 310 illud,
1245 283 1273 307 et
1286 279 1376 306 omnia
1403 287 1466 307 vasa
1492 281 1561 317 ejus.
1590 282 1709 314 Labrum
1738 294 1847 323 quoque

1054 330 1116 350 cum
1129 322 1186 350 basi
1203 331 1251 353 sua
1275 325 1454 353 sanctilicavit
1467 327 1536 354 oleo.
1559 337 1568 353 ν

1090 368 1145 403 Ego
1160 369 1270 397 visiones
1295 371 1479 406 multiplicavi,
1496 378 1520 400 et
1545 375 1572 401 in
1599 377 1719 405 manibus
1732 380 1844 414 prophe-

1055 417 1143 440 tarum
1156 415 1319 443 assimilatas
1334 425 1391 444 sum
1402 418 1434 451 ’⁸,
1450 424 1592 455 propterea
1612 427 1674 450 ante
1693 424 1799 453 locutus
1817 426 1845 454 iu

1053 461 1194 494 prophetis
1205 462 1323 495 dicebat,
1338 467 1367 490 ut
1378 469 1557 499 cognosceret
1569 466 1602 499 is,
1611 469 1657 502 qui
1667 469 1726 504 ejus
1737 471 1845 499 volebat

1053 505 1123 532 scire
1140 507 1279 541 mysteria,
1291 508 1364 542 quod
1380 517 1435 538 non
1453 518 1500 545 per
1515 517 1596 539 uuam
1612 513 1772 550 imaginem,
1794 525 1844 545 nec

1052 557 1102 585 per
1112 559 1198 579 unum
1217 552 1353 587 quoddam
1379 554 1498 590 signum,
1527 557 1575 585 sed
1601 567 1650 593 per
1667 561 1762 595 multa,
1779 563 1843 598 quia

1053 599 1082 622 et
1090 597 1175 624 multa
1191 602 1330 632 operatur,
1345 600 1461 628 maxime
1475 609 1524 636 per
1536 610 1645 631 carnem
1657 597 1843 641 dispensatant

1053 640 1087 667 ab
1101 648 1145 674 eo,
1162 641 1276 670 salutem
1307 643 1450 672 hominum
1470 640 1709 682 comprehcnsuri
1723 661 1841 681 eramus.

1053 685 1086 712 Et
1101 687 1172 714 sicut
1181 696 1234 715 non
1247 689 1334 716 solum
1349 695 1449 726 pastor,
1464 692 1510 719 sed
1527 697 1555 720 et
1571 695 1639 725 ovis.
1656 701 1683 723 et
1704 700 1840 732 sacerdos,

1053 736 1081 758 et
1092 733 1191 760 ostium
1204 733 1306 762 dicitur
1322 743 1332 762 ς
1354 741 1447 771 pastor
1463 738 1583 772 quidem,
1602 742 1686 775 utqui
1703 743 1841 772 hominem

1049 779 1188 806 convertit
1216 780 1274 808 sive
1299 781 1407 809 reduxit
1429 789 1567 811 errantem
1583 794 1590 818 ;
1606 787 1668 814 ovis
1691 794 1792 822 autem,
1812 795 1842 817 ut

1049 823 1097 858 qui
1112 832 1162 859 pro
1180 826 1258 853 nobis
1269 827 1433 856 sacriﬁcium
1449 829 1536 858 factus
1547 836 1608 865 est;
1625 836 1752 863 sacerdos
1765 843 1840 868 vero,

1051 873 1084 896 ut
1098 869 1144 904 qui
1167 872 1344 906 semetipsum
1359 874 1466 907 obtulit,
1491 877 1591 904 ostium
1619 883 1721 913 autem,
1744 885 1773 908 ut
1792 883 1840 916 qu-i

1017 902 1037 931 Β
1053 902 1122 941 viam
1132 915 1210 943 nobis
1219 902 1337 945 ostendit
1345 902 1466 947 scientiae
1476 929 1484 955 ;
1496 921 1604 956 siccjus
1616 902 1754 965 prophetat
1764 902 1841 955 multi

1051 960 1256 989 similitudinem
1271 963 1401 998 aiferunt,
1420 971 1448 1002 et
1467 967 1616 1003 unicuique
1635 960 1760 1005 quaedam
1781 981 1841 1001 crc-

1050 1006 1106 1033 dita
1122 1011 1195 1041 sunt,
1213 1013 1243 1036 ut
1257 1014 1357 1038 nostra:
1370 1011 1582 1047 dispensationis
1594 1015 1758 1050 signiﬁcaret
1772 1026 1841 1057 ope-

1050 1052 1194 1081 rationem.
1212 1053 1280 1082 Hinc
1293 1056 1355 1091 quia
1368 1056 1426 1092 ipse
1441 1062 1501 1085 erat
1515 1059 1559 1094 qui
1575 1061 1692 1095 tingebat
1709 1070 1767 1096 eos,
1783 1052 1841 1100 ipse

1046 1099 1094 1133 qui
1110 1101 1272 1136 ungebatur,
1289 1110 1394 1139 ungens
1413 1104 1497 1132 verba
1511 1105 1671 1140 divinitatis,
1687 1099 1838 1139 secundum

1048 1152 1130 1180 quam
1143 1146 1168 1173 ei
1183 1147 1439 1176 omniacommunia
1448 1157 1513 1178 cum
1528 1151 1606 1179 Patre
1617 1157 1645 1180 et
1658 1153 1761 1189 Spiritu
1776 1160 1840 1184 sunt

1048 1198 1062 1217 ει
1077 1198 1131 1225 quo
1153 1192 1218 1227 ungi
1241 1192 1342 1220 dicitur
1357 1194 1436 1227 (nam
1452 1194 1538 1223 David
1566 1202 1673 1232 patrem
1690 1207 1838 1236 angentem

1043 1234 1123 1267 dixit,
1136 1243 1197 1263 cum
1210 1236 1249 1263 ait
1262 1245 1269 1263 ε
1283 1237 1425 1272 Propterea
1436 1241 1509 1267 mm't
1524 1245 1549 1268 te
1556 1241 1637 1277 Deus.
1653 1243 1722 1271 Deus
1731 1234 1796 1273 tuus
1805 1248 1837 1279 '9;

1048 1279 1130 1307 Isaias
1144 1285 1235 1309 autem
1257 1283 1412 1311 unctionem
1431 1285 1490 1312 Filii
1512 1287 1547 1314 ad
1577 1288 1707 1323 Spiritum
1735 1293 1837 1325 retulit,

1046 1325 1160 1354 dicens:
1178 1327 1295 1362 Spiritus
1322 1329 1428 1356 Domini
1451 1340 1530 1367 super
1557 1342 1610 1368 me,
1631 1343 1666 1362 eo
1679 1338 1748 1371 quod
1764 1339 1838 1366 unwit

1048 1380 1088 1398 me
1102 1373 1135 1400 "'.
1151 1372 1216 1406 Quae
1230 1379 1320 1402 autem
1337 1375 1418 1403 Pater
1427 1380 1455 1403 et
1479 1377 1609 1413 Spiritus,
1627 1381 1685 1408 haec
1699 1383 1794 1410 eadem
1805 1390 1838 1412 et

1031 1428 1034 1431 -
1047 1418 1130 1445 Filius
1145 1418 1233 1452 facit);
1242 1428 1307 1456 ergo
1319 1421 1423 1449 ratione
1431 1422 1584 1453 divinitatis
1607 1426 1665 1461 ipse
1675 1432 1722 1455 est
1734 1435 1836 1458 δεινοί-

1047 1464 1135 1498 ipsum
1163 1472 1277 1500 ungens,
1290 1470 1318 1493 et
1331 1466 1388 1502 ipse
1399 1472 1441 1495 est
1452 1468 1496 1503 qui
1513 1470 1623 1506 ungitur
1633 1471 1836 1507 dispensatione

1046 1509 1235 1538 humanitatis.
1255 1511 1392 1540 Similiter
1421 1513 1502 1545 oﬂ'ert
1518 1520 1545 1543 et
1568 1516 1683 1545 ofertur
1697 1527 1704 1545 :
1716 1520 1790 1555 unde
1807 1525 1836 1549 et

201 1566 313 1594 dicebat
329 1576 334 1594 :
350 1567 382 1594 In
396 1569 526 1603 principio
541 1556 598 1597 erat
627 1556 756 1605 Verbum,
773 1578 798 1600 et
812 1556 921 1602 l’erbum
937 1556 994 1603 erat
1009 1569 1031 1600 (ἶ
1046 1556 1142 1605 Dapiel
1155 1557 1276 1605 “'3‘”?
1289 1558 1364 1586 mum
1375 1560 1483 1594 quidem
1497 1561 1579 1596 Videt’
1592 1571 1646 1590 non
1660 1564 1730 1592 Vidit
1741 1571 1833 1594 autem

202 1613 276 1646 apud
294 1612 387 1645 Deum,
404 1619 428 1640 et
443 1613 514 1641 Deus
524 1620 581 1642 erat
596 1615 708 1644 Verbum
722 1617 757 1650 ",
778 1618 921 1647 sublevare
943 1628 994 1649 nos

203 1657 340 1691 lrgislator
357 1658 459 1690 volens,
476 1659 594 1692 mitram,
605 1660 663 1696 sive
675 1661 793 1696 cydarim
807 1669 891 1697 super
900 1668 991 1699 caput,

201 1708 316 1737 propter
330 1707 434 1738 patrem
447 1705 617 1732 memoravit.
644 1705 696 1733 Per
711 1706 838 1734 laminam
867 1711 896 1736 et
921 1710 994 1737 scul-

202 1752 323 1782 pturam,
336 1756 388 1776 seu
408 1748 598 1777 formationem
617 1751 839 1780 sanctiﬁcationis
858 1752 992 1783 incarnati

201 1793 251 1821 Dei
266 1793 357 1826 Verbi,
375 1794 422 1830 qui
443 1800 471 1822 et
489 1795 616 1824 sacerdos
628 1801 722 1824 noster
733 1797 821 1825 factus
836 1803 888 1831 est,
904 1799 992 1835 digni-

202 1843 284 1867 tatem
306 1840 333 1867 in
356 1841 499 1876 priucipio,
527 1849 608 1876 quam
634 1842 714 1869 simul
730 1851 793 1870 cum
814 1844 892 1873 Patre
909 1846 991 1874 habet

201 1885 379 1914 manifestum
398 1892 452 1920 est,
476 1887 540 1922 quia
552 1887 687 1923 exposuit.
706 1888 820 1924 Propter
832 1891 904 1926 quod
918 1892 989 1919 illam

200 1936 227 1958 et
242 1939 324 1966 super
331 1932 450 1967 eydarim
463 1941 511 1960 seu
521 1933 628 1960 mitram
638 1940 666 1961 et
677 1940 773 1962 eontra
787 1935 883 1964 faciem
904 1938 990 1965 mitrae

201 1976 258 2003 sive
272 1977 378 2011 (-ydaris
393 1977 518 2012 imponit.
530 1979 597 2007 dicit
611 1984 703 2007 autem
721 1989 727 2006 :

235 2022 393 2058 Ligabisque
405 2032 462 2050 eam
478 2025 541 2051 vitta
558 2025 738 2060 hyacinthina.
755 2026 817 2055 Sive
837 2029 989 2057 secundum

200 2068 273 2096 LXX
290 2078 296 2095 :
309 2068 344 2096 Et
363 2071 557 2104 superimpoaes
573 2072 714 2106 hyacinth
730 2079 827 2100 retorto
841 2083 849 2102 :
876 2075 988 2110 hyacin-

199 2115 277 2141 thum
299 2120 446 2148 retortum,
477 2116 674 2153 humanitatem
698 2118 801 2146 Christi
828 2120 986 2156 intelligens

201 2168 249 2194 pro
270 2168 304 2187 eo
327 2161 398 2196 quod
428 2162 646 2198 inseparabiliter
663 2165 808 2199 conjuncta
822 2171 864 2193 est
887 2166 985 2194 divini-

196 2207 258 2234 tali.

235 2262 269 2291 Et
284 2264 334 2291 erit
347 2272 428 2299 super
449 2265 549 2301 tiaram
571 2266 710 2294 imminens
736 2267 817 2303 fronti
844 2269 985 2304 pontiﬁcis.

197 2309 245 2337 Vel
258 2310 330 2338 sicut
341 2310 431 2338 LXX:
449 2311 484 2339 Et
498 2312 548 2338 erit
564 2321 642 2347 super
657 2313 764 2340 mitram
777 2318 867 2341 contra
886 2315 987 2350 faciem

195 2356 293 2383 mitrw.
315 2355 375 2384 Erit
395 2364 479 2392 super
502 2358 624 2390 mitram,
650 2359 696 2394 qui
712 2359 792 2387 Pater
813 2360 840 2388 in
861 2360 942 2394 Filio,
958 2365 987 2389 et

193 2401 280 2433 Filius
298 2402 325 2433 in
349 2402 437 2430 Patre.
459 2403 490 2430 Et
513 2407 576 2432 ante
600 2404 696 2432 faciem
720 2405 817 2434 mitrae.
836 2406 887 2440 Qui
912 2407 985 2435 enim

192 2448 269 2476 videt
283 2447 393 2486 Filium,
410 2448 453 2476 hic
466 2449 558 2477 videre
570 2455 598 2477 et
612 2449 718 2478 Patrem
745 2451 844 2479 dicitur
860 2461 867 2479 :
888 2460 986 2487 quem-

190 2493 342 2525 admodum
357 2483 495 2528 ‘Philippo
511 2494 545 2527 de
565 2494 645 2521 Patre
663 2496 833 2529 percontanti
855 2483 983 2525 Christus

193 2537 264 2572 apud
291 2537 425 2565 Joannem
440 2539 464 2553 "'
492 2539 646 2574 respondet.
677 2539 748 2575 Ergo
788 2541 878 2569 omnis
905 2549 982 2569 nunc

193 2584 299 2611 sanctio
319 2576 463 2612 evidenter
480 2585 504 2612 in
519 2585 811 2622 Uuigenitiexplanata
823 2591 866 2614 est
879 2592 983 2623 myste-

191 2628 274 2663 rium,

226 2683 308 2714 ναι.
328 2684 417 2712 lii-ll.
437 2694 447 2711 ί
459 2684 534 2713 Tulit
545 2690 573 2713 et
590 2686 678 2714 oleum
694 2687 840 2721 unctionis,
851 2695 905 2723 quo
918 2687 981 2716 lini-

191 2729 231 2757 vit
246 2730 453 2758 tabernaculum
470 2739 533 2759 cum
550 2732 624 2760 omni
640 2732 808 2767 supellectile
819 2741 878 2761 sua.
896 2734 980 2762 Cum~

1045 1602 1091 1637 qui
1104 1610 1171 1631 eum
1186 1604 1296 1638 obtulit,
1326 1605 1389 1640 quia
1419 1607 1476 1642 ipse
1502 1612 1570 1641 erat,
1585 1610 1631 1644 qui
1656 1612 1833 1647 semetipsum

1044 1647 1186 1675 oil'erebat.
1203 1649 1272 1684 Ergo
1288 1655 1316 1677 ut
1328 1650 1449 1678 salvetur
1462 1651 1609 1688 ﬁgurarum
1631 1655 1741 1689 veritas,
1758 1658 1834 1693 ungit

1043 1693 1151 1728 quidem
1167 1698 1194 1721 et
1208 1695 1288 1722 oll‘ert
1306 1694 1422 1731 Moyses,
1435 1697 1582 1733 imaginem
1598 1704 1625 1727 et
1650 1699 1709 1735 ipse
1730 1701 1832 1730 Christi

1043 1747 1151 1775 gerens,
1167 1741 1201 1768 de
1224 1749 1279 1776 quo
1294 1741 1397 1770 Iudaeis
1419 1744 1545 1772 dicebat:
1575 1745 1734 1782 Prophetam
1757 1750 1832 1778 nobis

1041 1786 1178 1813 suscitabit
1198 1785 1324 1814 Dominus
1342 1788 1374 1815 de
1394 1789 1526 1823 ;fratribus
1545 1792 1636 1818 uestris
1651 1792 1717 1819 sicut
1743 1802 1782 1821 me
1796 1795 1828 1822 ’⁸.

1042 1830 1119 1863 Quod
1135 1832 1269 1860 Dominus
1292 1832 1325 1860 ad
1341 1835 1522 1869 setnetipsum
1549 1836 1672 1866 referens
1702 1839 1829 1868 dicebat:

1040 1876 1070 1904 Si
1083 1877 1222 1905 crederetis
1238 1878 1333 1914 Moysi,
1346 1881 1486 1907 crederetis
1503 1882 1591 1917 utique
1607 1888 1631 1909 et
1647 1885 1720 1917 mihi,
1743 1886 1775 1912 de
1790 1895 1832 1914 me

1041 1923 1109 1949 enim
1125 1923 1170 1950 ille
1183 1924 1289 1958 scripsit
1307 1925 1341 1952 ".
1354 1925 1445 1953 Aaron
1461 1931 1551 1954 autem
1567 1927 1676 1961 iterum,
1702 1935 1730 1956 ut
1745 1930 1830 1965 ﬁgura

1039 1969 1096 1995 vcri
1114 1969 1274 2002 sacerdotis,
1293 1970 1413 2006 ungitur,
1434 1977 1461 1999 et
1474 1977 1568 2010 aperta
1586 1978 1627 2001 est
1643 1974 1714 2002 illius
1741 1976 1830 2012 imago

1040 2013 1172 2049 mysterii.
1193 2014 1321 2050 Aspergit
1332 2023 1396 2051 ergo
1411 2015 1516 2052 Moyses
1530 2017 1627 2049 altare,
1645 2026 1744 2054 corpus
1753 2021 1829 2048 vide-

1038 2059 1102 2086 licet
1113 2059 1294 2093 Dominicum,
1312 2061 1412 2096 septies
1426 2070 1434 2088 2
1448 2063 1512 2097 quia
1527 2063 1633 2091 Domini
1651 2065 1755 2098 unctio,
1773 2071 1828 2094 tota

1039 2109 1079 2131 est
1097 2103 1215 2139 Spiritus
1226 2105 1380 2140 plenitudo,
1392 2107 1438 2141 qui
1456 2107 1483 2134 in
1497 2112 1602 2143 septem
1623 2110 1828 2144 operationibus

1039 2149 1206 2185 designatur,
1239 2152 1470 2186 quemadmodum
1493 2153 1581 2182 lsaias
1596 2154 1713 2183 dixit".
1745 2156 1829 2194 ngit

1037 2201 1128 2224 autem
1146 2201 1174 2224 et
1197 2196 1289 2224 omnia
1303 2206 1366 2226 vasa
1393 2200 1463 2234 ejus,
1489 2205 1544 2228 tam
1566 2203 1718 2238 apostolos,
1744 2213 1826 2240 quam

1003 2247 1024 2277 Β
1038 2250 1085 2270 eos
1101 2243 1145 2278 qui
1172 2243 1212 2270 eis
1236 2243 1263 2270 in
1280 2248 1384 2272 tantum
1399 2246 1523 2275 similiter
1544 2247 1651 2283 vivunt,
1677 2255 1705 2277 ut
1729 2251 1826 2279 domus

1037 2288 1149 2323 Christi,
1166 2295 1193 2317 et
1208 2298 1272 2319 vasa
1297 2296 1372 2319 recte
1389 2293 1575 2322 nominentur.
1594 2295 1638 2323 Sic
1652 2301 1679 2323 et
1694 2297 1826 2324 Dominus

1037 2333 1150 2370 Paulum
1176 2335 1289 2370 eligens,
1315 2337 1429 2366 Anauie
1460 2338 1551 2366 dixit:
1586 2340 1665 2372 Vade,
1689 2342 1752 2376 quia
1777 2351 1826 2369 vas

1038 2380 1170 2408 electionis
1181 2382 1245 2409 mihi
1258 2387 1295 2410 est
1310 2383 1371 2413 iste.
1387 2388 1416 2410 ut
1431 2389 1515 2418 portet
1527 2394 1620 2412 nomen
1634 2395 1720 2414 meum
1734 2396 1825 2416 coram

1036 2424 1165 2459 gentibus,
1183 2430 1207 2452 et
1219 2427 1334 2462 regibus,
1355 2432 1380 2455 et
1393 2428 1458 2463 [iliis
1474 2429 1562 2456 Israel
1577 2430 1610 2458 ³¹.
1622 2430 1780 2460 Sanctiﬁcat
1792 2439 1820 2460 et

1037 2469 1164 2502 laterent,
1176 2471 1234 2498 sive
1245 2471 1362 2506 labrum,
1385 2474 1521 2509 baptisma
1539 2475 1666 2504 videlicet
1683 2484 1745 2504 cum
1764 2477 1824 2506 basi

1036 2521 1095 2547 sua,
1113 2522 1161 2550 per
1171 2523 1252 2550 quam
1271 2517 1446 2559 intelligimus
1459 2520 1658 2554 paenitentiam.
1674 2522 1824 2559 Supposita

1035 2565 1078 2587 est
1094 2565 1186 2588 autem
1202 2562 1260 2590 haec
1273 2556 1438 2598 baptismati.
1456 2566 1517 2600 quia
1540 2568 1653 2605 gratiam
1668 2556 1824 2605 ejus—quam

1036 2614 1108 2642 saepe
1126 2612 1219 2635 nostro
1235 2608 1350 2643 facimus
1364 2611 1480 2648 titubare
1504 2604 1656 2647 mendacio,
1674 2622 1722 2649 per
1737 2604 1825 2651 pinni—

1036 2653 1149 2680 tentiam
1162 2655 1332 2690 corrigimus,
1349 2661 1376 2683 et.
1387 2656 1522 2695 fulcimus.

1067 2699 1101 2726 Et
1113 2699 1311 2729 tabernaculum
1327 2710 1386 2729 cum
1401 2705 1472 2730 omni
1490 2706 1649 2739 supellectile
1663 2716 1711 2734 sua
1723 2710 1824 2735 sancti-

1032 2744 1130 2778 ﬁcavit.
1150 2745 1369 2775 Sauctiﬁcatione
1382 2749 1454 2776 enim
1466 2756 1570 2785 nostra,
1586 2759 1703 2787 superna
1714 2760 1825 2787 quoque

223 2842 242 2888 ’ς
260 2841 344 2868 Fxod.
361 2849 457 2888 χμῖιξι
535 2841 702 2888 -’²11ειι›ι·;;,
724 2842 765 2888 3:9
781 2842 813 2888 "_’
824 2843 947 2888 Joainnr.
965 2844 991 2871 l.

1045 2845 1054 2860 δ
1067 2845 1219 2888 Joan._n!,
1239 2846 1276 2888 9..
1300 2849 1324 2888 ξ’
1338 2848 1408 2876 Osee
1423 2857 1476 2888 _x__u.
1495 2851 1537 2879 t0.
1578 2851 1600 2866 "
1618 2851 1691 2881 Psal.
1703 2859 1777 2888 κων,
1789 2852 1819 2881 8.

190 2877 212 2892 ²⁷
233 2876 283 2903 Ιεη.
299 2885 354 2909 ιχι,
373 2877 398 2903 l.
435 2877 457 2892 "
475 2877 554 2904 Deut.
567 2885 644 2909 xvm,
661 2878 703 2904 l3.
743 2878 765 2894 ’θ
776 2877 855 2905 Joan.
870 2887 895 2912 ν,
909 2879 952 2906 66.

1042 2888 1080 2908 sa».
1093 2889 1132 2914 ιι,
1151 2882 1176 2914 l,
1192 2876 1218 2909 2.
1256 2883 1278 2900 ³¹
1292 2884 1354 2912 Act.
1368 2892 1404 2918 lx,
1419 2876 1462 2912 ἰδέ

1864 344 1872 368 i
