2052 3146
231 164 298 196 ,879

841 165 1022 197 HESYCHII
1042 167 1277 199 PRESBYTERI

1819 169 1872 200 850

244 223 369 247 creatura
385 217 544 252 participata
559 222 609 249 est,
622 224 682 252 quae
696 223 788 246 sancta
804 220 914 255 quidem
939 221 989 249 fuit
1008 225 1035 249 et
1049 232 1071 260 Α
1086 223 1206 259 guinem,
1226 228 1253 251 et
1279 223 1364 252 tincto
1377 221 1471 258 digito,
1491 222 1578 257 tetigit
1594 228 1696 249 cornua
1716 220 1808 248 altaris
1823 230 1874 257 per

207 267 212 274 '
246 269 336 296 antea,
358 263 404 290 sed
420 263 549 297 majorem
563 263 806 292 sanctiﬁcationem
819 266 914 301 adepta
930 271 971 294 est
985 274 1034 302 per

205 303 216 318 ⁵
246 316 357 337 carnem
373 309 553 341 Dominicam,
581 317 662 343 quam
678 310 795 346 sumpsit
818 303 955 340 ex‘nobis.
974 312 1034 340 Non

245 360 337 382 autem
365 354 509 381 ridiculum
537 355 662 382 videatur
687 356 759 390 quod
789 356 898 391 dicitur,
915 357 978 392 quia
1003 365 1034 384 ea

206 394 225 405 “’
245 408 306 434 qua:
322 400 349 425 in
366 399 445 426 nobis
456 398 525 426 facta
535 404 587 433 cst,
604 401 819 429 sanctiﬁcatione
833 410 1035 438 superna,par-

247 447 354 480 ticipata
372 451 414 473 cst
428 451 564 478 creatura,
579 451 723 482 postquam
738 455 897 476 concessam
912 449 992 477 nobis
1008 449 1035 476 in

244 493 355 520 Christo
375 492 536 527 participata
557 497 610 525 cst,
638 493 763 526 scicntia,
782 495 853 529 quod
877 495 1034 523 manifestat

244 539 345 566 Paulus
360 538 453 566 dicens
470 547 476 565 :
496 538 529 565 Ut
545 543 634 565 notum
650 539 722 574 ﬁeret
735 541 906 576 principibus,
926 546 950 568 et
963 547 1036 576 pote-

245 584 356 610 statibus
384 584 411 610 in
443 584 587 611 caelestibus
613 593 661 618 per
692 585 837 612 Ecclesium
869 586 1036 622 multiformis

245 629 382 663 supietttiie
401 628 456 661 Dei,
485 630 628 656 secundum
653 629 847 663 dispositionem
869 631 1034 664 seculorum,

246 683 325 710 quam
343 675 404 711 fecit
422 675 449 700 in
465 674 569 702 Christo
584 674 645 701 Jesu
667 674 778 702 Domino
807 681 896 702 nostro
912 677 944 703 “.
966 677 1037 712 Ergo

245 730 295 756 per
331 721 481 748 Ecclesium
517 721 642 756 superior
673 726 796 749 creatura
825 722 937 757 majoris
976 730 1038 757 par-

247 767 334 802 ticeps
349 766 448 795 eﬁ'ecta
474 771 517 794 cst
539 767 671 800 scientiae,
701 767 833 802 siquidem
861 768 921 804 ejus
937 769 1038 796 sancti-

246 814 337 841 ﬁcatio
348 815 421 848 justa
433 813 504 840 dicta
517 817 568 840 cst.

285 857 363 885 Vens.
382 858 424 885 12.
445 867 453 883 ι
468 858 518 890 Qui
532 857 650 885 fundens
662 865 744 893 super
759 863 840 894 caput
851 859 942 886 Aaron
960 859 1038 887 unxit

246 911 320 935 cum,
333 907 361 930 et
371 903 552 937 consecravit,
566 904 622 930 sive
636 903 825 932 sanctiﬁcavit.
846 914 856 931 ›

280 949 336 977 Etsi
374 949 474 977 Christi
501 954 592 984 caput,
619 950 771 977 secundum
795 951 871 978 Pauli
902 952 1035 984 verbum,

252 994 380 1022 divinitas
400 994 570 1029 intelligitur,
586 1002 641 1022 non
665 994 765 1022 frustra
781 1000 883 1029 tamen,
898 1004 949 1024 nec
962 1001 1037 1024 extra

246 1041 381 1073 ordinem,
409 1040 437 1067 in
467 1040 520 1067 hoc
546 1041 675 1076 mysterio
702 1042 850 1070 sacerdotis
881 1043 944 1078 ungi
964 1051 1038 1071 nunc

247 1090 328 1121 caput
355 1085 493 1121 legislator
520 1085 652 1121 scripsit:
682 1091 713 1114 ut
740 1094 948 1123 cognoscamus,
971 1096 1038 1124 quo-

251 1133 336 1166 niam,
362 1132 589 1167 quemadmodum
605 1137 687 1167 caput
703 1141 718 1160 a
736 1134 850 1168 pcdibus
876 1135 959 1162 dividi
982 1143 1037 1162 non

245 1183 346 1213 potest,
363 1179 401 1206 sic
419 1186 507 1214 neque
521 1177 622 1205 Christi
639 1179 768 1207 divinitas
805 1184 867 1215 post
886 1181 1037 1208 unitionem

247 1225 280 1251 ab
309 1224 479 1251 humanitate
512 1224 652 1252 dividitur.
670 1225 725 1252 Sed
751 1225 809 1253 sive
833 1227 896 1262 ungi
921 1226 1036 1259 dicatur,

246 1272 303 1298 sive
319 1271 453 1306 generari,
469 1271 528 1298 sive
538 1271 605 1306 pati,
623 1271 681 1299 sive
698 1279 851 1307 resurgere,
866 1272 923 1300 sive
936 1271 1038 1300 assumi

247 1317 372 1349 dicimus,
388 1317 439 1344 hoc
462 1317 632 1345 incarnatum
651 1317 770 1346 Verbum
794 1326 849 1345 non
872 1318 1037 1351 dividentes,

247 1367 275 1390 et
289 1363 413 1390 dicentes
426 1363 565 1390 hominem
582 1364 691 1399 quidem
710 1368 833 1396 unctum,
848 1364 933 1391 Deum
946 1369 1038 1392 autem

248 1416 301 1436 non
316 1413 438 1440 unctum,
452 1410 499 1436 sed
520 1409 603 1436 Deum
617 1409 742 1436 eumdem
755 1409 835 1436 simul
850 1414 878 1436 ct
888 1410 1037 1438 hominem.

248 1453 304 1481 Hoc
317 1454 390 1481 enim
406 1459 433 1481 et
451 1455 534 1482 David
550 1455 610 1483 sine
624 1455 715 1490 aliqua
731 1454 872 1483 dubietate
895 1455 1037 1491 approbat,

247 1508 309 1527 eum
325 1500 391 1528 dicit
407 1509 413 1528 :
430 1500 482 1528 Sed
495 1505 552 1533 tua,
567 1501 648 1533 Deus,
663 1501 691 1527 in
705 1500 832 1527 swculum
845 1501 946 1533 δίει-ηιξ,
964 1502 1038 1536 virga

247 1551 317 1574 recta
333 1552 380 1579 est,
397 1548 470 1582 virga
485 1548 556 1582 regni
570 1547 618 1574 lui.
635 1539 904 1582 Ditexistijttt‘titiant
921 1553 945 1574 et
960 1547 1039 1575 odisti

247 1592 415 1628 iniquitatem
431 1601 436 1620 :
457 1597 595 1628 propterea
612 1593 684 1620 unxit
701 1598 724 1620 te
747 1593 825 1625 Deus,
847 1593 917 1620 Deus
933 1599 992 1620 tuus
1006 1594 1036 1619 ³⁸.

248 1638 346 1665 Cernis
361 1638 444 1666 Deum
460 1639 511 1666 dici
527 1639 573 1674 qui
586 1643 685 1666 unctus
700 1643 751 1670 cst,
763 1639 826 1674 quia
841 1639 932 1666 omnia
951 1640 1040 1667 carnis

249 1692 306 1711 suae
317 1684 491 1720 manifestum
503 1690 546 1712 est
564 1685 636 1720 quod
647 1685 809 1720 sibimetipsi
821 1685 867 1720 qui
879 1685 1038 1712 incarnatus

249 1734 301 1762 est,
318 1730 450 1758 vindicat.
471 1731 537 1763 Quae
561 1731 634 1758 enim
658 1736 685 1758 ct
701 1732 761 1766 ejus
780 1735 838 1758 erat
865 1733 967 1763 unctio,
988 1731 1040 1758 nisi

247 1775 361 1802 omnino
376 1777 434 1810 ipsa
453 1776 629 1804 incarnatio?
654 1775 810 1804 Secundum
833 1777 906 1804 hunc
925 1779 1038 1804 modum

250 1825 332 1856 caput
369 1822 547 1856 intelligibilis
577 1822 726 1850 sacerdotis
759 1822 913 1857 ungebatur
935 1827 962 1850 et
983 1823 1040 1857 ipse

248 1867 480 1895 sanctiﬁcabatur.

285 1913 366 1940 Vens.
386 1914 428 1940 i3.
450 1923 459 1939 ‹
471 1913 553 1941 Filios
565 1921 673 1949 quoque
684 1913 744 1949 ejus
754 1913 859 1942 oblatos
874 1913 981 1942 vestivit
1002 1919 1041 1940 tu-

249 1958 317 1986 nicis
332 1959 411 1986 lineis
422 1964 449 1986 et
462 1959 546 1987 cinxit
560 1959 680 1992 balthco,
695 1959 878 1995 imposuitque
891 1959 994 1992 mitras,
1012 1964 1041 1986 ut

245 2004 365 2040 jusserat
385 2004 525 2031 Dominus.
543 2014 553 2030 ι

285 2050 397 2078 Tunica:
411 2051 474 2078 ﬁliis
487 2051 590 2084 Aaron,
604 2051 708 2080 similes
721 2050 822 2085 Aaron,
842 2056 870 2080 et
887 2059 974 2085 zonae,
991 2059 1041 2079 seu

248 2097 349 2124 halthei
364 2097 477 2130 similes,
492 2102 519 2125 et
533 2097 645 2133 cydares
660 2098 716 2126 sive
731 2098 819 2126 mitrae
850 2098 1039 2134 imponuntur.

249 2142 339 2176 Ipsum
356 2143 429 2170 enim
441 2143 568 2175 induunt,
583 2143 642 2178 ipso
657 2143 814 2179 cinguntur,
825 2143 914 2179 ipsum
932 2148 1041 2178 portant

249 2187 275 2214 in
291 2188 388 2222 capite,
406 2188 478 2215 unde
488 2193 515 2215 et
531 2189 630 2216 Paulus
643 2189 728 2216 dicit:
745 2188 818 2217 State
831 2190 1041 2226 pre-vinculum-

1085 278 1190 306 gyrum.
1208 270 1269 302 Quo
1282 268 1392 304 expiato
1408 272 1436 296 et
1458 267 1636 300 sanctiﬁcata,
1657 267 1727 294 fudit
1738 267 1874 302 reliquum

1085 315 1246 350 sanguinem
1274 315 1309 342 ad
1332 314 1510 342 fundamenta
1524 313 1594 348 ejus.
1624 313 1740 347 Adipem
1764 319 1874 348 queque

1085 361 1132 395 qui
1147 364 1207 388 erat
1223 367 1305 395 super
1330 359 1432 393 vitalia,
1448 359 1648 393 reticulumque
1667 358 1776 393 jecorisl
1789 358 1874 385 duos-

1086 414 1139 442 que
1163 406 1339 439 renunculos,
1351 413 1413 433 cum
1428 405 1567 432 arvcnulis
1586 404 1644 431 suis
1658 403 1777 431 adolevit
1791 410 1876 438 super

1086 453 1181 486 altare,
1193 452 1308 480 vitulum
1318 459 1379 479 cum
1391 451 1471 486 pelle,
1488 455 1615 483 etcarne,
1631 455 1659 477 et
1673 448 1737 476 ﬁmo
1749 456 1876 476 cremans

1087 503 1163 526 extra
1176 502 1275 531 castra,
1294 498 1365 525 sicut
1378 501 1546 533 praeceperat
1560 497 1702 524 Dominus.
1721 504 1731 521 ι

1121 544 1187 576 Quae
1200 543 1334 578 praedictae
1353 543 1502 570 sanctionis
1519 542 1555 570 sit
1570 541 1667 574 virtus,
1696 545 1723 568 et
1739 539 1876 575 quomodo

1088 589 1300 624 unumquodque
1326 589 1386 624 ejus
1411 588 1561 623 capitulum
1576 588 1604 614 in
1629 586 1767 622 Unigeniti
1793 585 1876 613 sacri-

1089 636 1182 662 ficium
1200 635 1360 670 accipiatur,
1385 634 1543 669 praecedcns
1568 633 1691 661 continet
1709 639 1809 659 sermo.
1826 631 1876 658 Vi-

1087 682 1163 709 tulus
1185 689 1234 716 pro
1260 686 1373 716 peccato
1402 679 1561 712 sacerdotis,
1592 679 1640 711 sed
1663 682 1691 705 ct
1710 685 1760 713 pro
1783 676 1876 712 populi

1088 727 1298 763 congregatione
1322 725 1447 753 oﬂcrtur.
1475 724 1541 758 Quae
1572 723 1767 758 intelligentes,
1793 726 1822 748 et
1844 728 1876 747 ea

1089 783 1149 810 qua:
1168 780 1242 801 nunc
1267 773 1339 800 dicta
1369 776 1443 804 Sunt,
1468 771 1550 806 plene
1574 767 1740 797 intellecturi
1769 775 1875 794 sumus.

1088 820 1153 848 llaec
1175 825 1265 847 autent
1282 825 1358 846 nunc
1384 817 1511 850 dicimus,
1525 823 1585 851 qua:
1613 815 1668 842 sola
1686 815 1720 842 de
1735 813 1878 841 sanctione

1089 867 1231 894 immutata
1248 869 1312 893 sunt
1329 873 1335 890 :
1351 863 1387 891 ibi
1404 863 1476 891 enim
1494 862 1586 889 Aaron
1616 862 1757 896 imponere
1778 866 1877 886 atauus

1089 912 1184 943 vitulo.
1208 911 1253 939 hic
1279 914 1368 938 autem
1383 914 1410 937 et
1433 908 1503 936 ﬁlios
1529 908 1588 942 ejus
1619 914 1674 933 non
1699 905 1801 932 frustra
1823 905 1878 932 hoc

1088 959 1256 989 custodiens,
1272 956 1318 984 scd
1327 956 1409 983 etiam
1421 961 1517 981 unctos
1525 953 1643 988 scripsit.
1660 951 1774 985 Quando
1784 955 1877 978 autem

1087 1008 1115 1032 et
1131 1011 1182 1030 nos
1196 1002 1333 1037 ungimur,
1351 1004 1379 1027 et
1393 999 1534 1027 oﬁerimur
1551 996 1718 1032 baptismati,
1735 995 1801 1023 socii
1823 995 1878 1021 Do-

1088 1047 1195 1077 minicte
1219 1046 1351 1074 eﬂicimur
1377 1043 1522 1080 passionis,
1547 1042 1626 1078 cujus
1642 1041 1710 1077 gerit
1731 1041 1878 1077 imaginem

1088 1096 1233 1131 baptisma,
1251 1093 1324 1128 quod
1348 1091 1430 1118 etiam
1453 1090 1554 1117 docent
1583 1088 1642 1115 haec
1668 1087 1744 1114 Pauli
1772 1086 1876 1113 verba:

1088 1140 1241 1173 Quicunque
1264 1137 1334 1164 enim
1360 1136 1388 1162 in
1422 1134 1525 1162 Christo
1549 1132 1678 1167 baptizati
1712 1139 1815 1163 sumus,
1847 1131 1877 1157 in

1088 1190 1171 1214 morte
1185 1184 1267 1218 ipsius
1279 1181 1407 1216 baptizuti
1418 1187 1518 1210 sumus,
1549 1177 1692 1212 consepulti
1711 1184 1771 1211 ergo
1794 1176 1818 1202 ei
1831 1184 1878 1210 per

1089 1232 1247 1267 baptismum
1262 1230 1290 1256 in
1303 1232 1414 1256 mortem
1429 1234 1486 1261 ejus
1499 1225 1531 1252 ".
1548 1223 1709 1251 Necessarie
1725 1222 1772 1249 ﬁlii
1785 1222 1878 1249 Aaron

1089 1277 1221 1307 sacriﬁcio
1247 1283 1344 1303 manus
1368 1281 1429 1302 cum
1448 1272 1503 1300 sint
1518 1271 1543 1299 ei
1562 1269 1807 1301 communicantes,
1820 1268 1873 1295 im-

1088 1327 1202 1360 ponunt.

1124 1370 1205 1398 Vens.
1218 1368 1312 1396 18-21.
1331 1377 1339 1393 ι
1355 1365 1458 1394 Obtulit
1471 1363 1658 1392 etarietemin
1677 1362 1878 1391 holocaustum,

1089 1424 1171 1452 super
1194 1415 1273 1451 cujus
1286 1418 1369 1449 caput
1383 1420 1445 1440 cum
1468 1410 1663 1446 imposuissent
1677 1409 1767 1435 Aaron
1781 1412 1810 1434 et
1827 1406 1876 1433 ﬁlii

1090 1464 1150 1499 ejus
1179 1469 1277 1490 manus
1302 1467 1376 1492 suas,
1403 1457 1554 1485 immolavit
1567 1463 1641 1488 eum,
1665 1458 1694 1482 et
1717 1454 1788 1481 fudit
1811 1460 1878 1480 san-

1090 1510 1199 1546 guinem
1213 1507 1273 1543 ejus
1286 1514 1335 1542 per
1352 1505 1444 1533 altaris
1458 1502 1612 1535 circuitum,
1635 1501 1779 1535 ipsumque
1803 1499 1877 1525 arie-

1091 1560 1145 1584 tcm
1162 1562 1210 1591 per
1223 1554 1309 1581 frusta
1336 1551 1492 1582 concidens,
1515 1552 1596 1584 caput
1622 1547 1691 1582 ejus,
1703 1551 1731 1573 et
1745 1549 1829 1577 artus,
1850 1547 1877 1571 et

1091 1603 1199 1638 adipem
1218 1599 1338 1629 adolevit
1353 1599 1419 1634 igni,
1440 1597 1502 1625 lotis
1525 1596 1602 1631 prius
1620 1593 1769 1625 intestinis,
1783 1596 1811 1619 et
1828 1598 1879 1626 pe-

1090 1637 1170 1676 dibus
1185 1651 1326 1681 totumquc
1341 1642 1544 1671 simularietcm
1563 1639 1685 1667 incendit
1701 1646 1782 1673 super
1794 1637 1880 1664 altare

1090 1702 1123 1722 eo
1138 1693 1209 1728 quod
1227 1696 1299 1720 esset
1322 1690 1510 1718 holocaustum
1535 1685 1690 1713 suavissimi
1707 1683 1799 1712 odoris
1823 1682 1878 1710 Do-

1092 1740 1167 1772 mini,
1182 1739 1253 1766 sicut
1268 1738 1436 1774 praeceperat
1448 1734 1589 1761 Dominus.
1607 1741 1616 1758 ι

1126 1785 1184 1813 Non
1204 1791 1288 1812 unum
1299 1783 1380 1810 nobis
1395 1785 1500 1808 tantum
1517 1782 1669 1814 peccatum,
1683 1776 1730 1804 sed
1747 1774 1829 1802 multa
1845 1782 1879 1801 ex

1090 1828 1228 1865 Unigeniti
1243 1827 1378 1855 sacriﬁcio
1389 1829 1455 1853 sunt
1468 1826 1578 1855 donata,
1595 1822 1622 1850 id
1637 1826 1680 1850 est
1696 1821 1779 1849 totius
1795 1827 1880 1855 gene-

1091 1876 1128 1903 ris
1142 1874 1255 1903 humani
1272 1872 1418 1902 remissio:
1434 1871 1487 1898 vita
1504 1870 1530 1897 in
1553 1867 1727 1905 philosophia
1746 1867 1879 1902 perfecta,

1091 1927 1118 1949 et
1142 1920 1288 1956 singularis
1302 1918 1495 1954 mysteriorum
1511 1915 1575 1943 novi
1604 1913 1762 1942 testamenti
1791 1912 1880 1940 intro-

1090 1967 1192 2000 ductio,
1208 1966 1242 1993 ad
1257 1972 1373 2000 quorum
1386 1962 1552 1997 exemplaria
1568 1964 1596 1988 et
1612 1960 1711 1995 ﬁguras
1735 1957 1878 1989 sacriﬁcia,

1089 2019 1150 2048 qua:
1174 2018 1297 2047 persona;
1315 2006 1488 2044 assignantur
1511 2006 1656 2042 pontiﬁcis,
1685 2004 1880 2036 oﬁ'erebantur,

1090 2058 1208 2086 maxime
1223 2057 1345 2084 umbram
1370 2053 1532 2086 cmlestium,
1550 2060 1598 2087 per
1622 2059 1654 2078 ea
1669 2059 1729 2086 quae
1756 2051 1784 2077 in
1800 2050 1880 2077 terris

1090 2104 1252 2139 agebantur,
1265 2100 1447 2130 ostendentia.
1464 2099 1541 2132 Quod
1555 2097 1710 2125 manifestat
1726 2097 1826 2124 Paulus
1839 2096 1880 2123 sic

1091 2151 1125 2178 dc
1141 2150 1254 2177 Domino
1270 2149 1364 2176 dicens
1379 2155 1386 2174 :
1405 2146 1433 2173 Si
1449 2146 1518 2173 enim
1533 2149 1597 2171 esset
1613 2152 1691 2178 super
1706 2147 1815 2173 terram,
1834 2149 1881 2169 nec

1090 2200 1154 2223 esset
1179 2194 1311 2226 sacerdos,
1327 2200 1385 2219 cum
1410 2195 1493 2218 essent
1520 2190 1565 2225 qui
1592 2189 1712 2224 offerrent
1736 2187 1880 2214 secundum

251 2235 295 2259 bos
313 2237 412 2259 vestros
433 2233 460 2259 in
480 2234 601 2266 veritate,
617 2234 717 2262 veritas
734 2238 825 2262 autem
843 2234 989 2262 Christus:
1006 2235 1040 2262 Et
1056 2243 1078 2273 ι)
1093 2243 1172 2277 legem
1191 2248 1301 2268 munera
1326 2239 1370 2274 qui
1394 2236 1538 2272 exemplari
1560 2240 1584 2263 et
1609 2235 1709 2262 umbra
1731 2234 1881 2261 deserviunt

251 2278 337 2305 induti
365 2278 447 2305 lorica
464 2279 625 2313 justitiw",
651 2280 740 2314 ipsum
757 2284 849 2307 autem
876 2280 922 2315 qui
952 2280 1041 2308 factus

250 2329 292 2352 est
305 2324 383 2352 nobis
401 2333 415 2352 a
435 2325 490 2352 Deo
506 2325 639 2361 sapientia
652 2330 679 2353 et
696 2325 812 2360 justitia.
829 2325 884 2353 Sed
910 2331 938 2354 ct
966 2326 1040 2362 galea

245 2378 300 2409 nos
317 2370 413 2398 salutis
431 2369 532 2398 Paulus
553 2371 628 2398 indui
645 2370 774 2406 praecepit
789 2380 796 2398 :
820 2370 947 2399 Christus
967 2373 1040 2399 enim

249 2411 368 2444 salutaré
394 2420 446 2450 est,
477 2417 547 2444 sicut
563 2415 679 2453 Symeon
695 2416 856 2444 testiﬁcatus
876 2420 939 2444 est:
965 2417 1042 2444 Nunc

250 2461 361 2488 dimittis
391 2470 494 2489 seruum
512 2467 596 2495 tuum,
626 2461 749 2494 Domine,
765 2462 908 2489 secundant
936 2463 1041 2489 uerbum

252 2511 326 2532 tuum
353 2507 381 2534 in
408 2515 482 2543 pace,
504 2508 566 2544 quia
595 2508 715 2535 uiderunt
744 2507 814 2535 oculi
843 2508 894 2534 mei
922 2507 1042 2535 salutare

252 2557 335 2578 tuum.
352 2552 512 2588 Quicunque
523 2553 596 2581 enim
618 2553 728 2582 Christo
742 2554 904 2587 induuntur,
920 2562 968 2589 per
979 2562 1042 2582 eum

251 2603 277 2625 ct
291 2597 397 2625 Patrem
409 2599 568 2627 induuntur.

287 2642 369 2671 Vsus.
388 2644 480 2674 M-H.
504 2655 513 2671 ‹
527 2644 632 2673 Obtulit
647 2651 675 2674 et
701 2646 818 2674 vitulum
844 2654 894 2682 pro
915 2652 1040 2682 peccato.

252 2697 371 2725 cumque
386 2698 469 2726 super
484 2696 566 2727 caput
581 2693 641 2728 ejus
660 2693 817 2728 posuissent
836 2693 925 2720 Aaron
951 2697 979 2720 et
993 2692 1040 2719 ﬁlii

220 2772 222 2774 _
252 2736 312 2771 ejus
331 2744 429 2765 manus
446 2745 519 2770 snas,
548 2737 701 2765 immolavit
726 2747 799 2773 eum,
816 2739 947 2767 hauriens
978 2747 1041 2766 san—

290 2838 314 2875 ξξ
328 2838 426 2875 Ephes.
444 2847 486 2873 ιιι,
501 2841 527 2875 9,
545 2841 588 2870 10.

253 2872 274 2888 υ
444 2847 486 2888 ip,
501 2841 527 2875 9,
545 2841 588 2870 10.
644 2842 666 2858 ³³
677 2841 749 2870 Psal.
761 2850 834 2876 πων,
852 2843 878 2875 7,
890 2843 917 2870 8.

292 2872 436 2909 Habitu",
451 2877 477 2903 ι.

974 2843 997 2857 ³⁵
1009 2841 1109 2876 Ephes.
1128 2848 1165 2871 vi,
1187 2839 1227 2866 14.

1092 2287 1234 2316 caelestium
1249 2286 1282 2312 ³⁷.
1320 2284 1391 2311 Dicit
1401 2288 1492 2310 autem
1506 2289 1563 2314 eos,
1577 2280 1624 2316 qui
1640 2280 1667 2307 in
1683 2279 1785 2314 templo
1799 2278 1882 2306 Jeru-

1091 2332 1174 2360 salem
1190 2335 1257 2358 tunc
1274 2328 1461 2357 immolabant.
1482 2326 1550 2359 Quia
1565 2333 1630 2354 vero
1645 2324 1769 2360 depinxit
1794 2331 1882 2350 unum

1091 2381 1119 2406 ct
1129 2377 1255 2405 eumdem
1270 2375 1420 2406 hominem,
1435 2373 1585 2405 sedentem,
1600 2375 1768 2403 currentem,
1781 2374 1808 2398 et
1819 2378 1884 2397 rur-

1092 2432 1140 2452 sus
1163 2426 1300 2451 stantem:
1317 2420 1475 2448 differentes
1501 2418 1583 2445 etiam
1597 2417 1771 2453 operationes
1786 2416 1884 2444 volens

1092 2477 1239 2505 exponere,
1252 2467 1340 2495 varias
1356 2466 1455 2502 ﬁguras
1470 2464 1503 2492 ad
1514 2463 1726 2498 unumquodque
1740 2461 1800 2497 ejus
1814 2468 1884 2496 opus

1093 2517 1215 2545 dividere
1238 2518 1312 2542 recte
1341 2511 1526 2547 compellitur.
1546 2511 1694 2543 Propterea
1720 2508 1762 2536 lex
1789 2514 1884 2536 sacer-

1094 2563 1196 2594 dotem,
1212 2561 1240 2588 in
1254 2559 1347 2587 multis
1362 2558 1508 2594 imaginem
1524 2556 1657 2584 ferentem
1677 2554 1795 2587 Domini,
1810 2561 1886 2581 nunc

1095 2609 1210 2636 vitulum
1227 2614 1278 2642 pro
1306 2604 1424 2641 peccatis
1440 2602 1592 2635 immolare,
1615 2606 1643 2629 et
1660 2606 1736 2629 extra
1753 2600 1886 2629 taberna-

1096 2655 1186 2682 culum
1215 2652 1362 2680 incendere
1385 2649 1536 2686 praecepit:
1563 2648 1603 2676 sic
1623 2648 1697 2675 enim
1722 2652 1750 2675 et
1776 2647 1884 2675 Domini

1095 2700 1270 2733 sacriﬁcium,
1286 2699 1319 2726 ad
1346 2697 1513 2725 ablutionem
1539 2700 1645 2723 natura:
1658 2699 1760 2722 nostrae
1786 2701 1885 2729 pecca—

1096 2753 1185 2776 torum
1214 2747 1315 2774 factum
1338 2749 1389 2772 cst.
1413 2743 1490 2770 Nunc
1514 2747 1606 2770 autem
1626 2743 1724 2769 iterum
1747 2741 1773 2769 ei
1799 2740 1886 2768 sacri-

1285 2837 1307 2852 "
1325 2836 1390 2863 Luc.
1408 2843 1437 2869 ll,
1454 2835 1501 2868 29,
1523 2835 1568 2864 50.
1620 2835 1642 2851 ³⁶
1657 2833 1736 2862 Rom.
1759 2842 1796 2867 vr,
1812 2833 1840 2867 ὅ,
1857 2832 1886 2864 ιι.
