2052 3146
170 219 219 254 881

711 216 717 223 “
747 221 789 252 ΙΝ
806 221 1028 252 LEVITICUM.
1045 232 1077 238 -
1096 221 1169 250 LIB.
1191 220 1232 251 Il.

1751 224 1803 254 832
1812 226 1815 230 ’

171 280 262 308 ﬁcium
277 278 350 307 aliud
374 279 401 307 in
425 279 583 308 holocausta
613 280 708 308 arietis
737 279 868 315 praecepit
885 278 957 306 ﬁeri.
973 281 997 308 Δ
1045 278 1145 313 Aperte
1158 278 1217 305 haec
1227 279 1333 306 sanetio
1350 287 1445 306 eorum
1463 287 1523 314 quae
1538 279 1610 306 circa
1622 287 1672 306 nos
1686 285 1803 315 aguntur

171 325 324 354 Crueilixus
344 325 418 353 enim
427 326 546 353 mundus
559 330 587 353 et
600 326 762 353 renuntians
776 324 878 352 mundo
890 331 959 352 con-

172 372 300 404 versatio,
323 379 384 407 quae
405 376 447 399 est
471 373 670 405 holocaustum,
703 372 841 400 Christum
873 371 957 398 habet

171 417 315 452 primitias,
327 417 519 452 doctorumque
534 422 561 445 et
579 418 743 453 exemplum,
763 421 874 452 propter
888 416 961 451 quod

172 462 255 490 dixit:
277 461 328 494 Qui
346 470 397 488 non
417 463 514 497 accipit
540 471 652 495 crucem,
669 468 692 490 et
707 463 826 498 sequitur
841 470 891 494 me,
909 469 962 488 non

172 513 210 535 est
224 516 264 535 me
280 508 375 543 dignus
384 508 406 524 "
420 517 427 541 ;
444 508 469 535 id
486 513 537 540 est,
556 509 602 544 qui
613 509 652 536 sic
662 517 716 536 non
728 508 870 536 renuntiat
881 515 961 534 mun-

171 554 218 586 do,
234 553 303 581 sicut
314 561 329 580 a
343 561 386 581 me
402 553 426 580 ei
451 554 579 581 traditum
603 559 653 587 est,
681 555 732 582 hoc
749 559 792 582 est
811 554 883 582 enim
896 561 960 580 eum

172 598 262 633 sequi,
279 605 333 625 non
345 602 387 625 est
400 606 442 626 me
457 599 565 635 dignus.
581 598 634 626 Sed
647 599 726 634 cujus
735 599 773 627 rei
790 599 875 635 gratia
891 599 961 626 divi-

171 641 248 668 ditur
261 641 449 669 holocaustum
464 643 476 669 Ἰ

209 687 293 714 Pedes
319 692 408 714 autem
431 688 488 723 ejus
515 695 538 716 et
558 690 693 723 intestina,
725 690 783 718 sive
810 690 961 718 secundum

173 731 256 765 LXX,
277 738 373 766 venter,
392 733 525 762 lavantur.
549 735 740 771 interpretatio
757 736 962 764 holocautoma-

173 779 218 811 tis,
237 786 298 813 quae
317 779 344 806 in
358 779 438 807 initio
453 780 514 808 libri
527 781 596 809 iacta
611 786 663 814 est,
688 781 855 809 sulﬁcienter
870 782 962 817 exple-

172 824 233 851 vit:
257 825 330 859 quod
356 829 448 853 autem
464 826 591 854 immutat
617 827 651 855 de
676 827 820 860 sacriﬁcio,
840 827 893 854 hoc
912 834 962 854 nc-

171 870 293 897 cessarie
309 870 419 904 dicitur,
437 872 500 906 quia
518 872 554 899 ibi
577 873 686 908 quidem
701 879 791 908 partes
809 873 868 901 ﬁeri
882 873 962 900 obla-

171 916 278 943 tionum
295 916 370 949 dixit,
383 925 482 952 corpus
495 926 543 953 per
557 918 609 946 hoc
621 918 778 954 signiﬁcans
794 923 821 946 et
843 919 961 946 animam

170 961 273 988 debere
286 962 388 993 olIerri,
402 962 428 989 in
443 963 520 990 nobis
535 969 626 991 autem
647 964 687 991 hac
698 964 857 996 divisiones,
868 968 963 999 utpote

170 1014 234 1040 qua:
259 1006 311 1033 sibi
326 1007 444 1035 iuviccm
457 1013 520 1036 sunt
535 1011 690 1042 contrariaa,
713 1011 865 1038 secundum
887 1010 961 1045 quod

170 1051 274 1078 Paulus
288 1052 335 1085 ait,
350 1053 527 1081 nominantur
540 1054 580 1088 ”;
597 1054 625 1081 in
655 1055 766 1083 Christo
795 1060 887 1084 autem
907 1065 961 1084 non

171 1101 238 1124 sunt
247 1097 405 1131 divisiones,
420 1099 558 1126 hominem
571 1101 671 1136 quippe
679 1101 809 1129 mundum
824 1110 839 1129 a
851 1107 962 1137 peccato

172 1142 334 1170 incarnatus
349 1148 400 1176 est,
416 1143 461 1179 qui
476 1152 531 1171 non
542 1150 583 1172 est
598 1145 701 1173 divisus
720 1147 747 1173 in
761 1148 888 1182 operibus
903 1157 963 1175 car-

171 1186 228 1217 nis,
247 1186 346 1221 quibus
361 1187 521 1215 adversatur
536 1189 659 1224 spiritus,
679 1195 790 1226 propter
814 1192 886 1226 quod
912 1200 963 1222 nec

171 1232 338 1259 divisionum
350 1232 377 1260 in
393 1241 425 1260 eo
459 1234 592 1262 sacriﬁcio
619 1235 663 1262 lex
699 1236 858 1264 memoriam
886 1237 961 1265 fecit.

128 1275 133 1281 ’
173 1278 227 1305 Pro
243 1286 277 1306 eo
291 1283 381 1306 autem
407 1280 479 1314 quod
507 1280 622 1308 vitulum
644 1281 756 1316 quidem
784 1282 811 1309 in
838 1288 961 1318 peccato,

172 1323 287 1350 arietem
301 1328 391 1351 autem
409 1325 436 1352 in
452 1325 640 1353 holocaustum
654 1327 780 1356 sacerdos
791 1328 898 1362 oﬁ'eret,
911 1329 963 1357 hoc

172 1368 299 1396 absolute
314 1369 357 1396 les
370 1370 512 1406 signiﬁcat,
530 1376 559 1399 ut
571 1372 635 1407 quia
654 1374 825 1401 conversatio
840 1374 962 1409 perfecta

172 1421 224 1448 per
243 1414 469 1444 holocautomatis
498 1418 665 1446 oblationem
687 1420 870 1455 cognoscitur,
888 1421 962 1448 aries

170 1461 330 1488 necessario
342 1461 368 1488 in
383 1462 546 1490 sacriﬁcium
569 1464 698 1492 ollcratur
714 1474 722 1499 ;
741 1466 785 1493 hic
798 1467 898 1502 quippe
913 1467 964 1494 du-

172 1507 266 1530 catum
287 1504 408 1539 praebere
431 1506 528 1534 ovibus
542 1508 674 1536 euntibus
703 1510 731 1536 in
749 1518 858 1545 pascua,
884 1516 912 1538 et
930 1511 964 1539 ad

173 1556 315 1584 egressum
333 1550 537 1586 ingressumque
551 1561 565 1579 a
581 1554 676 1586 caulis,
693 1559 721 1582 ct
741 1555 766 1582 in
781 1556 873 1584 caulas
883 1557 963 1590 solet,

174 1594 244 1621 sicut
258 1599 285 1622 et
297 1595 422 1623 Christus
439 1597 493 1624 dux
507 1599 633 1632 perfecta:
646 1602 863 1630 conversationis
880 1608 932 1636 est,
948 1611 963 1631 a

173 1647 228 1674 quo
242 1640 493 1677 videlicctsumpsit
505 1644 657 1677 exordium,
674 1651 754 1681 atque
777 1647 839 1674 ideo
859 1647 963 1676 intrare

177 1693 226 1718 per
235 1693 275 1717 sc,
291 1689 318 1713 et
332 1687 406 1714 exire
421 1687 517 1715 ovibus
531 1689 715 1724 praecipiebat.

211 1730 292 1758 Vens.
308 1732 402 1760 22-29.
419 1733 524 1762 Obtulit
548 1740 576 1762 ct
602 1736 714 1764 arietem
741 1739 902 1772 secundum,
936 1741 962 1768 in

174 1779 410 1807 consecrationem
439 1782 632 1815 sacerdotum,
656 1791 859 1822 posueruutque
881 1796 964 1824 super

174 1827 256 1856 caput
266 1823 326 1856 ejus
335 1824 435 1857 Aaron,
447 1830 474 1852 et
485 1825 531 1852 ﬁlii
540 1826 599 1862 ejus
608 1835 705 1856 manus
715 1837 788 1858 suas.
800 1830 887 1864 Quem
900 1823 962 1861 cum

175 1867 342 1897 immolasset
369 1869 484 1906 Moyses,
504 1880 616 1900 sumens
631 1873 664 1901 de
698 1876 841 1911 sanguine,
877 1879 963 1914 tetigit

174 1918 327 1941 extremum
347 1916 476 1944 auricula:
488 1917 589 1946 dextra:
605 1918 696 1946 Aaron
716 1925 743 1948 et
763 1922 885 1956 pollicem
905 1932 962 1951 ma-

175 1966 226 1985 nus
242 1959 303 1994 ejus
317 1961 428 1992 dextra,
444 1962 570 1991 similiter
584 1968 611 1991 et
623 1966 698 1999 pedis
714 1966 812 1999 dextri,
829 1969 963 1997 obtulitet

175 2003 242 2031 ﬁlios
256 2005 356 2033 Aaron.
373 2007 495 2043 Cumque
506 2009 539 2036 de
554 2011 687 2044 sanguine
710 2011 804 2040 arietis
829 2013 961 2042 immolati

174 2050 306 2085 tetigisset
329 2056 480 2080 extremum
505 2055 634 2082 auriculm
663 2057 831 2092 singulorum
847 2059 960 2094 dextrae,

172 2098 198 2120 et
217 2095 328 2129 pollices
341 2105 436 2126 manus
452 2107 484 2126 ac
512 2100 588 2135 pedis
607 2101 707 2135 dextri,
744 2104 877 2139 reliquum
892 2105 962 2133 fudit

173 2146 255 2175 super
268 2141 353 2170 altare
367 2143 393 2170 in
416 2145 541 2173 circuitu.
559 2148 672 2183 Adipem
691 2157 754 2177 vero
779 2155 806 2178 et
834 2152 959 2185 caudam,

172 2192 337 2222 omnemque
347 2189 539 2224 pinguedinem
551 2201 612 2227 quae
629 2194 717 2228 operit
736 2195 874 2230 intestina,
896 2198 961 2225 reti-

171 2231 429 2268 culumquejecoris,
443 2241 468 2264 et
476 2237 545 2265 duos
556 2247 635 2267 renes
646 2247 706 2267 cum
714 2241 839 2276 adipibus
849 2243 916 2276 suis,
934 2248 961 2271 et

1011 324 1203 359 mysteriorum
1231 324 1343 359 exponit
1363 325 1550 358 traditionem,
1575 330 1603 352 et
1619 325 1718 360 pascha
1745 334 1804 360 my-

1011 368 1120 401 sticum,
1139 368 1211 403 quod
1223 369 1348 396 Christus
1370 378 1432 396 cum
1446 370 1588 405 discipulis
1603 370 1659 397 suis
1672 370 1802 401 comedit,

1011 414 1144 449 signiﬁcat
1156 415 1228 449 quod
1239 415 1334 442 docent
1346 423 1377 442 ea
1389 422 1448 449 qum
1460 423 1508 450 per
1522 421 1612 450 partes
1628 416 1655 442 in
1670 415 1803 443 sacriﬁcio

1011 461 1102 496 peragi
1116 461 1325 496 praecipiuntur.

1046 506 1144 534 Obtulit
1159 512 1183 534 et
1201 508 1309 534 arietem
1324 508 1465 534 secundum
1485 509 1511 534 in
1529 508 1803 535 consecrationcmsa-

1013 552 1155 578 rerdotum.
1164 551 1235 580 LXX
1245 557 1336 580 autem
1351 553 1436 580 edunt
1448 561 1454 578 :
1471 553 1571 580 Obtulit
1581 553 1680 588 Moyses
1692 553 1802 580 arietem

1012 597 1154 624 secundum
1168 597 1362 632 explicationis.
1382 598 1467 625 Recte
1491 606 1587 625 eorum
1610 599 1683 634 quod
1710 599 1736 625 in
1753 606 1803 626 nos

1013 642 1177 670 celebratum
1194 648 1236 670 est
1249 644 1416 679 mysterium,
1435 644 1599 672 sacriﬁcium
1612 645 1803 679 explicationis

1013 689 1185 724 appellatur;
1210 689 1300 724 ipsum
1319 690 1391 716 enim
1421 698 1471 717 nos
1502 689 1616 725 perfecit
1641 697 1704 717 cum
1729 690 1803 724 prius

1014 735 1158 761 fuissemus
1167 734 1265 761 inﬁrmi
1276 743 1282 767 ;
1293 739 1320 762 et
1331 735 1365 762 ab
1380 735 1539 770 imperfecta
1551 735 1629 762 lactis
1638 735 1800 762 educatione

1014 780 1151 815 produxit,
1164 780 1190 807 id
1204 784 1247 808 est
1265 780 1299 808 ab
1311 788 1342 807 ea
1358 788 1419 815 quae
1441 782 1467 807 in
1480 781 1538 816 lege
1551 785 1602 814 est,
1618 781 1651 808 de
1665 789 1716 815 qua
1731 780 1803 807 Pau-

1013 826 1056 853 lus
1069 825 1132 853 dicit
1146 835 1152 853 :
1169 825 1259 853 Omnis
1271 827 1340 857 enim
1354 827 1399 861 qui
1414 826 1490 853 lactis
1505 831 1543 853 est
1558 827 1700 862 particeps,
1712 835 1803 861 expers

1014 876 1050 898 est
1062 873 1189 899 sermonis
1205 872 1324 906 iustitite,
1342 872 1467 907 parvulus
1477 873 1544 899 enim
1554 877 1590 899 est
1601 872 1634 899 ‘°.
1646 872 1679 901 Et
1691 880 1801 900 rursus:

1014 916 1089 944 Nihil
1099 922 1186 944 autem
1198 918 1233 944 ad
1242 919 1385 953 perfectum
1402 919 1515 945 adduxit
1530 918 1582 951 lex,
1597 918 1804 945 subintrodurtio

1014 967 1102 989 autem
1126 962 1236 997 majoris
1259 963 1313 997 spei
1342 971 1399 998 qua:
1418 964 1482 990 data
1508 968 1555 997 est,
1573 964 1600 990 in
1625 963 1675 990 Itac
1700 971 1744 990 nos
1759 971 1804 998 spe

1014 1008 1148 1035 constituit
1166 1007 1199 1034 ⁸¹.
1229 1008 1421 1036 Verumtamen
1446 1009 1609 1037 sacriﬁcium
1640 1009 1692 1036 hoc
1717 1016 1798 1039 eam.

1014 1061 1073 1088 quae
1088 1053 1160 1080 dicta
1179 1058 1221 1081 est
1236 1054 1322 1089 major
1336 1062 1408 1089 spes,
1433 1063 1481 1090 per
1497 1062 1578 1090 quam
1605 1062 1714 1089 semper
1738 1062 1800 1089 pro-

1014 1099 1177 1134 pinquamus
1188 1100 1221 1127 ad
1237 1101 1410 1128 serviendum
1426 1101 1490 1133 Deo,
1508 1101 1605 1128 innuit.
1626 1101 1682 1128 Cur
1710 1104 1802 1127 autem

1014 1146 1095 1179 aries,
1109 1147 1245 1174 secundus
1266 1147 1311 1175 hic
1339 1155 1413 1174 nunc
1433 1147 1504 1175 aries
1525 1147 1706 1174 nominatur?
1735 1146 1802 1179 Quin

1015 1192 1138 1220 videlicet
1150 1192 1227 1227 prius
1240 1192 1383 1228 ﬁguratam
1401 1200 1491 1226 ovem,
1507 1201 1569 1220 cum
1597 1192 1727 1228 apostolis
1747 1199 1804 1219 cte-

1015 1245 1083 1265 nans
1102 1237 1234 1266 Dominus
1249 1243 1343 1274 postea
1364 1247 1443 1266 suum
1463 1239 1563 1266 obtulit
1588 1237 1762 1268 sacriﬁcium.
1776 1241 1805 1264 et

1014 1283 1135 1310 secundo
1152 1283 1223 1311 sicut
1247 1291 1326 1311 ovem
1341 1284 1399 1319 ipse
1413 1283 1592 1318 semetipsum
1608 1282 1719 1315 occidit,
1731 1282 1802 1316 quod

1014 1327 1202 1355 demonstrant
1216 1328 1368 1363 sequentia.

1051 1371 1249 1408 Posueruntque
1262 1373 1353 1400 Aaron
1363 1378 1386 1400 et
1401 1373 1450 1408 ﬁlii
1462 1382 1621 1408 ejusmanus
1641 1381 1702 1400 suos
1726 1381 1804 1408 super

1015 1422 1093 1453 caput
1100 1419 1167 1453 ejus.
1184 1418 1264 1450 Quem
1275 1427 1333 1445 cum
1344 1419 1503 1446 immolasset
1515 1419 1626 1453 Moyses.
1640 1417 1800 1446 Necessaria

1015 1463 1095 1491 simul
1112 1471 1173 1491 cum
1187 1464 1277 1491 Aaron
1292 1468 1319 1492 et
1346 1464 1392 1491 ﬁlil
1408 1464 1468 1499 ejus
1492 1471 1574 1498 super
1604 1468 1687 1498 caput
1710 1463 1804 1490 arietis

1015 1517 1113 1549 manus
1130 1509 1283 1545 imponunt,
1311 1510 1373 1545 quia
1398 1517 1573 1537 communem
1602 1517 1707 1536 Cinnam
1725 1508 1803 1535 l'esti-

1015 1555 1105 1582 vitatis
1120 1553 1259 1582 Paschalis
1283 1563 1344 1582 cum
1367 1555 1424 1582 suis
1440 1554 1565 1581 Christus
1578 1553 1717 1589 discipulis
1730 1553 1802 1581 eele~

1016 1601 1113 1629 bravit.
1126 1600 1195 1628 Cum
1215 1601 1289 1628 enim
1311 1601 1443 1635 quosdam
1463 1600 1658 1635 discipulorum
1682 1599 1715 1627 ad
1731 1607 1802 1634 prae-

1015 1645 1183 1681 parationem
1202 1646 1310 1678 domus,
1325 1646 1352 1673 in
1364 1654 1417 1681 qua
1434 1645 1538 1673 Pascha
1548 1645 1735 1673 eelebraturus
1744 1648 1804 1672 erat

1017 1682 1155 1725 dirigeret,
1172 1691 1211 1718 sic
1229 1691 1288 1719 ait:
1320 1691 1403 1718 Dicite
1424 1690 1615 1726 patrifamilias
1649 1691 1711 1726 quia
1736 1698 1796 1716 ma-

1014 1737 1096 1774 gister
1119 1737 1204 1763 dicit:
1224 1735 1271 1764 Ubi
1295 1741 1332 1763 est
1353 1737 1526 1763 diversorium
1556 1735 1599 1762 ubi
1619 1736 1717 1770 pascha
1744 1743 1804 1762 cum

1014 1781 1150 1816 discipulis
1178 1781 1242 1808 meis
1269 1781 1481 1808 manduccm“?
1508 1781 1560 1808 Sed
1585 1781 1689 1816 Moyses
1716 1780 1803 1808 sacri-

1014 1827 1105 1854 ﬁcium
1123 1827 1174 1855 hoc
1188 1827 1317 1859 celebrat.
1333 1828 1395 1862 quia
1413 1828 1497 1863 magis
1508 1828 1542 1855 ab
1559 1827 1618 1854 aliis
1630 1828 1687 1861 ipse
1699 1826 1802 1854 Christi

1014 1872 1125 1907 ﬁgurant
1138 1872 1216 1907 gerit.
1232 1872 1309 1899 Tunc
1317 1877 1408 1899 autem
1417 1872 1537 1899 maxime
1548 1872 1711 1899 sacriﬁcium
1721 1878 1802 1898 suum

1012 1917 1137 1944 Christus
1152 1917 1308 1950 celebravit,
1324 1918 1395 1945 unde
1408 1921 1434 1944 et
1450 1917 1516 1944 illud
1531 1917 1639 1952 incipit;
1653 1916 1715 1943 vide
1728 1916 1801 1943 enim

1013 1963 1166 1997 sequentia.

1048 2006 1130 2039 Quem
1146 2015 1205 2034 cum
1224 2007 1384 2034 immolasset
1409 2007 1520 2042 Moyses,
1546 2015 1652 2034 sumens
1680 2008 1711 2033 de
1737 2015 1801 2033 san-

1011 2053 1098 2088 guine,
1127 2053 1211 2088 tetigit
1226 2058 1370 2080 extremum
1392 2053 1519 2080 auriculis
1539 2053 1637 2079 dextris
1664 2051 1754 2079 Aaron
1777 2057 1802 2079 et

1011 2096 1130 2131 pollicem
1145 2105 1239 2124 manus
1252 2097 1308 2132 ejus
1319 2098 1418 2125 dextrw
1435 2098 1555 2124 similiter
1576 2102 1598 2124 et
1613 2098 1685 2132 pedis
1703 2098 1800 2129 dextri.

1012 2143 1104 2171 obtulit
1116 2149 1141 2170 et
1163 2143 1231 2178 ﬁlios
1256 2144 1355 2171 Aaron.
1379 2144 1494 2178 Cumque
1515 2148 1547 2171 de
1561 2145 1690 2180 sanguine
1710 2145 1801 2172 arietis

1012 2189 1141 2215 immolati
1166 2189 1289 2224 tetigisset
1315 2194 1458 2216 extremum
1488 2190 1616 2218 auricula:
1640 2191 1801 2226 singulorum

1011 2233 1109 2260 dextra:
1119 2239 1142 2260 et
1151 2234 1257 2268 pollices
1270 2243 1363 2261 manus
1373 2243 1403 2261 ac
1410 2235 1483 2269 pedis
1493 2236 1588 2267 dextri,
1597 2236 1724 2271 reliquum
1734 2237 1800 2270 fudit
1815 2247 1819 2252 ν

170 2285 247 2304 armo
259 2279 355 2307 dextro
382 2284 528 2316 suparavit.
550 2283 657 2312 Tollens
683 2291 774 2314 autem
789 2288 822 2315 de
840 2289 960 2317 canistro

1013 2286 1091 2312 super
1105 2278 1192 2305 altare
1215 2287 1261 2313 per
1274 2279 1424 2306 circuitum.
1450 2279 1516 2312 Quis
1527 2280 1562 2306 sit
1575 2280 1699 2307 sacriﬁcii
1719 2281 1800 2315 hujus

169 2328 418 2371 azymorum,quod
432 2333 489 2355 erat
503 2337 594 2357 coram
609 2330 732 2365 Domino,
746 2341 842 2368 panem
858 2336 961 2371 absque

170 2367 307 2397 fermento
321 2375 349 2398 et
361 2373 519 2408 collyridam
532 2382 707 2411 conspersam
732 2367 801 2412 oleo,
817 2367 961 2416 laganum-

169 2421 232 2449 que,
254 2416 346 2449 posuit
360 2425 442 2452 super
453 2420 556 2455 adipes,
579 2425 606 2449 et
623 2431 728 2450 armum
749 2425 886 2458 dextrum,
905 2432 961 2455 tra—

170 2459 236 2486 dens
251 2460 333 2487 simul
345 2463 437 2493 omnia
448 2464 538 2492 Aaron
551 2471 577 2493 et
593 2467 731 2502 ﬁliisejus.
747 2469 797 2502 Qui
812 2476 956 2506 postquam

170 2504 370 2534 levaveruntea
383 2515 473 2536 coram
501 2510 625 2544 Domino,
656 2521 762 2541 rursum
781 2504 906 2551 suscepta
923 2517 958 2545 de

170 2551 296 2579 manibus
308 2560 414 2585 eorum.
434 2555 551 2583 adolevit
577 2565 659 2592 super
685 2559 770 2587 alttre
792 2561 955 2594 holocausti,

170 2603 202 2623 co
223 2599 295 2632 quod
317 2602 532 2630 consecrationis
554 2609 626 2631 esset
651 2605 762 2637 oblatio,
789 2607 814 2634 in
842 2609 955 2636 odorem

171 2644 310 2672 suavitatis
337 2647 461 2675 sacriﬁcii
475 2649 592 2676 Domini.
618 2650 690 2678 Tulit
704 2657 731 2679 et
752 2655 954 2687 pectuscltlutn,

171 2687 277 2716 elevans
292 2690 356 2718 illud
371 2699 463 2720 coram
492 2694 615 2728 Domino,
635 2696 668 2723 de
698 2698 785 2726 ariete
808 2707 954 2732 consecra-

172 2733 252 2762 tionis
277 2737 304 2763 in
321 2744 426 2772 partem
439 2747 528 2774 suam,
555 2742 626 2770 sicut
656 2745 784 2779 pra-cepit
811 2745 835 2772 ei
863 2747 954 2774 Dolui-

172 2787 230 2808 nus.
249 2791 259 2808 ι

199 2869 220 2884 ⁸⁸
237 2871 433 2914 lﬁttlt.ux.n38_.
471 2876 493 2892 "
512 2876 649 2914 nomint,
669 2878 680 2904 ί
697 2887 772 2914 seqq.

173 2911 229 2938 xxv,
252 2907 294 2934 12.
333 2908 355 2924 ⁸⁵
371 2909 442 2938 Psal.
466 2919 557 2945 uris,
583 2913 608 2939 ὅ.

825 2881 845 2896 ³ο
862 2881 942 2909 llcbr.
960 2891 986 2916 v,
1003 2883 1044 2911 l5.
1081 2883 1101 2899 ’“
1116 2883 1198 2912 Hebr.
1215 2893 1259 2916 vn,
1281 2885 1320 2912 l9.

1012 2323 1135 2356 enectus,
1152 2324 1245 2352 unctio
1260 2325 1369 2352 aurium
1382 2331 1566 2357 et-mauuum,
1583 2326 1737 2360 pedumque
1751 2327 1813 2353 de-.

1013 2373 1144 2397 monstrat
1158 2379 1165 2397 :
1185 2378 1234 2405 pro
1244 2371 1396 2401 obedientia
1406 2372 1506 2407 quippe
1515 2376 1617 2402 nostra,
1629 2372 1701 2398 aelio
1715 2371 1797 2405 bona,

1010 2419 1091 2450 atque
1108 2417 1280 2444 conversatio
1291 2418 1454 2445 celebratur.
1472 2418 1550 2445 Unde
1560 2421 1587 2444 et
1602 2425 1681 2444 aures
1696 2422 1799 2444 nostra:

1010 2465 1158 2496 unguntur,
1196 2466 1225 2489 nt
1253 2462 1436 2490 inobedientia
1475 2463 1558 2490 Adam
1584 2467 1709 2490 carentes
1731 2461 1799 2490 Uni-

1010 2507 1093 2540 geniti
1109 2507 1292 2535 obedientiam
1321 2514 1533 2543 consequantur.
1551 2509 1614 2536 Past
1636 2509 1695 2536 hinc
1706 2512 1799 2535 extre-

1010 2560 1053 2579 ma
1068 2561 1197 2580 manuum
1221 2559 1359 2590 unguntur
1372 2559 1399 2582 et
1418 2555 1527 2589 pedum,
1552 2555 1614 2590 quia
1631 2562 1689 2582 non-
1710 2554 1800 2582 solum

1010 2606 1118 2630 manus,
1135 2599 1182 2626 sed
1196 2603 1223 2626 et
1235 2600 1317 2634 pedes
1334 2607 1384 2633 pro
1400 2601 1518 2627 actione-
1529 2601 1712 2635 accipiuntur,
1726 2599 1799 2634 quod

1010 2644 1140 2678 probatur
1163 2653 1196 2672 cx
1211 2653 1243 2672 eo
1268 2646 1340 2680 quod
1358 2646 1441 2673 David
1461 2646 1546 2673 dicit:
1564 2646 1613 2673 Pes
1632 2655 1705 2674 meus
1727 2647 1799 2673 stetit

1009 2691 1035 2716 in
1061 2691 1101 2717 via
1131 2692 1245 2718 recta”.
1268 2691 1298 2719 Et
1325 2699 1441 2719 rursus:
1457 2692 1557 2719 Statuit
1582 2701 1664 2727 supra
1695 2697 1799 2728 petram

1011 2737 1087 2767 pedes
1103 2743 1172 2761 meos
1183 2734 1215 2762 “.
1233 2735 1300 2768 Quia
1317 2741 1408 2763 autem
1423 2737 1546 2765 actiones
1562 2738 1692 2773 quasdam
1710 2737 1798 2764 bonas

1007 2781 1137 2816 quasdam
1147 2786 1238 2809 autem
1253 2783 1335 2809 malas
1351 2783 1492 2814 habemus,
1506 2787 1533 2810 et
1543 2783 1654 2819 ﬁgurato
1664 2782 1796 2809 malorum

1379 2885 1401 2901 "
1421 2885 1485 2913 Luc.
1505 2893 1570 2919 xxu,
1592 2885 1631 2914 ll.
1685 2886 1709 2902 "
1724 2884 1794 2914 Psal.
