2052 3146
185 189 239 222 883

790 191 971 222 HESYCHII
988 193 1182 224 PRESBYTE
1187 195 1226 224 RI

1769 190 1824 224 88!

185 248 296 277 sinistra
321 248 400 283 gerit,
415 252 491 274 recte
516 247 612 274 dextra
635 247 756 282 ungitur.
780 247 978 274 Confortantur
994 252 1013 279 Α
1029 258 1105 284 aqua:
1126 250 1183 284 ejus
1208 249 1297 284 ﬁdeles
1324 253 1395 281 sunt,
1420 256 1505 284 regem
1528 248 1556 275 in
1569 249 1660 274 decore
1681 255 1729 274 suo
1749 249 1825 274 nde-

189 296 262 322 cnim
270 302 300 321 ea
314 302 373 329 quae
382 297 530 329 unguntdr,
538 296 564 320 et
577 293 766 325 destruuntur,
781 297 863 327 atque
873 293 979 328 disper-

189 342 291 370 duntur
309 347 340 366 ea
366 347 427 374 qua:
439 342 494 366 ιιοιι
510 344 659 374 unguntur,
674 339 747 374 quod
763 343 855 373 aperte
866 339 980 366 demon-

189 393 257 415 strat
272 387 432 420 disperdens
447 385 592 421 Egyptum
607 385 731 420 angelus,
742 385 806 420 quia
827 385 871 411 ubi
890 385 983 412 unctio

190 433 320 460 immolati
346 431 546 464 inveniebatur,
578 438 633 458 non
663 431 842 466 percutiebat.
862 431 916 458 Sed
944 437 983 458 ta-

191 488 254 507 men
275 479 380 515 primus
406 480 534 506 sacerdos
554 479 685 514 sanguine
699 483 727 506 et
757 483 818 513 post
842 486 905 506 eum
934 477 981 506 ﬁlii

191 527 252 561 ejus
275 526 425 554 secundum
455 524 544 562 legem
571 526 760 562 ungebantur:
789 526 851 560 quia
873 530 900 552 et
926 525 984 560 ipse

192 572 324 601 Dominus
353 572 459 607 primus
488 571 517 599 in
545 579 623 599 ccena
652 571 757 598 mistica
789 568 984 606 intelligibilem

193 620 299 654 accepit
316 618 487 654 sanguinem,
509 622 590 653 atque
609 615 707 645 deinde
722 616 834 644 calicem
854 616 986 651 apostolis

195 666 278 694 dedit.
295 665 348 692 Sed
368 673 432 692 ecce
446 658 584 699 legislator
596 664 639 691 hic
652 668 714 698 post
724 663 881 691 unctionem
894 662 985 690 Aaron

196 717 224 740 et
243 712 371 742 ﬁliorutu,
383 709 503 738 subdidit
515 719 521 736 τ

233 758 270 785 De
280 758 408 792 sanguine
426 755 555 791 reliquam
568 755 634 791 fudit
646 764 724 790 super
735 755 821 782 altare
835 755 985 782 circuitum.

233 804 310 838 Quod
340 808 366 831 et
397 803 535 831 Christum
561 802 656 830 iecisse
690 802 866 836 invenimus;
890 801 987 829 bibens

200 851 273 878 enim
303 850 372 884 ipse,
400 853 428 876 ct
450 848 579 883 apostolis
596 848 690 875 bibere
705 848 781 879 dans,
806 852 871 875 tunc
886 847 987 874 intelli-

201 896 308 932 gibilem
335 894 493 930 sanguinem
518 900 600 928 super
621 893 727 925 altare,
752 890 882 919 videlicet
907 899 987 920 suum
1004 913 1026 946 Β

348 938 367 946 ne:
394 938 421 946 |-.
453 938 470 946 1‘
548 945 551 946 ν
577 945 580 946 ν
601 941 660 946 νιγκν
686 937 715 946 lll
730 937 786 946 i'AI'
802 935 918 946 Ιτλκ1.,ἔΔ
939 940 975 946 Α..

202 948 311 976 corpus,
328 938 434 966 effudit.
451 938 557 972 Corpus
573 941 664 964 autem
685 937 787 963 Christi
802 935 922 964 Ecclesia
936 940 987 967 est,

202 991 230 1014 et
255 985 343 1013 omnis
367 982 444 1020 plebs
472 983 548 1018 ejus,
577 983 649 1018 quod
676 981 831 1017 specialiter
854 980 990 1008 dicentem

202 1032 322 1059 Murcum
337 1031 491 1058 invenimus
505 1041 510 1057 ;
527 1027 691 1058 Etsumcus,
708 1029 811 1063 gratias
826 1035 904 1062 agens
919 1023 989 1053 dedit

203 1080 258 1106 eis:
273 1084 297 1105 et
321 1078 437 1105 biberunt
456 1085 488 1103 ea:
504 1085 534 1103 eo
549 1083 648 1105 omnes,
675 1079 699 1101 et
721 1072 786 1101 dixit
807 1074 844 1100 eis
861 1081 869 1100 :
894 1072 943 1100 llic
957 1077 993 1099 est

203 1125 312 1160 sanguis
326 1132 396 1151 meus
412 1123 471 1150 naui
491 1122 651 1152 testamenti,
671 1120 714 1155 qui
732 1128 780 1155 pro
795 1118 885 1146 multis
902 1119 995 1153 eﬂ‘usus

204 1169 279 1197 est".
296 1168 344 1195 His
355 1167 524 1195 conveniunt
540 1174 571 1193 ea
586 1173 647 1200 qua)
664 1166 833 1199 sequuntur:

239 1225 350 1257 Adipem
376 1227 464 1249 autent
487 1226 511 1248 et
534 1221 659 1251 caudam,
688 1226 842 1253 omnemque
858 1217 996 1252 pinguedi-

206 1278 265 1298 nem
288 1276 346 1304 qua:
367 1268 450 1301 operit
472 1266 606 1297 intestina,
631 1263 822 1298 reticulumque
839 1263 947 1298 jecoris,
973 1267 997 1290 et

206 1316 271 1342 duos
294 1321 368 1340 renes
387 1321 444 1339 cum
460 1310 583 1346 adipibus
605 1310 671 1342 suis,
694 1314 717 1336 et
731 1316 807 1336 armo
824 1308 915 1334 dextro
926 1314 1000 1340 sepa-

206 1362 288 1390 ravit.
309 1359 361 1387 Pro
382 1358 467 1386 cauda
491 1356 564 1384 LXX
588 1355 715 1386 lumbum,
740 1357 769 1381 et
792 1361 842 1388 pio
859 1353 998 1386 intestinis,

207 1405 389 1437 uentriculum,
406 1409 433 1432 et
448 1411 498 1438 pro
513 1401 622 1430 reticulo
637 1401 747 1435 jecoris.
767 1399 877 1433 pinnam
899 1398 1000 1433 Itepatis

209 1452 364 1480 ediderunt.
388 1449 474 1484 Cujus
496 1452 588 1475 autem
614 1446 673 1474 haec
696 1445 809 1480 ﬁguram
834 1447 950 1482 gerunt,
974 1443 1001 1470 in

210 1497 320 1526 salutari
347 1495 495 1527 sacriﬁcio,
516 1501 564 1521 seu
591 1491 783 1528 paciﬁcorum,
813 1497 862 1525 per
897 1489 1002 1524 singula

210 1545 363 1572 dis'cussum
378 1547 430 1569 est.
441 1541 501 1569 Non
516 1540 617 1567 frustra
631 1542 723 1566 autem
735 1545 767 1564 ea
780 1544 856 1564 nunc
873 1535 899 1563 in
915 1535 1002 1562 ariete

211 1588 457 1618 consummationis
492 1589 699 1617 commemorat,
731 1583 780 1611 sed
810 1583 873 1617 quia
903 1580 1005 1609 Christi

213 1635 359 1671 mysticum
378 1633 495 1665 Pascha,
510 1635 538 1659 et
553 1638 649 1658 eorum
670 1628 824 1664 perceptio,
839 1627 874 1655 ad
888 1627 1004 1655 salutem

215 1680 357 1708 hominum
380 1676 515 1713 provenit,
543 1676 644 1711 quibus
668 1675 811 1703 doctorum
837 1671 1007 1708 superadm-

216 1733 280 1754 care
294 1724 448 1760 sequentia,
461 1722 548 1750 nostri
566 1720 688 1757 mysterii
706 1723 843 1756 praeparat
856 1719 954 1747 virtus.

253 1769 354 1797 Tollens
386 1773 474 1795 autem
498 1767 530 1794 de
553 1766 667 1793 canistro
682 1772 845 1800 azymorum,
869 1764 938 1799 quod
952 1766 1030 1797 erat'

218 1823 308 1843 coram
331 1814 451 1845 Domino,
477 1820 572 1847 panem
592 1811 688 1846 absque
709 1811 846 1845 fermento,
865 1815 889 1836 et
904 1808 1010 1843 collyri-

220 1863 283 1891 dam
297 1869 463 1896 conspersum
474 1860 540 1890 oleo,
551 1859 738 1894 laganumque.
749 1856 801 1883 Pro
814 1855 931 1882 canistro
947 1862 1012 1888 azy—

222 1916 337 1940 morum,
356 1906 428 1935 LXX
443 1906 587 1934 canistrum
609 1902 842 1932 consummationis
856 1900 1011 1928 ediderunt.

222 1953 275 1982 Per
297 1952 445 1980 canistrum
480 1954 571 1978 autem
602 1946 863 1978 consummationis.
894 1945 1014 1980 linguam

223 1998 331 2026 Domini
351 1995 526 2031 intelligimus
540 2003 547 2027 ;
575 1994 632 2021 sola
655 1993 756 2028 quippe
771 1990 935 2027 praecipuam
951 1997 1014 2024 per-

225 2043 375 2078 lectamque
399 2041 551 2069 doctrinam
579 2037 739 2066 introduxit.
758 2035 872 2070 Propter
886 2033 958 2069 quod
975 2032 1016 2060 di-

225 2090 318 2118 cebat:
345 2089 405 2116 Non
426 2087 483 2114 veni
504 2086 602 2113 solvere
626 2084 716 2119 legem,
730 2083 775 2110 sed
797 2080 956 2116 implere“;
972 2083 1016 2106 ut-

226 2141 291 2173 pote
312 2136 370 2170 ipse
390 2134 508 2169 implens
524 2139 585 2167 quae
606 2131 697 2159 minus
713 2133 791 2157 erant
805 2128 833 2155 in
858 2127 926 2163 lege.
944 2126 1018 2153 Bene

228 2186 318 2208 anteiit
343 2187 402 2207 eam
422 2185 450 2206 Cl.
471 2178 632 2209 canistrum,
653 2180 708 2203 tam
723 2178 834 2210 propter
861 2176 1018 2200 contextum

229 2227 363 2254 dictorum
390 2224 506 2255 vocavit,
533 2231 594 2250 cum
619 2221 702 2249 multa
717 2220 745 2248 in
758 2218 895 2255 parabolis
908 2217 1017 2249 dixerit,

1031 296 1135 322 bunt“.
1161 295 1282 332 Apostoli
1308 298 1400 322 autem
1424 294 1534 322 uberius
1555 294 1697 328 exponunt
1719 291 1824 320 Chi-isti

1032 342 1209 377 mysterium,
1233 339 1306 369 unde
1328 343 1379 368 nee
1403 340 1549 376 laganum,
1576 347 1629 367 nec
1651 338 1822 374 collyridam,

1032 394 1118 422 panes
1141 392 1234 414 autem
1257 387 1398 419 docti-inae,
1429 387 1525 421 utpote
1543 385 1630 421 magis
1655 385 1822 416 nutrientes,

1033 433 1171 461 dicuntur.
1196 433 1271 466 Quos
1296 433 1369 460 enim
1386 432 1537 460 secundum
1553 431 1600 458 hic
1627 429 1698 458 LXX
1714 431 1748 458 de
1764 431 1827 467 oleo

1034 485 1118 513 panes
1131 478 1346 513 appellaverunt,
1369 477 1418 505 hos
1431 476 1580 504 secundum
1599 476 1649 503 hos
1667 476 1741 510 ipsos
1754 475 1826 502 LXX

1035 525 1179 560 collyridas
1193 525 1220 552 in
1240 523 1402 559 seenopegia
1415 523 1564 550 canistrum
1582 521 1827 550 consummationis

1035 579 1186 607 exponens.
1203 571 1275 606 quod
1301 570 1486 606 accipiebatur
1503 569 1529 596 in
1549 568 1679 595 unctione
1700 568 1829 595 sacerdo-

1037 617 1081 650 tis,
1099 616 1236 653 legislator
1256 615 1410 651 appellavit,
1428 623 1476 650 per
1493 614 1650 649 collyridam
1671 612 1829 649 signiﬁcans

1036 664 1103 698 legis
1122 663 1271 698 eloquium.
1291 662 1430 695 Quantum
1444 665 1536 688 autem
1557 659 1695 695 collyridae
1708 659 1827 686 deterio-

1036 716 1081 736 res
1102 713 1166 736 sunt
1188 708 1315 743 panibus,
1333 705 1400 734 nulli
1418 709 1460 734 est
1475 705 1599 733 dubium.
1616 705 1694 732 Unde
1716 709 1829 740 aposto-

1036 754 1124 781 lorum
1137 760 1286 783 sermones,
1301 749 1495 786 prophetarum
1510 755 1538 778 et
1551 750 1619 786 legis
1632 755 1832 785 prmponuntur

1037 798 1229 826 sermonibus:
1252 797 1315 832 quia
1340 797 1470 832 majorem
1494 798 1677 830 perceperunt
1703 795 1830 830 gratiam,

1039 843 1076 870 i'a
1096 847 1127 870 ut
1144 842 1244 869 Paulus
1261 842 1365 870 diceret
1379 850 1385 867 :
1404 840 1496 867 Posuit
1513 840 1581 867 Deus
1595 840 1622 866 in
1641 839 1759 867 Ecclesia
1772 841 1830 875 pri-

1040 897 1111 916 mum
1144 888 1285 923 apostolos,
1316 887 1407 914 deinde
1435 886 1615 921 prophetas”.
1650 886 1755 913 Deinde
1781 885 1832 920 ipsi

1044 939 1105 970 post
1128 934 1310 969 evangelicam
1330 933 1512 965 traditionem,
1535 932 1715 960 introducuiit
1732 930 1835 959 Christi

1044 981 1180 1016 mysteria,
1195 979 1371 1007 introducunt
1385 984 1488 1011 autent,
1504 977 1570 1013 legis
1587 977 1837 1012 prophetarumque

1044 1029 1153 1053 utentes
1185 1024 1361 1052 testimoniis.
1386 1022 1499 1056 Propter
1524 1022 1596 1057 quod
1622 1021 1662 1049 eis
1686 1022 1834 1058 collyridae,

1045 1076 1072 1099 et
1095 1071 1191 1105 lagona
1211 1069 1292 1097 simul
1312 1069 1434 1104 subjecta
1458 1071 1532 1100 sunt,
1558 1070 1586 1094 et
1608 1066 1765 1101 conjuncta.
1781 1066 1836 1094 Sed

1045 1115 1110 1151 quid
1125 1115 1168 1142 his
1181 1115 1291 1150 adjiciat
1305 1112 1489 1141 intendamus.

1082 1160 1172 1189 Posuit
1191 1169 1270 1195 super
1298 1160 1400 1194 adipem
1415 1160 1439 1186 et
1454 1167 1560 1185 orntum
1575 1157 1708 1191 dextrum,
1729 1158 1839 1185 tradens

1046 1207 1125 1235 simul
1141 1206 1230 1234 omnia
1246 1206 1335 1233 Aaron
1355 1213 1386 1232 ac
1399 1205 1462 1240 [iliis
1477 1205 1545 1240 ejus.
1561 1204 1629 1232 lllud
1644 1204 1687 1232 lex
1702 1208 1842 1231 contesta-

1048 1258 1103 1285 tur,
1116 1253 1178 1287 quia
1201 1259 1283 1279 omne
1304 1250 1483 1283 desiderium,
1510 1257 1676 1285 omnemque
1703 1249 1840 1276 actionem

1048 1300 1149 1327 bonam
1163 1297 1254 1326 otl‘erri
1273 1297 1402 1333 mysterio
1418 1297 1453 1324 sit
1466 1303 1589 1329 necesse,
1606 1296 1628 1324 si
1645 1300 1734 1323 tamen
1749 1294 1790 1323 vis
1809 1295 1843 1322 il-

1048 1345 1094 1372 lud
1110 1344 1260 1372 seCundum
1275 1343 1320 1370 Dei
1335 1343 1515 1370 intentionem
1543 1342 1666 1378 legisque
1691 1341 1840 1376 suscipere.

1052 1390 1104 1418 Sed
1116 1394 1143 1417 et
1157 1388 1315 1425 praedictum
1328 1396 1446 1424 sequens
1459 1387 1597 1420 ordinem,
1612 1387 1649 1414 ait
1662 1395 1669 1414 :

1087 1434 1203 1462 Tradens
1222 1434 1301 1461 simul
1324 1433 1413 1460 omnia
1436 1433 1525 1460 Aaron
1544 1433 1657 1468 ﬁliisque
1681 1433 1748 1467 ejus.
1765 1432 1846 1460 Prius

1053 1480 1187 1516 siquidem
1213 1479 1339 1507 Christus
1354 1486 1402 1506 sua
1418 1478 1546 1513 mysteria
1561 1477 1712 1509 inchoavit,
1736 1481 1763 1504 et
1780 1480 1846 1503 tunc

1055 1535 1087 1554 ea
1111 1527 1200 1558 nobis,
1221 1525 1267 1561 qui
1290 1524 1354 1553 facti
1370 1533 1465 1552 sumus
1487 1524 1533 1552 ﬁlii
1557 1524 1617 1560 ejus
1640 1531 1688 1558 per
1708 1523 1847 1550 lavacrum

1058 1571 1274 1609 regenerationis
1286 1571 1404 1598 tradidit.

1093 1618 1127 1645 Et
1139 1618 1288 1644 levaverunt
1301 1625 1331 1643 ea
1348 1624 1438 1643 coram
1456 1615 1578 1643 Domino.
1595 1615 1686 1650 Ipsum
1702 1613 1774 1641 enim
1790 1621 1848 1648 my-

1058 1663 1183 1696 sterium,
1208 1663 1281 1697 quod
1304 1661 1383 1689 nobis
1409 1659 1529 1693 tradidit,
1554 1660 1606 1688 hoc
1624 1668 1684 1687 cu."
1702 1667 1751 1687 sua
1764 1665 1849 1686 carne

1059 1709 1086 1736 in
1102 1708 1186 1737 caelos
1204 1707 1315 1735 levavit.
1334 1707 1433 1735 Dicens
1456 1711 1547 1734 autem
1571 1706 1669 1733 levavit
1684 1713 1743 1732 eam
1758 1712 1850 1731 coram

1062 1754 1187 1787 Domino,
1202 1753 1312 1780 modum
1335 1760 1389 1788 quo
1408 1751 1537 1779 obtulerit
1553 1752 1602 1784 eis,
1629 1751 1675 1786 qui
1691 1755 1750 1786 post
1767 1749 1850 1777 futuri

1061 1803 1149 1832 erant,
1166 1799 1305 1835 exposuit,

1100 1846 1264 1881 Rursumque
1286 1848 1405 1879 suscepta
1422 1843 1453 1870 de
1477 1842 1598 1870 manibus
1623 1850 1724 1875 eorum,
1740 1841 1854 1870 adolevit

1063 1901 1142 1927 super
1160 1892 1245 1919 altare
1264 1888 1409 1918 holocausti
1426 1897 1455 1917 eo
1476 1889 1545 1924 quod
1567 1889 1769 1916 consecrationis
1790 1894 1854 1916 esset

1065 1938 1164 1966 oblatio
1178 1938 1205 1964 in
1220 1938 1327 1965 odorem
1339 1936 1478 1964 suavitatis
1489 1934 1614 1970 sacriﬁcii
1633 1934 1747 1962 Domini.
1765 1935 1857 1962 Altare

1067 1984 1229 2016 holocausti,
1247 1983 1348 2011 Christi
1361 1989 1462 2017 corpus
1477 1981 1588 2013 dicitur,
1604 1981 1651 2009 sed
1666 1985 1694 2008 et
1708 1981 1775 2008 odor
1792 1989 1857 2008 sua--

1066 2030 1208 2062 \‘issimus,
1233 2028 1268 2057 de
1288 2027 1399 2056 Christo
1415 2028 1487 2055 enim
1502 2031 1598 2062 aperte
1611 2027 1637 2053 in
1652 2026 1773 2053 Canticis
1791 2034 1859 2053 can-

1068 2077 1185 2104 ticorum
1206 2074 1327 2102 dicitur:
1359 2074 1522 2109 Unguentum
1548 2072 1656 2107 effusum
1691 2076 1727 2098 est
1766 2079 1860 2097 nomen

1070 2126 1154 2154 tuum,
1168 2125 1304 2155 propterea
1325 2117 1525 2146 adolescentulo:
1539 2117 1685 2144 dilexerunt
1703 2121 1728 2142 te
1736 2116 1769 2142 ⁸⁵.

1105 2166 1236 2202 Saeriﬁéii
1253 2166 1367 2193 Domini.
1385 2165 1415 2193 ιιι
1434 2169 1475 2192 est
1490 2162 1614 2192 sacriﬁcii
1636 2167 1664 2191 et
1689 2162 1862 2190 holocausto<

1072 2214 1163 2242 matis.

231 2272 268 2300 ξω
291 2276 322 2299 ιη
343 2270 427 2299 ιυςιπί
451 2252 505 2297 nm“
529 2268 619 2297 omnia
643 2252 835 2302 ἰηιθιιῑεθὶθηι,
858 2271 939 2299 quam
954 2263 1019 2298 quia
1037 2267 1058 2295 υ
1107 2256 1179 2285 Sicut
1201 2256 1335 2283 mandavit
1357 2254 1494 2282 Dominus.
1522 2254 1581 2289 ipse
1611 2252 1683 2280 enim
1713 2252 1863 2280 mandavit.

231 2318 365 2347 ferculum
392 2315 603 2353 quodammodo,
628 2318 656 2341 et
676 2319 770 2340 mensa
785 2311 868 2339 totius
888 2309 1020 2337 doctrinae

232 2369 300 2394 erat.
325 2363 393 2398 Quia
421 2370 485 2398 ergo
508 2359 640 2389 rationale
663 2362 723 2387 erat
745 2356 915 2393 mysterium,
941 2360 968 2383 et
990 2362 1021 2382 ea

233 2417 294 2445 quae
317 2409 482 2440 eﬁiciuntur,
510 2415 544 2434 ex
567 2405 673 2433 ratione
695 2403 859 2434 subsistunt,
890 2405 965 2429 recte
990 2400 1024 2428 de

234 2454 354 2482 canistro
377 2451 632 2482 consummationis,
651 2450 678 2478 id
691 2453 744 2480 est.
760 2448 794 2476 de
810 2447 900 2482 lingua
914 2454 962 2475 sua
978 2453 1024 2481 pa—

235 2508 299 2528 nem
330 2500 471 2535 mysticum
500 2498 637 2534 proponit.
675 2495 819 2529 Quomodo
846 2498 938 2521 autem
964 2499 1027 2520 eum

237 2545 366 2581 proponit
386 2544 504 2580 panem?
527 2542 637 2578 Absque
660 2541 806 2572 fermento,
829 2543 857 2566 et
871 2537 1027 2573 collyridam

238 2598 412 2626 conspersam
435 2590 506 2622 oleo,
527 2589 554 2617 id
583 2592 626 2617 est
658 2587 834 2622 apostolicam
862 2584 1027 2615 doctrinam,

239 2636 408 2672 legalemque
422 2639 449 2663 et
464 2634 662 2670 propheticam.
677 2632 731 2660 Lex
747 2631 820 2659 enim
836 2635 865 2658 et
879 2628 1028 2665 prophetas,

240 2687 269 2710 et
292 2681 406 2717 apostoli
430 2681 491 2716 ejus
513 2679 672 2708 memoriam
695 2677 810 2708 faciunt,
837 2676 881 2703 lex
907 2674 1030 2710 quidem,

242 2728 338 2756 dicens
360 2737 365 2755 :
392 2728 444 2755 Hic
467 2730 505 2753 est
531 2725 607 2760 panis
629 2732 704 2759 quem
725 2723 796 2751 dedit
814 2722 885 2749 vobis
905 2720 1033 2748 Dominus

243 2774 418 2803 comedere".
444 2772 588 2808 Propheta:
603 2775 711 2798 autem:
739 2769 818 2797 Panis
837 2768 860 2795 ci
878 2767 995 2797 dabitur,
1011 2769 1036 2792 et

282 2878 305 2895 “
315 2877 397 2906 Marc.
417 2885 472 2909 xiv,
488 2876 534 2908 23,
548 2875 594 2902 2i.
632 2872 764 2909 “Matth.
785 2880 811 2905 v,
830 2871 872 2898 l7.
912 2869 933 2885 "
954 2867 1040 2897 Exod.
1056 2874 1109 2899 tm,
1129 2866 1171 2893 15.
1213 2864 1234 2880 δ’
1251 2863 1302 2890 lsa.
1334 2870 1430 2893 xxxiii,
1464 2860 1505 2894 16,
1528 2859 1570 2888 l7.

248 2914 271 2932 ’θ
286 2913 364 2943 Cant.
377 2921 396 2948 ι,
413 2913 440 2941 2.
466 2907 499 2930 l"
514 2911 524 2940 Ι
542 2910 603 2939 Cor.
622 2907 722 2944 Σ1,ἳ6.

1069 2303 1329 2337 Quotiescunque/ioc
1341 2301 1436 2333 bibitis,
1446 2305 1556 2327 mortem
1571 2299 1676 2326 Domini
1689 2299 1715 2326 in
1726 2299 1866 2326 vobismet-

1072 2350 1135 2386 ipsis
1152 2348 1308 2376 annuntiate
1317 2349 1351 2375 ¹¹.

1109 2395 1179 2423 Tulit
1195 2399 1218 2422 et
1240 2393 1429 2430 pectuseulum,
1447 2392 1550 2419 elevans
1565 2391 1631 2418 illud
1645 2398 1734 2417 coram
1754 2389 1868 2417 Domino

1075 2440 1107 2468 de
1120 2440 1201 2467 ariete
1216 2437 1427 2466 consecrationis.
1445 2435 1498 2464 Seu
1515 2435 1665 2463 secundum
1684 2434 1755 2461 LXX
1770 2444 1777 2461 :
1796 2433 1869 2461 Con-

1076 2485 1261 2514 summationis
1289 2485 1317 2511 in
1339 2488 1441 2519 partem
1462 2489 1548 2513 suam,
1579 2480 1646 2507 sicut
1670 2485 1830 2515 praeceperat
1847 2479 1871 2506 ei

1078 2531 1216 2558 Dominus.
1238 2529 1315 2558 Sicut
1333 2529 1361 2556 in
1382 2526 1515 2556 sacriﬁcio
1531 2526 1717 2561 paciﬁcorum,
1733 2533 1780 2552 seu
1797 2524 1873 2552 salu-

1080 2577 1129 2605 tari
1148 2576 1348 2613 pectusculum,
1363 2575 1402 2602 sic
1412 2577 1440 2601 et
1455 2573 1500 2600 hic
1521 2571 1646 2604 odertur,
1662 2571 1757 2606 utique
1771 2570 1874 2598 intelli-

1080 2624 1154 2660 gibili
1172 2623 1265 2658 Moysi,
1281 2622 1307 2651 id
1323 2625 1365 2649 est
1376 2620 1485 2649 Christo
1500 2617 1691 2654 pectusculum
1704 2616 1798 2643 arietis
1807 2623 1876 2643 con-

1085 2659 1263 2701 secrationis,
1287 2675 1336 2695 seu
1359 2663 1604 2694 consummationis
1624 2666 1786 2697 separatur,
1811 2659 1877 2695 quia

1086 2723 1136 2751 per
1167 2713 1365 2750 pectusculum,
1393 2710 1459 2738 ﬁdes
1489 2713 1517 2737 et
1541 2707 1707 2738 conﬁdentia
1733 2705 1877 2742 ﬁguratur,

1088 2750 1160 2790 sicut
1172 2761 1275 2797 pridem
1298 2759 1427 2788 diximus.
1444 2757 1512 2784 Cum
1537 2760 1628 2783 autem
1643 2753 1729 2788 ipsius
1744 2751 1778 2779 sit
1793 2750 1879 2778 sacri-

1623 2858 1644 2874 “
1658 2857 1668 2884 I
1685 2856 1748 2884 Cor.
1764 2862 1815 2887 ιιι,
1832 2851 1880 2880 $8.
