2052 3146
141 201 194 235 885

710 201 752 232 IN
771 201 991 232 LEVITICUM.
1016 213 1048 220 —
1068 200 1142 231 LIB.
1164 201 1205 231 Il.

1725 204 1778 235 886

141 260 245 292 ﬁcium,
270 267 384 288 necesse
407 263 450 288 est
471 262 502 288 ut
516 262 544 288 et
557 259 624 288 ﬁdes
638 258 701 295 ipsi,
713 267 775 294 qua:
791 259 818 286 in
833 267 866 286 eo
880 263 933 291 est,
949 261 972 290 Α
986 259 1076 286 Aaron
1094 264 1122 287 et
1138 258 1186 286 ﬁlii
1202 259 1262 295 ejus
1286 259 1433 286 comedent
1447 266 1507 287 eos.
1526 259 1664 295 Quidquid
1686 266 1779 290 autem

141 307 298 342 deputetur.
329 306 469 334 Assumeus
497 314 557 342 erga
584 309 754 340 unguentum,
783 309 808 332 et
826 305 936 340 sangui-

143 361 201 381 nem
213 353 259 388 qui
279 357 337 379 erat
351 353 379 379 in
393 353 486 383 altari.
499 353 611 387 aspersit
623 360 701 387 super
715 351 805 378 Aaron
821 356 845 378 et
856 351 921 378 vesti
926 366 934 371 ‹

143 404 231 426 menta
259 399 317 432 eius
341 403 365 426 et
393 407 471 433 super
489 399 558 433 ﬁlios
589 398 655 432 ejus,
679 407 711 425 at:
735 402 816 425 vestes
836 405 936 424 eorum.

143 444 261 480 Cumque
277 445 467 478 sanctiﬁcasset
489 452 531 471 eos
546 444 573 470 in
587 444 683 471 uestitu
699 452 756 470 suo.
779 442 858 476 Quod
869 441 937 469 Uni-

143 489 227 524 geniti
243 488 364 523 sanguis,
392 493 421 515 et
435 489 528 515 unctio
550 488 678 523 Spiritus,
703 488 786 515 unius
801 487 857 514 sint
871 494 938 521 ope-

145 534 258 561 rationis
267 539 347 569 atque
356 535 479 566 virtutis,
492 539 520 562 et
535 534 617 561 nimis
635 538 709 560 recte
724 533 815 560 oleum
830 533 939 561 unctio-

145 581 198 612 nis,
214 585 243 607 et
257 581 416 616 sanguinem
432 580 536 612 altaris,
554 580 581 608 id
598 584 650 611 est,
666 579 800 607 Dominici
815 579 939 614 corporis

147 626 286 661 legislator
307 626 427 658 unxerit,
449 626 512 654 audi
528 626 662 654 Joannem
691 626 849 654 dicentem:
877 626 939 653 Tria

145 677 206 699 sunt
227 681 286 708 qua:
301 673 478 699 testimonium
507 673 634 708 prwbcnt,
660 677 685 699 et
706 678 757 699 tres
772 681 853 699 unum
867 676 938 705 sunt,

146 717 273 752 Spiritus,
288 719 406 753 sanguis,
421 723 444 745 et
460 719 569 754 aqua".
601 718 691 746 Unum
707 718 781 746 enim
811 718 940 746 eﬁ‘ectum

147 764 373 791 Sanctiﬁcationis
389 764 500 791 habent.
519 764 630 791 Multum
643 768 718 791 recte
732 768 835 792 vestem
849 765 941 792 Aaron

147 809 182 835 ab
200 808 280 835 stolis
296 808 412 835 ﬁliorum
433 809 524 836 Aaron
539 809 581 836 lex
597 809 743 844 separavit.
759 809 826 836 Nam
843 810 892 837 etsi
907 809 942 837 ad

147 853 329 881 imitationem
357 854 466 882 Domini
495 859 611 887 vestem,
636 855 683 890 qui
708 855 742 882 ab
760 863 793 882 eo
821 855 942 890 adoptati

148 907 256 932 sumus,
272 900 414 932 habemus,
431 908 527 928 verum
542 905 632 928 tamen
648 904 781 936 quantum
804 901 941 936 pontiﬁcis

989 305 1123 340 reliquum
1148 304 1231 332 fuerit
1253 304 1286 332 de
1298 312 1379 332 carne
1392 309 1420 332 et
1434 304 1468 332 de
1484 305 1612 340 panibus,
1626 305 1698 341 ignis
1712 315 1779 335 cou-

988 351 1079 378 sumit.
1105 350 1143 378 De
1174 351 1243 378 ostio
1271 358 1380 386 quoque
1408 350 1578 378 tabernaculi
1599 359 1655 378 non
1671 352 1780 379 exibitis

989 399 1093 430 septem
1121 395 1219 424 diebus
1246 404 1333 431 usque
1356 396 1390 423 ad
1414 396 1486 423 diem
1513 403 1567 431 quo
1594 396 1780 432 complebitur

990 445 1098 475 tempus
1110 440 1325 469 consecrationis
1347 445 1455 468 vestrae.
1473 440 1584 475 Septem
1596 442 1669 469 enim
1684 442 1788 470 diebus.

990 483 1083 511 ﬁnitur
1100 485 1282 518 consecratio,
1309 485 1382 512 sicut
1401 490 1429 513 et
1456 485 1484 512 in
1507 487 1652 523 praesentia
1678 487 1780 514 factum

990 534 1042 562 est,
1066 534 1097 558 ut
1116 531 1185 558 ritus
1204 531 1329 559 sacriﬁcii
1357 532 1550 566 compleretur.
1579 533 1627 560 Die
1650 541 1682 561 ac
1700 539 1782 561 nocte

991 576 1137 603 tnanebitis
1165 577 1192 604 in
1224 577 1400 605 tabernaculo
1427 578 1606 606 observantes
1644 580 1782 607 custodias

991 620 1109 654 Domini,
1136 630 1171 650 ne
1194 622 1369 656 moriamini;
1388 623 1427 651 sic
1443 623 1517 651 enim
1533 624 1600 651 mibi
1616 629 1782 660 pra-ceptum

991 672 1042 695 est.
1075 667 1263 704 Fecerunlque
1293 669 1384 697 Aaron
1408 674 1436 697 et
1455 670 1503 697 ﬁlii
1526 670 1586 706 ejus
1603 676 1700 699 cuncta
1723 680 1784 707 qua:

991 713 1121 748 praecepit
1137 713 1269 741 Dominus
1293 723 1341 749 per
1355 723 1464 742 manum
1481 715 1574 751 Moysi.
1594 726 1603 742 ι

1028 757 1168 795 Prtecipua
1198 768 1272 787 nunc
1300 760 1439 796 legislator
1472 761 1615 796 providit,
1638 762 1784 790 discrevit-

993 812 1046 840 que
1062 806 1200 840 mysteria,
1216 812 1243 834 et
1259 807 1407 843 ﬁguraliter
1423 816 1472 843 per
1490 816 1521 836 ea
1544 816 1604 844 quae
1618 817 1693 836 nunc
1716 817 1785 836 con—

995 851 1139 886 templatus
1154 856 1213 883 est,
1239 853 1359 885 tradidit,
1386 853 1456 880 intra
1482 853 1631 881 Ecclesium
1660 862 1692 881 ea
1720 862 1783 888 pcr-

995 895 1038 923 lici
1059 900 1086 923 et
1106 896 1262 925 nullatenus
1290 898 1465 934 profanorum
1489 900 1583 927 usibus
1614 904 1642 928 et
1674 901 1786 928 auribus

148 945 259 973 diﬂcrat
279 946 374 978 vestis,
400 954 449 981 per
473 947 611 974 anteriora
631 947 787 983 didicimug'
813 951 860 974 aut
956 945 976 972 Β
991 941 1133 976 publicari,
1156 951 1207 970 nec
1217 944 1328 971 cuilibet
1354 945 1456 972 volenti
1483 945 1646 980 profanandi
1663 953 1694 973 οε
1724 953 1785 973 €556

149 992 194 1025 sit,
212 995 241 1020 et
257 1000 338 1028 quam
361 986 512 1028 multiplex.
540 992 671 1021 Tunicam
689 992 762 1020 enim
786 991 858 1019 illam
875 991 944 1019 dixit

150 1038 253 1065 habere
274 1038 509 1073 superhumerale,
533 1042 562 1066 et
576 1038 719 1072 rationale,
740 1039 814 1066 unde
830 1043 903 1066 recte
918 1043 945 1066 et

149 1091 225 1112 nunc
242 1084 383 1119 pluraliter
398 1085 565 1111 nominatur.
580 1085 619 1112 Ea
634 1089 728 1112 autem
740 1092 801 1120 quae
816 1088 859 1112 est
873 1084 944 1112 ﬁlio-

150 1138 214 1157 rum
237 1130 339 1162 Aaron,
362 1130 413 1157 etsi
442 1130 588 1158 uniformis
612 1134 654 1157 est
680 1129 781 1162 tunica,
807 1136 898 1157 tamen
916 1133 944 1157 et

152 1175 209 1210 ipsa
227 1179 278 1203 est.
300 1175 352 1202 Sed
374 1175 437 1210 quia
463 1175 564 1202 multas
578 1175 693 1203 virtutes
707 1182 762 1202 una
778 1174 881 1207 tunica,
895 1182 945 1202 seu

151 1220 222 1248 stola
248 1220 341 1252 habet,
363 1220 465 1247 Christi
480 1220 553 1247 enim
568 1220 659 1248 tunica
682 1220 740 1248 sive
753 1221 833 1253 stola,
848 1228 901 1255 qua
917 1220 946 1248 hi

152 1268 199 1302 qui
223 1267 259 1295 ab
290 1275 324 1295 eo
360 1267 434 1294 uncti
474 1272 548 1300 sunt,
583 1267 735 1295 induuntur
770 1268 945 1303 adoptionem

152 1314 266 1346 habere,
291 1313 525 1347 incorruptionem
559 1313 670 1346 habere,
698 1318 726 1340 et
756 1313 783 1340 in
810 1313 886 1341 cmlis
901 1321 946 1341 re-

153 1358 258 1393 quiem,
282 1363 310 1386 et
323 1358 374 1385 alia
389 1358 451 1385 talia
465 1357 647 1393 cognoscitur.
664 1361 808 1392 propterea
825 1357 947 1392 appella-

156 1409 201 1431 tur
223 1405 315 1431 tunica
342 1404 399 1431 sive
424 1403 503 1435 stola,
527 1403 590 1430 licet
605 1411 659 1430 una
678 1403 714 1430 sit
727 1403 862 1430 omnium.
879 1402 946 1435 Qui-

154 1459 258 1486 cunque
284 1451 353 1477 enim
369 1450 396 1476 in
415 1450 516 1477 Christo
538 1450 668 1485 baptizati
691 1457 791 1482 sumus,
815 1449 948 1477 Christum

155 1497 244 1523 induti
269 1496 400 1523 sumus”.
424 1495 478 1523 Sed
506 1500 595 1523 tamen
620 1499 733 1530 propter
751 1495 950 1523 abundantiam

156 1543 303 1574 donorum,
316 1551 376 1577 qua:
393 1550 426 1569 cx
444 1550 475 1569 ea
491 1546 556 1569 sunt
576 1541 727 1577 pluraliter,
746 1541 904 1568 nominatur
920 1544 949 1568 et

156 1589 240 1616 nimis
263 1594 346 1620 recte,
364 1594 475 1624 propter
489 1588 630 1616 veritatem
644 1596 706 1623 quae
718 1587 745 1614 in
759 1595 791 1615 ca
806 1587 946 1623 ﬁguratur.
962 1608 984 1638 ε

158 1632 293 1668 Figurans
320 1641 381 1660 eam
406 1633 503 1666 forma,
519 1633 578 1660 sine
594 1633 767 1661 districtione
786 1633 853 1666 acri,
876 1634 948 1661 viam

158 1687 220 1714 quae
247 1679 274 1706 in
295 1687 327 1706 ea
350 1684 402 1711 est,
422 1680 632 1714 przetermitterc
653 1679 768 1714 cogitur.
791 1679 860 1706 Ecce
876 1679 950 1707 enim

159 1733 222 1753 cum
236 1725 382 1754 uniformis
395 1726 431 1753 sit
443 1726 544 1758 tunica,
560 1726 617 1753 sive
631 1725 700 1752 stola
717 1725 833 1752 ﬁliorum
848 1726 950 1759 Aaron,

159 1771 259 1799 multas
285 1776 391 1802 tamen,
412 1776 440 1799 et
461 1779 513 1798 non
537 1779 618 1798 unam
643 1771 762 1798 tunicam
785 1771 951 1799 nominavit.

160 1817 190 1844 Si
203 1822 296 1852 autem
308 1817 503 1852 intelligibilem
515 1817 677 1844 sanctiﬁcari
692 1816 780 1845 Aaron
793 1817 951 1852 aspersione

160 1863 303 1898 sanguinis
332 1867 360 1890 et
385 1863 436 1890 olei
465 1862 661 1898 cognovimus,
697 1871 752 1891 non
784 1863 952 1902 admiremur

162 1908 233 1942 quod
248 1907 351 1935 dictum
368 1913 418 1939 est,
442 1908 499 1943 ipse
515 1908 588 1935 enim
604 1909 731 1936 Christus
748 1910 781 1937 ad
798 1910 953 1938 sanctiﬁca-

163 1953 267 1979 tionem
297 1957 428 1984 nostram,
445 1953 602 1988 aspersione
629 1955 729 1988 proprii
749 1955 890 1988 sanguinis
910 1955 952 1982 vi-

163 1996 272 2028 delicet,
302 1998 458 2031 passionem
474 2005 551 2025 suam
578 2007 627 2033 pro
640 1999 722 2025 nobis
743 1999 852 2027 obtulit.
874 2000 954 2028 Unde

164 2041 233 2069 ﬁlios
249 2042 340 2069 Aaron
356 2048 383 2069 et
400 2043 506 2070 tunicas
523 2050 572 2070 seu
588 2044 671 2071 stolas
687 2051 748 2070 cum
773 2043 863 2071 Aaron
884 2044 954 2072 dixit

164 2087 338 2120 sanctiﬁcari,
355 2089 417 2123 quia
434 2096 603 2124 quaecunque
626 2089 653 2116 in
676 2089 755 2116 nobis
779 2089 953 2125 contingunt,

165 2134 199 2161 ad
215 2141 290 2166 eum,
312 2138 342 2160 ut
358 2139 439 2169 caput
460 2134 564 2162 scilicet
584 2134 667 2162 totius
687 2134 809 2170 corporis
825 2143 954 2163 necessa-

167 2179 206 2206 rio
220 2179 400 2207 reducuntur.
415 2179 455 2207 Ad
472 2179 660 2215 probationem
673 2183 765 2206 autem
780 2187 877 2207 eorum
892 2188 954 2215 quae

167 2225 238 2253 dicta
264 2229 339 2258 sunt,
368 2226 474 2253 Domini
501 2233 640 2253 sumamus
663 2225 768 2258 verba;
796 2233 859 2253 cum
882 2226 956 2253 enim

994 985 1162 1014 facultatem.
1176 987 1254 1015 Unde
1267 988 1330 1023 quia
1354 984 1558 1016 tabernaculum
1575 988 1722 1016 testimonii
1738 988 1786 1015 Dei

994 1030 1092 1059 etclam
1107 1040 1177 1065 esse,
1194 1034 1292 1060 atrium
1304 1039 1395 1061 autem
1411 1034 1579 1062 tabernaculi
1595 1034 1677 1069 hujus
1693 1033 1787 1061 Eccle-

995 1078 1075 1111 siam,
1101 1079 1164 1114 quia
1182 1079 1238 1114 ipsa
1262 1084 1304 1107 est
1319 1086 1382 1108 ante
1398 1080 1459 1108 coeli
1484 1081 1624 1108 introitum
1644 1081 1785 1119 collocata,

996 1123 1054 1158 ipsa
1084 1124 1235 1152 Jerusalem
1263 1125 1365 1160 quippe
1387 1126 1506 1153 caelestis
1529 1130 1603 1153 tenet.
1629 1126 1785 1161 imaginem,

996 1170 1066 1197 sicut
1091 1170 1156 1197 olim
1179 1171 1370 1206 przediximus,
1391 1172 1465 1199 intus
1483 1172 1510 1199 in
1533 1179 1644 1199 carnem
1659 1171 1786 1199 sacriﬁcii

996 1216 1074 1253 coqui
1089 1217 1228 1252 pratcepit.
1245 1217 1288 1245 Ait
1304 1217 1375 1245 enim
1390 1226 1397 1245 :

1035 1261 1162 1297 Prtecepit
1175 1264 1211 1290 eis
1226 1264 1313 1291 dicens
1326 1271 1335 1290 :
1351 1263 1458 1299 Coquite
1472 1272 1564 1290 carnes
1579 1269 1641 1291 ante
1657 1265 1725 1299 fores
1746 1268 1789 1290 tu-

997 1309 1144 1341 bcrnaculi,
1161 1314 1185 1337 et
1197 1310 1234 1337 ibi
1248 1310 1377 1337 comedite
1388 1319 1443 1338 eas.
1461 1310 1503 1343 Et,
1514 1311 1695 1338 sicutaddunt
1708 1310 1788 1342 LXX,

998 1356 1025 1382 in
1052 1356 1108 1384 loco
1134 1362 1236 1384 sancto.
1267 1357 1315 1386 Est
1343 1362 1434 1386 autem
1458 1358 1536 1386 locus
1559 1363 1672 1386 sanctus
1693 1359 1791 1391 altare,

998 1400 1035 1428 ibi
1058 1401 1130 1429 enim
1156 1402 1272 1430 Sanctus
1297 1407 1453 1430 sanctorum
1472 1403 1628 1438 requiescit.
1654 1403 1708 1431 Sed
1725 1404 1792 1438 quid

999 1446 1122 1475 addidit?
1538 1448 1543 1453 ’

1034 1491 1068 1518 Et
1092 1491 1131 1519 ibi
1143 1493 1254 1519 comedit
1273 1501 1328 1520 eas.
1348 1487 1434 1520 Panes
1453 1501 1555 1528 quoque
1577 1494 1791 1526 consecrationis,

1000 1535 1069 1567 sive,
1092 1538 1122 1562 ut
1149 1535 1222 1563 LXX
1238 1536 1333 1569 edunt,
1357 1541 1381 1563 et
1403 1545 1484 1571 panes
1503 1537 1793 1572 qtti,suntin.canistro

1001 1583 1243 1615 consummationis,
1257 1583 1334 1615 edite,
1351 1584 1418 1610 sicut
1434 1584 1557 1618 prwcepit
1575 1584 1637 1611 milii
1650 1584 1791 1612 Dominus.

1001 1626 1093 1653 Aaron
1112 1631 1136 1654 et
1158 1626 1208 1661 lilii
1228 1627 1285 1662 ejus
1307 1628 1440 1655 comedent
1455 1636 1507 1655 eos.
1524 1627 1668 1660 Quomodo
1686 1637 1751 1664 ergo
1765 1630 1791 1656 in

1001 1673 1044 1700 his
1066 1681 1126 1701 non-
1148 1673 1308 1702 admirauda
1333 1674 1368 1701 sit
1391 1674 1524 1709 sapientia
1541 1674 1676 1709 spiritus?
1692 1675 1793 1703 nullam

1001 1720 1103 1756 quippe
1127 1720 1295 1748 dubietatem
1312 1721 1468 1756 hujusmodi
1484 1721 1635 1749 intellectui
1652 1721 1768 1756 deliquit
1787 1731 1794 1750 ς

1001 1770 1147 1800 propterea
1163 1773 1260 1793 carnes
1283 1773 1345 1793 cum
1361 1766 1477 1800 panibus
1493 1767 1599 1793 comedi
1618 1767 1794 1802 praecipiens,

1003 1817 1033 1838 ut
1046 1820 1096 1839 nos
1112 1811 1338 1847 intelligeremus,
1363 1811 1429 1838 illud
1449 1812 1484 1839 ab
1497 1819 1530 1839 co
1548 1813 1709 1847 mysterium
1730 1812 1796 1844 diei,

1003 1855 1075 1893 quod
1091 1857 1172 1885 simul
1191 1858 1278 1892 panis,
1293 1862 1321 1884 et
1339 1865 1403 1884 caro
1415 1861 1465 1888 est.
1483 1857 1553 1884 sicut
1576 1865 1676 1892 corpus
1693 1858 1797 1885 Christi

1004 1904 1082 1938 panis
1102 1903 1167 1934 vini,
1186 1903 1232 1938 qni
1258 1903 1291 1930 (lc
1309 1902 1378 1930 coelo
1402 1901 1554 1929 descendit.
1582 1902 1696 1937 Propter
1723 1903 1797 1936 quod

1004 1949 1069 1976 lilia:
1093 1949 1243 1976 secundum
1262 1948 1332 1975 LXX
1352 1947 1512 1980 editionem,
1528 1956 1626 1975 carnes
1643 1955 1732 1978 mane,
1749 1956 1798 1982 pa-

1004 2003 1054 2022 nes
1071 2001 1160 2022 autem
1183 1994 1288 2029 chperi
1309 1993 1468 2021 deferebant
1489 1994 1562 2021 corvi
1578 2001 1708 2028 superne,
1725 2001 1796 2028 pra:-

1005 2041 1123 2077 ﬁgururc
1150 2041 1202 2068 hoc
1234 2040 1394 2076 mysterium
1422 2039 1539 2067 Domino
1566 2040 1694 2067 volente:
1722 2039 1796 2074 quod

1005 2087 1080 2114 intus
1100 2090 1208 2122 oportet
1238 2085 1266 2113 in
1294 2084 1425 2118 Ecclesia,
1447 2084 1475 2111 in
1503 2085 1562 2112 loco
1578 2088 1684 2116 sancto,
1703 2083 1728 2111 id
1743 2087 1795 2116 est,

1006 2133 1039 2160 ad
1056 2133 1141 2160 altare
1160 2132 1241 2167 coqui
1253 2136 1281 2159 et
1293 2131 1418 2159 comedi:
1445 2129 1509 2158 alibi
1531 2139 1596 2158 vero
1611 2137 1796 2166 nequaquam.

1006 2178 1123 2214 Propter
1157 2177 1230 2212 quod
1270 2177 1369 2204 Paulus
1405 2176 1558 2204 Corinthiis
1593 2176 1796 2212 praecipiebat.

1009 2223 1226 2252 Convenientibus
1250 2227 1339 2249 autem
1359 2222 1429 2248 vobis
1448 2222 1476 2248 in
1496 2230 1587 2253 unum,
1610 2222 1671 2256 jam
1691 2230 1742 2249 non
1762 2226 1799 2249 est

168 2270 366 2306 cruciﬁgendus
390 2275 464 2299 esset
484 2279 534 2306 pro
553 2269 641 2302 nobis,
669 2271 726 2299 haec
747 2271 799 2298 sub
824 2272 956 2299 orationis
972 2280 996 2309 ι)
1012 2270 1175 2297 Dominicam
1193 2277 1293 2296 caenam
1320 2268 1480 2295 manducare
1498 2276 1507 2294 :
1534 2268 1710 2303 unusquisque
1732 2268 1801 2294 enim

169 2316 272 2349 forma,
298 2318 332 2344 ad
350 2317 537 2345 instruendam
561 2317 742 2345 obedientiam
772 2318 957 2353 apostolorum

169 2364 255 2391 dixit:
271 2363 345 2391 Sicut
363 2372 403 2391 me
422 2364 492 2390 misit
504 2363 586 2391 Pater
601 2364 628 2390 in
640 2362 775 2396 mundum,
795 2369 819 2391 et
831 2372 877 2399 ego
896 2363 959 2391 misi

170 2417 210 2436 eos
231 2410 260 2436 in
280 2410 416 2442 mundum,
440 2415 464 2436 ct
478 2418 525 2444 pro
540 2410 576 2436 eis
596 2418 642 2444 ego
665 2409 799 2444 sancti/ito
822 2410 958 2444 meipsum,

171 2460 198 2482 ut
238 2456 290 2482 sint
326 2461 351 2482 et
381 2455 431 2489 ipsi
467 2455 626 2490 sancti/irati
653 2455 680 2481 in
707 2454 859 2482 veritate”.
890 2454 961 2491 Ergo

171 2505 266 2535 aperte
280 2501 525 2528 sanct'ﬁcationem
548 2500 710 2528 sacriﬁcium
725 2497 798 2535 quod
815 2508 865 2536 pro
881 2501 961 2529 nobis

172 2547 291 2579 obtulit,
321 2554 355 2575 ex
383 2555 436 2582 quo
465 2552 492 2575 et
523 2546 601 2574 nobis
627 2543 805 2575 sanctiﬁcatio
834 2547 960 2582 proﬁcit,

173 2592 332 2628 appellavit.

210 2638 290 2666 Vens.
322 2638 418 2666 Eii-36.
447 2648 457 2664 ι
486 2638 612 2674 Cumque
639 2638 834 2666 sanctiﬁcasset
859 2646 906 2666 eos
935 2639 964 2666 in

175 2685 273 2712 vestitu
302 2692 353 2712 suo
380 2685 576 2719 praecepitreis
600 2684 693 2712 dicens
706 2692 717 2711 ε.
742 2683 856 2718 Coquite
870 2691 966 2712 carnes

175 2735 237 2759 ante
261 2731 335 2758 fores
356 2731 532 2763 tabernaculi,
555 2735 583 2758 et
597 2731 634 2758 ibi
651 2730 784 2758 comedite
803 2738 859 2757 eas.
877 2730 966 2758 Panes

176 2785 283 2813 quoque
305 2778 518 2806 consecrationis
546 2778 635 2810 edite,
664 2777 710 2812 qui
745 2777 824 2812 positi
852 2780 916 2805 sunt
939 2777 966 2804 in

178 2826 296 2854 canistro
328 2825 399 2853 sicut
424 2825 555 2861 precepit
582 2824 648 2852 mihi
676 2825 819 2858 Dominus,
845 2825 966 2852 dicens:

1011 2324 1089 2343 suam
1108 2324 1208 2343 mnam
1232 2315 1368 2350 praesumit
1384 2315 1419 2341 ad
1442 2314 1667 2342 manducandum.
1683 2313 1716 2340 Et
1733 2313 1802 2340 alius

1012 2362 1119 2396 quidem
1139 2358 1231 2393 esurit,
1249 2361 1318 2389 alius
1333 2366 1422 2388 autem
1444 2360 1530 2387 ebrius
1550 2365 1596 2387 est.
1615 2358 1742 2395 Nunquid
1754 2360 1800 2386 do.

1014 2417 1069 2436 mos
1085 2417 1138 2436 non
1154 2409 1255 2435 habetis
1264 2408 1299 2435 ad
1308 2407 1523 2434 manducandum
1537 2411 1563 2434 et
1582 2405 1732 2438 bibendum,
1756 2410 1801 2431 aut

1017 2456 1160 2484 Ecclesium
1185 2455 1235 2482 Dei
1266 2455 1448 2490 despicitis"?
1474 2453 1508 2482 Et
1533 2454 1585 2482 hoc
1609 2453 1682 2485 ideo,
1698 2456 1729 2479 ut
1746 2452 1802 2480 illic

1015 2502 1139 2530 absolute
1158 2501 1270 2537 mystica
1291 2509 1368 2529 caena
1383 2501 1495 2528 (inheret
1510 2499 1652 2528 celebrari.
1669 2499 1761 2526 Aaron
1777 2502 1804 2525 et

1017 2546 1063 2575 ﬁlii
1088 2547 1147 2582 eius
1166 2547 1231 2574 illud
1244 2552 1318 2574 recte
1339 2546 1498 2580 comedunt,
1514 2546 1569 2573 nisi
1585 2545 1660 2573 enim
1677 2544 1804 2571 Christus

1018 2590 1127 2628 rogatus
1151 2600 1200 2620 ore
1225 2592 1407 2625 sacerdotum,
1435 2592 1493 2626 ipse
1521 2591 1625 2619 venerit
1648 2594 1675 2617 et
1697 2596 1805 2617 caenam

1018 2638 1281 2670 sanctiﬁcaveritea,
1298 2646 1358 2673 qum
1373 2642 1500 2674 aguntur,
1524 2637 1681 2664 nullatenus
1702 2635 1806 2663 sacriﬁ-

1018 2686 1092 2714 cium
1106 2684 1276 2712 Dominicum
1291 2684 1369 2711 ﬁunt.
1387 2684 1441 2712 Sed
1464 2684 1516 2711 hoc
1527 2683 1600 2719 quod
1615 2683 1750 2717 reliquum
1766 2676 1809 2708 est

1019 2732 1053 2760 de
1070 2731 1208 2764 carnibus,
1233 2736 1261 2759 et
1280 2731 1406 2766 panibus,
1423 2731 1450 2758 in
1465 2731 1526 2766 igne
1540 2729 1647 2758 incendi
1665 2727 1806 2763 praecepit.

1020 2777 1097 2812 Quod
1113 2786 1187 2805 nunc
1205 2777 1331 2805 videmus
1352 2777 1434 2804 etiam
1459 2775 1625 2804 sensibilitcr
1644 2774 1671 2801 in
1688 2773 1807 2815 Ecclesia

1022 2824 1090 2858 ﬁeri,
1117 2824 1225 2860 ignique
1241 2823 1310 2851 tradi
1339 2830 1509 2858 quaecunque
1525 2828 1669 2850 remanere
1684 2818 1806 2855 contige-

214 2912 236 2928 "
251 2913 353 2942 lJoan.
369 2922 395 2945 v.
413 2913 440 2941 8.
478 2914 501 2930 "
518 2911 714 2944 Galat.111,2'l.
751 2913 774 2929 ”
788 2912 866 2940 Joan.
883 2921 947 2946 xvn,
967 2913 1006 2946 l8,
1027 2913 1066 2940 19.
1103 2912 1125 2929 "
1141 2910 1224 2939 lCor.
1242 2917 1280 2943 ιι,
1296 2908 1391 2937 20-22.
