  <div class='ocr_page' id='page_1' title='image "/cluster/home/n/w/nwhite01/storage/ocr_20150623/93/njp.32101077772836/503.png"; bbox 0 0 2052 3146; ppageno 0'>
   <div class='ocr_carea' id='block_1_1' title="bbox 222 169 275 201">
    <p class='ocr_par' dir='ltr' id='par_1_1' title="bbox 222 169 275 201">
     <span class='ocr_line' id='line_1_1' title="bbox 222 169 275 201; baseline 0 0"><span class='ocrx_word' id='word_1_1' title='bbox 222 169 275 201; x_wconf 76' lang='lat'><strong>837</strong></span> 
     </span>
    </p>
   </div>
   <div class='ocr_carea' id='block_1_2' title="bbox 823 166 1260 198">
    <p class='ocr_par' dir='ltr' id='par_1_2' title="bbox 823 166 1260 198">
     <span class='ocr_line' id='line_1_2' title="bbox 823 166 1260 198; baseline -0.002 -1"><span class='ocrx_word' id='word_1_2' title='bbox 823 167 1004 198; x_wconf 79' lang='lat' dir='ltr'><strong>HESYCHll</strong></span> <span class='ocrx_word' id='word_1_3' title='bbox 1024 166 1260 197; x_wconf 81' lang='lat' dir='ltr'><strong>PRESBYTERI</strong></span> 
     </span>
    </p>
   </div>
   <div class='ocr_carea' id='block_1_3' title="bbox 1810 162 1864 195">
    <p class='ocr_par' dir='ltr' id='par_1_3' title="bbox 1810 162 1864 195">
     <span class='ocr_line' id='line_1_3' title="bbox 1810 162 1864 195; baseline 0.019 -1"><span class='ocrx_word' id='word_1_4' title='bbox 1810 162 1864 195; x_wconf 75' lang='lat'><strong>883</strong></span> 
     </span>
    </p>
   </div>
   <div class='ocr_carea' id='block_1_4' title="bbox 222 223 1864 262">
    <p class='ocr_par' dir='ltr' id='par_1_4' title="bbox 222 223 1864 262">
     <span class='ocr_line' id='line_1_4' title="bbox 222 223 1864 262; baseline -0.005 -7"><span class='ocrx_word' id='word_1_5' title='bbox 222 227 472 262; x_wconf 77' lang='lat' dir='ltr'><strong>ritinconsumpta,</strong></span> <span class='ocrx_word' id='word_1_6' title='bbox 494 234 550 254; x_wconf 87' lang='lat' dir='ltr'><strong>non</strong></span> <span class='ocrx_word' id='word_1_7' title='bbox 572 226 686 254; x_wconf 73' lang='lat' dir='ltr'><strong>ortiuino</strong></span> <span class='ocrx_word' id='word_1_8' title='bbox 702 234 733 253; x_wconf 82' lang='lat' dir='ltr'><strong>ea</strong></span> <span class='ocrx_word' id='word_1_9' title='bbox 750 234 810 261; x_wconf 77' lang='lat' dir='ltr'><strong>quze</strong></span> <span class='ocrx_word' id='word_1_10' title='bbox 831 233 885 253; x_wconf 87' lang='lat' dir='ltr'><strong>una</strong></span> <span class='ocrx_word' id='word_1_11' title='bbox 900 226 955 258; x_wconf 80' lang='lat' dir='ltr'><strong>die,</strong></span> <span class='ocrx_word' id='word_1_12' title='bbox 975 225 1017 253; x_wconf 80' lang='lat' dir='ltr'><strong>vel</strong></span> <span class='ocrx_word' id='word_1_13' title='bbox 1031 227 1054 255; x_wconf 80' lang='grc' dir='ltr'>Α</span> <span class='ocrx_word' id='word_1_14' title='bbox 1068 233 1158 258; x_wconf 86' lang='lat' dir='ltr'><strong>suam,</strong></span> <span class='ocrx_word' id='word_1_15' title='bbox 1169 224 1376 260; x_wconf 77' lang='lat' dir='ltr'><strong>reprehendens</strong></span> <span class='ocrx_word' id='word_1_16' title='bbox 1399 223 1524 251; x_wconf 85' lang='lat' dir='ltr'><strong>dicebat:</strong></span> <span class='ocrx_word' id='word_1_17' title='bbox 1550 223 1645 250; x_wconf 75' lang='lat' dir='ltr'><strong>Omnes</strong></span> <span class='ocrx_word' id='word_1_18' title='bbox 1660 226 1785 257; x_wconf 86' lang='lat' dir='ltr'><strong>quotquot</strong></span> <span class='ocrx_word' id='word_1_19' title='bbox 1802 226 1864 248; x_wconf 67' lang='lat' dir='ltr'><strong>ante</strong></span> 
     </span>
    </p>
   </div>
   <div class='ocr_carea' id='block_1_5' title="bbox 223 271 1014 307">
    <p class='ocr_par' dir='ltr' id='par_1_5' title="bbox 223 271 1014 307">
     <span class='ocr_line' id='line_1_5' title="bbox 223 271 1014 307; baseline -0.004 -6"><span class='ocrx_word' id='word_1_20' title='bbox 223 273 343 305; x_wconf 87' lang='lat' dir='ltr'><strong>duabus,</strong></span> <span class='ocrx_word' id='word_1_21' title='bbox 376 277 423 300; x_wconf 84' lang='lat' dir='ltr'><strong>aut</strong></span> <span class='ocrx_word' id='word_1_22' title='bbox 444 272 658 300; x_wconf 82' lang='lat' dir='ltr'><strong>multis‘servata</strong></span> <span class='ocrx_word' id='word_1_23' title='bbox 677 277 760 305; x_wconf 85' lang='lat' dir='ltr'><strong>sunt;</strong></span> <span class='ocrx_word' id='word_1_24' title='bbox 778 271 850 300; x_wconf 86' lang='lat' dir='ltr'><strong>sicut</strong></span> <span class='ocrx_word' id='word_1_25' title='bbox 867 272 942 299; x_wconf 88' lang='lat' dir='ltr'><strong>enim</strong></span> <span class='ocrx_word' id='word_1_26' title='bbox 967 279 1014 307; x_wconf 89' lang='lat' dir='ltr'><strong>ap-</strong></span> 
     </span>
    </p>
   </div>
   <div class='ocr_carea' id='block_1_6' title="bbox 223 316 1014 354">
    <p class='ocr_par' dir='ltr' id='par_1_6' title="bbox 223 316 1014 354">
     <span class='ocr_line' id='line_1_6' title="bbox 223 316 1014 354; baseline -0.004 -8"><span class='ocrx_word' id='word_1_27' title='bbox 223 323 310 354; x_wconf 87' lang='lat' dir='ltr'><strong>paret,</strong></span> <span class='ocrx_word' id='word_1_28' title='bbox 333 325 388 345; x_wconf 93' lang='lat' dir='ltr'><strong>non</strong></span> <span class='ocrx_word' id='word_1_29' title='bbox 405 317 457 344; x_wconf 89' lang='lat' dir='ltr'><strong>hoc</strong></span> <span class='ocrx_word' id='word_1_30' title='bbox 482 317 619 353; x_wconf 72' lang='lat' dir='ltr'><strong>legislator</strong></span> <span class='ocrx_word' id='word_1_31' title='bbox 632 318 772 354; x_wconf 70' lang='lat' dir='ltr'><strong>prmccpit,</strong></span> <span class='ocrx_word' id='word_1_32' title='bbox 798 318 848 345; x_wconf 87' lang='lat' dir='ltr'><strong>sed</strong></span> <span class='ocrx_word' id='word_1_33' title='bbox 861 318 933 352; x_wconf 90' lang='lat' dir='ltr'><strong>quod</strong></span> <span class='ocrx_word' id='word_1_34' title='bbox 950 316 1014 344; x_wconf 91' lang='lat' dir='ltr'><strong>reli-</strong></span> 
     </span>
    </p>
   </div>
   <div class='ocr_carea' id='block_1_7' title="bbox 223 362 1014 398">
    <p class='ocr_par' dir='ltr' id='par_1_7' title="bbox 223 362 1014 398">
     <span class='ocr_line' id='line_1_7' title="bbox 223 362 1014 398; baseline 0 -8"><span class='ocrx_word' id='word_1_35' title='bbox 223 371 307 398; x_wconf 89' lang='lat' dir='ltr'><strong>quum</strong></span> <span class='ocrx_word' id='word_1_36' title='bbox 320 367 372 395; x_wconf 88' lang='lat' dir='ltr'><strong>est,</strong></span> <span class='ocrx_word' id='word_1_37' title='bbox 386 362 495 390; x_wconf 80' lang='lat' dir='ltr'><strong>incendi</strong></span> <span class='ocrx_word' id='word_1_38' title='bbox 520 363 608 397; x_wconf 85' lang='lat' dir='ltr'><strong>jubet.</strong></span> <span class='ocrx_word' id='word_1_39' title='bbox 636 364 697 391; x_wconf 87' lang='lat' dir='ltr'><strong>Dies</strong></span> <span class='ocrx_word' id='word_1_40' title='bbox 720 368 811 391; x_wconf 85' lang='lat' dir='ltr'><strong>autem</strong></span> <span class='ocrx_word' id='word_1_41' title='bbox 828 371 881 390; x_wconf 92' lang='lat' dir='ltr'><strong>non</strong></span> <span class='ocrx_word' id='word_1_42' title='bbox 894 370 1014 390; x_wconf 86' lang='lat' dir='ltr'><strong>comme-</strong></span> 
     </span>
    </p>
   </div>
   <div class='ocr_carea' id='block_1_8' title="bbox 190 404 1015 445">
    <p class='ocr_par' dir='ltr' id='par_1_8' title="bbox 190 404 1015 445">
     <span class='ocr_line' id='line_1_8' title="bbox 190 404 1015 445; baseline 0.001 -10"><span class='ocrx_word' id='word_1_43' title='bbox 223 404 351 441; x_wconf 76' lang='lat' dir='ltr'><strong>moravit,</strong></span> <span class='ocrx_word' id='word_1_44' title='bbox 381 412 411 435; x_wconf 88' lang='lat' dir='ltr'><strong>ut</strong></span> <span class='ocrx_word' id='word_1_45' title='bbox 442 416 613 444; x_wconf 58' lang='lat' dir='ltr'><strong>quaecunque</strong></span> <span class='ocrx_word' id='word_1_46' title='bbox 643 410 832 445; x_wconf 85' lang='lat' dir='ltr'><strong>cujuscunque</strong></span> <span class='ocrx_word' id='word_1_47' title='bbox 861 409 901 436; x_wconf 85' lang='lat' dir='ltr'><strong>rei</strong></span> <span class='ocrx_word' id='word_1_48' title='bbox 934 416 1015 436; x_wconf 82' lang='lat' dir='ltr'><strong>causa</strong></span> 
     </span>
    </p>
   </div>
   <div class='ocr_carea' id='block_1_9' title="bbox 224 453 1017 489">
    <p class='ocr_par' dir='ltr' id='par_1_9' title="bbox 224 453 1017 489">
     <span class='ocr_line' id='line_1_9' title="bbox 224 453 1017 489; baseline 0.001 -9"><span class='ocrx_word' id='word_1_49' title='bbox 224 457 383 488; x_wconf 81' lang='lat' dir='ltr'><strong>emergente</strong></span> <span class='ocrx_word' id='word_1_50' title='bbox 408 454 591 481; x_wconf 88' lang='lat' dir='ltr'><strong>remanserint</strong></span> <span class='ocrx_word' id='word_1_51' title='bbox 615 454 818 489; x_wconf 83' lang='lat' dir='ltr'><strong>inconsumpta,</strong></span> <span class='ocrx_word' id='word_1_52' title='bbox 835 453 892 482; x_wconf 86' lang='lat' dir='ltr'><strong>sive</strong></span> <span class='ocrx_word' id='word_1_53' title='bbox 909 458 1017 489; x_wconf 80' lang='lat' dir='ltr'><strong>tempus</strong></span> 
     </span>
    </p>
   </div>
   <div class='ocr_carea' id='block_1_10' title="bbox 224 500 1017 536">
    <p class='ocr_par' dir='ltr' id='par_1_10' title="bbox 224 500 1017 536">
     <span class='ocr_line' id='line_1_10' title="bbox 224 500 1017 536; baseline 0 -10"><span class='ocrx_word' id='word_1_54' title='bbox 224 501 252 526; x_wconf 87' lang='lat' dir='ltr'><strong>in</strong></span> <span class='ocrx_word' id='word_1_55' title='bbox 278 507 360 527; x_wconf 69' lang='lat' dir='ltr'><strong>musa</strong></span> <span class='ocrx_word' id='word_1_56' title='bbox 382 500 428 532; x_wconf 84' lang='lat' dir='ltr'><strong>sit,</strong></span> <span class='ocrx_word' id='word_1_57' title='bbox 454 500 512 528; x_wconf 91' lang='lat' dir='ltr'><strong>sive</strong></span> <span class='ocrx_word' id='word_1_58' title='bbox 534 500 600 536; x_wconf 88' lang='lat' dir='ltr'><strong>quid</strong></span> <span class='ocrx_word' id='word_1_59' title='bbox 617 500 690 527; x_wconf 87' lang='lat' dir='ltr'><strong>aliud</strong></span> <span class='ocrx_word' id='word_1_60' title='bbox 707 500 798 533; x_wconf 88' lang='lat' dir='ltr'><strong>fuerit,</strong></span> <span class='ocrx_word' id='word_1_61' title='bbox 819 500 889 536; x_wconf 82' lang='lat' dir='ltr'><strong>ignis</strong></span> <span class='ocrx_word' id='word_1_62' title='bbox 907 507 976 535; x_wconf 87' lang='lat' dir='ltr'><strong>opus</strong></span> <span class='ocrx_word' id='word_1_63' title='bbox 990 503 1017 526; x_wconf 91' lang='lat' dir='ltr'><strong>et</strong></span> 
     </span>
    </p>
   </div>
   <div class='ocr_carea' id='block_1_11' title="bbox 224 544 1018 582">
    <p class='ocr_par' dir='ltr' id='par_1_11' title="bbox 224 544 1018 582">
     <span class='ocr_line' id='line_1_11' title="bbox 224 544 1018 582; baseline -0.003 -9"><span class='ocrx_word' id='word_1_64' title='bbox 224 545 400 581; x_wconf 87' lang='lat' dir='ltr'><strong>consumptio</strong></span> <span class='ocrx_word' id='word_1_65' title='bbox 418 545 473 573; x_wconf 85' lang='lat' dir='ltr'><strong>flat.</strong></span> <span class='ocrx_word' id='word_1_66' title='bbox 495 546 568 582; x_wconf 82' lang='lat' dir='ltr'><strong>Ergo</strong></span> <span class='ocrx_word' id='word_1_67' title='bbox 594 554 626 573; x_wconf 80' lang='lat' dir='ltr'><strong>ex</strong></span> <span class='ocrx_word' id='word_1_68' title='bbox 647 546 698 573; x_wconf 93' lang='lat' dir='ltr'><strong>hoc</strong></span> <span class='ocrx_word' id='word_1_69' title='bbox 714 546 786 581; x_wconf 91' lang='lat' dir='ltr'><strong>quod</strong></span> <span class='ocrx_word' id='word_1_70' title='bbox 800 545 889 581; x_wconf 78' lang='lat' dir='ltr'><strong>agitur</strong></span> <span class='ocrx_word' id='word_1_71' title='bbox 905 544 1018 572; x_wconf 86' lang='lat' dir='ltr'><strong>sensibi-</strong></span> 
     </span>
    </p>
   </div>
   <div class='ocr_carea' id='block_1_12' title="bbox 225 589 1017 626">
    <p class='ocr_par' dir='ltr' id='par_1_12' title="bbox 225 589 1017 626">
     <span class='ocr_line' id='line_1_12' title="bbox 225 589 1017 626; baseline 0.001 -10"><span class='ocrx_word' id='word_1_72' title='bbox 225 589 298 621; x_wconf 88' lang='lat' dir='ltr'><strong>liter,</strong></span> <span class='ocrx_word' id='word_1_73' title='bbox 315 589 478 624; x_wconf 85' lang='lat' dir='ltr'><strong>significatio</strong></span> <span class='ocrx_word' id='word_1_74' title='bbox 496 590 639 625; x_wconf 82' lang='lat' dir='ltr'><strong>cujusdam</strong></span> <span class='ocrx_word' id='word_1_75' title='bbox 657 590 835 626; x_wconf 82' lang='lat' dir='ltr'><strong>intelligihilis</strong></span> <span class='ocrx_word' id='word_1_76' title='bbox 851 590 901 622; x_wconf 89' lang='lat' dir='ltr'><strong>rei,</strong></span> <span class='ocrx_word' id='word_1_77' title='bbox 915 590 956 618; x_wconf 87' lang='lat' dir='ltr'><strong>eis</strong></span> <span class='ocrx_word' id='word_1_78' title='bbox 971 589 1017 625; x_wconf 89' lang='lat' dir='ltr'><strong>qui</strong></span> 
     </span>
    </p>
   </div>
   <div class='ocr_carea' id='block_1_13' title="bbox 226 633 1017 670">
    <p class='ocr_par' dir='ltr' id='par_1_13' title="bbox 226 633 1017 670">
     <span class='ocr_line' id='line_1_13' title="bbox 226 633 1017 670; baseline 0.001 -10"><span class='ocrx_word' id='word_1_79' title='bbox 226 633 382 666; x_wconf 86' lang='lat' dir='ltr'><strong>intendunt,</strong></span> <span class='ocrx_word' id='word_1_80' title='bbox 407 634 532 669; x_wconf 90' lang='lat' dir='ltr'><strong>provenit</strong></span> <span class='ocrx_word' id='word_1_81' title='bbox 559 643 566 661; x_wconf 72' lang='grc' dir='ltr'>ε</span> <span class='ocrx_word' id='word_1_82' title='bbox 590 639 619 662; x_wconf 82' lang='grc' dir='ltr'><strong>ιιι</strong></span> <span class='ocrx_word' id='word_1_83' title='bbox 645 634 756 670; x_wconf 78' lang='lat' dir='ltr'><strong>quando</strong></span> <span class='ocrx_word' id='word_1_84' title='bbox 771 635 804 662; x_wconf 87' lang='lat' dir='ltr'><strong>ad</strong></span> <span class='ocrx_word' id='word_1_85' title='bbox 819 634 1017 662; x_wconf 77' lang='lat' dir='ltr'><strong>comestionem</strong></span> 
     </span>
    </p>
   </div>
   <div class='ocr_carea' id='block_1_14' title="bbox 225 679 1017 716">
    <p class='ocr_par' dir='ltr' id='par_1_14' title="bbox 225 679 1017 716">
     <span class='ocr_line' id='line_1_14' title="bbox 225 679 1017 716; baseline 0.003 -10"><span class='ocrx_word' id='word_1_86' title='bbox 225 679 351 707; x_wconf 75' lang='lat' dir='ltr'><strong>sacriticii</strong></span> <span class='ocrx_word' id='word_1_87' title='bbox 375 680 517 707; x_wconf 80' lang='lat' dir='ltr'><strong>deficimus</strong></span> <span class='ocrx_word' id='word_1_88' title='bbox 545 685 573 708; x_wconf 85' lang='lat' dir='ltr'><strong>et</strong></span> <span class='ocrx_word' id='word_1_89' title='bbox 600 681 821 708; x_wconf 87' lang='lat' dir='ltr'><strong>comedereiiiud</strong></span> <span class='ocrx_word' id='word_1_90' title='bbox 838 680 944 716; x_wconf 76' lang='lat' dir='ltr'><strong>integra</strong></span> <span class='ocrx_word' id='word_1_91' title='bbox 963 687 1017 708; x_wconf 90' lang='lat' dir='ltr'><strong>non</strong></span> 
     </span>
    </p>
   </div>
   <div class='ocr_carea' id='block_1_15' title="bbox 227 727 1018 762">
    <p class='ocr_par' dir='ltr' id='par_1_15' title="bbox 227 727 1018 762">
     <span class='ocr_line' id='line_1_15' title="bbox 227 727 1018 762; baseline 0 -8"><span class='ocrx_word' id='word_1_92' title='bbox 227 734 374 762; x_wconf 80' lang='lat' dir='ltr'><strong>possumus</strong></span> <span class='ocrx_word' id='word_1_93' title='bbox 386 732 478 755; x_wconf 84' lang='lat' dir='ltr'><strong>mente</strong></span> <span class='ocrx_word' id='word_1_94' title='bbox 494 727 585 755; x_wconf 78' lang='lat' dir='ltr'><strong>forsan</strong></span> <span class='ocrx_word' id='word_1_95' title='bbox 597 728 773 761; x_wconf 87' lang='lat' dir='ltr'><strong>lassescente,</strong></span> <span class='ocrx_word' id='word_1_96' title='bbox 788 728 846 755; x_wconf 89' lang='lat' dir='ltr'><strong>sive</strong></span> <span class='ocrx_word' id='word_1_97' title='bbox 860 727 1018 760; x_wconf 84' lang='lat' dir='ltr'><strong>deficiente,</strong></span> 
     </span>
    </p>
   </div>
   <div class='ocr_carea' id='block_1_16' title="bbox 228 772 1018 809">
    <p class='ocr_par' dir='ltr' id='par_1_16' title="bbox 228 772 1018 809">
     <span class='ocr_line' id='line_1_16' title="bbox 228 772 1018 809; baseline 0 -10"><span class='ocrx_word' id='word_1_98' title='bbox 228 777 320 799; x_wconf 90' lang='lat' dir='ltr'><strong>utrum</strong></span> <span class='ocrx_word' id='word_1_99' title='bbox 348 780 380 799; x_wconf 85' lang='lat' dir='ltr'><strong>ea</strong></span> <span class='ocrx_word' id='word_1_100' title='bbox 404 780 464 808; x_wconf 70' lang='lat' dir='ltr'><strong>qua:</strong></span> <span class='ocrx_word' id='word_1_101' title='bbox 488 773 628 806; x_wconf 85' lang='lat' dir='ltr'><strong>videntur,</strong></span> <span class='ocrx_word' id='word_1_102' title='bbox 644 781 744 809; x_wconf 91' lang='lat' dir='ltr'><strong>corpus</strong></span> <span class='ocrx_word' id='word_1_103' title='bbox 764 777 891 809; x_wconf 89' lang='lat' dir='ltr'><strong>oporteat</strong></span> <span class='ocrx_word' id='word_1_104' title='bbox 903 772 1018 809; x_wconf 72' lang='lat' dir='ltr'><strong>intelligi</strong></span> 
     </span>
    </p>
   </div>
   <div class='ocr_carea' id='block_1_17' title="bbox 230 817 1021 855">
    <p class='ocr_par' dir='ltr' id='par_1_17' title="bbox 230 817 1021 855">
     <span class='ocr_line' id='line_1_17' title="bbox 230 817 1021 855; baseline 0.004 -12"><span class='ocrx_word' id='word_1_105' title='bbox 230 817 347 850; x_wconf 87' lang='lat' dir='ltr'><strong>Domini,</strong></span> <span class='ocrx_word' id='word_1_106' title='bbox 367 818 394 845; x_wconf 90' lang='lat' dir='ltr'><strong>in</strong></span> <span class='ocrx_word' id='word_1_107' title='bbox 418 818 490 854; x_wconf 90' lang='lat' dir='ltr'><strong>quod</strong></span> <span class='ocrx_word' id='word_1_108' title='bbox 514 819 601 846; x_wconf 87' lang='lat' dir='ltr'><strong>oculis</strong></span> <span class='ocrx_word' id='word_1_109' title='bbox 623 827 674 846; x_wconf 74' lang='lat' dir='ltr'><strong>nec</strong></span> <span class='ocrx_word' id='word_1_110' title='bbox 692 819 780 855; x_wconf 74' lang='lat' dir='ltr'><strong>angeli</strong></span> <span class='ocrx_word' id='word_1_111' title='bbox 813 823 931 854; x_wconf 91' lang='lat' dir='ltr'><strong>possunt</strong></span> <span class='ocrx_word' id='word_1_112' title='bbox 952 826 1021 854; x_wconf 91' lang='lat' dir='ltr'><strong>pro-</strong></span> 
     </span>
    </p>
   </div>
   <div class='ocr_carea' id='block_1_18' title="bbox 230 865 1022 901">
    <p class='ocr_par' dir='ltr' id='par_1_18' title="bbox 230 865 1022 901">
     <span class='ocr_line' id='line_1_18' title="bbox 230 865 1022 901; baseline 0.003 -10"><span class='ocrx_word' id='word_1_113' title='bbox 230 865 351 899; x_wconf 72' lang='lat' dir='ltr'><strong>spicere,</strong></span> <span class='ocrx_word' id='word_1_114' title='bbox 365 873 419 891; x_wconf 92' lang='lat' dir='ltr'><strong>non</strong></span> <span class='ocrx_word' id='word_1_115' title='bbox 435 865 551 900; x_wconf 90' lang='lat' dir='ltr'><strong>relinqui</strong></span> <span class='ocrx_word' id='word_1_116' title='bbox 566 885 573 898; x_wconf 85' lang='lat'><strong>,</strong></span> <span class='ocrx_word' id='word_1_117' title='bbox 589 866 637 893; x_wconf 82' lang='lat' dir='ltr'><strong>sed</strong></span> <span class='ocrx_word' id='word_1_118' title='bbox 653 866 735 893; x_wconf 89' lang='lat' dir='ltr'><strong>etiam</strong></span> <span class='ocrx_word' id='word_1_119' title='bbox 746 866 815 893; x_wconf 89' lang='lat' dir='ltr'><strong>tradi</strong></span> <span class='ocrx_word' id='word_1_120' title='bbox 829 873 861 893; x_wconf 90' lang='lat' dir='ltr'><strong>ea</strong></span> <span class='ocrx_word' id='word_1_121' title='bbox 877 865 933 901; x_wconf 79' lang='lat' dir='ltr'><strong>igni</strong></span> <span class='ocrx_word' id='word_1_122' title='bbox 942 873 1022 901; x_wconf 88' lang='lat' dir='ltr'><strong>opor-</strong></span> 
     </span>
    </p>
   </div>
   <div class='ocr_carea' id='block_1_19' title="bbox 1070 269 1864 305">
    <p class='ocr_par' dir='ltr' id='par_1_19' title="bbox 1070 269 1864 305">
     <span class='ocr_line' id='line_1_19' title="bbox 1070 269 1864 305; baseline -0.006 -7"><span class='ocrx_word' id='word_1_123' title='bbox 1070 280 1110 298; x_wconf 89' lang='lat' dir='ltr'><strong>me</strong></span> <span class='ocrx_word' id='word_1_124' title='bbox 1131 275 1265 303; x_wconf 81' lang='lat' dir='ltr'><strong>uenerunt,</strong></span> <span class='ocrx_word' id='word_1_125' title='bbox 1294 270 1366 305; x_wconf 79' lang='lat' dir='ltr'><strong>[ures</strong></span> <span class='ocrx_word' id='word_1_126' title='bbox 1394 271 1511 305; x_wconf 80' lang='lat' dir='ltr'><strong>fuerunt,</strong></span> <span class='ocrx_word' id='word_1_127' title='bbox 1534 274 1557 296; x_wconf 87' lang='lat' dir='ltr'><strong>et</strong></span> <span class='ocrx_word' id='word_1_128' title='bbox 1580 269 1714 302; x_wconf 81' lang='lat' dir='ltr'><strong>latrones,</strong></span> <span class='ocrx_word' id='word_1_129' title='bbox 1744 276 1787 294; x_wconf 74' lang='lat' dir='ltr'><strong>seu</strong></span> <span class='ocrx_word' id='word_1_130' title='bbox 1813 275 1864 294; x_wconf 84' lang='lat' dir='ltr'><strong>non</strong></span> 
     </span>
    </p>
   </div>
   <div class='ocr_carea' id='block_1_20' title="bbox 1069 313 1865 351">
    <p class='ocr_par' dir='ltr' id='par_1_20' title="bbox 1069 313 1865 351">
     <span class='ocr_line' id='line_1_20' title="bbox 1069 313 1865 351; baseline -0.006 -7"><span class='ocrx_word' id='word_1_131' title='bbox 1069 318 1211 344; x_wconf 80' lang='lat' dir='ltr'><strong>audierunt</strong></span> <span class='ocrx_word' id='word_1_132' title='bbox 1220 325 1262 344; x_wconf 83' lang='lat' dir='ltr'><strong>eos</strong></span> <span class='ocrx_word' id='word_1_133' title='bbox 1274 317 1371 344; x_wconf 84' lang='lat' dir='ltr'><strong>oves&quot;.</strong></span> <span class='ocrx_word' id='word_1_134' title='bbox 1387 316 1420 343; x_wconf 87' lang='lat' dir='ltr'><strong>Et</strong></span> <span class='ocrx_word' id='word_1_135' title='bbox 1432 321 1494 351; x_wconf 78' lang='lat' dir='ltr'><strong>post</strong></span> <span class='ocrx_word' id='word_1_136' title='bbox 1509 315 1567 343; x_wconf 67' lang='lat' dir='ltr'><strong>lucc</strong></span> <span class='ocrx_word' id='word_1_137' title='bbox 1580 315 1702 343; x_wconf 84' lang='lat' dir='ltr'><strong>subdidit</strong></span> <span class='ocrx_word' id='word_1_138' title='bbox 1714 323 1720 340; x_wconf 96' lang='lat'>:</span> <span class='ocrx_word' id='word_1_139' title='bbox 1736 313 1792 349; x_wconf 87' lang='lat' dir='ltr'><strong>Ego</strong></span> <span class='ocrx_word' id='word_1_140' title='bbox 1806 321 1865 340; x_wconf 80' lang='lat' dir='ltr'><strong>sum</strong></span> 
     </span>
    </p>
   </div>
   <div class='ocr_carea' id='block_1_21' title="bbox 1069 360 1864 397">
    <p class='ocr_par' dir='ltr' id='par_1_21' title="bbox 1069 360 1864 397">
     <span class='ocr_line' id='line_1_21' title="bbox 1069 360 1864 397; baseline -0.008 -7"><span class='ocrx_word' id='word_1_141' title='bbox 1069 363 1174 392; x_wconf 84' lang='lat' dir='ltr'><strong>ostium.</strong></span> <span class='ocrx_word' id='word_1_142' title='bbox 1191 371 1238 397; x_wconf 80' lang='lat' dir='ltr'><strong>per</strong></span> <span class='ocrx_word' id='word_1_143' title='bbox 1252 371 1292 389; x_wconf 80' lang='lat' dir='ltr'><strong>me</strong></span> <span class='ocrx_word' id='word_1_144' title='bbox 1302 361 1325 389; x_wconf 84' lang='lat' dir='ltr'><strong>si</strong></span> <span class='ocrx_word' id='word_1_145' title='bbox 1339 362 1397 397; x_wconf 81' lang='lat' dir='ltr'><strong>quis</strong></span> <span class='ocrx_word' id='word_1_146' title='bbox 1408 361 1555 392; x_wconf 83' lang='lat' dir='ltr'><strong>intraverit,</strong></span> <span class='ocrx_word' id='word_1_147' title='bbox 1577 360 1740 395; x_wconf 76' lang='lat' dir='ltr'><strong>ingredietur</strong></span> <span class='ocrx_word' id='word_1_148' title='bbox 1750 364 1774 385; x_wconf 89' lang='lat' dir='ltr'><strong>et</strong></span> <span class='ocrx_word' id='word_1_149' title='bbox 1790 367 1864 394; x_wconf 78' lang='lat' dir='ltr'><strong>egre-</strong></span> 
     </span>
    </p>
   </div>
   <div class='ocr_carea' id='block_1_22' title="bbox 1069 406 1865 442">
    <p class='ocr_par' dir='ltr' id='par_1_22' title="bbox 1069 406 1865 442">
     <span class='ocr_line' id='line_1_22' title="bbox 1069 406 1865 442; baseline -0.003 -9"><span class='ocrx_word' id='word_1_150' title='bbox 1069 408 1166 439; x_wconf 83' lang='lat' dir='ltr'><strong>dietur,</strong></span> <span class='ocrx_word' id='word_1_151' title='bbox 1185 411 1209 433; x_wconf 92' lang='lat' dir='ltr'><strong>et</strong></span> <span class='ocrx_word' id='word_1_152' title='bbox 1233 415 1332 442; x_wconf 80' lang='lat' dir='ltr'><strong>pascua</strong></span> <span class='ocrx_word' id='word_1_153' title='bbox 1353 406 1504 433; x_wconf 73' lang='lat' dir='ltr'><strong>inveniet”.</strong></span> <span class='ocrx_word' id='word_1_154' title='bbox 1526 406 1681 442; x_wconf 78' lang='lat' dir='ltr'><strong>lngressum</strong></span> <span class='ocrx_word' id='word_1_155' title='bbox 1698 413 1746 440; x_wconf 87' lang='lat' dir='ltr'><strong>per</strong></span> <span class='ocrx_word' id='word_1_156' title='bbox 1760 409 1865 431; x_wconf 79' lang='lat' dir='ltr'><strong>semct-</strong></span> 
     </span>
    </p>
   </div>
   <div class='ocr_carea' id='block_1_23' title="bbox 1071 452 1866 488">
    <p class='ocr_par' dir='ltr' id='par_1_23' title="bbox 1071 452 1866 488">
     <span class='ocr_line' id='line_1_23' title="bbox 1071 452 1866 488; baseline -0.004 -8"><span class='ocrx_word' id='word_1_157' title='bbox 1071 453 1172 488; x_wconf 86' lang='lat' dir='ltr'><strong>ipsum,</strong></span> <span class='ocrx_word' id='word_1_158' title='bbox 1206 453 1230 480; x_wconf 87' lang='lat' dir='ltr'><strong>ei</strong></span> <span class='ocrx_word' id='word_1_159' title='bbox 1258 460 1398 488; x_wconf 82' lang='lat' dir='ltr'><strong>egressum</strong></span> <span class='ocrx_word' id='word_1_160' title='bbox 1423 452 1577 480; x_wconf 90' lang='lat' dir='ltr'><strong>divinarum</strong></span> <span class='ocrx_word' id='word_1_161' title='bbox 1596 452 1801 487; x_wconf 86' lang='lat' dir='ltr'><strong>Scripturarum</strong></span> <span class='ocrx_word' id='word_1_162' title='bbox 1815 459 1866 486; x_wconf 79' lang='lat' dir='ltr'><strong>ap-</strong></span> 
     </span>
    </p>
   </div>
   <div class='ocr_carea' id='block_1_24' title="bbox 1071 496 1864 533">
    <p class='ocr_par' dir='ltr' id='par_1_24' title="bbox 1071 496 1864 533">
     <span class='ocr_line' id='line_1_24' title="bbox 1071 496 1864 533; baseline -0.004 -8"><span class='ocrx_word' id='word_1_163' title='bbox 1071 498 1176 533; x_wconf 87' lang='lat' dir='ltr'><strong>pellans</strong></span> <span class='ocrx_word' id='word_1_164' title='bbox 1199 497 1362 532; x_wconf 88' lang='lat' dir='ltr'><strong>profectum.</strong></span> <span class='ocrx_word' id='word_1_165' title='bbox 1387 496 1438 530; x_wconf 88' lang='lat' dir='ltr'><strong>Qui</strong></span> <span class='ocrx_word' id='word_1_166' title='bbox 1463 502 1556 525; x_wconf 84' lang='lat' dir='ltr'><strong>autem</strong></span> <span class='ocrx_word' id='word_1_167' title='bbox 1582 497 1730 531; x_wconf 88' lang='lat' dir='ltr'><strong>completio</strong></span> <span class='ocrx_word' id='word_1_168' title='bbox 1755 496 1864 523; x_wconf 87' lang='lat' dir='ltr'><strong>dierum</strong></span> 
     </span>
    </p>
   </div>
   <div class='ocr_carea' id='block_1_25' title="bbox 1072 542 1865 578">
    <p class='ocr_par' dir='ltr' id='par_1_25' title="bbox 1072 542 1865 578">
     <span class='ocr_line' id='line_1_25' title="bbox 1072 542 1865 578; baseline -0.004 -7"><span class='ocrx_word' id='word_1_169' title='bbox 1072 543 1117 572; x_wconf 85' lang='lat' dir='ltr'><strong>illa</strong></span> <span class='ocrx_word' id='word_1_170' title='bbox 1132 543 1250 571; x_wconf 77' lang='lat' dir='ltr'><strong>maxime</strong></span> <span class='ocrx_word' id='word_1_171' title='bbox 1263 543 1374 575; x_wconf 89' lang='lat' dir='ltr'><strong>dicitur,</strong></span> <span class='ocrx_word' id='word_1_172' title='bbox 1397 543 1478 578; x_wconf 81' lang='lat' dir='ltr'><strong>plane</strong></span> <span class='ocrx_word' id='word_1_173' title='bbox 1495 551 1545 578; x_wconf 90' lang='lat' dir='ltr'><strong>per</strong></span> <span class='ocrx_word' id='word_1_174' title='bbox 1560 542 1661 570; x_wconf 79' lang='lat' dir='ltr'><strong>Lucam</strong></span> <span class='ocrx_word' id='word_1_175' title='bbox 1679 543 1792 577; x_wconf 84' lang='lat' dir='ltr'><strong>spiritus</strong></span> <span class='ocrx_word' id='word_1_176' title='bbox 1809 546 1865 568; x_wconf 88' lang='lat' dir='ltr'><strong>tra-</strong></span> 
     </span>
    </p>
   </div>
   <div class='ocr_carea' id='block_1_26' title="bbox 1071 588 1867 623">
    <p class='ocr_par' dir='ltr' id='par_1_26' title="bbox 1071 588 1867 623">
     <span class='ocr_line' id='line_1_26' title="bbox 1071 588 1867 623; baseline -0.005 -6"><span class='ocrx_word' id='word_1_177' title='bbox 1071 589 1133 618; x_wconf 85' lang='lat' dir='ltr'><strong>dit:</strong></span> <span class='ocrx_word' id='word_1_178' title='bbox 1158 589 1193 616; x_wconf 86' lang='lat' dir='ltr'><strong>Et</strong></span> <span class='ocrx_word' id='word_1_179' title='bbox 1218 589 1281 615; x_wconf 84' lang='lat' dir='ltr'><strong>dum</strong></span> <span class='ocrx_word' id='word_1_180' title='bbox 1311 588 1504 623; x_wconf 83' lang='lat' dir='ltr'><strong>complerentur</strong></span> <span class='ocrx_word' id='word_1_181' title='bbox 1519 589 1574 615; x_wconf 82' lang='lat' dir='ltr'><strong>dies</strong></span> <span class='ocrx_word' id='word_1_182' title='bbox 1598 588 1771 620; x_wconf 69' lang='lat' dir='ltr'><strong>Pentecostes,</strong></span> <span class='ocrx_word' id='word_1_183' title='bbox 1789 591 1867 614; x_wconf 89' lang='lat' dir='ltr'><strong>erant</strong></span> 
     </span>
    </p>
   </div>
   <div class='ocr_carea' id='block_1_27' title="bbox 1073 632 1866 669">
    <p class='ocr_par' dir='ltr' id='par_1_27' title="bbox 1073 632 1866 669">
     <span class='ocr_line' id='line_1_27' title="bbox 1073 632 1866 669; baseline -0.005 -8"><span class='ocrx_word' id='word_1_184' title='bbox 1073 642 1160 661; x_wconf 88' lang='lat' dir='ltr'><strong>omnes</strong></span> <span class='ocrx_word' id='word_1_185' title='bbox 1174 633 1271 660; x_wconf 87' lang='lat' dir='ltr'><strong>simul:</strong></span> <span class='ocrx_word' id='word_1_186' title='bbox 1286 634 1373 669; x_wconf 75' lang='lat' dir='ltr'><strong>factus</strong></span> <span class='ocrx_word' id='word_1_187' title='bbox 1389 637 1425 660; x_wconf 82' lang='lat' dir='ltr'><strong>est</strong></span> <span class='ocrx_word' id='word_1_188' title='bbox 1439 637 1528 659; x_wconf 88' lang='lat' dir='ltr'><strong>autem</strong></span> <span class='ocrx_word' id='word_1_189' title='bbox 1544 637 1649 667; x_wconf 85' lang='lat' dir='ltr'><strong>repente</strong></span> <span class='ocrx_word' id='word_1_190' title='bbox 1660 632 1692 658; x_wconf 88' lang='lat' dir='ltr'><strong>de</strong></span> <span class='ocrx_word' id='word_1_191' title='bbox 1704 632 1767 659; x_wconf 69' lang='lat' dir='ltr'><strong>(telo</strong></span> <span class='ocrx_word' id='word_1_192' title='bbox 1776 640 1866 664; x_wconf 77' lang='lat' dir='ltr'><strong>sanus,</strong></span> 
     </span>
    </p>
   </div>
   <div class='ocr_carea' id='block_1_28' title="bbox 1073 677 1868 714">
    <p class='ocr_par' dir='ltr' id='par_1_28' title="bbox 1073 677 1868 714">
     <span class='ocr_line' id='line_1_28' title="bbox 1073 677 1868 714; baseline -0.004 -8"><span class='ocrx_word' id='word_1_193' title='bbox 1073 685 1201 714; x_wconf 85' lang='lat' dir='ltr'><strong>tanquam</strong></span> <span class='ocrx_word' id='word_1_194' title='bbox 1218 678 1379 706; x_wconf 77' lang='lat' dir='ltr'><strong>advenientis</strong></span> <span class='ocrx_word' id='word_1_195' title='bbox 1401 678 1510 712; x_wconf 73' lang='lat' dir='ltr'><strong>spiritus</strong></span> <span class='ocrx_word' id='word_1_196' title='bbox 1525 678 1694 708; x_wconf 74' lang='lat' dir='ltr'><strong>vehementis,</strong></span> <span class='ocrx_word' id='word_1_197' title='bbox 1717 681 1740 703; x_wconf 80' lang='lat' dir='ltr'><strong>et</strong></span> <span class='ocrx_word' id='word_1_198' title='bbox 1759 677 1868 710; x_wconf 80' lang='lat' dir='ltr'><strong>repleuit</strong></span> 
     </span>
    </p>
   </div>
   <div class='ocr_carea' id='block_1_29' title="bbox 1074 722 1870 760">
    <p class='ocr_par' dir='ltr' id='par_1_29' title="bbox 1074 722 1870 760">
     <span class='ocr_line' id='line_1_29' title="bbox 1074 722 1870 760; baseline -0.005 -8"><span class='ocrx_word' id='word_1_199' title='bbox 1074 729 1157 752; x_wconf 89' lang='lat' dir='ltr'><strong>totam</strong></span> <span class='ocrx_word' id='word_1_200' title='bbox 1171 725 1291 758; x_wconf 84' lang='lat' dir='ltr'><strong>domum,</strong></span> <span class='ocrx_word' id='word_1_201' title='bbox 1307 725 1334 751; x_wconf 86' lang='lat' dir='ltr'><strong>in</strong></span> <span class='ocrx_word' id='word_1_202' title='bbox 1348 733 1400 760; x_wconf 85' lang='lat' dir='ltr'><strong>qua</strong></span> <span class='ocrx_word' id='word_1_203' title='bbox 1416 724 1559 751; x_wconf 73' lang='lat' dir='ltr'><strong>sedebant:</strong></span> <span class='ocrx_word' id='word_1_204' title='bbox 1576 727 1599 750; x_wconf 79' lang='lat' dir='ltr'><strong>et</strong></span> <span class='ocrx_word' id='word_1_205' title='bbox 1622 727 1803 757; x_wconf 77' lang='lat' dir='ltr'><strong>apparuerunt</strong></span> <span class='ocrx_word' id='word_1_206' title='bbox 1815 722 1870 749; x_wconf 78' lang='lat' dir='ltr'><strong>illis</strong></span> 
     </span>
    </p>
   </div>
   <div class='ocr_carea' id='block_1_30' title="bbox 1074 767 1865 806">
    <p class='ocr_par' dir='ltr' id='par_1_30' title="bbox 1074 767 1865 806">
     <span class='ocr_line' id='line_1_30' title="bbox 1074 767 1865 806; baseline -0.005 -9"><span class='ocrx_word' id='word_1_207' title='bbox 1074 771 1216 806; x_wconf 71' lang='lat' dir='ltr'><strong>dispertitw</strong></span> <span class='ocrx_word' id='word_1_208' title='bbox 1238 770 1345 805; x_wconf 76' lang='lat' dir='ltr'><strong>linguw,</strong></span> <span class='ocrx_word' id='word_1_209' title='bbox 1371 770 1439 796; x_wconf 74' lang='lat' dir='ltr'><strong>sicut</strong></span> <span class='ocrx_word' id='word_1_210' title='bbox 1452 769 1531 804; x_wconf 81' lang='lat' dir='ltr'><strong>ignis,</strong></span> <span class='ocrx_word' id='word_1_211' title='bbox 1545 769 1663 803; x_wconf 79' lang='lat' dir='ltr'><strong>seditque</strong></span> <span class='ocrx_word' id='word_1_212' title='bbox 1681 776 1762 801; x_wconf 78' lang='lat' dir='ltr'><strong>supra</strong></span> <span class='ocrx_word' id='word_1_213' title='bbox 1773 767 1865 801; x_wconf 83' lang='lat' dir='ltr'><strong>singu-</strong></span> 
     </span>
    </p>
   </div>
   <div class='ocr_carea' id='block_1_31' title="bbox 1075 812 1868 849">
    <p class='ocr_par' dir='ltr' id='par_1_31' title="bbox 1075 812 1868 849">
     <span class='ocr_line' id='line_1_31' title="bbox 1075 812 1868 849; baseline -0.008 -6"><span class='ocrx_word' id='word_1_214' title='bbox 1075 816 1113 844; x_wconf 86' lang='lat' dir='ltr'><strong>los</strong></span> <span class='ocrx_word' id='word_1_215' title='bbox 1142 823 1241 846; x_wconf 79' lang='lat' dir='ltr'><strong>eorum.</strong></span> <span class='ocrx_word' id='word_1_216' title='bbox 1271 820 1295 842; x_wconf 84' lang='lat' dir='ltr'><strong>et</strong></span> <span class='ocrx_word' id='word_1_217' title='bbox 1316 814 1409 849; x_wconf 80' lang='lat' dir='ltr'><strong>repleti</strong></span> <span class='ocrx_word' id='word_1_218' title='bbox 1430 818 1491 841; x_wconf 84' lang='lat' dir='ltr'><strong>sunt</strong></span> <span class='ocrx_word' id='word_1_219' title='bbox 1510 821 1599 840; x_wconf 83' lang='lat' dir='ltr'><strong>omnes</strong></span> <span class='ocrx_word' id='word_1_220' title='bbox 1617 812 1720 848; x_wconf 88' lang='lat' dir='ltr'><strong>Spiritu</strong></span> <span class='ocrx_word' id='word_1_221' title='bbox 1735 812 1868 839; x_wconf 82' lang='lat' dir='ltr'><strong>sancto&quot;.</strong></span> 
     </span>
    </p>
   </div>
   <div class='ocr_carea' id='block_1_32' title="bbox 1074 857 1871 894">
    <p class='ocr_par' dir='ltr' id='par_1_32' title="bbox 1074 857 1871 894">
     <span class='ocr_line' id='line_1_32' title="bbox 1074 857 1871 894; baseline -0.006 -7"><span class='ocrx_word' id='word_1_222' title='bbox 1074 860 1134 888; x_wconf 81' lang='lat' dir='ltr'><strong>Non</strong></span> <span class='ocrx_word' id='word_1_223' title='bbox 1162 859 1262 887; x_wconf 73' lang='lat' dir='ltr'><strong>frustra</strong></span> <span class='ocrx_word' id='word_1_224' title='bbox 1295 867 1360 894; x_wconf 79' lang='lat' dir='ltr'><strong>ergo</strong></span> <span class='ocrx_word' id='word_1_225' title='bbox 1388 858 1447 886; x_wconf 86' lang='lat' dir='ltr'><strong>dies</strong></span> <span class='ocrx_word' id='word_1_226' title='bbox 1478 857 1671 893; x_wconf 90' lang='lat' dir='ltr'><strong>completionis</strong></span> <span class='ocrx_word' id='word_1_227' title='bbox 1700 857 1817 888; x_wconf 87' lang='lat' dir='ltr'><strong>dierum,</strong></span> <span class='ocrx_word' id='word_1_228' title='bbox 1842 861 1871 883; x_wconf 89' lang='lat' dir='ltr'><strong>et</strong></span> 
     </span>
    </p>
   </div>
   <div class='ocr_carea' id='block_1_33' title="bbox 231 902 1870 947">
    <p class='ocr_par' dir='ltr' id='par_1_33' title="bbox 231 902 1870 947">
     <span class='ocr_line' id='line_1_33' title="bbox 231 902 1870 947; baseline -0.005 -11"><span class='ocrx_word' id='word_1_229' title='bbox 231 915 269 937; x_wconf 89' lang='lat' dir='ltr'><strong>tet</strong></span> <span class='ocrx_word' id='word_1_230' title='bbox 283 910 406 946; x_wconf 79' lang='lat' dir='ltr'><strong>Spiritus,</strong></span> <span class='ocrx_word' id='word_1_231' title='bbox 427 915 456 938; x_wconf 88' lang='lat' dir='ltr'><strong>ut</strong></span> <span class='ocrx_word' id='word_1_232' title='bbox 473 919 506 939; x_wconf 82' lang='lat' dir='ltr'><strong>ea</strong></span> <span class='ocrx_word' id='word_1_233' title='bbox 534 911 673 945; x_wconf 72' lang='lat' dir='ltr'><strong>comedat,</strong></span> <span class='ocrx_word' id='word_1_234' title='bbox 696 920 757 947; x_wconf 64' lang='lat' dir='ltr'><strong>qua;</strong></span> <span class='ocrx_word' id='word_1_235' title='bbox 785 911 865 939; x_wconf 80' lang='lat' dir='ltr'><strong>nobis</strong></span> <span class='ocrx_word' id='word_1_236' title='bbox 896 916 966 939; x_wconf 68' lang='lat' dir='ltr'><strong>sunt</strong></span> <span class='ocrx_word' id='word_1_237' title='bbox 987 919 1021 938; x_wconf 70' lang='grc' dir='ltr'><strong>(ιι</strong></span> <span class='ocrx_word' id='word_1_238' title='bbox 1036 904 1061 935; x_wconf 78' lang='grc' dir='ltr'>Β</span> <span class='ocrx_word' id='word_1_239' title='bbox 1076 905 1318 934; x_wconf 82' lang='lat' dir='ltr'><strong>consummationis</strong></span> <span class='ocrx_word' id='word_1_240' title='bbox 1337 905 1514 931; x_wconf 83' lang='lat' dir='ltr'><strong>Pentecostes</strong></span> <span class='ocrx_word' id='word_1_241' title='bbox 1538 903 1650 934; x_wconf 89' lang='lat' dir='ltr'><strong>dicitur,</strong></span> <span class='ocrx_word' id='word_1_242' title='bbox 1671 902 1719 929; x_wconf 89' lang='lat' dir='ltr'><strong>sed</strong></span> <span class='ocrx_word' id='word_1_243' title='bbox 1744 906 1774 929; x_wconf 88' lang='lat' dir='ltr'><strong>ut</strong></span> <span class='ocrx_word' id='word_1_244' title='bbox 1793 909 1870 929; x_wconf 89' lang='lat' dir='ltr'><strong>com-</strong></span> 
     </span>
    </p>
   </div>
   <div class='ocr_carea' id='block_1_34' title="bbox 229 955 1020 990">
    <p class='ocr_par' dir='ltr' id='par_1_34' title="bbox 229 955 1020 990">
     <span class='ocr_line' id='line_1_34' title="bbox 229 955 1020 990; baseline 0.001 -7"><span class='ocrx_word' id='word_1_245' title='bbox 229 955 388 984; x_wconf 85' lang='lat' dir='ltr'><strong>inlirmitatc</strong></span> <span class='ocrx_word' id='word_1_246' title='bbox 423 955 568 984; x_wconf 87' lang='lat' dir='ltr'><strong>inesibilia.</strong></span> <span class='ocrx_word' id='word_1_247' title='bbox 591 956 733 990; x_wconf 84' lang='lat' dir='ltr'><strong>Quomodo</strong></span> <span class='ocrx_word' id='word_1_248' title='bbox 761 961 853 985; x_wconf 88' lang='lat' dir='ltr'><strong>autem</strong></span> <span class='ocrx_word' id='word_1_249' title='bbox 882 956 1020 989; x_wconf 81' lang='lat' dir='ltr'><strong>comedat,</strong></span> 
     </span>
    </p>
   </div>
   <div class='ocr_carea' id='block_1_35' title="bbox 230 1003 1024 1039">
    <p class='ocr_par' dir='ltr' id='par_1_35' title="bbox 230 1003 1024 1039">
     <span class='ocr_line' id='line_1_35' title="bbox 230 1003 1024 1039; baseline 0.001 -10"><span class='ocrx_word' id='word_1_250' title='bbox 230 1009 293 1029; x_wconf 87' lang='lat' dir='ltr'><strong>cum</strong></span> <span class='ocrx_word' id='word_1_251' title='bbox 316 1003 538 1038; x_wconf 78' lang='lat' dir='ltr'><strong>cogitaverimus,</strong></span> <span class='ocrx_word' id='word_1_252' title='bbox 565 1003 661 1031; x_wconf 85' lang='lat' dir='ltr'><strong>virtuti</strong></span> <span class='ocrx_word' id='word_1_253' title='bbox 679 1004 792 1039; x_wconf 82' lang='lat' dir='ltr'><strong>spiritus</strong></span> <span class='ocrx_word' id='word_1_254' title='bbox 807 1011 869 1031; x_wconf 83' lang='lat' dir='ltr'><strong>esse</strong></span> <span class='ocrx_word' id='word_1_255' title='bbox 881 1003 1024 1039; x_wconf 81' lang='lat' dir='ltr'><strong>possibilia</strong></span> 
     </span>
    </p>
   </div>
   <div class='ocr_carea' id='block_1_36' title="bbox 230 1047 1023 1083">
    <p class='ocr_par' dir='ltr' id='par_1_36' title="bbox 230 1047 1023 1083">
     <span class='ocr_line' id='line_1_36' title="bbox 230 1047 1023 1083; baseline 0.003 -10"><span class='ocrx_word' id='word_1_256' title='bbox 230 1055 272 1078; x_wconf 78' lang='lat' dir='ltr'><strong>ea,</strong></span> <span class='ocrx_word' id='word_1_257' title='bbox 289 1056 349 1082; x_wconf 74' lang='lat' dir='ltr'><strong>qua:</strong></span> <span class='ocrx_word' id='word_1_258' title='bbox 367 1047 447 1075; x_wconf 88' lang='lat' dir='ltr'><strong>nobis</strong></span> <span class='ocrx_word' id='word_1_259' title='bbox 461 1048 641 1083; x_wconf 81' lang='lat' dir='ltr'><strong>impossibilia</strong></span> <span class='ocrx_word' id='word_1_260' title='bbox 656 1049 800 1076; x_wconf 86' lang='lat' dir='ltr'><strong>&#39;videntur.</strong></span> <span class='ocrx_word' id='word_1_261' title='bbox 821 1047 900 1076; x_wconf 87' lang='lat' dir='ltr'><strong>Unde</strong></span> <span class='ocrx_word' id='word_1_262' title='bbox 913 1052 941 1076; x_wconf 88' lang='lat' dir='ltr'><strong>et</strong></span> <span class='ocrx_word' id='word_1_263' title='bbox 955 1047 1023 1075; x_wconf 90' lang='lat' dir='ltr'><strong>sub-</strong></span> 
     </span>
    </p>
   </div>
   <div class='ocr_carea' id='block_1_37' title="bbox 230 1093 1023 1130">
    <p class='ocr_par' dir='ltr' id='par_1_37' title="bbox 230 1093 1023 1130">
     <span class='ocr_line' id='line_1_37' title="bbox 230 1093 1023 1130; baseline 0.003 -11"><span class='ocrx_word' id='word_1_264' title='bbox 230 1098 378 1127; x_wconf 76' lang='lat' dir='ltr'><strong>sequenter</strong></span> <span class='ocrx_word' id='word_1_265' title='bbox 398 1093 539 1130; x_wconf 83' lang='lat' dir='ltr'><strong>disputare</strong></span> <span class='ocrx_word' id='word_1_266' title='bbox 561 1094 700 1130; x_wconf 79' lang='lat' dir='ltr'><strong>icgisiator</strong></span> <span class='ocrx_word' id='word_1_267' title='bbox 719 1095 835 1123; x_wconf 87' lang='lat' dir='ltr'><strong>videtur.</strong></span> <span class='ocrx_word' id='word_1_268' title='bbox 865 1094 933 1122; x_wconf 86' lang='lat' dir='ltr'><strong>Dicit</strong></span> <span class='ocrx_word' id='word_1_269' title='bbox 950 1094 1023 1122; x_wconf 90' lang='lat' dir='ltr'><strong>enim</strong></span> 
     </span>
    </p>
   </div>
   <div class='ocr_carea' id='block_1_38' title="bbox 228 1145 287 1166">
    <p class='ocr_par' dir='ltr' id='par_1_38' title="bbox 228 1145 287 1166">
     <span class='ocr_line' id='line_1_38' title="bbox 228 1145 287 1166; baseline -0.034 0"><span class='ocrx_word' id='word_1_270' title='bbox 228 1145 269 1166; x_wconf 66' lang='lat' dir='ltr'><strong>ire</strong></span> <span class='ocrx_word' id='word_1_271' title='bbox 281 1146 287 1164; x_wconf 72' lang='grc' dir='ltr'><em>Ξ</em></span> 
     </span>
    </p>
   </div>
   <div class='ocr_carea' id='block_1_39' title="bbox 267 1181 1023 1220">
    <p class='ocr_par' dir='ltr' id='par_1_39' title="bbox 267 1181 1023 1220">
     <span class='ocr_line' id='line_1_39' title="bbox 267 1181 1023 1220; baseline 0.005 -12"><span class='ocrx_word' id='word_1_272' title='bbox 267 1181 306 1208; x_wconf 82' lang='lat' dir='ltr'><strong>De</strong></span> <span class='ocrx_word' id='word_1_273' title='bbox 327 1183 392 1210; x_wconf 77' lang='lat' dir='ltr'><strong>ostio</strong></span> <span class='ocrx_word' id='word_1_274' title='bbox 414 1192 515 1219; x_wconf 89' lang='lat' dir='ltr'><strong>quoque</strong></span> <span class='ocrx_word' id='word_1_275' title='bbox 543 1185 707 1212; x_wconf 85' lang='lat' dir='ltr'><strong>tabernaculi</strong></span> <span class='ocrx_word' id='word_1_276' title='bbox 731 1193 782 1212; x_wconf 85' lang='lat' dir='ltr'><strong>non</strong></span> <span class='ocrx_word' id='word_1_277' title='bbox 797 1185 901 1212; x_wconf 67' lang='lat' dir='ltr'><strong>exibitis</strong></span> <span class='ocrx_word' id='word_1_278' title='bbox 925 1189 1023 1220; x_wconf 78' lang='lat' dir='ltr'><strong>septem</strong></span> 
     </span>
    </p>
   </div>
   <div class='ocr_carea' id='block_1_40' title="bbox 232 1227 1025 1267">
    <p class='ocr_par' dir='ltr' id='par_1_40' title="bbox 232 1227 1025 1267">
     <span class='ocr_line' id='line_1_40' title="bbox 232 1227 1025 1267; baseline 0.006 -14"><span class='ocrx_word' id='word_1_279' title='bbox 232 1227 330 1255; x_wconf 78' lang='lat' dir='ltr'><strong>diebus.</strong></span> <span class='ocrx_word' id='word_1_280' title='bbox 372 1229 482 1264; x_wconf 87' lang='lat' dir='ltr'><strong>Septem</strong></span> <span class='ocrx_word' id='word_1_281' title='bbox 512 1231 577 1257; x_wconf 85' lang='lat' dir='ltr'><strong>cur?</strong></span> <span class='ocrx_word' id='word_1_282' title='bbox 609 1231 678 1264; x_wconf 86' lang='lat' dir='ltr'><strong>Quia</strong></span> <span class='ocrx_word' id='word_1_283' title='bbox 707 1231 934 1267; x_wconf 79' lang='lat' dir='ltr'><strong>quinquagesima</strong></span> <span class='ocrx_word' id='word_1_284' title='bbox 963 1231 1025 1259; x_wconf 82' lang='lat' dir='ltr'><strong>dies</strong></span> 
     </span>
    </p>
   </div>
   <div class='ocr_carea' id='block_1_41' title="bbox 232 1273 1026 1312">
    <p class='ocr_par' dir='ltr' id='par_1_41' title="bbox 232 1273 1026 1312">
     <span class='ocr_line' id='line_1_41' title="bbox 232 1273 1026 1312; baseline 0.008 -13"><span class='ocrx_word' id='word_1_285' title='bbox 232 1273 389 1308; x_wconf 83' lang='lat' dir='ltr'><strong>septenario</strong></span> <span class='ocrx_word' id='word_1_286' title='bbox 416 1283 531 1302; x_wconf 91' lang='lat' dir='ltr'><strong>numero</strong></span> <span class='ocrx_word' id='word_1_287' title='bbox 554 1277 580 1303; x_wconf 91' lang='lat' dir='ltr'><strong>in</strong></span> <span class='ocrx_word' id='word_1_288' title='bbox 605 1277 754 1312; x_wconf 88' lang='lat' dir='ltr'><strong>semetipso</strong></span> <span class='ocrx_word' id='word_1_289' title='bbox 779 1277 972 1312; x_wconf 90' lang='lat' dir='ltr'><strong>multiplicato,</strong></span> <span class='ocrx_word' id='word_1_290' title='bbox 998 1281 1026 1305; x_wconf 91' lang='lat' dir='ltr'><strong>et</strong></span> 
     </span>
    </p>
   </div>
   <div class='ocr_carea' id='block_1_42' title="bbox 234 1319 1024 1356">
    <p class='ocr_par' dir='ltr' id='par_1_42' title="bbox 234 1319 1024 1356">
     <span class='ocr_line' id='line_1_42' title="bbox 234 1319 1024 1356; baseline 0.006 -11"><span class='ocrx_word' id='word_1_291' title='bbox 234 1326 290 1346; x_wconf 88' lang='lat' dir='ltr'><strong>uno</strong></span> <span class='ocrx_word' id='word_1_292' title='bbox 303 1319 327 1346; x_wconf 89' lang='lat' dir='ltr'><strong>ei</strong></span> <span class='ocrx_word' id='word_1_293' title='bbox 348 1319 455 1355; x_wconf 89' lang='lat' dir='ltr'><strong>adjecto</strong></span> <span class='ocrx_word' id='word_1_294' title='bbox 469 1321 618 1356; x_wconf 89' lang='lat' dir='ltr'><strong>perlicitur.</strong></span> <span class='ocrx_word' id='word_1_295' title='bbox 641 1322 717 1351; x_wconf 87' lang='lat' dir='ltr'><strong>Unde</strong></span> <span class='ocrx_word' id='word_1_296' title='bbox 739 1327 767 1350; x_wconf 87' lang='lat' dir='ltr'><strong>et</strong></span> <span class='ocrx_word' id='word_1_297' title='bbox 791 1323 1024 1351; x_wconf 83' lang='lat' dir='ltr'><strong>hebdomadarum</strong></span> 
     </span>
    </p>
   </div>
   <div class='ocr_carea' id='block_1_43' title="bbox 233 1364 1027 1403">
    <p class='ocr_par' dir='ltr' id='par_1_43' title="bbox 233 1364 1027 1403">
     <span class='ocr_line' id='line_1_43' title="bbox 233 1364 1027 1403; baseline 0.006 -12"><span class='ocrx_word' id='word_1_298' title='bbox 233 1371 295 1391; x_wconf 82' lang='lat' dir='ltr'><strong>eam</strong></span> <span class='ocrx_word' id='word_1_299' title='bbox 321 1364 497 1394; x_wconf 79' lang='lat' dir='ltr'><strong>festivitatem</strong></span> <span class='ocrx_word' id='word_1_300' title='bbox 520 1367 593 1402; x_wconf 85' lang='lat' dir='ltr'><strong>apud</strong></span> <span class='ocrx_word' id='word_1_301' title='bbox 618 1367 728 1403; x_wconf 78' lang='lat' dir='ltr'><strong>Moysen</strong></span> <span class='ocrx_word' id='word_1_302' title='bbox 751 1368 803 1396; x_wconf 91' lang='lat' dir='ltr'><strong>dici</strong></span> <span class='ocrx_word' id='word_1_303' title='bbox 818 1388 825 1400; x_wconf 88' lang='lat'><strong>,</strong></span> <span class='ocrx_word' id='word_1_304' title='bbox 849 1367 1027 1396; x_wconf 83' lang='lat' dir='ltr'><strong>manifestam</strong></span> 
     </span>
    </p>
   </div>
   <div class='ocr_carea' id='block_1_44' title="bbox 233 1411 1027 1450">
    <p class='ocr_par' dir='ltr' id='par_1_44' title="bbox 233 1411 1027 1450">
     <span class='ocr_line' id='line_1_44' title="bbox 233 1411 1027 1450; baseline 0.004 -12"><span class='ocrx_word' id='word_1_305' title='bbox 233 1411 393 1447; x_wconf 81' lang='lat' dir='ltr'><strong>sequentia;</strong></span> <span class='ocrx_word' id='word_1_306' title='bbox 427 1413 464 1440; x_wconf 86' lang='lat' dir='ltr'><strong>ait</strong></span> <span class='ocrx_word' id='word_1_307' title='bbox 478 1413 562 1446; x_wconf 89' lang='lat' dir='ltr'><strong>enim,</strong></span> <span class='ocrx_word' id='word_1_308' title='bbox 591 1414 743 1441; x_wconf 86' lang='lat' dir='ltr'><strong>secundum</strong></span> <span class='ocrx_word' id='word_1_309' title='bbox 768 1414 859 1441; x_wconf 80' lang='lat' dir='ltr'><strong>LXX:</strong></span> <span class='ocrx_word' id='word_1_310' title='bbox 892 1415 977 1450; x_wconf 80' lang='lat' dir='ltr'><strong>Usque</strong></span> <span class='ocrx_word' id='word_1_311' title='bbox 991 1415 1027 1441; x_wconf 85' lang='lat' dir='ltr'><strong>ad</strong></span> 
     </span>
    </p>
   </div>
   <div class='ocr_carea' id='block_1_45' title="bbox 232 1457 1024 1498">
    <p class='ocr_par' dir='ltr' id='par_1_45' title="bbox 232 1457 1024 1498">
     <span class='ocr_line' id='line_1_45' title="bbox 232 1457 1024 1498; baseline 0.005 -15"><span class='ocrx_word' id='word_1_312' title='bbox 232 1457 302 1484; x_wconf 78' lang='lat' dir='ltr'><strong>diem</strong></span> <span class='ocrx_word' id='word_1_313' title='bbox 317 1458 496 1493; x_wconf 80' lang='lat' dir='ltr'><strong>completionis</strong></span> <span class='ocrx_word' id='word_1_314' title='bbox 510 1460 702 1498; x_wconf 81' lang='lat' dir='ltr'><strong>quinquaginta</strong></span> <span class='ocrx_word' id='word_1_315' title='bbox 716 1460 828 1493; x_wconf 86' lang='lat' dir='ltr'><strong>dierum,</strong></span> <span class='ocrx_word' id='word_1_316' title='bbox 846 1465 1024 1495; x_wconf 89' lang='lat' dir='ltr'><strong>pentecosten</strong></span> 
     </span>
    </p>
   </div>
   <div class='ocr_carea' id='block_1_46' title="bbox 233 1503 1024 1541">
    <p class='ocr_par' dir='ltr' id='par_1_46' title="bbox 233 1503 1024 1541">
     <span class='ocr_line' id='line_1_46' title="bbox 233 1503 1024 1541; baseline 0.003 -11"><span class='ocrx_word' id='word_1_317' title='bbox 233 1503 348 1538; x_wconf 86' lang='lat' dir='ltr'><strong>dicens;</strong></span> <span class='ocrx_word' id='word_1_318' title='bbox 368 1506 487 1540; x_wconf 86' lang='lat' dir='ltr'><strong>complet</strong></span> <span class='ocrx_word' id='word_1_319' title='bbox 507 1505 580 1533; x_wconf 90' lang='lat' dir='ltr'><strong>enim</strong></span> <span class='ocrx_word' id='word_1_320' title='bbox 606 1506 794 1541; x_wconf 90' lang='lat' dir='ltr'><strong>septenarium</strong></span> <span class='ocrx_word' id='word_1_321' title='bbox 822 1513 968 1534; x_wconf 88' lang='lat' dir='ltr'><strong>numerum</strong></span> <span class='ocrx_word' id='word_1_322' title='bbox 998 1506 1024 1533; x_wconf 92' lang='lat' dir='ltr'><strong>in</strong></span> 
     </span>
    </p>
   </div>
   <div class='ocr_carea' id='block_1_47' title="bbox 233 1550 1024 1587">
    <p class='ocr_par' dir='ltr' id='par_1_47' title="bbox 233 1550 1024 1587">
     <span class='ocr_line' id='line_1_47' title="bbox 233 1550 1024 1587; baseline 0.001 -10"><span class='ocrx_word' id='word_1_323' title='bbox 233 1550 383 1584; x_wconf 83' lang='lat' dir='ltr'><strong>semetipso</strong></span> <span class='ocrx_word' id='word_1_324' title='bbox 421 1551 641 1586; x_wconf 84' lang='lat' dir='ltr'><strong>multiplicatum.</strong></span> <span class='ocrx_word' id='word_1_325' title='bbox 681 1552 715 1579; x_wconf 86' lang='lat' dir='ltr'><strong>Et</strong></span> <span class='ocrx_word' id='word_1_326' title='bbox 748 1552 827 1587; x_wconf 76' lang='lat' dir='ltr'><strong>cuius</strong></span> <span class='ocrx_word' id='word_1_327' title='bbox 870 1552 908 1579; x_wconf 86' lang='lat' dir='ltr'><strong>rei</strong></span> <span class='ocrx_word' id='word_1_328' title='bbox 938 1552 1024 1587; x_wconf 76' lang='lat' dir='ltr'><strong>gratia</strong></span> 
     </span>
    </p>
   </div>
   <div class='ocr_carea' id='block_1_48' title="bbox 234 1585 1061 1635">
    <p class='ocr_par' dir='ltr' id='par_1_48' title="bbox 234 1585 1061 1635">
     <span class='ocr_line' id='line_1_48' title="bbox 234 1585 1061 1635; baseline 0.006 -13"><span class='ocrx_word' id='word_1_329' title='bbox 234 1595 340 1623; x_wconf 86' lang='lat' dir='ltr'><strong>dierum</strong></span> <span class='ocrx_word' id='word_1_330' title='bbox 354 1599 597 1628; x_wconf 85' lang='lat' dir='ltr'><strong>consummationis</strong></span> <span class='ocrx_word' id='word_1_331' title='bbox 616 1599 756 1631; x_wconf 83' lang='lat' dir='ltr'><strong>dicuntur,</strong></span> <span class='ocrx_word' id='word_1_332' title='bbox 771 1599 913 1635; x_wconf 76' lang='lat' dir='ltr'><strong>sequentia</strong></span> <span class='ocrx_word' id='word_1_333' title='bbox 932 1585 1026 1627; x_wconf 76' lang='lat' dir='ltr'><strong>osten-</strong></span> <span class='ocrx_word' id='word_1_334' title='bbox 1040 1585 1061 1614; x_wconf 70' lang='grc' dir='ltr'><strong>θ</strong></span> 
     </span>
    </p>
   </div>
   <div class='ocr_carea' id='block_1_49' title="bbox 234 1641 312 1669">
    <p class='ocr_par' dir='ltr' id='par_1_49' title="bbox 234 1641 312 1669">
     <span class='ocr_line' id='line_1_49' title="bbox 234 1641 312 1669; baseline -0.013 0"><span class='ocrx_word' id='word_1_335' title='bbox 234 1641 312 1669; x_wconf 90' lang='lat' dir='ltr'><strong>dunt.</strong></span> 
     </span>
    </p>
   </div>
   <div class='ocr_carea' id='block_1_50' title="bbox 270 1687 1029 1724">
    <p class='ocr_par' dir='ltr' id='par_1_50' title="bbox 270 1687 1029 1724">
     <span class='ocr_line' id='line_1_50' title="bbox 270 1687 1029 1724; baseline 0.005 -10"><span class='ocrx_word' id='word_1_336' title='bbox 270 1687 376 1722; x_wconf 71' lang='lat' dir='ltr'><strong>Septem</strong></span> <span class='ocrx_word' id='word_1_337' title='bbox 387 1689 458 1716; x_wconf 84' lang='lat' dir='ltr'><strong>enim</strong></span> <span class='ocrx_word' id='word_1_338' title='bbox 467 1689 558 1717; x_wconf 81' lang='lat' dir='ltr'><strong>diebus</strong></span> <span class='ocrx_word' id='word_1_339' title='bbox 565 1690 658 1724; x_wconf 82' lang='lat' dir='ltr'><strong>ﬁnitur</strong></span> <span class='ocrx_word' id='word_1_340' title='bbox 668 1691 837 1723; x_wconf 80' lang='lat' dir='ltr'><strong>consecratio,</strong></span> <span class='ocrx_word' id='word_1_341' title='bbox 846 1691 898 1717; x_wconf 80' lang='lat' dir='ltr'><strong>sive</strong></span> <span class='ocrx_word' id='word_1_342' title='bbox 908 1698 1029 1718; x_wconf 73' lang='lat' dir='ltr'><strong>consum-</strong></span> 
     </span>
    </p>
   </div>
   <div class='ocr_carea' id='block_1_51' title="bbox 236 1731 1029 1770">
    <p class='ocr_par' dir='ltr' id='par_1_51' title="bbox 236 1731 1029 1770">
     <span class='ocr_line' id='line_1_51' title="bbox 236 1731 1029 1770; baseline 0.005 -12"><span class='ocrx_word' id='word_1_343' title='bbox 236 1732 330 1765; x_wconf 78' lang='lat' dir='ltr'><strong>matio,</strong></span> <span class='ocrx_word' id='word_1_344' title='bbox 339 1732 407 1760; x_wconf 82' lang='lat' dir='ltr'><strong>sicut</strong></span> <span class='ocrx_word' id='word_1_345' title='bbox 417 1731 443 1759; x_wconf 86' lang='lat' dir='ltr'><strong>in</strong></span> <span class='ocrx_word' id='word_1_346' title='bbox 457 1734 657 1768; x_wconf 79' lang='lat' dir='ltr'><strong>prwsentiarum</strong></span> <span class='ocrx_word' id='word_1_347' title='bbox 669 1735 768 1770; x_wconf 79' lang='lat' dir='ltr'><strong>factum</strong></span> <span class='ocrx_word' id='word_1_348' title='bbox 780 1738 827 1762; x_wconf 82' lang='lat' dir='ltr'><strong>est.</strong></span> <span class='ocrx_word' id='word_1_349' title='bbox 838 1733 906 1767; x_wconf 86' lang='lat' dir='ltr'><strong>Quia</strong></span> <span class='ocrx_word' id='word_1_350' title='bbox 918 1742 972 1762; x_wconf 86' lang='lat' dir='ltr'><strong>non</strong></span> <span class='ocrx_word' id='word_1_351' title='bbox 985 1742 1029 1761; x_wconf 88' lang='lat' dir='ltr'><strong>se-</strong></span> 
     </span>
    </p>
   </div>
   <div class='ocr_carea' id='block_1_52' title="bbox 194 1777 1028 1815">
    <p class='ocr_par' dir='ltr' id='par_1_52' title="bbox 194 1777 1028 1815">
     <span class='ocr_line' id='line_1_52' title="bbox 194 1777 1028 1815; baseline 0.005 -11"><span class='ocrx_word' id='word_1_352' title='bbox 194 1807 197 1810; x_wconf 40' lang='lat'>.</span> <span class='ocrx_word' id='word_1_353' title='bbox 238 1777 291 1804; x_wconf 87' lang='lat' dir='ltr'><strong>mel</strong></span> <span class='ocrx_word' id='word_1_354' title='bbox 304 1785 351 1806; x_wconf 87' lang='lat' dir='ltr'><strong>eos</strong></span> <span class='ocrx_word' id='word_1_355' title='bbox 363 1779 537 1807; x_wconf 85' lang='lat' dir='ltr'><strong>consecravit</strong></span> <span class='ocrx_word' id='word_1_356' title='bbox 554 1780 697 1815; x_wconf 75' lang='lat' dir='ltr'><strong>sanguine.</strong></span> <span class='ocrx_word' id='word_1_357' title='bbox 712 1784 741 1808; x_wconf 87' lang='lat' dir='ltr'><strong>et</strong></span> <span class='ocrx_word' id='word_1_358' title='bbox 753 1780 886 1815; x_wconf 82' lang='lat' dir='ltr'><strong>panibus;</strong></span> <span class='ocrx_word' id='word_1_359' title='bbox 900 1780 939 1808; x_wconf 88' lang='lat' dir='ltr'><strong>sic</strong></span> <span class='ocrx_word' id='word_1_360' title='bbox 955 1780 1028 1808; x_wconf 88' lang='lat' dir='ltr'><strong>enim</strong></span> 
     </span>
    </p>
   </div>
   <div class='ocr_carea' id='block_1_53' title="bbox 236 1823 1029 1863">
    <p class='ocr_par' dir='ltr' id='par_1_53' title="bbox 236 1823 1029 1863">
     <span class='ocr_line' id='line_1_53' title="bbox 236 1823 1029 1863; baseline 0.003 -13"><span class='ocrx_word' id='word_1_361' title='bbox 236 1823 414 1859; x_wconf 71' lang='lat' dir='ltr'><strong>cognovimus</strong></span> <span class='ocrx_word' id='word_1_362' title='bbox 427 1824 454 1851; x_wconf 86' lang='lat' dir='ltr'><strong>in</strong></span> <span class='ocrx_word' id='word_1_363' title='bbox 465 1825 685 1859; x_wconf 62' lang='lat' dir='ltr'><strong>precedentibus</strong></span> <span class='ocrx_word' id='word_1_364' title='bbox 695 1830 832 1863; x_wconf 88' lang='lat' dir='ltr'><strong>peractam</strong></span> <span class='ocrx_word' id='word_1_365' title='bbox 844 1825 1029 1854; x_wconf 89' lang='lat' dir='ltr'><strong>consecratio-</strong></span> 
     </span>
    </p>
   </div>
   <div class='ocr_carea' id='block_1_54' title="bbox 236 1871 1029 1901">
    <p class='ocr_par' dir='ltr' id='par_1_54' title="bbox 236 1871 1029 1901">
     <span class='ocr_line' id='line_1_54' title="bbox 236 1871 1029 1901; baseline 0.001 -3"><span class='ocrx_word' id='word_1_366' title='bbox 236 1877 299 1898; x_wconf 85' lang='lat' dir='ltr'><strong>nem</strong></span> <span class='ocrx_word' id='word_1_367' title='bbox 311 1878 359 1898; x_wconf 83' lang='lat' dir='ltr'><strong>seu</strong></span> <span class='ocrx_word' id='word_1_368' title='bbox 377 1871 654 1901; x_wconf 88' lang='lat' dir='ltr'><strong>consummationem.</strong></span> <span class='ocrx_word' id='word_1_369' title='bbox 666 1872 713 1901; x_wconf 88' lang='lat' dir='ltr'><strong>llis</strong></span> <span class='ocrx_word' id='word_1_370' title='bbox 724 1872 824 1900; x_wconf 86' lang='lat' dir='ltr'><strong>similia</strong></span> <span class='ocrx_word' id='word_1_371' title='bbox 836 1876 861 1899; x_wconf 89' lang='lat' dir='ltr'><strong>ct</strong></span> <span class='ocrx_word' id='word_1_372' title='bbox 875 1871 963 1899; x_wconf 87' lang='lat' dir='ltr'><strong>Lucas</strong></span> <span class='ocrx_word' id='word_1_373' title='bbox 975 1877 1029 1899; x_wconf 84' lang='lat' dir='ltr'><strong>tra-</strong></span> 
     </span>
    </p>
   </div>
   <div class='ocr_carea' id='block_1_55' title="bbox 238 1915 1026 1953">
    <p class='ocr_par' dir='ltr' id='par_1_55' title="bbox 238 1915 1026 1953">
     <span class='ocr_line' id='line_1_55' title="bbox 238 1915 1026 1953; baseline 0.004 -11"><span class='ocrx_word' id='word_1_374' title='bbox 238 1915 293 1948; x_wconf 83' lang='lat' dir='ltr'><strong>dit;</strong></span> <span class='ocrx_word' id='word_1_375' title='bbox 312 1915 351 1942; x_wconf 85' lang='lat' dir='ltr'><strong>ait</strong></span> <span class='ocrx_word' id='word_1_376' title='bbox 367 1916 441 1943; x_wconf 88' lang='lat' dir='ltr'><strong>enim</strong></span> <span class='ocrx_word' id='word_1_377' title='bbox 466 1916 501 1944; x_wconf 90' lang='lat' dir='ltr'><strong>de</strong></span> <span class='ocrx_word' id='word_1_378' title='bbox 518 1917 642 1951; x_wconf 87' lang='lat' dir='ltr'><strong>Domino,</strong></span> <span class='ocrx_word' id='word_1_379' title='bbox 665 1921 693 1944; x_wconf 87' lang='lat' dir='ltr'><strong>et</strong></span> <span class='ocrx_word' id='word_1_380' title='bbox 710 1917 868 1953; x_wconf 90' lang='lat' dir='ltr'><strong>discipulis:</strong></span> <span class='ocrx_word' id='word_1_381' title='bbox 887 1917 989 1951; x_wconf 80' lang='lat' dir='ltr'><strong>Quibus</strong></span> <span class='ocrx_word' id='word_1_382' title='bbox 1003 1923 1026 1945; x_wconf 84' lang='lat' dir='ltr'><strong>et</strong></span> 
     </span>
    </p>
   </div>
   <div class='ocr_carea' id='block_1_56' title="bbox 239 1963 1031 2001">
    <p class='ocr_par' dir='ltr' id='par_1_56' title="bbox 239 1963 1031 2001">
     <span class='ocr_line' id='line_1_56' title="bbox 239 1963 1031 2001; baseline 0.004 -13"><span class='ocrx_word' id='word_1_383' title='bbox 239 1963 409 1996; x_wconf 70' lang='lat' dir='ltr'><strong>pra’senlavit</strong></span> <span class='ocrx_word' id='word_1_384' title='bbox 423 1963 592 1998; x_wconf 83' lang='lat' dir='ltr'><strong>semetipsum</strong></span> <span class='ocrx_word' id='word_1_385' title='bbox 607 1969 665 2001; x_wconf 80' lang='lat' dir='ltr'><strong>post</strong></span> <span class='ocrx_word' id='word_1_386' title='bbox 683 1968 791 1991; x_wconf 89' lang='lat' dir='ltr'><strong>mortem</strong></span> <span class='ocrx_word' id='word_1_387' title='bbox 805 1972 881 1991; x_wconf 80' lang='lat' dir='ltr'><strong>suam</strong></span> <span class='ocrx_word' id='word_1_388' title='bbox 897 1964 926 1991; x_wconf 85' lang='lat' dir='ltr'><strong>in</strong></span> <span class='ocrx_word' id='word_1_389' title='bbox 941 1964 1031 1991; x_wconf 85' lang='lat' dir='ltr'><strong>multis</strong></span> 
     </span>
    </p>
   </div>
   <div class='ocr_carea' id='block_1_57' title="bbox 238 2009 1032 2047">
    <p class='ocr_par' dir='ltr' id='par_1_57' title="bbox 238 2009 1032 2047">
     <span class='ocr_line' id='line_1_57' title="bbox 238 2009 1032 2047; baseline 0.005 -13"><span class='ocrx_word' id='word_1_390' title='bbox 238 2009 411 2043; x_wconf 83' lang='lat' dir='ltr'><strong>argumentis,</strong></span> <span class='ocrx_word' id='word_1_391' title='bbox 423 2017 469 2047; x_wconf 82' lang='lat' dir='ltr'><strong>per</strong></span> <span class='ocrx_word' id='word_1_392' title='bbox 483 2009 538 2036; x_wconf 75' lang='lat' dir='ltr'><strong>dies</strong></span> <span class='ocrx_word' id='word_1_393' title='bbox 554 2009 732 2044; x_wconf 83' lang='lat' dir='ltr'><strong>quadraginta</strong></span> <span class='ocrx_word' id='word_1_394' title='bbox 741 2018 873 2045; x_wconf 82' lang='lat' dir='ltr'><strong>apparens</strong></span> <span class='ocrx_word' id='word_1_395' title='bbox 889 2011 936 2044; x_wconf 83' lang='lat' dir='ltr'><strong>eis,</strong></span> <span class='ocrx_word' id='word_1_396' title='bbox 953 2015 977 2038; x_wconf 76' lang='lat' dir='ltr'><strong>et</strong></span> <span class='ocrx_word' id='word_1_397' title='bbox 993 2011 1032 2038; x_wconf 54' lang='lat' dir='ltr'><strong>luo</strong></span> 
     </span>
    </p>
   </div>
   <div class='ocr_carea' id='block_1_58' title="bbox 240 2054 1026 2092">
    <p class='ocr_par' dir='ltr' id='par_1_58' title="bbox 240 2054 1026 2092">
     <span class='ocr_line' id='line_1_58' title="bbox 240 2054 1026 2092; baseline 0.003 -11"><span class='ocrx_word' id='word_1_398' title='bbox 240 2063 321 2090; x_wconf 83' lang='lat' dir='ltr'><strong>quens</strong></span> <span class='ocrx_word' id='word_1_399' title='bbox 330 2055 362 2082; x_wconf 84' lang='lat' dir='ltr'><strong>de</strong></span> <span class='ocrx_word' id='word_1_400' title='bbox 373 2063 451 2092; x_wconf 67' lang='lat' dir='ltr'><strong>regna</strong></span> <span class='ocrx_word' id='word_1_401' title='bbox 463 2054 521 2088; x_wconf 87' lang='lat' dir='ltr'><strong>Dei,</strong></span> <span class='ocrx_word' id='word_1_402' title='bbox 534 2061 558 2083; x_wconf 87' lang='lat' dir='ltr'><strong>et</strong></span> <span class='ocrx_word' id='word_1_403' title='bbox 575 2064 736 2088; x_wconf 63' lang='lat' dir='ltr'><strong>contestans,</strong></span> <span class='ocrx_word' id='word_1_404' title='bbox 753 2057 877 2091; x_wconf 73' lang='lat' dir='ltr'><strong>prmcepit</strong></span> <span class='ocrx_word' id='word_1_405' title='bbox 888 2057 921 2083; x_wconf 89' lang='lat' dir='ltr'><strong>ab</strong></span> <span class='ocrx_word' id='word_1_406' title='bbox 937 2056 1026 2084; x_wconf 83' lang='lat' dir='ltr'><strong>Hiero-</strong></span> 
     </span>
    </p>
   </div>
   <div class='ocr_carea' id='block_1_59' title="bbox 239 2101 1032 2138">
    <p class='ocr_par' dir='ltr' id='par_1_59' title="bbox 239 2101 1032 2138">
     <span class='ocr_line' id='line_1_59' title="bbox 239 2101 1032 2138; baseline 0.005 -11"><span class='ocrx_word' id='word_1_407' title='bbox 239 2101 349 2136; x_wconf 82' lang='lat' dir='ltr'><strong>solymis</strong></span> <span class='ocrx_word' id='word_1_408' title='bbox 361 2110 392 2128; x_wconf 87' lang='lat' dir='ltr'><strong>ne</strong></span> <span class='ocrx_word' id='word_1_409' title='bbox 403 2101 575 2134; x_wconf 82' lang='lat' dir='ltr'><strong>discederent,</strong></span> <span class='ocrx_word' id='word_1_410' title='bbox 584 2103 629 2130; x_wconf 81' lang='lat' dir='ltr'><strong>sed</strong></span> <span class='ocrx_word' id='word_1_411' title='bbox 640 2107 819 2137; x_wconf 75' lang='lat' dir='ltr'><strong>exspectarent</strong></span> <span class='ocrx_word' id='word_1_412' title='bbox 831 2103 1032 2138; x_wconf 76' lang='lat' dir='ltr'><strong>promissionem</strong></span> 
     </span>
    </p>
   </div>
   <div class='ocr_carea' id='block_1_60' title="bbox 240 2146 1032 2185">
    <p class='ocr_par' dir='ltr' id='par_1_60' title="bbox 240 2146 1032 2185">
     <span class='ocr_line' id='line_1_60' title="bbox 240 2146 1032 2185; baseline 0.005 -13"><span class='ocrx_word' id='word_1_413' title='bbox 240 2147 365 2182; x_wconf 76' lang='lat' dir='ltr'><strong>patris&quot;.</strong></span> <span class='ocrx_word' id='word_1_414' title='bbox 391 2146 489 2185; x_wconf 73' lang='lat' dir='ltr'><strong>Cernis</strong></span> <span class='ocrx_word' id='word_1_415' title='bbox 504 2148 642 2182; x_wconf 91' lang='lat' dir='ltr'><strong>quomodo</strong></span> <span class='ocrx_word' id='word_1_416' title='bbox 664 2149 853 2181; x_wconf 87' lang='lat' dir='ltr'><strong>consecrabat,</strong></span> <span class='ocrx_word' id='word_1_417' title='bbox 878 2149 935 2176; x_wconf 92' lang='lat' dir='ltr'><strong>sive</strong></span> <span class='ocrx_word' id='word_1_418' title='bbox 950 2149 1032 2184; x_wconf 61' lang='grc' dir='ltr'><strong>ρει-(ἰν</strong></span> 
     </span>
    </p>
   </div>
   <div class='ocr_carea' id='block_1_61' title="bbox 241 2193 1031 2232">
    <p class='ocr_par' dir='ltr' id='par_1_61' title="bbox 241 2193 1031 2232">
     <span class='ocr_line' id='line_1_61' title="bbox 241 2193 1031 2232; baseline 0.005 -12"><span class='ocrx_word' id='word_1_419' title='bbox 241 2193 331 2220; x_wconf 82' lang='lat' dir='ltr'><strong>ciebat</strong></span> <span class='ocrx_word' id='word_1_420' title='bbox 354 2201 413 2226; x_wconf 82' lang='lat' dir='ltr'><strong>eos.</strong></span> <span class='ocrx_word' id='word_1_421' title='bbox 434 2201 569 2230; x_wconf 88' lang='lat' dir='ltr'><strong>apparens</strong></span> <span class='ocrx_word' id='word_1_422' title='bbox 585 2195 636 2228; x_wconf 90' lang='lat' dir='ltr'><strong>eis,</strong></span> <span class='ocrx_word' id='word_1_423' title='bbox 655 2200 683 2223; x_wconf 92' lang='lat' dir='ltr'><strong>et</strong></span> <span class='ocrx_word' id='word_1_424' title='bbox 704 2195 807 2223; x_wconf 82' lang='lat' dir='ltr'><strong>docens</strong></span> <span class='ocrx_word' id='word_1_425' title='bbox 821 2196 855 2223; x_wconf 89' lang='lat' dir='ltr'><strong>de</strong></span> <span class='ocrx_word' id='word_1_426' title='bbox 870 2203 954 2232; x_wconf 78' lang='lat' dir='ltr'><strong>regno</strong></span> <span class='ocrx_word' id='word_1_427' title='bbox 971 2196 1031 2229; x_wconf 87' lang='lat' dir='ltr'><strong>Dei,</strong></span> 
     </span>
    </p>
   </div>
   <div class='ocr_carea' id='block_1_62' title="bbox 239 2240 1030 2278">
    <p class='ocr_par' dir='ltr' id='par_1_62' title="bbox 239 2240 1030 2278">
     <span class='ocr_line' id='line_1_62' title="bbox 239 2240 1030 2278; baseline 0.005 -12"><span class='ocrx_word' id='word_1_428' title='bbox 239 2243 269 2267; x_wconf 82' lang='lat' dir='ltr'><strong>et</strong></span> <span class='ocrx_word' id='word_1_429' title='bbox 282 2246 462 2267; x_wconf 84' lang='lat' dir='ltr'><strong>convescens.</strong></span> <span class='ocrx_word' id='word_1_430' title='bbox 478 2240 578 2268; x_wconf 86' lang='lat' dir='ltr'><strong>Diccns</strong></span> <span class='ocrx_word' id='word_1_431' title='bbox 593 2246 683 2269; x_wconf 82' lang='lat' dir='ltr'><strong>autem</strong></span> <span class='ocrx_word' id='word_1_432' title='bbox 705 2241 738 2269; x_wconf 88' lang='lat' dir='ltr'><strong>ab</strong></span> <span class='ocrx_word' id='word_1_433' title='bbox 760 2241 955 2278; x_wconf 81' lang='lat' dir='ltr'><strong>Hierosolymis</strong></span> <span class='ocrx_word' id='word_1_434' title='bbox 974 2251 1030 2270; x_wconf 90' lang='lat' dir='ltr'><strong>non</strong></span> 
     </span>
    </p>
   </div>
   <div class='ocr_carea' id='block_1_63' title="bbox 242 2284 1032 2323">
    <p class='ocr_par' dir='ltr' id='par_1_63' title="bbox 242 2284 1032 2323">
     <span class='ocr_line' id='line_1_63' title="bbox 242 2284 1032 2323; baseline 0.004 -11"><span class='ocrx_word' id='word_1_435' title='bbox 242 2284 391 2318; x_wconf 85' lang='lat' dir='ltr'><strong>discedere,</strong></span> <span class='ocrx_word' id='word_1_436' title='bbox 418 2293 473 2313; x_wconf 88' lang='lat' dir='ltr'><strong>non</strong></span> <span class='ocrx_word' id='word_1_437' title='bbox 494 2287 624 2323; x_wconf 65' lang='lat' dir='ltr'><strong>praacepit</strong></span> <span class='ocrx_word' id='word_1_438' title='bbox 647 2287 759 2322; x_wconf 81' lang='lat' dir='ltr'><strong>januam</strong></span> <span class='ocrx_word' id='word_1_439' title='bbox 783 2287 952 2315; x_wconf 85' lang='lat' dir='ltr'><strong>tabernaculi</strong></span> <span class='ocrx_word' id='word_1_440' title='bbox 968 2296 1032 2323; x_wconf 89' lang='lat' dir='ltr'><strong>pro-</strong></span> 
     </span>
    </p>
   </div>
   <div class='ocr_carea' id='block_1_64' title="bbox 242 2331 1030 2369">
    <p class='ocr_par' dir='ltr' id='par_1_64' title="bbox 242 2331 1030 2369">
     <span class='ocr_line' id='line_1_64' title="bbox 242 2331 1030 2369; baseline 0.004 -12"><span class='ocrx_word' id='word_1_441' title='bbox 242 2331 316 2366; x_wconf 80' lang='lat' dir='ltr'><strong>gredi</strong></span> <span class='ocrx_word' id='word_1_442' title='bbox 336 2331 379 2358; x_wconf 83' lang='lat' dir='ltr'><strong>vel</strong></span> <span class='ocrx_word' id='word_1_443' title='bbox 403 2331 507 2368; x_wconf 76' lang='lat' dir='ltr'><strong>egredi.</strong></span> <span class='ocrx_word' id='word_1_444' title='bbox 526 2331 553 2360; x_wconf 90' lang='lat' dir='ltr'><strong>id</strong></span> <span class='ocrx_word' id='word_1_445' title='bbox 568 2337 620 2366; x_wconf 88' lang='lat' dir='ltr'><strong>est,</strong></span> <span class='ocrx_word' id='word_1_446' title='bbox 640 2340 696 2360; x_wconf 93' lang='lat' dir='ltr'><strong>non</strong></span> <span class='ocrx_word' id='word_1_447' title='bbox 710 2332 844 2369; x_wconf 84' lang='lat' dir='ltr'><strong>permittit</strong></span> <span class='ocrx_word' id='word_1_448' title='bbox 870 2333 1030 2368; x_wconf 82' lang='lat' dir='ltr'><strong>praedicare,</strong></span> 
     </span>
    </p>
   </div>
   <div class='ocr_carea' id='block_1_65' title="bbox 241 2377 1035 2415">
    <p class='ocr_par' dir='ltr' id='par_1_65' title="bbox 241 2377 1035 2415">
     <span class='ocr_line' id='line_1_65' title="bbox 241 2377 1035 2415; baseline 0.004 -11"><span class='ocrx_word' id='word_1_449' title='bbox 241 2385 326 2415; x_wconf 85' lang='lat' dir='ltr'><strong>usque</strong></span> <span class='ocrx_word' id='word_1_450' title='bbox 345 2377 411 2405; x_wconf 91' lang='lat' dir='ltr'><strong>dum</strong></span> <span class='ocrx_word' id='word_1_451' title='bbox 435 2379 646 2413; x_wconf 86' lang='lat' dir='ltr'><strong>promissionem</strong></span> <span class='ocrx_word' id='word_1_452' title='bbox 671 2379 792 2414; x_wconf 83' lang='lat' dir='ltr'><strong>spiritus,</strong></span> <span class='ocrx_word' id='word_1_453' title='bbox 821 2387 882 2415; x_wconf 65' lang='lat' dir='ltr'><strong>qua:</strong></span> <span class='ocrx_word' id='word_1_454' title='bbox 906 2379 976 2407; x_wconf 87' lang='lat' dir='ltr'><strong>facta</strong></span> <span class='ocrx_word' id='word_1_455' title='bbox 992 2384 1035 2407; x_wconf 89' lang='lat' dir='ltr'><strong>est</strong></span> 
     </span>
    </p>
   </div>
   <div class='ocr_carea' id='block_1_66' title="bbox 241 2423 1034 2461">
    <p class='ocr_par' dir='ltr' id='par_1_66' title="bbox 241 2423 1034 2461">
     <span class='ocr_line' id='line_1_66' title="bbox 241 2423 1034 2461; baseline 0.004 -11"><span class='ocrx_word' id='word_1_456' title='bbox 241 2423 465 2461; x_wconf 80' lang='lat' dir='ltr'><strong>quinquagesima</strong></span> <span class='ocrx_word' id='word_1_457' title='bbox 492 2425 546 2457; x_wconf 90' lang='lat' dir='ltr'><strong>die,</strong></span> <span class='ocrx_word' id='word_1_458' title='bbox 572 2425 737 2461; x_wconf 88' lang='lat' dir='ltr'><strong>acciperent.</strong></span> <span class='ocrx_word' id='word_1_459' title='bbox 761 2425 821 2453; x_wconf 88' lang='lat' dir='ltr'><strong>Non</strong></span> <span class='ocrx_word' id='word_1_460' title='bbox 845 2431 937 2454; x_wconf 86' lang='lat' dir='ltr'><strong>autem</strong></span> <span class='ocrx_word' id='word_1_461' title='bbox 958 2426 1034 2454; x_wconf 82' lang='lat' dir='ltr'><strong>exire</strong></span> 
     </span>
    </p>
   </div>
   <div class='ocr_carea' id='block_1_67' title="bbox 242 2470 1035 2505">
    <p class='ocr_par' dir='ltr' id='par_1_67' title="bbox 242 2470 1035 2505">
     <span class='ocr_line' id='line_1_67' title="bbox 242 2470 1035 2505; baseline 0.005 -8"><span class='ocrx_word' id='word_1_462' title='bbox 242 2470 277 2497; x_wconf 87' lang='lat' dir='ltr'><strong>de</strong></span> <span class='ocrx_word' id='word_1_463' title='bbox 290 2471 373 2505; x_wconf 85' lang='lat' dir='ltr'><strong>janua</strong></span> <span class='ocrx_word' id='word_1_464' title='bbox 389 2471 558 2502; x_wconf 87' lang='lat' dir='ltr'><strong>tabernaculi</strong></span> <span class='ocrx_word' id='word_1_465' title='bbox 575 2472 735 2505; x_wconf 84' lang='lat' dir='ltr'><strong>testimonii,</strong></span> <span class='ocrx_word' id='word_1_466' title='bbox 752 2480 850 2501; x_wconf 87' lang='lat' dir='ltr'><strong>vacare</strong></span> <span class='ocrx_word' id='word_1_467' title='bbox 864 2479 906 2500; x_wconf 88' lang='lat' dir='ltr'><strong>est</strong></span> <span class='ocrx_word' id='word_1_468' title='bbox 921 2482 935 2501; x_wconf 88' lang='lat' dir='ltr'><strong>a</strong></span> <span class='ocrx_word' id='word_1_469' title='bbox 950 2474 1035 2501; x_wconf 85' lang='lat' dir='ltr'><strong>verbo</strong></span> 
     </span>
    </p>
   </div>
   <div class='ocr_carea' id='block_1_68' title="bbox 243 2515 1033 2554">
    <p class='ocr_par' dir='ltr' id='par_1_68' title="bbox 243 2515 1033 2554">
     <span class='ocr_line' id='line_1_68' title="bbox 243 2515 1033 2554; baseline 0.004 -11"><span class='ocrx_word' id='word_1_470' title='bbox 243 2515 385 2550; x_wconf 65' lang='lat' dir='ltr'><strong>doctrinae,</strong></span> <span class='ocrx_word' id='word_1_471' title='bbox 405 2521 434 2545; x_wconf 90' lang='lat' dir='ltr'><strong>et</strong></span> <span class='ocrx_word' id='word_1_472' title='bbox 449 2525 503 2546; x_wconf 87' lang='lat' dir='ltr'><strong>non</strong></span> <span class='ocrx_word' id='word_1_473' title='bbox 515 2518 662 2553; x_wconf 77' lang='lat' dir='ltr'><strong>[medicare</strong></span> <span class='ocrx_word' id='word_1_474' title='bbox 673 2518 824 2550; x_wconf 86' lang='lat' dir='ltr'><strong>evidenter,</strong></span> <span class='ocrx_word' id='word_1_475' title='bbox 838 2519 902 2554; x_wconf 86' lang='lat' dir='ltr'><strong>quia</strong></span> <span class='ocrx_word' id='word_1_476' title='bbox 914 2519 1033 2547; x_wconf 88' lang='lat' dir='ltr'><strong>hostium</strong></span> 
     </span>
    </p>
   </div>
   <div class='ocr_carea' id='block_1_69' title="bbox 243 2563 1034 2600">
    <p class='ocr_par' dir='ltr' id='par_1_69' title="bbox 243 2563 1034 2600">
     <span class='ocr_line' id='line_1_69' title="bbox 243 2563 1034 2600; baseline 0.001 -9"><span class='ocrx_word' id='word_1_477' title='bbox 243 2563 421 2599; x_wconf 84' lang='lat' dir='ltr'><strong>semetipsum</strong></span> <span class='ocrx_word' id='word_1_478' title='bbox 437 2563 574 2598; x_wconf 77' lang='lat' dir='ltr'><strong>Christus,</strong></span> <span class='ocrx_word' id='word_1_479' title='bbox 590 2568 685 2600; x_wconf 85' lang='lat' dir='ltr'><strong>utpote</strong></span> <span class='ocrx_word' id='word_1_480' title='bbox 699 2564 745 2600; x_wconf 89' lang='lat' dir='ltr'><strong>qui</strong></span> <span class='ocrx_word' id='word_1_481' title='bbox 758 2564 866 2592; x_wconf 88' lang='lat' dir='ltr'><strong>initium</strong></span> <span class='ocrx_word' id='word_1_482' title='bbox 882 2570 924 2592; x_wconf 89' lang='lat' dir='ltr'><strong>est</strong></span> <span class='ocrx_word' id='word_1_483' title='bbox 942 2566 1034 2593; x_wconf 91' lang='lat' dir='ltr'><strong>omnis</strong></span> 
     </span>
    </p>
   </div>
   <div class='ocr_carea' id='block_1_70' title="bbox 244 2609 1036 2643">
    <p class='ocr_par' dir='ltr' id='par_1_70' title="bbox 244 2609 1036 2643">
     <span class='ocr_line' id='line_1_70' title="bbox 244 2609 1036 2643; baseline 0.001 -5"><span class='ocrx_word' id='word_1_484' title='bbox 244 2609 329 2638; x_wconf 78' lang='lat' dir='ltr'><strong>divini</strong></span> <span class='ocrx_word' id='word_1_485' title='bbox 343 2609 430 2642; x_wconf 86' lang='lat' dir='ltr'><strong>verbi,</strong></span> <span class='ocrx_word' id='word_1_486' title='bbox 447 2613 474 2637; x_wconf 88' lang='lat' dir='ltr'><strong>et</strong></span> <span class='ocrx_word' id='word_1_487' title='bbox 489 2610 621 2643; x_wconf 57' lang='lat' dir='ltr'><strong>scientias,</strong></span> <span class='ocrx_word' id='word_1_488' title='bbox 639 2611 798 2639; x_wconf 84' lang='lat' dir='ltr'><strong>insinuavit.</strong></span> <span class='ocrx_word' id='word_1_489' title='bbox 814 2611 929 2641; x_wconf 86' lang='lat' dir='ltr'><strong>introire</strong></span> <span class='ocrx_word' id='word_1_490' title='bbox 943 2616 1036 2639; x_wconf 86' lang='lat' dir='ltr'><strong>autem</strong></span> 
     </span>
    </p>
   </div>
   <div class='ocr_carea' id='block_1_71' title="bbox 245 2656 1037 2696">
    <p class='ocr_par' dir='ltr' id='par_1_71' title="bbox 245 2656 1037 2696">
     <span class='ocr_line' id='line_1_71' title="bbox 245 2656 1037 2696; baseline 0.001 -11"><span class='ocrx_word' id='word_1_491' title='bbox 245 2656 307 2691; x_wconf 82' lang='lat' dir='ltr'><strong>ejus</strong></span> <span class='ocrx_word' id='word_1_492' title='bbox 319 2656 429 2688; x_wconf 87' lang='lat' dir='ltr'><strong>ostium,</strong></span> <span class='ocrx_word' id='word_1_493' title='bbox 451 2660 479 2686; x_wconf 74' lang='lat' dir='ltr'><strong>et</strong></span> <span class='ocrx_word' id='word_1_494' title='bbox 492 2656 595 2691; x_wconf 74' lang='lat' dir='ltr'><strong>egredi,</strong></span> <span class='ocrx_word' id='word_1_495' title='bbox 613 2661 643 2684; x_wconf 88' lang='lat' dir='ltr'><strong>ut</strong></span> <span class='ocrx_word' id='word_1_496' title='bbox 658 2665 823 2692; x_wconf 78' lang='lat' dir='ltr'><strong>praesumere</strong></span> <span class='ocrx_word' id='word_1_497' title='bbox 840 2657 868 2685; x_wconf 91' lang='lat' dir='ltr'><strong>in</strong></span> <span class='ocrx_word' id='word_1_498' title='bbox 881 2658 940 2696; x_wconf 89' lang='lat' dir='ltr'><strong>ipso</strong></span> <span class='ocrx_word' id='word_1_499' title='bbox 956 2658 1037 2686; x_wconf 87' lang='lat' dir='ltr'><strong>intel-</strong></span> 
     </span>
    </p>
   </div>
   <div class='ocr_carea' id='block_1_72' title="bbox 243 2701 1034 2740">
    <p class='ocr_par' dir='ltr' id='par_1_72' title="bbox 243 2701 1034 2740">
     <span class='ocr_line' id='line_1_72' title="bbox 243 2701 1034 2740; baseline 0.004 -11"><span class='ocrx_word' id='word_1_500' title='bbox 243 2701 374 2738; x_wconf 76' lang='lat' dir='ltr'><strong>ligamus,</strong></span> <span class='ocrx_word' id='word_1_501' title='bbox 393 2701 451 2737; x_wconf 89' lang='lat' dir='ltr'><strong>ipse</strong></span> <span class='ocrx_word' id='word_1_502' title='bbox 465 2701 543 2730; x_wconf 89' lang='lat' dir='ltr'><strong>nobis</strong></span> <span class='ocrx_word' id='word_1_503' title='bbox 560 2702 670 2730; x_wconf 85' lang='lat' dir='ltr'><strong>tradidit</strong></span> <span class='ocrx_word' id='word_1_504' title='bbox 682 2703 790 2737; x_wconf 88' lang='lat' dir='ltr'><strong>quando</strong></span> <span class='ocrx_word' id='word_1_505' title='bbox 801 2703 933 2740; x_wconf 90' lang='lat' dir='ltr'><strong>quosdam</strong></span> <span class='ocrx_word' id='word_1_506' title='bbox 946 2704 1034 2732; x_wconf 89' lang='lat' dir='ltr'><strong>aliena</strong></span> 
     </span>
    </p>
   </div>
   <div class='ocr_carea' id='block_1_73' title="bbox 245 2747 1034 2786">
    <p class='ocr_par' dir='ltr' id='par_1_73' title="bbox 245 2747 1034 2786">
     <span class='ocr_line' id='line_1_73' title="bbox 245 2747 1034 2786; baseline 0.006 -11"><span class='ocrx_word' id='word_1_507' title='bbox 245 2748 386 2781; x_wconf 79' lang='lat' dir='ltr'><strong>docentes,</strong></span> <span class='ocrx_word' id='word_1_508' title='bbox 401 2751 429 2776; x_wconf 87' lang='lat' dir='ltr'><strong>et</strong></span> <span class='ocrx_word' id='word_1_509' title='bbox 448 2747 476 2776; x_wconf 94' lang='lat' dir='ltr'><strong>in</strong></span> <span class='ocrx_word' id='word_1_510' title='bbox 492 2756 586 2776; x_wconf 86' lang='lat' dir='ltr'><strong>errore</strong></span> <span class='ocrx_word' id='word_1_511' title='bbox 603 2748 752 2783; x_wconf 81' lang='lat' dir='ltr'><strong>mittentes,</strong></span> <span class='ocrx_word' id='word_1_512' title='bbox 774 2755 839 2778; x_wconf 82' lang='lat' dir='ltr'><strong>ante</strong></span> <span class='ocrx_word' id='word_1_513' title='bbox 858 2750 1034 2786; x_wconf 62' lang='lat' dir='ltr'><strong>praesentiam</strong></span> 
     </span>
    </p>
   </div>
   <div class='ocr_carea' id='block_1_74' title="bbox 1048 2271 1072 2300">
    <p class='ocr_par' dir='ltr' id='par_1_74' title="bbox 1048 2271 1072 2300">
     <span class='ocr_line' id='line_1_74' title="bbox 1048 2271 1072 2300; baseline 0 0"><span class='ocrx_word' id='word_1_514' title='bbox 1048 2271 1072 2300; x_wconf 83' lang='grc' dir='ltr'><strong>ι)</strong></span> 
     </span>
    </p>
   </div>
   <div class='ocr_carea' id='block_1_75' title="bbox 1074 949 1871 988">
    <p class='ocr_par' dir='ltr' id='par_1_75' title="bbox 1074 949 1871 988">
     <span class='ocr_line' id='line_1_75' title="bbox 1074 949 1871 988; baseline -0.006 -8"><span class='ocrx_word' id='word_1_515' title='bbox 1074 952 1221 988; x_wconf 83' lang='lat' dir='ltr'><strong>pletionem</strong></span> <span class='ocrx_word' id='word_1_516' title='bbox 1237 951 1349 986; x_wconf 85' lang='lat' dir='ltr'><strong>quidem</strong></span> <span class='ocrx_word' id='word_1_517' title='bbox 1373 950 1480 978; x_wconf 90' lang='lat' dir='ltr'><strong>dierum</strong></span> <span class='ocrx_word' id='word_1_518' title='bbox 1496 955 1673 985; x_wconf 88' lang='lat' dir='ltr'><strong>scptenarum</strong></span> <span class='ocrx_word' id='word_1_519' title='bbox 1696 949 1810 980; x_wconf 87' lang='lat' dir='ltr'><strong>habens,</strong></span> <span class='ocrx_word' id='word_1_520' title='bbox 1825 955 1871 983; x_wconf 79' lang='lat' dir='ltr'><strong>ge-</strong></span> 
     </span>
    </p>
   </div>
   <div class='ocr_carea' id='block_1_76' title="bbox 1074 995 1871 1033">
    <p class='ocr_par' dir='ltr' id='par_1_76' title="bbox 1074 995 1871 1033">
     <span class='ocr_line' id='line_1_76' title="bbox 1074 995 1871 1033; baseline -0.008 -6"><span class='ocrx_word' id='word_1_521' title='bbox 1074 1007 1138 1027; x_wconf 87' lang='lat' dir='ltr'><strong>rens</strong></span> <span class='ocrx_word' id='word_1_522' title='bbox 1172 1003 1263 1026; x_wconf 82' lang='lat' dir='ltr'><strong>autem</strong></span> <span class='ocrx_word' id='word_1_523' title='bbox 1287 997 1402 1033; x_wconf 85' lang='lat' dir='ltr'><strong>spiritus</strong></span> <span class='ocrx_word' id='word_1_524' title='bbox 1439 996 1639 1031; x_wconf 88' lang='lat' dir='ltr'><strong>plenitudinem</strong></span> <span class='ocrx_word' id='word_1_525' title='bbox 1677 995 1795 1030; x_wconf 80' lang='lat' dir='ltr'><strong>implens</strong></span> <span class='ocrx_word' id='word_1_526' title='bbox 1822 1002 1871 1021; x_wconf 82' lang='lat' dir='ltr'><strong>eos</strong></span> 
     </span>
    </p>
   </div>
   <div class='ocr_carea' id='block_1_77' title="bbox 1074 1040 1872 1081">
    <p class='ocr_par' dir='ltr' id='par_1_77' title="bbox 1074 1040 1872 1081">
     <span class='ocr_line' id='line_1_77' title="bbox 1074 1040 1872 1081; baseline -0.009 -8"><span class='ocrx_word' id='word_1_527' title='bbox 1074 1045 1253 1081; x_wconf 80' lang='lat' dir='ltr'><strong>perfectione,</strong></span> <span class='ocrx_word' id='word_1_528' title='bbox 1277 1044 1378 1079; x_wconf 89' lang='lat' dir='ltr'><strong>quibus</strong></span> <span class='ocrx_word' id='word_1_529' title='bbox 1401 1042 1563 1070; x_wconf 85' lang='lat' dir='ltr'><strong>infundebat</strong></span> <span class='ocrx_word' id='word_1_530' title='bbox 1584 1041 1721 1077; x_wconf 89' lang='lat' dir='ltr'><strong>spiritmn.</strong></span> <span class='ocrx_word' id='word_1_531' title='bbox 1747 1040 1825 1073; x_wconf 87' lang='lat' dir='ltr'><strong>Quod</strong></span> <span class='ocrx_word' id='word_1_532' title='bbox 1849 1040 1872 1067; x_wconf 89' lang='lat' dir='ltr'><strong>si</strong></span> 
     </span>
    </p>
   </div>
   <div class='ocr_carea' id='block_1_78' title="bbox 1074 1087 1872 1126">
    <p class='ocr_par' dir='ltr' id='par_1_78' title="bbox 1074 1087 1872 1126">
     <span class='ocr_line' id='line_1_78' title="bbox 1074 1087 1872 1126; baseline -0.008 -7"><span class='ocrx_word' id='word_1_533' title='bbox 1074 1092 1190 1124; x_wconf 89' lang='lat' dir='ltr'><strong>dicatur,</strong></span> <span class='ocrx_word' id='word_1_534' title='bbox 1213 1091 1277 1126; x_wconf 87' lang='lat' dir='ltr'><strong>quia</strong></span> <span class='ocrx_word' id='word_1_535' title='bbox 1303 1089 1483 1126; x_wconf 81' lang='lat' dir='ltr'><strong>quadraginta</strong></span> <span class='ocrx_word' id='word_1_536' title='bbox 1505 1088 1616 1124; x_wconf 87' lang='lat' dir='ltr'><strong>quidem</strong></span> <span class='ocrx_word' id='word_1_537' title='bbox 1644 1087 1704 1115; x_wconf 89' lang='lat' dir='ltr'><strong>dies</strong></span> <span class='ocrx_word' id='word_1_538' title='bbox 1725 1094 1788 1114; x_wconf 91' lang='lat' dir='ltr'><strong>cum</strong></span> <span class='ocrx_word' id='word_1_539' title='bbox 1802 1093 1872 1121; x_wconf 89' lang='lat' dir='ltr'><strong>apo-</strong></span> 
     </span>
    </p>
   </div>
   <div class='ocr_carea' id='block_1_79' title="bbox 1075 1133 1871 1172">
    <p class='ocr_par' dir='ltr' id='par_1_79' title="bbox 1075 1133 1871 1172">
     <span class='ocr_line' id='line_1_79' title="bbox 1075 1133 1871 1172; baseline -0.008 -8"><span class='ocrx_word' id='word_1_540' title='bbox 1075 1137 1162 1169; x_wconf 85' lang='lat' dir='ltr'><strong>stolis,</strong></span> <span class='ocrx_word' id='word_1_541' title='bbox 1178 1136 1323 1172; x_wconf 83' lang='lat' dir='ltr'><strong>perllciens</strong></span> <span class='ocrx_word' id='word_1_542' title='bbox 1342 1143 1390 1163; x_wconf 91' lang='lat' dir='ltr'><strong>eos</strong></span> <span class='ocrx_word' id='word_1_543' title='bbox 1402 1135 1529 1162; x_wconf 86' lang='lat' dir='ltr'><strong>Christus</strong></span> <span class='ocrx_word' id='word_1_544' title='bbox 1548 1133 1599 1161; x_wconf 85' lang='lat' dir='ltr'><strong>fuit</strong></span> <span class='ocrx_word' id='word_1_545' title='bbox 1621 1143 1628 1160; x_wconf 87' lang='lat'><strong><em>:</em></strong></span> <span class='ocrx_word' id='word_1_546' title='bbox 1652 1133 1697 1168; x_wconf 88' lang='lat' dir='ltr'><strong>qui</strong></span> <span class='ocrx_word' id='word_1_547' title='bbox 1715 1137 1808 1159; x_wconf 83' lang='lat' dir='ltr'><strong>autem</strong></span> <span class='ocrx_word' id='word_1_548' title='bbox 1825 1139 1871 1158; x_wconf 85' lang='lat' dir='ltr'><strong>se-</strong></span> 
     </span>
    </p>
   </div>
   <div class='ocr_carea' id='block_1_80' title="bbox 1075 1177 1873 1217">
    <p class='ocr_par' dir='ltr' id='par_1_80' title="bbox 1075 1177 1873 1217">
     <span class='ocr_line' id='line_1_80' title="bbox 1075 1177 1873 1217; baseline -0.008 -7"><span class='ocrx_word' id='word_1_549' title='bbox 1075 1183 1194 1212; x_wconf 84' lang='lat' dir='ltr'><strong>cundum</strong></span> <span class='ocrx_word' id='word_1_550' title='bbox 1216 1182 1301 1217; x_wconf 86' lang='lat' dir='ltr'><strong>legem</strong></span> <span class='ocrx_word' id='word_1_551' title='bbox 1318 1185 1382 1208; x_wconf 92' lang='lat' dir='ltr'><strong>sunt</strong></span> <span class='ocrx_word' id='word_1_552' title='bbox 1394 1179 1572 1216; x_wconf 88' lang='lat' dir='ltr'><strong>perfectionis</strong></span> <span class='ocrx_word' id='word_1_553' title='bbox 1588 1184 1692 1214; x_wconf 79' lang='lat' dir='ltr'><strong>septem</strong></span> <span class='ocrx_word' id='word_1_554' title='bbox 1709 1178 1779 1207; x_wconf 88' lang='lat' dir='ltr'><strong>dies.</strong></span> <span class='ocrx_word' id='word_1_555' title='bbox 1798 1177 1873 1204; x_wconf 56' lang='lat' dir='ltr'><strong>inte-</strong></span> 
     </span>
    </p>
   </div>
   <div class='ocr_carea' id='block_1_81' title="bbox 1076 1223 1871 1265">
    <p class='ocr_par' dir='ltr' id='par_1_81' title="bbox 1076 1223 1871 1265">
     <span class='ocr_line' id='line_1_81' title="bbox 1076 1223 1871 1265; baseline -0.009 -10"><span class='ocrx_word' id='word_1_556' title='bbox 1076 1237 1171 1265; x_wconf 77' lang='lat' dir='ltr'><strong>gram,</strong></span> <span class='ocrx_word' id='word_1_557' title='bbox 1203 1227 1274 1255; x_wconf 88' lang='lat' dir='ltr'><strong>sicut</strong></span> <span class='ocrx_word' id='word_1_558' title='bbox 1305 1227 1446 1258; x_wconf 82' lang='lat' dir='ltr'><strong>diximus,</strong></span> <span class='ocrx_word' id='word_1_559' title='bbox 1487 1226 1667 1252; x_wconf 83' lang='lat' dir='ltr'><strong>Pentecosten</strong></span> <span class='ocrx_word' id='word_1_560' title='bbox 1701 1223 1871 1251; x_wconf 82' lang='lat' dir='ltr'><strong>describunt.</strong></span> 
     </span>
    </p>
   </div>
   <div class='ocr_carea' id='block_1_82' title="bbox 1076 1268 1873 1308">
    <p class='ocr_par' dir='ltr' id='par_1_82' title="bbox 1076 1268 1873 1308">
     <span class='ocr_line' id='line_1_82' title="bbox 1076 1268 1873 1308; baseline -0.011 -5"><span class='ocrx_word' id='word_1_561' title='bbox 1076 1275 1224 1304; x_wconf 85' lang='lat' dir='ltr'><strong>Sciendum</strong></span> <span class='ocrx_word' id='word_1_562' title='bbox 1242 1278 1283 1301; x_wconf 84' lang='lat' dir='ltr'><strong>est</strong></span> <span class='ocrx_word' id='word_1_563' title='bbox 1303 1273 1366 1308; x_wconf 87' lang='lat' dir='ltr'><strong>quia</strong></span> <span class='ocrx_word' id='word_1_564' title='bbox 1389 1280 1442 1300; x_wconf 90' lang='lat' dir='ltr'><strong>nec</strong></span> <span class='ocrx_word' id='word_1_565' title='bbox 1463 1272 1489 1299; x_wconf 90' lang='lat' dir='ltr'><strong>in</strong></span> <span class='ocrx_word' id='word_1_566' title='bbox 1514 1271 1614 1299; x_wconf 85' lang='lat' dir='ltr'><strong>mediis</strong></span> <span class='ocrx_word' id='word_1_567' title='bbox 1637 1271 1708 1297; x_wconf 72' lang='lat' dir='ltr'><strong>inter</strong></span> <span class='ocrx_word' id='word_1_568' title='bbox 1726 1268 1873 1296; x_wconf 60' lang='lat' dir='ltr'><strong>Ascensio.</strong></span> 
     </span>
    </p>
   </div>
   <div class='ocr_carea' id='block_1_83' title="bbox 1076 1316 1874 1352">
    <p class='ocr_par' dir='ltr' id='par_1_83' title="bbox 1076 1316 1874 1352">
     <span class='ocr_line' id='line_1_83' title="bbox 1076 1316 1874 1352; baseline -0.013 -2"><span class='ocrx_word' id='word_1_569' title='bbox 1076 1330 1139 1350; x_wconf 87' lang='lat' dir='ltr'><strong>nem</strong></span> <span class='ocrx_word' id='word_1_570' title='bbox 1157 1325 1184 1349; x_wconf 85' lang='lat' dir='ltr'><strong>et</strong></span> <span class='ocrx_word' id='word_1_571' title='bbox 1199 1320 1382 1348; x_wconf 82' lang='lat' dir='ltr'><strong>Pentecosten</strong></span> <span class='ocrx_word' id='word_1_572' title='bbox 1407 1319 1515 1351; x_wconf 87' lang='lat' dir='ltr'><strong>diebus,</strong></span> <span class='ocrx_word' id='word_1_573' title='bbox 1532 1318 1566 1345; x_wconf 89' lang='lat' dir='ltr'><strong>ab</strong></span> <span class='ocrx_word' id='word_1_574' title='bbox 1582 1316 1711 1352; x_wconf 68' lang='lat' dir='ltr'><strong>apostolis</strong></span> <span class='ocrx_word' id='word_1_575' title='bbox 1727 1319 1874 1350; x_wconf 77' lang='lat' dir='ltr'><strong>separatus</strong></span> 
     </span>
    </p>
   </div>
   <div class='ocr_carea' id='block_1_84' title="bbox 1076 1361 1874 1402">
    <p class='ocr_par' dir='ltr' id='par_1_84' title="bbox 1076 1361 1874 1402">
     <span class='ocr_line' id='line_1_84' title="bbox 1076 1361 1874 1402; baseline -0.014 -6"><span class='ocrx_word' id='word_1_576' title='bbox 1076 1374 1133 1397; x_wconf 82' lang='lat' dir='ltr'><strong>est:</strong></span> <span class='ocrx_word' id='word_1_577' title='bbox 1162 1375 1226 1395; x_wconf 90' lang='lat' dir='ltr'><strong>nam</strong></span> <span class='ocrx_word' id='word_1_578' title='bbox 1254 1365 1391 1402; x_wconf 88' lang='lat' dir='ltr'><strong>quomodo</strong></span> <span class='ocrx_word' id='word_1_579' title='bbox 1421 1364 1490 1392; x_wconf 84' lang='lat' dir='ltr'><strong>dixit</strong></span> <span class='ocrx_word' id='word_1_580' title='bbox 1506 1364 1564 1392; x_wconf 90' lang='lat' dir='ltr'><strong>eis:</strong></span> <span class='ocrx_word' id='word_1_581' title='bbox 1597 1363 1662 1390; x_wconf 74' lang='lat' dir='ltr'><strong>Ecce</strong></span> <span class='ocrx_word' id='word_1_582' title='bbox 1678 1369 1724 1397; x_wconf 79' lang='lat' dir='ltr'><strong>ego</strong></span> <span class='ocrx_word' id='word_1_583' title='bbox 1741 1361 1874 1387; x_wconf 68' lang='lat' dir='ltr'><strong>robisrum</strong></span> 
     </span>
    </p>
   </div>
   <div class='ocr_carea' id='block_1_85' title="bbox 1076 1405 1875 1442">
    <p class='ocr_par' dir='ltr' id='par_1_85' title="bbox 1076 1405 1875 1442">
     <span class='ocr_line' id='line_1_85' title="bbox 1076 1405 1875 1442; baseline -0.014 -1"><span class='ocrx_word' id='word_1_584' title='bbox 1076 1422 1134 1442; x_wconf 80' lang='lat' dir='ltr'><strong>sum</strong></span> <span class='ocrx_word' id='word_1_585' title='bbox 1151 1411 1270 1440; x_wconf 84' lang='lat' dir='ltr'><strong>omnibus</strong></span> <span class='ocrx_word' id='word_1_586' title='bbox 1285 1410 1421 1438; x_wconf 75' lang='lat' dir='ltr'><strong>diebus“?</strong></span> <span class='ocrx_word' id='word_1_587' title='bbox 1447 1409 1480 1437; x_wconf 85' lang='lat' dir='ltr'><strong>Et</strong></span> <span class='ocrx_word' id='word_1_588' title='bbox 1498 1416 1594 1436; x_wconf 86' lang='lat' dir='ltr'><strong>rursus</strong></span> <span class='ocrx_word' id='word_1_589' title='bbox 1611 1417 1617 1434; x_wconf 89' lang='lat'><em>:</em></span> <span class='ocrx_word' id='word_1_590' title='bbox 1648 1407 1706 1434; x_wconf 82' lang='lat' dir='ltr'><strong>Non</strong></span> <span class='ocrx_word' id='word_1_591' title='bbox 1724 1405 1875 1440; x_wconf 85' lang='lat' dir='ltr'><strong>relinquam</strong></span> 
     </span>
    </p>
   </div>
   <div class='ocr_carea' id='block_1_86' title="bbox 1077 1451 1877 1493">
    <p class='ocr_par' dir='ltr' id='par_1_86' title="bbox 1077 1451 1877 1493">
     <span class='ocr_line' id='line_1_86' title="bbox 1077 1451 1877 1493; baseline -0.011 -7"><span class='ocrx_word' id='word_1_592' title='bbox 1077 1467 1120 1486; x_wconf 81' lang='lat' dir='ltr'><strong>vos</strong></span> <span class='ocrx_word' id='word_1_593' title='bbox 1137 1458 1276 1493; x_wconf 84' lang='lat' dir='ltr'><strong>arplmuos,</strong></span> <span class='ocrx_word' id='word_1_594' title='bbox 1296 1456 1399 1482; x_wconf 81' lang='lat' dir='ltr'><strong>veniant</strong></span> <span class='ocrx_word' id='word_1_595' title='bbox 1415 1456 1450 1482; x_wconf 87' lang='lat' dir='ltr'><strong>ad</strong></span> <span class='ocrx_word' id='word_1_596' title='bbox 1466 1464 1510 1482; x_wconf 84' lang='lat' dir='ltr'><strong>vos</strong></span> <span class='ocrx_word' id='word_1_597' title='bbox 1518 1455 1550 1481; x_wconf 78' lang='lat'><strong>°‘.</strong></span> <span class='ocrx_word' id='word_1_598' title='bbox 1564 1454 1713 1488; x_wconf 84' lang='lat' dir='ltr'><strong>Propterea</strong></span> <span class='ocrx_word' id='word_1_599' title='bbox 1733 1451 1877 1487; x_wconf 62' lang='lat' dir='ltr'><strong>lagislator</strong></span> 
     </span>
    </p>
   </div>
   <div class='ocr_carea' id='block_1_87' title="bbox 1078 1503 1216 1532">
    <p class='ocr_par' dir='ltr' id='par_1_87' title="bbox 1078 1503 1216 1532">
     <span class='ocr_line' id='line_1_87' title="bbox 1078 1503 1216 1532; baseline -0.014 0"><span class='ocrx_word' id='word_1_600' title='bbox 1078 1503 1216 1532; x_wconf 85' lang='lat' dir='ltr'><strong>subdidit:</strong></span> 
     </span>
    </p>
   </div>
   <div class='ocr_carea' id='block_1_88' title="bbox 1114 1542 1876 1584">
    <p class='ocr_par' dir='ltr' id='par_1_88' title="bbox 1114 1542 1876 1584">
     <span class='ocr_line' id='line_1_88' title="bbox 1114 1542 1876 1584; baseline -0.014 -6"><span class='ocrx_word' id='word_1_601' title='bbox 1114 1549 1186 1578; x_wconf 85' lang='lat' dir='ltr'><strong>Sicut</strong></span> <span class='ocrx_word' id='word_1_602' title='bbox 1203 1550 1230 1577; x_wconf 83' lang='lat' dir='ltr'><strong>in</strong></span> <span class='ocrx_word' id='word_1_603' title='bbox 1247 1549 1449 1584; x_wconf 82' lang='lat' dir='ltr'><strong>pru&#39;sentiarum</strong></span> <span class='ocrx_word' id='word_1_604' title='bbox 1467 1548 1566 1583; x_wconf 80' lang='lat' dir='ltr'><strong>factum</strong></span> <span class='ocrx_word' id='word_1_605' title='bbox 1583 1550 1629 1576; x_wconf 79' lang='lat' dir='ltr'><strong>est,</strong></span> <span class='ocrx_word' id='word_1_606' title='bbox 1647 1550 1674 1571; x_wconf 88' lang='lat' dir='ltr'><strong>ut</strong></span> <span class='ocrx_word' id='word_1_607' title='bbox 1690 1544 1756 1570; x_wconf 79' lang='lat' dir='ltr'><strong>ritus</strong></span> <span class='ocrx_word' id='word_1_608' title='bbox 1769 1542 1876 1575; x_wconf 75' lang='lat' dir='ltr'><strong>sacriﬁ-</strong></span> 
     </span>
    </p>
   </div>
   <div class='ocr_carea' id='block_1_89' title="bbox 1078 1586 1877 1630">
    <p class='ocr_par' dir='ltr' id='par_1_89' title="bbox 1078 1586 1877 1630">
     <span class='ocr_line' id='line_1_89' title="bbox 1078 1586 1877 1630; baseline -0.014 -6"><span class='ocrx_word' id='word_1_609' title='bbox 1078 1596 1112 1624; x_wconf 88' lang='lat' dir='ltr'><strong>cii</strong></span> <span class='ocrx_word' id='word_1_610' title='bbox 1127 1594 1312 1630; x_wconf 85' lang='lat' dir='ltr'><strong>compleretur.</strong></span> <span class='ocrx_word' id='word_1_611' title='bbox 1329 1593 1389 1624; x_wconf 81' lang='lat' dir='ltr'><strong>Vel,</strong></span> <span class='ocrx_word' id='word_1_612' title='bbox 1404 1593 1475 1620; x_wconf 84' lang='lat' dir='ltr'><strong>sicut</strong></span> <span class='ocrx_word' id='word_1_613' title='bbox 1490 1590 1571 1622; x_wconf 71' lang='lat' dir='ltr'><strong>LXX.</strong></span> <span class='ocrx_word' id='word_1_614' title='bbox 1590 1588 1622 1616; x_wconf 89' lang='lat' dir='ltr'><strong>In</strong></span> <span class='ocrx_word' id='word_1_615' title='bbox 1640 1589 1682 1615; x_wconf 86' lang='lat' dir='ltr'><strong>die</strong></span> <span class='ocrx_word' id='word_1_616' title='bbox 1693 1589 1740 1615; x_wconf 82' lang='lat' dir='ltr'><strong>hoc</strong></span> <span class='ocrx_word' id='word_1_617' title='bbox 1750 1586 1789 1613; x_wconf 76' lang='lat' dir='ltr'><strong>sic</strong></span> <span class='ocrx_word' id='word_1_618' title='bbox 1805 1594 1877 1621; x_wconf 76' lang='lat' dir='ltr'><strong>pra:-</strong></span> 
     </span>
    </p>
   </div>
   <div class='ocr_carea' id='block_1_90' title="bbox 1079 1633 1878 1678">
    <p class='ocr_par' dir='ltr' id='par_1_90' title="bbox 1079 1633 1878 1678">
     <span class='ocr_line' id='line_1_90' title="bbox 1079 1633 1878 1678; baseline -0.013 -8"><span class='ocrx_word' id='word_1_619' title='bbox 1079 1643 1145 1678; x_wconf 81' lang='lat' dir='ltr'><strong>cepit</strong></span> <span class='ocrx_word' id='word_1_620' title='bbox 1170 1641 1300 1669; x_wconf 72' lang='lat' dir='ltr'><strong>Dominus</strong></span> <span class='ocrx_word' id='word_1_621' title='bbox 1312 1641 1408 1677; x_wconf 71' lang='lat' dir='ltr'><strong>facere,</strong></span> <span class='ocrx_word' id='word_1_622' title='bbox 1426 1643 1454 1666; x_wconf 90' lang='lat' dir='ltr'><strong>ut</strong></span> <span class='ocrx_word' id='word_1_623' title='bbox 1472 1639 1539 1665; x_wconf 84' lang='lat' dir='ltr'><strong>detis</strong></span> <span class='ocrx_word' id='word_1_624' title='bbox 1553 1645 1601 1672; x_wconf 87' lang='lat' dir='ltr'><strong>pro</strong></span> <span class='ocrx_word' id='word_1_625' title='bbox 1614 1636 1695 1663; x_wconf 78' lang='lat' dir='ltr'><strong>vobis.</strong></span> <span class='ocrx_word' id='word_1_626' title='bbox 1717 1634 1744 1662; x_wconf 94' lang='lat' dir='ltr'><strong>in</strong></span> <span class='ocrx_word' id='word_1_627' title='bbox 1764 1642 1817 1670; x_wconf 89' lang='lat' dir='ltr'><strong>qua</strong></span> <span class='ocrx_word' id='word_1_628' title='bbox 1831 1633 1878 1660; x_wconf 81' lang='lat' dir='ltr'><strong>die</strong></span> 
     </span>
    </p>
   </div>
   <div class='ocr_carea' id='block_1_91' title="bbox 1079 1679 1877 1720">
    <p class='ocr_par' dir='ltr' id='par_1_91' title="bbox 1079 1679 1877 1720">
     <span class='ocr_line' id='line_1_91' title="bbox 1079 1679 1877 1720; baseline -0.016 -3"><span class='ocrx_word' id='word_1_629' title='bbox 1079 1689 1152 1716; x_wconf 91' lang='lat' dir='ltr'><strong>enim</strong></span> <span class='ocrx_word' id='word_1_630' title='bbox 1171 1687 1281 1716; x_wconf 89' lang='lat' dir='ltr'><strong>tradidit</strong></span> <span class='ocrx_word' id='word_1_631' title='bbox 1295 1693 1380 1714; x_wconf 65' lang='lat' dir='ltr'><strong>ouante</strong></span> <span class='ocrx_word' id='word_1_632' title='bbox 1408 1684 1580 1720; x_wconf 85' lang='lat' dir='ltr'><strong>mysterium,</strong></span> <span class='ocrx_word' id='word_1_633' title='bbox 1601 1682 1628 1708; x_wconf 93' lang='lat' dir='ltr'><strong>in</strong></span> <span class='ocrx_word' id='word_1_634' title='bbox 1653 1680 1748 1708; x_wconf 67' lang='lat' dir='ltr'><strong>callem</strong></span> <span class='ocrx_word' id='word_1_635' title='bbox 1767 1680 1812 1706; x_wconf 86' lang='lat' dir='ltr'><strong>die</strong></span> <span class='ocrx_word' id='word_1_636' title='bbox 1827 1679 1877 1705; x_wconf 66' lang='lat' dir='ltr'><strong>deo</strong></span> 
     </span>
    </p>
   </div>
   <div class='ocr_carea' id='block_1_92' title="bbox 1079 1723 1878 1770">
    <p class='ocr_par' dir='ltr' id='par_1_92' title="bbox 1079 1723 1878 1770">
     <span class='ocr_line' id='line_1_92' title="bbox 1079 1723 1878 1770; baseline -0.016 -8"><span class='ocrx_word' id='word_1_637' title='bbox 1079 1734 1282 1770; x_wconf 83' lang='lat' dir='ltr'><strong>precationem,</strong></span> <span class='ocrx_word' id='word_1_638' title='bbox 1311 1733 1370 1759; x_wconf 88' lang='lat' dir='ltr'><strong>sive</strong></span> <span class='ocrx_word' id='word_1_639' title='bbox 1398 1729 1618 1765; x_wconf 86' lang='lat' dir='ltr'><strong>propitiationem</strong></span> <span class='ocrx_word' id='word_1_640' title='bbox 1651 1725 1815 1756; x_wconf 87' lang='lat' dir='ltr'><strong>insinuavit,</strong></span> <span class='ocrx_word' id='word_1_641' title='bbox 1850 1723 1878 1750; x_wconf 86' lang='lat' dir='ltr'><strong>id</strong></span> 
     </span>
    </p>
   </div>
   <div class='ocr_carea' id='block_1_93' title="bbox 1079 1770 1879 1815">
    <p class='ocr_par' dir='ltr' id='par_1_93' title="bbox 1079 1770 1879 1815">
     <span class='ocr_line' id='line_1_93' title="bbox 1079 1770 1879 1815; baseline -0.014 -8"><span class='ocrx_word' id='word_1_642' title='bbox 1079 1783 1137 1813; x_wconf 81' lang='lat' dir='ltr'><strong>est,</strong></span> <span class='ocrx_word' id='word_1_643' title='bbox 1160 1783 1334 1815; x_wconf 85' lang='lat' dir='ltr'><strong>peccatorum</strong></span> <span class='ocrx_word' id='word_1_644' title='bbox 1369 1775 1577 1806; x_wconf 88' lang='lat' dir='ltr'><strong>remissionem,</strong></span> <span class='ocrx_word' id='word_1_645' title='bbox 1611 1773 1727 1800; x_wconf 86' lang='lat' dir='ltr'><strong>dicens:</strong></span> <span class='ocrx_word' id='word_1_646' title='bbox 1762 1770 1813 1798; x_wconf 78' lang='lat' dir='ltr'><strong>Hic</strong></span> <span class='ocrx_word' id='word_1_647' title='bbox 1839 1775 1879 1796; x_wconf 79' lang='lat' dir='ltr'><strong>est</strong></span> 
     </span>
    </p>
   </div>
   <div class='ocr_carea' id='block_1_94' title="bbox 1080 1818 1879 1860">
    <p class='ocr_par' dir='ltr' id='par_1_94' title="bbox 1080 1818 1879 1860">
     <span class='ocr_line' id='line_1_94' title="bbox 1080 1818 1879 1860; baseline -0.015 -6"><span class='ocrx_word' id='word_1_648' title='bbox 1080 1834 1153 1854; x_wconf 85' lang='lat' dir='ltr'><strong>meus</strong></span> <span class='ocrx_word' id='word_1_649' title='bbox 1172 1824 1282 1860; x_wconf 74' lang='lat' dir='ltr'><strong>sanguis</strong></span> <span class='ocrx_word' id='word_1_650' title='bbox 1296 1823 1355 1851; x_wconf 83' lang='lat' dir='ltr'><strong>novi</strong></span> <span class='ocrx_word' id='word_1_651' title='bbox 1379 1822 1541 1854; x_wconf 82' lang='lat' dir='ltr'><strong>testamenti,</strong></span> <span class='ocrx_word' id='word_1_652' title='bbox 1558 1821 1603 1856; x_wconf 85' lang='lat' dir='ltr'><strong>qui</strong></span> <span class='ocrx_word' id='word_1_653' title='bbox 1619 1828 1667 1854; x_wconf 90' lang='lat' dir='ltr'><strong>pro</strong></span> <span class='ocrx_word' id='word_1_654' title='bbox 1680 1818 1770 1846; x_wconf 82' lang='lat' dir='ltr'><strong>multis</strong></span> <span class='ocrx_word' id='word_1_655' title='bbox 1792 1818 1879 1852; x_wconf 68' lang='lat' dir='ltr'><strong>aﬂua-</strong></span> 
     </span>
    </p>
   </div>
   <div class='ocr_carea' id='block_1_95' title="bbox 1079 1863 1877 1905">
    <p class='ocr_par' dir='ltr' id='par_1_95' title="bbox 1079 1863 1877 1905">
     <span class='ocr_line' id='line_1_95' title="bbox 1079 1863 1877 1905; baseline -0.011 -6"><span class='ocrx_word' id='word_1_656' title='bbox 1079 1873 1166 1905; x_wconf 86' lang='lat' dir='ltr'><strong>detur,</strong></span> <span class='ocrx_word' id='word_1_657' title='bbox 1191 1871 1219 1897; x_wconf 87' lang='lat' dir='ltr'><strong>in</strong></span> <span class='ocrx_word' id='word_1_658' title='bbox 1242 1869 1418 1898; x_wconf 79' lang='lat' dir='ltr'><strong>remissionem</strong></span> <span class='ocrx_word' id='word_1_659' title='bbox 1445 1867 1654 1904; x_wconf 79' lang='lat' dir='ltr'><strong>peccatorum&quot;.</strong></span> <span class='ocrx_word' id='word_1_660' title='bbox 1675 1864 1772 1892; x_wconf 75' lang='lat' dir='ltr'><strong>Verbis</strong></span> <span class='ocrx_word' id='word_1_661' title='bbox 1790 1863 1877 1891; x_wconf 85' lang='lat' dir='ltr'><strong>etiam</strong></span> 
     </span>
    </p>
   </div>
   <div class='ocr_carea' id='block_1_96' title="bbox 1080 1909 1878 1955">
    <p class='ocr_par' dir='ltr' id='par_1_96' title="bbox 1080 1909 1878 1955">
     <span class='ocr_line' id='line_1_96' title="bbox 1080 1909 1878 1955; baseline -0.015 -8"><span class='ocrx_word' id='word_1_662' title='bbox 1080 1919 1157 1955; x_wconf 89' lang='lat' dir='ltr'><strong>ipsis,</strong></span> <span class='ocrx_word' id='word_1_663' title='bbox 1175 1925 1206 1946; x_wconf 89' lang='lat' dir='ltr'><strong>ea</strong></span> <span class='ocrx_word' id='word_1_664' title='bbox 1224 1925 1285 1953; x_wconf 73' lang='lat' dir='ltr'><strong>qua:</strong></span> <span class='ocrx_word' id='word_1_665' title='bbox 1305 1916 1332 1943; x_wconf 93' lang='lat' dir='ltr'><strong>in</strong></span> <span class='ocrx_word' id='word_1_666' title='bbox 1356 1915 1504 1950; x_wconf 82' lang='lat' dir='ltr'><strong>Evangelio</strong></span> <span class='ocrx_word' id='word_1_667' title='bbox 1517 1914 1617 1949; x_wconf 87' lang='lat' dir='ltr'><strong>scripta</strong></span> <span class='ocrx_word' id='word_1_668' title='bbox 1632 1916 1715 1945; x_wconf 79' lang='lat' dir='ltr'><strong>sunt;</strong></span> <span class='ocrx_word' id='word_1_669' title='bbox 1741 1909 1878 1946; x_wconf 70' lang='lat' dir='ltr'><strong>praedicit,</strong></span> 
     </span>
    </p>
   </div>
   <div class='ocr_carea' id='block_1_97' title="bbox 1080 1958 1880 1999">
    <p class='ocr_par' dir='ltr' id='par_1_97' title="bbox 1080 1958 1880 1999">
     <span class='ocr_line' id='line_1_97' title="bbox 1080 1958 1880 1999; baseline -0.015 -6"><span class='ocrx_word' id='word_1_670' title='bbox 1080 1965 1153 1993; x_wconf 86' lang='lat' dir='ltr'><strong>sicut</strong></span> <span class='ocrx_word' id='word_1_671' title='bbox 1196 1969 1365 1999; x_wconf 81' lang='lat' dir='ltr'><strong>cognoscere</strong></span> <span class='ocrx_word' id='word_1_672' title='bbox 1405 1969 1438 1989; x_wconf 78' lang='lat' dir='ltr'><strong>ex</strong></span> <span class='ocrx_word' id='word_1_673' title='bbox 1475 1960 1519 1988; x_wconf 89' lang='lat' dir='ltr'><strong>his</strong></span> <span class='ocrx_word' id='word_1_674' title='bbox 1557 1967 1618 1995; x_wconf 73' lang='lat' dir='ltr'><strong>qua:</strong></span> <span class='ocrx_word' id='word_1_675' title='bbox 1669 1958 1880 1992; x_wconf 88' lang='lat' dir='ltr'><strong>subsequuntur</strong></span> 
     </span>
    </p>
   </div>
   <div class='ocr_carea' id='block_1_98' title="bbox 1081 2016 1169 2047">
    <p class='ocr_par' dir='ltr' id='par_1_98' title="bbox 1081 2016 1169 2047">
     <span class='ocr_line' id='line_1_98' title="bbox 1081 2016 1169 2047; baseline -0.023 -7"><span class='ocrx_word' id='word_1_676' title='bbox 1081 2016 1169 2047; x_wconf 88' lang='lat' dir='ltr'><strong>potes.</strong></span> 
     </span>
    </p>
   </div>
   <div class='ocr_carea' id='block_1_99' title="bbox 1121 2048 1882 2086">
    <p class='ocr_par' dir='ltr' id='par_1_99' title="bbox 1121 2048 1882 2086">
     <span class='ocr_line' id='line_1_99' title="bbox 1121 2048 1882 2086; baseline -0.016 0"><span class='ocrx_word' id='word_1_677' title='bbox 1121 2058 1167 2086; x_wconf 83' lang='lat' dir='ltr'><strong>Dte</strong></span> <span class='ocrx_word' id='word_1_678' title='bbox 1184 2066 1215 2085; x_wconf 85' lang='lat' dir='ltr'><strong>ac</strong></span> <span class='ocrx_word' id='word_1_679' title='bbox 1228 2062 1301 2084; x_wconf 83' lang='lat' dir='ltr'><strong>nocte</strong></span> <span class='ocrx_word' id='word_1_680' title='bbox 1316 2055 1455 2083; x_wconf 78' lang='lat' dir='ltr'><strong>manebitis</strong></span> <span class='ocrx_word' id='word_1_681' title='bbox 1477 2055 1504 2081; x_wconf 89' lang='lat' dir='ltr'><strong>in</strong></span> <span class='ocrx_word' id='word_1_682' title='bbox 1525 2051 1706 2080; x_wconf 79' lang='lat' dir='ltr'><strong>tabernaculo.</strong></span> <span class='ocrx_word' id='word_1_683' title='bbox 1730 2049 1791 2080; x_wconf 85' lang='lat' dir='ltr'><strong>Vel,</strong></span> <span class='ocrx_word' id='word_1_684' title='bbox 1808 2048 1882 2076; x_wconf 88' lang='lat' dir='ltr'><strong>sicut</strong></span> 
     </span>
    </p>
   </div>
   <div class='ocr_carea' id='block_1_100' title="bbox 1082 2095 1881 2138">
    <p class='ocr_par' dir='ltr' id='par_1_100' title="bbox 1082 2095 1881 2138">
     <span class='ocr_line' id='line_1_100' title="bbox 1082 2095 1881 2138; baseline -0.015 -6"><span class='ocrx_word' id='word_1_685' title='bbox 1082 2104 1172 2132; x_wconf 74' lang='lat' dir='ltr'><strong>LXX:</strong></span> <span class='ocrx_word' id='word_1_686' title='bbox 1191 2104 1232 2131; x_wconf 79' lang='lat' dir='ltr'><strong>Ad</strong></span> <span class='ocrx_word' id='word_1_687' title='bbox 1256 2103 1373 2138; x_wconf 87' lang='lat' dir='ltr'><strong>januam</strong></span> <span class='ocrx_word' id='word_1_688' title='bbox 1396 2099 1560 2128; x_wconf 72' lang='lat' dir='ltr'><strong>tabernaculi</strong></span> <span class='ocrx_word' id='word_1_689' title='bbox 1590 2096 1734 2125; x_wconf 82' lang='lat' dir='ltr'><strong>testimonii</strong></span> <span class='ocrx_word' id='word_1_690' title='bbox 1756 2095 1881 2122; x_wconf 78' lang='lat' dir='ltr'><strong>sedebitis</strong></span> 
     </span>
    </p>
   </div>
   <div class='ocr_carea' id='block_1_101' title="bbox 1082 2140 1882 2190">
    <p class='ocr_par' dir='ltr' id='par_1_101' title="bbox 1082 2140 1882 2190">
     <span class='ocr_line' id='line_1_101' title="bbox 1082 2140 1882 2190; baseline -0.015 -12"><span class='ocrx_word' id='word_1_691' title='bbox 1082 2156 1177 2188; x_wconf 78' lang='lat' dir='ltr'><strong>septem</strong></span> <span class='ocrx_word' id='word_1_692' title='bbox 1193 2149 1292 2182; x_wconf 87' lang='lat' dir='ltr'><strong>diebus,</strong></span> <span class='ocrx_word' id='word_1_693' title='bbox 1308 2149 1350 2176; x_wconf 86' lang='lat' dir='ltr'><strong>die</strong></span> <span class='ocrx_word' id='word_1_694' title='bbox 1367 2156 1398 2175; x_wconf 85' lang='lat' dir='ltr'><strong>ac</strong></span> <span class='ocrx_word' id='word_1_695' title='bbox 1412 2151 1495 2174; x_wconf 82' lang='lat' dir='ltr'><strong>nocte.</strong></span> <span class='ocrx_word' id='word_1_696' title='bbox 1516 2144 1650 2173; x_wconf 84' lang='lat' dir='ltr'><strong>Dominus</strong></span> <span class='ocrx_word' id='word_1_697' title='bbox 1665 2151 1730 2170; x_wconf 90' lang='lat' dir='ltr'><strong>vero</strong></span> <span class='ocrx_word' id='word_1_698' title='bbox 1745 2140 1882 2190; x_wconf 70' lang='lat' dir='ltr'><strong>apostolis</strong></span> 
     </span>
    </p>
   </div>
   <div class='ocr_carea' id='block_1_102' title="bbox 1083 2187 1882 2225">
    <p class='ocr_par' dir='ltr' id='par_1_102' title="bbox 1083 2187 1882 2225">
     <span class='ocr_line' id='line_1_102' title="bbox 1083 2187 1882 2225; baseline -0.016 0"><span class='ocrx_word' id='word_1_699' title='bbox 1083 2198 1121 2225; x_wconf 83' lang='lat' dir='ltr'><strong>ait</strong></span> <span class='ocrx_word' id='word_1_700' title='bbox 1137 2206 1143 2225; x_wconf 91' lang='lat'>:</span> <span class='ocrx_word' id='word_1_701' title='bbox 1162 2197 1208 2224; x_wconf 77' lang='lat' dir='ltr'><strong>Vos</strong></span> <span class='ocrx_word' id='word_1_702' title='bbox 1220 2201 1308 2223; x_wconf 82' lang='lat' dir='ltr'><strong>autent</strong></span> <span class='ocrx_word' id='word_1_703' title='bbox 1329 2194 1450 2222; x_wconf 74' lang='lat' dir='ltr'><strong>scdcbitis</strong></span> <span class='ocrx_word' id='word_1_704' title='bbox 1467 2193 1494 2220; x_wconf 84' lang='lat' dir='ltr'><strong>in</strong></span> <span class='ocrx_word' id='word_1_705' title='bbox 1520 2191 1638 2223; x_wconf 83' lang='lat' dir='ltr'><strong>civitate,</strong></span> <span class='ocrx_word' id='word_1_706' title='bbox 1656 2187 1819 2223; x_wconf 72' lang='lat' dir='ltr'><strong>usquedum</strong></span> <span class='ocrx_word' id='word_1_707' title='bbox 1839 2187 1882 2213; x_wconf 81' lang='lat' dir='ltr'><strong>in-</strong></span> 
     </span>
    </p>
   </div>
   <div class='ocr_carea' id='block_1_103' title="bbox 1085 2232 1884 2273">
    <p class='ocr_par' dir='ltr' id='par_1_103' title="bbox 1085 2232 1884 2273">
     <span class='ocr_line' id='line_1_103' title="bbox 1085 2232 1884 2273; baseline -0.016 -2"><span class='ocrx_word' id='word_1_708' title='bbox 1085 2243 1206 2271; x_wconf 84' lang='lat' dir='ltr'><strong>duamini</strong></span> <span class='ocrx_word' id='word_1_709' title='bbox 1221 2243 1316 2269; x_wconf 81' lang='lat' dir='ltr'><strong>virtute</strong></span> <span class='ocrx_word' id='word_1_710' title='bbox 1329 2249 1362 2268; x_wconf 72' lang='lat' dir='ltr'><strong>ea:</strong></span> <span class='ocrx_word' id='word_1_711' title='bbox 1376 2240 1471 2273; x_wconf 81' lang='lat' dir='ltr'><strong>alto“,</strong></span> <span class='ocrx_word' id='word_1_712' title='bbox 1485 2238 1524 2266; x_wconf 87' lang='lat' dir='ltr'><strong>sic</strong></span> <span class='ocrx_word' id='word_1_713' title='bbox 1537 2238 1618 2273; x_wconf 87' lang='lat' dir='ltr'><strong>plane</strong></span> <span class='ocrx_word' id='word_1_714' title='bbox 1635 2235 1767 2264; x_wconf 84' lang='lat' dir='ltr'><strong>scdebitis,</strong></span> <span class='ocrx_word' id='word_1_715' title='bbox 1784 2233 1833 2259; x_wconf 81' lang='lat' dir='ltr'><strong>ait.</strong></span> <span class='ocrx_word' id='word_1_716' title='bbox 1849 2232 1884 2259; x_wconf 86' lang='lat' dir='ltr'><strong>Et</strong></span> 
     </span>
    </p>
   </div>
   <div class='ocr_carea' id='block_1_104' title="bbox 1085 2279 1883 2325">
    <p class='ocr_par' dir='ltr' id='par_1_104' title="bbox 1085 2279 1883 2325">
     <span class='ocr_line' id='line_1_104' title="bbox 1085 2279 1883 2325; baseline -0.018 -8"><span class='ocrx_word' id='word_1_717' title='bbox 1085 2290 1143 2325; x_wconf 86' lang='lat' dir='ltr'><strong>ipse</strong></span> <span class='ocrx_word' id='word_1_718' title='bbox 1165 2287 1312 2324; x_wconf 87' lang='lat' dir='ltr'><strong>discipulos</strong></span> <span class='ocrx_word' id='word_1_719' title='bbox 1327 2284 1528 2313; x_wconf 84' lang='lat' dir='ltr'><strong>hebdomadam</strong></span> <span class='ocrx_word' id='word_1_720' title='bbox 1543 2282 1661 2313; x_wconf 85' lang='lat' dir='ltr'><strong>dierum,</strong></span> <span class='ocrx_word' id='word_1_721' title='bbox 1681 2279 1750 2307; x_wconf 88' lang='lat' dir='ltr'><strong>nihil</strong></span> <span class='ocrx_word' id='word_1_722' title='bbox 1767 2281 1883 2313; x_wconf 81' lang='lat' dir='ltr'><strong>agentes</strong></span> 
     </span>
    </p>
   </div>
   <div class='ocr_carea' id='block_1_105' title="bbox 1085 2325 1882 2367">
    <p class='ocr_par' dir='ltr' id='par_1_105' title="bbox 1085 2325 1882 2367">
     <span class='ocr_line' id='line_1_105' title="bbox 1085 2325 1882 2367; baseline -0.018 -4"><span class='ocrx_word' id='word_1_723' title='bbox 1085 2342 1207 2367; x_wconf 88' lang='lat' dir='ltr'><strong>manere,</strong></span> <span class='ocrx_word' id='word_1_724' title='bbox 1225 2338 1251 2360; x_wconf 85' lang='lat' dir='ltr'><strong>et</strong></span> <span class='ocrx_word' id='word_1_725' title='bbox 1265 2340 1319 2360; x_wconf 91' lang='lat' dir='ltr'><strong>non</strong></span> <span class='ocrx_word' id='word_1_726' title='bbox 1335 2330 1484 2367; x_wconf 65' lang='lat' dir='ltr'><strong>praedicare</strong></span> <span class='ocrx_word' id='word_1_727' title='bbox 1511 2327 1649 2364; x_wconf 64' lang='lat' dir='ltr'><strong>praecepit.</strong></span> <span class='ocrx_word' id='word_1_728' title='bbox 1668 2325 1747 2353; x_wconf 84' lang='lat' dir='ltr'><strong>Unde</strong></span> <span class='ocrx_word' id='word_1_729' title='bbox 1773 2331 1807 2350; x_wconf 78' lang='lat' dir='ltr'><strong>ex</strong></span> <span class='ocrx_word' id='word_1_730' title='bbox 1824 2327 1882 2350; x_wconf 89' lang='lat' dir='ltr'><strong>toto</strong></span> 
     </span>
    </p>
   </div>
   <div class='ocr_carea' id='block_1_106' title="bbox 1085 2371 1882 2414">
    <p class='ocr_par' dir='ltr' id='par_1_106' title="bbox 1085 2371 1882 2414">
     <span class='ocr_line' id='line_1_106' title="bbox 1085 2371 1882 2414; baseline -0.016 -5"><span class='ocrx_word' id='word_1_731' title='bbox 1085 2390 1140 2409; x_wconf 89' lang='lat' dir='ltr'><strong>non</strong></span> <span class='ocrx_word' id='word_1_732' title='bbox 1166 2380 1298 2408; x_wconf 87' lang='lat' dir='ltr'><strong>docentes</strong></span> <span class='ocrx_word' id='word_1_733' title='bbox 1322 2377 1479 2414; x_wconf 87' lang='lat' dir='ltr'><strong>apostolos,</strong></span> <span class='ocrx_word' id='word_1_734' title='bbox 1505 2379 1651 2409; x_wconf 88' lang='lat' dir='ltr'><strong>antequam</strong></span> <span class='ocrx_word' id='word_1_735' title='bbox 1675 2371 1882 2406; x_wconf 86' lang='lat' dir='ltr'><strong>complerentur</strong></span> 
     </span>
    </p>
   </div>
   <div class='ocr_carea' id='block_1_107' title="bbox 1085 2416 1880 2463">
    <p class='ocr_par' dir='ltr' id='par_1_107' title="bbox 1085 2416 1880 2463">
     <span class='ocr_line' id='line_1_107' title="bbox 1085 2416 1880 2463; baseline -0.015 -8"><span class='ocrx_word' id='word_1_736' title='bbox 1085 2426 1208 2463; x_wconf 70' lang='lat' dir='ltr'><strong>praulicti</strong></span> <span class='ocrx_word' id='word_1_737' title='bbox 1224 2425 1282 2453; x_wconf 84' lang='lat' dir='ltr'><strong>dies</strong></span> <span class='ocrx_word' id='word_1_738' title='bbox 1300 2423 1471 2455; x_wconf 84' lang='lat' dir='ltr'><strong>invenimus;</strong></span> <span class='ocrx_word' id='word_1_739' title='bbox 1496 2420 1641 2455; x_wconf 84' lang='lat' dir='ltr'><strong>completis</strong></span> <span class='ocrx_word' id='word_1_740' title='bbox 1660 2422 1751 2445; x_wconf 88' lang='lat' dir='ltr'><strong>autem</strong></span> <span class='ocrx_word' id='word_1_741' title='bbox 1770 2416 1880 2446; x_wconf 85' lang='lat' dir='ltr'><strong>diebus.</strong></span> 
     </span>
    </p>
   </div>
   <div class='ocr_carea' id='block_1_108' title="bbox 1087 2461 1883 2505">
    <p class='ocr_par' dir='ltr' id='par_1_108' title="bbox 1087 2461 1883 2505">
     <span class='ocr_line' id='line_1_108' title="bbox 1087 2461 1883 2505; baseline -0.018 -4"><span class='ocrx_word' id='word_1_742' title='bbox 1087 2461 1185 2500; x_wconf 77' lang='lat' dir='ltr'><strong>l’ctrus</strong></span> <span class='ocrx_word' id='word_1_743' title='bbox 1202 2478 1264 2499; x_wconf 72' lang='lat' dir='ltr'><strong>mox</strong></span> <span class='ocrx_word' id='word_1_744' title='bbox 1280 2468 1501 2505; x_wconf 62' lang='lat' dir='ltr'><strong>praedicationem</strong></span> <span class='ocrx_word' id='word_1_745' title='bbox 1517 2465 1624 2500; x_wconf 90' lang='lat' dir='ltr'><strong>incipit,</strong></span> <span class='ocrx_word' id='word_1_746' title='bbox 1650 2463 1760 2499; x_wconf 88' lang='lat' dir='ltr'><strong>quando</strong></span> <span class='ocrx_word' id='word_1_747' title='bbox 1775 2467 1803 2489; x_wconf 83' lang='lat' dir='ltr'><strong>et</strong></span> <span class='ocrx_word' id='word_1_748' title='bbox 1833 2461 1883 2488; x_wconf 88' lang='lat' dir='ltr'><strong>ad-</strong></span> 
     </span>
    </p>
   </div>
   <div class='ocr_carea' id='block_1_109' title="bbox 1085 2506 1881 2547">
    <p class='ocr_par' dir='ltr' id='par_1_109' title="bbox 1085 2506 1881 2547">
     <span class='ocr_line' id='line_1_109' title="bbox 1085 2506 1881 2547; baseline -0.018 0"><span class='ocrx_word' id='word_1_749' title='bbox 1085 2519 1148 2547; x_wconf 63' lang='lat' dir='ltr'><strong>ditae</strong></span> <span class='ocrx_word' id='word_1_750' title='bbox 1173 2522 1238 2545; x_wconf 89' lang='lat' dir='ltr'><strong>sunt</strong></span> <span class='ocrx_word' id='word_1_751' title='bbox 1264 2516 1364 2545; x_wconf 70' lang='lat' dir='ltr'><strong>anirnaa</strong></span> <span class='ocrx_word' id='word_1_752' title='bbox 1387 2514 1498 2542; x_wconf 89' lang='lat' dir='ltr'><strong>circiter</strong></span> <span class='ocrx_word' id='word_1_753' title='bbox 1525 2512 1575 2540; x_wconf 87' lang='lat' dir='ltr'><strong>tria</strong></span> <span class='ocrx_word' id='word_1_754' title='bbox 1597 2510 1700 2538; x_wconf 92' lang='lat' dir='ltr'><strong>millia:</strong></span> <span class='ocrx_word' id='word_1_755' title='bbox 1720 2509 1761 2536; x_wconf 89' lang='lat' dir='ltr'><strong>sic</strong></span> <span class='ocrx_word' id='word_1_756' title='bbox 1778 2512 1808 2535; x_wconf 89' lang='lat' dir='ltr'><strong>et</strong></span> <span class='ocrx_word' id='word_1_757' title='bbox 1830 2506 1881 2542; x_wconf 90' lang='lat' dir='ltr'><strong>ipsi</strong></span> 
     </span>
    </p>
   </div>
   <div class='ocr_carea' id='block_1_110' title="bbox 1086 2553 1883 2601">
    <p class='ocr_par' dir='ltr' id='par_1_110' title="bbox 1086 2553 1883 2601">
     <span class='ocr_line' id='line_1_110' title="bbox 1086 2553 1883 2601; baseline -0.018 -8"><span class='ocrx_word' id='word_1_758' title='bbox 1086 2573 1135 2601; x_wconf 91' lang='lat' dir='ltr'><strong>per</strong></span> <span class='ocrx_word' id='word_1_759' title='bbox 1157 2564 1263 2600; x_wconf 75' lang='lat' dir='ltr'><strong>singula</strong></span> <span class='ocrx_word' id='word_1_760' title='bbox 1280 2562 1439 2590; x_wconf 87' lang='lat' dir='ltr'><strong>mandatum</strong></span> <span class='ocrx_word' id='word_1_761' title='bbox 1460 2560 1514 2588; x_wconf 86' lang='lat' dir='ltr'><strong>hoc</strong></span> <span class='ocrx_word' id='word_1_762' title='bbox 1528 2558 1735 2588; x_wconf 86' lang='lat' dir='ltr'><strong>custodierunt,</strong></span> <span class='ocrx_word' id='word_1_763' title='bbox 1753 2559 1781 2582; x_wconf 88' lang='lat' dir='ltr'><strong>et</strong></span> <span class='ocrx_word' id='word_1_764' title='bbox 1795 2553 1883 2581; x_wconf 80' lang='lat' dir='ltr'><strong>maxi—</strong></span> 
     </span>
    </p>
   </div>
   <div class='ocr_carea' id='block_1_111' title="bbox 1087 2600 1883 2646">
    <p class='ocr_par' dir='ltr' id='par_1_111' title="bbox 1087 2600 1883 2646">
     <span class='ocr_line' id='line_1_111' title="bbox 1087 2600 1883 2646; baseline -0.019 -6"><span class='ocrx_word' id='word_1_765' title='bbox 1087 2600 1131 2640; x_wconf 81' lang='lat' dir='ltr'><strong>me</strong></span> <span class='ocrx_word' id='word_1_766' title='bbox 1147 2613 1174 2640; x_wconf 89' lang='lat' dir='ltr'><strong>in</strong></span> <span class='ocrx_word' id='word_1_767' title='bbox 1189 2611 1229 2639; x_wconf 91' lang='lat' dir='ltr'><strong>eis</strong></span> <span class='ocrx_word' id='word_1_768' title='bbox 1247 2609 1419 2646; x_wconf 84' lang='lat' dir='ltr'><strong>complentur</strong></span> <span class='ocrx_word' id='word_1_769' title='bbox 1439 2615 1482 2640; x_wconf 87' lang='lat' dir='ltr'><strong>ea,</strong></span> <span class='ocrx_word' id='word_1_770' title='bbox 1498 2614 1559 2643; x_wconf 79' lang='lat' dir='ltr'><strong>qua:</strong></span> <span class='ocrx_word' id='word_1_771' title='bbox 1591 2605 1619 2632; x_wconf 95' lang='lat' dir='ltr'><strong>in</strong></span> <span class='ocrx_word' id='word_1_772' title='bbox 1648 2600 1883 2637; x_wconf 83' lang='lat' dir='ltr'><strong>subsequentibus</strong></span> 
     </span>
    </p>
   </div>
   <div class='ocr_carea' id='block_1_112' title="bbox 1087 2658 1228 2685">
    <p class='ocr_par' dir='ltr' id='par_1_112' title="bbox 1087 2658 1228 2685">
     <span class='ocr_line' id='line_1_112' title="bbox 1087 2658 1228 2685; baseline -0.014 0"><span class='ocrx_word' id='word_1_773' title='bbox 1087 2658 1228 2685; x_wconf 86' lang='lat' dir='ltr'><strong>dicuntur.</strong></span> 
     </span>
    </p>
   </div>
   <div class='ocr_carea' id='block_1_113' title="bbox 1124 2691 1882 2731">
    <p class='ocr_par' dir='ltr' id='par_1_113' title="bbox 1124 2691 1882 2731">
     <span class='ocr_line' id='line_1_113' title="bbox 1124 2691 1882 2731; baseline -0.018 0"><span class='ocrx_word' id='word_1_774' title='bbox 1124 2702 1292 2731; x_wconf 81' lang='lat' dir='ltr'><strong>Obseruantes</strong></span> <span class='ocrx_word' id='word_1_775' title='bbox 1307 2700 1448 2730; x_wconf 82' lang='lat' dir='ltr'><strong>custodias&#39;</strong></span> <span class='ocrx_word' id='word_1_776' title='bbox 1463 2697 1579 2729; x_wconf 82' lang='lat' dir='ltr'><strong>Domini,</strong></span> <span class='ocrx_word' id='word_1_777' title='bbox 1603 2700 1631 2722; x_wconf 88' lang='lat' dir='ltr'><strong>ut</strong></span> <span class='ocrx_word' id='word_1_778' title='bbox 1647 2703 1697 2721; x_wconf 83' lang='lat' dir='ltr'><strong>non</strong></span> <span class='ocrx_word' id='word_1_779' title='bbox 1717 2691 1882 2720; x_wconf 76' lang='lat' dir='ltr'><strong>moriemini.</strong></span> 
     </span>
    </p>
   </div>
   <div class='ocr_carea' id='block_1_114' title="bbox 1090 2740 1883 2783">
    <p class='ocr_par' dir='ltr' id='par_1_114' title="bbox 1090 2740 1883 2783">
     <span class='ocr_line' id='line_1_114' title="bbox 1090 2740 1883 2783; baseline -0.019 -5"><span class='ocrx_word' id='word_1_780' title='bbox 1090 2750 1133 2779; x_wconf 76' lang='grc' dir='ltr'><strong>δίιτ</strong></span> <span class='ocrx_word' id='word_1_781' title='bbox 1165 2749 1236 2777; x_wconf 80' lang='lat' dir='ltr'><strong>enim</strong></span> <span class='ocrx_word' id='word_1_782' title='bbox 1268 2747 1332 2775; x_wconf 81' lang='lat' dir='ltr'><strong>mihi</strong></span> <span class='ocrx_word' id='word_1_783' title='bbox 1369 2746 1494 2783; x_wconf 73' lang='lat' dir='ltr'><strong>prtrcept&#39;t</strong></span> <span class='ocrx_word' id='word_1_784' title='bbox 1524 2743 1661 2771; x_wconf 84' lang='lat' dir='ltr'><strong>Dominus.</strong></span> <span class='ocrx_word' id='word_1_785' title='bbox 1706 2740 1883 2774; x_wconf 76' lang='lat' dir='ltr'><strong>Fecerunlqtu</strong></span> 
     </span>
    </p>
   </div>
   <div class='ocr_carea' id='block_1_115' title="bbox 282 2839 1026 2888">
    <p class='ocr_par' dir='ltr' id='par_1_115' title="bbox 282 2849 1022 2888">
     <span class='ocr_line' id='line_1_115' title="bbox 282 2849 1022 2888; baseline 0.007 -11"><span class='ocrx_word' id='word_1_786' title='bbox 282 2850 306 2888; x_wconf 48' lang='lat'><strong>&#39;1</strong></span> <span class='ocrx_word' id='word_1_787' title='bbox 318 2849 379 2888; x_wconf 55' lang='lat' dir='ltr'><strong>Act.</strong></span> <span class='ocrx_word' id='word_1_788' title='bbox 397 2858 414 2882; x_wconf 90' lang='grc' dir='ltr'><strong>ι,</strong></span> <span class='ocrx_word' id='word_1_789' title='bbox 430 2851 457 2882; x_wconf 80' lang='lat'><strong>5.</strong></span> <span class='ocrx_word' id='word_1_790' title='bbox 476 2851 517 2888; x_wconf 44' lang='grc' dir='ltr'><strong>ιη</strong></span> <span class='ocrx_word' id='word_1_791' title='bbox 541 2852 564 2868; x_wconf 86' lang='grc'><strong><em>⁵⁷</em></strong></span> <span class='ocrx_word' id='word_1_792' title='bbox 575 2850 655 2888; x_wconf 71' lang='lat' dir='ltr'><strong>Joan.</strong></span> <span class='ocrx_word' id='word_1_793' title='bbox 675 2860 702 2883; x_wconf 72' lang='grc' dir='ltr'><strong>κ.</strong></span> <span class='ocrx_word' id='word_1_794' title='bbox 716 2851 743 2878; x_wconf 88' lang='lat'><strong>8.</strong></span> <span class='ocrx_word' id='word_1_795' title='bbox 780 2850 882 2888; x_wconf 60' lang='lat' dir='ltr'><strong>&#39;fibid.</strong></span> <span class='ocrx_word' id='word_1_796' title='bbox 897 2853 924 2881; x_wconf 82' lang='lat'><strong>9.</strong></span> <span class='ocrx_word' id='word_1_797' title='bbox 964 2855 986 2871; x_wconf 72' lang='grc' dir='ltr'><strong>δ’</strong></span> <span class='ocrx_word' id='word_1_798' title='bbox 1003 2854 1022 2882; x_wconf 80' lang='grc' dir='ltr'><strong>Α</strong></span> 
     </span>
    </p>
   </div>
   <div class='ocr_carea' id='block_1_116' title="bbox 1077 2839 1818 2888">
    <p class='ocr_par' dir='ltr' id='par_1_116' title="bbox 1084 2839 1818 2888">
     <span class='ocr_line' id='line_1_116' title="bbox 1084 2839 1818 2888; baseline -0.019 -6"><span class='ocrx_word' id='word_1_799' title='bbox 1084 2863 1114 2888; x_wconf 84' lang='grc' dir='ltr'>ιι,</span> <span class='ocrx_word' id='word_1_800' title='bbox 1129 2853 1188 2881; x_wconf 73' lang='grc'><strong>1-3.</strong></span> <span class='ocrx_word' id='word_1_801' title='bbox 1223 2853 1244 2869; x_wconf 68' lang='grc'><strong>⁵⁸⁸</strong></span> <span class='ocrx_word' id='word_1_802' title='bbox 1260 2851 1354 2880; x_wconf 74' lang='lat' dir='ltr'><strong>Matth.</strong></span> <span class='ocrx_word' id='word_1_803' title='bbox 1369 2857 1465 2882; x_wconf 77' lang='lat' dir='ltr'><strong>nun,</strong></span> <span class='ocrx_word' id='word_1_804' title='bbox 1482 2847 1528 2876; x_wconf 69' lang='lat'><strong>20.</strong></span> <span class='ocrx_word' id='word_1_805' title='bbox 1567 2846 1587 2862; x_wconf 73' lang='grc' dir='ltr'><strong>θ·</strong></span> <span class='ocrx_word' id='word_1_806' title='bbox 1607 2844 1687 2873; x_wconf 84' lang='lat' dir='ltr'><strong>Joan.</strong></span> <span class='ocrx_word' id='word_1_807' title='bbox 1701 2850 1757 2876; x_wconf 82' lang='lat' dir='ltr'><strong>xtv,</strong></span> <span class='ocrx_word' id='word_1_808' title='bbox 1775 2839 1818 2868; x_wconf 79' lang='grc'><strong>18.</strong></span> 
     </span>
    </p>
   </div>
   <div class='ocr_carea' id='block_1_117' title="bbox 284 2884 833 2924">
    <p class='ocr_par' dir='ltr' id='par_1_117' title="bbox 284 2884 833 2924">
     <span class='ocr_line' id='line_1_117' title="bbox 284 2884 833 2924; baseline -0.002 -9"><span class='ocrx_word' id='word_1_809' title='bbox 284 2885 306 2903; x_wconf 89' lang='lat'><strong>&quot;</strong></span> <span class='ocrx_word' id='word_1_810' title='bbox 318 2884 400 2915; x_wconf 78' lang='lat' dir='ltr'><strong>Marc.</strong></span> <span class='ocrx_word' id='word_1_811' title='bbox 416 2894 472 2921; x_wconf 70' lang='lat' dir='ltr'><strong>xxv,</strong></span> <span class='ocrx_word' id='word_1_812' title='bbox 486 2887 532 2917; x_wconf 67' lang='lat'><strong>‘16.</strong></span> <span class='ocrx_word' id='word_1_813' title='bbox 569 2887 603 2924; x_wconf 17' lang='lat'><strong>&quot;7</strong></span> <span class='ocrx_word' id='word_1_814' title='bbox 620 2887 688 2918; x_wconf 81' lang='lat' dir='ltr'><strong>Luc.</strong></span> <span class='ocrx_word' id='word_1_815' title='bbox 704 2891 776 2920; x_wconf 72' lang='lat' dir='ltr'><strong>xxxv,</strong></span> <span class='ocrx_word' id='word_1_816' title='bbox 790 2886 833 2917; x_wconf 69' lang='grc' dir='ltr'><strong>ιο.</strong></span> 
     </span>
    </p>
   </div>
  </div>
