2052 3146
730 206 771 237 IN
791 206 1012 238 LEVITlCUM.
1029 219 1062 223 —
1082 205 1156 236 LIB.
1174 204 1216 236 ΙΙ.
1237 196 1239 200 ‘

1736 202 1790 235 899

149 270 240 297 Aaron
253 271 279 295 at
295 267 344 300 ﬁlii
359 266 417 301 eius
432 270 526 293 cuncta
537 286 544 299 ,
566 273 625 299 qua
640 265 741 292 locutus
761 269 799 292 est
822 265 949 291 Dominus
965 266 986 294 Α
999 264 1046 299 qui
1064 264 1130 292 dicti
1145 267 1221 296 sunt,
1237 261 1375 290 aediﬁcans
1398 260 1579 288 vocationem.
1599 259 1676 288 Tunc
1689 260 1790 296 quippe

150 325 197 350 per
209 322 319 342 manum
336 313 431 348 Moysi.
450 313 478 340 Si
492 311 624 346 quaritur
642 319 692 338 cur
707 311 798 338 Aaron
814 310 877 338 ﬁliis
889 311 946 338 suis

151 361 311 395 conjungat,
338 358 493 385 invenietur
504 364 587 384 causa
603 356 717 383 omnino
732 356 899 387 necessaria,
916 359 946 383 et

152 407 184 434 ad
201 406 238 433 rei
252 403 500 432 considerationem
516 406 680 437 opportuna.
699 401 758 428 Non
783 401 856 428 enini
871 401 947 428 exire

152 453 186 480 de
207 452 290 486 janua
314 448 482 477 tabernaculi
506 447 665 479 testimonii,
691 447 716 473 id
729 450 782 478 est,
805 454 859 474 non
876 446 948 473 inte-

154 498 205 525 rim
220 495 361 524 attrectari
376 493 562 530 evangelicam
587 492 823 528 praedicationem,
838 492 882 518 his
898 490 946 526 qui

154 541 277 579 praedicti
297 545 361 569 sunt
386 539 525 575 praecepit.
552 539 621 567 Cum
644 545 708 574 ergo
721 537 848 565 Christus
861 545 948 572 appa-

155 589 210 616 ruit
223 586 364 622 apostolis,
380 593 457 613 suam
469 584 581 619 januam
595 591 651 610 non
667 583 872 618 egrediebatur,
887 582 948 616 ipse

154 632 290 668 siquidem
318 635 385 662 erat,
410 629 457 665 qui
477 633 505 656 et
527 628 718 663 prmdicandus
743 631 842 654 eratet
856 627 902 662 qui
921 627 948 654 in

156 677 288 714 apostolis
313 676 484 712 loquebatur.
507 674 654 709 Propterea
680 681 742 701 cum
768 673 831 700 ﬁliis
845 677 874 700 et
889 673 948 706 ipse

157 725 248 752 Aaron
270 722 437 754 consecrari,
451 729 500 748 seu
515 719 701 748 consummari
714 719 866 746 dicebatur.
883 716 951 750 Quis

157 770 193 797 sit
213 773 305 796 autem
324 774 489 795 consecrans
508 766 566 794 sive
582 771 777 793 consummans
801 763 949 799 legislator,

159 821 330 850 nequaquam
340 813 477 845 subdidit;
496 812 533 839 ait
552 810 636 841 enim.
664 810 768 845 Septem
786 810 876 837 diebus
891 809 952 844 [ini-

160 866 204 887 tur
227 859 401 890 consecratio,
421 859 478 886 sive
496 857 648 885 sccundutn
664 855 745 890 LXX,
760 856 951 884 consummavit

160 915 255 934 manus
267 910 377 938 vestras,
390 906 456 932 sicut
474 909 498 931 et
514 904 584 939 fecit.
606 902 779 930 Manifestum
787 907 829 930 est
848 907 951 935 autem,

161 953 234 988 quod
248 953 306 987 ipse
319 957 378 980 erat
396 952 441 987 qui
457 951 526 978 ﬁlios
539 950 729 982 consecrabat,
748 949 806 977 sive
825 948 953 984 perﬁcie-
970 939 992 967 Β

162 1000 218 1030 bat.
237 999 285 1034 qui
308 1003 335 1026 et
346 997 440 1033 perﬁci
455 998 482 1024 in
507 997 548 1024 eis
560 997 617 1024 sive
634 995 800 1029 consecrari,
814 1000 908 1032 utpote
928 994 956 1023 in

162 1044 295 1072 membris
319 1043 447 1079 prepriis,
468 1043 622 1071 dicebatur.

471 1118 586 1147 CAPUT
604 1119 653 1146 ιχ.

199 1179 281 1207 Vsus.
304 1180 362 1206 1-4.
397 1177 503 1205 «Facto
529 1182 620 1205 autem
647 1181 744 1204 octavo
771 1176 816 1204 die
851 1175 960 1204 vocavit

163 1227 271 1262 Moyses
302 1227 392 1253 Aaron
418 1229 446 1252 et
479 1223 549 1251 ﬁlios
581 1223 651 1258 ejus,
684 1230 716 1250 ac
745 1222 862 1256 majores
892 1226 958 1249 natu

163 1271 260 1303 Israel,
289 1270 413 1304 dixitque
442 1269 475 1296 ad
500 1268 590 1295 Aaron
611 1277 617 1294 :
639 1268 738 1295 Tollite
763 1267 880 1294 vitulum
909 1273 960 1301 pro

164 1322 289 1354 peccato,
326 1321 354 1344 et
383 1316 497 1343 arietem
529 1315 556 1341 in
587 1314 792 1346 holocaustum,
828 1317 960 1348 utrosque

164 1364 368 1396 immaculatos,
391 1366 418 1389 et
438 1361 507 1389 oﬁer
529 1361 590 1388 illos
611 1367 703 1387 coram
728 1359 852 1387 Domino.
876 1359 910 1386 Et
926 1358 960 1386 ad

166 1409 239 1436 ﬁlios
255 1407 340 1435 Israel
358 1406 478 1442 loqueris
501 1415 507 1432 :
531 1404 629 1432 Tollite
643 1405 749 1431 hircum
772 1411 821 1438 pro
836 1410 959 1438 peccato,

167 1459 195 1482 et
207 1454 335 1485 vitulum,
349 1458 431 1488 atque
444 1459 543 1488 agnum
558 1451 716 1478 auniculum
731 1454 758 1477 et
774 1450 834 1476 sine
845 1450 961 1481 macula,

167 1501 195 1527 in
211 1500 415 1531 holocaustum,
430 1498 539 1528 bovem,
553 1501 581 1524 et
593 1497 706 1523 arietem
722 1503 772 1530 pro
786 1495 917 1530 paciﬁcis,
935 1499 963 1522 et

168 1546 311 1573 immolate
321 1552 369 1572 eos
379 1551 470 1572 coram
478 1543 595 1570 Domino
604 1543 631 1569 in
640 1541 774 1569 sacriﬁcio
783 1541 961 1576 singulorum,

169 1592 287 1619 similam
310 1591 372 1618 oleo
394 1597 571 1625 conspersam
595 1588 752 1621 oﬁ‘ercntes,
783 1588 864 1615 hodie
888 1588 961 1615 enim

170 1637 303 1666 Dominus
315 1637 458 1672 apparebit
476 1637 563 1663 vobis.
587 1645 596 1661 ›

205 1685 285 1711 Sicut
306 1683 452 1718 aliquando
477 1682 566 1717 imago
591 1681 718 1708 animalis
737 1680 892 1715 cujusdam,
914 1685 963 1708 aut

170 1730 279 1766 virgulti
298 1730 368 1757 forte
390 1729 558 1764 depingitur,
583 1732 630 1755 aut
653 1726 783 1754 scribitur
800 1730 848 1753 aut
864 1726 891 1753 iu
907 1734 962 1754 tere

171 1776 344 1811 exprimitur,
362 1780 390 1803 et
409 1782 464 1802 non
479 1774 592 1810 quidem
613 1777 707 1808 aperta
724 1773 753 1799 in
771 1772 849 1800 initio
865 1779 964 1807 opera-

173 1823 266 1854 tionis,
291 1825 338 1849 aut
362 1821 515 1856 scriptum,
544 1824 590 1847 aut
618 1818 680 1846 atris
700 1818 842 1853 expressio
856 1822 909 1851 est,
935 1818 964 1845 in

174 1875 303 1903 processu
317 1872 408 1894 autem
426 1866 527 1901 operis,
547 1864 698 1900 participali
716 1867 864 1899 augmento
882 1863 964 1899 perﬁ-

174 1915 255 1947 citur,
279 1914 319 1941 sic
336 1917 363 1940 et
384 1919 554 1948 quascunque
578 1911 716 1947 legislator
739 1918 812 1938 nunc
836 1910 864 1936 in
879 1909 965 1945 ﬁgura

175 1962 287 1997 exponit
319 1947 434 1989 clariora
467 1960 656 1987 additamenta
694 1966 801 1991 eorum,
829 1947 891 1992 quae
917 1964 966 1991 per

176 2013 266 2043 partes
289 2008 388 2039 sancit,
407 2011 436 2035 et
456 2006 580 2042 planiora
599 2005 678 2032 ﬁunt.
711 2003 780 2036 Quia
806 2010 872 2038 ergo
892 2002 965 2029 diem

176 2052 431 2084 consummationis,
464 2058 513 2078 seu
541 2048 758 2078 consecrationis
784 2048 965 2075 Pentecosten

176 2098 289 2134 intelligi
304 2102 426 2133 oportet,
439 2096 621 2127 ostendimus,
631 2100 659 2122 et
672 2095 737 2130 quia
751 2101 838 2128 usque
852 2093 886 2120 ad
903 2099 966 2120 eum

176 2146 246 2173 diem
271 2143 413 2171 Dominico
435 2142 563 2170 mandato
585 2140 743 2177 praedicatio
768 2139 883 2167 inhibita
912 2142 967 2171 est,

177 2196 323 2228 propterea
342 2197 398 2218 non
414 2189 490 2217 exire
504 2189 616 2224 januam
635 2186 803 2214 tabernaculi
817 2183 966 2213 testimonii

178 2239 248 2266 ﬁlios
264 2237 354 2265 Aaron
377 2235 517 2271 praecepit.
541 2234 777 2262 Considerandum
805 2236 848 2260 est
877 2230 967 2266 qualia

177 2282 363 2312 consummari
375 2287 402 2310 et
415 2283 441 2309 in
457 2282 509 2309 hac
520 2281 565 2309 die
577 2280 619 2307 lex
645 2278 785 2315 praecepit.
800 2277 876 2304 Diem
893 2275 967 2303 enim

178 2336 306 2359 octavum
328 2329 509 2357 Pentecosten
540 2326 668 2362 appellat,
696 2326 759 2360 quia
786 2325 967 2351 Pentecostos

177 2377 236 2405 dies
259 2376 357 2404 incidit
379 2375 406 2402 in
431 2375 492 2407 hac,
509 2381 561 2408 qua
581 2373 706 2399 Salvator
727 2369 885 2401 resurrexit,
907 2375 968 2403 qua)

179 2431 239 2452 esse
249 2427 345 2451 octava
356 2421 492 2449 creditur:
508 2420 571 2455 quia
584 2419 696 2454 ﬁguram
706 2416 775 2453 gerit
785 2414 968 2451 primitiarum

180 2469 277 2500 l‘uluri,
305 2467 352 2495 sed
373 2471 402 2494 et
428 2464 671 2493 consummationis
695 2461 839 2498 prtesentis
861 2459 967 2492 szeculi,

180 2524 240 2551 quae
257 2515 284 2541 in
299 2517 402 2548 septem
416 2512 564 2540 revolvitur
575 2511 684 2538 diebus.

215 2560 392 2587 Pentecostes
407 2563 498 2585 autem
514 2556 633 2584 circulus
644 2556 694 2583 sub
706 2554 837 2590 praedicto
851 2560 969 2581 numero

181 2612 233 2642 est,
254 2615 320 2642 ergo
342 2609 417 2633 recte
442 2604 539 2632 incidit
560 2603 588 2630 in
610 2601 737 2637 praesenti
763 2600 874 2629 stmulo.
897 2599 971 2627 Con-

182 2652 405 2683 summationem,
425 2650 560 2684 simulque
587 2647 813 2675 resurrectionem
838 2645 973 2681 signiﬁcat

183 2699 360 2727 Pentecostes
377 2697 435 2725 dies
452 2705 458 2723 ι
485 2695 628 2731 oportebat
649 2693 733 2726 enim,
756 2696 788 2719 ut
804 2691 832 2719 in
855 2699 909 2726 qua
928 2690 972 2718 die

184 2744 303 2772 surrexit
330 2742 457 2770 Christus
480 2741 509 2768 in
544 2741 640 2768 eadem
669 2743 696 2766 et
723 2739 792 2766 ritus
816 2737 969 2765 adveniret.

183 2790 262 2818 Tunc
285 2796 350 2825 ergo
368 2788 460 2816 vocari
487 2786 587 2818 Aaron,
611 2790 639 2813 et
653 2785 722 2812 ﬁlios
736 2785 797 2819 ejus
810 2788 838 2812 et
856 2784 972 2819 maiores

184 2840 250 2864 natu
265 2835 348 2864 Israel
361 2833 408 2868 ait,
419 2833 566 2862 Ecclesiam
578 2830 788 2868 quodammodo.
803 2837 851 2865 per
863 2837 970 2862 eorum,

220 2926 242 2943 "
261 2925 282 2954 11
293 2925 358 2954 Cor.
370 2931 411 2958 tu,
426 2923 469 2951 I‘l.
506 2922 528 2938 "
541 2921 600 2950 Act.
619 2928 648 2954 ιι,
662 2919 690 2947 ὅ.

998 311 1075 346 prius
1087 313 1267 338 convocatum
1282 313 1325 335 est
1337 306 1466 334 Ecclesiae
1479 306 1676 341 spectaculum,
1693 306 1721 333 in
1734 313 1789 341 qua

998 355 1176 390 intelligibilis
1194 355 1297 386 Aaron,
1324 353 1351 380 id
1368 356 1409 380 est
1430 351 1565 385 Christus,
1586 352 1714 379 sacerdos
1728 359 1790 380 esse

998 403 1119 430 creditur
1138 412 1144 429 :
1167 401 1215 428 ﬁlii
1233 405 1325 428 autem
1348 399 1419 434 ejus,
1436 399 1482 433 qui
1502 398 1628 426 sublimis
1643 403 1708 426 sunt
1723 405 1791 426 con-

999 448 1170 479 versationis,
1184 452 1212 474 et
1224 447 1285 474 ideo
1300 445 1444 473 sacerdotii
1459 444 1593 477 ministri,
1610 448 1639 471 et
1658 450 1791 478 coopera-

999 499 1072 523 tores
1080 498 1153 522 sunt.
1159 493 1290 528 Majorum
1298 495 1363 518 natu
1370 495 1461 518 autem
1469 490 1563 522 Israel,
1570 490 1794 524 presbyterorum

999 541 1067 568 ordo
1077 545 1129 572 est,
1139 548 1172 567 ex
1188 539 1231 566 his
1239 538 1341 573 quippe
1354 545 1454 571 corpus
1469 536 1596 563 Ecclesiae
1607 534 1793 569 componitur.

1000 586 1053 614 Sed
1068 586 1159 613 Aaron
1176 584 1288 620 quidem
1302 583 1409 618 accepit
1426 582 1465 609 ibi
1478 581 1592 608 vitulum
1606 587 1655 616 pro
1669 583 1795 615 peccato,

999 632 1148 660 etarietem
1159 630 1188 658 in
1200 630 1402 661 holocaustum,
1415 631 1562 662 utrumque
1578 626 1795 656 immaculatum,

1001 682 1029 706 et
1056 677 1155 706 obtulit
1185 683 1279 704 coram
1307 674 1433 702 Domino.
1463 672 1541 700 Tunc
1571 672 1644 699 enim
1671 671 1798 699 Christus

1001 722 1163 750 sacriﬁcium
1179 729 1258 749 suum
1272 721 1446 747 innotescere
1461 718 1554 753 coepit;
1568 725 1603 744 ex
1620 724 1674 752 quo
1683 716 1799 751 spiritus

1002 768 1161 800 adveniens,
1190 766 1318 798 Parthos,
1346 769 1374 792 et
1404 764 1508 794 Medos.
1540 768 1568 791 et
1594 762 1734 794 Elamitas,
1766 766 1794 788 et

1003 813 1125 841 omnium
1137 812 1259 848 gentium
1270 810 1415 846 primitias,
1424 809 1457 836 ad
1467 809 1652 844 apostolorum
1661 800 1796 835 ccenaculi

1004 859 1146 894 superiora
1161 858 1280 893 collegit.
1296 857 1410 891 Accepit
1421 860 1514 883 autem
1529 859 1557 882 et
1578 854 1646 881 ordo
1663 852 1798 887 majorum

1005 909 1070 933 natu
1093 903 1190 937 Israel,
1218 910 1299 938 quem
1327 902 1549 937 presbyterorum
1576 905 1637 926 esse
1668 897 1798 929 diximus,

1010 955 1103 986 utpote
1118 951 1176 985 ipse
1193 953 1305 981 sortem,
1323 952 1349 976 et
1364 947 1477 982 ﬁguram
1493 946 1635 973 doctorum
1651 951 1758 979 gerens,
1772 947 1800 969 ct

1010 997 1055 1032 qui
1074 996 1108 1024 ad
1127 995 1266 1023 docendos
1285 1002 1336 1021 nos
1357 993 1430 1020 utilis
1451 996 1494 1020 est
1515 991 1653 1025 vitamque
1668 988 1800 1024 perﬁcere

1011 1044 1039 1071 in
1051 1043 1172 1071 Ecclesia
1183 1040 1406 1070 convenientiutn
1419 1043 1519 1074 potest.
1543 1037 1610 1070 Qua:
1626 1039 1717 1063 autem
1735 1038 1800 1062 sunt

1011 1087 1068 1114 hac
1080 1094 1141 1121 quae
1153 1085 1281 1120 accepit?

1045 1133 1155 1160 Hircum
1181 1140 1229 1167 pro
1258 1135 1375 1166 pet-cato.
1410 1129 1463 1157 Pro
1489 1126 1651 1164 poenitentia
1673 1125 1801 1154 videlicet

1011 1178 1187 1206 sacriﬁcium.

1046 1223 1080 1251 Et
1095 1223 1206 1251 vitulum
1230 1227 1256 1250 et
1279 1230 1378 1258 agnum
1397 1220 1552 1247 anniculum
1572 1219 1599 1246 iu
1619 1218 1802 1245 holocaustum

1011 1270 1205 1298 inmaculatos.
1221 1268 1372 1296 Perfectum
1386 1267 1521 1297 videlicet,
1537 1269 1564 1293 et
1581 1269 1802 1292 consummatam

1011 1318 1106 1350 vitam,
1126 1317 1184 1344 sive
1208 1314 1456 1345 conversationem,
1476 1320 1537 1347 qua:
1564 1319 1613 1346 per
1636 1310 1750 1341 hostias,
1776 1309 1803 1336 id

1012 1368 1054 1392 est
1066 1371 1114 1398 per
1127 1362 1286 1389 holocausta
1307 1359 1486 1395 signiﬁcatur.
1550 1352 1553 1353 ⁷

1048 1409 1082 1436 Et
1093 1409 1192 1439 bovem,
1208 1412 1232 1434 et
1244 1407 1352 1433 arietem
1367 1413 1414 1440 pro
1432 1403 1558 1439 paciﬁcis.
1576 1402 1630 1429 Sed
1646 1401 1678 1428 ad
1702 1398 1804 1427 sacriﬁ-

1013 1455 1086 1483 cium
1109 1453 1229 1481 salutare
1253 1461 1260 1479 :
1283 1451 1449 1479 mediocrem
1475 1448 1721 1477 conversationem,
1744 1452 1804 1479 qua)

1013 1506 1104 1529 tamen
1126 1503 1215 1535 potest
1234 1499 1339 1526 salvaie
1359 1504 1406 1524 cos
1428 1496 1474 1531 qui
1495 1494 1624 1525 oﬁ'erunt,
1639 1493 1709 1520 sicut
1723 1498 1806 1526 supra

1014 1547 1143 1576 diximus.
1168 1545 1267 1573 Coram
1297 1543 1412 1571 Domino
1439 1546 1529 1569 autem
1558 1539 1649 1568 omnia
1676 1536 1805 1574 praecepit

989 1622 995 1630 ,
1015 1594 1097 1622 ﬁeri:
1122 1595 1232 1627 oportet
1256 1590 1357 1625 quippe
1382 1595 1462 1616 omne
1479 1586 1588 1615 virtutis
1609 1592 1689 1620 opus,
1713 1586 1806 1617 utpote

1014 1640 1123 1667 vidente
1134 1639 1200 1670 Deo,
1211 1635 1313 1672 peragi,
1325 1639 1354 1663 et
1366 1641 1420 1661 non
1432 1632 1582 1667 corrumpi,
1596 1638 1685 1665 neque
1697 1628 1786 1656 vitiari
1798 1637 1805 1654 ι

1014 1694 1076 1714 cum
1093 1684 1291 1720 permiscemtts
1307 1680 1331 1708 ei
1351 1680 1518 1708 voluntatem
1532 1682 1665 1705 nostram.

1050 1719 1219 1765 Sacriﬁcium
1243 1728 1340 1755 simila:
1370 1732 1517 1759 conspersw
1539 1723 1606 1750 oleo.
1632 1719 1807 1765 Tlieologiam

1014 1783 1077 1802 cum
1107 1762 1292 1809 eleemosyna,
1326 1770 1379 1798 hoc
1409 1769 1483 1797 enim
1514 1767 1643 1803 praedicta
1675 1762 1807 1792 sacriﬁcia

1016 1821 1155 1850 subtiliter
1179 1819 1260 1847 nobis
1285 1817 1350 1845 olim
1377 1816 1501 1843 discussa
1524 1814 1713 1840 innotuerunt.
1737 1809 1808 1842 Quid

1015 1871 1106 1895 autem
1121 1866 1165 1893 his
1179 1872 1251 1892 nunc
1265 1862 1408 1890 subdidit?

1051 1912 1120 1945 Quia
1144 1911 1220 1938 hodie
1245 1909 1374 1936 Dominus
1396 1905 1535 1942 apparebit
1554 1904 1634 1931 vobis.
1660 1901 1716 1928 Hoc
1741 1908 1808 1927 con-

1016 1958 1103 1986 clusio
1117 1961 1145 1984 et
1161 1955 1285 1991 probatio
1300 1957 1353 1986 est,
1375 1953 1439 1988 quia
1452 1952 1486 1979 de
1502 1951 1663 1978 Pentecoste
1679 1946 1807 1981 praedicta

1017 2003 1108 2031 omnia
1130 1990 1313 2029 dicebantur:
1331 1998 1357 2025 in
1372 2006 1403 2026 ea
1419 1997 1492 2025 enim
1516 1996 1557 2022 eis
1578 1993 1704 2028 apparuit
1718 1990 1807 2018 Domi-

1018 2057 1081 2082 nus,
1107 2048 1220 2083 spiritus
1245 2046 1383 2077 videlicet,
1415 2043 1449 2071 de
1474 2050 1529 2077 quo
1555 2040 1656 2068 Paulus
1681 2038 1807 2065 diccbat:

1018 2095 1146 2125 Dominus
1170 2097 1261 2120 autem
1291 2091 1401 2125 spiritus
1427 2089 1512 2117 ut“.
1541 2085 1687 2119 Quomodo
1717 2087 1809 2111 autem

1018 2140 1161 2177 apparebit
1174 2139 1202 2166 in
1216 2139 1267 2169 eis,
1276 2137 1345 2165 dixit
1358 2136 1461 2163 Lucas:
1473 2134 1539 2162 Visa:
1549 2138 1609 2161 sunt
1621 2132 1657 2159 eis
1667 2129 1811 2166 dispertitw

1019 2175 1134 2223 lingua},
1167 2186 1234 2213 sicut
1263 2183 1348 2220 ignis,
1377 2186 1401 2210 et
1430 2182 1552 2208 sederunt
1581 2187 1663 2214 supra
1693 2175 1811 2212 singulos

1020 2242 1112 2261 eorum
1123 2232 1156 2259 °'.

986 2290 1007 2317 υ
1057 2278 1139 2306 Vsus.
1159 2277 1185 2304 5.
1208 2285 1217 2302 ‹
1237 2273 1371 2302 Tulerunt
1392 2279 1458 2307 ergo
1484 2275 1583 2298 cuncta
1605 2276 1666 2304 qua:
1692 2268 1813 2302 jusserat

1017 2325 1123 2360 Moyses
1149 2322 1183 2350 ad
1209 2320 1310 2349 ostium
1340 2316 1518 2348 tabernaculi,
1547 2322 1609 2342 cum
1651 2313 1689 2340 ibi
1722 2311 1813 2339 omnis

1019 2374 1107 2398 staret
1122 2367 1282 2396 multitudo.
1303 2375 1312 2391 ›

1054 2416 1156 2451 Aperte
1173 2414 1219 2441 hic
1237 2411 1387 2440 Ecclesiam
1403 2407 1541 2444 exposuit.

1054 2448 1096 2488 Αξι
1105 2460 1201 2488 ostium
1216 2456 1390 2485 tabernaculi.
1400 2454 1460 2488 Vel,
1470 2454 1540 2481 sicut
1555 2450 1636 2483 LXX,
1650 2454 1711 2476 ante
1724 2448 1812 2475 taber-

1021 2507 1147 2536 naculum
1164 2504 1315 2536 testimonii,
1334 2501 1463 2530 videlicet
1475 2498 1549 2527 coeli.
1561 2497 1590 2524 Si
1604 2496 1676 2524 enim
1692 2493 1813 2521 Ecclesia

1020 2549 1173 2587 frequentia
1191 2553 1233 2577 cst
1247 2547 1407 2582 angelorum
1424 2543 1642 2580 printitivorum,
1655 2539 1701 2574 qui
1718 2536 1813 2572 scripti

1020 2582 1085 2625 sunt
1102 2596 1129 2624 in
1145 2594 1221 2623 caelis
1233 2597 1297 2620 ante
1314 2588 1524 2618 tabernaculum
1544 2583 1707 2615 testimonii,
1726 2582 1754 2610 id
1771 2586 1814 2609 est

1021 2647 1086 2670 ante
1102 2641 1200 2669 faciem
1216 2638 1289 2671 coeli,
1315 2637 1355 2664 sic
1384 2636 1457 2663 enim
1475 2638 1503 2661 et
1518 2633 1616 2668 Aquila
1640 2635 1703 2658 ante
1719 2629 1814 2665 {aciem

1022 2690 1216 2724 interpretatus
1239 2689 1292 2716 est,
1313 2684 1367 2711 hoc
1382 2681 1454 2716 quod
1467 2679 1571 2708 dictum
1592 2681 1645 2710 est,
1663 2675 1815 2704 secundum

1025 2720 1106 2768 LXX,
1120 2737 1181 2760 ante
1197 2732 1347 2758 Dominum.
1364 2728 1392 2756 Si
1410 2735 1475 2763 ergo
1491 2727 1527 2753 ita
1549 2729 1602 2755 est,
1624 2731 1674 2759 pro
1692 2729 1725 2749 eo
1741 2720 1814 2768 quod

1025 2781 1059 2809 ad
1072 2781 1145 2809 illam
1156 2787 1185 2807 se
1193 2776 1432 2806 conversationem
1443 2778 1517 2810 apta,
1530 2776 1594 2800 ante
1610 2767 1814 2798 tabernaculum

1027 2831 1101 2855 recte
1116 2824 1282 2859 intelligitur.
1304 2821 1352 2848 llic
1366 2825 1456 2848 autem
1477 2817 1567 2847 omnis
1585 2813 1740 2846 multitudo,
1757 2811 1814 2840 sivo
