2052 3146
223 209 276 246 891

820 207 1002 239 HESYCHII
1020 204 1259 237 PRESBYTER!

1796 204 1851 236 892

220 273 355 306 synagoga
370 266 461 295 omnis
475 264 590 298 accedit,
607 264 634 292 id
650 269 744 298 est,ea
757 272 818 301 quae
831 273 865 293 ex
878 265 1006 292 omnibus
1020 265 1044 292 A
1056 262 1145 291 factus
1164 267 1206 290 est
1223 261 1392 298 propitiatio.
1421 261 1476 289 Sed
1496 265 1524 289 et
1545 268 1596 296 pro
1617 260 1777 306 semetipso.
1800 269 1850 288 cur

222 319 251 342 et
267 313 386 348 undique
402 317 444 340 est
460 311 644 347 congregatio,
661 310 750 339 omnis
767 312 868 346 quippe
892 310 1010 338 contrita

222 358 330 389 anitna,
356 362 384 385 et
408 358 498 385 omnis
522 361 649 392 peccator
662 378 668 389 ,
686 357 776 384 omnis
795 356 1010 384 misericordiam

221 404 405 432 necessariam
419 403 532 436 habens,
546 404 636 430 omnis
647 403 681 430 ab
693 411 786 430 errore
795 411 824 430 se
836 408 1009 436 convertens,

221 450 251 478 in
276 450 328 476 hac
342 449 464 476 Ecclesia
480 454 672 484 congregatur,
700 456 756 475 non
777 449 865 475 solum
886 455 944 480 eos,
964 448 1011 483 qui

222 495 256 522 de.
273 495 370 530 plateis
395 499 421 522 ot
437 495 504 522 vicis
526 499 599 526 sunt,
622 494 670 521 sed
686 497 714 521 et
729 501 776 520 eos
799 494 845 528 qui
860 494 894 521 de
909 494 970 525 viis,
984 497 1012 521 et

222 541 256 568 de
277 541 389 575 sepibus
414 540 504 568 vocari
520 537 694 575 pnecipiens,
716 544 746 567 ut
767 540 886 575 regalem
904 546 1011 568 amttam

223 586 407 620 ingredientes
422 585 581 620 implerent.

259 630 342 658 Vens.
355 631 381 659 6.
401 640 410 657 ι
428 631 473 657 Ait
497 630 623 666 Moyses:
648 630 701 658 Iste
730 636 773 659 est
800 638 900 665 sermo,
930 639 1011 666 quem

223 677 352 712 prmcepit
385 676 527 708 Dominus,
559 675 654 708 facite,
693 679 721 703 et
754 676 897 711 apparebit
933 676 1012 704 vobis

224 722 309 757 gloria
325 721 349 756 ej
355 730 395 748 us.
415 731 424 747 ι

257 767 377 794 Gloriam
391 775 451 795 esse
461 768 567 795 Domini
581 768 716 802 spiritum,
735 768 879 796 manifeste
888 769 1012 796 ostendit

224 813 297 846 quod
317 811 415 840 Paulus
443 813 477 840 ad
501 813 659 840 Corinthios
686 814 795 848 scripsit
816 822 822 840 :
846 813 899 840 Non
923 822 1010 841 omnes

224 855 341 882 revelata
355 856 423 890 facie
433 856 545 891 gloriam
556 857 659 883 Domini
667 857 840 892 speculantes,
852 859 879 884 in
892 859 1011 885 eamdem

223 900 366 935 imaginem
390 902 622 935 transformamur,
650 903 681 929 de
713 903 797 938 gloria
827 904 854 930 in
886 904 1009 938 gloriam,

226 946 295 972 sicut
309 954 325 971 α
340 945 447 972 Domini
469 946 562 980 spiritu
580 947 613 974 ⁶“.
642 946 676 974 Ut
701 954 765 983 ergo
788 948 872 983 gloria
902 948 1010 975 Domini

223 990 374 1022 videretur,
392 991 417 1018 id
431 996 482 1023 cst,
500 996 530 1018 ttt
541 992 674 1019 adventus
689 993 872 1020 celebraretur
887 993 1010 1028 spiritus,

223 1034 274 1061 istc
290 1039 331 1062 est
357 1043 455 1067 sermo,
483 1036 583 1071 inquit,
603 1045 683 1072 quent
709 1039 838 1072 praecepit
862 1038 1009 1067 Dominus:

223 1080 316 1108 Facite
330 1081 456 1109 videlicet
469 1083 599 1117 mysticus
615 1083 649 1110 de
665 1091 721 1118 quo
736 1089 904 1119 prmecperat
921 1085 1012 1114 Domi-

222 1133 284 1152 nus.
317 1126 373 1153 Hoc
406 1128 485 1162 facile
514 1129 542 1154 in
570 1137 656 1156 meum
687 1132 962 1158 commemorationem
976 1133 1010 1159 ⁶⁷.

221 1169 382 1198 Sermonem
401 1177 493 1199 autem
516 1173 652 1208 legislator
667 1182 700 1200 ex
723 1176 920 1202 consuetudine
945 1176 1011 1204 illud

221 1221 311 1248 vocat,
322 1217 384 1251 quia
397 1217 458 1251 plus
474 1225 601 1244 sermone
613 1219 737 1246 subsistit
751 1220 832 1254 hujus
843 1221 1011 1255 dispensatio

222 1261 355 1296 mysterii,
367 1262 486 1289 maxime
498 1262 638 1290 Dominico
654 1264 738 1291 verbo
751 1272 782 1291 ea
793 1272 854 1299 quae
868 1270 1009 1300 apparent,

221 1306 249 1333 in
264 1306 339 1333 aliud
353 1307 454 1342 aliquid
468 1308 558 1342 majus
577 1313 605 1335 et
627 1309 798 1344 intelligibile
818 1310 1009 1340 transferente.

220 1351 300 1379 Unde
335 1359 398 1379 cutn
438 1361 538 1381 manna
579 1354 725 1389 imaginem
753 1356 832 1391 panis
861 1357 932 1390 vitae,
964 1358 1011 1393 qui

222 1398 364 1426 descendit
386 1399 420 1426 de
448 1400 528 1429 cwlo.
558 1406 737 1435 prmseutarct
758 1411 765 1429 :
794 1402 846 1429 Hic
864 1407 901 1430 est
922 1404 1009 1437 panis,

217 1443 270 1476 uit,
293 1451 370 1478 quem
389 1444 461 1471 dedit
484 1446 554 1472 vobis
580 1446 707 1474 [laminas
726 1448 761 1474 ad
777 1449 964 1477 comedendum
976 1451 1009 1482 ",

221 1488 266 1515 hic
278 1493 320 1516 est
332 1496 422 1516 sermo
434 1496 516 1525 quem
531 1492 674 1519 constituit
696 1492 837 1521 Dominus.
856 1494 925 1527 Quid
946 1503 1011 1531 ergo

218 1541 255 1560 ex
276 1534 329 1567 itis,
354 1543 415 1570 quae
437 1536 509 1564 dicta
529 1543 603 1570 sunt,
631 1538 767 1573 legislator
792 1540 935 1574 signiﬁcat,
957 1542 1010 1569 nisi

222 1579 285 1613 quia
302 1579 362 1607 sine
382 1581 467 1608 dubio
487 1582 630 1617 agentibus
642 1584 682 1610 eis
698 1588 822 1611 sanctum
842 1586 1009 1620 mysterium,

222 1629 251 1652 et
262 1625 429 1653 Dominicam
446 1635 553 1654 caenam
569 1629 781 1663 celebrantibus,
802 1632 914 1659 advenit
931 1633 1012 1668 spiri-

224 1674 269 1697 tus
286 1671 390 1703 ?Quod
413 1673 464 1700 etsi
489 1681 544 1700 non
560 1675 666 1708 planius
691 1677 845 1711 expositum
868 1678 1012 1712 habemus,

224 1717 310 1745 multa
335 1718 435 1754 quippe
467 1720 559 1747 studio
585 1721 725 1749 brevitatis
749 1723 889 1758 Scriptura
922 1726 1013 1753 divina

224 1764 407 1797 praetermisit,
437 1773 497 1799 qua:
523 1765 563 1792 fas
591 1771 679 1794 estex
704 1768 763 1795 aliis
785 1769 923 1804 colligere.
950 1771 1015 1798 Erat

225 1809 298 1836 enim
313 1810 372 1837 dies
387 1811 433 1845 qui
449 1813 601 1846 appellatur
615 1813 782 1848 Dominicus,
795 1816 822 1843 in
835 1824 891 1851 quo
905 1823 1014 1852 oporte-

220 1855 271 1882 bat
286 1856 372 1883 modis
386 1857 513 1884 omnibus
523 1866 602 1893 agere
611 1860 748 1894 apostolos
760 1862 872 1897 mystica
884 1868 911 1890 et
926 1872 1013 1891 sacra.

223 1899 291 1927 Nam
306 1905 334 1928 et
347 1909 397 1928 nos
412 1902 520 1930 illmum
537 1910 684 1939 sequentes
695 1907 881 1941 traditionem,
896 1909 1015 1937 Domini-

218 1953 283 1973 cam
320 1946 392 1974 diem
435 1948 535 1976 divinis
572 1951 753 1979 conventibus
799 1958 1013 1988 sequestramus.

223 1992 381 2020 Invenimus
419 1999 511 2021 atttcttt
549 2001 576 2022 et
611 1996 751 2025 Christum
791 1999 917 2027 similiter
953 2007 1015 2036 post

219 2040 453 2067 resurrectionem
476 2048 490 2067 a
506 2042 631 2074 mortuis,
655 2050 703 2077 per
719 2045 842 2079 mystica:
867 2053 964 2080 caena,
987 2051 1015 2075 et

219 2083 302 2118 ,panis
343 2084 504 2112 fractionem
545 2087 780 2116 manifestatum:
812 2091 886 2124 quod
920 2097 1015 2126 aperte

219 2129 333 2163 quidem
352 2129 450 2163 Lucas,
468 2132 575 2166 plenius
594 2138 685 2161 tamen
697 2135 779 2162 etiam
793 2135 914 2164 Joannes
929 2145 1014 2165 evan-

220 2174 322 2209 ,gelista
337 2176 428 2202 tradit.

262 2218 342 2246 VERS.
360 2219 384 2246 7.
402 2230 411 2246 ‹
435 2221 502 2249 Dixit
527 2223 560 2250 ad
580 2223 669 2251 Aaron
687 2234 694 2252 :
715 2225 822 2254 Accede
839 2227 873 2255 ad
887 2228 973 2256 altare
987 2234 1016 2256 et

1062 307 1124 340 hoc,
1139 315 1202 335 cum
1226 306 1448 342 propitiationem
1470 313 1526 332 non
1542 308 1630 341 egeat,
1647 305 1734 341 magis
1757 310 1850 333 autem

1061 352 1119 388 ipse
1151 357 1262 388 prastat
1293 351 1551 387 propitiationetn?
1582 351 1635 378 Sed
1664 356 1694 378 ut
1725 356 1849 378 nostrum

1061 403 1202 434 peccatum
1231 398 1394 433 suscipiens,
1417 397 1498 424 etiam
1519 405 1568 431 pro
1590 397 1738 432 semetipso
1753 398 1851 432 depre-

1062 449 1140 472 catur
1157 453 1164 471 :
1182 444 1324 472 evidenter
1338 444 1412 471 enim
1432 443 1484 470 hoc
1507 442 1626 470 hominis
1643 447 1695 473 est,
1709 447 1737 470 et
1751 443 1807 475 Dei,
1822 443 1850 470 id

1061 496 1114 523 est,
1135 491 1205 518 sicut
1226 491 1352 518 hominis
1372 490 1590 526 propitiationem
1615 490 1798 524 suscipientis,
1822 495 1851 518 et

1062 536 1133 563 sicut
1161 536 1209 564 Dei
1237 536 1346 563 sibimet
1375 535 1540 570 praestantis.
1571 535 1646 561 Alter
1670 535 1744 561 enim
1769 535 1850 563 homo

1062 579 1222 614 sibimetipsi
1239 578 1461 614 propitiationem
1479 582 1608 612 praestare
1623 585 1679 604 non
1695 583 1794 613 potest.

1097 625 1179 652 Vsus.
1203 625 1278 652 8-H.
1313 634 1322 650 ε
1345 624 1498 659 Statimque
1529 625 1619 651 Aaron
1652 624 1785 652 accedens
1815 625 1850 652 ad

1061 671 1157 704 altare,
1179 671 1329 698 immolavit
1350 670 1465 698 vitulum
1492 677 1541 705 pro
1563 674 1676 704 peccato
1697 678 1758 703 suo,
1771 671 1850 704 cujus

1061 717 1221 751 sanguinem
1250 715 1407 743 obtulerunt
1430 716 1456 742 ei
1478 716 1526 743 ﬁlii
1547 716 1599 743 sui.
1620 715 1650 744 In
1668 724 1723 751 quo
1744 717 1852 752 tingens

1061 763 1185 797 digitum,
1204 762 1293 796 tetigit
1305 769 1407 789 cornua
1416 762 1521 793 altaris,
1540 765 1569 788 et
1581 761 1652 789 fudit
1665 762 1804 795 residuum
1817 763 1851 790 ad

1062 807 1146 834 basim
1158 807 1408 842 ejus.Adipemque
1420 815 1452 834 ac
1468 809 1646 842 renunculos,
1663 814 1690 836 et
1706 810 1851 837 reticulum

1060 850 1170 885 jccoris,
1185 858 1246 885 quae
1259 855 1323 878 sunt
1336 858 1384 886 pro
1394 857 1516 886 peccato,
1528 853 1647 880 adolevit
1659 861 1742 888 super
1753 855 1849 887 altare,

1062 897 1132 923 sicut
1154 901 1319 932 praeceperat
1343 897 1476 924 Dominus
1501 898 1596 934 Moysi.
1621 898 1724 926 Carncs
1739 908 1802 927 vere
1823 906 1851 927 et
1865 923 1874 931 κ

1064 941 1160 975 pellem
1174 941 1233 975 ejus
1245 945 1320 968 extra
1334 942 1427 975 :castra
1444 942 1594 970 combussit
1616 943 1682 978 igni.
1701 942 1853 971 Immolavit

1062 992 1089 1014 et
1113 987 1265 1014 holocausti
1290 987 1439 1014 victimam.
1463 987 1681 1023 Obtuleruntque
1706 989 1729 1016 ei
1745 989 1791 1016 ﬁlii
1807 990 1850 1017 sui

1062 1034 1222 1068 sanguinem
1234 1034 1308 1068 ejus:
1321 1041 1401 1068 quem
1414 1034 1484 1061 fudit
1498 1041 1581 1069 super
1591 1034 1683 1062 altaris
1694 1035 1850 1063 circuitum.

1063 1077 1150 1112 Ipsam
1162 1078 1242 1105 ctiatn
1255 1078 1371 1105 hostiam
1384 1079 1410 1106 in
1425 1079 1510 1106 frusta
1519 1080 1667 1111 concisam,
1677 1087 1738 1107 cum
1752 1081 1849 1115 capite.

1062 1128 1090 1150 ct
1106 1124 1237 1151 membris
1251 1124 1365 1159 singulis
1391 1125 1558 1152 obtulerunt.
1575 1126 1641 1158 Quae
1660 1126 1750 1153 omnia
1768 1135 1852 1161 super

1062 1170 1147 1197 altare
1162 1170 1293 1197 cremavit
1307 1170 1372 1206 igni,
1390 1170 1452 1197 lotis
1466 1171 1542 1205 prius
1556 1178 1627 1206 aqua
1656 1172 1805 1205 intestinis,
1823 1175 1852 1200 et

1061 1215 1188 1249 pedibus.
1207 1224 1216 1240 ι

1099 1260 1131 1287 Et
1144 1261 1221 1294 cujus
1236 1261 1274 1287 rei
1292 1261 1377 1295 gratia
1401 1261 1460 1287 haec
1474 1260 1555 1287 etiam
1571 1261 1597 1288 in
1611 1261 1663 1288 hoc
1683 1261 1743 1289 loco
1764 1263 1852 1290 sat~ri~

1062 1305 1121 1333 ﬁcia
1132 1311 1309 1340 peraguntur,
1321 1306 1447 1340 superius
1455 1306 1584 1333 diximus.
1592 1307 1651 1334 Non
1661 1315 1726 1343 ergo
1737 1315 1852 1335 necesse

1062 1356 1113 1383 cst,
1139 1351 1237 1378 iterum
1262 1359 1358 1379 eorum
1384 1353 1514 1379 virtutem
1538 1360 1588 1388 per
1617 1354 1722 1389 singula
1749 1355 1851 1386 dicere.

1061 1405 1120 1432 quze
1133 1397 1159 1423 itt
1182 1397 1233 1424 hoc
1247 1398 1380 1425 sacriﬁcio
1396 1403 1561 1432 peraguntur
1576 1408 1583 1431 ;
1601 1407 1663 1426 cum
1679 1400 1745 1427 olim
1756 1407 1789 1427 ea
1804 1409 1853 1434 per

1062 1442 1186 1469 ordinem
1208 1442 1420 1470 discusserimus
1452 1447 1480 1470 et
1516 1444 1596 1477 cujus
1619 1446 1851 1479 comparationem

1062 1494 1157 1525 gerant
1169 1490 1237 1516 nihil
1254 1490 1467 1517 intermittentes
1478 1491 1690 1518 ostenderimus.
1708 1491 1741 1518 Et
1754 1499 1836 1526 quem

1062 1536 1206 1562 admodum
1219 1536 1245 1562 in
1254 1535 1361 1562 Domini
1372 1536 1516 1567 sacrificio,
1530 1537 1601 1571 quod
1615 1545 1676 1564 cum
1692 1545 1777 1566 unum
1803 1539 1852 1570 sit,

1064 1588 1117 1607 non
1139 1585 1243 1607 tantum
1258 1581 1337 1607 nobis
1362 1585 1537 1615 peccatorum
1562 1586 1694 1616 prmstans
1711 1583 1853 1609 remissio—

1064 1633 1138 1657 nem,
1166 1625 1214 1652 sed
1240 1630 1268 1653 et
1290 1626 1372 1652 vitam
1402 1626 1552 1660 perfectam
1579 1627 1606 1653 in
1627 1627 1810 1662 philosophia,
1826 1632 1855 1655 et

1065 1676 1281 1698 consummatam
1307 1671 1438 1702 efﬁciens,
1459 1672 1613 1699 necessarie
1628 1678 1655 1700 et
1675 1673 1702 1700 iu
1721 1674 1848 1705 vitulum,

1064 1716 1111 1751 qui
1133 1724 1183 1751 pro
1204 1721 1316 1751 peccato
1338 1721 1389 1749 est,
1410 1721 1438 1744 et
1470 1717 1496 1744 in
1518 1718 1631 1744 arietem
1650 1719 1732 1751 hunc,
1755 1719 1800 1753 qui
1826 1719 1853 1745 iu

1065 1762 1253 1789 holocaustum
1270 1762 1437 1795 immolatur,
1455 1767 1563 1797 oportet
1579 1764 1700 1798 reputari
1714 1773 1720 1790 :
1739 1765 1811 1791 uttdc
1827 1769 1855 1791 ct

1066 1808 1093 1835 itt
1108 1816 1222 1843 persona
1252 1808 1402 1835 sacerdotis
1414 1813 1563 1843 utrumque
1579 1809 1757 1843 perspicimus
1777 1810 1854 1837 obla-

1065 1858 1122 1880 tutn
1136 1864 1142 1881 :
1155 1854 1211 1889 jam
1224 1862 1290 1889 ergo
1309 1859 1336 1880 et
1349 1854 1382 1880 ad
1398 1855 1594 1889 subsequentia
1606 1856 1759 1883 veniamus.

1100 1899 1180 1926 Vsus.
1198 1899 1294 1926 15-21,
1313 1909 1322 1924 ι
1340 1899 1374 1926 Ει
1398 1907 1447 1933 pro
1473 1905 1585 1934 peccato
1608 1901 1702 1936 populi
1724 1901 1854 1933 θῆρε-ρης,

1064 1944 1195 1972 mactavit
1208 1944 1328 1977 hircum,
1344 1945 1506 1979 cxpiatoquc
1530 1945 1619 1978 altari,
1638 1945 1703 1972 fecit
1726 1946 1857 1973 holocau-

1065 1996 1149 2023 stum,
1164 1991 1267 2018 addens
1290 1991 1317 2018 itt
1344 1991 1479 2018 sacriﬁcio
1499 1992 1646 2019 libamenta
1671 2000 1731 2027 qua:
1753 1994 1857 2028 pariter

1065 2036 1224 2068 oﬂ‘erautur,
1257 2040 1284 2062 et
1315 2035 1429 2063 adolens
1453 2044 1484 2064 ea
1517 2045 1600 2071 super
1632 2037 1726 2070 altare,
1753 2038 1858 2072 absque

1065 2082 1239 2110 caeremoniis
1275 2082 1430 2109 ltolocausti
1461 2083 1598 2109 matutini.
1639 2082 1793 2110 lmtuolavit
1830 2088 1859 2110 et

1064 2128 1162 2156 bovem
1187 2133 1268 2161 atque
1304 2129 1430 2162 arietem,
1460 2129 1563 2155 hostias
1597 2129 1724 2163 paciﬁeas
1753 2129 1857 2164 populi.

1065 2174 1282 2209 Obtuleruntque
1305 2174 1330 2201 ei
1353 2173 1399 2200 ﬁlii
1418 2173 1461 2200 sui
1482 2175 1654 2209 sanguinem,
1678 2183 1758 2210 quem
1783 2175 1859 2202 fudit

1066 2227 1147 2254 super
1165 2220 1249 2246 altare
1270 2220 1297 2245 in
1321 2219 1457 2246 circuitu:
1482 2219 1589 2254 adipem
1609 2225 1700 2246 autent
1717 2220 1805 2251 bovis,
1831 2224 1859 2248 ct

222 2264 334 2293 immola
352 2273 401 2300 pro
418 2272 530 2301 peccato
542 2273 600 2308 tuo,
618 2270 738 2298 olferens
762 2272 963 2308 holocaustum,
985 2280 1014 2303 ει
1030 2274 1051 2302 ι)
1065 2267 1179 2294 caudam
1192 2266 1295 2298 arietis,
1316 2266 1537 2300 rettunculosqtte
1559 2274 1622 2293 cum
1646 2267 1773 2301 adipibus
1788 2267 1858 2298 suis,

222 2310 373 2346 deprecare
384 2320 432 2347 pro
447 2318 483 2345 te,
495 2318 521 2340 et
535 2322 584 2348 pro
597 2316 706 2350 populo.
720 2324 837 2352 cumque
852 2320 1014 2347 ntactaveris

225 2355 343 2384 hostiam
365 2357 480 2393 populi,
507 2367 554 2386 ora
578 2368 629 2395 pro
652 2369 696 2394 eo,
721 2362 793 2389 sicut
815 2364 939 2398 praecipit
961 2365 1016 2392 Do-

225 2409 325 2429 mutus.
347 2412 356 2428 ι

260 2447 311 2474 Ubi
329 2452 422 2476 nostra
438 2450 579 2478 translatio
595 2451 703 2485 planius
715 2451 808 2485 habet,
826 2461 873 2488 pro
888 2458 913 2481 te
932 2459 958 2482 et
970 2463 1018 2489 pro

225 2494 331 2528 populo,
347 2503 394 2529 pro
408 2496 498 2530 teipse,
515 2501 539 2523 et
550 2504 598 2530 pro
613 2498 690 2525 domo
703 2503 748 2526 tua
760 2498 831 2526 LXX
857 2499 1013 2528 ediderunt.

225 2539 278 2572 Qui
310 2545 401 2567 autem
433 2545 498 2568 sunt
528 2542 625 2570 domus
656 2542 834 2580 intelligibilis
867 2546 1018 2574 sacerdotis

225 2580 310 2612 Paulo
326 2585 444 2618 dicente,
461 2594 607 2621 cognosce;
626 2589 663 2615 ait
681 2589 754 2616 enim
774 2599 781 2616 ε
798 2590 916 2618 Christus
928 2596 1019 2619 autem

224 2630 254 2663 ῥιι
267 2631 338 2665 ﬁlius
354 2632 381 2658 in
395 2633 472 2660 domo
491 2641 538 2660 sua
550 2634 571 2650 "
582 2643 589 2667 ;
601 2643 663 2669 quae
679 2635 777 2664 domus
800 2644 851 2664 nos
867 2645 973 2672 sumus,
994 2638 1018 2665 si

226 2676 354 2709 ﬁduciam
369 2682 397 2705 et
425 2679 538 2714 gloriam
563 2680 621 2715 spei
652 2689 737 2716 usque
757 2682 790 2709 ad
809 2682 890 2710 ﬁnem
911 2683 1018 2711 ﬁrmam

226 2723 403 2753 retineamus.
418 2725 489 2760 Ergo
504 2725 530 2751 hi
542 2725 587 2760 qui
603 2726 788 2760 profecerunt,
801 2732 829 2755 et
840 2729 1019 2763 perfectiores

230 2773 306 2800 sunt,
330 2769 427 2797 domus
447 2770 506 2805 ejus
531 2771 602 2805 juste
625 2772 797 2806 appellantur
821 2782 827 2800 :
853 2781 902 2808 pro
919 2775 1021 2809 quibus

230 2814 400 2849 deprecatur,
416 2820 443 2843 et
458 2824 507 2851 pro
522 2817 596 2844 omni
613 2818 722 2853 populo,
740 2823 834 2853 utpote
858 2819 904 2853 qui
925 2825 1021 2848 nostra

269 2913 291 2929 “
306 2912 326 2941 ll
339 2914 402 2943 Cor.
422 2922 462 2949 ut,
478 2915 518 2942 l8.
556 2917 575 2932 ‘7
593 2916 658 2944 Luc.
677 2925 741 2948 un,
763 2916 804 2944 15.

1064 2317 1093 2340 et
1131 2312 1275 2339 reticulum
1304 2311 1416 2346 jecoris,
1442 2316 1595 2346 posuerunt
1625 2320 1709 2346 super
1737 2317 1858 2346 pectora.

1065 2358 1187 2393 Cumque
1202 2358 1313 2385 cremati
1328 2362 1421 2385 essent
1433 2358 1527 2392 adipes
1542 2366 1626 2392 super
1635 2358 1732 2390 altare,
1748 2364 1859 2392 pectora

1065 2411 1172 2437 eorum,
1190 2409 1217 2432 et
1233 2411 1324 2431 annos
1339 2404 1451 2441 dextros
1470 2405 1607 2438 separavit
1629 2404 1731 2434 Aaron,
1748 2404 1860 2431 cletaus

1067 2457 1158 2478 coram
1177 2450 1301 2481 Domino,
1317 2451 1387 2477 sicut
1401 2453 1568 2485 praeceperat
1583 2450 1608 2477 ei
1622 2449 1739 2485 Moyses.
1760 2459 1769 2475 ι

1103 2496 1186 2529 Cujus
1210 2495 1321 2530 ﬁgurant
1347 2503 1379 2522 ea
1408 2503 1469 2530 qua:
1495 2495 1566 2522 dicta
1600 2498 1664 2523 sunt
1690 2495 1820 2523 habeant.
1834 2499 1862 2522 ct

1066 2541 1296 2577 quemadmodum
1328 2549 1376 2576 pro
1412 2546 1525 2576 peccato
1563 2540 1657 2568 hircus
1689 2541 1862 2575 paenitentia:

1067 2587 1229 2615 sacriﬁcium
1255 2587 1398 2622 signiﬁcet,
1433 2587 1591 2614 holocausta
1619 2591 1709 2614 atttcm
1736 2587 1859 2613 cruciﬁxi

1067 2635 1301 2664 conversationem
1317 2643 1324 2661 :
1338 2634 1514 2668 Theologiam
1526 2641 1589 2660 vero
1605 2633 1704 2661 similia
1720 2645 1724 2659 :
1742 2633 1862 2660 salutare

1072 2687 1173 2712 autem,
1203 2689 1251 2709 sett
1277 2681 1453 2715 paciﬁcoruut
1485 2679 1662 2710 sacriﬁcium,
1694 2679 1775 2706 vitam
1801 2687 1863 2713 qua

1074 2737 1124 2756 nos
1148 2729 1253 2755 salvare
1276 2730 1374 2762 potest,
1395 2726 1477 2753 etiam
1505 2725 1680 2753 mediocriter
1701 2725 1861 2760 sapientes:

1074 2774 1269 2803 sacriﬁciorum
1277 2773 1412 2800 discussio
1421 2772 1589 2807 praecedens,
1603 2772 1761 2800 unctionem
1773 2779 1864 2798 sacer-

1075 2820 1147 2848 dotis
1171 2819 1299 2847 ostendit.
1325 2817 1394 2853 Ergo
1419 2817 1466 2853 qui
1496 2817 1578 2852 hujus
1603 2817 1751 2845 sanetionis
1778 2815 1864 2843 nescit

843 2917 865 2932 ⁸³
882 2917 968 2945 Exod.
985 2926 1040 2951 va,
1059 2917 1103 2946 15.
1137 2918 1158 2933 ⁸³
1175 2915 1256 2944 llcbr.
1274 2923 1313 2947 ιιι.
1330 2914 1357 2943 6.
