2052 3146
157 196 211 228 893

725 202 766 232 IN
785 203 1003 234 LEVITICUM.
1020 217 1054 222 —
1069 204 1143 236 LIB.
1159 205 1202 236 ΙΙ.

1729 204 1787 236 894

157 253 390 293 explanationem,
419 256 473 285 illic
500 267 562 286 cum
595 259 745 287 subtilitate
770 260 942 295 perquirens.
959 263 981 291 Α
996 261 1076 288 etiam
1092 261 1192 290 Paulus
1205 262 1348 290 intellexit.
1369 262 1438 292 Dicit
1452 269 1543 291 autem
1559 264 1599 292 sic
1617 272 1624 292 :
1639 263 1701 291 Volo
1712 264 1785 292 viro:

149 298 240 328 'etiam
270 301 329 330 haec
359 306 408 338 per
427 304 532 340 singula
558 306 635 333 sciet.
664 305 730 333 lllud
752 311 842 334 autem
869 315 944 334 nunc

157 348 313 375 necessarie
325 349 459 383 addimus,
483 351 571 378 sancti
586 351 703 386 Spiritus
720 352 748 380 in
764 353 942 381 Pentecosten

156 393 317 427 provenisse
331 395 548 429 descensionem,
563 405 624 425 cum
640 397 668 425 in
688 406 772 426 unum
789 398 942 435 congregati

155 442 251 466 essent
288 441 423 475 apostoli,
455 443 547 470 omnia
578 451 638 478 quae
672 445 822 473 secundum
855 446 942 482 legem

154 483 285 512 Ecclesiae
301 491 421 521 agerent,
436 487 589 523 signiﬁcare
603 490 784 518 consideravit
795 491 941 527 legislator,

154 535 229 558 recte
253 533 409 566 praecedere
435 535 585 563 sacerdotis
613 536 756 569 sacriﬁcia,
785 544 817 564 ac
842 538 942 565 deinde

154 577 304 604 subinferri
322 579 413 613 populi
433 581 583 615 przecepit:
598 586 705 616 oportet
724 583 797 610 enim
813 582 941 611 Ecclesia:

153 622 309 650 doctrinam
324 632 337 650 a
350 624 484 652 sacriﬁcio
498 625 633 661 Unigeniti
650 627 790 661 inchoare,
807 633 836 657 ut
854 629 941 657 intro-

153 668 289 695 ducantur
314 669 454 703 docentes,
481 672 545 706 quid
570 673 649 700 nobis
677 674 768 709 passio
798 671 940 703 Dominica

151 712 310 748 profecerit,
332 719 379 742 aut
401 716 566 745 contulerit:
591 722 672 753 atque
694 719 731 747 ita
755 720 941 749 subinferatur

153 765 244 785 sermo
256 759 436 793 paenitentia.
450 769 530 796 quem
539 770 635 791 omnes
647 765 750 799 utique,
762 770 791 793 ut
800 765 937 799 homines,

153 804 340 831 necessarium
368 805 511 834 habemus.
537 807 617 836 Unde
646 814 674 837 et
696 810 829 839 Dominus
855 819 938 839 unam

153 850 305 877 doctrinam
320 851 458 885 pradicat.
476 853 503 880 id
526 859 568 881 est
583 855 781 890 ptenitentiam,
797 860 938 893 totumque

151 896 290 931 perfectus
297 897 442 925 subinferri
450 901 680 934 eonversationes,
689 906 770 937 atque
777 901 937 939 theologiam

152 942 206 969 illis
221 943 446 977 permiscendas:
467 945 559 974 subdit
570 951 672 979 autem,
688 952 715 975 et
726 956 786 983 qua:
803 949 939 985 corrigen-

151 993 204 1020 tes,
229 989 288 1016 sive
316 989 391 1016 uncti
417 991 514 1018 salvari
539 1000 696 1028 possumus,
728 995 853 1029 quamvis
882 1002 937 1023 non

150 1035 317 1061 sublimiter‘
340 1044 544 1065 conversemur.
585 1037 614 1065 ln
648 1039 691 1066 his
723 1039 795 1067 enim
830 1045 938 1075 oportet

151 1080 302 1109 Ecclesiam
334 1083 510 1118 congregari,
547 1089 575 1112 et
609 1085 854 1113 manilestationem
889 1085 937 1113 Dei

150 1128 243 1164 glorire
255 1129 404 1164 suscipere.
416 1129 478 1158 Haec
490 1131 549 1158 sine
560 1131 642 1159 dubio
653 1132 749 1160 diebus
762 1132 937 1162 Pentecostes

150 1174 270 1201 maxime
282 1174 399 1210 agebant
413 1175 537 1211 discipuli
553 1176 672 1210 Domini,
698 1183 809 1213 propter
822 1180 893 1214 quod
908 1180 936 1206 in

150 1227 236 1246 unum
253 1224 319 1247 tunc
339 1221 446 1248 collecti
466 1226 552 1255 erant,
577 1223 649 1256 quod
674 1224 830 1252 manifestat
849 1225 937 1253 Lucas

148 1264 245 1292 dicens
258 1275 264 1293 :
279 1265 312 1293 Et
327 1267 389 1293 dum
403 1267 593 1301 complerentur
600 1268 657 1296 dies
666 1269 841 1303 Pentecostes,
858 1276 935 1298 erant

148 1317 238 1337 omnes
245 1310 326 1337 simul
341 1311 501 1338 unanimiter
511 1311 543 1337 ⁷⁸.
557 1311 627 1344 Quid
638 1316 728 1340 autem
744 1317 822 1340 erant
830 1312 934 1340 collecti

148 1363 239 1392 agere,
265 1356 317 1384 nisi
342 1363 374 1383 ea
399 1357 487 1384 modis
507 1358 645 1390 omnibus,
672 1365 733 1393 quae
754 1358 826 1386 dicta
850 1359 936 1386 sunt?

146 1400 216 1428 Nam
245 1401 297 1428 etsi
319 1402 408 1436 palam
428 1409 483 1429 non
516 1400 712 1436 praedicabant,
739 1408 766 1431 et
792 1408 934 1438 propterea

147 1447 222 1475 intus
236 1451 325 1479 erant,
339 1447 366 1474 in
376 1448 563 1482 superioribus
578 1448 713 1480 sedentes,
723 1451 839 1476 necdum
852 1449 934 1476 verba

146 1493 368 1524 disseminantes,
385 1493 442 1520 sive
464 1493 552 1527 palam
571 1493 724 1528 loquentes,
738 1493 801 1529 quia
818 1494 852 1522 de
864 1495 934 1522 ostio

147 1538 315 1566 tabernaculi
326 1538 475 1565 testimonii
486 1546 541 1565 non
552 1543 630 1566 erant
642 1539 710 1574 jussi
728 1540 830 1575 egredi,
847 1548 933 1576 usque

995 315 1071 334 orare
1085 308 1111 334 in
1125 308 1196 335 omni
1207 307 1273 339 loco,
1286 307 1400 336 levantes
1411 317 1494 343 puras
1506 317 1600 336 manus
1611 310 1643 336 “.
1654 309 1785 339 Tendens

993 350 1050 378 sive
1062 352 1156 379 levans
1178 360 1242 388 ergo
1269 361 1378 386 manus,
1394 354 1534 381 benedixit
1551 355 1611 381 illos
1630 363 1636 381 :
1654 355 1716 389 quia
1733 363 1787 389 per

993 396 1154 425 levationem
1166 406 1304 431 manuum,
1316 407 1364 433 per
1378 399 1528 426 orationem
1543 400 1680 432 videlicet,
1690 407 1781 426 sacer-

993 442 1069 470 dotes
1083 444 1183 478 popqu
1198 444 1372 471 benedicunt.
1399 443 1451 472 Sed
1466 444 1540 471 unde
1561 445 1779 472 benedictionem

992 493 1121 524 praestent
1134 489 1283 517 ostendunt
1297 491 1451 525 sequentia.

1027 532 1165 562 νεμεῖν.
1191 544 1200 561 ε
1219 535 1337 571 ingressi
1369 540 1460 563 autem
1496 536 1600 571 Moyses
1630 540 1657 562 et
1687 535 1778 562 Aaron

993 579 1194 608 tabernaculum
1232 581 1400 612 testimonii.
1433 585 1465 616 ζει
1501 581 1632 616 deinceps
1665 580 1777 615 egressi,

992 625 1191 653 benedixerunt
1207 627 1317 662 populo.
1338 636 1347 653 ι

1026 671 1207 704 Quamobrem
1227 673 1304 707 prius
1338 673 1364 700 in
1395 673 1599 700 tabernaculum
1626 673 1778 700 testimonii

991 716 1189 752 ingrediuntur,
1214 721 1241 745 et
1264 722 1356 753 postea
1384 718 1601 745 benedictionem
1622 718 1775 753 praestant?

989 765 1041 792 nisi
1053 770 1083 792 ut
1096 773 1150 792 non
1167 766 1331 800 ignoremus,
1345 766 1406 800 quia
1421 766 1455 794 de
1473 765 1632 801 intelligihili
1646 766 1776 792 taberna-

989 810 1060 842 culo,
1078 810 1205 837 videlicet
1233 810 1267 837 de
1287 811 1367 842 crelo,
1389 811 1605 838 benedictionem
1632 809 1777 845 proferunt

989 855 1153 887 sacerdotes,
1170 855 1294 882 dicentes
1310 856 1381 883 sicut
1395 856 1512 883 Paulus:
1527 855 1683 883 Benedictus
1695 855 1774 886 Deus,

989 905 1013 928 et
1035 900 1116 928 Pater
1142 900 1246 927 Domini
1268 901 1350 928 nostri
1372 901 1435 928 Iesu
1449 901 1557 934 Christi,
1582 902 1626 935 qui
1646 901 1776 927 benedixit

991 955 1036 974 nos
1051 947 1078 973 in
1097 947 1168 973 omni
1185 947 1361 974 benedictione
1380 947 1524 982 spirituali,
1546 947 1573 973 in
1587 946 1729 974 caelestibus
1748 946 1789 973 in,

989 991 1088 1019 Christo
1098 993 1131 1019 ".
1143 992 1200 1019 Hoc
1214 992 1285 1019 enim
1302 992 1380 1019 nobis
1396 996 1424 1019 et
1439 993 1498 1027 ipse
1513 993 1621 1019 tradens
1632 992 1775 1022 Dominus,

988 1039 1107 1072 quinque
1124 1045 1219 1073 panes,
1244 1042 1272 1065 et
1296 1045 1392 1065 rursus
1412 1043 1517 1073 septem
1536 1037 1713 1069 benedicens,
1740 1037 1777 1063 ad.

987 1083 1086 1110 emtum
1107 1083 1279 1117 respiciebat.
1295 1083 1349 1110 Cur
1376 1088 1467 1111 autem
1494 1091 1550 1111 non
1578 1084 1652 1110 solus
1671 1083 1772 1115 Aaron,

987 1128 1034 1155 sed
1057 1133 1085 1156 ct
1104 1127 1208 1164 Moyses
1230 1128 1409 1164 Synagogam,
1435 1136 1484 1156 seu
1507 1129 1635 1164 populum
1660 1127 1774 1154 benedi-

986 1173 1071 1201 cunt?
1086 1174 1136 1202 nisi
1154 1179 1183 1201 ut
1204 1174 1360 1205 discamus,
1380 1175 1442 1209 quia
1465 1182 1520 1201 non
1542 1174 1653 1210 propria
1672 1173 1774 1200 virtute

985 1221 1140 1248 sacerdotes
1150 1220 1368 1248 benedictionem
1378 1224 1518 1255 praestant,
1530 1220 1577 1247 sed
1588 1221 1650 1254 quia
1660 1219 1772 1253 ﬁguram

986 1266 1080 1293 ferunt
1101 1266 1217 1299 Christi,
1238 1271 1353 1301 possunt
1373 1270 1485 1301 propter
1511 1273 1573 1293 eum
1596 1265 1642 1300 qui
1666 1265 1692 1291 in
1707 1264 1774 1298 ipsis

984 1316 1036 1344 est,
1049 1317 1179 1347 praestare
1199 1312 1399 1340 benedictionis
1421 1312 1628 1347 plenitudinem.
1645 1310 1724 1338 Unde
1744 1314 1773 1336 et

985 1357 1099 1393 Moyses,
1115 1362 1210 1393 utpote
1238 1358 1281 1386 cui
1295 1359 1384 1394 imago
1410 1363 1453 1386 est
1479 1357 1585 1385 Domini
1609 1356 1711 1384 credita
1739 1356 1772 1383 ad

984 1402 1199 1430 benedicendum
1222 1408 1296 1431 recte
1313 1403 1566 1438 comprehenditur.
1585 1402 1638 1430 Sed
1664 1405 1692 1428 et
1708 1401 1772 1428 illud

983 1455 1031 1483 per
1056 1456 1087 1475 ea
1109 1456 1170 1483 quat
1189 1449 1260 1476 dicta
1282 1453 1355 1482 sunt,
1383 1449 1424 1475 lex
1448 1448 1580 1483 signiﬁcat
1604 1457 1610 1474 :
1631 1447 1693 1482 quia
1717 1455 1772 1473 non

983 1493 1070 1521 solum
1086 1494 1109 1520 is
1121 1494 1168 1528 qui
1179 1494 1363 1521 sacerdotium
1378 1494 1491 1521 sortitus
1507 1497 1559 1524 est,
1575 1493 1622 1520 sed
1637 1497 1664 1519 ct
1681 1492 1772 1518 omnis

981 1541 1072 1575 justus
1094 1540 1233 1569 Christum
1256 1541 1361 1568 habens
1384 1542 1410 1568 in
1434 1541 1590 1575 semetipso,
1614 1545 1641 1566 et
1660 1540 1771 1574 ﬁgurant

146 1583 211 1610 dum
237 1583 273 1610 de
307 1582 414 1611 excelso
449 1584 629 1611 induerentur
663 1583 780 1620 Spiritus
808 1586 930 1615 virtute:
947 1601 967 1629 ο
985 1585 1090 1613 Domini
1112 1586 1152 1614 sui
1176 1594 1225 1621 per
1247 1586 1346 1613 bonum
1373 1587 1619 1617 conversationem,
1642 1584 1772 1619 quemad-

147 1634 332 1657 vetumtamen
346 1630 373 1656 in
387 1629 542 1664 semetipsis
557 1631 619 1665 quia
633 1630 691 1659 haec
705 1632 830 1667 agebant,
846 1633 933 1660 mani-

147 1672 248 1700 festum
273 1677 331 1700 est:
345 1678 373 1701 et
388 1681 556 1708 quaecunque
578 1675 676 1702 decent
698 1675 858 1709 Ecclesiam,
873 1684 932 1704 me-

147 1719 226 1746 ditari
243 1727 297 1746 non
306 1720 449 1746 cessabant
460 1724 489 1746 ut
504 1720 591 1754 ipsum
602 1720 729 1748 videlicet
742 1721 769 1747 in
779 1721 933 1756 semetipsis

147 1764 281 1791 baberent
295 1764 445 1797 Christum,
463 1765 508 1800 qui
534 1770 576 1793 est
598 1770 680 1800 caput
695 1766 834 1794 Ecclesiae.
855 1767 932 1795 Unde

146 1812 173 1835 et
185 1808 324 1835 Matthiam
334 1808 366 1836 ad
375 1809 567 1846 apostolatum,
576 1817 636 1836 cum
646 1811 825 1839 concionatus
836 1811 933 1840 fuisset

146 1852 245 1887 Petrus
259 1858 287 1881 et
308 1855 495 1890 proposuisset
509 1855 607 1883 divinat
621 1856 769 1892 Scriptum
784 1858 932 1892 expositio-

147 1906 220 1932 nem,
246 1904 327 1935 atque
355 1901 518 1934 testimonia,
541 1905 613 1929 sorte
639 1908 846 1937 separaverunt.
870 1903 932 1930 Sive

148 1950 237 1972 autem
261 1945 428 1979 concionari,
451 1946 477 1974 id
496 1951 537 1974 est
559 1947 689 1982 populum
709 1947 857 1980 exhortari,
874 1949 932 1975 sive

147 1990 294 2024 prophetas
303 1990 485 2024 interpretari.
493 1992 611 2020 etcleros
618 1993 732 2023 sociare,
741 1993 931 2021 ecclesiastica:

147 2036 358 2071 dispensationis
373 2041 399 2064 et
413 2037 518 2064 ordinis
534 2037 594 2065 fuit.
609 2038 678 2073 Ergo
690 2038 862 2066 manifestum
879 2043 929 2071 est,

148 2082 209 2117 quia
232 2083 460 2117 quemadmodum
483 2083 510 2110 in
534 2083 670 2111 Ecclesias
699 2084 804 2111 collecti
833 2084 860 2112 in
879 2084 931 2112 illis

147 2127 242 2155 diebus
268 2132 355 2159 erant,
380 2131 452 2162 quod
481 2134 508 2156 et
532 2129 668 2165 legislator
691 2130 779 2157 modis
804 2131 931 2158 omnibus

147 2172 292 2207 signiﬁcari
319 2174 509 2207 considerans,
539 2179 740 2210 consequenter
764 2180 792 2203 et
812 2183 845 2203 ea
869 2183 931 2212 qum

145 2218 352 2252 subsequuntur
368 2219 470 2247 addidit
484 2229 490 2247 :

984 1631 1094 1658 modum
1108 1631 1211 1667 Moyses
1226 1632 1370 1662 exsistens.
1387 1632 1501 1658 idoneus
1512 1635 1554 1658 est
1569 1631 1601 1657 ad
1618 1629 1771 1657 donandum

983 1675 1211 1703 benedictionem.
1238 1675 1301 1702 llaec
1322 1683 1387 1711 ergo
1408 1675 1549 1710 discipulis
1565 1674 1669 1701 Domini
1689 1681 1772 1709 agell-

985 1721 1067 1753 tibus,
1098 1721 1209 1756 spiritus
1236 1721 1355 1754 advenit,
1393 1724 1504 1756 propter
1531 1719 1603 1755 quod
1630 1719 1773 1747 audiamus

984 1766 1137 1800 sequentia.

1018 1810 1099 1838 Vens.
1120 1812 1165 1839 24.
1201 1811 1414 1846 «Apparuitque
1443 1811 1527 1847 gloria
1560 1811 1665 1838 Domini
1694 1812 1769 1838 omni

984 1857 1160 1885 multitudini.
1187 1858 1220 1884 Et
1247 1865 1312 1884 ecce
1344 1857 1414 1893 ignis
1450 1865 1575 1892 egressus
1603 1865 1617 1883 a
1647 1856 1771 1886 Domino,

983 1903 1125 1930 devoravit
1148 1902 1347 1934 holocaustum,
1374 1906 1401 1930 et
1425 1902 1531 1937 adipem
1547 1902 1592 1936 qui
1610 1905 1667 1928 erat
1690 1908 1773 1934 super

983 1945 1076 1972 altare.
1104 1945 1180 1978 Quod
1212 1954 1273 1973 cum
1305 1946 1438 1973 vidissent
1465 1946 1564 1977 turbas,
1592 1945 1773 1974 Iaudaverunt

983 1990 1127 2017 Dominum
1145 1995 1254 2017 ruentes
1274 1991 1301 2017 in
1320 1991 1403 2018 facies
1421 1997 1496 2017 suas.
1516 2000 1524 2016 ι

1018 2035 1101 2062 Putas
1114 2041 1149 2063 ne
1172 2035 1261 2071 aliqua
1285 2035 1512 2070 interpretatione
1530 2035 1672 2070 praesentia
1690 2035 1771 2064 verba

982 2080 1143 2116 legislatoris
1175 2088 1244 2115 opus
1278 2081 1413 2108 habent?
1441 2081 1501 2116 Ipsa
1535 2088 1653 2115 namque
1681 2080 1771 2108 verbis

982 2127 1148 2155 cencordant
1171 2126 1225 2160 his,
1250 2135 1311 2162 quae
1336 2131 1400 2154 sunt
1418 2126 1452 2154 de
1473 2127 1594 2155 adventu
1610 2126 1728 2162 Spiritus
1743 2127 1772 2160 in

982 2172 1138 2208 apostolicis
1151 2172 1256 2200 actibus
1270 2173 1382 2207 scripta.

1017 2218 1146 2254 Apparuit
1161 2219 1239 2251 enim,
1255 2218 1350 2253 inquit,
1370 2219 1456 2254 gloria
1476 2218 1580 2246 Domini
1594 2219 1665 2246 omni
1680 2219 1771 2246 multis

179 2261 260 2290 Vens.
275 2263 320 2289 22.
338 2272 348 2289 ‹
362 2264 396 2291 Ει
418 2264 532 2292 tendens
549 2273 661 2294 manum
679 2270 772 2293 contra
786 2266 928 2301 populum,
947 2263 968 2292 ι)
982 2264 1076 2291 tudini.
1092 2263 1244 2297 Quomodo,
1268 2264 1341 2292 dicat
1367 2264 1479 2293 forsitan
1502 2265 1636 2300 quispiam
1647 2265 1771 2299 ‘iUtique

144 2307 284 2336 benedixit
307 2310 343 2336 ei.
360 2310 458 2345 Sicque
471 2311 613 2346 completis
628 2312 724 2340 hostiis
736 2320 786 2347 pro
805 2317 928 2348 peccato,

143 2358 170 2382 et
185 2354 364 2387 holocaustis.
380 2360 408 2384 et
423 2356 550 2390 paciﬁcis,
568 2357 716 2386 descendit.
734 2366 744 2383 ι

176 2399 300 2433 intende,
326 2401 389 2436 quia
414 2409 522 2430 omnem
552 2403 630 2430 nobis
657 2403 797 2433 evidenter
815 2405 928 2439 ﬁguram

141 2445 270 2475 Ecclesiae
299 2448 358 2475 vult
389 2455 551 2482 exponere:
580 2457 644 2476 nam
675 2454 817 2485 postquam
847 2451 927 2485 dixit,

141 2491 282 2521 descendit
293 2498 436 2528 postquam
451 2493 514 2521 fecit
523 2501 573 2529 pro
583 2499 704 2529 peccato,
716 2501 743 2523 et
753 2496 926 2530 holocaustis,

141 2543 169 2566 et
184 2539 320 2574 paciﬁcis,
341 2539 461 2567 ostendit
474 2540 537 2574 quia
555 2540 765 2575 eompletionem
779 2542 929 2570 sacriﬁcio-

141 2591 212 2615 rum,
231 2583 367 2612 intellexit
386 2584 583 2620 expositionem
607 2592 713 2618 eorum,
737 2589 764 2613 et
784 2591 928 2623 prepterea

140 2628 218 2661 dixit,
228 2629 371 2661 descendit,
385 2636 433 2664 per
442 2628 649 2656 descensionem
659 2629 825 2657 doctoralem
834 2630 926 2657 sedem

140 2673 297 2709 designans,
322 2674 356 2701 de
378 2682 432 2709 qua
447 2679 507 2709 post
533 2675 731 2710 expositionem
758 2676 926 2709 sacerdotes,

140 2720 239 2754 quibus
275 2720 360 2755 ﬁgura
398 2720 575 2755 intelligibilis
606 2721 697 2747 Aaron
732 2722 834 2749 credita
865 2727 926 2755 est,

141 2765 320 2797 descendunt,
346 2770 373 2792 et
395 2774 443 2799 per
465 2766 617 2794 orationem
641 2775 738 2794 manus
766 2768 799 2794 ad
828 2768 926 2795 calum

141 2809 240 2838 levant.
268 2810 452 2840 Elevationem
489 2813 562 2840 enim
591 2821 740 2844 manuum,
775 2815 927 2841 orationem

175 2898 271 2928 “Act.
289 2907 319 2934 tl,
338 2900 362 2928 l.
399 2902 418 2916 ⁷¹
439 2900 529 2929 lTim.
547 2910 575 2935 ιι,
588 2902 614 2930 8.
633 2902 655 2917 ⁷²
669 2901 690 2929 ll
704 2903 767 2930 Cor.
781 2911 798 2936 I,
815 2903 841 2930 5.

983 2309 1054 2341 talis,
1091 2310 1197 2344 qualem
1232 2310 1359 2337 Ezechiel
1392 2318 1475 2344 super
1512 2310 1650 2337 Cherubin
1684 2310 1770 2337 visam

981 2356 1135 2391 deSt-ripsit,
1149 2360 1196 2385 aut
1209 2357 1316 2391 qualem
1329 2356 1467 2388 Michaaas,
1482 2356 1524 2383 vel
1536 2355 1620 2382 Isaias
1634 2363 1770 2390 :quorum

981 2410 1052 2429 unus
1078 2402 1187 2437 quidem
1219 2402 1352 2437 Seraphin
1384 2402 1412 2430 in
1444 2402 1579 2433 circuitu,
1609 2401 1678 2428 alter
1705 2408 1771 2429 vero

979 2447 1117 2474 cmlestern
1132 2447 1282 2475 exercitum
1293 2448 1371 2475 vidit.
1386 2448 1440 2476 Sed
1453 2455 1624 2483 nequaquam
1640 2447 1690 2474 fuit
1705 2455 1769 2480 una,

978 2500 1039 2528 quat
1049 2493 1185 2526 omnibus,
1197 2497 1224 2520 et
1233 2494 1333 2528 ubique
1345 2493 1512 2529 spiritalibus
1530 2494 1655 2528 apparuit
1674 2493 1769 2528 gloria,

979 2539 1026 2566 sed
1045 2536 1203 2566 differentes
1218 2538 1346 2572 visiones,
1365 2544 1462 2574 utpote
1479 2538 1771 2574 incomprehensibilos

978 2587 1116 2621 praebebat
1141 2587 1315 2615 videntibus:
1332 2594 1453 2622 przesens
1480 2591 1570 2614 tamen
1596 2585 1692 2613 similis
1711 2587 1771 2617 erat

978 2632 1027 2664 illi,
1043 2632 1106 2667 quia
1127 2632 1306 2668 intelligibilis
1327 2640 1454 2668 egressus
1476 2637 1518 2660 est
1536 2632 1609 2668 ignis
1625 2639 1639 2659 a
1656 2631 1771 2659 Domino

979 2678 1023 2706 die
1035 2679 1221 2711 Pentecostes,
1239 2684 1351 2714 propter
1367 2679 1440 2714 quod
1452 2679 1507 2706 ait:

1014 2725 1145 2759 Apparuit
1158 2726 1241 2761 gloria
1254 2726 1370 2758 Domini,
1384 2729 1408 2752 et
1419 2733 1536 2760 egressus
1548 2729 1585 2752 est
1599 2725 1666 2760 ignis
1677 2732 1692 2751 a
1703 2724 1769 2752 Dea.

982 2770 1050 2805 Ergo
1082 2772 1108 2798 in
1143 2772 1233 2806 specie
1247 2772 1317 2807 ignis
1346 2773 1481 2806 apparuit,
1497 2770 1726 2806 quemadmodum
1742 2773 1771 2797 et

983 2815 1069 2844 Lucas
1084 2818 1195 2852 exponit
1210 2827 1216 2844 ι
1240 2818 1271 2844 Et
1290 2819 1375 2853 {actus
1390 2823 1427 2846 est
1441 2820 1472 2845 de
1485 2817 1548 2845 ca'lo
1567 2825 1646 2844 sonus
1660 2815 1769 2851 spiritu
