2052 3146
231 209 286 242 895

838 206 1019 237 IIESYCHII
1038 206 1275 237 PRESBYTERI

1814 204 1871 236 896

213 303 215 305 _
232 264 400 296 vehementis,
418 268 442 290 et
455 264 569 298 implevit
587 267 669 290 totum
683 263 793 292 domum
818 264 844 289 in
869 271 920 298 qua
947 267 1024 289 erant
1041 268 1062 292 Α
1077 263 1218 296 docentes,
1235 263 1322 299 punit.
1344 263 1376 291 lli
1395 270 1487 291 coram
1512 262 1627 290 Domino
1641 260 1806 293 tuoriuntur,
1824 261 1869 290 vi-

233 312 359 339 udentes,
371 315 394 336 et
404 310 465 336 visa!
475 315 536 336 sunt
545 310 597 336 illis
610 309 699 336 dit-ita:
715 308 826 344 linguw,
843 309 908 336 sicut
917 309 1024 344 ignis".

236 356 329 390 l’opuli
347 355 427 382 etiam
457 356 546 382 omnis
573 356 731 382 memoriam
771 355 910 390 legislator
931 354 1023 382 facit:

235 402 307 434 quod
323 406 351 428 ct
364 401 451 428 Lucas
463 402 514 428 ltot‘.
531 402 611 428 modo
626 401 735 434 exponit
755 409 761 426 :
774 400 806 426 lt't
819 406 894 427 erant
911 401 936 426 in
947 399 1027 427 Jeru-

233 445 474 472 salentlmbitantes
499 445 597 476 Judtct',
626 444 675 471 viri
703 443 831 479 religiosi,
851 445 883 470 de
908 444 1027 470 omnibus

234 491 353 524 gentibus
368 499 426 525 qua:
437 491 483 517 sub
497 491 559 517 caelo
567 495 637 517 sunt.
654 489 738 516 Facta
769 495 858 517 autem
886 490 934 517 Itac
955 498 1025 523 voce,

236 537 520 566 convenitmultitudo,
543 542 567 563 et
597 541 683 563 meme
714 538 823 564 confusa
850 541 887 563 est
900 537 935 564 ⁷⁸.
959 536 1027 569 Quia

236 582 309 607 cnim
326 590 379 608 non
392 583 478 608 solum
495 582 632 612 convenit.
663 581 713 609 sed
732 582 851 616 expavit,
869 587 896 609 et
908 582 966 617 ipse
976 582 1028 609 hoc

236 627 416 659 demonstrat,
429 628 522 654 (licens
539 636 546 653 :
569 628 793 659 Obstupuecbant
805 628 885 657 enim,
897 632 921 653 et
939 627 1027 654 admi-

236 671 375 704 rabantur,
392 673 440 698 scd
455 677 481 699 ct
495 680 577 707 super
593 673 690 700 faciem
719 673 888 704 ceciderunt,
901 672 950 699 etsi
972 680 1027 699 non

238 717 290 743 hoc
302 718 478 750 sonsibiliter,
499 723 588 746 tamen
605 719 814 755 intelligibiliter
829 718 1002 754 pertulerunt
1019 728 1025 745 :

238 771 292 790 non
309 765 381 791 enim
398 765 585 800 intelligebant
611 767 685 800 quod
701 767 800 793 factum
814 770 883 798 erat,
901 765 970 792 alter
979 773 1028 792 au—

238 813 293 835 tcm
309 810 341 836 ad
355 811 470 838 alterum
489 812 595 839 dicebat
608 819 614 837 :
647 812 735 838 Musto
749 811 820 846 pleni
833 815 893 838 sunt
903 811 940 842 Iu',
955 811 1028 845 quod

238 855 376 888 proprium
388 861 447 883 erat
463 856 489 882 in
500 861 598 883 terram
616 857 716 884 faciem
729 857 829 884 mentis
847 860 1027 891 prosternen-

238 901 316 927 tium.
335 902 403 934 Quid
421 907 510 929 autem
539 910 667 937 egressus
694 903 763 938 ignis
782 901 863 928 fecit?
883 900 1028 928 Devoravit

238 947 328 975 ornnia
346 955 406 982 qua:
423 951 501 975 erant
515 956 597 983 super
622 949 706 976 altare
731 948 949 976 holocautamata
966 967 974 979 ,
999 951 1028 974 et

238 992 343 1026 adipes,
359 1001 419 1027 qum
435 1001 468 1020 ex
481 994 615 1027 pacificis,
631 1000 660 1022 et
686 1002 734 1028 pro
749 998 860 1029 peccata
875 993 976 1024 oblata,
987 992 1028 1019 al-

238 1038 288 1064 tari
300 1039 470 1073 superposita
490 1044 578 1066 erant.
603 1040 698 1068 Tradit
725 1048 790 1076 ergo
819 1039 899 1069 nobis
925 1046 1026 1071 sermo,

236 1083 300 1116 quia
318 1091 431 1110 necesse
450 1084 485 1111 sit
500 1084 630 1118 praedicta
648 1085 789 1116 sacrificia,
806 1089 834 1111 et
855 1090 952 1110 eorum
979 1091 1028 1110 ex—

238 1129 388 1163 positiones
399 1137 589 1164 superponere
605 1130 768 1165 intelligibili
796 1129 876 1156 altari
899 1129 1026 1163 corporis

236 1174 349 1204 Christi.
364 1180 393 1201 ut
410 1175 443 1202 ad
457 1175 520 1202 illud
539 1175 652 1203 festinet
666 1179 759 1203 nostra
782 1175 907 1206 imitatio,
924 1178 951 1201 et
961 1178 1027 1200 tunc

237 1221 404 1247 nutrimenta
422 1221 603 1256 intelligibilis
620 1221 699 1256 ignis,
722 1221 748 1248 id
763 1224 806 1248 est
819 1220 932 1255 spiritus
948 1219 1025 1252 ﬁunt,

237 1267 271 1294 de
282 1275 336 1301 quo
349 1268 451 1294 dictum
463 1273 505 1295 est
519 1277 526 1294 :
541 1269 667 1295 Dominus
686 1268 753 1295 Deus
769 1273 873 1300 noster;
886 1267 955 1302 ignis
964 1275 1028 1293 con-

236 1319 340 1338 tumens
359 1317 397 1338 est
413 1312 446 1339 ".
461 1311 540 1340 Unde
555 1317 582 1339 et
596 1320 670 1339 nunc
683 1320 733 1347 pro
747 1313 883 1343 devorare,
901 1311 1026 1346 Symma-

237 1356 306 1383 chus
320 1364 471 1384 consumere
485 1358 581 1386 edidit.

550 1436 666 1463 CAPUT
686 1436 719 1463 Χ.

273 1488 355 1518 Vens.
373 1491 398 1518 1.
417 1502 425 1516 ι
440 1492 621 1528 Arrcptisque
639 1492 745 1524 Nadab,
756 1497 783 1519 et
795 1491 863 1518 Abiu
878 1489 1026 1517 liliiAaron

238 1536 397 1567 thuribulis,
417 1543 569 1572 posuerunt
582 1538 684 1573 ignem,
699 1542 726 1565 et
746 1537 888 1565 incensum
910 1535 1028 1567 desuper

238 1580 387 1608 olle-rentes
402 1590 492 1609 coram
510 1583 627 1610 Domino
643 1584 732 1617 ignem
751 1583 883 1614 alienum,
897 1579 970 1615 quod
985 1576 1026 1604 eis

239 1631 408 1661 praeceptum
422 1635 477 1654 non
495 1633 563 1655 erat.
583 1638 592 1653 ι
605 1628 655 1655 llic
677 1636 724 1655 cos
736 1627 781 1662 qui
798 1627 887 1654 aliena
915 1626 1026 1652 docent.

239 1671 287 1706 qui
305 1672 332 1699 in
348 1672 439 1707 ipsum
456 1672 586 1708 Spiritum
601 1674 649 1701 Dei
662 1674 862 1708 blasphemant,
878 1671 925 1707 qui
939 1670 1026 1705 inspi-

239 1722 327 1744 ratam
366 1718 402 1745 ab
436 1725 469 1745 eo
501 1718 667 1754 St-ripturam
699 1720 732 1746 de
762 1726 814 1753 qua
842 1717 879 1745 ait
907 1717 1027 1748 Paulus,

239 1762 331 1790 Omnis
365 1763 503 1799 Scriptura
536 1774 553 1792 a
585 1765 637 1792 Deo
670 1765 809 1799 inspirata,
842 1764 912 1790 utilis
940 1767 978 1790 est
993 1763 1028 1795 ⁷⁸,

239 1809 320 1836 aliter
352 1810 584 1845 interpretantur,
620 1811 776 1838 necessarie
806 1811 840 1837 ab
865 1809 1026 1844 intelligibili

241 1853 303 1888 igne
335 1854 425 1889 puniri
458 1855 551 1890 posuit
580 1864 586 1882 :
620 1856 667 1890 qui
702 1855 748 1882 lilii
787 1856 889 1886 Aaron,
918 1859 949 1882 ut.
977 1854 1026 1881 do-

239 1903 345 1927 ctorum
375 1900 508 1928 habentes
533 1901 667 1933 habitum,
698 1905 725 1928 et
759 1900 891 1936 spiritalia
929 1900 1028 1928 docere

241 1945 394 1980 tingentes,
436 1946 576 1973 dicuntur.
616 1946 693 1973 Unde
731 1951 758 1973 et
797 1946 895 1979 lingua:
932 1953 1027 1973 eorum

241 1991 464 2026 ignisappellata:
479 1996 563 2019 sunt:
587 1993 742 2019 audivimus
763 1992 875 2026 quippe,
908 1992 971 2027 quia
1000 1992 1028 2019 in

240 2037 330 2071 specie
347 2038 486 2072 ignearum
502 2038 655 2073 linguarum
682 2038 795 2072 spiritus
811 2038 931 2065 advenit.
954 2037 1028 2073 Thy-

241 2083 341 2110 ntiama
357 2089 448 2111 autem
464 2084 620 2116 thuribulis.
637 2084 681 2112 vel
693 2084 802 2120 ignibus
816 2084 970 2120 linguarum
981 2092 1029 2111 su-

242 2130 449 2164 peritnponunt,
468 2130 562 2164 legalia
580 2135 608 2158 et
630 2131 825 2165 prophetarum
840 2131 978 2166 dogmata,
994 2129 1029 2158 de

242 2174 341 2208 quibus
359 2173 478 2202 Ecclesia
495 2176 603 2202 Christo
618 2176 644 2202 in
660 2175 781 2203 Canticis
792 2175 962 2203 canticorum
987 2175 1029 2202 di-

242 2219 321 2245 cebat
338 2226 344 2244 :
365 2218 435 2246 Odor
447 2225 636 2254 unguentorum
648 2225 752 2248 tuorum
765 2229 844 2255 super
858 2221 947 2248 omnia
965 2229 1028 2248 aro-

243 2267 316 2290 mata
334 2263 367 2289 ⁷⁷.
389 2263 443 2291 Sed
462 2264 551 2299 ignem
568 2265 687 2292 alienum
703 2266 831 2297 offerunt,
855 2273 944 2300 neque
953 2266 1027 2293 enim

243 2310 393 2337 secundum
405 2310 597 2345 intentionem,
629 2316 677 2338 aut
698 2312 824 2339 virtutem
843 2311 962 2347 Spiritus
985 2312 1027 2339 in-

244 2360 438 2390 terpretantur.
458 2356 504 2383 llis
512 2358 652 2392 egreditur
671 2357 740 2393 ignis
754 2365 768 2384 a
788 2357 902 2385 Domino
913 2366 968 2385 non
979 2358 1030 2385 ab-

244 2401 340 2434 solute,
358 2402 446 2437 qualis
461 2403 548 2438 prius.
565 2403 615 2430 Pcr
632 2403 706 2430 illum
721 2403 794 2431 enim
821 2403 955 2431 sacriﬁcia
989 2404 1031 2431 in-

242 2449 336 2475 cendit
356 2449 498 2481 Dominus,
517 2453 544 2476 et
561 2449 646 2484 gloria
665 2450 771 2477 Domitii
800 2450 890 2478 dictus
912 2455 965 2483 est,
987 2451 1033 2478 hic

244 2497 335 2520 autent
353 2494 421 2528 ignis
439 2495 553 2529 pmnalis
561 2500 613 2522 est.
629 2496 780 2530 L‘trumquc
808 2496 882 2523 cnim
909 2496 1030 2524 Ecclesia

245 2537 337 2569 habet,
358 2538 432 2566 hunc
447 2540 556 2576 quidem
577 2540 611 2567 ad
629 2540 856 2568 illuminationem
881 2541 1030 2576 iustorum,

244 2584 430 2612 ctoblatorum
445 2586 639 2620 perfectionem
659 2595 663 2612 :
679 2587 753 2614 illum
768 2591 859 2614 autem
873 2587 906 2614 ad
923 2595 1031 2622 poenam

246 2629 392 2663 impiorum
410 2638 492 2665 quam
517 2631 560 2658 his
579 2631 624 2666 qui
654 2632 845 2667 blasphemant
875 2633 1032 2660 sacerdotes

245 2675 381 2708 indicunt,
399 2685 430 2703 ex
444 2677 697 2706 subministrationc
721 2679 848 2711 Spiritus,
865 2687 927 2713 quae
941 2679 967 2705 in
991 2679 1033 2706 eis

247 2721 405 2756 requiescit,
420 2731 482 2750 cum
496 2725 702 2752 succendentes.
720 2724 833 2759 Propter
843 2725 915 2760 quod
927 2725 1032 2751 etl’au-

247 2766 291 2794 ius
309 2766 342 2793 7‘.
355 2767 768 2802 llymencumctAlcxamlrum,
788 2774 817 2796 ut.
843 2770 896 2796 alia
928 2770 1033 2797 scilicet

285 2869 310 2884 ⁷³
327 2871 384 2896 Α‹·1.
401 2879 430 2901 It,
445 2870 490 2898 ‘27-.

249 2902 256 2906 _
285 2870 310 2884 "
327 2871 384 2896 Act.
401 2879 430 2901 It,
445 2870 490 2898 ‘27-.
530 2872 551 2887 τ’
568 2871 630 2898 ibid.
654 2870 680 2900 7i,
696 2870 723 2896 (ἶ.
771 2871 792 2886 ⁷⁸
809 2871 889 2898 llebr.
907 2879 956 2902 xu,
971 2871 1018 2897 29.

251 2903 271 2917 ,υ
292 2904 365 2917 1:..-)
396 2915 436 2917 μ.-
465 2908 495 2917 η.
550 2906 573 2917 ιιι
592 2906 663 2917 n.L..
693 2913 728 2917 _..
762 2906 788 2917 ιι
839 2906 858 2917 ιι
879 2905 938 2917 ll...l
968 2915 982 2917 _
1009 2906 1018 2917 ε

251 2904 271 2917 ³⁵
291 2904 376 2933 Exod.
396 2915 448 2939 xu,
465 2908 495 2934 21

550 2906 573 2921 ⁸⁰
592 2906 673 2934 Hebr.
693 2913 739 2936 xu,
760 2906 802 2933 ll.
839 2906 858 2921 ’“
879 2905 949 2933 l‘sal.
968 2915 994 2939 κ,
1008 2906 1035 2932 9..

1077 312 1159 338 dente
1173 312 1242 346 ipso,
1258 312 1326 339 etin
1341 311 1393 339 hac
1416 318 1463 338 eos
1482 313 1570 337 morte
1591 308 1804 340 condemnante,
1830 316 1867 336 ne

1077 357 1282 385 intitationcsui
1308 357 1370 385 aliis
1393 364 1503 384 causam
1537 354 1678 390 praebeant
1705 354 1812 381 mortis.
1834 353 1866 381 ln

1078 411 1132 438 quo
1147 407 1173 430 et
1189 403 1270 431 nimis
1280 401 1584 437 admiraturlegislator,
1598 408 1647 427 cur
1658 407 1691 426 ex
1706 407 1740 427 eo
1751 407 1806 434 quo
1818 399 1868 426 de-

1077 449 1195 477 buerant
1209 449 1264 477 vita
1279 450 1344 482 frui,
1362 449 1390 476 id
1413 454 1453 476 cst
1465 455 1557 475 coram
1577 446 1704 476 Domino.
1731 446 1869 472 sustinent

1078 500 1204 528 mortem,
1221 503 1302 530 quam
1317 495 1388 522 male
1417 495 1629 529 interpretantes
1644 491 1752 519 divinas
1779 491 1867 525 Scrip-

1079 546 1164 573 turas,
1180 541 1322 576 patiuntur
1339 551 1346 568 :
1364 541 1390 567 in
1408 547 1439 567 ea
1465 546 1495 566 re
1511 546 1543 566 ex
1567 545 1621 573 qua
1651 544 1700 564 eos
1725 536 1869 571 oportebat

1078 587 1296 615 benedictionem
1318 585 1478 622 promereri,
1509 582 1700 612 maledictioni
1721 590 1754 609 se
1779 581 1867 617 subji-

1078 633 1191 661 cicntes.
1205 631 1273 660 Vide
1289 636 1379 659 tamen
1394 630 1485 666 qualia
1500 628 1632 657 subdidit.

1113 678 1196 706 Vens.
1211 679 1237 706 3.
1252 687 1262 703 ι
1280 677 1407 711 Dixitque
1420 676 1526 711 Moyses
1553 673 1587 702 ad
1603 673 1693 700 Aaron
1712 681 1718 698 :
1743 671 1802 700 Hoc
1826 677 1869 698 est

1078 724 1152 759 quod
1168 723 1275 750 locutus
1298 727 1340 750 est
1359 721 1503 749 Dominus.
1531 718 1730 747 Sanctificabnr
1758 718 1786 744 in
1825 717 1869 744 his

1077 770 1123 805 qui
1138 769 1358 804 appropinquant
1367 767 1432 795 mihi
1441 772 1469 794 et
1481 767 1507 794 in
1518 770 1666 800 conspectu
1677 763 1766 791 omnis
1775 763 1868 798 populi

1079 815 1259 850 glorificabor.
1276 813 1354 846 Quod
1365 813 1480 840 audiens
1506 811 1698 843 tacuitAaron,
1721 818 1730 834 ι
1753 809 1810 836 sive
1839 813 1869 835 ut

1079 861 1160 893 LXX,
1177 861 1272 893 edunt,
1288 870 1296 886 t
1317 863 1348 887 et
1363 863 1545 894 compunctus
1558 861 1600 884 est
1621 857 1712 883 Aaron
1731 865 1740 882 ι

1113 907 1148 934 Ει
1178 906 1223 933 ubi
1255 905 1368 932 omnino
1386 904 1443 931 haec
1464 902 1549 930 Deum
1573 901 1674 929 dixisse
1689 899 1866 927 invenimus’

1078 951 1193 984 Quando
1204 950 1328 978 videlicet
1344 949 1424 984 Moysi
1439 949 1546 976 dicebat
1560 957 1567 975 :
1593 947 1758 974 Descendens
1775 951 1868 973 conte-

1078 1003 1150 1024 stare
1164 996 1332 1032 populumne
1347 997 1413 1031 forte
1425 994 1634 1029 appropinquent
1664 992 1699 1019 ad
1718 992 1814 1024 Deum.
1844 996 1868 1018 el

1078 1042 1157 1070 cadat
1172 1050 1204 1069 ea:
1229 1042 1266 1068 eis
1282 1041 1441 1067 multitudo:
1455 1039 1486 1066 Et
1502 1039 1650 1065 sacerdotes
1664 1038 1709 1072 qui
1725 1037 1856 1072 appropin

1078 1092 1159 1123 quant
1174 1087 1285 1114 Domino
1303 1086 1358 1113 Deo
1375 1085 1581 1119 sancti/icentur,
1592 1092 1622 1110 ne
1636 1084 1702 1118 forte
1717 1083 1822 1109 recedat
1834 1082 1867 1108 ab

1078 1135 1114 1162 eis
1143 1134 1268 1161 Dominus
1281 1133 1313 1159 τ’.
1342 1132 1406 1160 llaec
1430 1139 1494 1167 ergo
1506 1131 1557 1158 etsi
1579 1129 1670 1157 verbis
1687 1129 1721 1156 ab
1736 1128 1780 1156 bis
1806 1136 1868 1163 qua:

1078 1180 1149 1208 dicta
1175 1183 1249 1210 sunt,
1282 1178 1422 1209 dill'erunt,
1456 1182 1645 1204 verumtamen
1682 1174 1867 1201 intentionem

1077 1224 1166 1258 ipsam
1182 1222 1388 1250 immutabiliter
1407 1221 1518 1248 habent.
1537 1219 1670 1254 Praecepit
1687 1219 1759 1246 enim
1779 1226 1869 1253 popu-

1077 1268 1132 1295 lum
1159 1275 1212 1294 non
1241 1267 1429 1301 approximare
1466 1265 1529 1296 Deo,
1565 1267 1592 1291 et
1616 1269 1791 1298 cognoscere,
1813 1270 1868 1289 non

1076 1313 1305 1350 quemadmodum
1320 1313 1447 1340 invidens
1460 1312 1501 1339 cis
1529 1311 1675 1343 visionem,
1697 1311 1744 1337 sed
1760 1315 1789 1337 ut
1818 1309 1870 1336 im-

1077 1360 1213 1396 perfectis,
1228 1364 1256 1387 et
1271 1359 1361 1386 minus
1378 1363 1459 1385 tanta:
1484 1356 1726 1391 contemplationis
1756 1355 1869 1390 capaci-

1076 1406 1128 1434 bus
1148 1413 1271 1441 parcens.
1294 1404 1456 1432 Sacerdotes
1483 1408 1577 1430 autem
1616 1401 1871 1436 appropinquantes

1077 1451 1241 1479 sanctiﬁcari
1254 1451 1342 1486 jubet,
1367 1453 1394 1476 ut
1413 1449 1488 1484 digni
1510 1448 1543 1475 ad
1574 1447 1722 1474 videndum
1749 1451 1777 1474 et
1802 1454 1869 1473 con-

1078 1497 1263 1532 templandum
1283 1496 1379 1523 ﬁerent
1401 1495 1484 1522 Deum
1501 1493 1583 1528 :quia
1606 1500 1698 1520 veram
1724 1492 1868 1519 scientiam

1077 1552 1092 1571 a
1106 1544 1160 1571 Deo
1171 1550 1251 1571 nemo
1262 1546 1352 1577 potest
1363 1541 1422 1568 sine
1444 1539 1663 1568 sanctiﬁcatione
1694 1538 1868 1572 conquirere.

1054 1589 1193 1629 :Proptcr
1205 1588 1278 1623 quod
1299 1587 1399 1614 Paulus
1417 1594 1424 1612 :
1453 1585 1562 1617 Pacem,
1597 1583 1696 1618 inquit,
1729 1583 1872 1618 sequimini

1078 1644 1136 1663 cum
1151 1635 1280 1666 omnibus,
1292 1638 1315 1661 et
1326 1632 1539 1661 sanctimoniam,
1550 1631 1606 1657 sine
1618 1638 1669 1665 qua
1687 1637 1762 1656 nemo
1772 1629 1870 1655 uidet-it

1078 1680 1206 1707 Deum”.
1221 1679 1404 1713 Conspectum
1414 1675 1483 1710 ejus,
1500 1674 1711 1709 scientiamejus
1722 1673 1826 1703 dicens,
1844 1672 1870 1698 id

1078 1725 1183 1760 estejus
1190 1721 1447 1757 contemplationem
1453 1742 1459 1752 ,
1468 1719 1538 1746 unde
1546 1719 1701 1746 sacerdotes
1708 1716 1871 1744 sanctificari

1078 1769 1216 1806 prtecepit.
1232 1768 1298 1795 Vide
1306 1766 1442 1802 quomodo
1454 1765 1573 1792 minatur
1582 1764 1609 1791 in
1621 1762 1868 1798 subsequentibus.

1115 1814 1154 1842 Ne
1164 1816 1230 1850 forte
1241 1813 1343 1840 recedat
1358 1811 1391 1838 ab
1409 1811 1445 1838 eis
1471 1810 1609 1837 Dominus.
1628 1808 1656 1835 Id
1668 1813 1710 1836 est
1725 1815 1758 1834 ne
1785 1806 1872 1842 fugiat

1078 1859 1113 1887 ab
1124 1859 1164 1886 eis
1177 1866 1208 1890 ca
1224 1865 1284 1893 quae
1304 1857 1351 1884 Dei
1379 1860 1422 1883 est
1435 1854 1560 1885 scicntia,
1575 1853 1691 1889 perditio
1716 1852 1789 1880 enim
1816 1852 1869 1882 eis,

1079 1904 1200 1933 scientia
1216 1903 1345 1931 discessio
1359 1902 1397 1929 fit.
1409 1901 1461 1929 Sed
1471 1908 1592 1932 nuncea,
1602 1907 1662 1934 quae
1676 1899 1746 1926 sicut
1756 1906 1788 1925 ex
1805 1905 1870 1932 per-

1079 1958 1145 1978 sona
1155 1950 1201 1977 Dei
1217 1957 1264 1985 per
1273 1948 1383 1983 Moysen
1401 1947 1470 1973 dicta
1480 1951 1554 1976 sunt,
1568 1945 1649 1972 verba
1666 1943 1868 1979 aggrediantur.

1115 1995 1147 2022 Et
1159 1993 1343 2028 sancti/imber
1364 1993 1391 2019 in
1412 1993 1451 2019 liis
1482 1992 1526 2026 qui
1550 1990 1763 2025 appropinquant
1793 1988 1870 2015 mihi.

1080 2039 1328 2067 Sanctificationem
1365 2044 1440 2064 suam
1479 2040 1556 2063 vocat
1582 2034 1758 2069 profanorum
1776 2053 1784 2064 ,
1813 2033 1872 2060 sive

1079 2086 1213 2114 malorum
1224 2083 1458 2115 cmundationem,
1473 2082 1534 2116 quia
1550 2088 1651 2115 corpus
1676 2088 1727 2106 nos
1758 2079 1841 2106 habet
1861 2086 1868 2104 :

1079 2131 1201 2166 corporis
1213 2134 1304 2157 autem
1318 2128 1485 2159 emundatio,
1518 2127 1639 2154 sordium
1671 2124 1788 2160 abiectio
1817 2129 1870 2151 est.

1080 2176 1136 2204 Hoc
1150 2184 1214 2212 ergo
1237 2181 1266 2203 ut
1279 2176 1377 2207 bonus,
1391 2180 1418 2202 et
1433 2174 1495 2209 pius
1519 2174 1545 2200 in
1587 2173 1630 2200 his
1662 2171 1707 2206 qui
1741 2171 1872 2205 approxi-

1081 2227 1156 2250 mant
1172 2223 1207 2256 ei,
1221 2222 1370 2249 secundum
1405 2219 1608 2247 multitudinem
1636 2217 1762 2244 videlicet
1779 2216 1873 2244 scicn-

1081 2271 1136 2302 ῑίτιι,
1161 2269 1202 2297 vel
1217 2268 1366 2296 secundum
1379 2266 1486 2301 aliquod
1517 2264 1639 2292 divinum
1673 2262 1871 2294 ministerium,

1080 2319 1218 2350 operatur,
1235 2319 1264 2341 ut
1278 2321 1325 2348 per
1341 2314 1415 2348 ipsos
1428 2315 1539 2340 terreat,
1556 2314 1583 2338 et
1599 2309 1625 2336 in
1649 2313 1800 2343 conspectu
1828 2313 1873 2334 to-

1083 2362 1136 2388 tius
1149 2360 1240 2395 populi
1259 2358 1434 2394 glorificetur,
1450 2357 1476 2384 id
1492 2354 1533 2383 e'st
1557 2355 1684 2382 laudetur
1701 2357 1729 2381 et
1755 2352 1873 2380 manife-

1083 2411 1170 2435 stctur
1183 2415 1189 2433 :
1203 2411 1349 2440 utrumque
1361 2404 1434 2431 enim
1461 2400 1665 2438 glorificationis
1677 2399 1793 2426 verbum
1814 2406 1874 2425 ma-

1083 2452 1202 2481 nifestat.
1220 2456 1247 2478 et
1267 2458 1327 2485 qu;c
1337 2457 1369 2477 ex
1384 2449 1437 2476 hoc
1450 2448 1510 2474 laus
1539 2445 1597 2476 Dei,
1630 2449 1658 2472 et
1685 2443 1876 2471 manifestatio

1085 2497 1130 2524 sit.
1147 2497 1228 2523 David
1257 2495 1346 2522 dicit:
1380 2494 1448 2526 Quia
1472 2493 1560 2528 justus
1588 2491 1715 2518 Dominus
1739 2489 1874 2523 justitiam

1086 2544 1188 2574 dilexit,
1204 2543 1354 2578 (equitatem
1369 2541 1433 2568 uidit
1449 2539 1534 2566 rullus
1548 2538 1604 2572 ejus
1618 2537 1653 2563 ⁸¹.

1122 2588 1152 2615 In
1168 2588 1207 2614 his
1218 2587 1299 2613 tacuit
1308 2586 1405 2612 Aaron.
1424 2584 1486 2611 Sive
1504 2587 1533 2609 ut
1543 2581 1623 2613 LXX,
1651 2585 1819 2616 compunctus
1837 2585 1876 2606 cst

1087 2635 1186 2662 Aaron.
1208 2631 1326 2660 Ecclesia
1343 2630 1478 2660 videlicet,
1493 2636 1545 2663 qua
1572 2634 1672 2661 corpus
1697 2625 1876 2660 intclligibilis

1086 2681 1175 2706 Aaron
1193 2677 1310 2705 Ecclesia
1332 2680 1383 2708 est,
1397 2674 1468 2701 unde
1485 2674 1542 2708 ipse
1553 2672 1621 2699 dixit
1638 2679 1644 2696 :
1660 2670 1752 2701 Saule,
1781 2669 1875 2700 Saulc,

1087 2725 1149 2758 quid
1167 2733 1206 2751 me
1219 2722 1380 2758 persequeris
1390 2721 1425 2748 ".
1438 2720 1505 2748 Item
1521 2717 1664 2752 discipulis
1674 2716 1707 2743 de
1721 2715 1876 2749 suscipien-

1088 2771 1161 2800 tibus
1176 2777 1223 2798 cos
1235 2769 1301 2797 dixit
1317 2777 1324 2795 ι
1339 2767 1389 2800 Qui
1400 2775 1444 2794 vos
1463 2764 1581 2799 susripit,
1600 2771 1639 2790 me
1651 2762 1759 2796 suscipit
1775 2761 1809 2788 ".

1071 2871 1093 2886 ⁷⁸
1108 2870 1128 2897 II
1144 2870 1213 2897 Tim.
1231 2877 1270 2899 Ill,
1286 2869 1326 2894 lli.
1366 2867 1388 2883 "’
1400 2867 1479 2894 Cant.
1493 2874 1529 2894 iv.
1550 2866 1590 2891 10.
1642 2865 1662 2878 τ’
1681 2863 1689 2889 1
1707 2862 1777 2889 Tim.
1793 2870 1812 2894 t,
1829 2861 1875 2888 '20.

1071 2906 1093 2922 "
1114 2906 1161 2933 Act
1188 2913 1225 2937 ix,
1240 2904 1265 2931 4.
1302 2904 1324 2919 ⁸³
1339 2902 1462 2933 Harcnx,
1475 2901 1518 2928 36.
