2052 3146
151 187 204 219 897

723 187 764 217 IN
788 188 1009 220 LEVITICUM.
1030 201 1062 207 -ε
1084 190 1157 221 LIB.
1174 191 1215 220 ΙῘ.

1733 196 1787 229 898

190 254 198 270 ι
223 243 336 271 Vocavit
370 247 461 272 autem
491 243 596 280 Moyses
624 244 765 273 Mizaelem
797 249 825 272 et
862 245 946 273 Etisa-
963 250 983 276 Α
999 247 1164 278 moriamini,
1182 251 1210 274 et
1224 255 1306 283 super
1329 255 1439 276 onmem
1463 253 1565 277 emtum
1593 249 1699 278 oriatur
1714 250 1788 279 indi-

151 291 225 325 phan
253 289 322 318 filios
348 289 440 317 Ozibel
461 290 549 325 patrui
570 290 671 322 Aaron,
689 295 717 317 et
741 290 779 318 ait
806 291 839 318 ad
871 299 918 319 eos
938 302 943 319 :

153 336 202 367 ite,
230 335 316 362 tollite
327 336 425 363 fratres
440 341 547 363 vestros
569 337 603 364 de
620 341 770 371 conspectu
785 337 943 370 sanctuarii,

152 387 181 409 et
204 386 345 416 asportate
376 386 452 410 extra
490 387 589 410 castra.
622 382 774 417 Statimque
804 389 946 419 pergentes

153 428 274 455 tulerunt
296 435 343 455 eos
364 428 435 455 sicut
454 429 600 463 jacebant,
625 429 739 456 vestitos
776 429 855 456 lineis
872 430 945 456 tuni-

152 473 202 505 cis,
220 477 248 501 et
272 473 413 509 ejecerunt
428 473 509 506 foras,
526 479 556 501 ut
575 474 625 501 sibi
639 474 729 502 fuerat
741 474 913 510 imperaturo.
933 484 942 500 ι

187 519 229 546 Ab
246 519 290 546 his
311 520 357 553 qui
371 527 418 546 eas
431 520 583 554 ejccerunt,
609 528 656 547 eos
684 520 730 554 qui
747 520 857 551 sublati.
887 521 945 548 sive

151 565 231 599 ejeeti
246 568 322 597 sunt,
343 565 477 600 intelligo.
499 564 551 597 Qui
567 568 659 592 autem
673 565 793 594 fuerunt,
819 565 864 600 qui
882 573 944 592 sus-

152 608 298 635 tulerunt?
326 608 420 636 Mizael
437 613 466 636 et
494 608 653 643 Elisaphan,
679 610 736 636 sive
761 609 890 637 Misaddai
917 614 945 637 et

151 653 311 688 Elisaphan.
328 662 447 689 quorum
466 655 697 682 unusattrectatio
707 654 767 685 Dei,
779 654 804 682 id
821 659 863 682 est
880 655 943 682 Mis-

151 699 230 726 addai
249 708 256 726 :
275 699 421 734 Elisaphan
449 703 541 726 autem
559 699 605 726 Dei
619 700 670 726 mei
686 699 792 734 specula
807 700 942 735 interpre-

152 747 235 770 tatur.
245 743 406 779 Quicunque
415 752 478 779 ergo
495 745 545 772 scit
562 749 706 772 attrectare
723 745 818 776 Deum,
831 746 944 780 insuper

151 793 243 816 autem
271 794 299 816 et
323 790 468 824 speculari,
503 794 531 817 et
562 789 663 817 Christi
699 791 810 825 quidem
831 799 941 818 carnem

152 841 348 864 contrectare:
370 837 505 872 speculari
530 842 621 864 autem
651 845 700 872 per
723 838 817 865 oculos
841 838 942 865 mentis

152 883 419 914 divinitatem,sicut
432 882 552 909 Thomas
573 891 654 910 mantt
683 888 857 910 contrectans
880 892 940 911 car-

151 937 226 961 nem,
243 934 271 956 et
287 929 338 955 tide
350 929 496 964 spcculan‘s
507 929 689 962 divinitatem,
706 929 813 957 dicebat
829 937 835 956 :
851 930 937 957 Domi-

152 984 201 1003 nus
218 983 293 1002 metu
308 979 332 1001 et
355 975 424 1002 L’ens
436 983 509 1001 meus
520 975 553 1001 ⁸³.
570 974 718 1010 Hicignem
733 975 828 1003 alicnte
840 976 942 1003 doctri-

152 1029 194 1048 nm
207 1021 326 1054 auferre,
343 1026 371 1048 et
397 1020 497 1055 ejicere
518 1021 592 1048 illum
613 1028 674 1048 eum
699 1021 809 1055 tunicis,
836 1029 851 1048 a
875 1022 944 1049 facie

152 1072 310 1094 sanctorum
328 1071 431 1101 potest,
456 1067 519 1101 quia
547 1074 672 1102 ρρῐεοῐιξε
700 1073 855 1094 sanctorum
881 1072 944 1094 Slllil

152 1112 308 1139 sacerdotes
318 1120 324 1137 :
333 1111 431 1139 tunicae
441 1116 529 1138 autem
539 1111 722 1145 sacerdotum,
731 1112 902 1140 conversatio
917 1117 944 1140 et

153 1159 218 1190 vita,
240 1166 301 1193 quae
316 1158 342 1185 in
362 1157 506 1186 sacerdotii
519 1158 670 1185 induuntur
686 1158 871 1194 habitu.Ergo
882 1167 943 1186 cum

152 1204 319 1238 sacerdotio,
334 1204 406 1239 quod
426 1205 451 1231 ei
467 1208 540 1231 sorte
565 1204 686 1236 obvenit.
712 1212 727 1231 a
753 1204 878 1240 portione
902 1213 944 1232 sa-

153 1252 285 1279 cerdotali
299 1251 482 1286 expelluntur,
498 1259 553 1278 non
569 1251 656 1279 solum
676 1256 767 1279 atttem
782 1259 797 1280 a
815 1252 943 1280 sacerdo-

153 1302 221 1330 tum,
237 1297 285 1324 sed
295 1301 322 1324 et
334 1297 436 1332 populi,
451 1296 525 1324 unde
541 1297 643 1324 addicit
657 1307 664 1324 :

190 1342 275 1369 Extra
307 1341 518 1369 tabernaculum.
541 1342 762 1370 Tabernaculum
786 1343 858 1370 enim
885 1342 941 1374 Dei,

151 1387 283 1415 Ecclesiae
297 1388 414 1423 populus
423 1392 466 1415 est
485 1396 491 1414 :
508 1388 553 1415 lilii
566 1392 655 1415 autem
672 1388 760 1423 patrui
774 1389 875 1421 Aaron,
887 1389 943 1416 sive

152 1433 245 1460 fratris
259 1433 359 1466 Aaron,
378 1433 405 1460 hi
417 1433 530 1468 quihaec
540 1433 630 1460 facere
646 1437 770 1468 possunt,
790 1433 940 1460 rationabi-

151 1481 215 1507 liter
231 1479 420 1508 nominantur.
435 1480 462 1507 Si
478 1480 549 1507 enim
568 1485 645 1516 pater
661 1480 838 1515 intelligibilis
851 1481 943 1507 Aaron

152 1527 236 1554 David
252 1531 303 1559 est,
320 1531 348 1554 et
373 1535 422 1562 per
437 1535 499 1554 eum
523 1535 604 1554 omne
621 1535 720 1562 corpus
750 1528 943 1563 prophetarum

151 1573 284 1600 creditur.
298 1573 448 1607 Prophetiaa
461 1573 628 1608 quippeeum
646 1573 819 1600 manifestqu
829 1573 943 1607 faciunt,
957 1583 978 1612 α

151 1623 234 1654 atque
247 1618 449 1656 quodammodo
480 1619 669 1654 ignorantibus
691 1619 811 1654 pariunt.
845 1619 943 1648 Frater

151 1669 242 1692 autem
257 1672 401 1700 germanus
416 1668 453 1696 et,
470 1668 498 1691 ut
511 1663 547 1690 ita
558 1663 674 1697 dicatur,
694 1664 778 1692 frater
791 1665 942 1700 prophetiae

152 1709 328 1745 Evangelium
344 1714 406 1736 est:
422 1709 512 1736 omnia
546 1709 616 1735 enim
650 1717 710 1744 qua:
732 1710 760 1737 in
788 1710 942 1746 Evangeliis

151 1760 210 1782 acta
232 1760 308 1789 sunt,
320 1763 333 1782 a
346 1755 488 1790 prophetis
504 1755 634 1789 prredicta
655 1760 728 1782 sunt.
747 1756 941 1792 Propterquod

150 1799 314 1836 prephetico
325 1808 450 1828 sermone
459 1801 580 1835 adjuvari
587 1800 621 1827 ad
628 1800 776 1835 perfectam
785 1802 940 1836 scientiam,

150 1847 212 1881 quia
232 1847 317 1874 frater
327 1847 437 1874 fratrem
451 1847 592 1882 adjuvans,
609 1847 679 1874 sicut
694 1847 790 1875 civitas
804 1848 880 1876 firma
889 1849 942 1876 Pe-

152 1897 210 1920 trus
225 1892 373 1928 prmeepit;
395 1893 433 1920 ait
450 1893 523 1919 enim
540 1900 548 1920 :
568 1891 703 1919 Habemus
720 1893 863 1927 ﬁrmiorem
878 1902 941 1929 pro-

151 1939 283 1973 pheticum
298 1946 454 1970 sermonem,
467 1938 509 1964 cui
527 1938 680 1973 benefacitis
692 1938 941 1972 intendentes,sicut

152 1984 265 2011 lucerna!
273 1984 300 2010 in
316 1984 422 2010 obscuro
434 1984 499 2015 loco,
518 1991 598 2019 usque
613 1984 677 2011 dum
688 1984 743 2011 dies
760 1984 907 2018 ittuceacat,
916 1991 940 2012 et

151 2028 256 2063 Lucifer
268 2029 372 2055 oriatur
386 2029 413 2054 in
429 2027 550 2055 cordibus
565 2029 657 2056 vestris
668 2029 707 2062 '5;
731 2028 756 2056 id
789 2034 830 2056 est
854 2037 940 2064 usqtte

151 2073 213 2100 dum
229 2074 255 2099 in
273 2073 351 2101 vobis
366 2072 522 2108 evangelica
552 2074 666 2101 scientia
682 2074 792 2101 clareat.
806 2074 866 2101 Filii
885 2073 940 2101 fra-

152 2119 200 2145 tris
214 2119 300 2153 patris
313 2118 414 2152 Aaron,
431 2119 501 2146 bene
517 2123 543 2146 ct
558 2119 640 2146 nimis
654 2123 718 2154 apte
734 2119 773 2151 hi,
786 2118 831 2154 qui
855 2126 940 2146 evan-

151 2164 266 2198 gelicam
281 2165 518 2192 conversationem
553 2164 718 2197 didicerunt,
750 2165 889 2198 dicuntur,
914 2169 942 2193 et

153 2208 201 2234 hos
213 2209 261 2243 qui
277 2209 329 2236 alia
346 2210 457 2241 docent,
470 2217 585 2245 arguere
616 2214 643 2237 et
670 2210 814 2244 repellere,
846 2215 941 2245 utpote

998 293 1102 328 gnatio.
1128 293 1238 321 Fratres
1262 293 1355 327 vestri,
1385 298 1413 322 et
1425 294 1517 322 omnis
1548 295 1647 324 domus
1669 296 1788 324 ﬁliorum

998 338 1081 365 Israel
1099 339 1228 374 plangant
1247 339 1414 373 incendium,
1437 341 1511 375 quod
1523 340 1656 368 Dominus
1671 342 1789 369 suscita-

997 384 1112 412 vit.Vos
1125 390 1218 412 autem
1240 393 1295 412 non
1319 386 1479 422 egredimini
1506 386 1581 414 fores
1607 388 1787 421 tabernaculi,

996 430 1114 464 alioquin
1124 431 1257 465 peribitis,
1273 432 1362 459 oleum
1374 432 1475 467 quippe
1484 437 1585 459 sancta:
1601 433 1738 460 unctionis
1745 437 1788 461 est

996 484 1079 510 super
1085 485 1141 503 vos.
1151 476 1201 510 Qui
1210 476 1333 504 fecerunt
1342 478 1514 512 omniajuxta
1521 478 1786 514 przeceptumtdoysi.

1030 518 1091 545 Non
1108 519 1264 554 ignoramus
1278 520 1342 555 quid
1360 521 1473 556 cydares
1488 521 1644 556 signiﬁcent
1659 522 1788 549 sacerdo-

996 568 1065 598 tum,
1083 565 1188 593 scilicet
1198 566 1262 600 quia
1277 566 1368 593 omnis
1382 566 1435 593 viri
1460 571 1543 601 caput
1559 567 1695 600 Christus,
1705 571 1789 602 caput

994 609 1094 638 Christi
1117 616 1220 645 autem,
1230 612 1301 639 Deus
1319 622 1326 639 :
1340 612 1495 640 necessarie
1508 613 1614 648 cydaris
1625 613 1787 647 significatio

994 656 1193 690 quadammodo
1209 661 1251 684 est
1273 657 1353 684 simul
1382 656 1519 693 Unigeniti
1546 658 1734 688 humanitatis,
1760 662 1788 686 et

994 701 1145 729 divinitatis
1160 711 1166 728 :
1181 703 1233 730 hoc
1247 703 1320 730 enim
1335 707 1362 730 et
1386 711 1435 738 per
1444 703 1786 739 cydariscompositioncnt

993 748 1119 782 superius
1135 748 1393 776 demonstravimus.
1404 750 1475 784 Ergo
1492 753 1787 784 qum-oporteatcusto-

993 792 1051 819 dire
1068 793 1224 820 sacerdotes
1238 798 1265 820 et
1282 793 1409 821 doctores
1424 794 1554 829 praecepit
1571 802 1577 820 :
1591 794 1618 821 id
1634 799 1787 826 cst,utnec

993 837 1162 865 divinitatem
1179 838 1292 870 Christi,
1303 847 1354 866 nec
1385 839 1585 867 humanitatem
1602 844 1714 875 negent,
1734 847 1786 868 nec

993 883 1191 916 contradicunt,
1204 883 1267 918 quia
1281 883 1352 911 Deus
1367 891 1401 910 ex
1417 884 1484 916 Deo,
1499 884 1660 924 et-Verbum
1681 889 1723 912 est
1751 893 1785 913 ex

994 928 1082 955 Patre.
1102 927 1158 956 Hoc
1171 935 1211 957 est
1227 929 1300 956 enim
1320 930 1440 965 eydarim
1454 938 1508 957 non
1529 929 1638 958 auferre
1651 938 1666 958 e
1683 931 1785 965 capite.

995 975 1189 1002 videlicetnon
1207 976 1311 1003 nudare
1337 975 1624 1011 intelligibilicydare.
1653 976 1706 1004 Sed
1735 985 1788 1004 nec

995 1019 1231 1054 dispensationem
1267 1026 1395 1053 renuant,
1428 1026 1475 1049 aut
1504 1022 1706 1057 blasphement.
1734 1023 1787 1056 Qui

994 1067 1066 1093 enim
1079 1066 1182 1094 Christi
1194 1067 1425 1102 dispensationem
1437 1068 1639 1102 blasphemant,
1657 1069 1785 1096 sacerdo-

996 1112 1076 1139 talem
1094 1117 1224 1147 rumpunt
1239 1113 1334 1140 stolam
1351 1122 1358 1140 :
1383 1113 1445 1148 quia
1460 1121 1556 1141 omnes
1570 1114 1679 1149 quidem
1694 1115 1783 1142 homic

994 1165 1044 1184 nes
1057 1157 1102 1192 qui
1121 1157 1147 1184 in
1164 1157 1304 1185 Christum
1326 1158 1512 1191 crediderunt,
1529 1159 1616 1186 multo
1626 1160 1712 1195 magis
1735 1168 1786 1187 au-

995 1209 1048 1230 tem
1069 1203 1225 1231 sacerdotes
1244 1209 1307 1231 sunt
1323 1204 1367 1239 qui
1389 1204 1530 1231 Christum
1551 1204 1721 1233 induerunt:
1747 1206 1785 1233 si-

994 1249 1103 1284 quidem
1112 1250 1268 1284 quicunque
1283 1249 1309 1276 in
1320 1250 1428 1277 Christo
1445 1250 1573 1285 baptizati
1590 1258 1695 1282 sumus.
1706 1251 1786 1279 Chri-

995 1299 1065 1322 stum
1083 1295 1231 1328 induimur,
1253 1296 1312 1322 hmc
1339 1299 1451 1331 agentes
1466 1295 1633 1328 sacerdotes,
1652 1304 1703 1323 nec
1726 1304 1786 1323 mo—

994 1341 1108 1372 rientur,
1134 1349 1183 1368 nec
1212 1341 1415 1376 congregationi
1455 1341 1674 1376 superinducunt
1704 1342 1784 1370 iram.

995 1386 1204 1420 l‘rmpositorum
1219 1387 1290 1412 cuiut
1304 1386 1366 1413 vitia
1391 1385 1584 1413 oﬂ‘endiculum
1599 1389 1664 1412 sunt
1689 1387 1783 1420 subje-

995 1432 1093 1464 ctis,ct
1104 1432 1189 1459 multo
1201 1432 1285 1467 magis
1302 1432 1443 1459 doctorum
1462 1431 1604 1466 discipulis
1623 1439 1718 1459 eorum
1737 1431 1787 1458 irai

995 1477 1040 1504 Βιιὶ
1056 1477 1124 1504 fiunt
1135 1478 1252 1505 occasio.
1268 1477 1383 1512 Propter
1404 1477 1476 1512 quod
1503 1481 1531 1504 et
1547 1485 1656 1504 omnem
1672 1477 1784 1505 domum

994 1523 1088 1556 lsracl,
1109 1531 1218 1550 omnem
1242 1523 1368 1550 videlicet
1396 1522 1557 1556 Ecclesiatu,
1586 1523 1715 1558 plangere
1740 1523 1784 1550 in-

994 1566 1119 1593 cendium
1133 1574 1187 1601 quo
1198 1566 1301 1593 incensi
1312 1572 1376 1593 sunt
1391 1574 1406 1593 a
1420 1566 1474 1593 Deo
1485 1566 1543 1594 vult
1557 1575 1564 1593 :
1576 1567 1638 1601 quia
1653 1567 1782 1594 damnum

996 1611 1123 1639 Ecclesim
1151 1612 1233 1639 unius
1257 1612 1383 1644 membri,
1413 1616 1441 1639 et
1455 1612 1601 1646 cujuslibet
1628 1620 1707 1639 casus
1730 1616 1781 1644 est.

995 1662 1097 1693 quanto
1112 1658 1196 1693 magis
1212 1658 1365 1690 doctorum,
1403 1663 1430 1685 et
1443 1658 1614 1685 sacerdotum
1647 1658 1785 1692 perditio?

996 1704 1034 1731 Ita
1050 1709 1080 1731 ut
1095 1704 1194 1732 Paulus
1210 1705 1243 1732 de
1252 1712 1284 1731 eo
1293 1704 1340 1739 qui
1355 1703 1505 1731 fornicatus
1520 1704 1618 1736 fuerat,
1635 1704 1784 1732 Corinthiis

996 1749 1097 1776 scribat
1113 1757 1119 1775 :
1137 1749 1171 1776 Et
1181 1757 1225 1776 vos
1241 1749 1330 1784 inﬂati
1348 1749 1420 1782 estis,
1438 1753 1463 1775 et
1491 1756 1543 1775 non
1567 1749 1652 1784 magis
1684 1749 1783 1776 luctum

995 1795 1124 1822 habuisti:
1140 1795 1173 1821 ⁸⁷.
1188 1794 1214 1821 Si
1239 1798 1330 1821 autem
1356 1802 1411 1821 uno
1435 1802 1467 1821 ex
1491 1793 1593 1829 populo
1620 1794 1781 1826 fornicante,

995 1848 1104 1868 omnem
1131 1840 1279 1867 Ecclesium
1307 1840 1399 1875 lugere
1420 1840 1559 1875 praecepit,
1583 1840 1669 1866 multo
1697 1841 1783 1876 magis

995 1888 1103 1922 quando
1116 1888 1283 1921 sacerdotes,
1306 1892 1332 1915 et
1356 1889 1481 1915 doctores
1499 1888 1578 1922 impie
1592 1894 1713 1923 agentes,
1741 1889 1782 1915 vel

995 1934 1217 1968 blasphemantes
1237 1934 1423 1960 inveniuntur.
1439 1933 1486 1960 llis
1506 1935 1542 1960 ita
1557 1942 1585 1960 se
1605 1934 1782 1966 lta!.ettlibus,

995 1979 1060 2006 illud
1071 1979 1154 2013 quaeri
1167 1983 1284 2014 oportet,
1299 1979 1435 2013 quomodo
1449 1987 1510 2006 cum
1525 1987 1573 2014 per
1583 1979 1782 2013 pra‘cedcntem

995 2023 1175 2054 sanctionem,
1191 2028 1296 2058 septem
1308 2023 1380 2050 solos
1393 2023 1450 2050 dies
1470 2031 1524 2050 non
1539 2024 1630 2058 egredi
1641 2023 1674 2050 de
1692 2024 1783 2051 taber—

994 2071 1094 2099 naculo
1111 2071 1260 2099 testimonii
1276 2071 1462 2106 praecepisset,
1489 2071 1532 2098 his
1544 2071 1697 2106 completis,
1725 2072 1784 2099 luec

994 2116 1068 2145 enim
1078 2116 1106 2143 in
1119 2120 1213 2143 octava
1229 2115 1273 2142 die
1285 2120 1412 2151 aguntur,
1436 2123 1531 2142 rursus
1541 2116 1581 2143 eis
1593 2116 1696 2151 Moyses
1712 2124 1784 2151 pra--

995 2163 1076 2198 cepit,
1093 2162 1126 2190 de
1145 2162 1215 2189 ostio
1231 2161 1397 2188 tabernaculi
1417 2169 1472 2188 non
1497 2161 1608 2196 egredi?
1635 2161 1692 2189 Non
1719 2170 1785 2198 ergo

995 2208 1132 2236 contraria
1150 2208 1200 2235 sibi
1226 2208 1323 2240 sancit,
1359 2207 1406 2235 sed
1438 2207 1612 2234 manifestum
1644 2213 1685 2235 est
1711 2208 1784 2243 quod

152 2254 301 2288 perfectam
311 2254 442 2283 habentes
460 2256 614 2289 scientiam,
630 2255 785 2289 necessario
800 2260 865 2283 sunt
881 2255 939 2283 diS-
956 2256 979 2286 υ
993 2253 1076 2281 alium
1088 2253 1133 2280 hic
1148 2252 1188 2279 eis
1203 2259 1342 2287 egressum
1374 2252 1435 2278 ostii
1453 2251 1620 2278 tabernaculi
1635 2252 1783 2279 testimonii

153 2299 242 2333 positi.
270 2299 309 2326 De
320 2308 374 2334 quo
400 2300 519 2328 Joannes
534 2300 650 2328 dicebat.
675 2299 765 2327 0mm":
780 2301 825 2335 qui
843 2308 942 2334 prtere-

152 2346 199 2375 dit,
212 2350 236 2372 et
251 2354 303 2372 non
316 2351 402 2374 utanet
412 2347 439 2373 in
451 2347 570 2374 doctrina
586 2346 694 2378 Clu-isti,
716 2346 799 2373 Deum
824 2354 875 2373 non
892 2347 942 2373 Ita-

153 2391 201 2417 bet.
220 2390 272 2423 Qui
296 2397 384 2418 manet
401 2392 430 2419 in
444 2393 574 2425 doctrina,
586 2391 627 2418 hic
639 2397 661 2418 et
679 2391 765 2426 ﬁlium
790 2397 814 2419 et
840 2397 942 2426 patrem

153 2437 236 2464 habet.
254 2437 354 2473 Siquis
369 2439 437 2466 venit
453 2439 488 2466 ad
513 2447 566 2472 vos,
591 2443 614 2465 et
633 2439 701 2465 hanc
716 2439 864 2465 doctrinam
892 2447 942 2466 non

154 2483 253 2518 afferet,
268 2485 349 2511 nolite
365 2486 481 2519 recipere
496 2493 555 2512 eum
567 2485 594 2512 in
617 2485 734 2518 domum,
751 2493 796 2512 nec
806 2485 830 2512 ei
842 2485 942 2512 dixeri-

155 2527 305 2560 tis,Ave".
324 2528 395 2564 Ergo
421 2529 560 2565 proprium
584 2533 627 2556 est
649 2536 756 2560 eorum,
783 2528 830 2563 qui
853 2528 942 2556 edocti

154 2579 212 2601 sunt
229 2575 416 2610 evangelicam
432 2576 595 2607 doctrinam,
614 2583 662 2603 eos
677 2574 723 2610 qui
739 2575 892 2602 adulterina
915 2581 944 2603 et

155 2617 239 2645 aliena
261 2619 421 2654 praedicant,
438 2627 452 2646 a
469 2619 539 2647 facie
562 2623 717 2647 sanctorum
732 2623 759 2646 et
775 2619 942 2647 tabernaculi

156 2665 288 2699 expellere
306 2671 387 2700 atque
404 2666 548 2701 projicere.

189 2710 270 2738 Vens.
285 2710 312 2743 6,
327 2711 353 2739 7.
373 2720 383 2737 ι
401 2711 522 2739 Locutus
535 2717 579 2740 est
591 2712 696 2747 Moyses
711 2712 743 2740 ad
763 2712 853 2740 Aaron
867 2717 895 2740 et
908 2712 941 2740 ad

158 2757 274 2790 Eleazar,
288 2762 372 2794 atque
384 2758 417 2786 ad
432 2758 552 2786 Ithamar
562 2758 631 2786 ﬁlios
646 2758 706 2793 ejus
725 2767 731 2785 :
746 2757 841 2794 Capita
851 2762 941 2785 vestra

159 2801 237 2832 nolite
246 2804 352 2832 nudare
364 2808 392 2832 et
408 2804 569 2832 vestimenta
583 2804 668 2841 nolite
682 2804 817 2838 scindere,
826 2812 861 2832 ne
871 2804 941 2832 forte

996 2299 1127 2335 prtecepit
1138 2299 1285 2326 custodire.
1297 2297 1364 2325 Nam
1380 2297 1500 2324 addidit:

1035 2343 1066 2371 Ut
1082 2351 1132 2370 non
1145 2343 1308 2370 moriemini.
1323 2343 1403 2378 Atqui
1413 2343 1471 2370 lucc
1488 2350 1542 2369 non
1557 2342 1665 2377 scripsit
1679 2343 1705 2370 in
1735 2351 1783 2370 su-

996 2390 1149 2425 perioribus
1163 2397 1170 2417 :
1186 2390 1255 2426 Ergo
1268 2390 1454 2417 additamenta
1466 2390 1697 2422 comminationis,
1709 2391 1782 2417 aliud

997 2437 1135 2472 quidpiam
1156 2444 1185 2464 se
1205 2436 1327 2463 sanxisse
1354 2436 1537 2472 signiﬁcavit:
1567 2437 1629 2471 quia
1656 2437 1727 2463 enim
1753 2442 1783 2463 ut

997 2482 1086 2517 ignem
1096 2482 1189 2509 aliena:
1201 2481 1332 2509 doctrina:
1346 2482 1493 2509 offerentes
1505 2481 1613 2516 quidam
1627 2481 1785 2508 sacerdotes

992 2528 1143 2563 perierunt.
1160 2528 1227 2555 Aliis
1240 2535 1295 2555 non
1323 2528 1398 2555 exire
1411 2529 1523 2563 jauuam
1536 2528 1668 2560 scientiae,
1685 2527 1782 2555 videti-

993 2576 1037 2601 cet
1053 2572 1164 2607 Christi,
1179 2578 1206 2600 et
1220 2573 1374 2601 traditionis
1393 2573 1462 2607 ejus,
1487 2580 1538 2607 per
1552 2580 1584 2599 ea
1610 2581 1671 2608 qua:
1709 2573 1783 2600 dicta

993 2623 1058 2647 sunt
1070 2619 1209 2654 praecepit,
1227 2618 1254 2646 id
1266 2623 1307 2646 est
1322 2626 1378 2646 non
1389 2619 1540 2654 transgredi
1557 2626 1616 2646 eam
1635 2626 1715 2653 quam
1725 2619 1783 2654 ipse

994 2665 1131 2692 mandavit
1165 2665 1397 2700 praedicationem.
1434 2665 1481 2692 sed
1508 2665 1584 2700 sequi
1610 2665 1784 2692 Dominicum

995 2715 1162 2747 praeceptum
1174 2718 1223 2746 per
1238 2711 1328 2738 omnia
1346 2720 1352 2738 :
1371 2710 1411 2738 sic
1423 2710 1495 2738 enim
1514 2710 1703 2746 unusquisque
1728 2718 1786 2738 non

993 2758 1135 2786 morietur.
1151 2756 1207 2784 lloc
1220 2757 1409 2784 sacerdotibus
1425 2757 1566 2792 praecepit,
1576 2757 1675 2792 quibus
1683 2761 1714 2783 ut
1724 2764 1783 2783 ma-

993 2803 1363 2841 gistris,etpr:edicatoribus
1388 2804 1461 2831 verbi
1477 2803 1655 2832 ministerium
1666 2810 1698 2830 ex
1713 2801 1786 2831 dono

191 2890 300 2919 "loan.
319 2898 365 2925 xx,
384 2890 430 2920 28,
469 2891 492 2908 ¹¹
507 2891 529 2919 ll
544 2889 618 2919 Petr.
634 2890 706 2924 I,i9.
745 2890 768 2908 "
781 2890 890 2918 llJoan.
906 2890 933 2925 9,
951 2892 994 2919 i0.
1031 2892 1054 2908 ⁸⁷
1070 2891 1153 2920 lCor.
1174 2899 1200 2924 v,
1213 2890 1240 2918 ἓ.
